2055 3130
289 200 342 231 I79

947 202 1026 229 VITA
1045 202 1074 230 S.
1091 200 1266 230 GIIEGORII.

1867 200 1916 227 Ιδῦ

290 261 331 290 bit
343 262 452 289 virtutls
466 266 615 294 certanten,
629 266 656 288 et
670 262 702 288 ad
715 268 774 288 eam
791 262 1078 296 tneilationeut,quant
1095 266 1117 292 Α
1131 262 1192 289 haut
1202 263 1246 289 ἲ...
1260 262 1313 290 Sed
1325 263 1381 290 haec
1397 267 1490 297 optare
1507 261 1616 295 quidem
1634 259 1771 294 perfacile.
1788 260 1914 294 consequi

288 308 397 343 scriptis
422 308 527 342 legibus
553 315 586 334 ac
606 307 705 342 regulis
728 308 957 335 obfirmavimus‘!
974 318 983 334 ι
1012 309 1077 341 Qum

288 351 412 390 Grrgurii
430 353 511 380 verba
528 354 653 381 dubitare
681 361 734 382 non
757 355 852 382 sinunt
867 375 874 386 ,
888 355 953 390 quin
969 355 1002 382 ad
1028 355 1077 382 has

288 400 361 436 leges
375 400 535 435 regulasque
548 400 610 427 vita:
635 401 795 428 monastica:
815 401 974 428 scribendas
999 409 1075 428 suam

288 454 349 474 eum
378 446 476 474 Basilio
507 454 617 482 operam
646 446 800 475 contulerit.
830 447 906 480 Quod
937 447 964 473 ni
995 446 1077 474 fecis-

287 498 355 524 set,
381 498 456 520 certe
484 494 525 520 vir
555 493 695 521 modestus
730 493 763 520 de
795 499 825 520 se
855 500 908 520 non
937 492 1075 527 pradica-

287 543 338 566 ret.

286 595 389 624 LXVII.
414 595 472 622 Voti
487 605 591 629 compos
605 597 634 630 [it
656 595 799 631 Gregorius
811 617 819 628 ,
831 597 945 624 mediam
965 604 1074 624 corneus

406 632 474 658 viam
493 633 560 658 inter
574 632 748 658 anachoreta:
765 637 791 658 et
805 633 939 666 mygadea.

322 676 367 703 Sic
384 676 411 703 in
438 676 531 704 Basilii
561 677 728 704 monasterio
757 677 850 711 quiete
871 684 903 704 ac
929 677 1075 705 solitudine

288 722 441 750 fruebatur.
459 722 534 750 llanc
549 725 584 750 ab
605 722 683 750 initio
705 722 856 754 adamarat,
872 731 931 750 eam
945 724 972 750 in
985 725 1072 750 maxi-

285 769 337 796 mis
362 769 585 804 gravissimisque
620 769 750 804 periculis
780 769 835 796 Deo
860 775 982 797 voverat.
1015 770 1073 798 Voti

285 821 396 848 compos
418 814 505 841 factus
519 835 525 846 ,
542 813 658 841 mediam
677 815 806 849 carpebat
824 815 907 847 viam,
925 824 1007 851 quam
1024 818 1073 842 du-

287 858 349 887 dunt
370 862 460 888 animo
472 866 645 894 conceperat,
667 861 740 887 inter
763 861 942 889 anachoretas
952 883 959 894 ,
972 867 1000 889 et
1015 871 1074 898 nty-

285 906 384 940 gades;
398 913 459 932 cum
475 905 527 933 illis
539 906 675 938 meditari,
691 914 753 933 cum
770 907 829 934 istis
842 905 998 942 Scripturas
1012 916 1073 934 ver-

285 959 346 979 sare
360 957 386 979 et
402 952 461 979 aliis
481 953 627 986 prodesse;
645 959 707 979 cum
735 952 789 980 illis
802 953 995 988 contemplari,
1010 961 1071 980 cum
1088 948 1110 976 Β

283 999 346 1026 istis
361 1006 440 1034 agere
457 1004 572 1033 poterat.
590 998 705 1026 Psalmis
717 1019 724 1031 ,
751 998 869 1034 hymnis,
892 1000 1070 1031 orationibus,

283 1045 394 1080 vigiliis,
419 1045 531 1076 inedim,
546 1045 714 1072 meditationi
731 1044 933 1079 Scripturarum
957 1046 1001 1073 die
1025 1054 1071 1072 no-

284 1096 382 1124 cteque
407 1090 530 1119 vacabat.
554 1091 622 1124 Quid
649 1091 749 1126 plura?
770 1090 893 1118 Ilabebat
918 1092 989 1126 quod
1017 1096 1070 1118 tota

283 1141 375 1163 mente
390 1145 413 1170 ps
424 1136 513 1167 tieral,
528 1144 614 1169 eoque
628 1137 689 1163 vita:
699 1144 813 1172 genere,
831 1137 893 1164 licet
909 1138 1070 1172 asperrimo,

284 1182 325 1209 sic
342 1183 539 1214 oblectabatur,
557 1187 586 1208 ιιι
600 1182 716 1216 peractis
746 1183 771 1208 in
787 1190 820 1210 eo
838 1183 916 1209 annis
941 1184 1047 1210 duobus
1061 1203 1069 1216 ,

282 1235 313 1255 se
336 1237 345 1252 ι
365 1227 486 1254 nonnihil
511 1227 636 1262 attigisse
648 1228 719 1262 quod
733 1233 885 1262 optaverat,
901 1236 932 1255 ac
951 1229 1023 1255 velut
1044 1230 1070 1255 iu

280 1273 373 1301 limine
387 1282 446 1300 esse
469 1283 478 1299 ι
499 1274 571 1301 dicat
588 1274 647 1308 (al,
666 1282 676 1299 ‹
692 1278 773 1308 atque
789 1282 822 1301 ex
838 1274 896 1308 ipso
910 1280 992 1309 gustu
1009 1283 1068 1302 nta—

278 1319 339 1354 j0tc
363 1320 497 1347 desiderio
511 1321 657 1348 exarsisse.
676 1330 686 1346 ι
705 1320 751 1347 llis
769 1328 886 1356 namque
902 1322 991 1348 verbis
1016 1323 1069 1348 uti-

283 1371 327 1393 tur
347 1374 397 1401 pro
410 1374 454 1398 eo,
471 1375 523 1401 quo
540 1366 695 1393 solitudinis
717 1374 811 1394 amore
825 1366 972 1402 ﬂagrabat;
993 1367 1070 1402 cujus

283 1413 418 1440 desiderio
433 1413 470 1440 ita
488 1413 640 1444 tenebatur,
653 1417 683 1440 ut
699 1413 791 1448 plures
805 1415 887 1441 etiam
907 1414 972 1441 anni
988 1414 1070 1442 breve

281 1463 388 1493 tempus
401 1459 451 1486 visi
464 1459 587 1486 fuissent.

319 1515 434 1543 LXVIII.
452 1515 606 1548 Gregorium
620 1515 652 1541 ab
666 1515 746 1541 eremi
763 1515 863 1541 deliciis
879 1516 906 1541 in
927 1515 1033 1542 domum

387 1556 523 1584 paternam
541 1554 643 1576 revocat
658 1550 742 1584 pictus
757 1558 818 1584 ergu
831 1555 961 1584 parentes.

318 1595 392 1622 llaud
407 1600 494 1622 tatneu
510 1595 647 1622 credimus
661 1595 790 1622 tredecim
813 1603 908 1627 annos,
929 1602 956 1622 ut
976 1602 1068 1623 narrat

279 1641 304 1668 Β
326 1643 406 1672 linus,
420 1641 579 1676 Gregorium
592 1641 619 1667 in
639 1640 729 1667 Basilii
742 1641 908 1668 monasterio
929 1647 1064 1668 versatum

279 1687 363 1714 fuisse
376 1707 384 1719 ,
400 1687 424 1712 iu
449 1686 521 1721 quod
543 1694 573 1712 se
593 1690 734 1719 receperat
746 1693 817 1712 anno
837 1684 890 1712 558
902 1685 943 1712 vel
960 1685 1023 1717 559,
1039 1691 1067 1712 et

277 1739 310 1760 ex
337 1739 391 1766 quo
407 1737 548 1758 extractus
562 1735 604 1758 est
618 1738 690 1758 anno
705 1730 758 1757 360
770 1735 818 1757 aut
830 1731 879 1757 56l
894 1751 902 1763 ,
923 1735 952 1757 ut
966 1731 998 1758 ad
1022 1739 1067 1765 pa-

279 1784 349 1806 trem
366 1787 396 1806 se
413 1778 564 1811 conferret,
582 1779 627 1813 qui
649 1779 693 1806 tali
707 1779 807 1806 auxilio
826 1787 856 1806 se
869 1779 978 1806 destitui
994 1786 1065 1814 aegre

278 1825 442 1858 patiebatur.
458 1824 504 1852 Sic
520 1825 607 1859 pietas
617 1832 680 1859 erga
697 1829 833 1859 parentes,
850 1831 910 1859 quze
926 1832 1064 1852 reversum

279 1871 392 1898 Athenis
416 1870 576 1906 Gregorium
602 1869 732 1897 Naziauzi
760 1871 1004 1904 retinuerat,eum
1031 1871 1065 1897 ab

276 1917 360 1945 eremi
377 1916 480 1944 deliciis
497 1923 568 1950 tegre
584 1916 706 1943 avulsqu
726 1925 821 1944 rursus
841 1916 1007 1943 Nazianzunt
1023 1923 1065 1943 re-

275 1963 392 1990 vocavit.
409 1963 514 1989 Primus
531 1963 574 1989 hic
582 1962 704 1997 Gregorii
719 1970 842 1990 secessus
854 1963 887 1990 ab
903 1963 1000 1994 altero,
1017 1963 1062 1996 qui

275 2009 390 2044 contigit
403 2014 544 2043 postquam
559 2009 703 2044 presbyter
717 2013 827 2036 creatus
844 2008 905 2040 fuit,
919 2015 1064 2035 secernen-

275 2056 328 2083 Jus
346 2060 385 2081 est
400 2075 407 2088 ,
438 2060 464 2080 -ιι
477 2060 549 2081 recte
565 2055 711 2081 observant
732 2054 909 2082 Bollandistas
932 2054 1063 2082 adversus

275 2101 432 2131 Baronium,
448 2108 529 2135 quem
545 2100 626 2127 etiam
644 2100 779 2127 refellunt.

327 2144 421 2172 LXIX.
440 2144 594 2179 Gregorium
610 2152 732 2171 retiacare
749 2150 861 2171 conatur
876 2144 1007 2172 Basilius.

308 2191 470 2226 Gregorium
487 2190 651 2223 absentem,
667 2190 738 2218 datis
755 2192 788 2217 ad
807 2198 868 2218 eum
894 2191 992 2218 litteris
1007 2211 1015 2224 ,
1033 2191 1060 2218 in

273 2236 445 2264 solitudinem
461 2243 590 2263 revocare
601 2241 717 2264 conatus
728 2241 770 2263 est
787 2236 913 2270 Basilius,
932 2238 975 2265 cui
991 2238 1058 2265 ami-

272 2291 321 2309 cus
338 2283 487 2316 rescripsit.
517 2282 586 2309 Hine
607 2281 708 2315 jocosat
732 2282 786 2310 illa:
811 2284 952 2318 utriusque
964 2284 1061 2311 litterm

273 2328 344 2354 ultro
356 2328 478 2362 citroque
491 2328 560 2355 datae
580 2336 587 2354 :
604 2328 726 2363 Gregorii
746 2329 877 2356 laudantis
890 2337 966 2356 suam
979 2330 1059 2357 Tibe-

271 2380 375 2404 nnaut,
392 2377 419 2400 et
432 2372 558 2401 Ponticas
572 2374 654 2401 silvas
672 2375 874 2408 posthabentis;
890 2375 981 2402 Basilii
995 2383 1059 2402 vero

269 2419 422 2447 cavillautis
437 2419 594 2446 Tiberinam
609 2439 616 2451 ,
631 2425 658 2446 et
672 2419 800 2447 Ponticas
814 2421 973 2448 solitudines
988 2421 1058 2448 cele-

269 2466 387 2493 brantis.
415 2465 468 2492 Sed
484 2467 609 2499 quamvis
629 2466 769 2501 jocaretur
795 2467 962 2502 Gregorius,
976 2475 1057 2503 quam

269 2513 390 2539 ntaxituo
406 2517 496 2538 tamen
513 2511 614 2539 relicta:
626 2512 781 2541 solitudinis
806 2514 942 2541 desiderio
965 2522 994 2542 se
1019 2519 1057 2541 te-

269 2559 326 2586 neri
338 2558 512 2586 dissimulare
529 2567 583 2586 llOlI
595 2560 692 2594 potuit,
711 2560 807 2595 hisque
822 2560 913 2588 verbis
932 2561 1057 2588 declara-

267 2605 308 2632 vit
320 2605 377 2640 ((2):
396 2615 406 2631 ι
423 2605 488 2638 Qum
502 2606 536 2632 de
561 2605 674 2633 Pontica
701 2607 961 2635 commemoratione
982 2607 1056 2641 prius

267 2652 418 2679 scribebant:
432 2672 439 2683 ,
450 2651 523 2685 joco,
541 2660 594 2680 non
608 2653 681 2680 serio
700 2653 855 2681 scribebam
871 2663 878 2680 :
894 2662 954 2689 quae
967 2660 1055 2681 autem

267 2705 339 2725 nunc
351 2698 453 2730 scribo,
463 2700 608 2726 admodum
621 2699 693 2726 serio
708 2699 809 2726 scribo.
823 2700 890 2733 Quis
903 2708 946 2728 me
962 2708 1057 2728 secun-

267 2744 330 2770 dum
345 2746 521 2779 pristinorqu
539 2745 646 2772 illorum
661 2745 764 2772 dierum
781 2751 880 2773 statum
898 2747 1055 2778 constituet,

266 2789 294 2817 in
309 2791 407 2824 quibus
428 2798 477 2825 ego
497 2797 585 2818 tecum
601 2791 774 2819 alllictionem
787 2800 836 2827 pro
853 2792 956 2820 deliciis
973 2793 1056 2820 habe-

305 2861 342 2894 (ιι)
358 2860 404 2887 Or.
417 2861 444 2889 ἓ.
461 2870 486 2887 ιι.
500 2861 527 2888 6.

303 2899 340 2924 ιω
357 2896 402 2930 Iip.
422 2897 455 2924 al.
473 2897 499 2922 9.

303 2932 339 2963 ιε)
350 2932 440 2958 Carm.
462 2930 500 2958 Dc
515 2933 565 2960 rita
579 2940 638 2964 una,
655 2940 680 2960 v.
697 2932 758 2960 55L

1130 313 1220 335 autem
1235 316 1288 336 non
1303 308 1414 343 perinde
1430 307 1518 335 facile.
1533 308 1605 334 Attu
1621 306 1686 333 mihi
1702 306 1830 332 adesto...
1840 305 1917 339 Equi-

1128 353 1189 380 dem
1206 353 1304 387 ipsete
1324 353 1410 389 magis
1431 360 1512 388 quam
1529 359 1620 379 aerem
1636 351 1721 386 spiro,
1737 350 1818 385 idque
1829 351 1914 378 solum

1127 398 1200 431 vivo,
1211 399 1282 434 quod
1301 403 1389 427 tecum
1406 406 1466 426 sum
1481 419 1489 430 ,
1507 398 1548 425 vel
1563 403 1667 430 coram,
1689 396 1731 423 vel
1746 396 1846 424 absens
1870 404 1917 431 per

1128 444 1210 470 animi
1226 443 1415 471 simulacrum.
1437 452 1446 468 ι

1128 498 1211 530 LXX,
1230 498 1323 526 LXXI.
1344 497 1483 533 Presbyter
1494 501 1646 533 creatur,_et
1661 496 1730 533 fugit
1745 496 1771 521 in
1789 494 1914 533 Pontum.

1164 533 1312 560 Rettertitur
1331 534 1365 560 ad
1384 531 1453 559 diem
1480 533 1575 567 {etiam
1601 531 1728 563 Pascha,
1754 531 1916 564 primumque

1162 568 1239 595 liabet
1254 569 1411 596 orationem.
1435 567 1467 594 In
1480 566 1594 602 longiori
1613 572 1714 602 postea,
1741 566 1811 600 fugit
1827 571 1850 591 et
1876 573 1916 590 rr-

1161 604 1232 631 ditus
1247 605 1374 631 rationem
1395 602 1518 630 reddidit.

1161 649 1248 677 Citius
1264 655 1355 677 tatttcn
1366 670 1374 681 ,
1387 657 1467 683 quatit
1482 656 1543 683 spes
1560 652 1618 675 erat
1629 667 1637 679 ,
1650 647 1676 674 id
1696 650 1857 674 consecutus
1873 651 1915 672 cst

1127 694 1286 729 Gregorius.
1305 694 1371 721 Cum
1390 694 1461 720 enim
1477 701 1543 720 suus
1560 701 1621 719 eum
1649 697 1724 726 pater
1744 691 1858 718 invitum
1883 698 1915 717 ac

1126 741 1306 768 reluctantem
1322 740 1514 776 presbyterum
1537 744 1658 766 creasset
1674 759 1681 771 ,
1698 738 1747 765 hac
1759 736 1913 773 tyrannide,

1124 787 1163 813 sic
1177 786 1249 812 enim
1267 785 1384 820 appellat
1400 786 1453 819 (c),
1469 782 1587 812 oﬂensus
1600 804 1608 815 ,
1627 783 1660 811 ad
1677 781 1804 811 Basilium
1821 790 1914 809 recur-

1130 832 1175 863 rit,
1193 835 1247 858 tutu
1274 836 1302 857 ut
1319 831 1439 858 dolorem
1454 838 1532 857 suum
1551 829 1630 857 amici
1647 829 1788 864 colloquiis
1803 827 1912 859 leniret,

1127 882 1181 903 tum
1201 877 1281 903 etiam
1299 881 1326 903 ut
1344 876 1407 910 quid
1421 875 1473 904 sibi
1495 875 1627 911 agendum
1645 880 1719 902 esset
1734 882 1794 902 cum
1809 883 1842 901 eo
1867 874 1914 901 de—

1130 922 1267 949 liberaret.
1293 922 1360 948 Eunt
1389 921 1518 949 vicesima
1531 921 1625 956 quinta
1651 920 1826 951 Decembris,
1854 928 1913 953 quae

1124 965 1225 993 Natalis
1253 972 1313 993 erat
1337 966 1443 993 Domini
1459 966 1516 993 dies
1528 986 1536 999 ,
1551 966 1704 993 ordinatutn
1724 965 1819 996 fuisse,
1831 970 1911 998 atque

1124 1012 1151 1039 in
1174 1011 1290 1040 Pontum
1312 1012 1417 1047 fugisse
1431 1012 1475 1040 die
1489 1011 1560 1040 festo
1577 1011 1720 1038 Luminum
1733 1032 1740 1044 ,
1757 1011 1802 1046 qui
1818 1012 1911 1046 paucis

1123 1063 1184 1092 post
1205 1058 1302 1086 diebus
1316 1058 1483 1090 celebratur,
1497 1058 1665 1084 arbitramur
1686 1065 1746 1084 cum
1772 1057 1867 1084 Niceta
1885 1063 1913 1084 et

1123 1103 1314 1131 'l‘illemontio:
1329 1103 1558 1145 sed'brevissimo
1577 1108 1638 1138 post
1661 1108 1781 1136 tempore
1804 1103 1829 1130 in
1858 1111 1910 1138 pa-

1122 1150 1202 1177 triam
1219 1157 1343 1177 reversus
1367 1154 1429 1182 est,
1444 1156 1539 1184 nempe
1555 1149 1589 1175 ad
1609 1149 1679 1175 diem
1701 1148 1821 1176 Paschaa.
1834 1149 1913 1176 Unde

1122 1196 1149 1222 in
1174 1196 1298 1223 oratione
1322 1203 1402 1230 quam
1419 1195 1523 1227 habuit,
1541 1205 1551 1220 ι
1572 1195 1740 1230 Mysterium,
1759 1195 1910 1229 inquit”),

1122 1241 1198 1267 unxit
1215 1248 1258 1268 me
1276 1249 1283 1267 :
1301 1241 1431 1276 mysterio
1448 1240 1585 1274 paulisper
1601 1240 1671 1267 cessi
1687 1260 1694 1272 ,
1709 1245 1739 1266 ut
1759 1247 1801 1266 me
1824 1240 1910 1273 ipsum

1122 1286 1283 1320 inspicerent
1301 1291 1326 1313 et
1350 1286 1518 1320 explorarent
1532 1294 1538 1318 ;
1553 1293 1615 1313 cum
1629 1286 1757 1320 mysterio
1775 1286 1856 1312 etiant
1873 1286 1912 1313 si-

1122 1332 1178 1359 ιιιυι
1189 1333 1307 1361 iutroeo.
1321 1342 1330 1358 ι
1347 1331 1449 1365 Quibus
1465 1331 1554 1359 verbis
1573 1331 1719 1366 significat,
1731 1339 1761 1359 se
1773 1331 1816 1359 die
1830 1330 1911 1363 festo,

1120 1385 1180 1404 cum
1206 1383 1314 1405 creatus
1333 1377 1427 1404 fuisset
1441 1377 1592 1413 presbyter,
1612 1378 1767 1405 discessisse
1783 1400 1790 1410 ,
1816 1382 1844 1404 et
1866 1378 1912 1404 die

1120 1424 1202 1450 etiam
1216 1423 1286 1450 festo
1303 1424 1427 1451 rediisse.
1447 1424 1522 1457 Quod
1541 1432 1640 1451 annum
1666 1428 1770 1458 spectat
1785 1445 1792 1456 ,
1810 1425 1832 1451 is
1847 1428 1908 1450 erat

1120 1468 1190 1501 56%;
1208 1469 1231 1496 si
1243 1469 1351 1504 quidem
1365 1468 1488 1496 Julianus
1513 1469 1632 1496 nonduttt
1655 1470 1681 1495 in
1708 1469 1908 1503 Cappadociam

1120 1520 1248 1546 venerat,
1262 1523 1312 1542 nec
1327 1523 1353 1542 ιιι
1368 1514 1538 1542 Christianos
1552 1515 1709 1542 adhibuerat
1732 1522 1792 1542 eam
1808 1514 1907 1542 cru-Je—

1124 1562 1228 1589 litatem
1242 1582 1249 1594 ,
1267 1561 1344 1595 cujus
1359 1561 1493 1589 horrenda
1514 1561 1624 1596 reliquit
1639 1561 1804 1588 monimenta
1819 1561 1844 1588 in
1863 1569 1906 1588 re-

1121 1608 1268 1642 gioultus,
1295 1615 1363 1641 quas
1393 1607 1627 1642 Constantinopoli
1653 1607 1789 1641 profectus
1817 1615 1910 1634 mense

1120 1653 1190 1682 Maio
1201 1661 1271 1680 anno
1287 1653 1350 1686 562,
1363 1654 1535 1681 Antiochiam
1553 1658 1659 1687 petens,
1677 1653 1910 1688 peragravit,qui-

1119 1699 1170 1726 bus
1185 1705 1276 1733 postea
1290 1699 1428 1726 cumulum
1444 1699 1471 1726 in
1483 1698 1597 1726 Oriente
1611 1699 1750 1733 imposuit.
1762 1698 1909 1732 Gregorius

1120 1753 1236 1779 namque
1251 1746 1278 1772 in
1293 1744 1465 1780 Apologetico
1480 1766 1488 1778 ,
1513 1752 1594 1780 quem
1611 1745 1722 1779 scripsit
1736 1765 1743 1777 ,
1760 1745 1803 1772 vel
1819 1745 1908 1772 decla-

1119 1790 1213 1823 mavit,
1228 1797 1368 1826 exponens
1385 1797 1454 1825 quas
1467 1790 1503 1818 ob
1513 1797 1621 1824 causas,
1637 1795 1781 1826 postquam
1795 1790 1908 1825 presby-

1119 1840 1160 1864 ter
1174 1841 1282 1864 creatus
1307 1836 1398 1864 fuerat
1410 1856 1418 1869 ,
1441 1836 1467 1863 in
1485 1835 1601 1864 Pontum
1616 1836 1748 1871 fugisset,
1761 1844 1793 1863 ac
1812 1844 1908 1863 rursus

1119 1881 1283 1908 Nazianzum
1298 1882 1434 1914 rediisset,
1450 1882 1508 1909 haec
1521 1882 1553 1909 de
1568 1880 1674 1910 Iuliano
1687 1883 1766 1910 verba
1781 1882 1905 1917 facit(e):

1120 1937 1130 1952 ι
1146 1927 1201 1954 Nec
1213 1935 1278 1954 vero
1293 1932 1434 1954 externum
1449 1927 1548 1954 bellum
1566 1932 1655 1954 metuo
1668 1947 1676 1960 ,
1702 1935 1752 1955 nec
1772 1928 1858 1955 feram
1875 1927 1907 1954 il-

1117 1972 1169 2000 lam
1183 1992 1191 2004 ,
1206 1980 1267 2007 quae
1289 1980 1360 2000 nunc
1379 1972 1511 2000 adversus
1526 1972 1664 1999 Ecclesias
1681 1973 1811 2007 impetum
1828 1972 1903 2004 fecit,

1117 2019 1222 2046 etiamsi
1239 2019 1330 2053 ignem
1346 2018 1475 2050 mittetur,
1497 2017 1603 2045 etiamsi
1620 2017 1736 2051 gladios,
1755 2027 1764 2043 t
1781 2021 1834 2044 etc.
1857 2016 1906 2044 llis

1091 2084 1097 2090 .
1117 2066 1258 2099 perspicue
1274 2065 1370 2100 liquet,
1386 2065 1504 2091 nondum
1523 2064 1681 2099 Apostatam
1707 2064 1733 2090 in
1760 2064 1903 2098 Cappado-

1116 2109 1184 2136 ciam
1200 2109 1323 2141 venisse,
1337 2114 1365 2136 et
1383 2109 1571 2136 crudelitatem
1591 2110 1748 2136 exercutisSe
1759 2129 1767 2140 ,
1780 2109 1828 2136 sed
1845 2114 1905 2135 tan-

1117 2160 1172 2180 tutn
1195 2154 1283 2181 minas
1310 2154 1480 2186 intentasse,
1494 2162 1527 2182 ex
1550 2154 1648 2189 quibus
1667 2154 1814 2189 Gregorius
1839 2155 1904 2189 quid

1116 2199 1236 2226 facturus
1252 2204 1325 2226 esset
1348 2199 1501 2234 suspicatus
1528 2200 1585 2227 hmc
1613 2199 1731 2233 scripsit.
1757 2198 1903 2234 Gregorius

1116 2245 1197 2279 igitur
1211 2251 1321 2272 creatus
1342 2251 1385 2272 est
1407 2246 1551 2281 presbyter
1563 2245 1607 2272 die
1619 2245 1654 2272 25
1669 2245 1823 2272 Decembris
1838 2245 1902 2272 anui

1115 2290 1162 2317 361
1185 2299 1191 2316 :
1205 2297 1320 2325 cumque
1336 2290 1452 2325 fugisset
1465 2291 1491 2318 in
1505 2291 1619 2318 Pontum
1633 2311 1640 2323 ,
1655 2291 1717 2318 inde
1730 2291 1763 2318 ad
1780 2298 1843 2318 suos
1857 2299 1901 2318 re-

1113 2343 1207 2363 versus
1225 2340 1268 2362 est
1290 2336 1323 2363 ad
1341 2336 1412 2363 diem
1438 2335 1549 2363 Pascha:
1575 2337 1638 2363 anni
1667 2335 1739 2368 362,
1754 2343 1841 2370 eoque
1858 2336 1902 2363 die

1111 2380 1220 2408 brevem
1252 2381 1286 2408 tle
1314 2381 1384 2408 festo
1413 2381 1508 2408 habuit
1536 2382 1718 2414 orationem;
1745 2383 1792 2408 sed
1822 2381 1902 2416 paulo

1111 2432 1173 2462 post
1204 2427 1337 2461 prolixatn
1359 2428 1484 2454 exaravit
1508 2435 1556 2454 seu
1586 2427 1774 2460 declamavit,
1797 2427 1824 2453 in
1848 2435 1901 2461 qua

1110 2480 1160 2499 cur
1178 2472 1203 2499 in
1228 2470 1344 2499 Pontum
1367 2471 1466 2507 fugerit
1482 2479 1513 2500 ae
1539 2472 1603 2499 ittde
1628 2472 1740 2500 redierit
1765 2472 1899 2499 rationem

1112 2517 1209 2545 reddit.

1184 2562 1288 2590 LXXII.
1312 2561 1356 2590 Bis
1370 2571 1383 2590 e
1397 2563 1540 2590 solitudine
1554 2563 1661 2589 avulsus
1676 2561 1827 2597 Gregorius.

1146 2609 1240 2643 ltaque
1265 2608 1307 2635 bis
1336 2609 1362 2635 in
1390 2609 1535 2636 Ponticam
1560 2616 1680 2636 eremum
1709 2616 1768 2635 sese
1786 2608 1898 2634 contulit

1109 2654 1272 2690 Gregorius;
1288 2655 1329 2682 bis
1346 2659 1436 2681 amata
1448 2654 1594 2682 solitudine
1608 2654 1717 2681 avulsus
1732 2659 1785 2685 est,
1799 2658 1827 2680 et
1845 2652 1898 2679 Na-

1110 2701 1232 2728 zianzunt
1249 2710 1264 2728 e
1274 2700 1359 2728 Ponto
1374 2701 1406 2727 ad
1421 2708 1484 2728 suos
1496 2701 1585 2727 redire
1599 2704 1719 2728 coactus.
1735 2700 1827 2726 Primo
1839 2699 1897 2734 quii

1109 2750 1170 2774 dem
1185 2748 1258 2774 circa
1283 2754 1382 2774 annum
1407 2747 1454 2774 561
1471 2767 1479 2780 ,
1494 2747 1613 2773 secundo
1637 2747 1669 2773 ad
1695 2746 1765 2773 diem
1785 2746 1896 2772 Pascha:

1110 2794 1173 2820 anni
1190 2793 1243 2820 562
1256 2813 1263 2824 ,
1277 2801 1337 2820 cunt
1359 2793 1403 2820 die
1418 2801 1470 2820 xxv
1497 2793 1653 2821 Decembris
1682 2792 1745 2819 anni
1774 2792 1897 2826 proxime

1149 2861 1187 2896 (tl)
1201 2862 1247 2896 Or.
1267 2861 1290 2889 I.
1308 2869 1334 2887 ιι.
1350 2861 1378 2896 2.

1147 2899 1180 2932 (et
1195 2895 1241 2924 0r.
1259 2900 1286 2926 2.
1300 2904 1326 2923 ιι.
1341 2895 1384 2924 87.
