2055 3130
132 190 181 218 181

790 188 869 216 “TA
891 188 919 215 S.
940 188 1112 218 GREGORII.

1703 188 1756 215 l8“).

131 250 218 285 elapsi
237 254 347 277 creatus
368 249 461 277 fuisset
482 249 632 285 presbyter.
649 250 780 277 Secunda:
804 249 829 275 in
852 248 921 275 Pon-
935 250 959 278 A
973 254 1027 281 cat,
1042 250 1089 277 sed
1111 250 1207 277 similis
1228 250 1356 282 dicerent,
1374 249 1537 284 ὁμοιούσιον,
1553 248 1604 275 hoc
1624 251 1665 274 est
1691 255 1756 273 cou-
1773 238 1776 242 ’

132 302 191 326 tum
206 295 382 331 profectionis
397 300 425 322 et
443 295 546 323 reditus
562 303 658 322 causas
671 295 726 328 ipse
743 294 769 320 in
785 294 918 326 oratione,

131 350 192 378 quae
209 343 326 378 primum
344 341 417 374 olint,
435 348 506 368 nunc
519 341 667 368 secundutn
683 345 798 373 occupat
811 339 897 366 locum
911 359 917 371 ,

132 389 314 425 prosequitur.
333 388 388 416 Cur
398 395 462 415 vero
471 392 548 422 pater
568 394 629 414 eum
644 394 659 414 e
678 386 768 413 Basilii
784 391 919 413 monaste-

132 436 175 464 rio
189 434 349 467 extraxerit,
363 438 391 461 et
404 433 569 461 Nazianzum
583 432 672 460 redire
690 439 761 460 anno
779 432 826 459 561
844 439 918 459 com-

135 481 246 517 pulerit,
271 480 384 516 perinde
407 487 459 508 non
473 484 516 507 est
536 479 721 514 perspicuum.
737 477 810 505 Nihil
829 485 919 505 moror

134 535 194 563 quae
204 527 337 554 Baronius
357 526 383 553 in
395 533 443 553 sua
457 525 581 560 Gregorii
597 525 657 552 Vita
674 524 793 558 scripsit.
810 523 834 551 ls
847 523 918 551 enim

135 579 278 608 utramque
308 572 431 607 Gregorii
455 571 540 599 nostri
568 571 594 598 in
628 569 739 597 Pontica
775 568 920 596 solitudine

134 619 374 648 commorationem
388 617 568 649 confundens,
579 621 605 644 et
615 616 776 650 perturbans
788 619 918 649 tempora,

133 666 206 702 quod
223 664 395 692 Bollandista:
411 671 465 691 non
481 662 565 690 semel
575 662 735 694 observant,
755 661 787 688 ad
801 660 920 688 Valentis

135 720 221 747 usque
234 712 386 746 imperium,
403 719 412 736 (
428 709 467 745 (a)
484 709 534 742 Qui
555 708 665 735 Ariame
677 706 795 742 perﬁdim
817 706 919 738 favens,

135 759 267 786 adversus
280 756 437 785 Catholicos
447 754 596 782 concitavit
611 753 713 784 turbas,
736 752 859 787 Gregorii
878 760 921 779 re-

136 805 220 832 ditqu
235 808 388 839 promovet.
406 802 468 829 Fuit
484 801 510 828 id
524 801 550 828 in
566 807 647 828 causa
658 821 666 834 ,
679 800 766 835 inquit
778 798 920 831 Baronius,

136 856 166 878 ut
180 855 256 886 pater
275 849 400 885 Gregorii
417 846 605 875 vehementius
617 850 730 880 ageret,
748 849 775 872 ut
792 845 872 872 ﬁlium
888 845 921 870 ab

136 904 230 925 eremo
252 899 402 923 revocaret.
417 894 484 921 Erat
498 893 569 920 enim
585 892 639 927 jam
657 892 735 926 longo
748 890 823 918 senio
839 890 920 917 hebe-

136 944 200 975 tior,
216 947 242 970 et
258 945 286 969 ut
302 940 448 968 subeundis
464 938 602 966 laboribus
618 937 705 972 impar
720 944 780 964 eum
794 936 920 970 precibus

139 989 253 1023 urgebat
268 1008 275 1020 ,
293 991 322 1014 ut
335 990 412 1021 pater
428 984 511 1020 jussis
526 1004 534 1016 ,
546 991 578 1010 ac
599 982 716 1016 denique
730 985 760 1008 ut
781 980 922 1015 cpiscopus

136 1034 251 1070 cogebat
265 1032 388 1067 imperio.
402 1029 479 1057 Licet
491 1029 562 1057 enim
579 1027 678 1055 diutius
690 1027 782 1058 surdo,
795 1031 823 1053 ut
834 1025 920 1058 aiunt,

137 1080 254 1109 fabulam
270 1078 438 1114 ingessisset,
452 1076 528 1104 ﬂexit
543 1075 650 1103 tandem
666 1094 673 1107 ,
693 1072 780 1107 coegit
795 1072 921 1099 extorsit-

136 1134 189 1162 que
214 1126 248 1153 ab
266 1125 351 1152 invito
363 1143 370 1156 ,
386 1126 548 1156 revocatque
565 1120 648 1148 ﬁlium
671 1118 845 1146 Naziauzum.
870 1117 921 1151 Qui

136 1179 263 1200 reversus
277 1170 304 1198 in
319 1169 435 1204 patriam
447 1187 455 1200 ,
468 1167 563 1194 habuit
579 1165 715 1201 egregiam
734 1164 806 1191 illam
822 1164 922 1190 oratio-

136 1227 197 1246 nem
215 1238 223 1251 ,
239 1224 299 1252 quae
323 1215 481 1243 inscribitur
507 1212 723 1247 Apologeticus...
747 1210 819 1237 Dixit
841 1209 920 1236 etiam

137 1273 200 1292 tunc
217 1263 373 1300 prmclaram
399 1268 458 1288 eam
474 1259 640 1290 orationem,
659 1257 736 1292 cujus
762 1261 803 1283 est
818 1255 920 1286 titulus,

137 1310 171 1338 1η
194 1299 286 1337 sancta
313 1307 414 1334 lumina
429 1325 437 1337 ,
455 1314 464 1331 ι
480 1309 533 1331 etc.
561 1303 621 1330 Haec
651 1301 791 1328 Baronius.
807 1299 921 1333 Egregia

137 1356 237 1388 oratio,
252 1361 312 1389 quae
326 1352 484 1380 inscribitttr
497 1349 688 1384 Apolagelicus,
701 1347 794 1374 habita
813 1349 855 1372 est
872 1345 921 1371 sub

134 1401 263 1432 Juliano,
280 1407 332 1426 non
356 1405 422 1425 vero
451 1396 500 1423 sub
515 1394 644 1426 Valente;
665 1392 752 1419 oratio
777 1396 865 1418 autem
889 1389 922 1416 In

134 1453 227 1476 saecla
240 1446 351 1476 lumina,
368 1450 421 1470 non
439 1451 448 1468 |
468 1447 543 1473 tunc,
563 1450 571 1466 ι
587 1446 617 1467 ut
633 1438 688 1465 vult
706 1437 837 1465 Baronius
850 1456 858 1468 ,
875 1437 922 1462 sed

136 1501 208 1521 anno
224 1499 291 1526 pcnc
306 1490 407 1525 elapso.

171 1539 246 1567 Haud
270 1536 422 1572 negaverim
448 1534 541 1561 turbas
569 1532 603 1559 ab
617 1531 725 1558 Arianis
745 1529 876 1556 excitatas
895 1529 921 1555 in

973 295 1088 323 similent
1101 296 1174 323 Patri
1188 301 1214 323 et
1231 303 1282 324 non
1296 294 1552 324 consubstantialem
1568 293 1755 329 pratdicarent.

975 342 1062 368 «Erat
1089 347 1189 374 autem,
1213 341 1300 376 inquit
1327 341 1473 376 Gregorius
1499 339 1546 374 (ὑ),
1576 339 1602 366 in
1630 343 1754 374 promptu

972 393 1164 419 atramentum,
1192 391 1218 414 et
1233 386 1413 414 calumniator
1440 393 1455 412 a
1479 389 1564 419 tergo.
1583 384 1619 411 Ea
1634 391 1677 410 res
1691 391 1754 418 per-

975 433 1072 460 multos
1085 440 1100 460 e
1114 432 1202 466 nobis,
1233 433 1348 460 invictos
1377 431 1476 466 alioqui
1494 431 1577 462 viros,
1591 430 1617 456 in
1633 429 1754 456 fraudem

971 479 1093 513 impulit;
1123 479 1168 514 qui
1182 479 1304 514 quamvis
1319 482 1409 506 mente
1438 484 1606 512 nequaquam
1635 474 1753 510 prolapsi

972 524 1083 557 fuerint,
1114 529 1201 551 tamen
1232 523 1429 557 subscriptione
1445 522 1593 550 transversi
1608 521 1661 548 acti
1679 524 1752 552 sunt,

970 573 997 596 et
1011 576 1072 596 cum
1099 568 1162 600 illis,
1179 572 1295 602 utroque
1310 567 1418 595 nomine
1445 566 1595 599 sceleratis,
1611 571 1753 593 consense-

972 619 1053 648 runt;
1069 623 1099 642 ac
1111 614 1133 642 si
1152 622 1204 642 non
1221 614 1346 647 ﬂammae,
1365 613 1431 642 fumi
1444 618 1518 641 certe
1538 613 1680 648 participes
1695 611 1754 639 fue-

972 665 1045 688 runt.
1061 671 1070 687 ι
1105 660 1190 687 Tanta
1207 661 1268 687 inde
1294 664 1384 687 secuta
1410 664 1453 687 est
1465 659 1592 687 Ecclesia:
1617 658 1753 685 catholicae

976 712 1131 742 tempestas,
1148 712 1177 734 ut
1195 707 1241 742 qui
1256 706 1416 734 videbantur
1432 713 1490 733 esse
1503 705 1594 739 templi
1611 704 1750 734 columnae.

974 753 1115 788 prostrati.
1140 753 1182 780 vel
1214 752 1309 779 saltent
1347 751 1468 778 concussi
1493 751 1558 783 sint,
1587 750 1609 776 si
1642 749 1749 783 quidem

973 799 1052 827 etiam
1073 799 1195 826 nolentes
1216 797 1317 825 seducti
1341 801 1421 829 sunt;
1450 800 1540 830 atque,
1559 800 1587 822 ut
1600 793 1755 829 Hieronymi

972 845 1062 872 verbis
1081 848 1152 877 utar,
1177 843 1338 879 ingemuerit
1356 842 1440 875 orbis,
1460 846 1487 868 et
1501 841 1630 868 Arianum
1651 846 1680 867 se
1696 845 1755 867 esse

974 892 1088 919 miratus
1104 891 1150 919 sit.

977 946 1096 975 LXXVI.
1117 945 1250 972 Formulaz
1277 944 1435 971 Ariminenst
1455 947 1510 976 post
1527 941 1640 967 medium
1658 946 1756 966 annum

1124 980 1176 1008 562
1189 980 1340 1014 subscripsit
1361 977 1482 1012 Thcologi
1501 982 1584 1011 pater.

1008 1028 1035 1055 ln
1048 1035 1140 1055 eorum
1153 1032 1241 1054 tamen
1253 1032 1377 1057 numero,
1394 1024 1440 1059 qui
1454 1021 1618 1051 Ariminensi
1635 1018 1757 1047 formulas

974 1078 1029 1100 tum
1053 1073 1281 1107 subscripserunt,
1303 1070 1405 1098 scilicet
1417 1067 1569 1097 Constantii
1588 1066 1757 1101 imperatoris

973 1125 1104 1154 tetupore,
1131 1126 1184 1145 non
1197 1118 1280 1145 fuisse
1295 1116 1467 1151 Gregorium,
1485 1121 1534 1142 nec
1549 1120 1610 1141 eum
1624 1112 1676 1139 nisi
1697 1115 1757 1147 post

973 1167 1090 1195 medium
1105 1173 1205 1193 annum
1219 1163 1273 1191 ’562
1297 1162 1501 1197 subscripsisse,
1527 1164 1669 1194 ortamque
1695 1164 1757 1184 esse

973 1215 1043 1241 inter
1057 1213 1214 1247 episcopum
1238 1216 1264 1238 et
1292 1209 1438 1236 monachos
1454 1207 1640 1234 Nazianzenus
1654 1204 1758 1231 discor-

973 1260 1043 1287 diam
1058 1263 1112 1285 tam
1135 1257 1225 1284 multis
1241 1256 1369 1291 probatur
1387 1252 1539 1284 momentis,
1555 1256 1585 1278 ut
1601 1249 1700 1277 nullum
1723 1248 1757 1275 de

971 1314 1002 1334 ea
1016 1313 1045 1333 re
1057 1304 1167 1333 dubium
1188 1309 1248 1330 esse
1265 1301 1360 1337 possit.
1383 1300 1473 1327 Primo
1488 1298 1595 1333 quidem
1612 1295 1758 1330 Gregorius

973 1356 1065 1378 noster
1085 1356 1137 1376 non
1164 1348 1202 1374 ait
1225 1346 1273 1382 (ε),
1299 1346 1374 1380 jussa
1398 1342 1549 1371 Constantii
1574 1339 1756 1375 imperatoris,

972 1401 1018 1423 aut
1046 1402 1135 1422 rerum
1153 1392 1395 1429 perturbationem,
1414 1397 1473 1424 quae
1498 1393 1560 1415 tunc
1580 1392 1684 1413 sununa
1697 1384 1757 1414 fuit,

972 1440 1158 1469 subscribendi
1178 1446 1286 1466 causam
1317 1445 1365 1465 suo
1382 1436 1466 1463 fuisse
1489 1434 1570 1470 patri,
1583 1432 1629 1460 sed
1649 1430 1758 1458 deside-

972 1487 1041 1513 rium
1057 1485 1131 1520 pacis
1157 1489 1185 1512 et
1213 1491 1273 1511 cum
1294 1482 1429 1510 nonnullis
1456 1479 1578 1508 ineunda:
1592 1477 1760 1505 communio-

974 1535 1026 1562 nis.
1044 1532 1168 1560 Secundo
1188 1535 1251 1558 ante
1273 1529 1344 1556 istud
1364 1527 1520 1558 dissidium,
1535 1524 1683 1552 Ecelesiant
1704 1521 1759 1548 Na—

135 1595 216 1616 causa
241 1586 324 1612 fuisse
352 1591 401 1611 cur
434 1580 580 1616 Gregorius
606 1577 769 1605 Nazianznm
794 1575 920 1607 redierit;

976 1581 1133 1608 zianzenam
1156 1584 1246 1604 arcam
1274 1575 1329 1602 Noe
1349 1574 1438 1601 vocari
1454 1573 1560 1600 solitam
1576 1577 1646 1603 esse,
1662 1573 1760 1602 nupue

135 1634 192 1664 sed,
211 1636 239 1658 ut
257 1631 283 1658 id
297 1628 459 1659 concedam,
476 1630 550 1653 certe
568 1632 619 1652 non
633 1624 682 1650 has
695 1630 754 1650 esse
772 1622 863 1648 turbas
876 1628 921 1647 ar-

135 1681 234 1710 bitror,
250 1685 310 1712 qua:
326 1684 342 1703 a
369 1674 481 1703 Valente
505 1677 568 1700 sunt
583 1671 716 1701 excitatre,
737 1674 766 1695 ut
779 1669 863 1695 visutn
880 1671 922 1694 est

139 1726 267 1754 Baronio.
288 1722 340 1750 Vix
360 1722 442 1749 etiam
458 1719 554 1747 adduci
569 1724 677 1752 possum
693 1720 722 1742 ut
737 1715 845 1742 credam
860 1721 920 1741 cum

138 1771 296 1800 doctissimo
309 1767 491 1800 Tillemontio,
505 1763 665 1799 Gregorium
681 1765 783 1797 patrem
800 1759 921 1787 formulae

136 1815 301 1848 Ariminensi
315 1821 370 1843 tum
396 1812 599 1846 subscripsisse,
620 1815 648 1838 et
659 1809 715 1844 jam
730 1809 764 1835 ab
779 1808 837 1843 ejus
848 1814 921 1834 com-

137 1866 267 1894 munione
281 1861 466 1890 Nazianzenos
493 1857 641 1885 monachos
671 1854 838 1884 discessisse,
861 1859 922 1878 Cllln

135 1913 195 1946 ejus
215 1910 297 1942 ﬁlius,
321 1907 422 1935 relictis
436 1905 554 1932 Ponticae
577 1901 729 1930 solitudinis
744 1899 857 1930 deliciis,
871 1897 922 1924 Na-

136 1958 262 1984 zianlum
283 1953 363 1981 rediit
392 1958 463 1978 antto
480 1949 548 1981 56l;
573 1948 653 1981 idque
676 1953 764 1972 causa:
781 1944 864 1971 fuisse
876 1950 924 1969 cur

137 2003 251 2033 rediret,
265 2004 294 2027 ut
317 2006 394 2033 opem
421 1996 506 2024 ferret
527 1994 648 2028 longaevo
668 1991 749 2025 patri,
764 1990 808 2024 qui
827 1988 922 2015 Arimi-

137 2047 217 2075 nensi
244 2044 367 2072 formula:
394 2039 611 2075 subscripsisset,
625 2044 677 2064 uno
696 2044 712 2063 e
731 2036 787 2062 luto
806 2041 926 2067 cmerge-

136 2099 188 2123 tet.

138 2146 365 2181 LXXIII-LXXV.
387 2141 728 2181 Turbas‘Arianicxcitqnl.
745 2138 830 2181 fraus
847 2138 924 2164 Arm~

252 2174 355 2211 norum.
376 2180 476 2208 Multus
491 2179 517 2205 in
533 2177 654 2212 fraudem
674 2174 820 2209 impellunt.

175 2231 286 2265 Magnas
301 2228 408 2263 quidem
424 2225 516 2253 turbas
534 2231 605 2250 anno
626 2221 678 2249 560
691 2221 840 2247 excitarunt
854 2219 927 2244 Aria-

977 1626 1093 1654 universi
1124 1624 1198 1652 orbis
1229 1622 1359 1650 diluvium
1385 1620 1441 1648 sola
1468 1618 1617 1653 eﬁugisset,
1644 1618 1760 1642 testatur

976 1672 1122 1706 Gregorius
1140 1670 1189 1706 (ά).
1204 1668 1293 1696 Testis
1308 1667 1429 1702 profecto
1444 1665 1558 1692 mendax
1576 1663 1655 1694 foret,
1670 1662 1692 1689 si
1705 1661 1762 1689 Na-

978 1719 1122 1745 zianzenus
1135 1716 1277 1751 cpiscopus
1303 1713 1371 1740 dolis
1394 1712 1555 1739 Arianorum
1572 1709 1701 1744 deceptus
1712 1709 1761 1736 fuit

979 1769 1100 1798 tempore
1126 1761 1293 1792 Constantii;
1323 1759 1446 1793 falsoque
1477 1756 1592 1784 dixisset
1619 1763 1761 1782 commune

978 1810 1096 1838 universi
1113 1809 1186 1836 orbis
1205 1807 1333 1834 diluvium
1349 1805 1475 1839 effugisse
1499 1802 1695 1829 Nazianzeuam
1712 1802 1761 1830 lic-

978 1855 1098 1886 clesiam,
1121 1852 1198 1887 cujus
1218 1850 1344 1878 Ecclesiae
1360 1849 1501 1883 episcopus
1526 1848 1583 1881 ipse
1599 1846 1756 1874 artiﬁciosis

978 1900 1068 1928 verbis
1083 1896 1302 1932 circumscriptus
1317 1895 1344 1921 in
1357 1900 1467 1921 oravam
1479 1891 1636 1919 societatem
1655 1895 1760 1924 pertra-

978 1950 1036 1973 ctus
1051 1944 1154 1971 fuisset.

979 1996 1254 2029 LXXVll»LXXVlll.
1274 1995 1395 2023 Scltisma
1406 1993 1592 2029 monac/torum
1601 1991 1761 2029 obﬂsubsrri-

1014 2025 1129 2070 pueriet):
1140 2032 1257 2070 Gregorii
1272 2030 1366 2070 patris,
1381 2037 1432 2070 non
1450 2028 1558 2062 contigit
1570 2028 1617 2053 sub
1630 2025 1761 2053 Constan-

1015 2064 1062 2097 tio.
1077 2069 1165 2096 Brevis
1179 2064 1227 2099 [ait
1243 2067 1298 2092 lta'c
1309 2064 1451 2091 discordia.

1015 2129 1050 2154 At
1062 2127 1139 2160 longe
1152 2123 1274 2159 graviora
1294 2123 1437 2155 suppetunt
1452 2123 1595 2146 momenta.
1611 2119 1676 2146 Cum
1694 2119 1763 2145 Gre-

981 2173 1101 2209 goriuse
1122 2171 1208 2198 Ponto
1235 2168 1398 2195 Nazianzum
1423 2173 1548 2192 reversus
1570 2169 1611 2191 est
1635 2164 1668 2190 ad
1692 2165 1762 2190 diem

982 2208 1079 2245 festum
1091 2215 1198 2243 Pascha:
1215 2212 1276 2240 anni
1289 2211 1353 2244 562,
1365 2217 1467 2238 summa
1482 2217 1547 2244 pace
1563 2208 1701 2235 fruebatur
1714 2208 1764 2235 Ec-

175 2255 283 2265 "“'u'**'*
310 2255 317 2263 I

139 2279 177 2310 ni,
202 2277 248 2311 qui
272 2279 332 2310 post
357 2274 493 2301 luctuosas
521 2269 647 2311 synodos,
669 2265 868 2293 Ariminensem
900 2265 924 2291 in
943 2267 964 2294 ι)
979 2264 1061 2292 clesia
1085 2262 1267 2291 Nazianzena,
1296 2266 1375 2292 quant
1407 2256 1510 2290 magnis
1527 2255 1603 2282 eﬁert
1618 2255 1763 2282 laudibus:

141 2323 299 2353 Occidente,
326 2308 563 2347 Seleuciaaam'in
581 2314 702 2343 Oriente,
734 2311 841 2338 habitas
855 2317 926 2336 anno

139 2369 201 2399 559.
216 2368 280 2395 item
292 2366 372 2393 etiam
388 2360 618 2394 Constantinopoli
633 2366 703 2386 anno
715 2357 776 2388 560,
792 2357 926 2383 Constan-
955 2374 958 2378 .

140 2416 171 2443 tii
189 2411 301 2448 Augusti
318 2409 444 2446 praesidio
466 2407 539 2439 lreti,
557 2407 581 2433 vi
598 2411 625 2432 et
641 2410 699 2431 arte
721 2411 777 2430 rem
791 2403 924 2437 agebant;

141 2466 291 2494 omnesque
306 2458 458 2492 episcopos,
475 2455 501 2481 in
519 2458 574 2480 tota
586 2460 666 2490 quam
687 2451 739 2477 late
754 2451 861 2484 patebat
875 2448 926 2475 Ec—

141 2493 396 2535 clesia,ilorntul:n,
412 2508 471 2535 quae
490 2500 609 2534 ipsorum
631 2496 777 2531 impietatis
791 2499 876 2521 totunt
888 2493 927 2519 vi—

139 2561 188 2581 rus
201 2551 348 2578 artiﬁciose
370 2552 469 2575 tectum
484 2545 650 2576 continebat,
666 2541 836 2570 subscribere
851 2547 931 2574 coge-

138 2601 215 2629 bant.
230 2598 292 2625 Fuit
307 2597 379 2624 enim
397 2603 428 2623 ea
452 2593 558 2622 fallacia
573 2597 598 2620 et
615 2591 691 2619 dolus
705 2589 879 2619 Arianorum,
902 2592 931 2614 ut

139 2644 295 2680 ὀμοιούσιον
328 2640 552 2669 subscribendum
577 2646 608 2665 ac
638 2636 816 2672 proﬁtendum
839 2633 928 2660 trade-

140 2696 211 2723 rent,
223 2690 303 2716 unius
321 2686 444 2715 litterulae
459 2684 607 2712 mutatione
618 2689 741 2717 magnam
762 2686 857 2707 sensus
872 2679 928 2705 dis-

140 2735 307 2769 crepantiam
324 2733 505 2762 adducentes;
538 2729 633 2756 Filium
661 2733 756 2761 nempe
779 2732 831 2752 non
858 2723 930 2759 ejus-

140 2782 202 2809 dem
215 2779 374 2808 substaalia:
388 2785 449 2805 cum
466 2776 556 2807 Patre.
582 2774 653 2810 quod
671 2771 812 2809 ὀμοούσιον
828 2769 929 2805 signiti-

177 2847 216 2882 (α)
259 2846 332 2882 Maii,
348 2853 373 2878 ρ.

176 2880 214 2916 (υ)
231 2881 279 2909 0r.
298 2881 343 2912 at,
365 2880 450 2916 ...τι

177 2915 213 2954 (ι)
228 2916 276 2944 0r.
294 2916 336 2949 l8,
347 2924 373 2942 u.
393 2915 434 2942 l8.

980 2316 1030 2337 nec
1058 2312 1166 2335 veretur
1195 2305 1285 2332 dicere
1307 2303 1341 2339 (e)
1370 2310 1399 2329 se
1430 2310 1481 2329 non
1511 2308 1712 2333 concessurum,
1735 2305 1766 2328 ut

982 2353 1176 2388 (amplissima:
1198 2351 1333 2382 civitates,
1362 2354 1511 2383 gregesque
1552 2345 1764 2373 numerosissimi

980 2400 1033 2426 ulla
1056 2399 1083 2425 in
1115 2406 1143 2424 re
1172 2396 1348 2423 Nazianzenaa
1375 2392 1503 2420 Ecclesia:
1537 2391 1726 2426 pratl'erantur.
1752 2400 1761 2416 ι

981 2444 1058 2473 Nulla
1079 2452 1143 2478 ergo
1159 2441 1284 2469 Naziauzi
1315 2439 1447 2467 discordia
1468 2438 1517 2465 fuit
1542 2445 1612 2464 anno
1627 2437 1690 2468 562,
1716 2444 1764 2463 nec

969 2491 1030 2518 'ulla
1058 2491 1138 2517 etiam
1161 2487 1282 2522 Gregorii
1309 2486 1394 2521 patris
1419 2490 1482 2512 tunc
1506 2488 1565 2511 erat
1589 2483 1762 2518 subscriptio,

978 2545 993 2564 c
1008 2544 1060 2572 qua
1076 2535 1214 2562 dissidium
1229 2532 1327 2566 erupit.
1344 2531 1470 2564 Quinimo
1487 2537 1581 2556 recens
1593 2533 1652 2556 erat
1668 2527 1751 2554 tuuml

979 2589 1034 2615 tus,
1052 2590 1113 2610 cum
1126 2579 1273 2613 Gregorius
1287 2582 1378 2606 noster
1398 2577 1512 2610 primani
1526 2579 1617 2602 contra
1630 2574 1763 2601 Julianum

979 2629 1127 2658 orationem
1152 2625 1294 2657 scriberet,
1310 2627 1338 2651 ut
1363 2623 1406 2650 his
1428 2622 1518 2650 verbis
1533 2620 1703 2648 manifestum
1723 2623 1764 2646 cst

980 2675 1013 2710 (ἶ)
1031 2683 1038 2702 :
1055 2682 1063 2698 I
1076 2673 1165 2706 Atque
1181 2671 1284 2698 utinam
1309 2668 1353 2695 ille
1366 2674 1472 2702 quoque
1499 2670 1585 2693 coetus
1599 2664 1632 2691 ad
1651 2665 1763 2690 chorum

982 2724 1103 2748 nostrutu
1133 2726 1162 2746 se
1173 2717 1342 2752 adiungeret,
1359 2714 1416 2748 qui,
1442 2721 1503 2740 cum
1521 2709 1765 2746 prius'cautionem

984 2766 1194 2799 haudquaquam
1223 2761 1400 2789 adulterinam
1420 2763 1501 2794 atque
1514 2756 1657 2792 ignobilem
1671 2753 1765 2782 nobis-

1025 2834 1041 2860 d
1068 2832 1145 2861 lhid..
1158 2839 1186 2859 n._
1203 2830 1245 2856 Η.

1014 2833 1053 2903 ﬁci
1070 2867 1117 2894 Or.
1134 2868 1160 2903 5,
1178 2875 1202 2892 u.

1028 2865 1052 2896 ei
1070 2867 1117 2894 Or.
1134 2868 1160 2896 3,
1178 2875 1202 2892 u.
1218 2865 1244 2891 6.

1067 2903 1112 2930 0r.
1127 2901 1154 2935 4,
1170 2910 1196 2928 ιι.
1218 2900 1260 2927 10.
