2055 3130
274 193 325 219 183

929 193 1009 221 "TA
1032 193 1060 220 S.
1082 193 1258 222 GREGOl-‘tlf.

1858 195 1905 222 131»

273 258 333 278 cum
357 249 410 277 Deo
429 250 576 283 accineret.
597 259 629 279 ac
650 251 746 279 dextro
763 252 897 286 quondam
910 254 1004 280 ordine
1024 253 1062 280 di-
1079 256 1100 283 A
1117 253 1249 287 Ecclesia,
1262 253 1409 288 Gregorius
1424 253 1567 286 obmutuit,
1585 257 1613 279 nt
1627 253 1684 286 ipse
1698 257 1823 279 testatur.
1839 252 1909 279 Non-

273 306 345 333 gnus
363 298 521 331 haberetur,
538 303 619 334 atque
630 299 712 327 etiam
729 299 816 333 brevi,
837 305 866 327 ut
881 300 998 333 conﬁdo,
1019 300 1066 327 ha-

274 344 392 372 bebitur.
409 345 480 372 haud
500 345 557 372 scio
572 353 625 379 qua
639 353 668 373 re
687 350 850 378 commotus,
875 351 986 381 repente
1003 354 1067 373 can-

275 395 331 418 tum
348 391 375 418 in
390 392 525 418 diversum
548 397 644 425 mutat,
673 392 780 428 alioque
807 394 890 428 gradu
917 398 998 428 atque
1023 401 1067 420 or-

274 437 338 464 dine
355 445 417 465 scse
433 437 564 470 collocat;
593 446 626 466 ac
652 446 687 466 ne
710 440 745 467 ob
768 447 940 467 communem
959 439 1066 474 quidem

275 482 405 516 lmtitiam,
430 484 502 518 quod
518 484 601 511 etiam
617 484 704 519 magis
719 485 813 517 miror,
827 485 923 512 adduci
936 490 1025 519 potest
1040 491 1068 512 ut

276 529 416 556 nobiscum
433 529 624 565 coniungatur.
636 540 645 557 ι
664 531 726 559 Haec
741 531 862 566 profectu
877 532 969 564 verba,
987 541 996 558 ι
1007 539 1068 559 cum

279 573 354 608 prius
368 574 522 602 cantionem
594 575 736 603 nobiscum
753 576 807 603 Deo
821 577 957 603 accineret
1026 584 1069 604 re-

276 625 355 654 pente
369 625 476 647 cantum
494 621 519 647 in
541 621 678 649 diversum
705 626 802 653 mutat,
818 631 828 648 ι
855 622 996 649 dissidium
1012 630 1069 649 mo-

277 667 424 694 nachorum
441 674 536 694 recens
553 673 642 695 ortum
675 668 759 695 fuisse
773 668 895 695 indicant
921 668 1004 702 satis;
1021 676 1070 695 nec

277 720 330 739 non
345 720 407 747 spes
426 713 533 740 illorum
562 714 675 746 reditus,
691 714 788 741 lenitas
803 723 855 749 qua
874 722 921 742 eos
937 721 966 742 nt
983 723 1069 742 mem-

277 758 324 785 bra
342 767 388 785 sua
404 759 592 794 complectitur
604 759 750 796 Gregorius
765 760 820 797 (a);
833 769 864 788 ac
879 762 986 788 demum
998 762 1070 796 quod

278 812 330 832 non
345 805 427 832 semel
445 806 483 832 ait
498 806 535 841 (ιι)
551 808 698 834 monachos
714 807 835 835 omnium
849 812 1001 842 postremos
1013 809 1067 836 dis-

278 851 405 878 cessisse.
427 851 467 878 Ex
494 852 537 879 his
553 852 634 879 etiam
655 853 758 887 pariter
782 853 924 880 coniicitur
936 859 1071 880 recentem

279 904 386 930 quoque
412 897 497 925 fuisse
520 897 642 932 Gregorii
668 899 907 933 subscriptionem,
934 899 975 926 vel
999 904 1072 927 certe

279 951 340 970 cum
356 951 408 971 non
425 944 503 979 longe
529 950 608 972 antea
629 945 832 980 subscripsisse.
861 946 966 973 Etenim
982 947 1005 973 si
1021 947 1071 973 sub
1088 937 1110 964 Β

279 990 450 1022 Constantio,
471 998 541 1019 anno
571 991 623 1019 560
642 992 682 1019 vel
705 993 768 1024 561,
796 993 1002 1027 subscripsisset
1015 994 1071 1027 epi-

281 1042 377 1070 scopus
393 1034 592 1069 Nazianzenus,
620 1038 755 1071 quomodo
771 1038 894 1065 monachi
908 1039 1072 1074 indignatio-

283 1087 344 1106 nem
359 1087 435 1107 suam
456 1081 489 1107 ad
507 1088 607 1108 annntn
625 1089 709 1116 usque
723 1081 775 1109 ’565
786 1081 868 1109 corde
891 1082 1073 1117 pressissent?

281 1126 336 1152 Aut
348 1126 370 1153 si
387 1127 479 1154 tandiu
493 1132 661 1162 presserunt,
676 1135 725 1155 cur
738 1128 928 1156 discessionem
941 1128 1030 1154 subito
1046 1133 1073 1155 et

282 1173 415 1207 przecipiti
430 1173 544 1200 consilio
570 1173 666 1201 tribuit
686 1174 855 1210 Gregorius?
869 1175 1019 1208 Quomodo,
1034 1176 1073 1201 in-

283 1223 374 1250 quam,
393 1217 606 1252 indignationem
618 1226 693 1245 suam
703 1223 758 1246 tam
776 1219 855 1254 longo
867 1226 987 1254 tempore
999 1228 1074 1253 pres-

282 1262 382 1289 sissent
412 1263 549 1295 monachi,
566 1271 634 1298 quos
648 1264 705 1299 ipse
720 1265 756 1300 (ε)
786 1274 795 1290 ι
810 1265 1000 1292 ferventiorem
1019 1265 1069 1294 Ec-

282 1307 371 1335 clesiae
403 1313 506 1342 partem
523 1310 661 1344 appellat?
677 1310 740 1344 Qui,
758 1321 768 1337 ι
796 1315 827 1338 ut
841 1311 912 1339 idem
926 1310 1071 1347 Gregorius

282 1354 320 1380 ait
336 1354 362 1381 in
381 1354 433 1381 alia
457 1355 645 1390 orationeid),
669 1356 796 1383 «tametsi
815 1356 915 1391 alioqui
930 1357 1018 1391 pacati
1042 1365 1073 1384 ac

283 1400 414 1428 moderati
428 1401 492 1433 sint,
509 1401 559 1428 hae
579 1406 668 1429 tamen
683 1401 709 1428 in
735 1409 764 1429 re
778 1402 852 1430 lenes
864 1407 892 1429 et
906 1402 998 1429 faciles
1010 1411 1070 1430 esse.

283 1452 335 1472 non
352 1445 496 1478 sustinent,
515 1453 576 1473 cuin
607 1454 654 1480 per
681 1446 818 1473 silentium
848 1453 875 1474 et
891 1448 1010 1481 quietem
1028 1448 1073 1474 Dn-i

283 1498 364 1517 causa
381 1491 520 1525 proditur;
537 1499 630 1519 verum
648 1492 692 1519 hic
704 1493 848 1520 admodum
863 1493 980 1520 bellaces
999 1498 1071 1523 sunt,

285 1541 366 1572 atque
391 1537 418 1564 in
436 1536 603 1572 conﬂigendo
628 1545 705 1566 acres
729 1543 756 1566 et
779 1538 894 1571 feroces,
922 1539 1074 1572 hujusmodi

284 1583 357 1610 enim
387 1584 437 1611 zeli
453 1589 536 1612 aestus
556 1589 606 1617 est.
636 1585 769 1619 citiusque
791 1585 903 1620 aliquid,
934 1586 1004 1620 quod
1023 1594 1074 1612 non

283 1634 418 1664 oporteat,
435 1631 606 1662 tentaverint,
622 1638 703 1666 quam
723 1631 794 1666 quod
809 1639 843 1659 ex
860 1631 947 1659 officio
960 1632 994 1659 sit
1009 1640 1076 1667 pne-

285 1676 462 1704 tcrmiserint.
480 1686 489 1703 ›
510 1677 634 1709 Videant,
656 1678 700 1712 qui
718 1678 878 1714 Gregorium
899 1683 1014 1713 patrem,
1026 1678 1076 1706 sub

284 1722 454 1755 Constantio,
474 1723 638 1755 Ariminensi
653 1724 774 1751 formula:
789 1725 983 1759 subscripsisse
1002 1725 1076 1752 arbi-

286 1774 404 1802 ιτςιιιιυτ,
428 1775 460 1796 ex
475 1777 527 1804 quo
547 1775 706 1804 sequeretur
721 1771 867 1799 monachos
885 1779 934 1806 per
949 1773 1016 1798 duos
1031 1776 1077 1798 ειυι

288 1815 370 1841 etiam
387 1821 441 1842 tres
454 1822 540 1842 annos
554 1815 766 1851 indignationem
784 1824 860 1844 suam
879 1817 1075 1850 dissimuIaSSe,

285 1862 419 1896 quomodo
435 1862 493 1890 haec
504 1862 649 1890 conciliare
665 1862 791 1896 valeant;
806 1863 922 1890 maxime
935 1871 999 1891 vero
1014 1872 1076 1892 cum

284 1914 319 1935 ex
336 1906 465 1942 Gregorio
482 1907 563 1935 breve
576 1907 658 1935 fuerit
674 1908 826 1937 dissidium.
846 1917 857 1935 ι
871 1908 925 1936 Eos
936 1910 1019 1940 enim,
1031 1910 1076 1944 qui

286 1953 321 1980 ob
341 1953 450 1988 pietatis
476 1954 563 1980 zelum
590 1953 769 1986 dissidebant,
798 1955 886 1990 inquit
901 1954 948 1991 (ε),
972 1961 1000 1982 et
1027 1956 1077 1983 sibi

286 2004 313 2026 et
324 1999 431 2026 ueteris
444 1999 630 2027 reconciliavit
644 1999 804 2035 (Gregorius
826 2001 914 2034 pater)
927 2005 1078 2035 postremos

286 2053 302 2070 a
323 2045 400 2072 nobis
414 2044 561 2079 sejunctos.
573 2049 600 2072 et
613 2045 716 2080 primos
729 2053 862 2073 reversos.
877 2055 887 2072 ι
903 2041 1077 2080 Brevissima,

288 2093 408 2126 inquam,
427 2091 471 2118 illa
487 2091 536 2118 fuit
553 2091 664 2124 divisio,
680 2097 749 2119 teste
764 2091 906 2127 Gregorio,
930 2094 975 2128 qui
993 2102 1003 2119 ι
1017 2101 1078 2120 eam

287 2138 469 2165 calamitatem
495 2137 626 2165 hactenus
647 2137 762 2166 durasse
781 2139 879 2167 scribit
909 2140 961 2176 (Ῑ),
989 2144 1019 2166 nt
1033 2148 1079 2175 per

289 2185 340 2211 hoc
368 2184 520 2217 dissidium,
546 2189 678 2220 quantum
700 2185 775 2220 pacis
803 2186 902 2213 bonum
921 2192 1005 2218 esset,
1033 2187 1078 2222 qui

288 2230 368 2258 divisi
384 2229 502 2263 fuerant,
529 2231 721 2266 intelligerent,
747 2232 892 2266 statimque
907 2232 997 2259 odium
1015 2233 1078 2260 illud

1117 300 1180 326 dum
1197 306 1263 333 ergo
1276 299 1387 326 discissa
1414 302 1480 330 erat,
1499 306 1561 325 cttm
1589 298 1690 332 primos
1704 302 1757 324 tres
1779 298 1811 324 ad
1828 306 1912 332 popnn

1119 345 1172 372 lum
1191 351 1331 372 sermones
1350 344 1444 371 habuit
1467 351 1539 370 anno
1553 343 1615 370 562.
1648 343 1729 377 quue
1752 343 1834 370 etiam
1849 345 1911 370 inde

1119 395 1205 426 patet,
1224 390 1294 425 quod
1314 398 1366 417 non
1385 391 1463 417 modo
1477 390 1544 417 nihil
1563 390 1590 416 in
1605 389 1647 416 his
1662 389 1831 416 orationibus
1849 397 1913 416 con-

1120 441 1161 464 tra
1180 437 1336 469 dissidium,
1365 436 1431 464 nihil
1451 436 1484 463 de
1497 443 1563 470 pace
1579 436 1650 462 dicat
1668 435 1824 470 Gregorius,
1842 438 1912 469 quod

1121 484 1246 518 profecto
1270 491 1324 510 non
1339 483 1475 510 omisisset
1490 486 1583 510 orator
1598 482 1670 517 pacis
1691 481 1891 508 amantissimus
1905 490 1911 511 ;

1120 537 1212 565 verum
1233 530 1315 558 etiam
1332 529 1530 557 Nazianzenam
1545 528 1693 556 Ecclesiam
1710 528 1748 563 (Ιι)
1775 538 1786 554 ι
1802 536 1856 555 uno
1868 535 1911 553 eo-

1121 577 1237 610 demque
1262 575 1354 603 animo
1387 583 1469 602 unum
1494 574 1620 609 idemque
1641 574 1801 602 sentientem
1817 583 1826 600 »
1855 573 1914 599 lan-

1121 623 1176 649 det.

1123 679 1245 708 LXXIX.
1262 679 1316 707 Sub
1335 679 1439 706 Juliani
1457 679 1535 713 linem
1548 678 1699 712 subscripsit
1716 677 1802 711 impia:
1815 676 1914 711 formu-

1310 715 1354 746 Ia',
1369 716 1414 741 sed
1425 714 1537 740 illa'sum
1551 722 1596 740 cor
1604 713 1726 740 servavit.

1159 761 1216 790 Non
1238 761 1319 797 igitur
1331 761 1381 788 sub
1396 760 1566 792 Constantio,
1582 760 1628 786 sed
1643 763 1769 793 vergente
1786 758 1819 784 ad
1835 757 1916 785 ﬁnem

1123 806 1221 835 Juliani
1248 805 1372 841 imperio,
1398 804 1520 832 formulae
1533 803 1621 830 minus
1636 803 1795 830 orthodoxa:
1811 801 1917 828 videtur

1123 853 1318 887 Subscripsisse
1336 851 1495 887 Gregorius,
1511 850 1639 884 deceptus
1659 849 1821 876 Arianorum
1835 847 1914 877 dolis.

1123 899 1180 933 qui,
1199 898 1312 926 absente
1328 897 1393 930 filio,
1409 896 1479 924 nacti
1491 900 1671 930 opportunam
1686 901 1778 921 senem
1796 894 1913 920 circum-

1124 944 1249 972 veniendi
1265 944 1446 975 occasionem,
1465 943 1556 977 specie
1582 941 1779 977 pacificationis
1798 947 1859 967 eum
1889 939 1916 966 in

1123 997 1234 1024 pravam
1265 989 1423 1017 societatem
1462 991 1664 1023 pertraxerunt.
1702 986 1776 1018 Dixi,
1806 986 1918 1012 absente

1125 1035 1190 1066 lilio,
1206 1034 1252 1070 qni
1274 1035 1409 1062 interdum
1432 1039 1552 1069 paterna:
1579 1032 1675 1060 domus
1697 1031 1871 1059 sollicitudini
1889 1038 1919 1058 se

1126 1081 1299 1113 subtrahens,
1331 1081 1356 1108 in
1381 1081 1495 1108 amicam
1527 1079 1603 1107 Ponti
1632 1078 1802 1106 solitudinem
1818 1078 1851 1104 ad
1867 1077 1920 1104 Ba~

1125 1127 1212 1155 siliutn
1230 1127 1338 1155 evolare
1355 1127 1477 1159 solebat;
1503 1133 1640 1160 nunquam
1654 1125 1725 1152 enim
1741 1131 1774 1152 eo
1786 1128 1921 1158 pnescnte

1125 1174 1194 1209 patri
1210 1173 1325 1201 insidias
1339 1177 1446 1200 struere
1458 1175 1516 1200 ausi
1537 1172 1661 1199 fuissent.
1687 1170 1795 1204 Magnas
1823 1170 1849 1196 in
1868 1169 1921 1196 Ec-

1125 1219 1206 1247 clesia
1218 1219 1390 1246 Naxianzena
1407 1219 1501 1246 turbas
1517 1218 1650 1245 excitavit
1664 1217 1787 1252 Gregorii
1801 1215 1920 1243 subscri-

1125 1266 1192 1301 ptio,
1206 1271 1234 1293 et
1249 1266 1341 1293 statim
1355 1265 1479 1293 monachi
1491 1265 1525 1292 ab
1541 1264 1599 1299 eius
1612 1263 1802 1292 communione
1815 1262 1920 1289 disces-

1125 1317 1237 1345 serunt;
1265 1312 1337 1347 quod
1355 1319 1426 1338 anno
1446 1312 1498 1339 565
1521 1311 1644 1345 contigit,
1677 1310 1700 1337 si
1718 1309 1825 1344 quidem
1852 1315 1920 1334 non-

1125 1358 1189 1385 dum
1219 1358 1409 1390 discesserant,
1430 1364 1490 1383 cum
1509 1364 1580 1383 anno
1593 1355 1646 1383 562
1672 1355 1848 1382 Nazianzenus
1869 1353 1921 1380 Ec-

1126 1404 1217 1432 clesia:
1234 1404 1409 1432 concordiam
1426 1404 1551 1430 laudaret
1577 1401 1740 1437 Gregorius;
1767 1407 1863 1428 recens
1873 1407 1922 1426 au-

1129 1456 1183 1478 tem
1198 1456 1259 1478 erat
1283 1451 1425 1482 discessio,
1454 1458 1515 1478 eum
1529 1449 1644 1484 primatu
1667 1452 1762 1476 contra
1785 1446 1921 1474 Julianutn

1124 1497 1180 1531 jam
1192 1498 1358 1525 exstinctum
1374 1497 1535 1524 invectivam
1547 1495 1687 1523 scriberet.
1703 1493 1826 1528 Denique
1840 1492 1921 1520 dissi-

1129 1544 1186 1577 dio,
1204 1544 1274 1578 quod
1294 1542 1449 1571 diuturmtm
1469 1550 1522 1570 non
1542 1542 1641 1574 fuerat,
1657 1541 1762 1571 sedato,
1786 1538 1923 1573 composi-

1129 1594 1246 1622 to,ctc.,
1267 1589 1416 1616 instaurata
1436 1594 1477 1616 est
1488 1587 1634 1616 concordia
1659 1594 1731 1614 anno
1747 1585 1811 1613 564.
1827 1585 1921 1612 Mona-

1128 1636 1195 1663 chos
1209 1635 1281 1662 enim
1297 1643 1311 1661 a
1329 1642 1358 1662 se
1375 1645 1385 1660 ι
1401 1635 1436 1662 ob
1448 1635 1558 1670 pietatis
1574 1633 1660 1660 zelum
1672 1643 1681 1659 ι
1698 1632 1860 1659 dissidentes
1871 1629 1923 1657 sibi

1127 1686 1154 1709 et
1174 1682 1282 1710 cteteris
1307 1681 1493 1709 reconciliavit
1511 1679 1668 1715 Gregorius,
1701 1683 1758 1706 tum
1775 1678 1811 1705 ob
1838 1676 1924 1711 ipsius

1128 1728 1319 1758 reverentiam.
1337 1732 1394 1755 tum
1420 1726 1455 1754 ob
1478 1727 1611 1761 dogmatis
1630 1725 1785 1760 puritatem.
1820 1732 1830 1749 ι
1844 1722 1924 1750 Solus

1127 1781 1255 1809 namque,
1269 1779 1298 1801 ut
1315 1774 1353 1801 ait
1366 1773 1514 1808 Gregorius
1539 1777 1632 1800 noster
1648 1771 1692 1807 (ἰ),
1717 1770 1828 1798 illresam
1845 1775 1923 1796 men-

1128 1824 1192 1853 tem,
1224 1819 1390 1854 minimeque
1418 1818 1497 1847 simul
1527 1826 1588 1846 cmn
1617 1821 1770 1845 atramento
1795 1814 1924 1843 infectam

1129 1866 1246 1893 animam
1262 1866 1363 1893 habere
1376 1866 1497 1893 creditus
1508 1869 1560 1898 est,
1577 1865 1684 1891 tametsi
1698 1871 1747 1898 per
1759 1861 1843 1889 animi
1855 1862 1924 1888 sim-

1129 1912 1276 1946 plicitatem
1293 1911 1422 1946 abreptus
1450 1910 1556 1943 fuisset,
1589 1909 1737 1944 dolumque
1768 1909 1802 1935 ob
1835 1907 1921 1934 animi

1129 1958 1314 1985 sinceritatem
1328 1957 1363 1984 ab
1383 1958 1457 1985 omni
1484 1957 1545 1984 dolo
1570 1956 1684 1983 alienam
1703 1955 1815 1982 minime
1836 1953 1925 1981 cavis-

1129 2008 1204 2032 set.»
1232 2004 1270 2031 ita
1295 2003 1386 2038 gravis
1416 2003 1545 2030 Ecclesiae
1569 2003 1748 2030 Nazianzena:
1777 2005 1925 2035 tempestas

1129 2050 1222 2077 sedata
1240 2055 1283 2077 est
1299 2048 1424 2084 Gregorii
1438 2048 1555 2083 episcopi
1570 2047 1695 2081 precibus
1717 2051 1744 2072 et
1760 2043 1924 2072 admonitio-

1130 2095 1222 2128 nibus,
1240 2099 1304 2122 nato
1334 2095 1443 2121 interim
1460 2094 1570 2129 pietatis
1598 2097 1626 2121 et
1651 2099 1742 2128 opem
1770 2090 1860 2121 socio;
1878 2088 1925 2124 qui

1130 2148 1190 2168 cum
1205 2141 1274 2175 patri
1290 2140 1323 2167 ad
1349 2147 1431 2167 omne
1446 2140 1544 2167 bonum
1573 2145 1666 2166 comes
1679 2142 1708 2165 et
1721 2136 1830 2172 adjutor
1841 2139 1926 2167 esset,

1130 2194 1162 2214 ac
1198 2186 1271 2214 velut
1309 2193 1325 2212 a
1358 2185 1442 2213 latere
1469 2188 1602 2216 curreret,
1636 2182 1681 2210 hic
1710 2182 1756 2209 Dei
1795 2179 1926 2208 beneﬁcio

1132 2232 1219 2260 multo
1244 2232 1392 2260 maximam
1420 2230 1524 2258 laboris
1547 2229 1683 2258 studiique
1711 2229 1926 2255 oartemcontu-

288 2276 350 2302 odio
363 2275 497 2303 haberent
520 2284 553 2303 ac
567 2277 750 2304 detestationi.
768 2277 828 2310 Qua
852 2278 926 2313 pacis
939 2279 1078 2306 celeritate
1094 2279 1116 2307 D
1131 2279 1171 2307 lit.

289 2321 447 2356 subreptum
467 2323 535 2357 pene
551 2323 600 2351 fuit
619 2329 645 2351 et
657 2325 842 2359 obscuratum,
857 2325 929 2359 quod
946 2324 974 2352 in
994 2325 1082 2352 medio

289 2369 413 2403 contigit.
429 2377 439 2395 ι
453 2368 554 2404 Ecquis
567 2375 657 2398 autem
672 2371 832 2398 resarcitum
843 2376 896 2398 tam
912 2381 921 2397 ι
935 2371 1059 2399 celeriter
1069 2381 1079 2398 ι

289 2417 316 2440 et
338 2413 562 2449 redintegratum,
581 2415 627 2444 vix
644 2420 675 2443 ut
688 2416 828 2443 exstitisse
848 2417 986 2450 credatur,
1002 2421 1083 2451 atque

288 2465 370 2488 etiam
386 2459 468 2488 breve
487 2460 631 2488 dissidium
646 2465 721 2496 putet
748 2462 820 2496 quod
848 2462 926 2489 annis
941 2461 1028 2489 tribus
1050 2463 1083 2489 ad

290 2506 430 2534 minimum
448 2510 494 2534 aut
516 2511 633 2541 quatuor
645 2508 882 2542 perseveraverit?
900 2508 966 2542 Quis
991 2509 1083 2536 credat

289 2556 329 2580 tot
343 2552 422 2580 annis
437 2552 651 2587 indignationem
666 2561 743 2582 suam
769 2555 901 2588 pressisse
918 2555 1082 2586 monachos,

289 2604 358 2631 quos
392 2597 562 2625 «admodum
596 2597 714 2626 bellaces
743 2603 824 2633 atque
856 2599 883 2626 in
916 2599 1085 2633 conﬂigendo

291 2650 366 2671 acres
378 2647 406 2671 et
420 2643 524 2671 feroces
540 2655 548 2670 ι
569 2644 665 2682 scribit
677 2643 824 2680 Gregorius
838 2649 930 2672 noster
947 2645 1006 2680 (ως

328 2689 398 2723 Quid
427 2690 527 2725 plura?
553 2689 679 2724 Quandiu
708 2691 822 2719 discissa
840 2692 890 2719 fuit
914 2691 1085 2721 Nazianzena

326 2782 365 2818 (α)
378 2783 424 2811 0r.
441 2785 468 2815 ὅ,
486 2792 513 2811 n.
527 2785 570 2812 10.

328 2819 365 2852 (ὁ)
383 2819 429 2845 0r.
446 2820 489 2851 l8,
506 2827 532 2846 tt.
549 2819 593 2847 18.

329 2853 364 2887 (ι’)
380 2852 446 2882 una.

329 2889 368 2921 ld)
382 2889 428 2916 0r.
445 2888 490 2920 21,
512 2898 537 2916 n.
551 2889 596 2917 25.

328 2925 362 2959 (ιι)
382 2925 428 2951 Ur.
448 2925 490 2956 18,
504 2934 529 2952 u.
545 2925 587 2952 18.

1133 2335 1241 2363 LXXX.
1257 2334 1404 2369 Theologus
1423 2333 1539 2367 loquitur
1557 2331 1719 2369 perindeec
1743 2331 1770 2369 si
1785 2339 1845 2357 rem
1872 2331 1926 2365 ipse

1182 2371 1259 2406 foret,
1273 2370 1341 2404 quod
1355 2367 1446 2404 pietati
1458 2377 1519 2402 erga
1532 2374 1632 2402 patrem
1648 2367 1816 2394 tribuendum
1829 2371 1878 2392 est.

1167 2416 1281 2444 Miretur
1298 2415 1412 2442 forsitan
1427 2414 1561 2448 quispiam
1589 2420 1637 2440 cur
1650 2411 1808 2446 Gregorius,
1833 2411 1869 2438 de
1884 2418 1927 2437 sc-

1132 2463 1235 2490 ditione
1263 2462 1392 2489 adversus
1414 2465 1518 2496 patrem
1548 2466 1627 2487 suum
1655 2460 1772 2486 excitata
1789 2465 1804 2484 a
1822 2457 1926 2484 ferven-

1134 2510 1203 2537 tiore
1226 2508 1354 2537 Ecclesiae
1380 2513 1458 2543 parte
1492 2507 1574 2536 verba
1605 2507 1717 2539 faciens,
1743 2504 1857 2540 perinde
1888 2503 1926 2530 lo-

1133 2561 1234 2592 quatur
1260 2563 1293 2582 ac
1315 2555 1338 2582 si
1365 2554 1422 2590 ipse
1455 2561 1517 2582 reus
1548 2558 1620 2581 esset
1645 2556 1673 2580 et
1701 2559 1761 2579 cum
1791 2556 1867 2585 patre
1900 2550 1925 2575 in

1136 2607 1246 2635 pravam
1271 2599 1428 2627 societatem
1463 2602 1617 2633 pertractus
1655 2595 1754 2623 fuisset
1787 2602 1796 2621 -.
1831 2591 1924 2619 «Νιιι

1135 2653 1206 2679 cum,
1221 2645 1309 2680 inquit
1322 2644 1368 2680 (j),
1381 2652 1397 2672 a
1409 2643 1572 2672 ferventiore
1588 2642 1714 2670 Ecclesiae
1727 2644 1805 2676 parte
1816 2639 1851 2667 ob
1864 2645 1924 2665 eam

1135 2699 1246 2720 causam
1261 2692 1357 2719 seditio
1376 2691 1403 2718 in
1421 2698 1471 2718 nos
1485 2690 1603 2718 excitata
1622 2692 1709 2722 esset;
1726 2686 1799 2723 quod
1823 2684 1926 2719 scripta

1169 2783 1202 2817 (Γ)
1217 2783 1262 2810 0r.
1279 2783 1305 2813 6,
1323 2791 1349 2808 ιι.
1367 2783 1382 2808 9
1400 2787 1427 2808 et
1443 2782 1485 2808 l2.

1168 2821 1204 2852 (υ)
1216 2819 1262 2846 0r.
1273 2819 1302 2844 2|
1311 2838 1318 2850 ,
1337 2826 1364 2844 n.
1381 2817 1428 2844 25.

1168 2855 1205 2888 (lii
1222 2856 1268 2880 Ur.
1288 2854 1315 2883 5,
1334 2861 1359 2879 ιι.
1374 2853 1399 2878 6.

1168 2891 1198 2917 (il
1219 2888 1265 2915 0r.
1284 2889 1326 2918 l8,
1343 2897 1368 2913 ιι.
1394 2887 1433 2914 18.

1169 2925 1203 2959 (j)
1223 2924 1268 2951 Or.
1284 2924 1325 2956 l8,
1341 2931 1367 2950 ιι.
1387 2923 1429 2951 ts.
