2055 3130
188 175 240 203 185

844 176 925 204 VITA
946 176 974 204 S.
992 176 1169 208 GREGORII.

1768 178 1819 205 l86

186 237 302 270 quodam
320 241 346 263 et
363 236 518 265 artiﬁciosis
535 238 626 265 verbis
647 239 856 272 circumscripti,
874 239 900 264 in
917 246 978 272 pra-
993 242 1013 270 Α
1031 240 1098 274 ιιιιίι,
1109 239 1257 275 Gregorius
1280 238 1330 274 (a),
1359 239 1410 266 hac
1423 239 1451 266 in
1465 246 1494 266 re
1508 238 1708 266 consultoribus
1721 247 1752 266 ac
1764 241 1819 266 sin-

187 290 247 309 vam
264 282 421 310 societatem
445 284 571 318 pcrtracti
599 283 753 312 fuissemus.
767 293 776 310 ι
795 283 893 311 Verum
908 285 978 312 absit

158 357 164 365 .
187 331 215 353 ut
230 328 394 356 arbitremur
413 329 572 364 Gregorium
587 334 721 362 nostrum,
738 330 868 356 doctrinae
883 330 977 356 callio-

187 372 246 400 licae
265 372 381 408 pugilem
393 374 542 408 egregium,
558 374 638 401 simul
655 382 715 401 cum
729 378 807 410 patre
822 376 855 402 ab
869 375 977 402 Ariauis

186 419 327 454 deceptum
343 418 436 447 fuisse.
452 420 480 447 ld
498 420 570 447 enim
597 421 690 456 pietati
712 428 775 455 erga
794 426 933 455 parentem
951 426 977 448 et

186 464 350 492 humanitati
366 466 458 492 datum
476 466 559 494 videri
575 466 665 497 debet.
679 468 750 502 quod
766 468 799 495 de
816 468 891 502 culpa
905 468 976 495 velut

186 512 322 539 communi
343 512 478 547 loquatur.
494 513 561 541 Cum
590 519 681 541 autem
708 523 761 541 non
783 515 912 549 seipsnm,
929 515 976 541 scd

186 557 272 584 solum
299 562 405 592 patrem
431 564 552 592 excuset,
569 569 578 586 ι
593 559 631 595 (α)
650 560 694 595 qui
713 560 786 587 solus
802 561 912 587 illaesum
929 568 976 587 cor

184 602 294 635 habere,
313 611 363 630 nec
378 604 457 630 simul
473 604 589 632 animam
612 612 673 632 cum
689 610 842 633 atramento
860 606 976 634 foedasse

185 649 303 677 creditus
317 654 369 682 est,
382 659 392 675 ι
411 650 513 678 indicat
541 652 660 686 seipsum
679 660 730 678 non
761 653 966 686 subscripsisse.

185 695 306 730 adeoque
323 703 372 723 nec
390 701 502 724 externa
515 698 623 725 actione
642 705 760 725 errasse.
775 697 908 725 Praeterea
925 698 972 724 ob-

184 740 355 774 servandum,
373 742 478 776 culpant
507 743 714 778 subscriptionis
739 749 857 778 paterna:
878 744 973 778 praeci«

185 794 238 820 pne
248 787 399 815 derivatam
413 788 439 815 in
455 787 550 822 filium,
578 789 650 824 quod
677 797 737 816 cum
753 796 839 824 patre,
853 794 882 816 ut
899 790 973 816 vide-

183 833 275 865 batur,
294 833 369 867 lapso
380 835 597 861 communionem
612 836 751 868 retineret,
767 843 816 862 nec
833 836 866 862 ab
879 843 910 862 eo
926 843 970 862 sc-

181 887 220 910 se,
234 879 272 905 uti
285 879 475 913 ferventiores,
490 885 639 915 separaret.

206 925 325 953 LXXXI.
341 925 476 953 Pra'clnra
487 926 608 962 Gregorii
620 929 647 954 in
659 928 726 954 lianc
742 936 793 955 rem
808 930 944 955 sententia.

217 971 284 999 lluic
302 978 401 1000 nostrze
418 973 451 1000 de
477 973 587 1001 dissidio
603 973 781 1001 Nazianzente
797 974 924 1002 Ecclesia:
944 979 971 1001 et

181 1019 331 1046 instaurata
345 1026 410 1054 pace
423 1019 602 1054 disquisitioni
619 1020 697 1047 ﬁnem
716 1021 886 1055 imponamus
899 1029 970 1056 pra:-

181 1065 254 1091 clara
275 1065 302 1092 in
316 1065 388 1092 banc
404 1073 459 1092 rem
475 1065 599 1101 Gregorii
613 1066 745 1094 sententia
761 1075 769 1093 :
786 1076 795 1092 ι
810 1067 891 1099 Nihil,
909 1077 918 1092 )
942 1072 971 1094 ut

178 1111 304 1138 observat
319 1111 362 1137 vir
374 1116 485 1139 sanctus
508 1111 534 1139 in
554 1112 677 1139 oratione
694 1121 775 1148 quam
791 1113 824 1140 de
839 1121 905 1146 pace
921 1114 970 1140 lia-

179 1157 236 1183 bnit
256 1157 303 1192 (ὁ),
320 1166 329 1182 ι
343 1164 400 1190 eos,
428 1159 471 1192 qui
492 1158 601 1185 sincero
616 1159 697 1186 animi
716 1157 812 1186 affectu
825 1160 908 1186 Deum
923 1167 969 1187 co--

180 1203 250 1234 lunt,
266 1211 343 1238 aeque
359 1204 428 1230 inter
450 1211 480 1231 se
490 1203 626 1233 conciliat.
658 1209 740 1239 atque
754 1205 927 1232 consentiens
938 1205 971 1232 de

178 1249 234 1276 Deo
249 1250 386 1280 doctrina:
399 1252 624 1286 quemadmodum
641 1255 734 1278 contra
755 1251 822 1278 nihil
838 1251 871 1278 ad
895 1251 972 1279 dissi-

178 1294 252 1320 dium
269 1295 305 1322 ita
335 1302 486 1331 promptum
502 1304 532 1323 ac
548 1301 671 1331 paratum
698 1301 750 1330 est,
769 1301 799 1323 ut
814 1296 921 1324 diversa
943 1297 969 1323 in

178 1341 229 1368 hac
249 1349 279 1368 re
304 1343 455 1369 animorum
484 1344 627 1371 sententia.
656 1342 705 1369 llic
724 1343 808 1376 enim,
826 1343 907 1370 etiam
923 1343 968 1377 qui

179 1387 237 1414 aliis
252 1389 278 1414 in
291 1389 373 1415 rebus
384 1389 555 1422 aequissimus
570 1394 596 1416 et
618 1389 763 1417 facillimus
782 1393 834 1422 est,
859 1388 968 1416 ferven-

178 1433 297 1460 tissimus
314 1434 436 1467 exsistit;
455 1442 486 1460 ac
503 1438 660 1462 mansuetus
677 1442 739 1462 vere
765 1442 871 1469 pugnax
886 1433 969 1462 effici-

178 1484 230 1511 tur,
252 1487 312 1506 cum
327 1487 356 1506 se
371 1487 418 1514 per
429 1481 564 1508 lenitatem
582 1481 627 1508 Dei
636 1480 770 1514 iacturam
786 1479 886 1511 facere,
903 1479 966 1510 imo.

176 1528 206 1549 ut
222 1523 323 1550 rectius
340 1524 444 1559 loquar,
470 1533 517 1559 per
543 1525 740 1560 prolapsionem
763 1533 852 1557 suam,
870 1524 967 1557 Deum,

176 1569 221 1602 qui
236 1577 286 1597 nos
299 1575 326 1597 et
337 1577 385 1605 pro
396 1571 497 1598 divitiis
511 1571 592 1599 habet
605 1576 632 1599 et
643 1571 740 1598 divites
757 1571 853 1602 reddit,
869 1571 968 1598 damno

175 1614 281 1642 allicere
307 1616 450 1650 conspicit.
469 1616 514 1643 Sic
543 1617 634 1652 igitur,
653 1624 702 1643 nos
733 1618 759 1642 in
787 1617 843 1651 ipsa
858 1624 967 1651 quoque

177 1662 350 1689 contentione
366 1664 531 1690 moderatius
553 1671 603 1691 nos
633 1664 705 1698 ipsos
719 1663 866 1698 gessimus;
900 1663 967 1690 adeo

177 1711 205 1733 ut
216 1708 360 1735 concordia
375 1708 559 1744 disjunctione
575 1710 631 1744 ipsa
646 1709 746 1737 clarior
759 1709 852 1740 fuerit,
868 1716 902 1736 ac
919 1716 968 1743 per

177 1759 221 1783 ea,
236 1759 295 1786 qum
310 1753 436 1787 utrinque
450 1753 510 1781 laeta
525 1758 553 1782 et
569 1755 711 1782 commoda
726 1753 900 1786 exstiterunt,
925 1753 961 1785 id,

175 1798 245 1831 quod
260 1798 287 1825 in
303 1799 390 1826 medio
405 1799 527 1835 contigit,
542 1807 609 1834 pene
623 1800 781 1835 subreptum
793 1803 821 1827 et
841 1800 968 1826 obscura-

177 1849 242 1871 111111.
255 1854 263 1869 Ι

175 1902 305 1931 LXXX".
331 1903 458 1930 .Vascmti
472 1906 497 1930 in
515 1904 635 1932 Ecclesia
655 1904 811 1931 (ἕψεαι-ἱρηδὶ
825 1902 966 1929 discordia:

211 1939 307 2000 "fieri
323 1941 420 1975 satagit
433 1939 587 1974 Gregorius,
602 1947 626 1967 et
645 1941 777 1967 orationes
789 1940 815 1965 in
827 1938 966 1965 Julianum

210 1983 223 2001 ε
236 1984 250 2000 (ι
270 1979 329 2001 orat

211 2031 270 2064 Quo
289 2034 409 2065 tempore
424 2029 537 2056 discissa
560 2032 619 2055 erat
640 2027 809 2054 Nazianzena
836 2027 965 2061 Ecclesia,

176 2077 249 2105 aliud
265 2077 385 2104 schisma
399 2083 453 2103 non
471 2075 560 2102 minus
575 2073 685 2101 exitiale
698 2073 860 2101 Caesariensi
872 2074 966 2101 Eccle-

176 2124 223 2150 εἰει·
235 2122 416 2157 impendebat,
431 2125 457 2147 et
467 2120 580 2156 jamjam
598 2123 657 2146 erat
672 2119 804 2145 oriturum
823 2126 858 2146 ex
873 2119 968 2146 simul-

178 2169 288 2201 tatibus,
303 2175 371 2203 quas
391 2167 524 2195 Eusebius
539 2166 717 2194 Caesariensis
733 2165 883 2200 episcopus,
899 2173 968 2200 pra»

178 2216 220 2243 sul
238 2215 301 2242 licet
314 2222 419 2242 morum
431 2214 574 2250 honestate
586 2213 676 2241 clarus
686 2217 713 2241 et
727 2213 827 2248 pietate
841 2212 965 2247 insignis,

178 2261 310 2289 adversus
324 2260 453 2288 Basilium
467 2259 630 2292 exercebat;
644 2258 721 2293 cujus
739 2259 776 2286 rei
797 2265 878 2286 causa
895 2258 966 2293 opti-
983 2274 1004 2301 Ι)

178 2315 282 2335 morum
295 2313 477 2341 quorumque,
493 2305 630 2340 praecipue
640 2313 705 2332 vero
720 2305 925 2336 monachorum,
940 2304 965 2331 in

178 2362 207 2381 se
219 2354 311 2381 odium
326 2354 484 2381 concitavit.
517 2353 549 2380 lli
567 2361 694 2388 namque,
710 2353 803 2387 iniquo
820 2353 912 2380 animo
929 2352 968 2380 fe.

178 2405 269 2428 rentes
282 2400 376 2427 ducem
395 2407 475 2427 suum
498 2399 626 2426 Basilium
652 2399 686 2426 ab
709 2399 838 2426 Ecclesia:
852 2399 968 2426 admini-

178 2446 310 2473 stratione
326 2446 459 2473 removeri
482 2450 564 2480 atque
585 2445 681 2480 injuria
699 2443 778 2477 allici,
800 2445 890 2471 statim
918 2451 967 2470 au-

149 2497 154 2511 τ
179 2492 237 2519 daci
250 2490 369 2519 facinore
380 2491 414 2518 ab
432 2491 551 2526 episcopi
564 2491 753 2518 communione
771 2490 898 2518 recedere
912 2495 965 2517 sta-

179 2542 269 2570 tuunt,
284 2544 433 2572 secumque
448 2542 552 2571 partem
565 2536 652 2571 plebis
663 2541 689 2563 et
706 2536 900 2563 honoratorum
916 2544 968 2562 non

178 2583 302 2618 exiguam
317 2583 492 2610 abstrahunt.
506 2583 540 2609 At
554 2582 681 2614 Basilius,
698 2582 768 2609 ﬁlius
784 2583 868 2617 pacis,
882 2590 934 2609 non
948 2582 970 2608 is

178 2633 248 2662 erat,
272 2629 317 2664 qui
341 2638 390 2657 sua
411 2638 493 2657 causa
510 2630 659 2657 Ecclesium
679 2629 792 2657 lacerari
811 2633 967 2664 pateretur;

177 2675 334 2703 mnsiliario
358 2683 385 2703 et
409 2676 548 2703 hortatore
561 2675 691 2710 Gregorio
708 2681 798 2708 utens,
827 2683 879 2702 una
905 2683 965 2703 cum

178 2721 224 2750 illo
240 2722 266 2749 in
283 2721 421 2750 Ponticam
439 2722 609 2750 solitudinem
630 2722 760 2750 secessit:
777 2731 786 2748 ι
801 2721 892 2754 Nobis.
923 2722 962 2749 iii-

215 2810 253 2846 (α)
268 2811 346 2842 13011..
363 2811 466 2845 9|Maii.
477 2820 502 2846 Ρ.
515 2811 577 2840 585.

214 2848 251 2881 (bi
266 2846 311 2874 0r.
327 2846 353 2875 6.
372 2856 398 2873 ιι.
419 2846 459 2873 12.

215 2882 253 2916 (c)
273 2883 319 2908 (ιτ.
332 2882 374 2913 53,
391 2890 417 2908 ιι.
430 2882 473 2908 ⁵29.

216 2921 254 2951 (ιι)
275 2916 321 2945 0r.
343 2917 369 2950 1,
388 2926 414 2944 ιι.
432 2920 456 2944 ὅ.

1031 287 1101 313 ceris
1118 286 1298 313 monitoribus
1308 294 1384 318 usus,
1402 285 1540 313 nobiscum
1555 286 1581 313 in
1595 285 1708 313 Pontum
1723 286 1818 320 prorn-

1031 332 1080 365 git.
1098 339 1107 356 ι
1124 330 1314 358 Secessionem
1330 331 1403 357 illam
1421 338 1492 357 anno
1504 330 1556 358 564
1572 335 1698 364 exeunte,
1714 335 1760 357 aut
1779 331 1819 358 in-

1030 382 1109 404 eunte
1136 377 1199 410 365,
1224 377 1406 404 collocandum
1432 383 1492 403 esse
1517 377 1615 411 probat
1640 381 1736 403 auctor
1755 375 1819 403 Viue

1028 423 1113 449 sancti
1134 422 1238 453 Basilii,
1256 430 1315 456 cap.
1336 421 1363 454 9,
1390 429 1417 448 n.
1438 421 1454 448 6
1473 429 1479 447 :
1497 421 1588 456 itaque
1608 421 1664 456 jam
1683 422 1819 448 exstincto

1028 469 1175 497 schismate
1189 468 1363 495 Nazianzeno
1375 467 1498 502 contigit.

1065 515 1193 542 Basilium
1206 520 1297 542 autem
1315 514 1483 549 presbyterio
1496 513 1613 540 nondum
1629 513 1775 545 initiatum,
1791 518 1819 540 et

1028 561 1054 588 in
1069 560 1214 587 solitudine
1229 564 1363 594 agentem.
1382 567 1453 586 anno
1470 558 1533 592 565,
1549 558 1696 594 Gregorius
1719 566 1818 586 conve-

1028 612 1123 635 nerat:
1138 607 1244 634 sublato
1261 606 1366 633 scilicet
1386 613 1402 633 e
1422 605 1490 633 vivis
1510 604 1616 632 Juliano
1635 605 1775 640 Apostata,
1791 609 1818 632 et

1029 654 1118 680 adhuc
1136 653 1266 686 ﬂagrante
1283 651 1455 679 Nazianzeno
1468 652 1632 684 schismate;
1651 651 1742 686 ibique
1759 658 1818 677 am-

1026 700 1075 726 bas
1102 700 1127 726 in
1148 699 1304 733 Apostalam
1330 698 1466 725 orationes
1490 698 1646 732 scripserat,
1673 698 1818 733 adjuvante

1028 753 1076 772 seu
1092 745 1255 772 consiliante
1274 743 1384 775 Basilio,
1401 748 1430 770 ut
1445 751 1475 770 ex
1492 743 1535 770 his
1547 742 1672 770 secunda:
1688 743 1816 770 Stcleuti-

1025 797 1064 816 ραι
1077 789 1128 825 (sic
1141 789 1213 816 enim
1227 789 1279 815 illa:
1290 788 1490 823 nuncupantur)
1507 789 1597 815 verbis
1614 788 1741 823 colligunt
1757 796 1817 815 eru-

1025 834 1072 861 diti
1093 843 1100 862 :
1121 843 1131 860 ι
1151 833 1213 861 Hmc
1229 834 1276 861 tibi
1293 833 1408 861 Basilius
1427 838 1454 861 et
1470 834 1626 868 Grcgorius,
1647 843 1656 860 ι
1675 840 1729 862 etc.
1757 834 1815 862 Non

1026 881 1219 915 imprudenter,
1246 885 1277 907 ut
1299 880 1381 907 Petro
1403 879 1496 907 Cuneo
1524 881 1639 912 videtur,
1667 880 1814 913 lulianum,

988 924 1008 952 Β
1027 934 1036 950 ι
1055 931 1181 960 tanquam
1202 926 1230 952 in
1254 933 1347 958 scena,
1367 926 1453 960 palam
1475 926 1600 954 Omnibus
1617 926 1761 954 ludibrium
1777 926 1816 953 fe-

1023 971 1077 1003 cit;
1098 981 1107 997 ι
1124 972 1170 999 sed
1189 971 1279 998 multis
1290 976 1318 998 et
1333 971 1422 1005 magni
1440 972 1569 999 momenti
1583 971 1732 999 rationibus
1745 973 1817 1006 Apo-

1023 1023 1120 1045 statam
1148 1017 1255 1053 publice
1273 1018 1448 1052 proscindere
1471 1018 1625 1052 compulsus
1648 1022 1700 1046 est.
1716 1017 1818 1046 Pricci-

1022 1071 1089 1098 pnas
1105 1068 1208 1090 tantum
1237 1063 1352 1096 caeteris,
1374 1063 1517 1091 brevitatis
1542 1071 1624 1091 causa
1650 1063 1814 1098 praetermis-

1023 1109 1072 1142 sis,
1105 1109 1275 1137 exhibemus.
1300 1108 1339 1144 (d)
1365 1109 1456 1137 Primo
1481 1109 1564 1144 igitur
1589 1110 1742 1145 oportebat,
1765 1110 1816 1137 hoc

1022 1156 1145 1190 exemplo
1160 1164 1206 1183 eos
1220 1156 1246 1183 in
1259 1156 1375 1183 veritate
1391 1156 1558 1188 conﬁrmari,
1573 1156 1618 1192 qui
1633 1164 1694 1184 cum
1708 1157 1817 1184 univer-

1022 1210 1113 1229 sarum
1130 1202 1238 1237 quidem
1250 1210 1341 1229 rerum
1359 1202 1440 1229 Deum
1458 1203 1651 1237 confiteantur,
1670 1207 1759 1230 tamen
1778 1203 1813 1230 ob

1022 1249 1119 1275 animm
1134 1255 1189 1275 suze
1201 1247 1352 1280 levitatem,
1365 1248 1538 1282 superbiente
1559 1248 1652 1283 impio,
1673 1248 1815 1284 cogitatio-

1022 1294 1101 1321 nibus
1120 1294 1309 1327 incenduntur,
1333 1300 1506 1329 peccatorum
1529 1302 1623 1329 pacem
1641 1302 1693 1322 non
1711 1294 1812 1327 ferunt,

1021 1348 1070 1368 nec
1089 1341 1135 1367 Dei
1156 1340 1298 1368 consilium
1314 1345 1473 1376 exspectare
1491 1341 1634 1368 sustinent.
1650 1340 1686 1377 (e)
1711 1341 1813 1368 Deinde

1021 1388 1120 1416 Juliaui
1137 1388 1290 1415 facinorum
1305 1388 1477 1416 enarratione
1497 1388 1641 1423 gentilibus
1665 1389 1814 1416 ostenden-

1020 1435 1082 1463 dum
1094 1439 1164 1467 erat,
1181 1444 1190 1460 ι
1212 1435 1276 1469 quid
1290 1434 1349 1462 illos
1365 1435 1500 1462 daemones
1515 1435 1639 1462 doceant.
1657 1444 1666 1460 )
1681 1434 1725 1471 (Γ)
1739 1433 1813 1462 Tan-

1020 1483 1080 1509 dem
1092 1482 1142 1516 ipsi
1159 1480 1261 1512 ﬁdelcs,
1272 1489 1366 1508 eorum
1380 1489 1441 1516 qua:
1461 1481 1532 1516 passi
1547 1481 1812 1516 fuerantexpositio-

1020 1537 1065 1560 ne,
1091 1528 1280 1555 commonendi
1301 1527 1419 1560 fuerunt,
1449 1536 1483 1555 ne
1504 1528 1672 1563 tempestatis
1695 1528 1721 1554 in
1744 1533 1815 1554 tran-

1020 1573 1155 1609 quillitate
1168 1573 1404 1606 obliviscerentur,
1422 1582 1431 1599 ι
1452 1581 1502 1600 nec
1526 1573 1612 1601 morbi
1639 1573 1665 1600 in
1686 1574 1812 1604 sanitate,

1019 1627 1070 1647 nec
1084 1619 1259 1654 captivitatis,
1275 1619 1424 1646 incolumes
1434 1619 1460 1646 in
1477 1618 1626 1646 Jerusalem
1639 1619 1750 1651 reversi,
1764 1625 1814 1645 nec

1017 1665 1126 1700 Egypti
1152 1669 1213 1700 post
1237 1664 1396 1700 Egyptum.
1419 1673 1428 1691 ι
1446 1664 1485 1691 Ex
1507 1665 1548 1691 his
1575 1664 1742 1692 orationibus
1761 1665 1815 1691 duo

1018 1715 1150 1745 pratterea
1167 1710 1308 1742 discimus,
1325 1718 1439 1744 quorum
1456 1711 1531 1745 prius
1544 1711 1578 1737 ad
1592 1711 1732 1737 historiam
1745 1709 1815 1738 Gre-

1018 1756 1086 1790 gorii
1101 1759 1129 1783 et
1140 1755 1232 1783 Basilii
1250 1756 1365 1791 pertinet
1382 1764 1389 1788 ;
1405 1756 1519 1782 alterum
1542 1755 1677 1789 fidelibus,
1702 1756 1747 1790 qui
1762 1756 1813 1783 sub

1018 1802 1101 1837 impio
1118 1809 1181 1837 rege
1204 1802 1309 1834 vivunt,
1327 1802 1482 1828 erudiendis
1501 1802 1626 1829 idoneum
1650 1807 1702 1829 est.
1720 1801 1815 1837 Itaque

1017 1848 1150 1882 Gegorius
1163 1856 1192 1875 se
1203 1852 1230 1875 et
1243 1847 1371 1875 Basilium
1385 1853 1536 1882 postremos
1552 1848 1584 1875 ad
1596 1848 1811 1882 persecutionem

1018 1901 1033 1920 a
1052 1893 1161 1920 Juliano
1177 1898 1334 1920 reservatos
1353 1899 1413 1920 esse
1429 1893 1518 1925 docet,
1545 1893 1584 1920 sic
1612 1900 1673 1920 cum
1694 1893 1814 1927 compel-

1018 1939 1076 1966 lans
1089 1937 1147 1974 (g):
1167 1947 1176 1964 (
1198 1936 1261 1966 Haec
1280 1937 1327 1965 tibi
1350 1937 1466 1966 Basilius
1486 1942 1514 1965 et
1537 1937 1717 1973 Gregorius...
1745 1946 1814 1973 quos

1017 1991 1078 2011 cum
1098 1988 1126 2011 et
1141 1983 1196 2010 vita
1210 1987 1236 2011 et
1253 1991 1390 2015 sermone,
1404 1987 1432 2011 et
1448 1988 1539 2010 mutua
1562 1983 1706 2011 concordia
1723 1983 1814 2011 claros

1018 2035 1045 2058 et
1060 2030 1180 2057 celebres
1194 2029 1250 2064 jam
1268 2029 1329 2058 inde
1347 2037 1363 2057 a
1385 2029 1489 2057 Grmcia
1505 2037 1634 2057 nosses...
1659 2033 1810 2064 postremos

1018 2077 1051 2103 ad
1068 2076 1283 2111 persecutionem
1301 2076 1469 2103 reservabas.
1486 2085 1495 2102 ι
1513 2075 1639 2103 Fortunae
1653 2075 1780 2110 templum
1795 2084 1809 2101 a

1018 2123 1228 2150 Ctesariensibus
1240 2122 1415 2157 Cappadocia:
1428 2122 1478 2150 sub
1490 2122 1597 2150 Juliano
1608 2129 1742 2154 eversum,
1756 2128 1813 2156 pte-

1019 2176 1068 2196 nas
1084 2168 1184 2195 factum
1198 2168 1233 2195 ob
1253 2167 1316 2194 illud
1330 2167 1363 2195 ab
1374 2167 1413 2194 eis
1427 2172 1547 2202 sumptas
1562 2171 1694 2194 memorat
1707 2171 1734 2194 et
1753 2175 1814 2200 pro-

1018 2215 1103 2250 priam
1118 2222 1150 2242 eo
1164 2216 1196 2242 de
1212 2213 1320 2247 negotio
1339 2214 1500 2241 sententiam
1517 2213 1543 2239 in
1562 2213 1649 2247 prima
1663 2212 1809 2239 Stcleutica

1018 2260 1165 2295 Gregorius
1187 2259 1273 2294 aperit
1295 2259 1347 2286 hoc
1366 2259 1445 2286 modo
1458 2258 1500 2294 (Ιι)
1516 2267 1522 2285 :
1542 2267 1552 2284 ‹
1571 2257 1636 2291 Quae
1654 2267 1666 2283 ι
1690 2257 1812 2285 Julianus

1022 2315 1032 2332 ι
1047 2305 1075 2332 in
1093 2305 1276 2333 Ga:sarienses
1290 2309 1399 2332 nostros
1415 2304 1533 2337 admisit,
1548 2304 1608 2337 hos,
1620 2304 1741 2336 inquam,
1758 2303 1814 2331 ani<

1020 2352 1057 2379 mi
1074 2351 1263 2386 magnitudine
1276 2350 1415 2386 praeditos,
1434 2358 1466 2377 ac
1479 2350 1588 2385 pietatis
1599 2349 1690 2377 studio
1705 2350 1813 2376 ferven-

1019 2403 1072 2432 tes,
1087 2399 1123 2426 ita
1138 2399 1214 2426 abeo
1229 2397 1392 2432 exagitatos,
1409 2404 1442 2424 ac
1454 2404 1502 2431 per
1516 2396 1707 2423 contumeliam
1732 2403 1814 2423 vexa-

1019 2449 1072 2479 tos,
1101 2444 1216 2472 fortasse
1244 2450 1278 2470 ne
1303 2442 1420 2476 obiicere
1451 2442 1560 2477 quidem
1587 2448 1692 2476 aequum
1722 2441 1812 2468 fuerit-

1023 2490 1128 2518 Eteuim
1150 2489 1185 2517 ob
1202 2489 1361 2519 Fortunam,
1377 2487 1550 2514 fortunatiori
1564 2491 1684 2521 tempore
1699 2485 1814 2512 infortu-

1023 2537 1068 2564 nio
1083 2536 1217 2567 affectam,
1228 2535 1300 2569 iusta
1318 2533 1501 2569 indignatione
1515 2538 1678 2563 commotus.
1695 2532 1728 2559 ad
1743 2532 1813 2558 hanc

1023 2582 1152 2610 ultionem
1169 2587 1328 2616 progressus
1346 2587 1406 2607 esse
1420 2579 1581 2606 videbatur:
1597 2577 1813 2613 quand0quidem

1024 2626 1162 2662 iniustitiae
1186 2625 1337 2653 dominanti
1361 2624 1483 2652 nonnihil
1508 2622 1710 2651 concedendum
1731 2627 1783 2655 est.
1801 2632 1812 2648 ι

1020 2673 1154 2700 Gmterum
1169 2672 1195 2698 in
1213 2671 1412 2706 proscindendo
1428 2670 1558 2705 Apostata
1571 2667 1732 2702 Gregorium
1751 2667 1812 2694 nul-

1020 2719 1125 2747 latenus
1137 2718 1245 2746 modum
1256 2717 1418 2750 excessisse,
1432 2721 1458 2744 et
1473 2717 1499 2744 in
1515 2714 1622 2743 Mouitis
1638 2714 1694 2750 jam
1709 2714 1808 2742 demoa

1065 2807 1100 2842 (e)
1119 2807 1165 2835 0r.
1181 2807 1208 2839 5,
1227 2815 1254 2833 n.
1271 2806 1315 2834 56.

1061 2844 1100 2876 (Γ)
1121 2843 1199 2873 Ibid.,
1216 2850 1242 2869 n.
1256 2842 1300 2870 54,

1060 2879 1096 2912 (9)
1116 2878 1162 2904 0r.
1175 2877 1202 2910 5,
1221 2886 1248 2904 ιι.
1263 2878 1308 2904 59.

1059 2914 1099 2948 (lt)
1117 2914 1162 2941 Or.
1178 2912 1203 2946 1,
1217 2921 1243 2939 ιι.
1256 2912 1301 2939 92.
