2055 3130
249 170 300 198 137

912 170 992 198 VITA
1014 170 1042 199 S.
1063 170 1237 198 GBECORII.

1836 171 1885 198 183

246 233 363 256 stratum
378 227 447 260 fuit,
459 232 487 254 et
495 227 518 254 si
533 227 598 262 quid
612 233 734 262 superest
745 227 898 261 dicendum,
911 228 936 255 in
954 229 1042 263 prole-
1056 233 1080 261 Α
1098 229 1182 264 ipsum
1199 235 1320 262 tempore
1336 227 1478 259 mollitum,
1495 232 1522 254 ut
1536 227 1636 254 ferrum
1650 235 1720 263 igne,
1736 232 1763 256 et
1781 228 1814 256 ad
1827 230 1875 256 red-

206 293 213 299 .
247 273 372 310 gomenis
394 273 458 300 tomi
471 273 582 300 secundi
597 273 722 300 addetttr.

283 319 456 347 Orationibus
469 319 521 346 illis
535 319 568 346 ad
584 318 664 346 linem
678 319 822 354 perductis,
841 320 880 356 (α)
896 327 956 348 cum
968 319 1045 346 Basi-

246 365 299 392 lius
318 365 471 392 Caesaream
487 364 615 397 venisset,
631 369 712 400 atque
731 367 765 393 ab
786 366 901 394 Eusebio
926 365 1043 393 civitatis

246 411 390 445 episcopo,
417 417 510 437 mense
535 409 686 444 Septembri
713 411 777 438 anni
805 410 857 438 564
873 431 880 443 ,
900 410 1044 446 presbyter

245 461 355 484 creatus
380 460 465 488 esset,
493 455 616 483 dolorem
650 456 710 483 inde
733 461 904 492 conceptutn,
921 456 991 483 datis
1008 455 1042 482 ad

246 503 405 537 Gregorium
417 501 526 533 litteris,
541 501 721 536 signiﬁcavit;
737 502 780 529 cui
793 502 939 538 Gregorius
951 502 986 528 ita
1000 509 1043 528 re-

246 548 354 584 spondit
368 547 405 582 (b)
421 557 428 575 :
447 557 457 573 ι
476 547 602 582 Epistola:
620 552 674 575 tua:
688 549 847 583 prooemium
869 548 958 575 laudo.
972 546 1041 581 Quid

200 614 202 616 -
245 599 337 622 autem
353 598 460 620 tuorunt
477 600 530 620 non
547 597 588 620 est
600 593 783 620 laudandum?
799 593 837 620 Ac
851 598 877 619 tu
892 597 984 627 captus
998 599 1040 624 es,

245 640 474 675 quemadmodum
488 646 537 666 nos
552 646 659 674 quoque
672 639 869 674 circumscripti
889 646 897 665 :
915 638 1038 673 quando-

244 685 354 720 quidem
383 685 416 712 ad
445 684 595 720 presbyteri
623 685 735 720 gradum
758 685 886 719 pertracti
910 692 1038 713 sumus...

244 730 301 759 Iloc
310 739 362 758 non
374 730 431 758 ﬁeri
443 730 562 758 fortasse
572 731 680 764 quidem
689 730 896 765 praestitisset...
907 730 1039 764 Quoniam

244 782 335 804 autem
366 776 467 804 factum
489 781 541 808 est,
561 776 633 804 ferre
651 784 761 804 necesse
774 781 827 810 est,
847 781 876 803 ut
898 776 962 804 mihi
977 776 1039 812 qui-

244 823 304 850 dem
321 822 440 855 videtur,
461 830 494 849 ac
519 823 670 858 praesertim
689 823 724 850 ob
739 827 846 857 tempus
869 823 950 854 istud,
967 822 1038 857 quod

246 868 347 895 multas
369 869 447 896 nobis
473 869 661 897 hmreticorum
690 869 796 903 linguas
824 869 937 896 invehit.
956 879 965 894 ι
982 868 1039 896 Hoc

1097 274 1212 300 dendam
1229 272 1326 299 Basilio
1346 271 1559 299 benevolentiam
1583 273 1760 307 propendere,
1782 273 1835 300 imo
1853 274 1884 301 ad

1095 319 1268 347 scribendum
1288 323 1318 345 ut
1334 326 1396 346 eum
1414 318 1543 354 placaret,
1565 319 1635 345 haud
1657 318 1745 345 dubiis
1765 320 1883 347 testimo-

1095 365 1148 392 niis
1173 364 1362 395 intellexisset,
1384 364 1409 391 id
1425 364 1512 391 amico
1530 363 1691 399 quantocius
1711 364 1882 400 signiﬁcavit,

1095 415 1177 445 atque
1203 418 1264 437 eum
1290 411 1413 438 hortatus
1429 413 1471 437 est
1491 409 1647 445 Gregorius,
1676 415 1704 437 ιιι
1729 411 1882 445 episcopum

1093 460 1250 490 occuparet,
1268 461 1316 482 aut
1331 455 1498 482 adveniendo
1517 460 1562 482 aut
1575 455 1728 489 scribendo,
1751 457 1882 491 simulque

1094 501 1198 528 itineris
1211 508 1240 527 se
1258 501 1384 528 comitem
1414 500 1533 526 futurum
1549 500 1700 535 pollicetur.
1720 501 1822 529 Annuit
1832 502 1882 529 Ba-

1093 547 1179 579 silius,
1195 551 1222 574 et
1237 547 1380 574 confestim
1399 555 1460 574 eum
1476 547 1621 581 Gregorius
1636 548 1672 583 (ιι)
1686 555 1701 576 e
1715 547 1825 576 Pontica
1843 556 1882 575 so~

1094 593 1205 620 litudine
1220 594 1245 620 in
1259 601 1368 620 arenam
1386 594 1542 620 certaminis
1555 594 1653 621 educit.
1673 593 1739 621 Tam
1759 594 1882 628 prudenti

1092 639 1215 672 consilio,
1229 639 1262 666 de
1281 638 1390 671 Basilio,
1406 638 1440 665 de
1465 638 1592 671 Eusebio,
1611 638 1643 665 de
1661 638 1780 666 Ecclesia
1797 639 1882 667 Caesa-

1092 685 1173 713 riensi
1189 685 1289 719 optime
1300 685 1412 712 meritus
1427 689 1468 712 est
1481 684 1640 719 Gregorius;
1655 686 1794 713 exstinctae
1809 694 1882 713 nam-

1091 738 1143 765 que
1154 734 1220 757 sunt
1233 728 1397 762 simultates,
1410 730 1560 756 instattrata
1577 731 1731 762 concordia,
1744 730 1877 765 proﬂigati

1091 776 1195 807 Ariani,
1210 775 1255 810 qui
1269 783 1330 802 cum
1347 774 1413 802 alias
1430 775 1486 810 jam
1505 775 1638 803 Ecclesias
1656 776 1795 809 vicissent,
1812 776 1879 803 alias

1090 822 1290 857 oppugnabant,
1307 821 1374 848 alias
1390 821 1510 848 victuros
1527 828 1556 848 se
1577 822 1737 856 sperabant;
1762 830 1812 849 nec
1829 822 1880 849 ulla

1091 876 1120 896 re
1141 868 1229 903 magis
1244 868 1277 895 ad
1292 874 1368 901 spent
1386 868 1538 894 evertendrc
1557 867 1697 900 Cmsarczc,
1719 869 1761 896 cui
1785 868 1881 895 Valens

246 918 351 948 tempus
369 914 401 940 ad
426 913 546 941 Valentis
575 915 744 949 imperatoris
767 914 843 942 initia
868 913 1037 941 referendum
1054 916 1076 943 Β
1092 915 1238 948 imperator
1250 914 1357 949 agmine
1375 913 1536 940 Arianorum
1559 914 1746 948 episcoporum
1765 915 1880 949 stipatus

244 966 316 990 esse,
328 966 387 985 cum
402 958 506 985 scilicet
517 958 610 985 Ariani
626 958 684 992 ejus
701 958 851 992 patrocinio
864 957 925 985 freti
941 957 1034 984 omnia

242 1011 277 1031 ex
289 1003 403 1031 arbitrio
421 1011 470 1031 suo
491 1011 650 1031 successura
675 1008 827 1038 sperarent,
857 1008 950 1031 auctor
969 1002 1037 1030 Vita:

243 1050 328 1076 sancti
340 1049 434 1076 Basilii
450 1049 484 1086 (c)
496 1050 654 1077 certissimis
667 1050 832 1084 argumentis
842 1048 1034 1084 comprobavit.

241 1095 302 1123 Non
318 1096 402 1123 multo
416 1100 476 1131 post
489 1103 604 1123 evenere
619 1096 711 1123 Basilii
725 1103 785 1122 cum
801 1095 915 1122 Eusebio
932 1095 1037 1129 cpisco-

243 1149 278 1176 po
290 1149 338 1168 suo
349 1141 510 1172 simultates,
526 1146 603 1168 antea
618 1146 786 1175 memoratze;
804 1149 918 1176 quarum
929 1141 1036 1176 quidem

242 1187 488 1221 componendarum
503 1189 560 1214 haec
573 1188 622 1214 fuit
633 1189 750 1215 occasio.

241 1240 383 1268 LXXXIII.
404 1241 444 1267 Ad
460 1241 627 1279 spirjlttalcut
638 1247 791 1279 conuentum
805 1243 857 1269 sire
868 1243 902 1269 ad
913 1245 980 1271 diem
995 1246 1035 1279 [e—

366 1282 435 1303 stum
450 1277 482 1302 ab
497 1275 609 1303 Eusebio
621 1277 747 1303 invitatur
761 1276 912 1311 Gregorius.

277 1323 424 1358 Gregorius
442 1323 476 1349 ab
492 1321 607 1349 Eusebio
621 1322 654 1349 ad
669 1323 784 1357 aliquem
801 1329 964 1351 conventum
979 1325 1035 1359 spi-

242 1369 377 1401 ritualcm,
400 1369 457 1396 sire
485 1368 556 1395 diem
577 1367 686 1401 festum,
706 1370 905 1404 perhonorilice
926 1376 1035 1398 vocatus

241 1416 383 1450 rescripsit
399 1415 450 1450 (ά),
465 1420 490 1441 et
506 1415 539 1442 de
551 1414 624 1442 illata
639 1415 739 1442 Basilio
758 1416 855 1449 injuria
873 1417 957 1444 libere
968 1425 1034 1444 con«

241 1467 352 1497 questus
362 1465 413 1488 est.
433 1470 442 1486 (
459 1460 564 1488 Honore
573 1460 680 1494 quidem
695 1469 737 1488 tne
749 1461 796 1488 abs
807 1465 832 1487 te
843 1462 911 1488 allici
925 1462 1032 1489 lmtor...

241 1507 343 1535 Verum
358 1507 550 1534 contumeliam
568 1507 730 1534 cbarissimo
749 1507 825 1535 fratri
840 1507 940 1535 Basilio
956 1516 970 1535 a
989 1514 1033 1535 tua

241 1553 341 1588 pietate
369 1552 470 1579 illatam
487 1559 557 1584 esse,
586 1557 667 1586 atque
690 1552 837 1580 etiamnttm
861 1552 953 1581 inferri
975 1562 1034 1581 mo-

242 1598 311 1626 leste
325 1599 416 1626 l'ero...
433 1597 473 1624 Tu
495 1599 557 1624 dum
578 1605 611 1625 eo
626 1603 780 1634 contempto
796 1607 843 1626 nos
856 1600 959 1627 ltnnore
976 1599 1034 1627 alli-
1049 1593 1071 1620 (ἶ

242 1645 294 1677 eis,
311 1645 424 1680 perinde
446 1644 510 1671 milii
530 1645 622 1672 facere
643 1645 753 1678 videris,
776 1653 807 1672 ac
830 1646 851 1672 si
876 1647 936 1680 quis
957 1647 1036 1673 unius

240 1692 294 1720 viri
313 1695 394 1726 caput
409 1690 494 1717 altera
516 1698 595 1717 manu
617 1691 776 1724 demttlceat,
789 1691 871 1718 altera
890 1692 985 1718 malam
999 1692 1037 1719 fe-

241 1737 316 1769 riat;
334 1740 380 1763 aut
393 1735 474 1763 etiam
492 1735 629 1762 convulsis
642 1737 737 1764 domus
754 1736 935 1764 fundamentis
953 1738 1038 1772 parie—

242 1788 284 1810 tes
300 1781 401 1817 pingat,
422 1786 504 1815 atque
520 1785 647 1808 externas
669 1787 759 1815 partes
781 1786 904 1808 exornet.
922 1781 1037 1810 Proinde

241 1828 264 1856 si
280 1827 346 1862 quid
359 1827 424 1854 ntibi
437 1826 680 1861 obtemperandum
697 1827 815 1861 putabis,
828 1827 879 1854 hoc
896 1827 987 1855 facies.
1002 1827 1037 1854 Ut

241 1878 332 1900 autem
361 1872 542 1905 obtemperes,
565 1871 613 1898 abs
639 1876 666 1898 te
691 1875 751 1906 peto
773 1876 853 1906 atque
879 1873 1035 1898 contendo:

242 1925 349 1952 aequum
366 1920 408 1944 est
422 1916 504 1943 enitn.
519 1916 548 1943 Si
563 1916 648 1949 illum,
665 1921 694 1943 ut
706 1923 755 1950 par
769 1921 820 1948 est,
837 1916 964 1948 colueris,
978 1918 1037 1951 ipe

242 1971 350 1998 quoque
365 1963 399 1990 ab
418 1970 450 1990 eo
467 1961 587 1989 vicissim
601 1962 799 1989 obscrvaberis.
812 1961 867 1989 Nos
887 1968 977 1989 autem
994 1971 1035 1989 se-

241 2015 367 2043 quemur,
377 2007 604 2042 quemadmodum
615 2008 718 2034 umbra:
726 2015 852 2042 corpora,
861 2013 952 2042 utpote
962 2009 1037 2042 parvi

241 2058 269 2081 et
291 2053 326 2080 ad
338 2060 430 2088 pacem
444 2053 643 2088 propensiores.
659 2062 668 2078 ι
684 2052 712 2079 1η
729 2053 919 2080 contumeliam
932 2054 1038 2088 accepit

244 2098 380 2126 Eusebius
403 2098 554 2126 libertatem
572 2099 707 2134 Gregorii,
723 2099 770 2134 qui
787 2099 923 2134 rescripsit
941 2099 991 2134 (ε),
1008 2108 1037 2127 se

243 2151 296 2173 non
315 2145 522 2177 contumeliose,
539 2145 585 2172 setl
600 2146 801 2173 accommodate
822 2146 855 2173 ad
870 2145 942 2181 leges
958 2147 1032 2180 spiri-

242 2195 296 2223 tus,
313 2191 470 2225 scripsisse;
482 2199 587 2226 aequum
602 2192 676 2219 enim
691 2199 763 2224 esse,
779 2197 808 2219 ut
827 2192 877 2219 sibi
894 2193 1036 2225 Eusebius,

242 2237 367 2271 quamvis
382 2237 466 2272 gradu
479 2237 603 2271 superior
617 2237 664 2270 sit,
676 2237 775 2272 justam
796 2238 947 2266 libertatem
968 2247 1035 2267 con-

242 2283 329 2310 cedat.
343 2281 404 2309 Mox
429 2283 454 2309 in
475 2283 527 2310 alia
543 2283 657 2318 epistola
680 2283 713 2318 (Γ)
733 2283 848 2311 Eusebio
874 2285 1034 2320 signiﬁcavit

241 2328 400 2363 Gregorius,
419 2335 449 2356 se
463 2329 562 2356 nullam
576 2330 666 2357 animo
674 2329 849 2358 oli'ensionem
865 2332 1033 2366 suscepisse;

241 2374 288 2402 sed
315 2374 422 2401 etiamsi
439 2375 613 2410 suscepisset,
634 2376 749 2403 libenter
771 2377 954 2411 depositurum
969 2386 1034 2410 _cum

241 2419 333 2446 videat
350 2418 420 2446 feras
435 2419 461 2445 itt
479 2418 629 2447 Ecclesiant
646 2420 791 2454 irruentes,
808 2426 834 2448 et
848 2428 977 2456 generose
991 2430 1035 2448 re-

241 2465 382 2493 sistentem
399 2465 558 2498 Eusebium;
574 2466 617 2493 cui
635 2474 665 2494 se
680 2470 835 2499 venturum,
845 2468 866 2494 si
884 2467 919 2494 ita
934 2468 982 2502 ipsi
996 2468 1035 2494 vi-

241 2511 348 2544 deatur,
369 2511 513 2546 promittit,
535 2516 565 2539 ut
596 2520 657 2539 cum
677 2519 710 2540 eo
741 2513 872 2540 adversus
894 2514 1035 2542 haereticos

241 2562 352 2592 pugnet.

241 2613 382 2642 LXXXIV.
397 2614 473 2643 Inter
485 2614 627 2651 Eusebium
644 2621 666 2641 et
681 2615 811 2642 Basilium
827 2624 916 2651 pacem
927 2624 1032 2650 compo-

526 2652 563 2678 nit
594 2649 749 2686 Gregorius.

277 2696 334 2724 Non
351 2698 484 2732 ingratam
498 2697 557 2726 fore
577 2705 688 2732 operam
705 2705 782 2724 suam
798 2697 916 2726 Eusebio
932 2699 1034 2726 certior

240 2741 328 2769 factus
341 2741 496 2778 Gregorius,
513 2744 546 2771 ad
564 2750 625 2771 eum
639 2743 713 2771 illico
729 2751 758 2772 se
769 2744 901 2778 contulit;
918 2752 1033 2780 cumquo

276 2817 316 2856 (re
340 2818 399 2856 rita
414 2819 508 2851 ΒαιὶΙ..
526 2829 551 2849 c.
564 2821 591 2856 9,
607 2829 634 2850 η,
656 2821 697 2848 tt.

291 2855 319 2888 b)
340 2854 422 2889 Epist.
435 2857 470 2881 al.
487 2858 529 2883 Η.

289 2892 313 2919 c)
334 2889 398 2924 βιῳ.
416 2891 443 2921 ό,
455 2898 481 2916 n.
497 2892 521 2917 Ι.

290 2923 318 2960 d)
332 2923 415 2959 Epist.
429 2924 463 2952 al.
480 2926 525 2952 20.

1093 961 1251 988 imminebat
1280 968 1349 987 anno
1380 960 1444 992 365,
1470 960 1653 995 erigebantur,
1683 967 1763 994 quant
1791 960 1880 987 Basilii

1091 1004 1212 1032 absentia
1234 1009 1261 1031 et
1285 1004 1361 1031 ducis
1383 1005 1528 1038 imperitia.
1549 1004 1693 1038 Reportata
1721 1013 1754 1032 ex
1770 1004 1880 1033 Valente

1091 1049 1253 1084 Arianisque
1265 1049 1398 1084 episcopis
1413 1049 1536 1080 victoria,
1551 1051 1626 1084 cujus
1643 1057 1706 1084 pars
1721 1057 1816 1084 magna
1832 1050 1882 1076 fuit

1092 1095 1148 1129 ipse
1171 1094 1326 1130 Gregorius,
1351 1094 1480 1121 Basilium
1504 1102 1565 1122 cum
1592 1095 1707 1122 Eusebio
1735 1101 1789 1122 tam
1808 1099 1881 1123 arcte

1091 1139 1241 1174 conjunxit,
1267 1144 1297 1166 ut
1318 1147 1369 1166 nec
1385 1140 1513 1174 episcopo
1539 1140 1682 1167 moleslutn
1698 1146 1770 1168 esset
1789 1141 1822 1167 ab
1837 1149 1879 1172 eo,

1092 1192 1171 1219 quem
1190 1185 1321 1219 dignitate
1340 1185 1496 1220 superabat,
1511 1186 1621 1212 scientia
1640 1190 1667 1212 et
1681 1185 1834 1220 eloquentia
1854 1191 1881 1212 et

1091 1231 1205 1259 consilio
1224 1238 1252 1259 et
1265 1231 1364 1259 virtute
1381 1232 1520 1266 superari;
1543 1239 1592 1258 nec
1619 1231 1733 1259 Basilius
1750 1231 1810 1259 ideo
1825 1232 1882 1266 epi-

1089 1285 1199 1312 scopum
1227 1278 1316 1304 ntinus
1339 1277 1440 1304 coleret
1460 1282 1486 1304 et
1507 1278 1675 1310 observaret,
1701 1278 1772 1312 quod
1794 1285 1827 1305 eo
1844 1283 1882 1305 tot

1089 1328 1161 1351 esset
1176 1323 1298 1358 partibus
1310 1323 1433 1358 superior
1444 1329 1475 1349 ac
1493 1323 1673 1357 praestantior.
1685 1322 1880 1356 Tillemontius,

1090 1368 1277 1402 Hermantius,
1289 1369 1400 1403 Pagius,
1415 1369 1557 1401 Baronius,
1570 1369 1751 1401 Bellandistaz,
1766 1369 1808 1396 alii
1822 1369 1882 1397 alits

1091 1416 1171 1442 annis
1187 1415 1244 1442 hzec
1256 1415 1404 1449 contigisse
1418 1414 1596 1441 arbitrantur.
1613 1414 1666 1442 Nos
1682 1422 1745 1442 vero
1757 1423 1817 1442 cum
1831 1423 1880 1442 no-

1090 1461 1202 1488 vissimo
1217 1461 1308 1488 Basilii
1325 1460 1500 1495 epistolarum
1526 1461 1639 1494 editore,
1664 1460 1792 1488 Basiliutn
1811 1468 1882 1488 anno

1089 1507 1151 1540 364,
1178 1507 1221 1534 vel
1245 1507 1355 1534 ineunte
1375 1506 1437 1538 565,
1456 1506 1613 1539 secessisse,
1636 1513 1663 1534 et
1690 1508 1784 1534 eodem
1811 1515 1882 1535 anno

1088 1552 1210 1587 Gregorii
1229 1560 1340 1587 operam
1364 1557 1392 1580 et
1412 1552 1526 1580 consilio
1545 1552 1696 1580 Caesaream
1715 1552 1836 1585 rediisse,
1849 1561 1881 1581 ac

1088 1599 1120 1627 do
1144 1599 1256 1627 Valente
1270 1599 1424 1634 Arianoque
1442 1599 1548 1635 agmine
1569 1600 1708 1627 victoriam
1726 1606 1879 1634 reportasse

1087 1645 1284 1674 existimamus.

1088 1700 1219 1728 LXXXV.
1237 1701 1318 1728 Λῐιαι
1334 1708 1356 1728 et
1373 1702 1457 1729 morbi
1472 1707 1609 1742 parentum
1621 1702 1709 1730 abesse
1721 1702 1878 1738 Gregorium

1395 1746 1448 1764 non
1472 1743 1570 1764 sinunt.

1124 1783 1180 1810 Non
1199 1783 1325 1810 diuturna
1341 1782 1390 1810 l'uit
1405 1784 1462 1810 haec
1479 1788 1616 1818 postrema
1628 1783 1750 1819 Gregorii
1764 1784 1790 1811 in
1807 1784 1877 1811 Pon—

1088 1829 1139 1856 lica
1157 1829 1302 1856 solitudine
1323 1830 1510 1860 commoratio,
1538 1829 1614 1865 cujus
1635 1830 1778 1864 nequidem
1805 1837 1880 1857 men-

1090 1875 1188 1901 tionem
1207 1873 1272 1900 facit
1290 1873 1316 1900 in
1349 1873 1469 1901 carmine
1495 1873 1532 1901 De
1548 1875 1601 1901 vita
1620 1883 1678 1900 sua.
1697 1873 1790 1909 Neque
1809 1876 1880 1902 enint

1089 1925 1142 1946 tam
1158 1919 1314 1947 necessario
1336 1919 1381 1946 lilii
1400 1920 1500 1948 auxilio
1517 1925 1643 1954 provecta
1658 1926 1801 1955 parentum
1816 1926 1881 1948 tetas

1089 1967 1171 2002 longo
1188 1971 1309 2001 tetnpore
1327 1966 1438 1993 destitui
1453 1967 1615 2001 patiebatur,
1630 1972 1710 2001 atque
1726 1967 1808 1994 etiam
1827 1967 1881 1993 l're-

1088 2017 1201 2046 quentes
1230 2011 1327 2045 morbi,
1359 2012 1457 2046 quibus
1485 2020 1579 2039 eorum
1609 2017 1735 2040 senectus
1756 2012 1880 2047 patebat;

1088 2059 1187 2094 quique
1217 2059 1376 2093 Gregorium
1397 2059 1478 2086 domo
1495 2059 1570 2087 exire
1593 2067 1644 2087 non
1673 2060 1817 2092 sinebant;
1840 2060 1881 2087 vel

1087 2112 1161 2134 etnu,
1182 2105 1204 2132 si
1218 2105 1327 2139 quando
1342 2104 1447 2137 aberat,
1465 2105 1639 2132 revocabant.
1659 2105 1704 2132 Sic
1721 2104 1821 2132 Basilio
1841 2105 1882 2132 in-

1088 2151 1170 2178 stanti
1199 2156 1227 2177 ut
1255 2152 1282 2177 in
1304 2151 1477 2178 solitudinem
1500 2159 1530 2178 se
1551 2152 1696 2184 conferret,
1711 2157 1825 2179 excusat
1839 2159 1880 2184 se,

1089 2197 1212 2224 morbum
1221 2197 1315 2224 matris
1328 2196 1635 2225 allerens.tAssidemus
1645 2199 1729 2231 enim,
1739 2198 1879 2233 inquit(lt),

1088 2242 1205 2270 domina:
1228 2243 1324 2276 matri,
1349 2243 1422 2278 gravi
1440 2243 1602 2278 jampridem
1621 2244 1715 2271 morbo
1733 2244 1898 2278 laboranti.f

1089 2288 1174 2322 Quam
1193 2289 1214 2316 si
1231 2297 1283 2316 nor.
1300 2289 1381 2316 dubio
1389 2290 1536 2325 ctancipiti
1545 2294 1616 2318 statu
1639 2289 1760 2317 relicturi
1775 2298 1879 2322 sumus,

1091 2340 1135 2361 tua
1151 2335 1295 2369 praesentia
1304 2335 1368 2362 mihi
1381 2335 1462 2363 crede
1474 2337 1684 2371 haudquaquam
1695 2336 1859 2363 carebimus.
1868 2345 1877 2360 ι

1090 2380 1205 2408 Gravem
1225 2388 1332 2416 quoque
1345 2382 1430 2416 patris
1447 2382 1570 2410 morbum
1591 2382 1616 2408 in
1635 2381 1759 2408 oratione
1774 2381 1877 2408 decinta

1090 2432 1195 2459 octava,
1212 2435 1263 2461 qua
1285 2428 1376 2456 laudes
1397 2427 1455 2462 ejus
1479 2429 1664 2463 prosequitur,
1694 2432 1803 2459 narrat;
1827 2435 1879 2462 quo

1089 2473 1219 2507 singulari
1239 2473 1285 2500 Dei
1302 2474 1434 2502 beneﬁcio
1456 2479 1567 2508 repente
1594 2474 1724 2500 liberatus
1739 2478 1791 2504 est,
1813 2473 1878 2499 adeo

1089 2524 1119 2545 ut
1133 2526 1186 2554 quo
1202 2519 1246 2546 die
1263 2519 1410 2547 ntoriturtts
1427 2520 1583 2555 putabatur,
1602 2527 1769 2554 consurgens
1798 2526 1878 2553 syna-

1088 2565 1143 2592 xitn
1163 2573 1224 2592 cttm
1248 2565 1346 2600 populo
1365 2566 1552 2594 celebraverit.
1577 2566 1605 2593 In
1628 2567 1722 2593 eadem
1744 2564 1876 2596 oratione,

1087 2614 1203 2636 matrem
1230 2610 1304 2645 gravi
1336 2612 1430 2638 morbo
1457 2610 1636 2641 laborantem,
1666 2611 1802 2645 insperato
1828 2617 1877 2636 nee

1087 2654 1183 2681 minori
1207 2654 1347 2688 miraculo,
1376 2660 1404 2682 nt
1427 2657 1564 2690 quoddam
1589 2655 1675 2683 visum
1697 2656 1722 2683 ei
1746 2654 1876 2682 divinitus

1087 2704 1224 2726 ostensum
1241 2700 1342 2734 docuit,
1356 2702 1389 2728 ab
1405 2708 1435 2728 ea
1454 2701 1610 2737 rgritudine
1626 2708 1678 2737 qua
1693 2700 1875 2732 detineantur,

1087 2745 1170 2773 refert
1185 2745 1367 2774 convaluisse.

1125 2822 1159 2857 (ε)
1181 2823 1228 2858 Ep.
1247 2823 1281 2849 al.
1303 2823 1362 2851 I69.

1124 2859 1161 2892 (1‘)
1182 2859 1222 2885 AI.
1242 2859 1302 2885 170.

1123 2893 1160 2927 (g)
1179 2893 1226 2927 Ep.
1241 2894 1332 2921 al.19.

1125 2929 1164 2964 (It)
1181 2929 1265 2964 Epist.
1278 2929 1314 2956 al.
1332 2927 1359 2958 ὁ.
