2055 3130
167 166 218 194 189

820 163 900 191 VITA
920 162 950 190 S.
972 161 1144 190 GREGORII.

1737 158 1792 186 190

166 221 306 251 LXXXVI.
326 221 460 255 Ingentem
473 221 600 256 Gregorio
625 221 739 248 dolerent
753 222 823 256 parit
836 222 948 248 (Itesarii
962 223 986 252 Α
998 229 1080 257 opera
1095 220 1222 248 Basiliam
1243 219 1374 246 Ca-sarca
1391 217 1546 250 episcopum
1569 216 1684 244 electum
1703 216 1790 244 fuisse

202 257 291 290 fratris
308 264 377 282 mors
390 264 399 288 ;
413 260 437 282 et
449 261 507 290 post
523 257 580 291 ejus
595 257 693 284 abitum
706 257 897 284 molestiuimt's
911 259 949 283 est

204 292 313 318 obrutus
327 292 447 326 negotiis.
464 299 468 302 '

204 359 232 386 Si
250 358 408 394 parentibus
421 359 497 385 senio
513 358 655 391 confectis,
676 364 754 393 atque
772 358 890 392 graviter
910 358 951 385 in-

170 405 276 433 terdum
293 405 499 440 aegrotantibus,
512 412 605 431 curam
619 405 880 440 sollicitudinemquc
899 405 953 432 frc-

169 455 282 486 quenter
308 450 461 484 impendere
485 454 596 477 coactus
622 454 663 477 est
684 449 846 484 Gregorius;
875 449 953 483 longe

169 496 305 531 graviores
316 503 406 528 curas,
424 504 472 524 seu
489 496 625 523 molestias
646 495 696 530 ipsi
720 495 828 523 Cazsarii
849 495 951 526 fratris,

171 542 355 569 thesaurorum
385 542 521 576 praepositi
544 542 570 568 in
591 541 728 576 Bithynia,
755 548 829 568 mors
853 540 951 567 attulit.

168 587 235 614 Cum
249 587 346 620 Nicaea,
362 591 441 614 terra:
456 592 527 614 motu
539 587 616 621 longe
630 592 691 622 post
702 587 839 614 hominum
855 593 954 612 memo-

169 633 236 659 riam
259 633 386 666 maximo,
402 637 454 660 tota
468 640 536 668 pene
555 632 682 660 subversa
699 637 740 660 est
753 632 796 659 die
811 632 952 659 undecima

170 676 295 704 Octobris
314 677 376 704 anni
399 677 461 710 568,
491 677 564 704 solus
587 685 621 704 ex
645 677 708 704 viris
728 677 888 712 insignibus,
908 682 955 704 aut

170 727 243 750 certe
257 731 316 749 cum
329 723 471 750 admodum
486 723 588 757 paucis,
614 723 730 750 mirabili
750 723 846 750 divinae
863 723 952 757 provi-

169 768 266 795 dentia:
277 768 407 802 beneficio
418 769 549 796 Caesarius
560 768 701 796 incolumis
713 773 845 796 evaserat.
856 769 890 795 At
902 777 953 796 non

170 812 214 839 diu
227 812 308 839 vitam
323 813 459 847 produxit,
475 813 573 848 quippe
587 818 708 840 mortuus
720 814 812 840 eodem
826 821 894 841 anno
909 815 954 840 de-

170 859 284 892 sinente,
309 859 350 886 vel
380 859 524 894 incipiente
553 860 686 894 proximo,
711 867 759 886 seu
778 859 813 886 ΩΒ
835 858 953 886 Januarii

169 903 232 937 569,
257 910 287 932 ut
306 905 399 932 volunt
421 904 599 932 Bollandislae.
619 904 728 932 Caesarii
744 904 828 937 obitu,
850 903 954 939 Grego-
969 895 990 921 Β

173 951 240 982 rius,
257 950 299 977 cui
317 950 355 977 rei
372 950 514 978 familiaris
525 957 590 978 cura
603 951 786 982 incumbebat,
803 949 896 977 invisis
908 957 955 976 ne-

170 995 250 1030 gotiis
265 996 379 1022 obrutus
394 994 454 1022 fuit.
467 995 534 1022 Cum
556 995 626 1022 enim
642 1003 754 1022 munere
771 995 878 1030 publico
895 994 956 1021 fun—

170 1046 278 1075 geretur
292 1040 434 1074 Cmsarius,
451 1049 504 1076 quo
521 1046 643 1076 tempore
660 1046 781 1068 mortuus
793 1045 843 1073 est,
857 1049 957 1075 suaque

171 1086 262 1113 omnia
276 1086 441 1120 pauperibus
459 1087 593 1121 eroganda
608 1085 771 1121 reliquisset,
790 1094 851 1113 mox
867 1090 896 1113 ut
911 1094 957 1113 ex-

172 1137 285 1159 tremum
302 1132 411 1160 halitum
419 1131 526 1165 efflavit,
547 1142 556 1158 ι
569 1131 606 1168 (a)
621 1132 727 1164 Hostes,
744 1142 753 1158 ι
766 1139 861 1167 nempe
870 1132 958 1159 curia-

172 1178 213 1204 les
225 1177 261 1204 illi
276 1178 453 1213 harpagones,
473 1186 483 1204 ‹
499 1177 625 1213 impetum
639 1177 771 1209 fecerunt,
791 1178 901 1212 ejusque
920 1177 958 1204 fa-

173 1223 288 1250 cultates
317 1223 453 1250 liberrime
481 1228 508 1250 et
539 1223 750 1251 insolentissime
775 1223 955 1258 diripuerunt.

173 1268 238 1295 Erat
249 1269 436 1295 thesaurorum
451 1273 550 1300 custos,
568 1277 577 1295 ι
592 1269 630 1295 ait
642 1269 787 1304 Gregorius
799 1268 853 1305 (b);
869 1279 877 1294 ‹
904 1277 958 1296 me-

173 1314 217 1341 dio
233 1320 321 1341 autem
335 1315 360 1340 iu
376 1321 488 1341 munere
510 1315 634 1348 moritur,
649 1322 798 1349 canumque
818 1314 958 1341 multitudo

176 1360 262 1388 assilit
273 1360 299 1387 in
314 1360 432 1388 defuncti
448 1361 587 1398 pecuniam
600 1369 608 1393 ;
622 1365 649 1388 et
665 1361 792 1395 quidquid
804 1361 957 1394 reliquerat,

174 1407 263 1434 omnia
278 1408 426 1435 dilacerant
441 1407 543 1440 famuli,
557 1407 690 1440 extranei,
704 1407 795 1434 amici.
809 1406 875 1440 Quis
887 1407 958 1434 enim

174 1451 319 1486 collapsam
339 1460 390 1479 nun
410 1453 545 1487 praedatur
564 1452 714 1487 quercum?
731 1461 740 1477 ι
764 1451 890 1485 Basilius,
914 1452 959 1486 qui

179 1505 223 1528 res
239 1497 362 1533 Gregorii
376 1506 438 1526 suas
449 1505 510 1526 esse
526 1498 651 1531 ducebat,
670 1498 790 1524 scribens
807 1497 960 1531 Sophronia

1002 271 1118 295 constat.
1134 265 1217 292 Nemo
1233 265 1340 299 quidem
1363 267 1436 289 tanta
1456 263 1520 290 sede
1536 262 1642 297 dignior
1661 267 1720 288 erat
1738 261 1789 288 Ba-

1003 313 1074 344 silio,
1091 312 1167 345 cujus
1180 308 1404 337 administrandae
1420 307 1476 343 jam
1496 308 1629 342 plurimas
1651 311 1741 341 partes
1757 307 1792 334 ab

1005 358 1122 386 Eusebio
1137 357 1188 384 sibi
1208 356 1370 384 commissas
1386 355 1562 382 sustinuerat.
1575 354 1681 387 Quanta
1705 354 1793 388 ipsius

1004 405 1102 440 pietas,
1121 411 1202 438 quam
1227 402 1326 429 eximia
1345 400 1483 432 doctrina,
1499 405 1598 434 quanta
1621 399 1726 426 demum
1748 406 1791 425 es-

1003 455 1063 478 sent
1085 450 1180 477 merita
1199 449 1225 476 in
1250 447 1398 475 Ecclesiam
1425 446 1629 477 Caesariensem,
1655 445 1791 471 neminem

1004 496 1117 523 latebat.
1141 494 1333 521 Verumtamen
1348 491 1466 527 plurima
1481 491 1618 522 obstitere,
1628 496 1688 524 quae
1702 490 1728 515 ni
1742 497 1791 516 sua

1005 541 1152 576 Gregorius
1184 539 1325 574 prudentia
1364 538 1533 569 removisset,
1557 537 1583 563 iu
1615 535 1719 562 irritum
1748 542 1794 561 res

1004 587 1140 613 cessisset.
1155 583 1275 611 Basilius
1293 583 1361 618 ipse,
1377 590 1438 609 cum
1454 581 1542 608 media
1563 580 1619 615 jam
1634 585 1721 606 morte
1737 578 1792 605 Eu-

1004 631 1095 658 sebius
1120 633 1267 661 teneretur,
1280 637 1314 656 ne
1330 628 1482 662 suspicatus
1504 626 1612 660 quidem
1631 626 1657 652 in
1678 633 1708 652 se
1727 632 1793 651 ocu-

1005 678 1045 704 los
1061 676 1215 709 conjectum
1234 675 1277 707 iri,
1293 674 1410 701 amicum
1427 680 1504 700 suum
1518 671 1677 706 Gregorium
1698 677 1792 698 accer-

1005 723 1087 754 sivit,
1102 722 1143 749 his
1159 722 1249 748 verbis
1274 720 1409 751 scribens,
1425 726 1456 746 ac
1476 719 1559 745 veluti
1578 718 1634 753 ipse
1656 722 1793 744 extremos

1005 767 1114 801 spiritus
1129 771 1231 800 ageret,
1249 770 1329 799 atque
1348 771 1501 798 supremum
1515 763 1575 790 vale
1591 762 1707 788 moriens
1724 761 1792 787 ami-

1005 821 1037 841 co
1052 813 1142 840 dicere
1165 815 1284 846 cuperet.
1301 809 1457 844 Gregorius,
1475 807 1593 842 acceptis
1613 807 1719 837 litteris.
1736 806 1790 833 vim

1006 859 1185 894 lacrymarum
1210 856 1337 892 profudit,
1362 854 1505 889 ingemuit,
1527 858 1554 880 et
1577 853 1611 880 ad
1629 853 1681 880 iter
1697 860 1727 880 se
1745 859 1792 878 ac-

1007 906 1101 933 cinxit.
1119 904 1218 931 Verum
1232 910 1293 930 cum
1314 905 1406 936 postea
1426 900 1565 934 episcopos
1583 899 1616 925 ad
1638 899 1730 925 urbem
1748 904 1794 923 ac-

1007 958 1116 980 currere
1137 950 1276 982 sensisset,
1304 947 1395 975 Basilii
1418 946 1558 975 consilium
1578 945 1719 976 intellexit,
1744 952 1792 970 na-

1007 997 1070 1033 vigii
1096 1004 1204 1032 proram
1224 994 1369 1025 convertit,
1398 1000 1429 1020 ac
1462 991 1595 1027 proficisci
1624 991 1792 1017 detrectavit.

1008 1043 1076 1070 Tum
1100 1042 1169 1070 datis
1187 1044 1221 1069 ad
1241 1041 1368 1068 Basilium
1385 1039 1501 1071 litteris,
1530 1045 1610 1072 quam
1632 1037 1740 1064 incaute
1764 1043 1794 1062 se

1007 1092 1115 1123 gereret
1134 1087 1218 1114 libere
1232 1085 1406 1121 significavit.
1430 1093 1439 1110 (
1459 1083 1566 1111 Videris
1583 1087 1610 1109 tu
1624 1082 1729 1116 quidem
1745 1081 1795 1107 mi-

1008 1135 1048 1166 hi,
1063 1133 1148 1168 inquit
1165 1132 1213 1168 (Δ),
1226 1132 1277 1158 viri
1293 1130 1441 1159 constantis
1463 1133 1490 1157 et
1507 1129 1584 1156 solidi
1608 1133 1688 1162 atque
1710 1126 1794 1153 animi

1008 1180 1139 1206 firmitate
1163 1177 1270 1212 praediti
1295 1176 1521 1204 existimationem
1553 1174 1652 1201 habere
1684 1182 1691 1199 :
1713 1172 1794 1199 multa

1009 1229 1099 1251 tamen
1117 1222 1278 1257 simpliciter
1295 1221 1382 1255 magis
1395 1227 1475 1254 quam
1488 1223 1566 1246 caute
1581 1222 1608 1245 et
1624 1216 1795 1244 circumscri-

1009 1275 1053 1304 pte
1072 1268 1224 1296 consultare
1252 1271 1331 1301 atque
1350 1265 1472 1299 exsequi.
1496 1264 1561 1291 Nam
1579 1263 1623 1297 qui
1648 1270 1659 1290 a
1676 1263 1742 1288 vitio
1764 1261 1797 1287 li-

1010 1316 1057 1343 ber
1071 1319 1122 1347 est,
1140 1315 1164 1341 is
1179 1319 1286 1348 quoque
1300 1313 1333 1338 ad
1359 1311 1558 1346 suspiciendum
1575 1309 1666 1335 vitium
1689 1307 1798 1343 segnior

1009 1367 1072 1388 esse
1087 1359 1239 1386 consuevit.
1268 1355 1423 1391 Cujusmodi
1451 1354 1576 1389 quiddam
1595 1360 1665 1379 rntnc
1688 1358 1796 1386 quoque

1011 1405 1136 1440 contigit.
1163 1404 1204 1430 Ad
1221 1401 1454 1436 metropolitanam
1479 1399 1572 1426 urbem
1598 1406 1646 1425 nos
1664 1396 1796 1427 accivisti,

1010 1459 1073 1479 cum
1088 1450 1121 1478 de
1136 1449 1267 1484 episcopo
1284 1446 1402 1474 creando
1419 1444 1581 1473 consultatio
1601 1443 1736 1478 proposita
1754 1448 1796 1468 es-

1010 1503 1060 1525 set.
1081 1506 1091 1523 ι
1111 1496 1216 1529 Quibus
1244 1493 1403 1529 praemissis,
1421 1492 1461 1519 sic
1489 1490 1659 1525 prosequitur
1685 1495 1798 1521 carpens

175 1532 424 1577 Constantinopolis
446 1544 573 1579 przefecto
589 1543 634 1578 (ε),
664 1547 758 1570 narrat
780 1543 877 1569 mortui
897 1551 958 1577 pre-
974 1561 994 1590 α
1011 1542 1081 1578 quod
1095 1541 1201 1568 incaute
1217 1548 1231 1567 a
1245 1539 1343 1566 Basilio
1360 1543 1449 1566 actum
1464 1537 1622 1563 videbatur:
1639 1544 1646 1560 ι
1667 1532 1798 1560 Demirari

175 1590 320 1617 tiosissima
343 1597 455 1624 quaeque
474 1597 567 1617 servos
586 1590 704 1624 aliosque
727 1590 851 1616 homines
875 1590 961 1617 servis

179 1643 232 1662 non
248 1635 374 1662 meliores
395 1635 549 1670 diripuisse,
569 1640 596 1662 ct
620 1635 783 1669 paucissima
805 1636 962 1669 parentibus

176 1686 325 1713 reservata,
338 1689 397 1715 qua:
413 1681 502 1708 statim
519 1681 679 1715 pauperibus
691 1685 798 1714 erogata
814 1681 962 1707 lueruntex

177 1727 275 1754 mortui
293 1727 442 1758 voluntate,
460 1727 505 1760 qui
520 1727 638 1753 moriens
653 1727 756 1753 dixerat
775 1735 782 1752 :
800 1735 809 1752 t
829 1726 886 1753 Mea
906 1734 964 1753 om-

177 1773 221 1800 nia
233 1773 292 1800 volo
304 1780 364 1800 esse
379 1779 537 1806 pauperum.
556 1781 565 1797 ι
582 1771 662 1799 Addit
686 1771 810 1804 Basilius,
832 1772 963 1806 plurimos

177 1818 308 1852 prodiisse
327 1818 527 1845 commentitios
548 1818 706 1850 creditores,
724 1817 770 1852 qui
783 1817 930 1844 Caesarium
948 1825 964 1845 a

177 1871 207 1891 se
220 1865 360 1899 pecuniam
374 1865 511 1899 accepisse
522 1864 661 1896 dicerent;
678 1864 776 1898 quibus
793 1868 964 1890 numeratum

177 1911 265 1938 fuerat
288 1911 417 1945 quidquid
436 1910 573 1944 petebant,
587 1910 657 1937 unde
673 1909 812 1937 nonnullos
831 1910 965 1944 pcenitue-

178 1961 220 1984 rat
236 1957 307 1991 quod
323 1956 382 1992 plus
400 1964 452 1984 non
470 1956 610 1992 petiissth
637 1964 644 1983 :
675 1960 702 1983 at
726 1961 865 1984 crescente
892 1955 965 1991 ejus-

179 2004 249 2031 modi
264 2004 489 2039 sycophantarum
506 2011 628 2035 numero,
638 2010 736 2038 negare
749 2003 819 2038 quod
838 2003 966 2038 petebant

179 2055 289 2075 necesse
323 2048 422 2081 fuisse;
454 2048 590 2082 repulsam
621 2055 714 2083 passos
745 2048 804 2075 lites
831 2048 964 2080 intulisse,

179 2099 211 2119 ac
236 2092 396 2127 Gregorium
427 2093 454 2120 in
491 2093 621 2120 maximas
650 2100 784 2120 aerumnas
802 2093 964 2127 conjectum,

179 2146 195 2165 a
214 2139 312 2173 quibus
338 2144 367 2165 ut
384 2138 528 2172 eximatur,
547 2138 729 2174 Sophronium
745 2144 820 2175 rogat
842 2139 964 2167 Basilius.

179 2184 218 2212 De
233 2184 342 2212 Cazsarii
368 2186 477 2219 pietate.
506 2186 587 2213 rebus
606 2185 700 2219 gestis,
723 2186 883 2218 eruditione,
900 2191 964 2217 etc.,

1012 1587 1094 1622 coepi,
1112 1587 1226 1622 primum
1245 1586 1268 1612 si
1284 1584 1349 1619 quid
1365 1585 1473 1611 deceret
1496 1586 1577 1616 atque
1596 1581 1737 1607 honestum
1757 1585 1800 1604 es-

1014 1638 1056 1661 set
1076 1641 1128 1660 non
1147 1631 1340 1667 perspiciebas,
1357 1636 1408 1657 nec
1430 1628 1612 1662 itnproborum
1631 1625 1728 1659 linguis
1750 1631 1799 1650 oc-

1012 1679 1171 1707 currendum
1197 1677 1309 1712 putabas
1321 1698 1328 1709 ,
1345 1683 1404 1710 qua:
1420 1671 1625 1708 simplicissimis
1651 1670 1801 1704 quibusque

1012 1726 1154 1753 celerrime
1179 1723 1342 1751 calumniam
1364 1725 1483 1749 struunt.
1503 1718 1614 1749 Deinde,
1630 1717 1652 1744 si
1679 1723 1731 1742 non
1751 1722 1799 1742 ea-

1013 1771 1073 1798 dem
1090 1770 1138 1797 tibi
1166 1776 1198 1797 ac
1217 1768 1295 1795 nobis
1320 1766 1464 1795 convenire
1495 1764 1643 1795 existimas,
1657 1762 1754 1796 quibus
1774 1764 1802 1787 et

1013 1817 1080 1850 vita,
1096 1821 1124 1843 et
1140 1814 1276 1847 doctrina,
1292 1817 1320 1840 et
1332 1812 1435 1846 reliqua
1451 1810 1541 1838 omnia
1561 1807 1711 1850 communia
1727 1810 1800 1837 sunt,

1015 1848 1142 1890 nimirum
1159 1868 1174 1887 a
1189 1861 1244 1887 Deo
1260 1860 1295 1886 ita
1308 1858 1364 1892 jam
1380 1857 1442 1884 inde
1456 1864 1471 1883 a
1490 1856 1576 1890 prima
1604 1848 1684 1880 aetate
1702 1858 1800 1879 conso-

1014 1907 1101 1934 ciatis.
1118 1905 1222 1937 Tertio,
1248 1904 1328 1931 liceat
1358 1903 1429 1929 enim
1454 1901 1504 1928 hoc
1527 1906 1632 1934 quoque
1654 1897 1755 1928 dicere,
1777 1897 1800 1924 si

1015 1952 1119 1986 piorum
1146 1950 1247 1984 Deique
1265 1953 1338 1975 metu
1367 1946 1538 1981 praeditorum
1552 1942 1690 1971 hominum
1709 1941 1802 1975 hujus-

1015 1996 1087 2025 modi
1104 1995 1248 2024 electiones
1274 2000 1334 2022 esse
1356 1991 1495 2028 judicasti,
1525 1997 1577 2018 non
1593 1993 1684 2015 autem
1703 1991 1802 2022 poten—

1016 2044 1082 2070 tium
1095 2046 1123 2069 et
1144 2042 1213 2076 apud
1235 2040 1331 2075 vulgus
1350 2038 1541 2074 gratiosorum.
1560 2045 1569 2061 ι
1589 2035 1638 2062 His
1661 2034 1694 2061 de
1712 2033 1804 2061 causis

1015 2087 1160 2122 Gregorius
1177 2094 1207 2114 se
1220 2085 1316 2119 navigii
1332 2091 1439 2118 proram
1450 2081 1627 2114 convertisse,
1648 2084 1675 2107 et
1690 2078 1800 2114 proﬁci-

1016 2135 1055 2163 sci
1073 2135 1238 2162 detrectasse
1252 2132 1386 2167 signif‘tcat
1410 2129 1518 2161 Basilio,
1537 2128 1581 2155 cui
1607 2131 1702 2154 auctor
1715 2129 1757 2153 est
1773 2129 1802 2151 ut

1017 2180 1142 2216 prudenti
1170 2185 1278 2206 secessu
1308 2176 1437 2204 tumultus
1456 2179 1484 2201 et
1515 2180 1611 2208 pravas
1636 2171 1804 2206 suspiciones

180 2229 285 2257 tlicendi
311 2217 402 2256 forsan
432 2229 475 2256 hic
498 2229 571 2256 locus
600 2217 688 2262 esset;
710 2228 757 2256 sed
777 2229 811 2256 de
832 2228 873 2256 his
900 2229 965 2256 satis
981 2232 1002 2260 1)
1018 2226 1112 2262 fugiat.
1135 2225 1205 2252 Huic
1217 2223 1331 2252 consilio
1343 2221 1468 2256 paruisse
1487 2219 1625 2251 Basilium,
1638 2225 1669 2244 ac
1687 2217 1805 2244 latebras

181 2274 328 2310 Gregorius
342 2275 368 2302 in
384 2275 505 2303 oratione
519 2282 599 2309 quam
612 2275 644 2302 de
658 2282 690 2301 eo
706 2274 799 2302 habuit
814 2281 904 2302 coram
918 2282 964 2309 pa-

181 2321 312 2347 rentibus.
330 2319 404 2348 lianc
415 2321 485 2355 legat
501 2321 596 2354 lector,
608 2320 630 2347 si
645 2320 719 2347 velit.
735 2320 877 2355 Gorgoniaz
888 2327 963 2348 soror

182 2365 239 2397 ris,
265 2365 404 2400 aliquanto
437 2371 498 2401 post
527 2366 675 2393 Caesarium
699 2373 715 2392 e
745 2366 812 2393 vivis
844 2365 966 2397 sublatte,

181 2411 419 2445 przestantissiznas
450 2412 562 2438 virtutes
577 2411 700 2438 oratione
714 2411 820 2438 Illllebl‘l
841 2410 967 2438 similiter

181 2457 298 2485 ornavit.

183 2513 338 2542 LXXXVII.
374 2513 515 2549 Gregorius
544 2514 676 2541 Basiliam
704 2515 789 2541 minus
811 2520 885 2540 caule
918 2514 970 2540 ele-

199 2550 278 2577 ctioni
287 2549 456 2576 erurienais
466 2550 580 2584 episcopi
591 2549 766 2584 providentem
782 2549 955 2584 reprehendit.

218 2606 296 2633 Anno
310 2606 371 2637 570,
393 2605 540 2641 Gregorius
567 2606 735 2641 singularem
754 2606 782 2632 in
799 2613 829 2633 re
857 2605 968 2632 maximi

184 2651 315 2679 momenti
329 2651 500 2686 prudentiam
521 2651 661 2686 animique
672 2651 860 2679 fortitudinem
881 2655 972 2678 osten-

185 2698 234 2728 dit.
251 2705 284 2725 ac
300 2697 436 2733 perruptis
460 2698 586 2725 omnibus
609 2705 668 2732 qua:
685 2698 841 2730 obstabant,
863 2697 896 2724 ad
914 2695 972 2723 feli-

185 2752 244 2772 cem
261 2743 362 2771 exitum
380 2750 436 2769 rem
453 2744 588 2778 perduxit.
608 2744 694 2779 Ipsius
703 2744 775 2771 enim
799 2743 970 2778 potissimum

223 2853 263 2888 (II)
281 2852 361 2887 Greg.
375 2860 408 2888 ep
435 2853 477 2880 IS.

225 2889 261 2923 (ὸ)
281 2889 372 2916 Carm.
392 2887 429 2914 De
446 2889 495 2915 vita
513 2897 571 2921 sua,
596 2895 621 2914 v.
635 2887 687 2915 570
703 2894 727 2915 et.
746 2895 802 2922 seq.

1018 2273 1172 2309 quzesiisse,
1189 2271 1252 2299 dum
1272 2269 1368 2297 electio
1386 2270 1559 2303 perageretur
1571 2285 1578 2296 ,
1594 2263 1739 2292 verisimile
1750 2267 1803 2291 est.

1020 2349 1184 2382 LXXXVIII,
1200 2347 1342 2382 LXXXIX.
1362 2346 1502 2382 Gregorius
1516 2349 1621 2382 uterque
1640 2350 1744 2382 cperant
1759 2350 1806 2369 na-

1056 2377 1110 2416 bat.
1126 2390 1153 2411 ut
1173 2377 1286 2411 Basilius
1303 2377 1429 2408 Ecclesit'e
1454 2380 1611 2407 σιωπὴνηεί
1632 2377 1804 2416 pt‘a’ﬁctalttr,

1058 2414 1134 2447 Niltil
1153 2420 1185 2446 ab
1198 2419 1231 2445 iis
1254 2417 1459 2446 vrwtermissum
1473 2420 1502 2442 ut
1527 2423 1568 2441 res
1589 2421 1710 2448 prvapere
1731 2414 1806 2439 cede-

1058 2461 1107 2482 rel.

1057 2512 1112 2539 Nec
1125 2511 1214 2538 minus
1239 2510 1341 2536 interea
1370 2507 1515 2543 Gregorius
1530 2511 1644 2541 uterque
1671 2504 1805 2535 nituntur,

1022 2562 1051 2585 ut
1063 2558 1088 2584 in
1100 2555 1206 2583 Eusebii
1229 2555 1318 2582 locum
1331 2553 1494 2587 subrogetur
1505 2551 1631 2578 Basilius.
1646 2549 1806 2583 Gregorium

1022 2603 1178 2637 episcopum
1195 2600 1345 2627 Caesaream
1362 2598 1511 2625 invitarunt
1528 2595 1665 2631 praesules,
1688 2593 1733 2628 qui
1749 2592 1805 2626 jam

1023 2649 1048 2675 in
1062 2648 1155 2675 urbem
1180 2653 1241 2673 sese
1254 2644 1439 2676 contulerant;
1456 2643 1503 2671 sed
1529 2642 1596 2669 adeo
1616 2641 1756 2667 invenuste
1775 2645 1808 2666 ac

1022 2693 1153 2728 impolite,
1165 2696 1194 2718 ut
1209 2699 1259 2719 nec
1272 2691 1347 2718 illum
1361 2690 1456 2717 adesse
1466 2692 1602 2723 oportere,
1620 2693 1669 2712 nec
1681 2692 1761 2720 quam
1773 2683 1809 2711 ob

1023 2746 1141 2771 causam,
1168 2744 1218 2764 nec
1240 2744 1294 2771 quo
1313 2741 1431 2770 tempore
1455 2731 1675 2769 significaverim.
1701 2730 1810 2759 Rescri-

1063 2847 1097 2883 (c)
1117 2847 1166 2882 Ep.
1179 2847 1214 2883 52
1225 2854 1286 2874 nov.
1298 2846 1369 2883 edit.

1064 2881 1102 2916 (τι)
1117 2881 1164 2916 Ep.
1182 2882 1261 2914 Greg.
1281 2881 1314 2908 al.
1330 2881 1374 2907 21.
