2055 3130
243 160 290 188 191

898 159 980 186 νιΤΑ
1001 159 1030 187 S.
1050 160 1224 188 GBEGORII.

1815 157 1864 186 £93

240 217 308 244 hens
324 216 363 251 (ιι)
377 215 510 250 episcopis
527 216 697 244 venerandus
712 223 794 244 senex
814 216 913 244 factam
927 217 977 244 sibi
990 217 1029 244 in-
1046 220 1070 247 Α
1084 226 1135 252 ope
1151 222 1232 252 atquc
1249 216 1348 243 auxilio
1365 215 1461 243 fretus.
1486 225 1496 241 ι
1520 215 1704 243 Proficiscenti
1719 215 1788 249 patri
1803 215 1859 242 Gre

240 263 340 297 iuriam
359 270 411 290 non
426 261 625 294 dissimulavit,
651 270 700 290 nec
722 268 811 290 tamen
826 263 921 291 adesse
940 263 1032 291 detre-

242 308 340 335 ctavit.
360 307 393 334 At
413 315 474 334 cum
488 308 562 334 varia
577 307 635 335 fore
655 308 794 335 hominum
816 309 902 336 studia
930 310 956 336 in
982 309 1032 336 eli-

240 353 327 388 gendo
346 353 472 387 episcopo
492 361 545 380 non
565 353 712 386 dubitaret,
732 359 823 382 notmu
844 355 907 382 fecit
926 355 1033 389 episco-

242 399 283 433 pis
301 399 435 425 neminem
450 406 480 426 se
497 399 598 426 habere
615 408 693 434 quem
715 400 824 433 Basilio,
841 401 875 428 ob
897 399 956 434 ejus
972 400 1034 428 vita:

245 445 418 471 sanctitatem
433 452 465 471 ac
480 445 610 472 doctrina:
626 440 818 480 prchIantiam,
831 446 961 481 przefcrre
972 454 1035 480 pos-

243 490 295 522 sit;
313 498 363 517 nec
373 497 439 517 vero
453 489 525 517 illius
534 491 654 524 corporis
664 491 828 518 debilitatem
845 491 1035 526 impedimento

243 530 431 567 esse'deberc,
448 542 508 561 cum
525 535 679 569 episcopus,
697 544 748 562 non
772 536 872 563 athleta
887 540 1034 570 quaeratur.

243 581 383 608 Promittit
399 589 428 608 se
455 581 622 613 adfuturum,
639 582 661 609 si
685 581 842 616 suffragium
871 581 941 608 istud
966 580 1037 608 reci-

244 627 330 661 piant,
345 634 376 653 ac
402 634 513 661 operam
530 628 569 654 eis
584 627 708 654 daturum
723 627 763 654 vel
775 627 870 662 spiritu
887 627 926 653 vel
940 633 1035 661 corpo-

245 679 289 705 re;
313 672 353 699 sin
373 676 463 699 autem
484 673 566 699 certis
589 673 787 700 conditionibus
803 672 844 699 via
871 671 1036 706 capessenda

249 726 294 752 sit,
310 728 342 747 ac
355 717 487 747 factiones
502 723 596 747 statura
614 719 768 753 aequitatem
785 717 947 749 conflantur,
963 717 1038 752 gavi-

246 775 338 794 surum
353 775 384 794 se
399 767 469 802 quod
485 767 565 793 fuerit
581 769 761 800 contemptus.
780 765 878 792 Eadem
894 764 1038 799 episcopus

247 814 440 842 Nazianzenus
457 815 489 841 de
504 813 613 844 Basilio,
623 819 704 847 quem
718 819 773 846 pra:
790 810 896 838 caeteris
913 809 1037 837 omnibus

1085 263 1177 298 gorius
1194 269 1285 290 noster
1299 262 1402 289 litteras
1420 262 1458 298 (lt)
1477 261 1509 289 ad
1522 266 1645 289 sanctum
1661 261 1805 288 Eusebium
1819 261 1864 288 de-

1083 310 1132 342 dit,
1145 309 1222 343 cujus
1235 308 1333 340 zelum,
1345 309 1467 340 sudores,
1476 312 1635 343 gratamque
1647 308 1701 335 Deo
1714 307 1865 335 libertatem

1083 356 1185 387 laudat,
1203 359 1285 389 atque
1296 355 1320 381 ei
1346 359 1482 388 acceptam
1509 353 1593 381 refert
1608 357 1764 381 renovatam
1784 354 1866 387 patris

1083 405 1263 433 senectutem,
1282 401 1352 427 unde
1364 401 1445 427 etiam
1461 407 1517 426 rem
1532 407 1564 427 ex
1577 400 1709 427 sententia
1725 407 1864 427 successu-

1085 456 1143 475 ram
1168 451 1269 482 sperat.
1288 456 1298 472 (
1316 447 1446 473 SCDECIUS
1467 451 1620 478 renovatur,
1635 445 1743 473 morbus
1758 453 1866 481 supera-

1086 498 1139 524 tur,
1157 493 1226 520 lecto
1237 491 1325 519 affecti
1339 491 1463 522 exiliunt,
1480 491 1579 518 intirmi
1592 493 1710 526 potentia
1725 492 1855 528 accingun

1084 543 1138 566 tur.
1157 538 1222 571 Quae
1245 545 1289 564 res
1300 538 1364 564 mihi
1395 537 1577 571 ceniecturam
1607 536 1734 570 all'erunt,
1763 539 1868 573 negotia

1086 588 1179 611 nostra
1193 591 1226 610 ex
1243 583 1325 610 animi
1345 584 1479 610 sententia
1499 590 1657 611 successura
1679 591 1750 612 esse.
1768 585 1805 612 Ac
1825 592 1858 619 pa

1088 635 1155 656 trem
1169 629 1289 664 quidem,
1305 634 1360 656 tum
1378 637 1438 659 suo.
1455 634 1510 656 tum
1532 634 1624 657 nostro
1639 630 1747 657 nomine
1772 630 1869 661 habes.

1087 676 1227 711 pulchrum
1241 676 1375 702 univcrsm
1384 675 1444 702 vita:
1454 681 1481 702 et
1495 677 1655 702 veneranda:
1669 676 1776 704 canitiei
1790 676 1869 704 tinem

1087 722 1290 756 impositurum,
1308 722 1437 748 nimirum
1453 726 1612 755 prmsentem
1629 721 1699 749 hanc
1716 730 1765 757 pro
1780 721 1869 749 Eccle-

1088 768 1126 794 sia
1143 767 1354 794 dimicationem.
1371 766 1405 793 At
1421 770 1525 793 certum
1547 766 1633 793 habeo
1649 765 1718 800 fore,
1733 771 1763 793 ut
1788 768 1859 802 preci

1088 813 1138 840 bus
1153 813 1261 843 vestris,
1282 812 1378 847 quibus
1405 811 1490 839 fretus
1510 819 1589 839 nemo
1618 819 1669 839 non
1698 812 1749 840 sibi
1771 813 1871 847 quidvis

245 861 397 895 eligendum
411 859 543 893 decernit,
553 859 681 886 Ecclesia:
693 857 852 885 Cmsariensi
875 856 982 891 scripsit
993 854 1040 891 (b),
1055 852 1077 879 Β
1093 859 1212 894 polliceri
1231 858 1321 891 debet,
1339 858 1484 885 ﬁrmiorem
1506 865 1566 884 eum
1580 857 1810 893 valcmioremque
1833 867 1871 885 re.

251 914 312 940 quae
324 905 472 933 honorifice
486 912 548 932 eum
562 904 701 931 invitat-at.
724 903 797 930 Nihil
823 901 1032 937 przetermissum

247 951 281 978 ab
300 950 402 985 optimo
415 958 489 983 sene,
507 955 535 977 ut
548 957 677 985 prospere
693 956 736 976 res
753 948 870 976 cederet.
890 956 899 973 ε
918 946 1035 974 Litteras

248 996 386 1023 scribebat
404 996 486 1030 (quod
503 1000 663 1030 argumento
681 999 724 1022 est
754 994 846 1029 plures
861 992 894 1020 ab
906 999 938 1019 eo
954 992 1036 1018 fuisse

249 1042 374 1075 scriptas,
388 1049 467 1076 quam
482 1041 653 1076 supersunt),
667 1040 804 1072 monebat,
816 1038 976 1066 conciliabat
987 1045 1036 1072 po-

249 1087 351 1120 pulum,
364 1088 530 1119 sacerdotes,
545 1091 573 1114 et
586 1086 715 1122 reliquos,
740 1089 872 1120 quotquot
889 1089 968 1112 erant
987 1085 1038 1111 cle-

250 1134 310 1166 rici,
339 1133 543 1165 obtestabatur,
567 1125 724 1167 suﬂ‘ragiu’m
750 1131 874 1162 ferebat,
895 1129 1038 1157 ordinabat

249 1180 330 1207 etiam
357 1180 446 1207 adhuc
468 1180 577 1213 absens,
603 1178 711 1206 canitiei
742 1185 797 1205 sua:
822 1177 873 1203 hoc
896 1176 986 1207 dabat,
1011 1179 1039 1202 ut

251 1226 322 1260 apud
339 1226 451 1258 alienos,
470 1230 597 1260 tanquam
611 1223 681 1259 apud
701 1231 774 1255 suos,
794 1222 955 1249 anctOrilale
977 1226 1038 1247 ute-

251 1277 326 1299 retur
346 1271 393 1308 (c).
418 1282 427 1298 ›
450 1271 526 1298 llanc
545 1270 754 1298 sollicitudinem
772 1277 786 1295 a
804 1268 935 1302 Gregorio
948 1272 1040 1302 postu-

252 1319 308 1345 lare
340 1318 483 1345 videbatur
516 1316 643 1344 Ecclesia:
675 1314 848 1343 Caesariensis
876 1318 973 1345 status,
1014 1312 1040 1339 in

253 1371 306 1399 qua
336 1364 486 1390 animorum
516 1371 611 1397 magna
647 1367 705 1389 erat
728 1361 872 1389 dissensio.
909 1361 1040 1389 Omnibus

254 1409 432 1444 praeferebant
462 1410 609 1441 Basiliam,
634 1408 725 1443 populi
754 1415 817 1442 pars
846 1407 1040 1438 selectissima,

255 1457 399 1483 universus
416 1456 519 1487 clerus,
540 1460 648 1482 ascette.
666 1455 766 1482 Verum
784 1454 939 1481 invidebant
953 1458 980 1480 et
995 1453 1044 1480 ob-

255 1502 413 1529 citebantur
428 1502 611 1536 magistratus,
636 1508 668 1527 ac
696 1501 794 1529 inﬁnite
812 1500 898 1534 plebis
915 1500 1043 1534 perditis-

256 1549 317 1575 simi
334 1548 435 1583 quique
449 1555 510 1575 cum
540 1547 744 1582 magistratibus
761 1546 909 1581 conjuncti,
926 1546 980 1572 imo
995 1545 1043 1578 ipsi

260 1595 391 1628 episcopi,
404 1594 476 1629 quod
490 1594 597 1621 iocandi
613 1593 753 1620 materiam
770 1583 909 1627 religionis
923 1591 1046 1618 hostibus

260 1641 409 1675 przcbebat.

259 1686 313 1715 XC.
335 1686 478 1713 Eusebium
494 1686 704 1713 Samosatensem
724 1691 857 1713 accersunt
873 1686 906 1712 ab
929 1685 1046 1713 Oriente.

293 1731 430 1759 Praeterea
450 1740 510 1759 cum
531 1732 564 1759 ab
582 1732 691 1759 Arianis
703 1731 851 1767 periculum
866 1736 947 1764 esset,
960 1739 994 1759 ne
1011 1731 1048 1758 la-

258 1779 400 1806 borantem
418 1778 535 1805 dissidiis
552 1777 700 1805 Ecclesium
713 1777 910 1805 Cmsariensem
932 1785 1048 1812 occupa-

260 1830 319 1852 rent
332 1829 412 1859 atque
430 1828 595 1856 everterent,
616 1823 764 1859 Gregorius
785 1824 834 1859 (d),
860 1824 905 1859 qui
928 1823 1047 1851 nondum

259 1872 355 1898 adesse
374 1874 490 1905 poterat,
503 1878 629 1905 magnum
641 1877 675 1896 ex
691 1869 803 1897 Oriente
827 1870 916 1896 lumen
934 1869 1050 1896 accersit

261 1920 385 1943 sanctum
401 1915 546 1943 Eusebium
565 1915 794 1946 Samosatensem,
812 1914 903 1942 missis
926 1922 975 1949 per
996 1915 1049 1942 Eu-

263 1961 392 1989 stathium
410 1961 552 1988 diaconum
576 1960 685 1992 litteris,
702 1961 728 1987 in
746 1960 844 1994 quibus
865 1965 966 1995 quanto
991 1968 1050 1987 ver-

261 2011 368 2048 saretur
386 2006 413 2040 in
429 2006 551 2040 periculo
565 2005 740 2032 Caesariensis
752 2004 872 2031 Ecclesia
884 2005 1048 2032 declarabat.

262 2052 389 2080 Accurrit
406 2057 515 2078 sanctus
527 2055 628 2086 martyr
641 2051 666 2077 in
689 2051 898 2086 Cappadociam,
915 2051 986 2085 quod
1008 2058 1051 2078 as-

263 2098 330 2125 serit
344 2097 459 2124 Basilius
480 2097 528 2132 (ε),
552 2101 578 2123 et
596 2096 739 2124 confirmat
764 2096 913 2131 Gregorius
933 2097 965 2131 (ί)
979 2116 987 2129 ,
1005 2096 1050 2131 qui

266 2145 397 2179 Spiritum
412 2149 533 2171 sanctum
552 2143 586 2170 ab
600 2143 702 2170 exteris
725 2143 881 2177 regionibus
905 2143 976 2169 viros
994 2143 1050 2178 pie-

265 2195 319 2216 tate
333 2189 451 2223 insignes
475 2189 586 2223 zeloque
600 2188 744 2224 ﬂagrantes
761 2188 794 2215 ad
810 2189 961 2223 ungendum
976 2188 1051 2216 Basi—

266 2236 332 2262 lium
348 2235 483 2263 excitasse
500 2240 625 2263 testatur.

266 2293 334 2322 XCI.
351 2292 468 2320 Basilius
483 2293 578 2334 electus
589 2291 811 2333 ett'Ca'sariensis
826 2292 971 2326 episcopus,
985 2291 1050 2319 Gre-

494 2336 563 2363 gom
580 2333 716 2362 utriusque
735 2335 824 2361 opera.

302 2373 372 2407 Quid
394 2374 572 2409 pluraYCum
600 2381 693 2401 eorum
721 2379 833 2400 numero
854 2372 1050 2407 episcoporum,

268 2420 313 2455 qui
329 2419 458 2447 Basilium
475 2425 554 2447 erant
576 2418 783 2454 proclamaturi,
802 2425 871 2446 unus
890 2419 994 2446 deesset
1018 2418 1052 2445 atl

268 2465 426 2493 canonicam
453 2465 627 2497 electionem;
657 2464 785 2491 Nazianzi
811 2465 963 2499 episcopus,
991 2474 1000 2490 ι
1017 2463 1053 2500 (g)

269 2520 321 2540 non
335 2511 422 2540 solum
437 2515 590 2544 senectute,
609 2511 656 2538 sed
672 2511 753 2537 etiam
768 2510 863 2537 morbo
892 2509 1003 2542 tractus,
1022 2518 1054 2537 ac

269 2565 337 2592 pene
352 2558 469 2584 animam
484 2564 577 2591 agens,
599 2555 652 2583 iter
665 2555 774 2590 aggredi
794 2563 846 2582 non
867 2555 1008 2588 dubitavit,
1026 2561 1055 2583 ut

269 2605 372 2633 calculo
389 2612 438 2632 suo
469 2603 627 2631 electionem
646 2602 763 2638 juvat-et,
787 2601 904 2638 Spiritus
929 2603 1054 2630 videlicet

307 2661 344 2696 (α)
359 2661 441 2695 Greg.
456 2660 506 2695 Ep.
524 2660 559 2696 al.
574 2660 618 2687 25.

307 2697 343 2731 (bl
362 2699 409 2723 Ur.
424 2696 468 2727 18,
488 2705 514 2722 ιι.
528 2695 574 2722 56.

305 2731 338 2766 (ε)
364 2731 411 2759 0r.
427 2732 472 2763 45,
488 2739 515 2757 η.
530 2731 575 2757 a7.

308 2763 347 2799 ((1)
368 2765 416 2799 Ει).
443 2767 487 2797 47,
505 2767 575 2796 inter
591 2763 749 2797 Basilianas,
767 2771 794 2798 p.
816 2763 867 2790 HO

309 2802 343 2834 (ε)
368 2801 416 2833 Ep.
439 2801 484 2828 ts.

309 2837 348 2870 (f)
369 2836 415 2863 0r.
431 2835 477 2865 45.
496 2844 521 2861 n.
536 2835 579 2862 37.

312 2868 347 2906 lg)
367 2871 413 2898 Or.
432 2870 475 2903 18,
493 2879 518 2897 u.
541 2871 591 2902 56;
613 2877 653 2897 or.
671 2869 714 2903 45,
735 2868 819 2896 11.57.

1085 905 1228 939 cipiamus.
1246 913 1255 930 ι
1275 905 1343 938 Spes
1357 904 1480 938 Gregorii
1498 904 1573 930 irrita
1600 911 1653 931 non
1682 903 1742 931 fuit.
1770 914 1780 930 ι
1804 904 1873 931 Fieri

1087 951 1167 978 aliter
1185 957 1238 977 non
1261 954 1380 985 poterat,
1405 954 1435 976 ut
1457 949 1513 984 ipse
1537 949 1575 975 ait
1603 949 1652 984 ti),
1671 950 1735 984 quin
1760 949 1873 984 Spiritus

1092 1001 1206 1023 sanctus
1226 995 1358 1027 vinceret;
1384 998 1464 1029 atque
1480 994 1548 1021 adeo
1563 995 1669 1021 abunde
1681 994 1755 1021 vicit.
1775 1003 1784 1019 ι
1802 993 1862 1021 Basi

1089 1043 1142 1070 lius
1155 1043 1258 1070 electus
1272 1041 1322 1069 fuit
1344 1041 1521 1069 Ctesariensis
1544 1041 1702 1075 episcopus,
1721 1040 1875 1070 ordinatus.

1089 1094 1115 1116 et
1128 1090 1154 1116 in
1170 1090 1267 1116 throno
1282 1088 1439 1116 collocatus.
1458 1087 1561 1120 Quibus
1583 1088 1710 1122 peractis.
1729 1087 1876 1122 Gregorius

1089 1135 1134 1171 qui
1152 1134 1288 1170 profectus
1302 1134 1398 1166 fuerat,
1409 1144 1417 1159 ι
1431 1133 1462 1170 (i)
1471 1133 1594 1160 vehiculo
1609 1142 1659 1160 non
1670 1141 1749 1160 secus
1765 1140 1796 1159 ac
1806 1140 1876 1159 mor-

1091 1186 1153 1208 tuus
1169 1181 1269 1208 feretro
1284 1180 1435 1215 impositus,
1454 1180 1562 1215 juvenis
1577 1180 1656 1211 redit,
1673 1179 1766 1206 ﬁrmus
1784 1186 1816 1206 ac
1831 1187 1876 1205 va-

1090 1227 1157 1259 lens,
1176 1227 1269 1254 oculos
1283 1232 1389 1254 erectos
1406 1226 1524 1257 habens,
1537 1233 1551 1252 a
1566 1233 1694 1252 manuum
1711 1225 1877 1259 impositione

1091 1279 1119 1302 et
1135 1274 1273 1306 unctione,
1287 1273 1356 1300 addo
1368 1273 1461 1305 etiam,
1487 1276 1514 1299 et
1536 1272 1569 1299 ab
1587 1271 1668 1305 illius,
1687 1272 1732 1306 qui
1757 1271 1877 1305 ungeba-

1093 1326 1146 1355 tur,
1163 1321 1251 1356 capite
1268 1321 1420 1348 roboratus.
1439 1319 1497 1347 lloc
1513 1320 1594 1355 igitur
1608 1319 1641 1346 ad
1664 1319 1768 1354 priscas
1784 1327 1878 1346 narra-

1094 1369 1183 1395 tiones
1199 1368 1323 1398 accedat,
1337 1367 1407 1401 quod
1424 1366 1500 1394 labor
1513 1366 1655 1393 sanitatem
1676 1365 1764 1398 ailert,
1779 1370 1806 1392 et
1821 1365 1879 1392 ani-

1094 1413 1130 1440 mi
1149 1413 1277 1439 alacritas
1291 1417 1414 1439 morluos
1426 1411 1539 1444 excitat,
1555 1416 1582 1439 et
1595 1411 1670 1438 exilit
1680 1415 1804 1448 senectus
1817 1409 1879 1445 Spi-

1094 1458 1147 1485 ritu
1166 1457 1295 1484 dclibuta.
1316 1467 1325 1483 D
1353 1458 1399 1485 Sic
1420 1457 1545 1490 Basilius,
1563 1457 1683 1492 Gregorii
1702 1456 1840 1490 utriuSque
1854 1461 1881 1483 et

1095 1503 1180 1529 sancti
1204 1502 1314 1530 Eusebii
1330 1502 1531 1530 Samosatcnsis
1549 1510 1642 1537 opera,
1656 1501 1782 1529 Ecclesiae
1796 1501 1882 1529 Caesa-

1097 1549 1194 1576 riensis
1221 1549 1404 1583 episcopatum
1431 1549 1550 1582 suscepit
1571 1555 1641 1575 anno
1656 1547 1719 1579 570,
1739 1553 1767 1574 ut
1788 1548 1881 1574 multis

1096 1595 1262 1629 argumentis
1276 1595 1421 1622 confirmat
1445 1600 1538 1622 noster
1560 1595 1724 1622 Prudentius
1738 1594 1829 1621 Maran
1846 1594 1881 1629 (Β)

1096 1647 1156 1676 post
1169 1641 1308 1668 Patavium
1323 1647 1349 1669 et
1366 1641 1567 1668 Tillemontium
1586 1651 1592 1669 :
1615 1649 1664 1668 nec
1679 1641 1805 1668 audiendi
1821 1646 1884 1667 sunt

1097 1687 1269 1715 Bollandislaz
1291 1691 1318 1714 ct
1338 1687 1479 1719 Baronius,
1501 1687 1548 1722 qui
1576 1687 1704 1714 Basilium
1737 1694 1807 1714 anno
1831 1687 1883 1714 569

1097 1734 1254 1761 ordinatum
1273 1733 1415 1766 scribunt;
1436 1733 1522 1760 multo
1539 1739 1629 1760 autem
1647 1733 1735 1767 magis
1754 1733 1884 1767 repellen-

1099 1779 1148 1806 dus
1163 1785 1205 1806 est
1220 1778 1330 1813 Pagius,
1348 1779 1394 1814 qui
1418 1779 1477 1814 ejus
1497 1779 1697 1807 ordinationem
1723 1779 1756 1806 ad
1786 1787 1884 1806 annum

1099 1831 1184 1857 usque
1195 1823 1245 1851 571
1263 1822 1363 1851 differt.

1100 1890 1177 1919 XCII.
1198 1891 1340 1925 Gregorius
1370 1899 1415 1918 nec
1434 1890 1553 1918 electiom'
1567 1890 1660 1918 Basilii
1686 1891 1816 1924 interfuit,
1841 1899 1886 1917 nec

1135 1935 1194 1953 eum
1208 1932 1263 1959 post
1279 1926 1428 1952 electionem
1440 1927 1541 1958 invisit;
1554 1925 1656 1953 Basilio
1672 1927 1792 1961 querenti
1805 1934 1832 1953 se
1843 1935 1887 1953 M-

1135 1962 1246 1996 glectum
1264 1962 1408 1995 respondit.

1137 2006 1245 2033 Nemini
1256 2006 1365 2032 dubium
1379 2005 1441 2038 fuit,
1453 2005 1518 2040 quin
1532 2005 1690 2041 Gregorius,
1703 2006 1748 2041 qui
1760 2006 1885 2034 electiuni

1100 2053 1192 2080 Basilii
1210 2060 1263 2079 non
1280 2051 1461 2083 interfuerat,
1482 2052 1569 2079 electo
1593 2052 1777 2086 gralulaturus
1800 2052 1888 2080 Cresa-

1105 2106 1179 2125 ream
1194 2102 1364 2125 occurreret.
1378 2096 1477 2124 Verum
1494 2096 1658 2124 Christianae
1676 2097 1812 2125 modestia:
1825 2105 1888 2125 con-

1101 2144 1203 2177 sulens,
1218 2149 1300 2178 atque
1328 2143 1424 2170 horum
1445 2148 1595 2178 temporum
1618 2143 1747 2170 invidiam
1772 2143 1886 2178 fugiens,

1065 2196 1091 2226 ι)
1109 2197 1236 2225 represso
1252 2190 1369 2217 amicum
1382 2189 1490 2216 videndi
1507 2189 1651 2221 desiderio,
1672 2189 1741 2216 domi
1755 2197 1784 2217 se
1800 2191 1887 2216 conti»

1105 2236 1178 2268 nuit,
1195 2235 1267 2262 datis
1283 2235 1387 2262 interea
1414 2233 1522 2265 litteris,
1541 2235 1639 2269 quibus
1659 2242 1689 2262 se
1703 2242 1806 2261 summa
1827 2242 1888 2270 per-

1102 2281 1192 2309 fusum
1213 2281 1307 2309 laetitia
1324 2281 1409 2309 fuisse
1433 2281 1536 2308 fatetur
1553 2280 1596 2314 (Ι),
1614 2287 1674 2307 cum
1707 2280 1842 2308 lucernam
1873 2289 1888 2308 a

1104 2329 1206 2364 Spiritu
1223 2333 1319 2356 sancto
1338 2328 1443 2355 victore
1458 2335 1538 2362 supra
1556 2327 1747 2354 candelabrum
1775 2327 1888 2362 positam

1104 2374 1261 2408 intellexit;
1282 2374 1419 2409 simulque
1435 2380 1532 2401 causas
1557 2380 1606 2400 cur
1623 2373 1715 2399 statim
1745 2372 1778 2400 ad
1802 2372 1887 2407 ipsum

1107 2429 1160 2449 non
1179 2420 1357 2452 advolaverit,
1376 2419 1498 2454 exponit,
1521 2426 1553 2446 ac
1571 2425 1604 2445 ne
1622 2418 1648 2445 id
1668 2425 1683 2445 a
1707 2425 1737 2445 se
1763 2422 1888 2452 exposcat

1105 2472 1243 2502 precatur.
1263 2466 1384 2502 Gregorii
1401 2465 1549 2497 orationes,
1569 2472 1615 2492 seu
1633 2464 1821 2491 excusationes
1837 2472 1889 2491 non

1106 2513 1210 2548 accepit
1226 2512 1354 2543 Basilius,
1371 2518 1453 2546 seque
1470 2511 1503 2538 ab
1521 2518 1553 2537 eo
1567 2510 1723 2545 parvipendi
1744 2517 1776 2536 ac
1790 2509 1888 2545 negligi

1105 2563 1269 2593 conquestus
1279 2563 1331 2586 est.
1342 2558 1431 2585 Basilii
1442 2556 1559 2592 querelis
1576 2556 1615 2583 sic
1634 2561 1761 2591 peracute
1780 2562 1888 2590 respon-

1105 2605 1144 2632 dit
1156 2604 1223 2640 (nt):
1244 2613 1254 2630 ι
1273 2604 1302 2631 Si
1329 2604 1406 2631 nobis
1427 2604 1567 2638 propterea
1596 2603 1751 2635 succenses,
1775 2600 1846 2636 quod
1865 2605 1891 2627 te

1143 2661 1181 2697 (lt)
1199 2661 1246 2697 np.
1262 2661 1296 2688 al.
1311 2661 1357 2688 29.

1143 2696 1173 2732 (i)
1194 2695 1240 2723 ΟΡ.
1255 2697 1300 2727 45,
1321 2705 1347 2723 n.
1371 2696 1415 2722 57.

1142 2732 1175 2765 (j)
1201 2732 1266 2757 una.

1141 2768 1177 2800 (Is)
1201 2765 1260 2793 Vita
1281 2765 1342 2792 Bas.
1361 2773 1385 2792 c.
1400 2765 1442 2797 15,

1140 2801 1170 2831 (ι)
1198 2802 1244 2834 lip.
1260 2802 1294 2827 al.
1308 2801 1353 2827 ‘25.

1140 2839 1185 2871 tur)
1200 2836 1246 2870 Ep.
1270 2837 1304 2863 al.
1322 2837 1364 2862 'lU.

1459 2773 1484 2800 p.
1507 2766 1551 2793 8'5.
