2055 3130
174 192 226 220 105

832 190 914 218 V'lTA
934 192 961 220 S.
984 191 1158 220 GREGORII.

1755 193 1808 221 {'95

173 251 276 283 minus,
295 258 375 285 quam
392 255 438 278 tua
453 251 541 279 virtus
555 255 686 283 meretur,
698 251 864 286 suspicimus
881 257 908 279 et
919 252 966 278 ad-
981 255 1004 283 Α
1019 253 1131 288 ejusque
1148 261 1227 281 voces
1242 253 1350 280 audisse
1361 259 1429 287 quas
1451 261 1462 278 ι
1477 251 1525 280 Dei
1540 259 1620 280 voces
1635 261 1646 278 ι
1671 252 1806 287 appellare

178 299 323 330 miramur,
347 298 473 325 omnibus
486 305 594 332 quoque
619 297 779 325 mortalibus
803 305 965 326 succenseas

176 349 294 378 oportet.
308 343 401 378 Neque
411 345 484 371 enint
505 344 576 371 alius
591 344 733 379 quisquam
750 344 818 371 satis
833 348 858 371 tc
873 345 967 372 lauda-

175 391 225 422 vit,
244 395 290 417 aut
311 389 470 418 landaturus
491 394 543 424 est,
562 395 661 424 praeter
688 395 714 417 te
730 396 858 426 tuamque
883 391 909 418 in
924 391 965 418 di-

174 435 258 462 cendo
270 435 480 467 sublimitatem;
502 437 524 463 si
538 436 646 470 quidem
671 436 729 463 ﬁeri
744 441 835 471 posset
848 441 876 464 ιιι
888 437 964 471 quis-

174 482 244 515 piam
269 489 333 508 suas
346 481 402 513 ipse
429 481 520 510 laudes
533 482 702 516 przedicaret,
715 482 795 517 idque
809 490 964 510 sermonum

173 525 216 552 lex
235 526 330 553 ferret.
348 525 425 559 Quod
442 526 464 553 si
490 531 674 562 contemptum
701 527 737 554 lui
755 527 832 554 nobis
856 528 962 561 obiicis,

175 571 240 605 quin
257 572 333 606 prius
349 572 503 600 insaniam?
515 574 548 600 At
567 573 637 608 quod
653 573 875 608 philosophamur
893 574 964 600 indi-

172 617 284 650 gnaris?
298 617 404 645 Liceret
419 619 486 646 mihi
514 626 574 647 cum
591 619 660 647 bona
686 625 731 647 tua
754 620 833 647 venia
859 620 961 652 dicere,

174 662 224 690 hoc
236 670 318 689 unum
338 663 461 690 doctrina
478 671 586 699 quoque
604 669 648 691 tua
669 669 695 692 et
712 665 864 692 eruditione
880 664 964 692 subli-

173 708 242 736 unius
256 714 298 736 est
311 714 339 736 et
362 710 549 744 praestantius.
568 719 577 736 ι
595 710 684 738 Cessit
705 713 810 738 tandem
835 711 960 743 Basilius,

172 758 200 780 et
225 755 306 782 amici
336 756 506 789 prudentiam
544 755 648 790 judicio
682 764 731 784 suo
760 757 960 791 comprobavit;

173 801 399 833 quemadmodum
415 809 475 828 ctnn
491 806 582 836 postea
594 801 747 829 Caesaream
761 802 882 830 venisset
897 803 962 831 Grc-

171 846 264 881 gorius
276 846 328 881 (α),
342 852 424 881 atque
435 847 553 874 oblatam
568 848 618 875 sibi
633 849 667 875 ab
683 848 770 876 amico
784 849 959 883 insigniorem

173 891 243 919 inter
258 893 433 928 presbyteros
457 893 549 920 sedem
576 894 755 926 reptuliasset,
783 894 835 921 hoc
859 893 959 922 factmu

171 944 224 963 non
240 938 390 970 accusavit,
406 939 452 966 sed
468 938 589 967 laudavit
606 940 733 967 Basilius.

170 982 259 1011 XCIII.
281 983 316 1010 De
333 983 439 1011 Valente
457 986 581 1013 adversus
597 985 742 1013 Ecclesium
760 986 959 1013 Nazianzenam

206 1019 329 1052 impetum
354 1020 481 1054 faciente,
505 1029 558 1048 una
575 1029 634 1048 cum
658 1027 731 1056 patre
756 1022 888 1048 victoriam
919 1030 960 1048 re-

203 1059 300 1087 portat.

205 1097 260 1126 Sub
279 1099 359 1126 linem
375 1100 439 1127 anni
470 1100 518 1128 571
538 1100 643 1128 videtur
660 1101 816 1135 contigisse,
833 1101 903 1135 qttod
927 1101 960 1128 de

169 1145 251 1178 patris
266 1145 323 1172 zelo
340 1150 435 1172 narrat
462 1145 610 1180 Gregorius
626 1145 674 1180 (b),
692 1146 736 1181 qui
752 1154 848 1180 magna
876 1146 959 1172 animi

170 1191 322 1218 constantia
347 1200 357 1217 t
378 1199 439 1219 sese
458 1193 596 1220 ba‘reticis
621 1193 756 1227 opposuit,
772 1200 832 1219 cum
851 1192 886 1218 illi
907 1200 959 1218 una

171 1244 230 1263 cum
246 1236 418 1270 imperatoria
445 1237 585 1272 impietate
600 1237 800 1272 expeditionem
828 1237 958 1264 adversus

172 1282 369 1309 Nazianzenam
391 1283 540 1310 Ecclesiam
556 1289 745 1318 susceperunt,
768 1289 895 1318 tanquam
911 1290 959 1310 nos

170 1336 288 1362 quoque,
307 1328 395 1362 inquit
414 1327 574 1363 Gregorius,
597 1329 624 1356 in
642 1334 805 1364 potestatem
822 1337 898 1355 suam
917 1336 960 1356 re-

169 1374 273 1400 dacturi
288 1395 295 1406 ,
313 1374 489 1410 aliisquejam
502 1375 557 1402 fere
568 1375 692 1402 omnibus
710 1375 839 1402 servitttte
851 1382 961 1409 oppres-

166 1419 205 1446 sis
220 1419 660 1455 atljuncturi.r—tImperatoriam
672 1420 957 1454 itnpietatetmintelli-

168 1465 206 1500 git
225 1464 375 1499 Valentem,
391 1467 448 1501 qui,
467 1467 615 1501 composita
632 1474 693 1494 cum
711 1466 808 1494 Gothis
827 1474 905 1501 pace,
924 1467 956 1493 ad

168 1511 374 1547 impugnandam
384 1513 544 1540 catholicam
565 1513 644 1540 iidem
673 1513 776 1548 imperii
799 1514 871 1541 vires
892 1522 957 1542 con-

168 1557 267 1589 vertit,
297 1562 324 1585 et
366 1558 493 1587 haeretico
527 1558 634 1593 agmine
675 1558 780 1586 cinctus
818 1559 844 1586 in
886 1560 957 1594 Cap-

1017 305 1071 325 non
1088 297 1204 330 dubitat,
1217 305 1279 325 cum
1296 298 1481 332 alloqneretur
1492 297 1683 332 imperatorem
1700 297 1745 331 qui
1761 304 1806 324 se-
1849 315 1853 319 -

1018 344 1072 371 mel
1090 349 1115 371 et
1131 345 1229 372 iterum
1245 344 1272 371 in
1286 352 1347 371 eam
1363 352 1392 372 se
1408 343 1570 377 contulerat,
1584 347 1613 369 ut
1637 343 1729 371 Basilii
1749 344 1807 370 col-

1019 388 1120 423 loquio,
1141 390 1212 423 quod
1223 389 1279 424 jam
1293 389 1399 424 pridem
1418 388 1571 424 expetebat,
1592 387 1735 415 frueretur.
1751 387 1806 415 Nec

1015 442 1081 462 vero
1097 440 1200 462 tantum
1215 435 1307 462 Basilii
1322 435 1464 470 colloquiis
1477 442 1539 462 cutn
1567 434 1741 469 imperatore,
1760 442 1805 461 ve-

1016 488 1075 508 rum
1090 481 1171 508 etiam
1192 481 1292 508 habitis
1306 485 1386 508 antea
1401 487 1461 507 cum
1477 480 1604 515 prtel'ecto
1619 484 1646 507 et
1660 480 1805 515 praeposito

1015 534 1174 562 coquorum,
1185 528 1230 562 qui
1246 528 1313 554 artis
1329 535 1383 554 sua:
1395 527 1499 562 gladios
1514 526 1681 558 minabatur,
1699 535 1709 552 ι
1723 531 1805 560 atque

1014 572 1048 599 ad
1074 573 1163 607 ignem
1178 573 1229 600 sibi
1254 578 1448 608 congruetttcm
1479 573 1657 600 transmissus
1674 581 1684 598 ι
1701 576 1755 605 est,
1775 577 1806 599 ut

1014 619 1110 647 festive
1120 620 1226 653 jocatur
1239 619 1387 655 Gregorius
1406 619 1456 655 (e),
1470 618 1720 647 concertationibus
1740 625 1802 645 eum

1014 665 1170 692 interfuisse
1183 670 1286 692 certum
1304 666 1380 694 nobis
1403 665 1520 693 videtur.
1548 664 1616 692 Eum
1642 665 1805 692 invitaverat

1013 709 1141 744 Basilius,
1157 716 1187 738 ut
1203 711 1254 738 sibi
1279 711 1386 738 adesset
1404 711 1437 738 ad
1463 711 1630 746 propositum
1653 715 1802 741 certamen,

1014 763 1157 785 venturum
1173 764 1202 784 se
1219 757 1398 792 promiserat;
1426 757 1517 791 itaque
1540 763 1602 784 eum
1618 756 1725 784 venisse
1753 762 1803 790 pro

1013 809 1088 831 certo
1112 803 1277 830 habendum.
1305 803 1460 830 Arbitratur
1494 801 1682 829 Tillemontius
1708 802 1803 829 matris

1012 848 1136 884 Gregorii
1154 849 1277 876 morbum
1293 848 1417 876 attulisse
1439 855 1540 881 moras,
1556 853 1584 876 et
1596 855 1704 875 causam
1720 847 1803 874 fuisse

1013 902 1061 922 cur
1078 902 1094 921 a
1106 894 1205 922 Basilio
1224 899 1337 922 vocatus
1359 896 1451 921 statim
1477 902 1529 921 non
1558 893 1674 920 venerit.
1690 892 1801 924 Verum,

975 927 996 954 Β
1014 945 1042 968 ut
1057 940 1180 967 omittam
1206 939 1358 967 chariorem
1373 938 1455 965 fuisse
1467 937 1598 973 Gregorio
1612 937 1738 965 Ecclesia
1750 937 1803 964 uti-

1011 986 1125 1018 litatem,
1139 993 1219 1020 quam
1245 990 1283 1019 ut,
1309 993 1340 1012 ea
1368 985 1532 1018 posthabita,
1555 983 1695 1019 aegrotanti
1722 983 1802 1010 matri

1011 1032 1152 1064 assideret,
1169 1035 1250 1066 atque
1268 1031 1302 1058 ad
1327 1030 1521 1058 defendendam
1537 1029 1685 1057 Ecclesiam
1704 1036 1800 1056 accur-

1013 1087 1074 1106 rere
1090 1079 1275 1110 detrectaret;
1297 1081 1372 1104 certe
1390 1077 1416 1104 in
1433 1077 1475 1103 his
1494 1076 1603 1108 litteris,
1620 1076 1718 1110 quibus
1736 1075 1802 1102 niti-

1012 1129 1055 1152 tur
1082 1124 1282 1155 Tillemontius,
1303 1122 1370 1150 nihil
1394 1122 1491 1158 legitur
1507 1122 1540 1149 de
1564 1122 1732 1157 gravissimis
1757 1129 1802 1148 ve-

1012 1170 1102 1197 niendi
1120 1169 1221 1201 causis,
1242 1168 1309 1195 nihil
1323 1168 1356 1195 de
1369 1167 1492 1201 Gregorii
1507 1167 1660 1202 promissis,
1676 1168 1722 1202 qui
1740 1175 1802 1194 cuin

1011 1216 1147 1250 pugnandi
1167 1221 1271 1249 tempus
1291 1214 1406 1246 adesset,
1435 1214 1591 1241 adfuturum
1618 1221 1648 1240 se
1665 1213 1801 1248 pollicitus

1011 1262 1118 1294 fuerat;
1140 1261 1186 1288 sed
1207 1266 1311 1287 tantum
1335 1259 1470 1287 desiderio
1487 1259 1594 1286 videndi
1622 1258 1749 1285 Basilium
1771 1266 1801 1285 se

1011 1309 1097 1335 teneri
1115 1307 1260 1343 signiﬁcat,
1278 1307 1320 1334 cui
1335 1307 1539 1334 satisfacturum
1557 1313 1587 1333 se
1605 1305 1643 1332 ait
1657 1305 1703 1340 (Ῑ),
1715 1305 1736 1332 si
1751 1312 1800 1331 sua

1011 1361 1098 1381 mater
1111 1354 1204 1381 Basilii
1217 1354 1342 1388 precibus
1356 1357 1479 1380 sanetur.
1496 1351 1586 1385 Quare
1602 1351 1660 1379 haec
1676 1351 1709 1378 ad
1727 1351 1800 1377 aliud

1011 1406 1117 1435 tempus
1145 1401 1263 1435 pertinet
1292 1400 1424 1434 epistola;
1460 1403 1488 1426 et
1514 1405 1683 1433 quaecunque
1707 1402 1800 1424 narrat

1009 1447 1156 1481 Gregorius
1168 1447 1205 1482 (θ)
1219 1447 1252 1473 de
1266 1445 1356 1473 Basilii
1373 1445 1476 1480 prolixa
1497 1449 1524 1472 et
1546 1445 1602 1471 acri
1624 1452 1685 1472 cum
1703 1443 1801 1479 pracfe-

1010 1499 1055 1521 cto
1077 1494 1200 1520 Modesto
1219 1493 1434 1525 concertatione,
1456 1491 1513 1520 suis
1530 1492 1587 1527 ipse
1611 1491 1722 1518 auribus
1741 1497 1801 1518 cre-

1009 1539 1113 1567 dendus
1125 1545 1167 1566 est
1184 1539 1316 1566 hausisse.

165 1601 307 1634 padociam
336 1610 366 1629 se
399 1603 524 1630 contulit.
561 1601 682 1630 Intentus
705 1604 872 1637 potissimum
900 1611 957 1632 erat

1045 1596 1125 1624 XCV.
1145 1596 1179 1623 lu
1201 1596 1262 1623 aliis
1282 1596 1377 1637 Basilii
1396 1595 1496 1636 prrrlii:
1518 1599 1606 1630 partes
1629 1595 1694 1621 imas
1710 1594 1764 1628 agit

168 1646 287 1675 Valentis
307 1656 387 1676 arcus
419 1651 446 1675 itt
473 1648 621 1681 Basiliutn;
650 1650 696 1676 sed
725 1649 877 1677 Caesaream
909 1658 957 1685 pe-

171 1698 238 1725 tens,
267 1698 382 1721 exeunte
409 1703 479 1721 anno
506 1695 568 1725 571,
591 1695 632 1722 vel
665 1695 725 1722 inde
750 1696 841 1722 lorsan
871 1696 958 1723 disce-

166 1741 232 1766 dens
267 1747 339 1767 anno
365 1741 497 1775 Sequenti,
523 1740 659 1767 Nazianzo
686 1741 737 1768 iter
762 1741 864 1774 habuit,
893 1749 956 1769 con-

168 1785 324 1821 fectumque
346 1787 422 1814 scnio
438 1794 581 1822 aggressus
599 1791 640 1814 est
655 1787 823 1822 episoopum,
839 1787 884 1822 qui
900 1788 955 1822 glo-

167 1832 266 1858 riosnm
281 1833 314 1859 de
329 1840 361 1860 eo
380 1833 545 1867 triumphum
570 1835 727 1869 reportavit.
743 1834 865 1868 Magnam
891 1843 954 1869 pro-

168 1878 238 1905 fecto
253 1879 278 1905 in
300 1886 332 1905 eo
350 1880 485 1913 triumpho
504 1884 607 1914 partem
629 1880 723 1907 habuit
740 1879 890 1914 Gregorius
907 1888 955 1907 no-

164 1930 237 1956 ster,
258 1925 328 1959 quod
345 1925 454 1959 quidem
483 1925 550 1959 ipse,
568 1925 609 1952 vir
634 1926 697 1953 licet
725 1925 951 1958 modestissimus,

165 1969 244 1997 fateri
261 1976 371 1998 coactus
389 1977 511 2002 est,cum
529 1972 567 1998 ait
586 1970 746 2006 Gregorium
761 1976 865 2006 patretn
877 1979 953 1998 suum

165 2024 177 2042 1
197 2023 294 2051 magno
310 2016 467 2051 adjutnento
486 2026 495 2042 ι
520 2017 602 2044 fuisse
617 2016 822 2044 decertantibtts
836 2015 953 2042 Nazian-

163 2062 238 2089 xenis
252 2062 384 2089 adversus
400 2063 600 2097 imperatoriam
616 2062 792 2096 impietatem,
810 2071 818 2086 ε
833 2067 888 2088 tum
907 2069 955 2096 per

162 2116 192 2135 se
206 2108 272 2143 ipse,
283 2113 338 2135 tttm
354 2116 401 2143 per
412 2116 462 2136 nos
471 2109 551 2136 etiam
569 2109 693 2140 fortasse,
709 2109 795 2143 inquit
807 2107 955 2142 Gregorius

163 2152 209 2186 (ε),
239 2153 272 2180 de
302 2153 392 2188 seipso
413 2153 536 2188 loquens,
555 2161 631 2188 qttos,
647 2154 718 2180 velut
730 2161 782 2180 ιιοη
798 2154 908 2187 ignavos
923 2160 954 2179 ac

162 2200 308 2233 degeneres
331 2199 444 2231 catulos,
463 2200 489 2225 in
511 2199 570 2226 illos
598 2199 740 2226 haereticos
766 2199 840 2225 velut
866 2199 954 2225 iuste-

161 2244 286 2270 vissintas
301 2243 372 2271 feras
384 2244 559 2276 itnntittebat,
571 2245 604 2271 ad
619 2244 745 2278 pietatem
762 2243 889 2270 nimirum
904 2244 953 2270 hac

163 2290 267 2315 ratione
294 2297 341 2316 nos
356 2297 496 2317 exercens.
516 2299 526 2315 ›

161 2333 252 2363 XCIV.
268 2335 397 2362 Adversus
419 2337 537 2362 eumdem
564 2335 695 2362 Valentem
717 2335 830 2362 rertanti
850 2333 952 2361 Basilio

410 2372 495 2397 socius
512 2376 548 2397 est
570 2370 723 2405 Gregorius.

196 2415 224 2441 In
250 2417 358 2451 egregio
382 2423 489 2451 qttoque
523 2416 613 2443 Basilii
649 2416 799 2444 certamine
824 2416 952 2442 adversus

159 2462 283 2488 eumdetn
302 2462 491 2496 imperatorem
521 2464 611 2490 socius
636 2462 685 2489 fuit
704 2462 862 2496 Gregorius,
884 2461 956 2495 ejus-

160 2513 214 2542 que
243 2515 357 2535 consors
381 2508 407 2534 in
429 2507 510 2534 nobili
535 2507 672 2542 triumpho
691 2515 769 2542 quem
784 2507 817 2534 de
843 2506 957 2534 devii-tis

160 2559 187 2579 et
198 2554 356 2588 expugnatis
366 2553 505 2581 catholica:
519 2554 580 2580 lidei
594 2554 715 2581 hostibus
725 2553 817 2580 retulit
835 2557 954 2579 exeunte

159 2606 231 2626 anno
238 2599 287 2626 571
298 2605 325 2627 et
338 2600 447 2627 ineunte
456 2607 527 2627 anno
534 2599 596 2626 372.
605 2599 651 2628 llis
663 2599 856 2627 certaminibus
869 2599 956 2624 inter-

160 2643 244 2670 fuisse
269 2644 430 2679 Gregorium
450 2652 483 2672 ex
506 2645 564 2680 ipso
582 2645 722 2672 discimtts.
747 2644 853 2672 Etenim
881 2643 952 2671 sein

157 2690 302 2717 ecclesiam
321 2698 373 2718 una
388 2698 449 2718 cum
469 2690 570 2719 Basilio
595 2691 746 2727 ingressum
762 2694 878 2718 testatur
902 2689 951 2725 (Δ),

194 2797 230 2830 ια)
244 2796 290 2823 Or.
307 2796 352 2827 45,
372 2805 399 2825 tt.
416 2797 461 2824 45.

193 2834 228 2865 to;
245 2831 292 2859 0r.
313 2833 355 2864 ιδ,
373 2841 396 2858 ιι
419 2833 463 2858 57.

195 2870 228 2898 (ε)
249 2866 314 2893 lbid.

193 2904 230 2931 id)
247 2904 293 2928 Ur.
312 2901 353 2933 65,
369 2910 394 2928 n.
411 2902 453 2929 55.

1327 1631 1346 1658 G
1353 1631 1479 1665 regorius.

1001 1685 1007 1693 '
1043 1679 1116 1706 ldcm
1140 1679 1222 1705 etiam
1247 1678 1390 1705 dicendum
1416 1677 1450 1703 de
1473 1676 1555 1703 variis
1581 1665 1673 1703 Basilii
1700 1674 1799 1710 pra~liis

1008 1732 1069 1751 cutn
1094 1725 1199 1751 cmteris
1223 1723 1256 1750 ab
1276 1724 1440 1757 imperatore
1465 1721 1630 1756 praemissis,
1657 1721 1714 1748 sive
1738 1729 1747 1745 I
1765 1727 1798 1747 ex

1006 1769 1127 1803 judicum
1145 1768 1231 1796 classe
1243 1788 1250 1798 ,
1267 1778 1276 1794 ι
1297 1769 1354 1795 sive
1373 1777 1382 1793 t
1397 1775 1431 1794 ex
1451 1767 1560 1794 militari
1577 1766 1689 1798 ordine,
1705 1775 1714 1791 ι
1741 1765 1798 1792 sive

1010 1824 1020 1840 ι
1035 1822 1066 1842 ex
1084 1821 1221 1850 gynaeceo.
1241 1823 1250 1839 ι
1269 1813 1297 1840 In
1319 1813 1360 1840 his
1381 1812 1508 1839 omnibus
1523 1811 1615 1838 Basilii
1636 1811 1728 1838 socius
1748 1811 1798 1837 fuit

1007 1860 1168 1895 Gregorius,
1184 1859 1230 1894 qui
1247 1861 1324 1886 laetus
1340 1863 1368 1885 et
1387 1858 1475 1885 alacer
1489 1857 1600 1884 victoris
1616 1857 1686 1884 latus
1706 1857 1798 1891 cinge-

1007 1905 1064 1938 bat,
1083 1909 1193 1931 strenue
1213 1903 1372 1931 counnissas
1388 1903 1440 1930 sibi
1455 1910 1469 1929 a
1488 1902 1586 1929 Basilio
1600 1907 1690 1929 partes
1703 1909 1795 1937 agens.

1007 1950 1082 1978 Hanc
1096 1957 1214 1984 namque
1227 1970 1234 1981 ,
1249 1955 1361 1985 propter
1379 1949 1509 1983 temporis
1531 1949 1669 1983 angustias
1680 1969 1688 1981 ,
1711 1949 1796 1976 ratio.

1007 2005 1067 2024 neln
1095 1997 1194 2023 inierat
1221 1995 1352 2030 Basilius,
1379 2001 1409 2022 ut
1434 1996 1490 2030 ipse
1518 1995 1626 2029 quidem
1648 1996 1698 2023 sibi
1721 1996 1795 2022 verni

1006 2043 1234 2078 dispensationem
1251 2042 1420 2075 vindicaret;
1443 2041 1573 2077 Gregorio
1589 2047 1677 2069 atttetn
1689 2061 1698 2075 ,
1715 2050 1795 2076 quem

1006 2090 1041 2117 ob
1068 2089 1184 2116 nominis
1208 2089 1404 2117 obscuritatem
1429 2087 1489 2124 [,sic
1512 2088 1629 2122 loquitur
1647 2089 1687 2115 vir
1704 2089 1796 2116 mode-

1005 2141 1063 2163 stus
1081 2135 1142 2172 (Ιι)],
1170 2143 1249 2163 netno
1271 2139 1343 2162 esset
1370 2139 1547 2161 accusaturus
1567 2138 1594 2161 et
1620 2134 1646 2161 in
1670 2134 1794 2161 exsiliunt

1006 2181 1141 2215 ejecturus
1155 2202 1162 2214 ,
1179 2181 1305 2216 loquendi
1323 2181 1475 2208 libertatent
1491 2181 1683 2208 committeret.
1708 2181 1795 2215 Atque

1007 2227 1042 2253 ita
1056 2247 1062 2258 ,
1082 2227 1184 2260 inqttit,
1207 2226 1381 2260 Evangeliunt
1397 2230 1518 2253 nostrum
1535 2224 1642 2252 ﬁrmant
1659 2225 1795 2252 validum-

969 2268 992 2296 D
1006 2280 1058 2306 que
1072 2277 1150 2303 erat,
1172 2272 1273 2298 auxilio
1297 2272 1438 2305 utriusque
1459 2271 1607 2298 sulTultutn.
1632 2270 1670 2297 Ex
1690 2272 1732 2298 his
1755 2279 1795 2298 tn-

1008 2318 1077 2344 tueri
1097 2318 1159 2344 licet
1182 2322 1298 2351 quantos
1312 2317 1428 2347 labores,
1447 2325 1527 2350 quant
1541 2315 1657 2344 dilIicilia
1675 2324 1706 2344 ac
1722 2317 1794 2352 peri-

1006 2363 1099 2390 eulosa
1122 2369 1203 2389 onera
1229 2361 1388 2389 sustinuerit
1404 2362 1566 2397 Gregorius,
1585 2369 1646 2388 cum
1665 2363 1794 2390 adversa-

1007 2409 1061 2435 rios
1081 2409 1204 2435 cominus
1228 2408 1340 2435 adortus
1364 2415 1514 2442 manusque
1539 2416 1599 2435 cutn
1621 2408 1673 2435 illis
1698 2415 1794 2435 conse-

1006 2463 1078 2486 rens,
1094 2454 1184 2481 acrius
1199 2454 1305 2481 illorum
1320 2454 1346 2480 in
1363 2460 1392 2481 se
1407 2453 1498 2480 odium
1511 2454 1650 2482 excitavit.
1667 2453 1746 2481 Plura
1760 2454 1793 2481 de

1005 2502 1048 2528 his
1061 2501 1151 2529 dicere
1172 2508 1404 2536 supervacaneum
1420 2500 1518 2532 fuerit,
1537 2508 1597 2527 cum
1617 2500 1705 2528 mtllus
1724 2506 1792 2535 pene

1003 2549 1038 2575 sit
1056 2548 1173 2583 scriptor
1189 2547 1324 2582 antiquus,
1337 2547 1382 2581 qui
1400 2547 1528 2582 praeclara
1545 2547 1601 2574 haec
1615 2546 1707 2573 Basilii
1732 2554 1791 2573 cer-

1004 2596 1104 2622 tamina
1116 2615 1124 2628 ,
1142 2595 1332 2630 egregiamque
1348 2595 1397 2628 ipsi
1414 2603 1429 2621 a
1445 2594 1577 2630 Gregorio
1594 2594 1744 2628 pratstitam
1763 2594 1790 2620 in

1002 2642 1044 2669 his
1058 2641 1253 2669 certaminibus
1270 2649 1392 2676 operam,
1409 2649 1462 2668 non
1476 2640 1582 2675 longius
1596 2645 1789 2675 prosequatur.

1005 2688 1103 2714 Verum
1121 2686 1247 2713 lectorem
1264 2686 1394 2713 monitum
1414 2686 1547 2719 volumus,
1568 2686 1743 2719 recentiores,
1763 2686 1789 2712 in

1041 2799 1074 2835 (ε)
1089 2800 1169 2835 μυῖαι,
1188 2809 1213 2826 η.
1231 2800 1272 2827 t7.

1039 2836 1072 2869 tl)
1086 2834 1134 2868 Ep-
1152 2837 1180 2862 4.

1036 2872 1072 2904 (ῃ)
1088 2870 1135 2906 Or.
1147 2871 1191 2902 45,
1206 2879 1232 2896 n.
1247 2871 1280 2897 48
1301 2876 1327 2898 et
1345 2879 1403 2906 seq.

1034 2905 1072 2941 (lt)
1094 2905 1171 2938 lbid.,
1189 2914 1215 2932 tt.
1231 2906 1274 2932 «ii.
