2055 3130
267 187 321 214 195

919 182 998 209 VITA
1020 182 1048 209 S.
1069 180 1242 209 GREGORII.

1841 183 1892 211 196

268 244 437 278 disponenda
457 243 553 270 ltarum
578 250 666 269 rerum
693 242 781 274 serie,
799 249 992 276 n0nnunqnam
1009 242 1056 269 ab-
1072 245 1095 271 Α
1109 239 1200 268 XCVI.
1226 240 1338 273 Operam
1358 249 1432 266 suam
1448 241 1522 278 olfert
1542 240 1643 268 Basilio
1662 241 1786 268 adversus
1802 241 1894 268 Ambi-

267 297 373 317 errare.
389 288 428 316 Ne
439 288 627 316 Tillentontius
641 288 763 322 quidem,
779 294 834 321 quo
847 294 899 314 non
918 287 986 313 alter
997 294 1058 314 cau-

269 334 324 361 tior
346 341 377 360 ac
401 333 565 367 diligentior,
587 333 621 359 ab
644 332 717 359 onttti
742 339 836 358 errore
858 331 985 359 immunis
1006 336 1056 359 est.

271 379 360 407 Locus
380 379 489 413 quidam
507 378 628 412 Gregorii
644 378 729 405 nostri
752 379 844 405 ntinus
861 383 933 406 recte
952 378 1057 405 intelle-

270 430 332 453 ctus
346 425 371 452 in
393 424 525 451 maximas
545 425 684 459 angustias
697 424 786 451 virum
809 424 915 451 doctum
933 424 1057 458 cottjecit.

272 469 420 504 Postquam
437 467 584 502 Gregorius
600 468 692 495 retulit
706 468 846 495 Valentem
866 468 958 495 Basilii
974 469 1060 496 admi-

271 515 376 543 ratione
390 514 542 549 perculsunt
554 534 561 546 ,
576 515 695 541 vetuisse
711 521 746 541 ne
761 514 801 541 vis
816 514 842 541 ei
859 513 1016 547 inferretur,
1033 520 1062 542 et

276 560 339 586 dum
355 560 425 587 dona
438 558 548 586 offerret
561 560 658 586 tnirtttn
672 560 698 586 in
713 559 821 586 tnoduttt
836 559 975 593 titubasse,
989 567 1062 587 cunt-

270 613 324 640 que
339 613 432 632 rursus
448 606 474 632 itt
490 605 632 632 ecclesiam
649 605 784 637 vertisset,
801 606 873 633 intra
890 606 978 633 velum
993 607 1061 634 divi-

272 659 321 679 nas
335 651 428 678 Basilii
440 659 521 678 voces
537 651 688 683 audivisse;
700 657 853 685 postquam,
869 651 991 685 inquam,
1003 652 1061 679 hate

272 701 395 724 narravit
407 696 567 732 Gregorius,
579 698 619 723 sic
634 696 806 730 prosequitur
822 696 859 732 (α)
877 705 883 722 :
900 697 972 732 Αὐτὴ
987 697 1061 731 γίνε-

271 752 317 770 ται
329 745 377 778 τῆς
389 742 436 769 τοῦ
448 742 580 777 βασιλέως
592 742 656 777 περὶ
669 743 743 777 ἡμᾶς
759 742 964 778 φιλανθρωπίας
979 743 1060 779 ἀρχὴ,

271 790 319 816 καὶ
334 789 502 819 κατάστασις
525 788 621 823 πρώτη
633 808 640 820 ,
660 787 739 814 τοῦτο
754 789 786 814 τὸ
812 789 908 824 λῆμμα
933 789 984 824 τῆς
1003 790 1062 815 τότε

269 834 428 869 διοχλούσης
452 834 583 869 ἐπηρείας
603 833 634 859 τὸ
654 832 792 866 πλεῖστον,
814 833 910 869 ὥσπερ
926 843 951 860 τι
975 835 1063 870 ῥεῦμα

271 880 395 907 διέλυσεν
409 889 416 907 :
435 889 445 905 ι
461 879 517 906 Hoc
531 879 637 906 exstitit
658 879 838 911 imperatoria:
859 887 922 914 erga
945 888 993 908 nos
1010 881 1061 907 ltu-

1378 284 1448 302 mum
1464 276 1635 310 'I'yaneusem.

1145 332 1193 358 llic
1205 332 1286 359 etiam
1303 333 1391 367 legere
1408 331 1498 358 licebit
1514 332 1620 366 egregie
1635 337 1749 358 tractata
1763 332 1790 358 itt
1803 333 1892 367 capite

1109 379 1155 410 25,
1177 386 1343 413 quaecunque
1366 382 1488 412 spectant
1505 383 1575 408 orta,
1595 383 1656 412 post
1666 377 1895 405 Valentisdisces-

1110 432 1180 456 sunt,
1197 423 1268 450 inter
1283 423 1543 450 sanctum'Basilium
1558 428 1585 451 et
1597 422 1755 450 Anthitnum
1776 423 1897 458 Tyaneu-

1110 476 1167 496 sem
1183 469 1339 503 episcopum
1355 468 1486 500 dissidia,
1509 476 1542 495 ex
1566 468 1701 495 divisione
1722 468 1896 502 Cappadocia:

1111 514 1138 541 in
1154 514 1221 541 duas
1243 514 1415 548 provincias;
1439 518 1467 541 et
1493 521 1553 548 qua:
1577 514 1660 549 gessit
1684 513 1846 548 Gregorius,
1868 519 1897 540 ut

1111 560 1190 587 amici
1206 564 1301 594 partes
1316 563 1447 596 tueretur,
1460 563 1486 586 et
1498 558 1558 593 jura
1569 559 1725 586 defenderet
1736 564 1828 586 contra
1843 559 1896 585 An-

1113 605 1237 633 thitnum.
1257 605 1306 632 Ubi
1323 605 1438 639 primuttt
1456 604 1601 639 Gregorius
1621 605 1707 631 audiit
1723 604 1820 632 Basilio
1843 612 1898 632 mo-

1112 651 1205 678 lestias
1222 650 1356 682 exhiberi,
1371 657 1447 678 suam
1461 650 1485 677 ei
1498 655 1593 684 sponte
1607 657 1717 685 operam
1729 650 1827 678 obtulit
1840 651 1876 687 (l7)
1888 671 1895 683 ,

1112 705 1194 732 seque
1215 697 1367 724 Caesaream
1390 695 1526 731 pollicitus
1549 699 1589 722 est
1613 701 1772 727 venturum,
1797 700 1852 722 tum
1869 701 1897 723 ut

1114 751 1174 770 eum
1202 741 1315 770 consilio
1333 741 1443 776 juvaret
1455 761 1462 773 ,
1480 745 1534 767 tunt
1553 745 1582 768 ut
1600 740 1775 768 contumelias
1787 748 1847 768 cum
1863 747 1896 768 eo

1114 788 1272 822 partiretur,
1285 787 1410 821 quamvis
1429 794 1478 822 pro
1493 792 1568 814 certo
1587 786 1699 814 haberet
1713 785 1839 814 Basilium
1854 788 1897 814 ni-

1114 834 1148 861 hil
1161 842 1273 869 prorsus
1287 833 1423 861 facturutu
1436 833 1506 867 quod
1517 832 1685 868 philosophia
1699 832 1734 860 sit
1745 833 1894 867 indignum.

1114 879 1177 913 Qua:
1189 880 1268 906 verba
1283 878 1350 906 satis
1362 877 1634 912 indicantepistolam
1652 878 1688 905 al.
1709 878 1755 911 25,
1768 879 1897 913 scriptam

275 925 414 952 inanitatis
429 929 457 951 et
476 924 627 952 clementiae
642 924 821 958 principium;
839 924 897 951 haec
916 926 1000 959 prima
1017 933 1060 953 re-
1078 916 1102 963 BA
1114 926 1198 952 fuisse
1211 925 1289 959 hujus
1305 923 1480 952 dissensionis
1496 931 1588 956 causa,
1605 924 1632 950 in
1649 931 1701 958 qua
1720 932 1773 952 non
1793 924 1826 952 de
1845 925 1897 953 fide

273 979 333 998 ruttt
356 970 478 1002 sedatio,
506 970 561 997 haec
584 970 692 997 occasio
708 971 855 997 maximam
872 971 1061 1005 intpressionis

273 1017 362 1049 illius,
378 1024 430 1052 qua
448 1021 504 1043 tum
528 1017 709 1048 vexabantur,
725 1023 829 1050 partem
842 1037 849 1050 ,
863 1025 915 1044 non
932 1024 1011 1044 secus
1029 1026 1061 1045 ac

271 1061 370 1088 tluctus
387 1061 517 1095 quosdam
535 1081 542 1091 ,
563 1060 642 1096 fregit
662 1069 694 1088 ac
708 1060 839 1089 dissolvit.
859 1072 869 1088 ι
894 1062 956 1090 llaec
970 1064 1003 1089 ad
1017 1071 1060 1090 se-

271 1108 389 1134 cundutn
407 1106 527 1136 Valentis
542 1107 568 1134 in
586 1107 730 1134 ecclesiam
744 1107 894 1142 ingressum
910 1109 1057 1136 refcrtTiI-

272 1152 429 1184 lemontius,
445 1152 561 1186 indeque
573 1152 677 1186 colligit
687 1153 818 1180 Basilium
832 1161 863 1180 ac
874 1161 969 1180 omnes
979 1154 1060 1180 etiam

272 1197 447 1232 Cappadocia:
475 1197 609 1224 Ecclesias
633 1198 736 1232 reliquo
752 1199 872 1225 Valentis
891 1199 1061 1233 imperatoris

273 1249 411 1277 tentpore,
435 1243 477 1270 vel
501 1244 596 1271 saltem
617 1245 661 1270 ditt
687 1246 754 1271 satis
775 1250 835 1279 post
857 1245 978 1273 Valentis
1000 1253 1060 1273 cunt

273 1288 372 1316 Basilio
394 1289 578 1323 colloquium,
596 1297 688 1323 pacettt
713 1291 868 1318 retinuisse.
888 1290 985 1318 Verum
1008 1300 1060 1327 pax

273 1335 318 1361 illa
337 1342 509 1369 nequaquam
523 1335 660 1362 conciliari
678 1341 766 1370 potest
779 1344 839 1363 cum
857 1339 1060 1371 persecutione,

274 1389 355 1414 quain
373 1386 434 1415 post
456 1382 605 1408 secundum
622 1381 741 1409 Valentis
755 1383 780 1409 itt
795 1383 938 1410 ecclesiam
957 1385 1061 1420 ingres-

273 1435 332 1454 sum
351 1432 524 1454 consecutam
544 1435 605 1454 esse
620 1433 714 1455 auctor
731 1433 773 1456 cst
790 1429 947 1463 Gregorius.
966 1431 1062 1466 Conje-

272 1473 357 1499 cturis
373 1472 562 1500 Tillemontius
581 1473 651 1500 hanc
670 1473 854 1501 difficultatem
874 1475 978 1502 solvere
998 1476 1061 1502 niti-

273 1523 328 1545 tur.
346 1518 399 1545 Sed
412 1518 476 1552 quid
491 1517 655 1551 conjecturis
677 1527 744 1553 opus
759 1524 818 1552 est,
834 1527 895 1547 cunt
912 1528 955 1548 res
970 1529 1019 1555 per
1032 1529 1061 1549 se

272 1563 353 1597 plana
367 1563 400 1590 sil
419 1568 446 1590 et
458 1563 603 1596 expedita?
630 1563 691 1591 llaec
713 1564 785 1590 enint
808 1565 891 1592 verba
913 1565 1035 1601 Gregorii
1052 1575 1060 1593 :

275 1617 286 1634 ι
302 1608 358 1636 Hoc
371 1607 422 1635 fuit
433 1609 606 1643 imperatoris
618 1617 682 1644 erga
693 1617 742 1636 ttos
754 1610 929 1638 humanitatis
942 1612 1059 1644 ittitittm,

272 1653 331 1681 haec
343 1655 430 1688 prima
444 1662 534 1681 rerum
552 1654 657 1682 sedatio
668 1675 674 1687 ,
691 1665 700 1680 t
723 1664 774 1683 non
791 1657 824 1683 ad
843 1655 967 1684 Valentis
990 1657 1059 1684 intra

274 1699 363 1726 velunt
377 1706 438 1726 cum
451 1698 551 1727 Basilio
566 1699 730 1734 colloquium
744 1721 752 1733 ,
773 1702 819 1728 sed
834 1701 866 1727 ad
883 1701 956 1728 illam
970 1702 1060 1730 Basilii

271 1743 381 1771 virtutis
395 1744 615 1776 admirationem,
636 1752 688 1779 qua
703 1745 844 1779 perculsus
862 1745 958 1774 Valens
978 1748 1062 1775 vetuit

272 1790 296 1816 ei
314 1789 369 1816 vim
385 1789 487 1822 afferri,
502 1789 642 1817 referenda
653 1796 735 1818 sunt:
752 1793 821 1826 quod
838 1793 947 1825 quidem
960 1801 992 1820 ex
1006 1798 1060 1820 tota

273 1843 362 1863 rerutn
379 1836 451 1863 serie
467 1841 552 1870 patet.
569 1836 675 1863 Etenim
689 1837 834 1872 Gregorius
852 1839 891 1865 ait
908 1838 1060 1872 Valentem,

273 1881 372 1909 auditis
383 1889 444 1916 quae
457 1887 579 1916 gesserat
590 1881 717 1915 Basilius,
729 1883 755 1910 itt
771 1889 874 1911 tantam
889 1884 961 1911 illius
977 1885 1062 1911 virtu-

275 1928 309 1954 tis
323 1928 530 1955 admirationem
547 1929 664 1960 vertisse,
679 1933 708 1956 ut
721 1929 775 1955 vim
791 1930 815 1956 ei
828 1930 921 1957 inferri
935 1931 1060 1962 vetuerit,

272 1972 352 2007 eique
369 1971 554 1999 satisfaciendi
571 1979 653 1999 causa
673 1973 699 2000 in
721 1974 865 2001 ecclesiam
878 1976 997 2009 venerit,
1016 1977 1061 2004 ubi

272 2018 307 2044 ad
320 2017 407 2044 solum
424 2016 518 2044 Basilii
535 2023 711 2051 conspectunt
731 2019 907 2051 contremuit,
923 2027 955 2046 ac
968 2024 1061 2055 postea

272 2063 381 2090 rediens
397 2062 505 2096 longum
520 2062 626 2089 videndi
643 2062 771 2089 Basilium
790 2064 952 2091 desidertum
970 2066 1062 2099 exple-

274 2109 321 2134 vit.
338 2107 414 2140 Quod
427 2114 491 2141 ergo
504 2107 596 2133 statim
609 2107 684 2133 addit.
697 2106 854 2142 Gregorius,
868 2109 937 2136 hanc
945 2110 1060 2144 primam

276 2152 363 2180 fuisse
378 2152 548 2186 tempestatis
564 2151 743 2184 sedationem,
758 2152 854 2180 referri
869 2153 948 2180 debet
962 2155 995 2181 ad
1005 2155 1061 2188 jtts—

274 2206 333 2225 suttt
346 2197 479 2230 Valentis,
493 2197 539 2232 qui
554 2197 667 2224 miratus
681 2205 814 2224 summam
830 2199 919 2225 Basilii
933 2205 1061 2227 constan-

272 2244 339 2271 tiam
353 2244 380 2271 in
393 2244 542 2271 certamine
562 2245 692 2271 adversus
710 2243 865 2278 prchectutu
878 2266 885 2277 ,
901 2252 960 2279 quae
981 2246 1030 2280 ipsi
1044 2254 1059 2273 a

274 2289 405 2323 praefecto
421 2295 529 2316 narrata
550 2290 647 2322 fuerat,
661 2297 694 2316 ne
706 2290 747 2316 vis
758 2290 794 2316 illi
807 2290 952 2317 inferretur
962 2293 1058 2325 vetuit,

275 2340 357 2369 atque
371 2335 397 2361 itt
412 2335 556 2362 ecclesiam
569 2343 598 2362 se
611 2335 737 2362 conferre
750 2340 777 2362 et
788 2344 847 2363 cum
866 2337 926 2370 ipso
941 2337 1058 2372 colloqui

273 2381 379 2407 statuit.
395 2380 529 2408 Praeterea
540 2380 610 2408 idettt
624 2381 737 2415 probattt
749 2381 806 2409 haec
823 2383 902 2409 verba
916 2382 1037 2417 Gregorii
1050 2390 1058 2410 :

273 2427 320 2454 καὶ
334 2426 499 2457 κατάστασις
516 2425 623 2462 πρώτη,
642 2436 651 2452 ι
666 2426 723 2454 haec
739 2428 825 2460 prima
842 2428 957 2460 sedatio,
973 2437 983 2454 ι
1001 2436 1060 2463 qua“.

271 2473 367 2500 Billius
386 2480 437 2500 non
459 2473 586 2500 reddidit.
601 2472 711 2499 Certum
728 2480 844 2507 namque
857 2479 909 2505 est,
927 2479 991 2501 tunc
1006 2475 1059 2508 pri-

272 2527 346 2547 mum
359 2519 479 2546 sedatam
491 2518 574 2546 fuisse
586 2522 783 2552 tentpestatem,
795 2527 855 2546 cuttt
867 2519 964 2547 Valens
976 2521 1061 2548 vetuit

272 2573 307 2594 ne
319 2565 360 2592 vis
374 2564 474 2592 Basilio
488 2564 646 2598 inferretur,
659 2565 731 2599 quod
743 2565 865 2600 profecto
877 2566 961 2593 vetuit
972 2567 1059 2600 prius~

272 2617 353 2644 quam
369 2611 395 2637 itt
413 2610 555 2638 ecclesiam
577 2617 606 2638 se
625 2610 773 2638 conferret.
791 2610 854 2638 llaec
869 2612 1005 2640 monuisse
1018 2617 1061 2640 sat

272 2662 324 2683 est.
339 2656 390 2689 Qui
406 2656 481 2692 plura
495 2656 583 2690 volet,
598 2656 671 2691 legat
690 2656 778 2683 Vitam
796 2656 891 2684 Basilii
909 2666 984 2686 nova:
995 2666 1059 2692 ope—

272 2709 331 2728 rntn
347 2703 432 2729 sancti
447 2703 565 2730 doctoris
587 2703 698 2731 editioni
719 2704 856 2739 prmftxam
867 2724 874 2738 ,
893 2712 953 2740 cap.
968 2705 1013 2739 20,
1029 2714 1058 2741 p.

272 2746 338 2779 104,
357 2755 384 2773 ll.
401 2748 427 2775 8.

307 2859 345 2889 (ai
365 2859 412 2886 0r.
427 2859 470 2890 65,
487 2869 513 2885 ιι.
530 2860 573 2888 53.

309 2894 345 2929 ψ)
365 2895 413 2928 Ep.
431 2896 464 2921 al.
481 2895 527 2922 ‘25.

1115 976 1161 997 aut
1177 971 1299 998 doctrina
1313 969 1453 1005 agebatur,
1468 969 1514 997 sed
1530 969 1564 997 de
1575 970 1662 997 reditu
1675 974 1703 997 et
1718 970 1790 998 sedis
1804 971 1899 1005 ampli-

1116 1016 1216 1043 tudine.
1246 1016 1410 1044 Divisionettt
1436 1015 1542 1043 civilem
1566 1016 1758 1052 Cappadociat,
1776 1024 1836 1052 quae
1850 1018 1900 1045 sub

1115 1061 1221 1089 initium
1242 1061 1338 1089 hietttis
1354 1062 1417 1088 atttti
1434 1060 1487 1088 572
1509 1060 1632 1089 instituta
1654 1062 1721 1094 fuit,
1737 1069 1791 1089 non
1808 1064 1898 1090 statim

1114 1113 1205 1134 secula
1220 1113 1262 1134 est
1278 1107 1468 1135 ecclesiasticas
1485 1107 1633 1142 provincia:
1645 1108 1741 1135 divisio
1752 1131 1759 1141 ,
1776 1117 1835 1144 qua:
1847 1117 1899 1137 non

1115 1154 1164 1180 nisi
1180 1159 1239 1187 post
1251 1153 1369 1181 Valentis
1383 1153 1542 1185 discessuttt,
1555 1153 1628 1181 circa
1639 1161 1757 1181 mensem
1769 1155 1896 1182 Martium

1117 1200 1195 1232 hujus
1211 1199 1285 1231 anni,
1299 1199 1404 1226 videtur
1415 1199 1571 1234 contigisse.
1588 1199 1655 1226 Tum
1666 1207 1732 1227 vero
1745 1201 1900 1235 Anthimus,

1115 1245 1284 1280 Tyauensent
1307 1245 1464 1278 civitatem,
1490 1253 1550 1280 qua:
1573 1245 1698 1272 secundae
1724 1246 1900 1280 Cappadocia:
1929 1274 1936 1281 _

1115 1290 1270 1324 metropolis
1285 1291 1356 1317 facta
1374 1291 1472 1322 fuerat,
1491 1291 1584 1318 eodem
1598 1289 1659 1325 jure
1675 1291 1702 1317 in
1718 1291 1798 1318 rebus
1811 1293 1899 1319 eccle-

1114 1337 1230 1364 siasticis
1251 1344 1310 1364 esse
1337 1336 1436 1363 debere
1461 1336 1616 1368 contendit,
1636 1344 1737 1371 easque
1756 1339 1900 1371 parmcias,

1114 1391 1173 1417 qua:
1187 1390 1264 1409 novae
1276 1382 1421 1416 provincia:
1434 1390 1519 1417 nuper
1534 1382 1666 1416 adjuncta:
1680 1381 1797 1414 fuerant,
1808 1383 1900 1417 utjam

1114 1429 1165 1456 sibi
1190 1431 1335 1456 attittcntes
1358 1434 1386 1456 et
1405 1436 1419 1455 a
1436 1428 1535 1456 Basilio
1554 1428 1716 1460 distractas,
1734 1429 1878 1456 vindicavit
1892 1451 1900 1459 .

1114 1479 1206 1501 contra
1220 1473 1339 1501 Basilius
1353 1474 1437 1501 veteri
1450 1473 1638 1501 consuetudini
1652 1493 1660 1505 ,
1677 1478 1758 1508 atque
1777 1474 1840 1501 huic
1862 1469 1902 1502 di-

1116 1520 1223 1551 visioni,
1237 1527 1296 1554 quae
1306 1519 1369 1547 olitn
1381 1527 1395 1546 a
1410 1519 1536 1546 Patribns
1550 1518 1620 1546 facta
1636 1519 1732 1550 fuerat,
1743 1519 1900 1548 inhzerebat.

1116 1563 1209 1590 Partes
1225 1563 1345 1589 Antltimi
1369 1563 1553 1597 sequebantur
1577 1562 1701 1596 plerique
1726 1562 1902 1597 Cappadociae

1074 1595 1096 1624 ο
1112 1608 1229 1642 episcopi
1244 1618 1249 1635 :
1269 1617 1278 1632 ι
1295 1607 1362 1634 'l‘res
1377 1595 1484 1642 quidem
1507 1595 1586 1634 erant
1604 1595 1703 1640 causae,
1726 1595 1813 1641 inquit
1836 1607 1903 1635 Gre-

1112 1653 1202 1687 gorius
1226 1652 1282 1686 (c),
1308 1660 1356 1679 cur
1389 1651 1465 1678 multi
1493 1651 1576 1678 etiam
1599 1657 1661 1678 ante
1683 1659 1777 1686 parum
1803 1652 1855 1679 leni
1875 1658 1903 1680 et

1112 1698 1226 1725 candido
1244 1705 1308 1732 erga
1325 1705 1388 1724 eum
1407 1696 1560 1732 (Basilium)
1574 1697 1664 1724 anittto
1681 1703 1781 1725 essent.
1799 1697 1900 1732 Prima,

1112 1744 1183 1778 quod
1200 1743 1226 1770 in
1241 1742 1302 1770 fidei
1316 1743 1425 1778 negotio
1438 1750 1500 1770 cttm
1513 1750 1546 1770 eo
1560 1743 1671 1769 minime
1685 1743 1902 1777 consentiebant,

1112 1790 1164 1816 nisi
1181 1794 1313 1824 quantum
1332 1790 1359 1816 id
1379 1789 1444 1824 ipsis
1455 1808 1462 1821 ,
1478 1794 1591 1823 cogente
1606 1788 1795 1822 multitudine,
1812 1798 1904 1818 neces-

1112 1835 1185 1862 sario
1200 1834 1354 1861 faciendum
1379 1839 1448 1861 erat.
1465 1834 1574 1866 Altera,
1592 1835 1664 1869 quod
1681 1835 1800 1862 dolorem
1816 1844 1850 1862 ex
1866 1837 1904 1871 ip-

1112 1881 1169 1907 sius
1179 1879 1311 1907 electione
1322 1884 1481 1915 conceptum
1497 1881 1616 1907 nondum
1629 1880 1739 1907 omnino
1752 1887 1785 1907 ex
1802 1881 1901 1907 auintis

1112 1927 1257 1961 ejecerant.
1272 1927 1413 1956 Postrema
1424 1947 1432 1960 ,
1449 1927 1520 1962 quod
1537 1934 1567 1954 se
1582 1927 1661 1962 longe
1676 1927 1843 1962 multumque
1865 1928 1900 1955 ab

1112 1981 1144 2000 eo
1165 1973 1250 2008 gloria
1273 1973 1396 2007 superari
1421 1973 1598 2000 acerbissime
1611 1972 1730 2006 ferrent;
1753 1974 1859 2000 tametsi
1874 1974 1900 2001 id

1111 2019 1234 2046 conﬁteri
1249 2019 1435 2053 turpissimum
1448 2024 1566 2047 esset....
1590 2019 1630 2046 Ex
1654 2019 1707 2047 hac
1728 2020 1900 2047 contentione

1113 2065 1244 2099 perntulta
1257 2066 1329 2092 mala
1345 2065 1442 2100 partim
1463 2065 1518 2100 jam
1540 2066 1718 2099 accidebant,
1736 2068 1831 2101 partint
1850 2067 1899 2094 int-

1112 2111 1273 2145 pendebant.
1293 2111 1531 2138 Subtrabebautur
1554 2116 1702 2139 conventus
1724 2119 1740 2138 ει
1757 2120 1825 2138 novo
1847 2119 1899 2139 nte-

1113 2158 1247 2192 tropolita.
1260 2163 1406 2193 proventus
1421 2159 1627 2193 diripiebantur,
1644 2167 1653 2183 t
1669 2162 1722 2186 etc.

1112 2214 1214 2242 XCVII.
1235 2213 1377 2249 Gregorius
1390 2214 1538 2241 Cwsaream
1558 2215 1642 2243 venit,
1657 2214 1759 2240 Basilio
1777 2215 1849 2241 addit
1871 2224 1898 2241 se

1147 2250 1258 2278 socium.
1275 2248 1298 2276 et
1312 2251 1419 2277 interest
1432 2258 1526 2285 pugna:
1537 2258 1616 2284 prope
1627 2248 1733 2276 Sasima
1745 2257 1835 2276 contra
1847 2250 1899 2277 An-

1148 2285 1268 2311 tltimutn.
1335 2290 1337 2292 '

1149 2339 1197 2367 His
1213 2339 1329 2374 auditis,
1342 2340 1489 2375 Gregorius
1504 2339 1623 2368 debitum
1639 2340 1701 2367 huic
1714 2341 1827 2376 tempori
1841 2341 1898 2368 oili-

1113 2386 1184 2414 cium
1200 2394 1253 2413 tton
1267 2386 1466 2420 praetermittit,
1484 2393 1615 2421 suamque
1631 2386 1773 2420 protinus.
1793 2392 1823 2414 ut
1842 2387 1897 2421 jam

1113 2433 1225 2465 dictum,
1240 2431 1340 2460 Basilio
1353 2439 1463 2466 operam
1475 2432 1635 2466 profitetur;
1652 2433 1723 2466 quod
1737 2433 1824 2460 amico
1837 2441 1897 2467 per-

1113 2482 1218 2512 gratum
1231 2477 1292 2504 fuit.
1307 2478 1362 2505 Nec
1375 2485 1461 2510 mora,
1477 2478 1593 2505 Basilius
1607 2483 1685 2513 rogat
1696 2478 1856 2513 Gregorium
1870 2484 1898 2505 ut

1113 2523 1275 2558 quantocius
1287 2523 1320 2551 ad
1335 2532 1365 2551 se
1382 2525 1488 2558 veniat;
1512 2524 1558 2559 qui
1581 2531 1641 2551 cum
1660 2525 1797 2557 venisset,
1820 2526 1898 2551 atttbo

1112 2569 1192 2596 simul
1207 2569 1320 2604 profecti
1333 2574 1398 2597 sunt
1411 2571 1444 2597 ad
1463 2576 1582 2597 montem
1599 2569 1717 2597 Taurum
1731 2590 1739 2602 ,
1762 2571 1808 2597 ubi
1823 2571 1898 2598 locus

1112 2614 1221 2649 quidam
1233 2618 1303 2648 erat,
1315 2615 1373 2642 sive
1383 2615 1496 2642 ecclesia
1509 2617 1558 2642 sub
1568 2616 1653 2642 sancti
1665 2616 1768 2643 Orestis
1779 2616 1896 2646 nomine,

1112 2662 1183 2688 unde
1193 2668 1297 2688 annuos
1309 2661 1412 2689 reditus
1422 2661 1546 2696 capiebat
1557 2661 1732 2689 Caesariensis
1744 2662 1895 2696 episcopus.

1112 2705 1180 2733 Dum
1205 2707 1346 2740 redirent,
1370 2707 1515 2735 Anthimus
1529 2727 1537 2740 ,
1563 2715 1643 2742 queat
1664 2707 1772 2735 Taurici
1795 2708 1896 2734 reditus

1114 2752 1229 2779 maxime
1245 2753 1271 2779 in
1289 2752 1407 2780 furorem
1422 2753 1545 2789 agebant,
1561 2753 1662 2788 quippe
1678 2761 1745 2788 quos
1762 2753 1788 2781 itt
1807 2758 1897 2782 trauli-

1150 2864 1185 2898 (ε)
1205 2863 1250 2891 Or.
1265 2864 1308 2895 45,
1325 2873 1350 2891 ιι.
1367 2865 1409 2894 58,
