2055 3130
168 171 219 198 197

820 169 900 198 VITA
922 169 951 197 S.
971 169 1148 198 GBEGORII.

1756 171 1808 199 198

166 230 205 258 itu
227 229 377 258 Cmsarcam
395 232 498 266 portari
516 232 607 267 iniquo
623 231 714 258 animo
740 230 879 262 cernebat,
896 237 956 256 cum
973 233 996 260 Α
1012 237 1077 257 seno
1094 230 1201 263 habuit,
1216 230 1267 257 sibi
1282 230 1402 257 amicum
1417 230 1450 257 ab
1462 230 1550 258 amico
1565 231 1659 258 venire
1678 231 1757 264 dixit,
1772 233 1808 259 ab

167 274 328 306 prmdatoria
360 282 441 302 manu
466 277 604 311 angustias
629 280 759 310 occupat;
792 275 958 301 transeuntis

166 317 257 345 Basilii
274 319 370 351 mulis,
386 320 431 354 qui
449 321 529 348 rebus
548 328 580 348 ex
595 320 695 348 Sancto
717 321 811 346 Oreste
826 319 960 354 perceptis

167 369 255 390 onusti
266 369 354 396 erant,
368 365 421 392 iter
434 365 601 398 intercludit,
613 373 645 392 ne
658 365 726 392 ultra
740 365 957 400 progrediantur.

165 408 318 437 Commissa
337 410 394 437 haec
416 418 503 445 pugna
527 418 610 445 prope
631 410 746 437 Sasima.
769 409 835 437 Nam
856 410 958 444 Grego-

167 456 222 482 rius
238 454 276 491 (a)
291 463 345 483 non
357 458 414 483 sine
428 457 568 484 stomacho
580 456 687 491 jocatur
699 457 725 483 in
739 455 959 490 Basilium,quod

167 501 369 529 seSasimorum
377 503 532 537 episcopum
540 503 735 534 constituisset,
744 507 772 529 ut
787 510 848 529 cum
862 501 960 529 Anthi-

166 555 210 573 nio
225 547 324 574 bellum
341 555 463 583 gereret,
477 549 500 575 si
518 549 624 583 quando
639 549 662 576 is
676 548 769 575 Basilii
789 548 875 575 mulos
889 547 959 574 arri-

167 598 243 627 peret
260 594 399 628 angustias
415 599 510 621 tenens
523 616 529 626 ,
555 599 582 621 et
606 595 680 621 velut
697 594 808 621 Amalec
832 593 958 621 Israclent

167 646 305 667 coercens.
327 638 423 666 Datum
442 647 471 667 se
487 641 569 666 etiam
594 640 708 667 Sasimis
729 640 768 666 ait
789 640 816 666 in
838 639 960 666 carmine

166 685 205 711 De
227 686 279 712 vita
302 694 362 718 sua,
386 686 449 720 quia
472 686 597 713 bellicam
620 686 805 713 fortitudinem
819 686 851 712 ad
866 684 958 712 Basilii

166 739 255 758 causa:
269 731 453 759 defensionem
470 734 626 760 ostenderat
640 741 646 759 :
660 733 730 766 quod
743 736 904 767 argumento
916 736 959 758 est

166 785 226 803 cum
244 785 338 812 pugth
354 785 435 812 prope
450 778 556 805 Sasima
572 778 740 805 interfuisse.

167 833 279 861 XCVIII.
301 833 444 869 Gregorius
457 834 624 862 Sasimorum
638 835 773 869 episcopus
790 839 958 861 consecratur

307 868 451 902 Nazianzi,
467 878 518 897 non
532 868 670 904 Cwsareaé,
690 878 759 897 anno
775 870 838 897 572.

201 914 271 941 lstnd
289 920 379 942 tamen
393 915 535 943 dissidium
548 916 581 942 ad
594 916 721 943 Ecclesia:
733 915 879 942 utilitatem
893 923 954 942 con-
973 913 993 940 B

163 961 246 987 vertit
262 960 377 989 Basilius
396 961 600 997 multiplicando
614 962 800 997 episcopatus:
815 971 824 987 ι
834 961 873 989 Ex
884 969 937 996 quo
947 981 954 994 ,

166 1007 253 1041 inquit
268 1006 416 1042 Gregorius
430 1007 479 1044 (ll),
503 1013 558 1035 tres
573 1009 790 1043 prieclarissimzn
812 1015 855 1035 res
877 1015 955 1035 secu-

166 1057 200 1078 ke
210 1057 283 1079 sunt.
297 1052 364 1080 Nam
378 1058 406 1080 et
419 1054 572 1080 animarum
586 1061 651 1081 cura
663 1054 750 1087 major
762 1058 886 1088 suscepta
899 1057 953 1086 est;

165 1102 193 1125 ct
219 1099 347 1133 qumlibet
372 1100 469 1127 civitas
488 1105 635 1135 proventus
651 1107 715 1127 suos
732 1100 843 1133 habuit;
859 1103 886 1126 et
899 1099 956 1126 bel-

165 1145 219 1172 lmn
237 1146 288 1173 hac
315 1147 422 1174 ratione
437 1154 624 1182 compressum
644 1152 671 1174 et
691 1147 853 1174 exstinctum
872 1152 922 1174 est.
943 1156 952 1173 ι

165 1190 266 1218 llarum
282 1191 308 1218 in
323 1199 437 1220 numero
450 1193 555 1220 sedium
571 1193 776 1228 episcopalinm,
789 1200 858 1227 quas
869 1193 955 1219 erexit

164 1236 290 1270 Basilius,
306 1237 382 1266 fuere
399 1238 518 1272 Sasima,
535 1239 661 1273 ignobilis
679 1239 787 1272 quidem
803 1239 891 1271 locus,
910 1239 955 1265 cui

164 1283 324 1320 Gregorium
352 1291 475 1314 nostrum
499 1286 637 1321 praeﬁcere
660 1285 815 1320 episcopum
841 1286 953 1317 statuit;

163 1338 281 1366 eumque
300 1332 478 1360 reluctantem
491 1353 498 1365 ,
519 1336 601 1366 atque
614 1331 769 1366 episcopale
783 1338 853 1358 onus
870 1331 954 1358 refor-

163 1378 312 1406 nidantem
329 1386 359 1406 ac
372 1386 484 1414 prorsus
497 1378 645 1414 fugientem
658 1378 765 1411 cedere,
778 1383 817 1410 et,
829 1378 852 1405 si
864 1378 954 1406 minus

163 1425 294 1458 animum,
308 1425 405 1452 saltem
422 1429 503 1460 caput
516 1424 681 1452 ordinationi
697 1423 867 1456 submittere,
879 1424 955 1458 adju-

164 1475 243 1499 vante
257 1470 381 1506 Gregorii
395 1477 489 1505 patre,
507 1470 648 1505 compulit.
667 1470 730 1498 llaac
745 1470 880 1497 ordinatio
900 1478 953 1497 non

162 1516 303 1550 Cesarezc,
318 1521 348 1544 ut
361 1517 418 1544 vult
433 1517 608 1545 doctissimus
625 1517 826 1548 Tillemonlius,
840 1517 888 1543 sed
901 1516 954 1543 Na-

165 1564 254 1591 aianzi
266 1569 377 1599 peracta
388 1569 441 1596 est,
454 1569 482 1590 ut
493 1564 551 1598 ipse
562 1568 677 1591 testatur
687 1562 836 1597 Gregorius
848 1562 895 1598 (c),
907 1563 952 1597 qui

162 1610 292 1638 Basilium
321 1611 427 1638 venisse
454 1609 619 1636 Nazianznm
647 1609 790 1636 manifeste
819 1610 915 1636 asserit
944 1617 951 1636 :

165 1668 175 1682 ι
190 1656 243 1684 Sed
257 1657 330 1684 venit
341 1657 374 1683 ad
388 1664 437 1683 nos
450 1657 600 1683 amicormu
614 1656 790 1683 cltarissitnus
802 1654 928 1686 Basilius,
941 1664 950 1680 ι
966 1674 971 1679 .

161 1709 215 1731 etc.
238 1703 307 1730 Ἀλλ’
320 1701 388 1739 ἧκεν
397 1703 470 1738 ’ἡμῖν
484 1703 537 1729 τῶν
552 1702 635 1736 φίλων
645 1701 791 1736 bellum;
805 1701 952 1732 Βασιλέως.

163 1749 231 1776 Tum
249 1755 358 1781 narrat,
373 1749 509 1784 quomodo
521 1768 529 1781 ,
547 1753 624 1783 patre
642 1747 770 1774 Basilium
789 1747 952 1781 adjuvante,

163 1797 290 1830 deceptus
315 1795 406 1823 fuerit.
434 1794 566 1821 Praeterea
578 1814 586 1826 ,
602 1801 657 1828 quo
674 1793 716 1820 die
738 1792 879 1819 ordinatus
892 1797 951 1824 est,

163 1842 312 1868 oralionem
328 1848 419 1868 coram
436 1845 510 1875 patre
524 1845 551 1867 et
567 1839 668 1867 Basilio
679 1838 793 1873 aliisque
806 1837 951 1872 episcopis,

163 1888 208 1922 qui
222 1895 282 1915 eum
299 1888 509 1919 ordinaverunt,
524 1886 630 1913 habuit.
651 1886 716 1919 Quis
738 1885 831 1912 credat
854 1884 953 1918 Grego-

163 1934 233 1960 rium
264 1938 368 1966 patrcm
392 1932 469 1958 senio
488 1931 642 1958 confectum
667 1931 818 1958 Caesaream
845 1929 954 1956 venisse

164 1979 243 2013 hujus
261 1979 441 2006 ordinationis
461 1985 541 2004 causa
556 1986 563 2010 ;
579 1981 625 2004 aut
638 1977 660 2004 si
675 1977 791 2008 venerit,
806 1976 832 2002 id
845 1975 953 2002 silentio

163 2026 408 2061 prmtermissurum
423 2025 506 2052 fuisse
515 2023 686 2059 Gregorium,
699 2023 746 2058 qui
762 2022 850 2050 simile
865 2021 953 2057 patris

163 2072 225 2105 iter,
237 2071 328 2099 Basilii
342 2079 424 2100 causa
442 2076 611 2106 susceptum,
625 2075 654 2097 ut
668 2077 781 2097 summae
798 2068 882 2095 animi
900 2067 952 2094 for-

163 2115 286 2142 titudinis
300 2115 326 2142 in
341 2114 422 2142 effeto
436 2121 550 2149 corpore
567 2113 704 2148 specimen
721 2110 890 2139 admiratur?
902 2111 953 2138 0r-

162 2159 272 2187 dinatus
298 2165 340 2186 est
362 2159 508 2194 Gregorius
532 2157 702 2185 Sasimorum
729 2156 872 2191 episcopus
889 2160 953 2183 ante

163 2205 278 2236 Pascha,
296 2205 366 2239 quod
380 2212 450 2231 anno
463 2203 516 2230 372
532 2203 626 2231 incidit
639 2203 665 2230 in
680 2202 751 2229 diem
769 2209 817 2228 vnt
831 2201 951 2236 Aprilis:

162 2250 296 2284 siquidem
322 2255 432 2277 sanctus
457 2249 590 2276 Eusebius
616 2247 833 2279 Samosatensis,
854 2246 952 2273 litteris

944 1617 951 1624 .
967 1596 990 1625 C

1012 275 1182 303 auditoribus
1201 276 1319 309 postulat
1342 284 1404 303 num
1431 284 1488 304 rem
1515 275 1616 304 clarius
1641 278 1739 311 exponi
1760 285 1808 305 ve-

1010 320 1072 353 lint,
1089 326 1115 348 et
1128 321 1219 348 statim
1236 321 1345 356 Moysen
1359 326 1386 348 et
1399 322 1489 348 Aaron
1507 321 1533 348 in
1551 322 1669 349 medium
1683 321 1808 357 profert;

1011 367 1098 401 iisque
1117 371 1243 402 peracute
1265 367 1336 394 inter
1357 375 1387 395 se
1404 368 1582 402 comparatis,
1599 368 1697 395 iterum
1715 374 1807 403 postu-

1011 412 1059 444 lat,
1075 420 1163 440 antron
1178 414 1320 448 perspicue
1331 414 1519 449 cognominem
1537 422 1627 446 suum,
1641 414 1667 441 id
1677 419 1719 442 est
1742 414 1806 442 Gre-

1011 458 1117 494 gorium
1128 479 1135 491 ,
1151 464 1179 486 et
1193 459 1347 487 unanimem
1358 480 1366 493 ,
1383 460 1410 487 id
1424 465 1466 488 est
1499 460 1628 487 Basiliam
1640 481 1647 491 ,
1665 461 1753 487 oratio
1767 460 1806 487 ef-

1012 505 1142 532 ﬁnxerit:
1163 515 1173 531 ι
1190 505 1290 533 Horum
1310 506 1390 538 alter,
1409 506 1497 541 inquit
1526 507 1578 542 (ά),
1601 513 1651 533 nos
1678 506 1765 538 unxit,
1779 511 1806 534 et

1011 551 1125 579 latentes
1139 553 1165 580 in
1178 553 1296 580 medium
1311 554 1485 588 produxit....
1501 561 1554 580 non
1569 558 1598 580 ut
1611 553 1720 588 dignum
1733 558 1804 586 erat,

1010 606 1043 625 eo
1059 598 1156 633 spiritu
1175 598 1221 632 qui
1238 599 1264 625 in
1278 599 1337 633 ipso
1352 603 1440 626 est....
1456 599 1534 626 Alter
1547 599 1620 626 vertit
1635 604 1664 626 ut
1677 606 1726 626 nos
1738 607 1804 626 con-

1010 643 1122 675 soletur,
1136 652 1167 672 ac
1177 645 1331 677 confirmet,
1344 645 1507 680 spirituique
1519 651 1700 673 mansuescat.
1715 655 1724 671 ι
1735 645 1803 673 Cum

1010 697 1074 724 ergo
1090 689 1189 717 missus
1204 690 1239 717 sit
1256 698 1271 717 a
1288 690 1388 718 Basilio
1404 691 1552 725 Gregorius
1567 690 1716 726 Nyssenus,
1731 692 1803 726 quod

1010 735 1184 762 manifestum
1201 741 1288 762 estex
1308 735 1408 767 dictis,
1428 736 1558 763 advenire
1576 743 1630 763 non
1648 737 1735 770 potuit
1751 744 1803 770 po-

1010 781 1105 808 stridie
1116 781 1312 813 ordinationis,
1339 786 1368 808 ut
1391 781 1508 809 Baronio
1531 782 1619 810 visum
1640 787 1697 815 est,
1718 787 1803 816 atque

1010 834 1151 861 perperam
1176 827 1274 862 legitur
1296 827 1366 861 apud
1389 827 1497 854 Billium
1520 827 1548 854 in
1576 827 1802 861 interpretatione

1011 873 1079 899 tituli
1093 873 1225 900 orationis
1242 873 1392 900 undecima:
1405 882 1411 900 :
1428 879 1616 901 verumtamen
1628 873 1802 908 paucioribus

1010 925 1070 954 post
1083 920 1281 947 ordinationem
1300 919 1396 947 diebus
1412 919 1532 946 advenit.
1552 919 1580 946 in
1596 919 1648 947 ista
1665 920 1800 950 oratione,

1011 965 1077 992 utin
1091 973 1122 993 ea
1137 974 1216 1000 quam
1230 970 1294 992 ante
1310 973 1402 993 coram
1413 965 1514 992 Basilio
1527 965 1670 999 habuerat,
1683 966 1736 992 vim
1749 967 1801 993 sibi

1010 1012 1110 1039 illatam
1135 1013 1322 1048 conqueritur,
1348 1014 1396 1040 sed
1421 1019 1512 1040 tamen
1533 1013 1692 1048 obsequium
1723 1020 1800 1040 suum

1009 1059 1163 1093 profitetur.
1181 1059 1258 1086 Dolet
1272 1059 1343 1094 quod
1356 1058 1495 1094 Nyssenus
1513 1059 1603 1086 serius
1619 1058 1732 1090 venerit,
1745 1058 1802 1085 vel—

1011 1106 1047 1132 uti
1064 1109 1123 1139 post
1137 1105 1242 1132 cladem
1257 1105 1407 1137 auxilium,
1424 1109 1485 1139 post
1499 1108 1685 1139 tempestatem
1701 1104 1802 1139 guber-

1011 1156 1098 1183 nator,
1116 1156 1176 1185 post
1197 1151 1352 1178 cicatricem
1377 1151 1513 1178 medicina
1530 1159 1536 1177 :
1555 1158 1648 1178 verum
1673 1158 1703 1177 se
1729 1158 1802 1176 nunc

1010 1198 1106 1224 cedere
1122 1202 1148 1224 et
1166 1197 1292 1224 fiduciam
1310 1198 1454 1231 concipere
1472 1196 1609 1229 declarat,
1629 1196 1701 1231 quod
1718 1204 1801 1230 argu-

1010 1247 1100 1269 mento
1115 1247 1156 1269 est
1171 1243 1242 1270 hanc
1256 1243 1376 1270 habitam
1393 1243 1545 1270 orationem
1562 1242 1720 1277 priusquam
1735 1242 1799 1278 fuga

1009 1287 1116 1320 elapsus
1133 1287 1159 1313 in
1178 1287 1351 1314 solitudinem
1367 1294 1396 1314 se
1412 1287 1567 1314 contulerit.

1008 1343 1038 1369 (ἶ.
1069 1343 1188 1375 Querelw
1210 1343 1305 1369 Basilii
1323 1349 1414 1379 contra
1432 1342 1607 1378 Gregorium,
1633 1348 1658 1370 et
1679 1343 1800 1379 Gregorii

1278 1384 1369 1405 contra
1389 1378 1530 1405 Basiliam.

1045 1423 1092 1450 Vix
1108 1423 1250 1459 Nyssenus
1267 1423 1405 1450 Nazianzo
1421 1425 1597 1454 discesserat.
1611 1432 1673 1452 cum
1694 1424 1799 1459 Grego-

1007 1471 1065 1498 rius
1077 1472 1217 1505 deceptum
1237 1477 1266 1497 se
1280 1478 1342 1497 esse
1360 1471 1500 1502 sentiens,
1524 1471 1590 1504 fugit
1604 1471 1720 1503 iterum,
1734 1470 1799 1497 soli-

1009 1517 1166 1551 tudinisque
1182 1517 1289 1544 deliciis
1305 1517 1463 1551 perfruitur.
1480 1518 1599 1544 Basilius
1614 1517 1728 1545 consilia
1749 1525 1798 1545 sua

1008 1562 1179 1595 conspiciens
1200 1561 1324 1597 Gregorii
1350 1561 1410 1597 fuga
1435 1563 1544 1597 penitus
1566 1570 1712 1595 corruere,
1736 1570 1797 1590 cum

1005 1614 1038 1634 eo
1054 1609 1174 1642 graviter
1191 1608 1384 1642 expastulavit.
1413 1610 1447 1635 At
1468 1609 1614 1644 Gregorius
1633 1608 1688 1643 jam
1713 1609 1797 1636 altum

1006 1661 1105 1689 gerens
1131 1654 1205 1682 cordi
1231 1654 1363 1681 inllictum
1389 1654 1496 1686 vulnus.
1525 1663 1559 1682 ex
1584 1663 1637 1689 quo
1666 1662 1714 1690 per
1742 1656 1796 1682 vim

1005 1700 1146 1728 ordinatus
1163 1699 1251 1727 fuerat
1264 1707 1279 1726 a
1300 1700 1418 1733 Basilio,
1442 1708 1495 1728 non
1515 1701 1602 1728 minus
1623 1701 1723 1728 acriter
1755 1708 1797 1727 rc-

1006 1746 1124 1780 spondit.
1140 1745 1210 1773 Hinc
1227 1746 1278 1773 illm
1303 1746 1411 1779 litterae,
1437 1747 1507 1773 haud
1529 1747 1638 1781 quidem
1654 1746 1752 1780 jocosa:
1768 1752 1796 1773 ut

1006 1797 1098 1825 antea,
1113 1792 1159 1819 sed
1173 1793 1353 1820 stomachosa:
1371 1800 1403 1820 ac
1423 1794 1611 1825 vehementes,
1628 1793 1698 1820 ultro
1714 1794 1796 1821 citro-

1005 1846 1057 1873 que
1070 1839 1151 1871 dataa,
1172 1838 1280 1873 quibus,
1299 1839 1363 1866 dum
1379 1846 1456 1865 suam
1471 1840 1587 1873 quisque
1608 1847 1718 1866 causam
1735 1844 1795 1866 tue-

1006 1889 1059 1918 tur,
1073 1893 1136 1912 suas
1153 1885 1235 1912 etiam
1249 1885 1349 1912 animis
1365 1885 1523 1913 ctelestibus
1535 1892 1596 1912 esse
1608 1886 1664 1912 iras
1680 1886 1795 1918 docent;

1004 1938 1064 1965 qua:
1085 1931 1107 1958 si
1130 1931 1236 1966 longius
1254 1931 1465 1965 processissent,
1491 1939 1544 1958 non
1567 1936 1621 1958 tam
1644 1932 1795 1966 perfectum

1004 1976 1165 2005 Christiana:
1180 1977 1306 2004 amicitiae
1327 1977 1466 2013 exemplar
1487 1977 1514 2004 in
1531 1977 1630 2005 Basilio
1647 1983 1675 2005 et
1693 1977 1794 2014 Grego-

1004 2019 1046 2047 rio
1061 2020 1235 2050 haberemus.

1003 2076 1046 2109 (ΣΙ,
1064 2076 1117 2104 Cll.
1141 2075 1265 2114 Queritur
1282 2077 1431 2114 Gregorius
1458 2080 1577 2114 troadem
1608 2079 1658 2106 sibi
1685 2080 1794 2114 factum.

1178 2112 1199 2138 A
1217 2113 1336 2146 pluribus
1352 2113 1475 2148 culpatur
1488 2113 1618 2141 Basilius.

1040 2157 1165 2192 Acceptis
1179 2157 1271 2185 Basilii
1288 2158 1404 2191 litteris',
1424 2159 1564 2194 rescripsit
1582 2165 1662 2194 atque
1675 2161 1717 2188 his
1734 2168 1793 2188 ver-

1003 2203 1046 2230 bis
1067 2211 1180 2230 exorsus
1198 2209 1241 2230 est
1254 2202 1402 2238 Gregorius
1418 2205 1452 2239 (ε)
1466 2214 1473 2230 :
1492 2213 1501 2230 ι
1523 2205 1669 2232 Desinesnc
1685 2207 1793 2234 tandem

1004 2256 1053 2276 uos
1067 2248 1218 2276 maledictis
1228 2249 1382 2282 incessere,
1402 2250 1557 2278 utinsulsos
1576 2259 1608 2278 ac
1624 2252 1748 2285 rusticos,
1767 2259 1793 2280 et

162 2297 244 2332 paulo
257 2301 317 2332 post
329 2296 432 2323 Pascha
445 2295 508 2323 anni
522 2295 593 2322 illius
606 2295 677 2321 datis
691 2293 868 2327 respondens,
881 2292 951 2319 hanc
966 2279 990 2309 θ
1003 2295 1037 2322 ab
1045 2295 1140 2322 amicis
1155 2295 1258 2330 inopes,
1273 2301 1342 2324 etne
1355 2296 1408 2323 vita
1425 2297 1532 2331 quidem
1546 2297 1651 2332 dignos,
1663 2299 1792 2333 quoniam

164 2345 216 2372 sibi
233 2344 432 2372 ordinationem
447 2351 500 2371 non
515 2342 649 2377 placuisse
665 2342 809 2377 signiﬁcat.

163 2400 259 2429 XCIX.
280 2401 410 2428 Invisilur
431 2409 446 2426 α
468 2399 596 2461 aggere
621 2399 762 2434 Nyueno,
785 2407 861 2433 quem
882 2398 953 2425 misit

517 2444 555 2461 au
569 2443 621 2461 ms.

517 2443 621 2461 (1811111³.

198 2483 344 2518 Perpaucis
360 2487 421 2516 post
435 2480 636 2509 ordinationem
658 2480 768 2512 diebus,
790 2479 950 2514 Gregorium

162 2534 285 2555 nostrum
300 2527 393 2554 invisit
407 2526 554 2561 Gregorius
566 2525 718 2559 Nyssenus,
735 2525 770 2552 ab
787 2526 874 2551 amico
892 2525 953 2552 mis-
968 2554 975 2560 _

162 2582 226 2608 sus,
240 2578 269 2600 ut
286 2573 472 2608 cognominem
488 2579 565 2599 suum
582 2564 726 2598 solaretur.
741 2570 817 2598 Hunc
834 2570 950 2597 amicum

162 2628 222 2647 esse
239 2625 362 2648 sanctum
375 2618 520 2646 Eusebium
538 2618 747 2645 Samosatenum
763 2622 809 2644 aut
826 2623 949 2644 sanctum

162 2666 296 2693 Mcletium
312 2665 460 2692 arbitratur
475 2664 666 2691 Tillcmontius
679 2672 687 2692 :
705 2672 798 2690 verum
812 2664 834 2690 is
847 2664 951 2691 amicus

161 2720 214 2740 non
227 2713 297 2740 alius
321 2717 363 2739 est
387 2719 468 2747 quam
490 2712 546 2746 ipse
564 2710 690 2737 Basilius.
715 2710 860 2744 Postquam
877 2710 949 2736 enim

160 2758 305 2794 Gregorius
318 2758 344 2785 in
362 2758 494 2785 orationis
508 2756 639 2787 exordio,
662 2764 742 2791 quam
766 2764 858 2784 coram
876 2755 947 2792 Nys-

200 2840 232 2875 μ)
246 2839 293 2866 0r.
311 2839 356 2871 45,
376 2847 406 2875 η,
423 2838 467 2866 58.

196 2875 234 2909 (b)
254 2875 332 2907 lbid.,
350 2884 376 2901 ιι.
392 2874 435 2901 59.

197 2914 232 2940 (ct
252 2911 343 2937 Carm.
362 2910 398 2937 De
416 2910 466 2937 uita
483 2918 543 2943 sua,
559 2917 583 2936 v.
599 2909 661 2937 589.

1002 2349 1045 2375 ea,
1063 2349 1123 2376 quia
1146 2342 1217 2376 passi
1236 2349 1339 2373 sumus,
1356 2341 1506 2377 intelligere
1519 2349 1551 2370 ac
1564 2345 1716 2378 persentire
1733 2346 1792 2372 ausi

1002 2386 1161 2414 sumus?....
1173 2385 1308 2414 Fraudem
1323 2388 1348 2414 in
1364 2395 1445 2422 quam
1460 2389 1562 2416 inducti
1580 2397 1691 2423 sumus,
1707 2392 1793 2418 serius

1001 2433 1111 2467 quidem
1127 2440 1209 2467 quam
1225 2433 1356 2468 oportuit,
1375 2435 1422 2461 sed
1445 2439 1535 2462 tanien
1550 2436 1697 2472 aliquando
1711 2445 1792 2472 agno~

1002 2479 1101 2507 vimus.
1131 2479 1220 2513 Atque
1252 2478 1331 2513 hujus
1367 2481 1404 2507 rei
1430 2481 1536 2515 culpam
1563 2482 1589 2508 in
1612 2483 1791 2517 episcopalem

1001 2527 1129 2552 thronum
1146 2525 1321 2558 conferimus,
1353 2532 1445 2560 utpote
1462 2527 1507 2562 qui
1522 2531 1556 2562 ,te
1582 2534 1693 2562 repente
1711 2536 1790 2563 supra

1001 2577 1050 2596 nos
1063 2571 1217 2597 evexerit...
1233 2569 1291 2598 Hoc
1307 2572 1440 2606 otnnium,
1453 2580 1513 2607 qua:
1528 2574 1657 2608 patimur,
1673 2574 1791 2601 maxime

1001 2615 1144 2642 ridiculqu
1171 2621 1228 2648 est,
1254 2617 1295 2644 vel
1321 2619 1411 2652 potius
1433 2619 1634 2652 miserandum,
1665 2620 1791 2647 nimirum

1000 2662 1070 2696 quod
1088 2661 1168 2688 iidem
1192 2667 1218 2689 et
1241 2663 1339 2698 injuria
1354 2663 1518 2696 afﬁciuntur,
1538 2670 1566 2692 et
1588 2671 1761 2694 accusantur.
1780 2675 1789 2692 ι

999 2707 1232 2742 Vituperationcm
1251 2717 1304 2736 non
1330 2710 1423 2745 effugit
1439 2710 1563 2743 Basilius,
1592 2713 1664 2746 quod
1688 2711 1778 2740 fidissi

1000 2762 1072 2781 mmn
1089 2754 1204 2781 amicum
1225 2763 1257 2782 ac
1280 2756 1380 2790 optime
1396 2757 1428 2783 de
1445 2764 1474 2784 se
1496 2757 1622 2784 meritum
1644 2758 1669 2785 in
1685 2758 1791 2792 cpisco-

1041 2837 1079 2872 (d)
1098 2837 1143 2864 0r.
1160 2838 1203 2869 Η,
1221 2846 1246 2864 n.
1264 2839 1289 2866 3.

1042 2877 1076 2908 te)
1092 2873 1138 2908 Ep.
1157 2874 1192 2899 al.
1209 2874 1253 2901 51.
