2055 3130
278 168 329 196 £99

930 163 1010 192 VITA
1030 163 1060 192 S.
1079 163 1254 192 GREGOlill.

1859 165 1913 193 2ιο

277 226 352 260 pales
367 231 446 252 curas
457 243 464 255 ,
482 226 579 258 prmter
597 221 681 257 ipsius
695 221 872 252 voluntatem,
889 220 1065 255 coniecisset:
1082 226 1102 251 Α
1120 221 1345 260 (ΣΙΙΙ.Η(ἶι⁷ι’ῃοι“ῐιικ
1364 223 1395 248 (Ιε
1408 223 1549 249 soli/"dine
1566 228 1702 260 "voratus
1717 231 1733 250 α
1751 229 1834 260 patre,
1858 225 1913 251 Ba-

278 276 306 298 el
333 272 404 305 quod
430 270 519 296 minus
545 268 719 295 excusatione
746 267 857 302 dignum
881 272 950 300 erat,
981 268 1068 294 virum

279 317 378 351 pietate
393 320 421 342 et
433 315 584 349 eloquentia
606 314 740 349 insignem
753 333 761 344 ,
778 313 825 347 qtti
845 313 975 340 Ecclesia:
990 321 1068 349 egre—

279 363 350 396 giam
381 362 447 389 dare
473 368 582 395 operam
609 364 736 395 poterat,
789 359 815 386 in
843 358 1068 387 obscurissimum

281 407 405 443 angulum
431 415 463 434 ae
493 407 619 434 omnibus
647 406 710 433 vitm
732 405 884 433 commodis
908 405 1068 432 destittttum

281 455 436 488 relegasset.
461 452 633 488 Objiciebant
652 453 697 480 alii
723 452 795 480 aliud
813 452 968 488 quidpiam,
992 456 1071 487 prout

279 499 323 526 vel
341 499 460 526 moribus
485 498 633 532 comparati
651 502 749 531 erant,
774 498 815 526 vel
841 497 965 533 Gregorii
991 505 1070 526 causa

282 546 468 573 irascebantur
484 554 490 571 :
510 554 518 570 ι
530 544 719 579 benignissimi
738 549 828 571 autem
842 553 851 569 ι
868 544 970 579 quique
985 543 1073 578 negle-

232 622 235 624 ,
281 596 353 618 ctum
368 596 394 618 et
409 595 592 624 contemptum
609 597 622 616 a
641 588 743 616 Basilio
759 589 843 616 fuisse
856 589 1027 622 Gregorium,
1045 593 1073 615 et

281 643 425 672 postquam
440 637 526 671 ipsius
541 643 624 671 opera
637 644 704 663 usus
717 636 816 668 fuerat,
829 635 913 662 veluti
931 643 978 662 vas
993 635 1074 670 quod-

281 682 342 708 dam
359 681 475 716 ignobile
494 681 653 716 projectum.
671 680 794 707 Declarat
808 679 956 713 Gregorius
970 679 1011 715 (α)
1041 687 1071 707 se

281 735 355 754 arma
370 727 439 754 ferre
455 734 508 754 non
526 734 616 762 posse,
629 731 656 753 et
675 734 684 751 ι
700 733 748 761 pro
761 725 923 753 lactentibus
938 729 963 751 et
977 724 1070 752 avibus

282 780 409 809 tanquam
432 781 482 808 pro
505 773 650 800 animabus
673 776 700 798 et
723 771 876 798 cauonibus
892 771 1045 806 digladiari.
1059 781 1069 797 ›

281 822 368 856 Rogat
387 825 417 848 ut
441 821 500 855 ipse
515 828 576 847 cum
591 820 724 846 Anthimo
739 819 838 846 bellum
859 823 945 853 gerat,
969 826 1001 846 ac
1021 818 1072 845 sibi

283 867 404 894 omnium
426 875 517 894 rerum
532 866 593 892 loco
612 866 730 900 quietem
749 865 891 892 concedat.
905 864 1018 891 Demum
1032 864 1073 890 his

282 913 382 945 verbis,
401 921 461 948 qua:
476 913 536 947 ejus
553 912 673 939 dolorem
693 911 811 938 maxime
828 911 960 943 indicant,
976 910 1073 945 episto-

283 960 335 986 lam
357 959 457 986 claudit
474 968 481 986 :
500 968 509 984 ι
525 958 657 992 Quocirca
679 962 706 984 tu
733 957 842 991 quidem
867 951 984 983 viriliter
1011 963 1072 990 age,

281 1010 309 1032 ct
332 1005 499 1037 confortare,
519 1004 665 1038 omniaque
688 1004 720 1030 ad
748 1008 822 1030 tuam
844 1002 929 1038 ipsius
948 1002 1072 1038 gloriam,

281 1051 508 1086 quemadmodum
528 1050 600 1076 ﬂuvii
620 1054 770 1081 torrentes,
789 1049 884 1081 trahe;
906 1056 955 1076 nec
979 1047 1074 1075 amici-

283 1097 358 1128 tiam,
386 1103 437 1123 nec
465 1096 528 1123 vita:
557 1095 780 1122 consuetudinem
808 1099 834 1121 et
861 1094 1074 1121 familiaritatem

284 1142 387 1168 virtute
403 1149 434 1168 ac
447 1141 548 1176 pietate
563 1141 698 1176 potiorem
714 1141 828 1173 habens,
843 1147 893 1167 nec
910 1148 970 1174 quae
984 1147 1016 1166 ex
1030 1139 1075 1165 his

284 1186 363 1213 rebus
380 1186 520 1213 hominum
545 1187 578 1213 de
600 1191 626 1212 te
648 1186 739 1220 opinio
755 1185 844 1212 futura
859 1185 906 1217 sit,
928 1185 1074 1221 quidquam

283 1239 392 1265 curans,
411 1239 458 1259 seu
473 1232 667 1258 uni-duntaxat
690 1237 716 1258 te
737 1230 850 1265 Spiritui
865 1231 1004 1259 addicens.
1021 1229 1075 1258 Nos

283 1285 349 1305 vero
367 1278 394 1305 id
419 1278 553 1305 duntaxat
577 1278 644 1305 lucri
661 1285 692 1305 ex
710 1278 831 1305 amicitia
857 1283 901 1304 tua
925 1278 1074 1313 capiemus,

283 1328 313 1350 ιιι
323 1323 418 1351 amicis
431 1323 543 1358 posthac
560 1324 671 1350 minime
687 1323 813 1355 tidaums,
839 1329 889 1350 nec
914 1323 969 1350 Deo
994 1323 1074 1358 quid-

283 1378 364 1405 quam
384 1370 570 1405 przeferamus.
589 1379 598 1396 ι
631 1369 706 1396 llaud
724 1370 849 1404 equidem
865 1369 1025 1397 crediderim
1044 1378 1075 1398 ea

285 1416 431 1450 ingessisse
445 1415 570 1443 Basiliutn
581 1416 734 1449 maledicta,
744 1424 802 1450 qum
811 1416 946 1450 prioribus
956 1417 1076 1451 epistola:

285 1461 374 1488 verbis
393 1462 584 1494 continentur;
604 1463 651 1488 sed
667 1469 699 1489 ea
719 1470 752 1489 ex
769 1463 827 1496 ejus
847 1463 927 1489 dictis
942 1464 1073 1498 consequi

284 1505 432 1540 Gregorius
445 1514 501 1541 prze
518 1507 603 1533 nituio
623 1507 717 1534 dolore
733 1508 911 1534 existimavit.
939 1508 1075 1542 Scriptam

286 1552 356 1578 hanc
370 1552 524 1586 epistolam,
538 1559 591 1580 non
606 1557 710 1579 tantum
724 1559 785 1587 post
799 1554 1012 1586 ordinationem,
1026 1554 1074 1581 sed

285 1598 366 1625 etiarn
381 1602 441 1632 post
459 1597 551 1633 fugam
567 1597 630 1624 inde
644 1601 729 1632 patet,
753 1599 826 1633 quod
837 1598 987 1634 Gregorius
1002 1598 1076 1625 frau-

286 1644 346 1671 dem
365 1644 416 1671 sibi
437 1644 535 1670 factam
560 1651 590 1670 se
610 1644 730 1671 sensisse
754 1644 837 1676 dicat,
858 1650 940 1679 atque
957 1644 1077 1672 omnium

288 1697 378 1716 rerum
395 1689 454 1717 loco
468 1690 586 1724 quietem
605 1691 655 1718 sibi
671 1699 685 1717 a
701 1690 802 1718 Basilio
816 1691 927 1718 concedi
949 1690 1076 1724 postulet.

286 1735 345 1770 Ipsa
361 1736 443 1763 etiam
459 1736 617 1768 maledicta,
643 1737 742 1771 quibus
769 1744 799 1764 se
821 1736 934 1771 petitqu
952 1744 967 1763 a
980 1735 1079 1763 Basilio

287 1782 423 1816 queritur.
439 1789 501 1808 eum
515 1781 570 1816 jam
589 1782 691 1817 fugisse
706 1781 832 1816 probant.
851 1782 959 1816 Scripta
972 1789 1079 1816 quoque

288 1827 314 1853 iu
337 1834 445 1854 secessu
468 1827 580 1862 cpistola
604 1827 741 1855 tricesima
764 1827 884 1854 secunda
905 1827 953 1862 (1)),
976 1827 1004 1854 in
1025 1835 1077 1861 qua

288 1874 444 1907 indignatur
465 1873 612 1909 Gregorius
633 1881 662 1901 se
679 1874 786 1901 inertiae
806 1874 930 1901 accusari
949 1873 1011 1908 quia
1026 1872 1078 1900 Sa-

289 1921 360 1947 eima
380 1928 433 1947 non
451 1921 567 1955 accepit,
588 1921 644 1948 otio
660 1925 687 1948 et
705 1921 797 1956 quiete
813 1920 893 1948 unice
916 1927 946 1947 se
968 1920 1078 1956 gloriari

288 1966 440 2001 profitetur.

326 2035 400 2062 lnter
415 2035 472 2061 hate
486 2033 574 2068 jurgia
588 2034 717 2069 scriptam
732 2034 881 2061 arbitratur
892 2034 1080 2063 Tillemontius

288 2080 432 2115 epistolam
452 2080 579 2115 Gregorii
597 2081 630 2107 ad
649 2080 808 2107 Nicobulum
832 2082 885 2116 (c);
910 2080 959 2108 sed
983 2082 1079 2109 imme-

290 2128 353 2154 rito.
363 2126 471 2154 Mittens
485 2125 634 2161 Gregorius
645 2125 779 2153 Nicobulo
794 2126 898 2153 litteras
912 2127 1002 2154 Basilii
1018 2134 1078 2154 cum

289 2174 360 2206 suis,
377 2173 420 2200 liis
435 2180 495 2207 qua:
513 2171 608 2199 Basilii
619 2176 699 2199 erant
715 2172 805 2206 priore
819 2172 878 2198 loco
894 2173 999 2207 positis,
1015 2181 1079 2200 suas

289 2218 439 2253 subjunxit,
465 2224 526 2245 sese
546 2217 658 2252 quidem
681 2225 743 2244 eutn
761 2216 861 2244 Basilio
886 2217 987 2252 ubique
1014 2226 1079 2245 con-

287 2264 364 2299 jungi
380 2264 481 2295 volens,
497 2263 544 2291 sed
557 2271 618 2290 eum
635 2264 686 2291 sibi
701 2268 877 2298 anteponens.
903 2263 990 2291 Minus
1006 2265 1079 2292 vide-
1095 2254 1116 2281 Ῑ)

291 2315 334 2336 tur
348 2310 514 2337 intellexisse
528 2309 718 2337 Tillemontius
736 2309 775 2345 (τι)
793 2310 850 2336 hiec
867 2310 947 2336 verba
965 2319 971 2336 :
987 2319 997 2335 ι
1012 2310 1078 2337 Cum

292 2354 422 2382 Basilium
435 2355 561 2390 Magnum
578 2356 644 2382 mihi
661 2363 768 2391 semper
783 2355 959 2390 prmtulerim,
974 2357 1079 2383 tametsi

290 2400 328 2427 illi
350 2401 516 2428 contrarium
537 2400 661 2428 videatur
683 2409 690 2427 :
708 2405 763 2427 tum
790 2407 861 2427 nunc
882 2407 988 2434 quoque
1011 2407 1079 2434 prte-

291 2447 360 2480 fero,
373 2455 382 2472 I
409 2451 473 2479 ete.,
487 2447 514 2473 id
528 2450 587 2478 est,
606 2446 693 2480 inquit
710 2446 813 2479 Bittius,
833 2455 842 2471 ι
856 2446 963 2473 tametsi
979 2445 1023 2473 ille
1036 2453 1080 2473 nte

292 2494 345 2521 sibi
360 2491 503 2520 anteferat.
517 2502 526 2518 ι
542 2492 599 2519 Non
616 2492 688 2519 enim
702 2492 761 2519 hinc
772 2491 853 2519 verba
869 2492 906 2519 ita
921 2491 1076 2525 accipietula

290 2543 363 2572 sunt,
380 2538 457 2573 quasi
472 2537 602 2564 Basiliam
624 2537 762 2565 existimet
782 2536 931 2572 Gregorius
951 2537 1010 2572 plus
1027 2536 1078 2565 sibi

291 2585 410 2612 tribuere
423 2590 503 2618 quam
520 2583 582 2618 ipsi.

325 2682 348 2700 ⁸⁸
359 2682 431 2710 Psal.
454 2690 551 2714 xxxut,
564 2681 591 2709 5.
630 2681 653 2697 ⁸⁸
668 2681 740 2709 Psal.
757 2688 851 2714 Lxxvt,
867 2681 893 2708 5.

327 2784 365 2820 (τὴ
382 2784 471 2820 Epist.
487 2784 522 2820 al.
543 2784 588 2812 51.

328 2819 364 2853 (ιι)
380 2819 429 2852 Ep.
445 2819 479 2846 al.
494 2819 538 2846 se.

326 2855 362 2889 (ο)
380 2855 427 2886 Ep.
439 2855 477 2889 .u.
492 2855 520 2880 2.

328 2888 366 2922 (ιι)
390 2889 420 2915 In
434 2888 506 2922 3413.,
529 2898 553 2924 p.
573 2889 631 2916 ΠΕ).

1173 258 1233 283 silio
1248 259 1374 291 instante,
1389 266 1476 284 coram
1487 265 1596 293 utroque
1607 259 1684 284 habet
1699 259 1856 286 orationem.

1157 315 1177 341 Ε
1192 315 1349 348 solitudine,
1361 315 1388 342 iu
1403 322 1484 348 quam
1497 322 1526 341 se
1539 318 1602 349 post
1618 314 1817 342 ordinationem
1835 323 1912 343 rece-

1121 366 1198 395 perat
1212 360 1371 395 Gregorius,
1397 362 1452 388 eito
1467 365 1603 388 retractus
1616 366 1656 388 est
1666 361 1778 395 iubente
1793 365 1872 396 patre
1884 368 1912 389 et

1121 407 1240 433 instante
1254 406 1369 440 Basilio;
1391 411 1556 442 quapropter
1576 407 1602 434 in
1623 408 1746 434 oratione
1766 408 1813 445 (ε),
1828 417 1910 444 quam

1121 457 1183 487 post
1201 452 1316 480 reditum
1336 460 1427 480 coram
1441 458 1558 488 utroque
1570 453 1677 487 habuit,
1692 461 1726 482 eo
1739 455 1823 482 utitur
1834 462 1910 482 exor-

1122 499 1166 525 dio
1187 499 1197 524 ε’
1212 497 1305 526 «Nihil
1324 503 1463 527 senectute
1476 499 1582 531 fortius,
1604 499 1672 527 nihil
1691 499 1812 527 amicitia
1832 509 1910 528 vene-

1123 543 1242 570 rabilius.
1258 544 1299 571 Ab
1313 543 1356 571 his
1370 551 1419 578 ego
1432 544 1464 571 ad
1481 551 1527 570 vos
1549 544 1646 571 ductus
1664 552 1723 571 sum
1738 564 1746 577 ,
1762 544 1868 572 vinetus
1881 545 1908 572 in

1123 587 1243 621 Christo,
1268 596 1320 615 non
1334 588 1432 616 ferreis
1444 589 1557 622 catenis,
1571 589 1618 616 sed
1634 589 1812 617 tenacissimis
1826 590 1913 624 Spiri-

1124 639 1166 661 tus
1188 634 1303 662 vinculis
1321 635 1494 662 cunstrictus.
1513 643 1523 661 ι
1551 634 1682 662 Alicunde
1705 643 1735 663 se
1753 636 1848 663 venire
1871 635 1914 662 his

1124 680 1214 707 verbis
1230 681 1350 707 declarat
1367 679 1534 715 Gregorius;
1557 681 1672 716 proinde
1686 682 1743 709 hzec
1757 682 1844 709 oratio
1857 689 1910 708 non

1124 726 1214 753 statim
1227 732 1289 761 post
1304 726 1514 760 ordinationem,
1528 732 1557 754 ut
1571 727 1658 755 visum
1672 732 1714 754 est
1730 721 1911 760 Tillemontio,

1125 771 1226 804 habita,
1245 772 1292 798 sed
1309 777 1370 806 post
1391 773 1508 799 reditum
1525 779 1557 799 ex
1574 771 1648 808 fuga.
1674 772 1775 800 Deinde
1791 773 1863 799 addit
1879 779 1909 799 se

1125 823 1203 844 antea
1218 818 1278 845 aliis
1292 819 1382 845 omnia
1402 818 1561 852 reliquisse,
1581 824 1610 846 ut
1629 826 1721 846 secum
1741 819 1914 854 philosopha-

1126 868 1210 896 retur,
1225 868 1253 891 et
1268 863 1333 891 Elite
1345 863 1500 892 Carmelunt
1517 872 1548 891 ac
1561 864 1673 892 Joannis
1689 864 1824 892 desertum
1838 867 1913 898 cogi-

1089 902 1109 928 Β
1125 913 1212 941 tasse;
1232 910 1303 944 quod
1316 910 1342 937 ei
1364 910 1453 938 dicere
1472 917 1523 938 non
1542 910 1620 937 licuit
1639 917 1692 945 quo
1710 911 1753 938 die
1772 911 1913 938 ordinatus

1124 955 1174 982 fuit
1188 954 1356 983 Sasimorum
1373 955 1528 990 episcopus,
1544 956 1566 983 si
1584 956 1692 991 quidem
1718 957 1787 985 hanc
1800 957 1913 984 ordina-

1125 1002 1224 1028 tionem
1239 1009 1291 1029 non
1306 1002 1437 1036 solitudo,
1451 1003 1497 1029 sed
1510 1002 1650 1037 impensus
1664 1003 1818 1038 injuvando
1836 1009 1912 1037 patre

1125 1048 1268 1075 sacerdotii
1289 1048 1366 1075 labor
1385 1049 1547 1076 subsecutus
1570 1054 1623 1077 est.
1646 1049 1781 1078 Praeterea
1805 1051 1915 1078 disertis

1125 1092 1215 1120 verbis
1233 1093 1419 1126 solitudinem,
1442 1095 1565 1130 inquam
1582 1103 1612 1123 se
1631 1100 1784 1130 receperat,
1804 1096 1915 1129 indicat,

1125 1146 1186 1164 cum
1200 1139 1238 1165 ait
1253 1138 1291 1175 (1⁸)
1306 1147 1347 1172 se,
1367 1149 1376 1165 ‹
1392 1147 1425 1168 ne
1440 1141 1482 1168 his
1497 1142 1606 1176 quidem
1621 1142 1663 1169 sui
1680 1141 1874 1169 amantissimis
1885 1148 1917 1168 ac

1126 1184 1256 1213 fratribus
1280 1193 1421 1214 sermones
1449 1188 1590 1222 impertire
1616 1189 1797 1219 sustinuisse,
1829 1193 1859 1214 ut
1883 1188 1916 1214 ab

1125 1231 1198 1258 omni
1232 1233 1340 1267 negotio
1372 1232 1486 1260 feriatus
1519 1241 1612 1260 serum
1644 1233 1913 1268 philosopharetur.»

1126 1276 1195 1308 Quid
1216 1277 1312 1311 plura?
1327 1277 1458 1304 [iccantat
1477 1277 1514 1313 (ῃ)
1540 1278 1669 1313 quidquid
1691 1283 1752 1312 post
1770 1276 1917 1304 ordinatio-

1127 1328 1187 1348 netn
1203 1329 1257 1356 prre
1271 1322 1363 1349 dolore
1378 1324 1403 1349 in
1420 1322 1549 1350 Basiliqu
1567 1324 1686 1357 asperius
1700 1323 1823 1350 dixerat:
1838 1332 1847 1348 ί
1859 1323 1916 1350 lam

1127 1367 1197 1394 enim
1214 1369 1280 1394 iram
1294 1369 1403 1403 ahjicio.
1420 1370 1531 1396 audiant
1548 1371 1676 1396 mansueti
1691 1376 1714 1396 et
1735 1370 1857 1396 [uitentur
1876 1369 1916 1402 ";

1128 1419 1291 1447 manumque
1317 1413 1398 1447 hanc,
1427 1422 1486 1448 qum
1509 1415 1576 1441 mihi
1600 1415 1653 1442 vim
1683 1415 1789 1447 attulit.
1815 1414 1917 1449 placido

1129 1457 1201 1485 vultu
1217 1459 1370 1493 conspicio.
1388 1467 1420 1487 ac
1434 1459 1549 1494 Spiritui
1566 1461 1693 1494 arrideo,
1712 1461 1834 1495 mihique
1846 1469 1918 1488 com-

1129 1509 1230 1532 motum
1251 1510 1343 1540 pectus
1363 1506 1486 1538 sedatur,
1505 1507 1630 1542 reditque
1655 1508 1738 1541 ratio;
1755 1513 1837 1542 atque
1852 1508 1918 1535 ami-

1128 1551 1201 1584 citia,
1216 1551 1300 1579 instar
1316 1552 1430 1580 flamma:
1444 1553 1592 1588 consopita:
1605 1559 1633 1580 et
1651 1553 1806 1586 exstinctae,
1823 1561 1914 1581 rursus

1130 1604 1162 1624 ex
1177 1605 1262 1632 parvo
1284 1598 1405 1633 igniculo
1422 1599 1563 1627 reviviscit
1576 1605 1603 1627 et
1617 1601 1762 1627 excitatur.
1780 1600 1917 1627 Renuerat

1098 1681 1101 1685 r
1129 1642 1263 1670 consolari
1290 1644 1381 1670 anima
1400 1651 1471 1677 mea,
1496 1650 1523 1672 et
1543 1646 1680 1674 anxietate
1704 1646 1872 1674 afliciebatur
1892 1647 1917 1674 iu

1129 1694 1173 1714 me
1189 1687 1300 1721 spiritus
1319 1696 1394 1717 meus
1412 1689 1444 1716 ⁸⁸.
1470 1690 1542 1723 Dixi,
1567 1699 1703 1726 nunquam
1730 1691 1755 1718 iu
1780 1697 1915 1725 posterum

1129 1734 1254 1761 amicitia:
1275 1734 1353 1761 ﬁdem
1373 1735 1489 1763 habebo.
1503 1745 1512 1762 ι
1538 1735 1614 1763 Nulla
1633 1744 1699 1764 sane
1720 1742 1783 1764 ante
1805 1738 1914 1764 ordina-

1130 1779 1228 1805 tionem
1248 1780 1330 1815 jttt'gii
1354 1788 1434 1808 causa
1457 1782 1585 1810 Basilium
1604 1783 1674 1810 inter
1692 1787 1720 1810 et
1747 1783 1906 1818 Gregorium

1130 1826 1248 1858 exstitit;
1272 1827 1328 1852 sola
1354 1827 1490 1855 ordinatio
1518 1829 1591 1855 rixas
1611 1829 1694 1856 tnOvit
1711 1837 1719 1858 ς
1736 1829 1794 1856 haec
1818 1830 1911 1861 verba,

1130 1879 1190 1905 quae
1219 1871 1320 1898 fatetur
1346 1879 1375 1898 se
1397 1873 1498 1900 dixisse
1517 1872 1674 1908 Gregorius,
1700 1882 1859 1909 «nunquam
1890 1875 1916 1901 in

1131 1922 1267 1951 posterum
1284 1918 1410 1946 amicitiae
1422 1919 1501 1946 tidem
1516 1919 1630 1953 habebo,
1645 1928 1654 1945 ι
1678 1919 1803 1954 leguntur
1817 1921 1850 1947 ad
1863 1920 1918 1948 cal-

1131 1971 1189 1990 t'elll
1205 1963 1325 1998 epistola:
1337 1964 1481 2005 tricesimae
1495 1965 1601 1999 primae,
1617 1973 1697 2001 quam
1711 1971 1770 2001 post
1787 1966 1918 1999 abjectuttt

1132 2009 1254 2043 regendae
1285 2008 1455 2037 Sasimorum
1475 2010 1604 2038 Ecclesiae
1631 2011 1773 2038 consilium
1802 2012 1918 2046 scripsit.

1131 2055 1195 2088 Quae
1208 2055 1316 2090 quidem
1331 2056 1432 2090 omnia,
1448 2056 1600 2084 orationem
1613 2065 1684 2084 nunc
1699 2057 1831 2084 decimam
1845 2057 1907 2084 habi

1131 2105 1184 2125 ta'u
1200 2108 1252 2126 non
1274 2100 1358 2128 fuisse
1371 2106 1433 2135 post
1449 2102 1660 2134 ordinationem,
1681 2102 1727 2129 sed
1745 2107 1888 2137 postquam
1905 2110 1920 2129 e

1131 2146 1191 2181 fuga
1210 2147 1288 2172 rediit
1302 2146 1460 2182 Gregorius.
1479 2148 1620 2176 manifeste
1634 2149 1833 2176 demonstrant.

1131 2220 1197 2248 CIV.
1219 2221 1360 2256 Gregorius
1383 2224 1410 2250 iu
1436 2224 1554 2250 oratione
1573 2232 1621 2250 sua
1642 2229 1771 2250 mutatum
1785 2233 1814 2251 se
1836 2225 1920 2259 profi—

1166 2261 1252 2294 tetur.
1270 2259 1409 2284 Ant/rimus
1424 2259 1450 2284 in
1465 2267 1528 2285 sunt
1544 2265 1631 2293 partes
1644 2259 1798 2294 Gregorium
1816 2265 1920 2294 pertra-

1168 2293 1228 2319 here
1239 2293 1339 2326 [rustra
1352 2300 1473 2320 conatur.

1167 2349 1195 2376 ln
1218 2356 1251 2376 ea
1271 2350 1392 2378 oratione
1413 2350 1547 2378 sinceram
1577 2351 1755 2378 mutationem
1779 2351 1922 2385 profitetur

1132 2396 1292 2430 Gregorius,
1312 2401 1424 2431 rataque
1439 2398 1529 2424 omnia
1547 2398 1639 2429 habet,
1654 2405 1684 2433 ac
1702 2397 1808 2424 tandem
1823 2396 1921 2424 Eccle-

1132 2444 1180 2470 sia:
1190 2443 1240 2470 sibi
1250 2443 1399 2470 commissa:
1411 2443 1593 2477 gubernacula
1602 2450 1746 2477 capescere
1761 2443 1786 2469 itt
1801 2443 1920 2469 animum

1131 2490 1238 2516 videtur
1252 2489 1404 2516 induxisse.
1418 2489 1512 2523 Itaque
1532 2489 1638 2516 Sasitna
1653 2489 1692 2515 ire
1709 2488 1860 2521 constituit,
1874 2489 1921 2515 sed

1133 2536 1287 2569 priusquam
1304 2536 1337 2563 ad
1355 2536 1405 2562 iter
1417 2542 1447 2562 se
1457 2535 1622 2570 accingeret,
1640 2535 1745 2566 Doaris,
1765 2538 1827 2569 qua:
1841 2542 1916 2561 nova:

1131 2581 1307 2615 Cappadocia;
1324 2581 1420 2608 civitas
1439 2585 1516 2615 erat,
1532 2580 1668 2608 Eulalium
1685 2581 1844 2616 episcopqu
1869 2588 1920 2608 una

1167 2783 1201 2815 (ε)
1222 2780 1269 2808 0r.
1292 2781 1335 2813 10,
1357 2790 1383 2808 n.
1398 2781 1424 2808 L

1167 2817 1206 2850 (Γ)
1226 2815 1292 2843 lbitl.

1167 2856 1203 2886 tg)
1224 2852 1300 2883 lbid.,
1319 2860 1345 2880 tt.
1363 2852 1391 2880 2.
