2055 3130
272 153 323 181 205

924 153 1004 181 VITA
1024 151 1053 181 S.
1071 152 1246 183 GREGORIL

1841 159 1895 188 204

271 210 834 254 CVl_ll.GregoriusiVaziunzencchclt-siic
845 213 958 247 regimen
968 213 1052 254 ειεςςὶο
1068 214 1092 242 Α
1107 214 1216 247 quidam
1236 215 1344 250 pietatis
1361 223 1459 244 nomen
1473 216 1649 252 habitumque
1669 226 1724 254 pro:
1739 226 1768 247 se
1792 218 1890 248 ferens.

305 248 354 282 pit,
364 247 470 282 jnbente
485 252 567 279 patre,
581 254 611 274 eo
626 247 775 274 conditione
788 252 815 274 ut
831 255 860 274 eo
871 253 975 275 mortuo
988 248 1054 274 liber

306 281 340 309 sit
351 282 422 308 abire
441 290 490 317 quo
506 281 577 309 velit.

306 338 399 372 Itaque
417 336 575 372 Gregorius,
598 337 714 371 abiectis
733 337 857 370 Sasimis,
879 339 905 365 in
931 338 1058 365 solitudi-

272 391 334 412 nem
359 391 418 412 sese
442 383 561 419 recepit;
587 385 634 412 sed
648 384 720 412 aliud
746 384 795 419 ipsi
813 384 983 412 subeundum
1004 385 1056 413 fuit

272 436 408 458 certamen
423 437 483 457 cum
501 435 588 464 patre,
601 431 648 465 qui
666 438 728 458 eum
748 431 782 458 ab
797 438 829 458 eo
847 437 876 458 ut
888 430 995 459 Sasima
1013 438 1053 460 te-

272 482 348 505 neret
358 477 479 504 obtinere
496 476 649 504 nullatenus
663 477 806 511 potuisset,
818 477 916 505 saltem
928 478 1056 513 precibus

269 523 406 559 iussisque
429 527 471 550 est
497 527 660 550 consecutus
685 527 714 550 ut
740 522 906 550 Nazianzum
932 523 1053 555 rediret,

272 576 386 603 eamque
405 568 565 602 Ecclesiam,
581 569 625 596 cui
639 569 763 603 regenda:
778 576 826 604 per
843 574 950 597 {etatem
967 570 1055 604 impar

269 619 340 647 erat,
369 614 611 642 administrandam
635 614 796 648 susciperet.
824 614 861 641 Ea
875 619 967 642 autem
995 615 1055 649 lege

269 661 400 689 vicariam
416 660 603 696 praefecturam
629 660 809 688 Nazianzcna:
839 661 977 695 Ecclesize,
1008 669 1054 689 co-

268 711 346 743 gente
364 713 450 741 patre,
466 707 584 741 suscepit
608 708 639 734 ut
666 707 850 735 tantummodo
880 708 923 735 his
939 709 1054 736 nexibus

268 757 405 781 teneretur
419 753 564 788 obligatus,
579 753 640 781 dum
660 759 738 788 pater
757 757 896 789 superstes
912 759 1002 787 esset;
1020 762 1053 782 eo

267 802 356 826 autem
371 805 386 824 e
399 797 469 825 vivis
485 798 602 831 sublato,
617 799 668 826 sibi
688 799 802 826 liberum
817 803 890 827 esset
911 800 985 827 abire
1000 808 1052 834 quo

266 843 357 871 vellet.
370 843 418 871 His
433 843 492 878 ipse
509 848 623 871 testatur
648 844 740 871 verbis
766 844 793 871 in
816 844 953 876 oratione,
969 852 1050 879 quam

266 890 299 917 ad
312 889 438 924 populum
454 889 655 917 Nazianzenum
681 889 774 917 habuit
797 889 835 926 (α)
849 897 856 917 :
874 899 884 916 t
900 890 977 918 Nunc
991 891 1052 925 qui-
1066 884 1088 912 Β

264 935 326 962 detn
344 942 405 962 cum
418 935 548 969 praeclaro
565 939 678 970 parente
701 942 796 962 curam
822 935 893 962 hanc
913 935 1052 970 suscipere

265 988 319 1008 non
332 988 436 1013 recuso,
449 980 523 1009 velut
537 988 642 1016 magum
656 981 752 1016 aquilae
762 985 789 1008 et
802 981 934 1009 altissime
948 982 1050 1009 volanti

264 1027 353 1062 pullus
383 1035 438 1054 non
472 1027 660 1055 incommodus
686 1035 702 1055 c
728 1027 881 1062 propinquo
909 1028 1049 1056 advolant.

264 1072 359 1100 Postea
379 1080 443 1100 vero
456 1080 571 1108 pennam
588 1080 675 1100 meam
700 1073 826 1109 Spiritui,
843 1081 896 1109 quo
922 1074 1003 1107 volet,
1022 1080 1051 1102 et

263 1127 371 1154 quoquo
386 1120 464 1147 modo
481 1120 564 1152 volet,
577 1120 718 1148 ferendam
735 1120 821 1153 dabo;
839 1129 889 1148 nec
906 1121 1049 1156 quisquam

263 1166 325 1199 erit,
340 1167 386 1201 qui
402 1173 444 1193 me
457 1174 565 1201 cogere,
580 1171 628 1194 aut
647 1167 776 1194 aliorsum
795 1167 938 1195 traducere
953 1168 1049 1202 possit,

262 1219 324 1239 cum
339 1219 372 1239 eo
390 1211 635 1239 consultantem...
659 1212 722 1239 llaec
744 1212 839 1245 habui,
863 1213 915 1240 viri
932 1212 1050 1240 Nazian—

263 1256 333 1288 zeni,
352 1263 412 1291 quae
425 1256 540 1291 simplici
552 1257 644 1285 animo
659 1257 910 1292 benevolentiaque
922 1258 1002 1293 pleno
1015 1258 1049 1285 ad

262 1308 310 1328 vos
325 1301 453 1334 dicerem,
469 1306 549 1336 atque
563 1302 614 1329 hoc
625 1306 665 1329 est
675 1301 758 1329 animi
774 1301 826 1329 mei
839 1309 978 1329 arcattum.
991 1312 1001 1329 ›
1019 1302 1049 1329 1η

262 1347 383 1374 carmine
401 1346 440 1374 De
463 1348 515 1374 vita
542 1355 590 1374 um
613 1347 814 1375 Nazianzenam
840 1348 990 1376 Ecclesiam
1019 1356 1049 1376 se

261 1393 414 1427 suseepisse
425 1391 502 1426 jussu
518 1393 637 1428 parentis
654 1393 785 1428 declarat,
802 1394 840 1421 ita
853 1401 944 1422 secum
966 1402 1048 1430 repu-

262 1442 363 1464 tantetn
376 1445 408 1465 ac
423 1438 557 1465 dicentem
570 1438 606 1474 (ὁ)
622 1447 629 1465 :

297 1493 388 1531 {Ver/ue
399 1494 470 1531 enim
484 1502 525 1521 res
538 1494 590 1531 ista
602 1494 713 1522 invitum
728 1504 768 1522 me
788 1497 961 1531 constringet,

260 1527 313 1561 Qui
326 1537 372 1555 nec
385 1529 441 1555 ulla
455 1530 667 1563 denuntiatione,
679 1538 726 1557 nec
737 1531 791 1557 ullo
799 1527 1026 1565 promissateneor
1035 1540 1046 1559 :

296 1585 337 1612 Οὐ
352 1584 407 1619 γὰρ
423 1584 540 1622 καθέξει
554 1585 644 1617 τοῦτ’,
662 1586 752 1620 ἔφην,
769 1586 880 1614 ἄκοντά
890 1596 939 1622 με,

297 1621 348 1658 “py
359 1621 428 1658 adre
440 1620 586 1658 uﬁpvnua,
601 1621 669 1658 oﬁ0'_
677 1622 845 1656 ὑπόσχεσις
857 1620 974 1658 etp-ate?

296 1655 395 1688 Οὕτως
405 1654 537 1690 dmi-mre
550 1665 588 1690 με
603 1656 732 1690 νικήσας
744 1654 846 1691 φόϐοξ.

295 1709 342 1737 Sic
354 1718 394 1737 me
406 1711 500 1738 victria:
514 1711 630 1745 formido
645 1712 760 1741 reduxit.

294 1778 335 1806 Ex
351 1779 401 1806 hac
414 1779 537 1815 GregOrii
549 1780 723 1815 prtefectura,
747 1790 813 1817 qua,
826 1788 904 1818 patre
922 1785 1045 1813 adniten-

258 1829 295 1857 te,
308 1825 408 1852 invitus
425 1825 643 1853 administrandas
657 1826 785 1855 Ecclesia:
801 1827 978 1857 Nazianzena:
997 1839 1045 1858 cu-

257 1879 316 1899 ram
330 1872 459 1906 suscepit,
478 1880 530 1899 tton
547 1873 624 1908 pauci
637 1880 698 1901 eum
718 1874 801 1910 hujus
823 1875 951 1904 Ecclesia:
970 1877 1044 1904 ordi-

258 1923 350 1945 natum
364 1918 447 1946 fuisse
463 1919 619 1954 episcopum
643 1920 766 1947 arbitrati
785 1927 858 1949 sunt.
894 1922 947 1950 Sed
965 1924 1043 1958 quid-

259 1964 322 1998 quid
335 1971 366 1991 ea
376 1964 409 1991 de
427 1972 455 1990 re
468 1965 628 1999 scripserint
642 1971 749 1994 veteres
764 1975 795 1995 ac
808 1970 982 2002 recentiores,
1000 1970 1041 1997 lo-

257 2009 391 2043 cttpletior
407 2017 459 2036 non
475 2015 518 2037 est
531 2010 600 2038 alius
615 2012 690 2039 testis
708 2020 790 2047 quam
807 2013 954 2050 Gregorius
970 2025 977 2049 ;
993 2024 1043 2044 nec

257 2054 302 2080 alii
320 2054 365 2081 ulli
381 2055 466 2089 major
479 2062 560 2090 quam
586 2056 635 2091 ipsi
665 2057 730 2084 ﬁdes
758 2059 880 2087 habenda
904 2065 956 2087 est.
980 2061 1042 2089 Haec

256 2099 340 2133 ipsius
365 2105 427 2126 sunt
457 2101 490 2127 ad
517 2100 676 2136 Gregorium
713 2102 868 2138 Nysscnum
896 2106 1040 2135 scribentis

255 2145 337 2171 verba
355 2147 389 2180 (c)
404 2153 411 2171 :
430 2155 439 2171 ι
464 2146 538 2174 inter
551 2155 644 2176 omnes
667 2150 766 2176 etenim
791 2155 909 2184 constat,
925 2161 968 2180 tne
985 2161 1038 2181 non

255 2190 394 2223 Nazianzi,
409 2192 456 2219 sed
470 2192 638 2220 Sasitnorum
650 2195 800 2223 antistitem
810 2202 930 2225 creatum
942 2199 1038 2232 fuisse,

255 2238 362 2264 tametsi
385 2238 411 2264 in
431 2240 516 2273 patris
544 2242 737 2274 reverentiam,
753 2247 781 2270 et
792 2251 885 2271 eorum
907 2245 952 2280 qui
976 2253 1041 2281 sup-

254 2283 338 2317 plices
366 2284 417 2311 hoc
435 2293 449 2312 a
466 2293 508 2313 me
529 2288 739 2321 contenderunt,
766 2289 798 2316 ad
823 2290 905 2318 breve
924 2295 1030 2327 tempus

254 2328 441 2363 praefecturam
461 2332 538 2365 quasi
552 2332 673 2367 hospites
686 2335 866 2370 suscepimus,
886 2345 896 2362 ι
913 2341 968 2364 etc.

254 2393 321 2436 CIX:
333 2393 474 2429 Gregorius
491 2396 758 2436 Basiliumndefendit,
775 2409 792 2428 a
814 2401 928 2436 quodam
944 2411 1036 2431 mona-

288 2430 335 2456 cho
350 2436 510 2468 accusatum,
525 2434 594 2466 quod
609 2430 736 2468 Spiritum
748 2430 869 2463 sanciunt
887 2437 970 2464 Deum
982 2447 1034 2466 non

288 2465 452 2499 appellasset.

287 2521 352 2549 Post
366 2527 517 2557 susceptam
530 2531 545 2550 a
559 2524 689 2559 Gregorio
704 2527 831 2555 Ecclesiae
850 2529 1030 2559 Nazianaenas

252 2567 525 2602 administrationem,
550 2569 726 2606 habitumque
751 2574 902 2602 orationem
935 2577 1036 2605 duode-

252 2614 362 2646 cimam,
377 2614 522 2650 contigisse
533 2616 763 2653 videturjurgium
774 2620 843 2653 quod
856 2620 930 2648 inter
945 2622 1032 2656 ipsutu

252 2664 279 2687 et
292 2660 433 2694 quemdam
450 2662 610 2688 monachum
626 2663 730 2691 exstitit
742 2664 774 2691 de
790 2665 899 2694 Basilio.
915 2667 980 2695 [lem
994 2669 1034 2696 sic

253 2709 345 2732 narrat
361 2705 507 2741 Gregmius
524 2707 550 2734 in
575 2708 686 2742 epistola
710 2709 746 2738 al.
763 2709 798 2737 26
816 2720 823 2738 :
841 2720 851 2737 ι
869 2711 1029 2740 Convivium

250 2750 384 2783 quoddam
399 2757 466 2785 erat,
475 2752 560 2787 inquo
572 2754 679 2788 plurimi
688 2754 888 2785 clarissimiviri
901 2759 1034 2795 nobisque

250 2797 369 2824 amicitia
387 2798 520 2833 conjuncti
534 2801 738 2836 accumbebant,
754 2807 834 2838 atque
850 2804 920 2832 inter
936 2813 983 2833 eos
994 2807 1034 2833 vir

1108 260 1231 288 Nondum
1246 263 1278 289 ad
1295 263 1389 296 poeula
1416 268 1526 291 ventum
1550 269 1619 298 erat,
1644 273 1715 297 cum,
1734 270 1764 293 ut
1780 266 1806 293 in
1823 273 1887 293 con-

1109 307 1187 333 viviis
1205 308 1262 334 ﬁeri
1275 308 1354 340 solet,
1370 309 1402 335 de
1421 309 1499 336 nobis
1523 317 1612 337 sermo
1629 311 1774 338 excitatur.
1800 311 1892 339 Omni-

1107 352 1157 380 bus
1174 361 1254 388 porro
1266 355 1380 382 virtutes
1411 360 1470 382 tuas
1489 356 1663 391 amplissimis
1686 357 1810 385 laudilms
1830 357 1893 385 elic-

1107 399 1239 431 rentibus,
1263 405 1367 434 nosque
1392 400 1485 434 etiam,
1502 405 1532 427 ttt
1547 401 1641 428 iisdem
1658 402 1718 428 vitae
1733 403 1830 429 studiis
1845 403 1893 430 de-

1107 445 1176 472 ditos
1188 465 1196 477 ,
1217 444 1426 480 adjungentibus
1436 466 1443 474 .
1455 465 1463 472 .
1474 464 1481 472 .
1498 446 1608 480 indigne
1630 446 1690 472 tulit
1713 447 1757 473 hic
1772 447 1891 482 philoso-

1106 491 1185 526 phus.
1201 491 1372 527 thuidnam
1387 493 1438 520 hoc
1449 498 1501 526 est,
1517 493 1614 526 inquit,
1630 493 1774 520 admodum
1788 492 1892 521 furiose

1106 538 1273 571 exclamans,
1294 546 1311 565 ο
1328 539 1390 572 viri,
1408 546 1489 573 quam
1513 539 1590 566 valde
1613 539 1756 566 mendaces
1774 543 1800 566 et
1821 539 1890 566 adu-

1109 585 1208 612 latores
1230 585 1312 612 eslisl
1330 585 1432 613 Cmtcra
1454 585 1561 620 quidem
1589 585 1732 613 laudentur
1747 593 1813 613 sane
1839 586 1887 613 viri

1105 629 1154 662 illi,
1171 630 1194 658 si
1220 630 1257 657 ita
1273 630 1355 662 lubet,
1374 630 1440 658 nihil
1459 638 1597 666 repugno:
1616 637 1706 657 verum
1720 631 1789 666 quod
1806 632 1890 658 maxi-

1104 683 1177 703 mum
1202 681 1254 707 est,
1274 676 1328 704 illis
1343 683 1395 703 non
1414 677 1570 704 concedam.
1587 676 1764 704 Orthodoxia:
1779 677 1890 706 nomine

1104 721 1204 750 frustra
1223 723 1348 750 laudatus
1373 722 1503 755 Basilius,
1522 722 1623 751 frustra
1643 723 1810 759 Gregorius;
1833 724 1888 756 ille,

1106 769 1170 804 quia
1184 769 1353 797 sermonibus
1367 769 1423 797 suis
1447 769 1589 797 veritatem
1615 770 1718 804 prodit;
1744 770 1798 803 hic,
1827 771 1889 805 quia

1104 815 1236 849 patientia
1266 822 1315 842 sua
1338 815 1461 842 eamdem
1493 816 1573 844 simul
1605 815 1704 850 prodit.
1729 826 1738 842 ι
1758 816 1824 844 Tum
1848 818 1890 845 his

1102 861 1249 895 Gregorius
1272 861 1481 888 conviciatorctn
1503 862 1592 888 verbis
1610 863 1745 896 redarguit
1761 870 1768 889 :
1786 871 1796 888 ‹
1815 862 1891 891 Unde

1104 908 1166 939 hoc,
1185 915 1201 934 ο
1219 907 1299 934 homo
1312 915 1391 939 vane,
1414 913 1496 943 atque
1512 909 1675 943 arrogantia:
1687 909 1808 939 nomine,
1821 916 1889 936 nove

1103 952 1207 980 Dathan
1233 958 1259 980 et
1283 953 1404 980 Abiron?
1420 953 1496 981 Unde
1512 954 1590 982 nobis
1602 955 1756 988 (logmatum
1770 955 1888 989 promul-

1102 1002 1181 1032 gator
1213 998 1309 1024 venis?
1345 997 1454 1025 Siccine
1484 1003 1620 1025 tantarum
1649 1006 1739 1026 rerum
1768 999 1884 1035 jndiccm

1103 1044 1216 1078 teipsum
1230 1044 1350 1071 eiiicies?
1372 1044 1439 1071 Tum
1461 1044 1525 1071 ille:
1542 1052 1574 1072 ex
1593 1045 1737 1079 Enpsychii
1762 1046 1888 1081 martyris

1101 1090 1204 1124 synodo
1220 1097 1290 1117 nunc
1305 1089 1394 1123 venio,
1406 1097 1521 1124 eamque
1537 1090 1602 1117 dicti
1616 1091 1669 1117 mei
1683 1095 1778 1118 testem
1801 1092 1888 1120 habeo

1102 1135 1151 1171 (sic
1168 1136 1239 1163 enim
1266 1143 1309 1163 res
1333 1144 1362 1164 se
1389 1137 1530 1172 habebat),
1560 1142 1640 1172 atque
1672 1137 1727 1164 illic
1756 1137 1886 1165 Basilium

1101 1181 1225 1217 Magnum
1240 1183 1340 1216 attdivi,
1358 1184 1391 1210 de
1404 1183 1482 1210 Patre
1495 1184 1602 1218 quidem
1617 1188 1644 1210 et
1659 1183 1726 1211 Filio
1741 1184 1843 1218 optime
1859 1187 1887 1211 et

1100 1227 1305 1262 perfectissime,
1329 1233 1410 1263 atque
1434 1233 1463 1256 ut
1483 1230 1527 1256 vix
1551 1230 1693 1264 quisquam
1711 1230 1780 1257 alius
1807 1229 1886 1257 facile

1101 1279 1192 1308 queat,
1206 1274 1387 1303 disserentem
1404 1283 1412 1303 :
1429 1275 1560 1310 Spiritutn
1576 1280 1699 1302 sanctum
1712 1280 1800 1302 autem
1817 1284 1884 1302 c0tt<

1100 1319 1242 1347 vellentem
1259 1327 1290 1347 ac
1305 1320 1533 1355 distorqncntem,
1555 1331 1565 1347 ν
1585 1325 1637 1348 etc.
1662 1321 1747 1356 Igitur
1763 1322 1884 1356 philoso-

1100 1365 1169 1399 phus
1197 1366 1241 1392 ille
1267 1365 1396 1394 Basiliam
1414 1367 1585 1401 vituperabat
1607 1375 1639 1394 eo
1662 1368 1733 1402 quod
1752 1367 1883 1401 Spiritum

1100 1416 1222 1439 sanciunt
1246 1411 1329 1439 Deum
1348 1420 1400 1440 non
1428 1413 1594 1448 appellasset
1623 1414 1827 1446 concionando;
1852 1422 1885 1442 ac

1098 1457 1180 1484 veluti
1195 1465 1209 1484 a
1226 1458 1340 1486 veritate
1355 1459 1514 1492 declinaret,
1533 1467 1647 1494 eamque
1675 1460 1783 1494 politlce
1799 1462 1884 1495 magis

1098 1511 1178 1538 quam
1194 1504 1236 1538 pie
1247 1505 1415 1539 praedicaret.
1428 1505 1520 1533 Basilii
1540 1510 1631 1539 partes
1645 1512 1754 1534 strenue
1765 1507 1885 1535 defendit

1060 1554 1082 1583 α
1099 1549 1257 1583 Gregorius,
1277 1558 1428 1585 causasque
1446 1551 1564 1578 reddidit
1590 1559 1639 1579 cur
1667 1552 1799 1586 Spiritum
1816 1560 1881 1580 san-

1099 1598 1171 1621 ctum
1185 1602 1312 1629 expresse
1325 1600 1353 1623 et
1361 1596 1448 1631 palam
1463 1596 1545 1624 Deum
1562 1605 1615 1624 non
1628 1598 1728 1625 diceret
1741 1606 1748 1631 ;
1759 1599 1883 1633 quamvis

1097 1648 1158 1668 eum
1174 1648 1236 1669 esse
1251 1641 1346 1674 Deum,
1363 1649 1416 1670 non
1433 1650 1512 1671 secus
1525 1651 1556 1671 ac
1571 1644 1678 1676 Filium,
1692 1646 1831 1677 crederet,
1851 1652 1884 1672 ac

1096 1687 1186 1714 verbis
1202 1686 1283 1714 etiarn
1302 1689 1467 1720 ostenderet,
1494 1689 1620 1716 nimirum
1640 1689 1666 1716 in
1693 1689 1797 1717 insidiis
1821 1698 1882 1718 esse

1096 1732 1247 1766 haereticos,
1266 1733 1442 1761 observantes
1465 1735 1487 1761 si
1506 1742 1586 1769 quam
1603 1743 1635 1762 ex
1649 1735 1706 1770 ejus
1718 1743 1765 1763 ore
1781 1737 1881 1764 nudam

1095 1785 1188 1804 vocem
1199 1782 1307 1813 possent
1321 1779 1453 1814 arripere,
1463 1784 1491 1806 ιιι
1500 1787 1532 1807 eo
1542 1780 1628 1814 eiecto
1637 1781 1784 1809 Ecclesiam
1798 1790 1881 1810 occu-

1095 1828 1207 1856 parent,
1228 1829 1394 1859 cmterasque
1412 1825 1547 1853 Ecelcsias
1567 1827 1776 1861 popularentur;
1792 1829 1881 1864 itaque

1095 1869 1180 1897 satius
1191 1877 1251 1897 esse
1275 1877 1357 1897 unam
1379 1878 1484 1904 vocem,
1508 1873 1641 1899 sententia
1658 1873 1684 1900 in
1708 1878 1764 1901 tuto
1778 1876 1878 1909 posita,

1094 1915 1313 1950 praetermittere,
1341 1924 1423 1950 quam
1442 1917 1590 1946 Ecclesium
1612 1919 1639 1946 in
1667 1924 1771 1946 tantum
1784 1922 1880 1948 discri-

1094 1967 1154 1986 men
1173 1960 1316 1988 adducere.
1337 1960 1589 1995 Temperamcntum
1606 1964 1689 1998 istud,
1714 1967 1785 2000 quod
1814 1975 1877 2002 pro-

1093 2005 1167 2033 bavit
1189 2010 1282 2041 postea
1304 2006 1416 2041 Magnus
1440 2008 1616 2043 Athanasius,
1636 2011 1668 2038 iis
1695 2012 1740 2045 qui
1766 2013 1879 2040 aderant

1093 2051 1240 2086 displicuit,
1263 2052 1405 2087 ipsumque
1430 2053 1592 2088 Gregorium
1619 2058 1784 2085 clamoribus
1804 2059 1877 2086 inse-

1092 2097 1156 2124 ctati
1173 2102 1244 2131 sunt,
1259 2102 1289 2125 ut
1303 2098 1416 2133 ignavia:
1435 2101 1520 2135 magis
1535 2109 1615 2136 quam
1642 2110 1714 2130 sana:
1743 2103 1877 2133 doctrina

1093 2143 1291 2171 consulentem.

1092 2197 1148 2228 CX.
1161 2198 1227 2226 CXL
1240 2199 1380 2241 Gregorius
1398 2201 1497 2229 Basilio
1511 2205 1713 2232 controversiam
1725 2207 1781 2241 ejus
1795 2215 1877 2236 tanta

1129 2240 1273 2276 susceptam
1289 2236 1431 2276 signiﬁcat,
1444 2246 1547 2276 _ro_qans
1562 2245 1588 2265 ut
1606 2241 1659 2273 ipse
1671 2236 1761 2268 (lacent
1777 2251 1876 2276 quous-

1128 2277 1178 2310 que
1189 2270 1267 2310 licent
1277 2272 1313 2310 uti
1324 2273 1476 2310 (emugiunt,
1484 2270 1520 2310 ut
1531 2270 1735 2310 contradicentes
1745 2270 1825 2310 [misit
1836 2287 1876 2305 re.

1127 2304 1229 2346 pellere:
1245 2304 1390 2346 Epistulam
1402 2305 1521 2342 Gregorii
1535 2309 1650 2344 pejorem
1663 2311 1691 2338 in
1706 2304 1807 2346 pai'tem
1825 2304 1871 2340 ac-

1127 2339 1189 2373 cipit
1204 2339 1332 2368 Basilius.

1129 2396 1203 2424 Datis
1229 2397 1263 2424 ad
1290 2397 1418 2427 Basilium
1436 2400 1546 2435 litteris,
1575 2409 1631 2430 rem
1648 2407 1731 2431 totam
1754 2406 1876 2433 narravit

1091 2442 1248 2478 Gregorius,
1266 2451 1364 2480 rogans
1377 2451 1406 2473 ut
1419 2447 1527 2474 doceret
1543 2455 1684 2483 quousque
1709 2451 1735 2477 in
1756 2451 1875 2485 disputa-

1091 2489 1163 2516 tione
1178 2489 1211 2517 de
1226 2488 1344 2524 Spiritus
1356 2491 1443 2518 sancti
1456 2492 1597 2520 divinitate
1609 2495 1744 2529 progredi,
1753 2503 1875 2531 quasque

1091 2541 1172 2562 voces
1188 2543 1328 2570 usurpare,
1347 2541 1375 2563 et
1387 2544 1528 2573 quousque
1540 2541 1690 2567 meonomia
1707 2542 1745 2568 uti
1759 2541 1873 2575 liceret;

1091 2581 1162 2609 haud
1181 2582 1306 2616 equidem
1319 2590 1367 2610 sua
1381 2590 1476 2617 causa,
1496 2586 1542 2619 qui
1557 2586 1678 2614 onmium
1692 2592 1766 2615 esset
1780 2588 1874 2616 miser-

1090 2627 1175 2656 rimus
1186 2634 1213 2656 et
1226 2628 1428 2664 stolidissimus,
1445 2631 1467 2658 si
1483 2631 1624 2660 dubitaret
1644 2633 1679 2661 de
1695 2633 1787 2662 Basilii
1810 2642 1873 2662 sen-

1089 2673 1183 2707 tentia,
1208 2674 1257 2701 sed
1274 2680 1304 2701 ut
1331 2676 1580 2706 contradicentibus
1606 2679 1793 2715 responderet.
1819 2679 1875 2708 llas

1088 2717 1211 2752 Gregorii
1227 2719 1342 2753 litteras,
1373 2723 1479 2750 tametsi
1505 2723 1627 2751 adhibita
1651 2725 1777 2753 cautione
1791 2733 1872 2760 quam

1089 2764 1218 2796 maxima,
1231 2765 1412 2801 ontnibusque
1427 2768 1537 2797 honoris
1555 2775 1636 2805 atque
1650 2772 1750 2799 amoris
1766 2772 1871 2807 signiti-

1089 2807 1242 2837 cationibus
1258 2810 1384 2846 refertas,
1397 2813 1516 2848 peiorem
1533 2815 1560 2843 in
1579 2821 1681 2851 partem
1696 2817 1799 2853 accepit
1821 2817 1874 2845 Ba-

285 2862 324 2899 (α)
338 2863 384 2893 Or.
403 2865 448 2897 i2.
464 2867 559 2896 n.5cl
572 2868 599 2897 6.
619 2861 628 2906 ξ
651 2869 731 2906 (ων.
748 2870 810 2900 525.
849 2871 882 2908 (ε)
897 2871 981 2908 Epist.
996 2873 1031 2901 al.
1047 2874 1091 2902 42.
