  <div class='ocr_page' id='page_1' title='image "/cluster/home/n/w/nwhite01/storage/ocr_20150623/35/njp.32101077772554/112.png"; bbox 0 0 2055 3130; ppageno 0'>
   <div class='ocr_carea' id='block_1_1' title="bbox 179 195 234 222">
    <p class='ocr_par' dir='ltr' id='par_1_1' title="bbox 179 195 234 222">
     <span class='ocr_line' id='line_1_1' title="bbox 179 195 234 222; baseline 0 -1"><span class='ocrx_word' id='word_1_1' title='bbox 179 195 234 222; x_wconf 70' lang='lat'><strong>205</strong></span> 
     </span>
    </p>
   </div>
   <div class='ocr_carea' id='block_1_2' title="bbox 837 189 1160 218">
    <p class='ocr_par' dir='ltr' id='par_1_2' title="bbox 837 189 1160 218">
     <span class='ocr_line' id='line_1_2' title="bbox 837 189 1160 218; baseline 0.006 -2"><span class='ocrx_word' id='word_1_2' title='bbox 837 190 913 217; x_wconf 64' lang='lat' dir='ltr'><strong>VITA</strong></span> <span class='ocrx_word' id='word_1_3' title='bbox 935 189 963 217; x_wconf 89' lang='lat' dir='ltr'><strong>S.</strong></span> <span class='ocrx_word' id='word_1_4' title='bbox 984 189 1160 218; x_wconf 74' lang='lat' dir='ltr'><strong>GHEGORII.</strong></span> 
     </span>
    </p>
   </div>
   <div class='ocr_carea' id='block_1_3' title="bbox 1747 193 1802 222">
    <p class='ocr_par' dir='ltr' id='par_1_3' title="bbox 1747 193 1802 222">
     <span class='ocr_line' id='line_1_3' title="bbox 1747 193 1802 222; baseline 0.036 -2"><span class='ocrx_word' id='word_1_5' title='bbox 1747 193 1802 222; x_wconf 73' lang='grc'><strong>200</strong></span> 
     </span>
    </p>
   </div>
   <div class='ocr_carea' id='block_1_4' title="bbox 180 247 1808 285">
    <p class='ocr_par' dir='ltr' id='par_1_4' title="bbox 180 247 1808 285">
     <span class='ocr_line' id='line_1_4' title="bbox 180 247 1808 285; baseline 0 -7"><span class='ocrx_word' id='word_1_6' title='bbox 180 251 272 282; x_wconf 81' lang='lat' dir='ltr'><strong>silius;</strong></span> <span class='ocrx_word' id='word_1_7' title='bbox 286 248 330 283; x_wconf 86' lang='lat' dir='ltr'><strong>qui</strong></span> <span class='ocrx_word' id='word_1_8' title='bbox 347 247 428 276; x_wconf 85' lang='lat' dir='ltr'><strong>etiam</strong></span> <span class='ocrx_word' id='word_1_9' title='bbox 446 247 575 282; x_wconf 74' lang='lat' dir='ltr'><strong>Gregorio</strong></span> <span class='ocrx_word' id='word_1_10' title='bbox 587 247 761 281; x_wconf 89' lang='lat' dir='ltr'><strong>respondens,</strong></span> <span class='ocrx_word' id='word_1_11' title='bbox 776 247 871 274; x_wconf 88' lang='lat' dir='ltr'><strong>mirari</strong></span> <span class='ocrx_word' id='word_1_12' title='bbox 881 255 910 274; x_wconf 88' lang='lat' dir='ltr'><strong>se</strong></span> <span class='ocrx_word' id='word_1_13' title='bbox 920 248 967 278; x_wconf 86' lang='lat' dir='ltr'><strong>ait,</strong></span> <span class='ocrx_word' id='word_1_14' title='bbox 985 249 1006 276; x_wconf 86' lang='lat' dir='ltr'><strong>A</strong></span> <span class='ocrx_word' id='word_1_15' title='bbox 1018 257 1031 273; x_wconf 64' lang='lat'><strong>1</strong></span> <span class='ocrx_word' id='word_1_16' title='bbox 1045 247 1096 275; x_wconf 86' lang='lat' dir='ltr'><strong>Sed</strong></span> <span class='ocrx_word' id='word_1_17' title='bbox 1109 256 1160 275; x_wconf 91' lang='lat' dir='ltr'><strong>non</strong></span> <span class='ocrx_word' id='word_1_18' title='bbox 1173 247 1261 281; x_wconf 88' lang='lat' dir='ltr'><strong>video,</strong></span> <span class='ocrx_word' id='word_1_19' title='bbox 1275 247 1371 282; x_wconf 90' lang='lat' dir='ltr'><strong>inquit,</strong></span> <span class='ocrx_word' id='word_1_20' title='bbox 1383 255 1433 276; x_wconf 90' lang='lat' dir='ltr'><strong>cur</strong></span> <span class='ocrx_word' id='word_1_21' title='bbox 1448 247 1565 276; x_wconf 84' lang='lat' dir='ltr'><strong>Basilius</strong></span> <span class='ocrx_word' id='word_1_22' title='bbox 1576 249 1657 276; x_wconf 89' lang='lat' dir='ltr'><strong>etiam</strong></span> <span class='ocrx_word' id='word_1_23' title='bbox 1675 254 1736 285; x_wconf 88' lang='lat' dir='ltr'><strong>post</strong></span> <span class='ocrx_word' id='word_1_24' title='bbox 1749 256 1808 278; x_wconf 89' lang='lat' dir='ltr'><strong>tur-</strong></span> 
     </span>
    </p>
   </div>
   <div class='ocr_carea' id='block_1_5' title="bbox 180 292 970 329">
    <p class='ocr_par' dir='ltr' id='par_1_5' title="bbox 180 292 970 329">
     <span class='ocr_line' id='line_1_5' title="bbox 180 292 970 329; baseline -0.004 -6"><span class='ocrx_word' id='word_1_25' title='bbox 180 304 234 323; x_wconf 88' lang='lat' dir='ltr'><strong>non</strong></span> <span class='ocrx_word' id='word_1_26' title='bbox 243 295 313 329; x_wconf 88' lang='lat' dir='ltr'><strong>quod</strong></span> <span class='ocrx_word' id='word_1_27' title='bbox 322 295 469 321; x_wconf 77' lang='lat' dir='ltr'><strong>monachus</strong></span> <span class='ocrx_word' id='word_1_28' title='bbox 479 293 530 320; x_wconf 89' lang='lat' dir='ltr'><strong>hoc</strong></span> <span class='ocrx_word' id='word_1_29' title='bbox 537 293 658 324; x_wconf 77' lang='lat' dir='ltr'><strong>dixisset,</strong></span> <span class='ocrx_word' id='word_1_30' title='bbox 665 293 710 320; x_wconf 89' lang='lat' dir='ltr'><strong>sed</strong></span> <span class='ocrx_word' id='word_1_31' title='bbox 717 292 788 328; x_wconf 87' lang='lat' dir='ltr'><strong>quod</strong></span> <span class='ocrx_word' id='word_1_32' title='bbox 799 293 970 327; x_wconf 82' lang='lat' dir='ltr'><strong>germanissi-</strong></span> 
     </span>
    </p>
   </div>
   <div class='ocr_carea' id='block_1_6' title="bbox 180 339 969 370">
    <p class='ocr_par' dir='ltr' id='par_1_6' title="bbox 180 339 969 370">
     <span class='ocr_line' id='line_1_6' title="bbox 180 339 969 370; baseline -0.001 -3"><span class='ocrx_word' id='word_1_33' title='bbox 180 349 238 368; x_wconf 88' lang='lat' dir='ltr'><strong>mos</strong></span> <span class='ocrx_word' id='word_1_34' title='bbox 254 348 316 367; x_wconf 91' lang='lat' dir='ltr'><strong>suos</strong></span> <span class='ocrx_word' id='word_1_35' title='bbox 328 340 436 370; x_wconf 80' lang='lat' dir='ltr'><strong>fratres,</strong></span> <span class='ocrx_word' id='word_1_36' title='bbox 453 346 515 366; x_wconf 86' lang='lat' dir='ltr'><strong>suos</strong></span> <span class='ocrx_word' id='word_1_37' title='bbox 526 344 552 366; x_wconf 91' lang='lat' dir='ltr'><strong>et</strong></span> <span class='ocrx_word' id='word_1_38' title='bbox 570 339 671 366; x_wconf 84' lang='lat' dir='ltr'><strong>amicos</strong></span> <span class='ocrx_word' id='word_1_39' title='bbox 681 339 817 366; x_wconf 75' lang='lat' dir='ltr'><strong>auditores</strong></span> <span class='ocrx_word' id='word_1_40' title='bbox 830 339 969 366; x_wconf 87' lang='lat' dir='ltr'><strong>habuisset</strong></span> 
     </span>
    </p>
   </div>
   <div class='ocr_carea' id='block_1_7' title="bbox 180 385 967 420">
    <p class='ocr_par' dir='ltr' id='par_1_7' title="bbox 180 385 967 420">
     <span class='ocr_line' id='line_1_7' title="bbox 180 385 967 420; baseline 0 -8"><span class='ocrx_word' id='word_1_41' title='bbox 180 395 211 412; x_wconf 88' lang='lat' dir='ltr'><strong>ac</strong></span> <span class='ocrx_word' id='word_1_42' title='bbox 228 386 385 420; x_wconf 78' lang='lat' dir='ltr'><strong>discipulos.</strong></span> <span class='ocrx_word' id='word_1_43' title='bbox 414 385 463 412; x_wconf 88' lang='lat' dir='ltr'><strong>llis</strong></span> <span class='ocrx_word' id='word_1_44' title='bbox 490 385 652 420; x_wconf 79' lang='lat' dir='ltr'><strong>respondere</strong></span> <span class='ocrx_word' id='word_1_45' title='bbox 669 385 840 420; x_wconf 71' lang='lat' dir='ltr'><strong>dedignatur,</strong></span> <span class='ocrx_word' id='word_1_46' title='bbox 866 391 967 413; x_wconf 88' lang='lat' dir='ltr'><strong>etcum</strong></span> 
     </span>
    </p>
   </div>
   <div class='ocr_carea' id='block_1_8' title="bbox 179 431 966 466">
    <p class='ocr_par' dir='ltr' id='par_1_8' title="bbox 179 431 966 466">
     <span class='ocr_line' id='line_1_8' title="bbox 179 431 966 466; baseline -0.001 -7"><span class='ocrx_word' id='word_1_47' title='bbox 179 431 309 465; x_wconf 69' lang='lat' dir='ltr'><strong>Gregorio</strong></span> <span class='ocrx_word' id='word_1_48' title='bbox 323 431 487 466; x_wconf 77' lang='lat' dir='ltr'><strong>expostulat,</strong></span> <span class='ocrx_word' id='word_1_49' title='bbox 498 431 568 466; x_wconf 88' lang='lat' dir='ltr'><strong>quod</strong></span> <span class='ocrx_word' id='word_1_50' title='bbox 583 431 616 458; x_wconf 90' lang='lat' dir='ltr'><strong>ad</strong></span> <span class='ocrx_word' id='word_1_51' title='bbox 634 438 724 458; x_wconf 87' lang='lat' dir='ltr'><strong>senon</strong></span> <span class='ocrx_word' id='word_1_52' title='bbox 741 431 848 464; x_wconf 86' lang='lat' dir='ltr'><strong>veniat;</strong></span> <span class='ocrx_word' id='word_1_53' title='bbox 864 431 966 458; x_wconf 91' lang='lat' dir='ltr'><strong>aditum</strong></span> 
     </span>
    </p>
   </div>
   <div class='ocr_carea' id='block_1_9' title="bbox 179 477 962 512">
    <p class='ocr_par' dir='ltr' id='par_1_9' title="bbox 179 477 962 512">
     <span class='ocr_line' id='line_1_9' title="bbox 179 477 962 512; baseline -0.001 -7"><span class='ocrx_word' id='word_1_54' title='bbox 179 478 250 506; x_wconf 89' lang='lat' dir='ltr'><strong>enim</strong></span> <span class='ocrx_word' id='word_1_55' title='bbox 275 485 329 504; x_wconf 91' lang='lat' dir='ltr'><strong>non</strong></span> <span class='ocrx_word' id='word_1_56' title='bbox 358 478 497 504; x_wconf 84' lang='lat' dir='ltr'><strong>habituras</strong></span> <span class='ocrx_word' id='word_1_57' title='bbox 516 477 680 508; x_wconf 84' lang='lat' dir='ltr'><strong>calumnias,</strong></span> <span class='ocrx_word' id='word_1_58' title='bbox 704 477 726 504; x_wconf 88' lang='lat' dir='ltr'><strong>si</strong></span> <span class='ocrx_word' id='word_1_59' title='bbox 754 485 878 512; x_wconf 83' lang='lat' dir='ltr'><strong>magnam</strong></span> <span class='ocrx_word' id='word_1_60' title='bbox 898 478 962 504; x_wconf 89' lang='lat' dir='ltr'><strong>anni</strong></span> 
     </span>
    </p>
   </div>
   <div class='ocr_carea' id='block_1_10' title="bbox 179 523 967 559">
    <p class='ocr_par' dir='ltr' id='par_1_10' title="bbox 179 523 967 559">
     <span class='ocr_line' id='line_1_10' title="bbox 179 523 967 559; baseline 0.001 -10"><span class='ocrx_word' id='word_1_61' title='bbox 179 529 282 559; x_wconf 81' lang='lat' dir='ltr'><strong>partem</strong></span> <span class='ocrx_word' id='word_1_62' title='bbox 299 523 379 551; x_wconf 85' lang='lat' dir='ltr'><strong>simul</strong></span> <span class='ocrx_word' id='word_1_63' title='bbox 395 525 580 550; x_wconf 88' lang='lat' dir='ltr'><strong>traducerent.</strong></span> <span class='ocrx_word' id='word_1_64' title='bbox 599 523 705 556; x_wconf 80' lang='lat' dir='ltr'><strong>Quanto</strong></span> <span class='ocrx_word' id='word_1_65' title='bbox 722 523 748 550; x_wconf 90' lang='lat' dir='ltr'><strong>in</strong></span> <span class='ocrx_word' id='word_1_66' title='bbox 765 524 867 550; x_wconf 86' lang='lat' dir='ltr'><strong>honore</strong></span> <span class='ocrx_word' id='word_1_67' title='bbox 893 529 967 552; x_wconf 91' lang='lat' dir='ltr'><strong>esset</strong></span> 
     </span>
    </p>
   </div>
   <div class='ocr_carea' id='block_1_11' title="bbox 179 569 965 605">
    <p class='ocr_par' dir='ltr' id='par_1_11' title="bbox 179 569 965 605">
     <span class='ocr_line' id='line_1_11' title="bbox 179 569 965 605; baseline -0.001 -8"><span class='ocrx_word' id='word_1_68' title='bbox 179 571 249 605; x_wconf 82' lang='lat' dir='ltr'><strong>apud</strong></span> <span class='ocrx_word' id='word_1_69' title='bbox 263 570 393 597; x_wconf 83' lang='lat' dir='ltr'><strong>Basilium</strong></span> <span class='ocrx_word' id='word_1_70' title='bbox 406 569 553 604; x_wconf 81' lang='lat' dir='ltr'><strong>Gregorius</strong></span> <span class='ocrx_word' id='word_1_71' title='bbox 575 577 606 596; x_wconf 78' lang='lat' dir='ltr'><strong>ex</strong></span> <span class='ocrx_word' id='word_1_72' title='bbox 622 569 673 596; x_wconf 86' lang='lat' dir='ltr'><strong>hac</strong></span> <span class='ocrx_word' id='word_1_73' title='bbox 687 569 886 604; x_wconf 77' lang='lat' dir='ltr'><strong>perhonorifica</strong></span> <span class='ocrx_word' id='word_1_74' title='bbox 905 578 965 598; x_wconf 88' lang='lat' dir='ltr'><strong>eum</strong></span> 
     </span>
    </p>
   </div>
   <div class='ocr_carea' id='block_1_12' title="bbox 180 615 966 650">
    <p class='ocr_par' dir='ltr' id='par_1_12' title="bbox 180 615 966 650">
     <span class='ocr_line' id='line_1_12' title="bbox 180 615 966 650; baseline -0.001 -7"><span class='ocrx_word' id='word_1_75' title='bbox 180 616 312 643; x_wconf 88' lang='lat' dir='ltr'><strong>invitandi</strong></span> <span class='ocrx_word' id='word_1_76' title='bbox 332 616 436 642; x_wconf 91' lang='lat' dir='ltr'><strong>ratione</strong></span> <span class='ocrx_word' id='word_1_77' title='bbox 451 615 536 650; x_wconf 85' lang='lat' dir='ltr'><strong>liquet</strong></span> <span class='ocrx_word' id='word_1_78' title='bbox 556 624 562 642; x_wconf 90' lang='lat'>:</span> <span class='ocrx_word' id='word_1_79' title='bbox 584 624 592 640; x_wconf 79' lang='grc' dir='ltr'>ι</span> <span class='ocrx_word' id='word_1_80' title='bbox 614 615 641 642; x_wconf 83' lang='lat' dir='ltr'><strong>Si</strong></span> <span class='ocrx_word' id='word_1_81' title='bbox 667 615 740 642; x_wconf 91' lang='lat' dir='ltr'><strong>cnim</strong></span> <span class='ocrx_word' id='word_1_82' title='bbox 767 620 869 642; x_wconf 89' lang='lat' dir='ltr'><strong>tanttnn</strong></span> <span class='ocrx_word' id='word_1_83' title='bbox 884 623 966 650; x_wconf 87' lang='lat' dir='ltr'><strong>appa-</strong></span> 
     </span>
    </p>
   </div>
   <div class='ocr_carea' id='block_1_13' title="bbox 180 661 965 696">
    <p class='ocr_par' dir='ltr' id='par_1_13' title="bbox 180 661 965 696">
     <span class='ocr_line' id='line_1_13' title="bbox 180 661 965 696; baseline -0.001 -7"><span class='ocrx_word' id='word_1_84' title='bbox 180 669 250 694; x_wconf 86' lang='lat' dir='ltr'><strong>reas,</strong></span> <span class='ocrx_word' id='word_1_85' title='bbox 270 661 365 696; x_wconf 87' lang='lat' dir='ltr'><strong>inquit,</strong></span> <span class='ocrx_word' id='word_1_86' title='bbox 382 661 533 696; x_wconf 89' lang='lat' dir='ltr'><strong>supprimes</strong></span> <span class='ocrx_word' id='word_1_87' title='bbox 551 661 634 696; x_wconf 80' lang='lat' dir='ltr'><strong>ipsius</strong></span> <span class='ocrx_word' id='word_1_88' title='bbox 646 662 786 696; x_wconf 83' lang='lat' dir='ltr'><strong>impetum,</strong></span> <span class='ocrx_word' id='word_1_89' title='bbox 803 669 904 696; x_wconf 85' lang='lat' dir='ltr'><strong>eosque</strong></span> <span class='ocrx_word' id='word_1_90' title='bbox 920 661 965 695; x_wconf 92' lang='lat' dir='ltr'><strong>qui</strong></span> 
     </span>
    </p>
   </div>
   <div class='ocr_carea' id='block_1_14' title="bbox 179 707 962 742">
    <p class='ocr_par' dir='ltr' id='par_1_14' title="bbox 179 707 962 742">
     <span class='ocr_line' id='line_1_14' title="bbox 179 707 962 742; baseline 0.001 -8"><span class='ocrx_word' id='word_1_91' title='bbox 179 709 211 734; x_wconf 86' lang='lat' dir='ltr'><strong>ad</strong></span> <span class='ocrx_word' id='word_1_92' title='bbox 226 708 318 742; x_wconf 69' lang='lat' dir='ltr'><strong>patriae</strong></span> <span class='ocrx_word' id='word_1_93' title='bbox 337 715 378 734; x_wconf 89' lang='lat' dir='ltr'><strong>res</strong></span> <span class='ocrx_word' id='word_1_94' title='bbox 395 707 557 734; x_wconf 76' lang='lat' dir='ltr'><strong>evertendas</strong></span> <span class='ocrx_word' id='word_1_95' title='bbox 579 707 736 742; x_wconf 90' lang='lat' dir='ltr'><strong>conspirant</strong></span> <span class='ocrx_word' id='word_1_96' title='bbox 749 707 904 742; x_wconf 84' lang='lat' dir='ltr'><strong>dissipabis,</strong></span> <span class='ocrx_word' id='word_1_97' title='bbox 919 708 962 735; x_wconf 88' lang='lat' dir='ltr'><strong>ubi</strong></span> 
     </span>
    </p>
   </div>
   <div class='ocr_carea' id='block_1_15' title="bbox 179 753 964 790">
    <p class='ocr_par' dir='ltr' id='par_1_15' title="bbox 179 753 964 790">
     <span class='ocr_line' id='line_1_15' title="bbox 179 753 964 790; baseline 0.001 -8"><span class='ocrx_word' id='word_1_98' title='bbox 179 755 244 790; x_wconf 85' lang='lat' dir='ltr'><strong>ipsis</strong></span> <span class='ocrx_word' id='word_1_99' title='bbox 261 760 353 782; x_wconf 91' lang='lat' dir='ltr'><strong>uotum</strong></span> <span class='ocrx_word' id='word_1_100' title='bbox 371 753 452 782; x_wconf 82' lang='lat' dir='ltr'><strong>fuerit</strong></span> <span class='ocrx_word' id='word_1_101' title='bbox 467 759 492 782; x_wconf 90' lang='lat' dir='ltr'><strong>te</strong></span> <span class='ocrx_word' id='word_1_102' title='bbox 506 754 553 782; x_wconf 93' lang='lat' dir='ltr'><strong>Dei</strong></span> <span class='ocrx_word' id='word_1_103' title='bbox 565 754 655 789; x_wconf 79' lang='lat' dir='ltr'><strong>gratia</strong></span> <span class='ocrx_word' id='word_1_104' title='bbox 670 755 754 782; x_wconf 87' lang='lat' dir='ltr'><strong>nostri</strong></span> <span class='ocrx_word' id='word_1_105' title='bbox 764 761 854 783; x_wconf 85' lang='lat' dir='ltr'><strong>ecetus</strong></span> <span class='ocrx_word' id='word_1_106' title='bbox 870 755 964 783; x_wconf 85' lang='lat' dir='ltr'><strong>ducem</strong></span> 
     </span>
    </p>
   </div>
   <div class='ocr_carea' id='block_1_16' title="bbox 178 797 395 831">
    <p class='ocr_par' dir='ltr' id='par_1_16' title="bbox 178 797 395 831">
     <span class='ocr_line' id='line_1_16' title="bbox 178 797 395 831; baseline -0.009 -3"><span class='ocrx_word' id='word_1_107' title='bbox 178 809 245 831; x_wconf 85' lang='lat' dir='ltr'><strong>esse.</strong></span> <span class='ocrx_word' id='word_1_108' title='bbox 269 810 279 826; x_wconf 75' lang='grc' dir='ltr'><strong><em>ι</em></strong></span> <span class='ocrx_word' id='word_1_109' title='bbox 297 805 349 827; x_wconf 88' lang='lat' dir='ltr'><strong>etc.</strong></span> <span class='ocrx_word' id='word_1_110' title='bbox 393 797 395 799; x_wconf 75' lang='grc'><strong>’</strong></span> 
     </span>
    </p>
   </div>
   <div class='ocr_carea' id='block_1_17' title="bbox 177 856 965 891">
    <p class='ocr_par' dir='ltr' id='par_1_17' title="bbox 177 856 965 891">
     <span class='ocr_line' id='line_1_17' title="bbox 177 856 965 891; baseline -0.003 -6"><span class='ocrx_word' id='word_1_111' title='bbox 177 857 256 885; x_wconf 78' lang='lat' dir='ltr'><strong>CXII.</strong></span> <span class='ocrx_word' id='word_1_112' title='bbox 277 857 419 891; x_wconf 74' lang='lat' dir='ltr'><strong>Gregorius</strong></span> <span class='ocrx_word' id='word_1_113' title='bbox 431 856 534 884; x_wconf 71' lang='lat' dir='ltr'><strong>Basilio</strong></span> <span class='ocrx_word' id='word_1_114' title='bbox 548 856 639 884; x_wconf 76' lang='lat' dir='ltr'><strong>scribit</strong></span> <span class='ocrx_word' id='word_1_115' title='bbox 654 864 713 884; x_wconf 78' lang='lat' dir='ltr'><strong>eum</strong></span> <span class='ocrx_word' id='word_1_116' title='bbox 726 857 856 884; x_wconf 82' lang='lat' dir='ltr'><strong>immerito</strong></span> <span class='ocrx_word' id='word_1_117' title='bbox 870 857 965 884; x_wconf 82' lang='lat' dir='ltr'><strong>lilleris</strong></span> 
     </span>
    </p>
   </div>
   <div class='ocr_carea' id='block_1_18' title="bbox 471 893 678 926">
    <p class='ocr_par' dir='ltr' id='par_1_18' title="bbox 471 893 678 926">
     <span class='ocr_line' id='line_1_18' title="bbox 471 893 678 926; baseline 0.005 -8"><span class='ocrx_word' id='word_1_118' title='bbox 471 893 526 918; x_wconf 80' lang='lat' dir='ltr'><strong>sitis</strong></span> <span class='ocrx_word' id='word_1_119' title='bbox 542 893 678 926; x_wconf 76' lang='lat' dir='ltr'><strong>o/fensum.</strong></span> 
     </span>
    </p>
   </div>
   <div class='ocr_carea' id='block_1_19' title="bbox 212 937 964 973">
    <p class='ocr_par' dir='ltr' id='par_1_19' title="bbox 212 937 964 973">
     <span class='ocr_line' id='line_1_19' title="bbox 212 937 964 973; baseline 0.001 -8"><span class='ocrx_word' id='word_1_120' title='bbox 212 938 312 965; x_wconf 86' lang='lat' dir='ltr'><strong>Basilio</strong></span> <span class='ocrx_word' id='word_1_121' title='bbox 341 938 481 972; x_wconf 83' lang='lat' dir='ltr'><strong>rescripsit</strong></span> <span class='ocrx_word' id='word_1_122' title='bbox 510 937 677 973; x_wconf 81' lang='lat' dir='ltr'><strong>Gregorius,</strong></span> <span class='ocrx_word' id='word_1_123' title='bbox 709 938 796 972; x_wconf 89' lang='lat' dir='ltr'><strong>ipsum</strong></span> <span class='ocrx_word' id='word_1_124' title='bbox 829 938 964 966; x_wconf 90' lang='lat' dir='ltr'><strong>immerito</strong></span> 
     </span>
    </p>
   </div>
   <div class='ocr_carea' id='block_1_20' title="bbox 176 983 962 1017">
    <p class='ocr_par' dir='ltr' id='par_1_20' title="bbox 176 983 962 1017">
     <span class='ocr_line' id='line_1_20' title="bbox 176 983 962 1017; baseline -0.001 -6"><span class='ocrx_word' id='word_1_125' title='bbox 176 983 307 1012; x_wconf 69' lang='lat' dir='ltr'><strong>offensum</strong></span> <span class='ocrx_word' id='word_1_126' title='bbox 332 983 416 1011; x_wconf 82' lang='lat' dir='ltr'><strong>fuisse</strong></span> <span class='ocrx_word' id='word_1_127' title='bbox 439 984 537 1011; x_wconf 83' lang='lat' dir='ltr'><strong>litteris</strong></span> <span class='ocrx_word' id='word_1_128' title='bbox 553 984 622 1017; x_wconf 88' lang='lat' dir='ltr'><strong>suis,</strong></span> <span class='ocrx_word' id='word_1_129' title='bbox 640 991 691 1010; x_wconf 92' lang='lat' dir='ltr'><strong>non</strong></span> <span class='ocrx_word' id='word_1_130' title='bbox 713 984 782 1010; x_wconf 89' lang='lat' dir='ltr'><strong>malo</strong></span> <span class='ocrx_word' id='word_1_131' title='bbox 795 988 822 1011; x_wconf 88' lang='lat' dir='ltr'><strong>et</strong></span> <span class='ocrx_word' id='word_1_132' title='bbox 839 983 962 1017; x_wconf 86' lang='lat' dir='ltr'><strong>subdolo,</strong></span> 
     </span>
    </p>
   </div>
   <div class='ocr_carea' id='block_1_21' title="bbox 177 1027 963 1063">
    <p class='ocr_par' dir='ltr' id='par_1_21' title="bbox 177 1027 963 1063">
     <span class='ocr_line' id='line_1_21' title="bbox 177 1027 963 1063; baseline -0.001 -7"><span class='ocrx_word' id='word_1_133' title='bbox 177 1029 223 1056; x_wconf 82' lang='lat' dir='ltr'><strong>sed</strong></span> <span class='ocrx_word' id='word_1_134' title='bbox 249 1029 363 1063; x_wconf 89' lang='lat' dir='ltr'><strong>simplici</strong></span> <span class='ocrx_word' id='word_1_135' title='bbox 377 1029 476 1059; x_wconf 85' lang='lat' dir='ltr'><strong>animo,</strong></span> <span class='ocrx_word' id='word_1_136' title='bbox 491 1032 518 1055; x_wconf 90' lang='lat' dir='ltr'><strong>et</strong></span> <span class='ocrx_word' id='word_1_137' title='bbox 534 1035 565 1056; x_wconf 92' lang='lat' dir='ltr'><strong>ea</strong></span> <span class='ocrx_word' id='word_1_138' title='bbox 583 1035 635 1063; x_wconf 85' lang='lat' dir='ltr'><strong>qua</strong></span> <span class='ocrx_word' id='word_1_139' title='bbox 655 1027 759 1055; x_wconf 86' lang='lat' dir='ltr'><strong>solebat</strong></span> <span class='ocrx_word' id='word_1_140' title='bbox 777 1028 963 1056; x_wconf 81' lang='lat' dir='ltr'><strong>benevolentia</strong></span> 
     </span>
    </p>
   </div>
   <div class='ocr_carea' id='block_1_22' title="bbox 178 1073 965 1109">
    <p class='ocr_par' dir='ltr' id='par_1_22' title="bbox 178 1073 965 1109">
     <span class='ocr_line' id='line_1_22' title="bbox 178 1073 965 1109; baseline 0 -8"><span class='ocrx_word' id='word_1_141' title='bbox 178 1074 305 1108; x_wconf 86' lang='lat' dir='ltr'><strong>scriptis;</strong></span> <span class='ocrx_word' id='word_1_142' title='bbox 321 1081 437 1109; x_wconf 86' lang='lat' dir='ltr'><strong>eumque</strong></span> <span class='ocrx_word' id='word_1_143' title='bbox 455 1074 596 1101; x_wconf 89' lang='lat' dir='ltr'><strong>admonuit</strong></span> <span class='ocrx_word' id='word_1_144' title='bbox 609 1073 694 1100; x_wconf 83' lang='lat' dir='ltr'><strong>satius</strong></span> <span class='ocrx_word' id='word_1_145' title='bbox 710 1073 793 1101; x_wconf 78' lang='lat' dir='ltr'><strong>fuisse</strong></span> <span class='ocrx_word' id='word_1_146' title='bbox 817 1073 965 1102; x_wconf 90' lang='lat' dir='ltr'><strong>incommo-</strong></span> 
     </span>
    </p>
   </div>
   <div class='ocr_carea' id='block_1_23' title="bbox 177 1119 960 1154">
    <p class='ocr_par' dir='ltr' id='par_1_23' title="bbox 177 1119 960 1154">
     <span class='ocr_line' id='line_1_23' title="bbox 177 1119 960 1154; baseline 0.001 -8"><span class='ocrx_word' id='word_1_147' title='bbox 177 1120 219 1146; x_wconf 85' lang='lat' dir='ltr'><strong>dis</strong></span> <span class='ocrx_word' id='word_1_148' title='bbox 245 1120 404 1147; x_wconf 69' lang='lat' dir='ltr'><strong>medivinam</strong></span> <span class='ocrx_word' id='word_1_149' title='bbox 421 1119 528 1151; x_wconf 70' lang='lat' dir='ltr'><strong>afferre,</strong></span> <span class='ocrx_word' id='word_1_150' title='bbox 545 1127 625 1154; x_wconf 88' lang='lat' dir='ltr'><strong>quam</strong></span> <span class='ocrx_word' id='word_1_151' title='bbox 641 1119 783 1146; x_wconf 83' lang='lat' dir='ltr'><strong>consilium</strong></span> <span class='ocrx_word' id='word_1_152' title='bbox 801 1120 874 1147; x_wconf 85' lang='lat' dir='ltr'><strong>danti</strong></span> <span class='ocrx_word' id='word_1_153' title='bbox 896 1127 960 1147; x_wconf 89' lang='lat' dir='ltr'><strong>suc-</strong></span> 
     </span>
    </p>
   </div>
   <div class='ocr_carea' id='block_1_24' title="bbox 177 1165 965 1199">
    <p class='ocr_par' dir='ltr' id='par_1_24' title="bbox 177 1165 965 1199">
     <span class='ocr_line' id='line_1_24' title="bbox 177 1165 965 1199; baseline -0.001 -6"><span class='ocrx_word' id='word_1_154' title='bbox 177 1173 298 1193; x_wconf 86' lang='lat' dir='ltr'><strong>censere.</strong></span> <span class='ocrx_word' id='word_1_155' title='bbox 311 1166 443 1193; x_wconf 71' lang='lat' dir='ltr'><strong>Caeterum</strong></span> <span class='ocrx_word' id='word_1_156' title='bbox 455 1173 484 1192; x_wconf 90' lang='lat' dir='ltr'><strong>se</strong></span> <span class='ocrx_word' id='word_1_157' title='bbox 500 1169 642 1191; x_wconf 86' lang='lat' dir='ltr'><strong>venturum</strong></span> <span class='ocrx_word' id='word_1_158' title='bbox 655 1165 798 1199; x_wconf 88' lang='lat' dir='ltr'><strong>promittit,</strong></span> <span class='ocrx_word' id='word_1_159' title='bbox 817 1170 845 1192; x_wconf 89' lang='lat' dir='ltr'><strong>et</strong></span> <span class='ocrx_word' id='word_1_160' title='bbox 865 1165 965 1193; x_wconf 82' lang='lat' dir='ltr'><strong>Basilio</strong></span> 
     </span>
    </p>
   </div>
   <div class='ocr_carea' id='block_1_25' title="bbox 179 1210 964 1246">
    <p class='ocr_par' dir='ltr' id='par_1_25' title="bbox 179 1210 964 1246">
     <span class='ocr_line' id='line_1_25' title="bbox 179 1210 964 1246; baseline 0 -8"><span class='ocrx_word' id='word_1_161' title='bbox 179 1212 247 1239; x_wconf 82' lang='lat' dir='ltr'><strong>duce</strong></span> <span class='ocrx_word' id='word_1_162' title='bbox 262 1212 378 1239; x_wconf 85' lang='lat' dir='ltr'><strong>libenter</strong></span> <span class='ocrx_word' id='word_1_163' title='bbox 389 1211 599 1238; x_wconf 83' lang='lat' dir='ltr'><strong>dimicaturum:</strong></span> <span class='ocrx_word' id='word_1_164' title='bbox 612 1221 620 1236; x_wconf 84' lang='grc'><em>‹</em></span> <span class='ocrx_word' id='word_1_165' title='bbox 635 1210 700 1244; x_wconf 85' lang='lat' dir='ltr'><strong>Quis</strong></span> <span class='ocrx_word' id='word_1_166' title='bbox 711 1212 794 1244; x_wconf 85' lang='lat' dir='ltr'><strong>enim,</strong></span> <span class='ocrx_word' id='word_1_167' title='bbox 811 1211 896 1246; x_wconf 79' lang='lat' dir='ltr'><strong>inquit</strong></span> <span class='ocrx_word' id='word_1_168' title='bbox 913 1210 964 1246; x_wconf 90' lang='lat' dir='ltr'><strong>(a),</strong></span> 
     </span>
    </p>
   </div>
   <div class='ocr_carea' id='block_1_26' title="bbox 176 1255 966 1292">
    <p class='ocr_par' dir='ltr' id='par_1_26' title="bbox 176 1255 966 1292">
     <span class='ocr_line' id='line_1_26' title="bbox 176 1255 966 1292; baseline 0.001 -9"><span class='ocrx_word' id='word_1_169' title='bbox 176 1255 311 1292; x_wconf 75' lang='lat' dir='ltr'><strong>langueat,</strong></span> <span class='ocrx_word' id='word_1_170' title='bbox 328 1257 381 1284; x_wconf 87' lang='lat' dir='ltr'><strong>into</strong></span> <span class='ocrx_word' id='word_1_171' title='bbox 399 1257 460 1291; x_wconf 87' lang='lat' dir='ltr'><strong>quis</strong></span> <span class='ocrx_word' id='word_1_172' title='bbox 477 1263 530 1284; x_wconf 92' lang='lat' dir='ltr'><strong>n0n</strong></span> <span class='ocrx_word' id='word_1_173' title='bbox 543 1264 639 1291; x_wconf 79' lang='lat' dir='ltr'><strong>magno</strong></span> <span class='ocrx_word' id='word_1_174' title='bbox 656 1261 683 1284; x_wconf 82' lang='lat' dir='ltr'><strong>et</strong></span> <span class='ocrx_word' id='word_1_175' title='bbox 699 1256 788 1284; x_wconf 88' lang='lat' dir='ltr'><strong>lidettti</strong></span> <span class='ocrx_word' id='word_1_176' title='bbox 799 1256 966 1284; x_wconf 87' lang='lat' dir='ltr'><strong>animofutu-</strong></span> 
     </span>
    </p>
   </div>
   <div class='ocr_carea' id='block_1_27' title="bbox 179 1302 964 1338">
    <p class='ocr_par' dir='ltr' id='par_1_27' title="bbox 179 1302 964 1338">
     <span class='ocr_line' id='line_1_27' title="bbox 179 1302 964 1338; baseline 0.004 -10"><span class='ocrx_word' id='word_1_177' title='bbox 179 1309 225 1330; x_wconf 87' lang='lat' dir='ltr'><strong>rus</strong></span> <span class='ocrx_word' id='word_1_178' title='bbox 237 1303 282 1334; x_wconf 83' lang='lat' dir='ltr'><strong>sit,</strong></span> <span class='ocrx_word' id='word_1_179' title='bbox 297 1307 323 1329; x_wconf 90' lang='lat' dir='ltr'><strong>te</strong></span> <span class='ocrx_word' id='word_1_180' title='bbox 338 1302 405 1330; x_wconf 88' lang='lat' dir='ltr'><strong>duce</strong></span> <span class='ocrx_word' id='word_1_181' title='bbox 414 1310 445 1330; x_wconf 89' lang='lat' dir='ltr'><strong>ac</strong></span> <span class='ocrx_word' id='word_1_182' title='bbox 459 1303 532 1330; x_wconf 87' lang='lat' dir='ltr'><strong>socio</strong></span> <span class='ocrx_word' id='word_1_183' title='bbox 544 1303 577 1330; x_wconf 90' lang='lat' dir='ltr'><strong>de</strong></span> <span class='ocrx_word' id='word_1_184' title='bbox 587 1302 701 1330; x_wconf 73' lang='lat' dir='ltr'><strong>veritate</strong></span> <span class='ocrx_word' id='word_1_185' title='bbox 716 1303 869 1337; x_wconf 89' lang='lat' dir='ltr'><strong>disputans,</strong></span> <span class='ocrx_word' id='word_1_186' title='bbox 883 1308 964 1338; x_wconf 87' lang='lat' dir='ltr'><strong>atque</strong></span> 
     </span>
    </p>
   </div>
   <div class='ocr_carea' id='block_1_28' title="bbox 177 1349 388 1376">
    <p class='ocr_par' dir='ltr' id='par_1_28' title="bbox 177 1349 388 1376">
     <span class='ocr_line' id='line_1_28' title="bbox 177 1349 388 1376; baseline -0.005 0"><span class='ocrx_word' id='word_1_187' title='bbox 177 1349 362 1376; x_wconf 88' lang='lat' dir='ltr'><strong>comeudens?</strong></span> <span class='ocrx_word' id='word_1_188' title='bbox 377 1357 388 1375; x_wconf 71' lang='grc' dir='ltr'><strong><em>ι</em></strong></span> 
     </span>
    </p>
   </div>
   <div class='ocr_carea' id='block_1_29' title="bbox 175 1405 965 1442">
    <p class='ocr_par' dir='ltr' id='par_1_29' title="bbox 175 1405 965 1442">
     <span class='ocr_line' id='line_1_29' title="bbox 175 1405 965 1442; baseline 0 -8"><span class='ocrx_word' id='word_1_189' title='bbox 175 1405 268 1434; x_wconf 76' lang='lat' dir='ltr'><strong>CXIII.</strong></span> <span class='ocrx_word' id='word_1_190' title='bbox 288 1405 353 1442; x_wconf 80' lang='lat' dir='ltr'><strong>Quis</strong></span> <span class='ocrx_word' id='word_1_191' title='bbox 364 1406 408 1432; x_wconf 84' lang='lat' dir='ltr'><strong>ille</strong></span> <span class='ocrx_word' id='word_1_192' title='bbox 416 1406 449 1433; x_wconf 73' lang='grc' dir='ltr'><em>ιὶι</em></span> <span class='ocrx_word' id='word_1_193' title='bbox 463 1406 556 1438; x_wconf 80' lang='lat' dir='ltr'><strong>hostis,</strong></span> <span class='ocrx_word' id='word_1_194' title='bbox 575 1410 666 1433; x_wconf 82' lang='lat' dir='ltr'><strong>contra</strong></span> <span class='ocrx_word' id='word_1_195' title='bbox 678 1414 754 1440; x_wconf 81' lang='lat' dir='ltr'><strong>quem</strong></span> <span class='ocrx_word' id='word_1_196' title='bbox 768 1413 842 1441; x_wconf 85' lang='lat' dir='ltr'><strong>rogat</strong></span> <span class='ocrx_word' id='word_1_197' title='bbox 869 1406 965 1442; x_wconf 79' lang='lat' dir='ltr'><strong>Grego-</strong></span> 
     </span>
    </p>
   </div>
   <div class='ocr_carea' id='block_1_30' title="bbox 247 1441 893 1474">
    <p class='ocr_par' dir='ltr' id='par_1_30' title="bbox 247 1441 893 1474">
     <span class='ocr_line' id='line_1_30' title="bbox 247 1441 893 1474; baseline 0.003 -7"><span class='ocrx_word' id='word_1_198' title='bbox 247 1442 317 1467; x_wconf 86' lang='lat' dir='ltr'><strong>rium</strong></span> <span class='ocrx_word' id='word_1_199' title='bbox 333 1441 458 1474; x_wconf 74' lang='lat' dir='ltr'><strong>Basilius,</strong></span> <span class='ocrx_word' id='word_1_200' title='bbox 481 1447 509 1468; x_wconf 83' lang='lat' dir='ltr'><strong>ut</strong></span> <span class='ocrx_word' id='word_1_201' title='bbox 536 1442 619 1468; x_wconf 83' lang='lat' dir='ltr'><strong>veniat</strong></span> <span class='ocrx_word' id='word_1_202' title='bbox 637 1442 766 1468; x_wconf 72' lang='lat' dir='ltr'><strong>auxiliarii</strong></span> <span class='ocrx_word' id='word_1_203' title='bbox 780 1442 893 1469; x_wconf 72' lang='lat' dir='ltr'><strong>laturus.</strong></span> 
     </span>
    </p>
   </div>
   <div class='ocr_carea' id='block_1_31' title="bbox 213 1487 965 1523">
    <p class='ocr_par' dir='ltr' id='par_1_31' title="bbox 213 1487 965 1523">
     <span class='ocr_line' id='line_1_31' title="bbox 213 1487 965 1523; baseline 0.004 -10"><span class='ocrx_word' id='word_1_204' title='bbox 213 1487 355 1514; x_wconf 81' lang='lat' dir='ltr'><strong>Existimat</strong></span> <span class='ocrx_word' id='word_1_205' title='bbox 370 1488 410 1514; x_wconf 90' lang='lat' dir='ltr'><strong>vir</strong></span> <span class='ocrx_word' id='word_1_206' title='bbox 427 1488 594 1514; x_wconf 81' lang='lat' dir='ltr'><strong>clarissimus</strong></span> <span class='ocrx_word' id='word_1_207' title='bbox 605 1487 808 1520; x_wconf 87' lang='lat' dir='ltr'><strong>Tilletnontius,</strong></span> <span class='ocrx_word' id='word_1_208' title='bbox 825 1496 905 1523; x_wconf 84' lang='lat' dir='ltr'><strong>quem</strong></span> <span class='ocrx_word' id='word_1_209' title='bbox 919 1496 965 1516; x_wconf 88' lang='lat' dir='ltr'><strong>se-</strong></span> 
     </span>
    </p>
   </div>
   <div class='ocr_carea' id='block_1_32' title="bbox 176 1531 964 1568">
    <p class='ocr_par' dir='ltr' id='par_1_32' title="bbox 176 1531 964 1568">
     <span class='ocr_line' id='line_1_32' title="bbox 176 1531 964 1568; baseline 0.004 -10"><span class='ocrx_word' id='word_1_210' title='bbox 176 1532 267 1568; x_wconf 85' lang='lat' dir='ltr'><strong>quitur</strong></span> <span class='ocrx_word' id='word_1_211' title='bbox 280 1537 372 1559; x_wconf 79' lang='lat' dir='ltr'><strong>noster</strong></span> <span class='ocrx_word' id='word_1_212' title='bbox 385 1531 546 1560; x_wconf 84' lang='lat' dir='ltr'><strong>Prudentius</strong></span> <span class='ocrx_word' id='word_1_213' title='bbox 560 1532 686 1559; x_wconf 71' lang='lat' dir='ltr'><strong>llaranus</strong></span> <span class='ocrx_word' id='word_1_214' title='bbox 697 1532 750 1568; x_wconf 69' lang='grc' dir='ltr'><strong>(ὁ),</strong></span> <span class='ocrx_word' id='word_1_215' title='bbox 766 1535 964 1562; x_wconf 89' lang='lat' dir='ltr'><strong>contentionem</strong></span> 
     </span>
    </p>
   </div>
   <div class='ocr_carea' id='block_1_33' title="bbox 176 1577 964 1613">
    <p class='ocr_par' dir='ltr' id='par_1_33' title="bbox 176 1577 964 1613">
     <span class='ocr_line' id='line_1_33' title="bbox 176 1577 964 1613; baseline 0.001 -8"><span class='ocrx_word' id='word_1_216' title='bbox 176 1578 335 1613; x_wconf 78' lang='lat' dir='ltr'><strong>Gregorium</strong></span> <span class='ocrx_word' id='word_1_217' title='bbox 354 1579 423 1604; x_wconf 92' lang='lat' dir='ltr'><strong>inter</strong></span> <span class='ocrx_word' id='word_1_218' title='bbox 436 1582 462 1604; x_wconf 89' lang='lat' dir='ltr'><strong>et</strong></span> <span class='ocrx_word' id='word_1_219' title='bbox 482 1578 643 1605; x_wconf 78' lang='lat' dir='ltr'><strong>monachum</strong></span> <span class='ocrx_word' id='word_1_220' title='bbox 659 1577 758 1605; x_wconf 78' lang='lat' dir='ltr'><strong>Basilio</strong></span> <span class='ocrx_word' id='word_1_221' title='bbox 773 1579 876 1606; x_wconf 85' lang='lat' dir='ltr'><strong>crimen</strong></span> <span class='ocrx_word' id='word_1_222' title='bbox 900 1587 964 1613; x_wconf 92' lang='lat' dir='ltr'><strong>pro-</strong></span> 
     </span>
    </p>
   </div>
   <div class='ocr_carea' id='block_1_34' title="bbox 179 1623 964 1659">
    <p class='ocr_par' dir='ltr' id='par_1_34' title="bbox 179 1623 964 1659">
     <span class='ocr_line' id='line_1_34' title="bbox 179 1623 964 1659; baseline 0.001 -8"><span class='ocrx_word' id='word_1_223' title='bbox 179 1624 241 1651; x_wconf 85' lang='lat' dir='ltr'><strong>ditae</strong></span> <span class='ocrx_word' id='word_1_224' title='bbox 259 1624 378 1651; x_wconf 73' lang='lat' dir='ltr'><strong>veritatis</strong></span> <span class='ocrx_word' id='word_1_225' title='bbox 388 1623 558 1657; x_wconf 83' lang='lat' dir='ltr'><strong>inferentem,</strong></span> <span class='ocrx_word' id='word_1_226' title='bbox 568 1625 712 1659; x_wconf 75' lang='lat' dir='ltr'><strong>contigisse</strong></span> <span class='ocrx_word' id='word_1_227' title='bbox 727 1632 798 1651; x_wconf 90' lang='lat' dir='ltr'><strong>anno</strong></span> <span class='ocrx_word' id='word_1_228' title='bbox 809 1624 876 1651; x_wconf 78' lang='lat'><strong>371:</strong></span> <span class='ocrx_word' id='word_1_229' title='bbox 888 1633 964 1652; x_wconf 69' lang='lat' dir='ltr'><strong>suam</strong></span> 
     </span>
    </p>
   </div>
   <div class='ocr_carea' id='block_1_35' title="bbox 179 1670 966 1706">
    <p class='ocr_par' dir='ltr' id='par_1_35' title="bbox 179 1670 966 1706">
     <span class='ocr_line' id='line_1_35' title="bbox 179 1670 966 1706; baseline 0.003 -10"><span class='ocrx_word' id='word_1_230' title='bbox 179 1670 230 1697; x_wconf 88' lang='lat' dir='ltr'><strong>viri</strong></span> <span class='ocrx_word' id='word_1_231' title='bbox 241 1670 312 1697; x_wconf 84' lang='lat' dir='ltr'><strong>docti</strong></span> <span class='ocrx_word' id='word_1_232' title='bbox 320 1670 472 1704; x_wconf 87' lang='lat' dir='ltr'><strong>opinionem</strong></span> <span class='ocrx_word' id='word_1_233' title='bbox 485 1670 648 1698; x_wconf 86' lang='lat' dir='ltr'><strong>confirmant</strong></span> <span class='ocrx_word' id='word_1_234' title='bbox 664 1671 705 1698; x_wconf 80' lang='lat' dir='ltr'><strong>his</strong></span> <span class='ocrx_word' id='word_1_235' title='bbox 716 1670 809 1698; x_wconf 79' lang='lat' dir='ltr'><strong>Basilii</strong></span> <span class='ocrx_word' id='word_1_236' title='bbox 820 1671 909 1698; x_wconf 85' lang='lat' dir='ltr'><strong>verbis</strong></span> <span class='ocrx_word' id='word_1_237' title='bbox 919 1674 966 1706; x_wconf 82' lang='lat' dir='ltr'><strong>lc),</strong></span> 
     </span>
    </p>
   </div>
   <div class='ocr_carea' id='block_1_36' title="bbox 179 1715 968 1751">
    <p class='ocr_par' dir='ltr' id='par_1_36' title="bbox 179 1715 968 1751">
     <span class='ocr_line' id='line_1_36' title="bbox 179 1715 968 1751; baseline 0.006 -11"><span class='ocrx_word' id='word_1_238' title='bbox 179 1715 276 1751; x_wconf 87' lang='lat' dir='ltr'><strong>quibus</strong></span> <span class='ocrx_word' id='word_1_239' title='bbox 286 1715 444 1750; x_wconf 79' lang='lat' dir='ltr'><strong>Gregorium</strong></span> <span class='ocrx_word' id='word_1_240' title='bbox 462 1720 540 1751; x_wconf 83' lang='lat' dir='ltr'><strong>rogat</strong></span> <span class='ocrx_word' id='word_1_241' title='bbox 559 1720 589 1743; x_wconf 90' lang='lat' dir='ltr'><strong>ut</strong></span> <span class='ocrx_word' id='word_1_242' title='bbox 609 1716 702 1744; x_wconf 87' lang='lat' dir='ltr'><strong>veniat</strong></span> <span class='ocrx_word' id='word_1_243' title='bbox 718 1717 849 1744; x_wconf 77' lang='lat' dir='ltr'><strong>auxilium</strong></span> <span class='ocrx_word' id='word_1_244' title='bbox 864 1717 968 1745; x_wconf 87' lang='lat' dir='ltr'><strong>laturus</strong></span> 
     </span>
    </p>
   </div>
   <div class='ocr_carea' id='block_1_37' title="bbox 180 1764 967 1799">
    <p class='ocr_par' dir='ltr' id='par_1_37' title="bbox 180 1764 967 1799">
     <span class='ocr_line' id='line_1_37' title="bbox 180 1764 967 1799; baseline 0.003 -9"><span class='ocrx_word' id='word_1_245' title='bbox 180 1768 272 1790; x_wconf 91' lang='lat' dir='ltr'><strong>contra</strong></span> <span class='ocrx_word' id='word_1_246' title='bbox 298 1764 400 1790; x_wconf 84' lang='lat' dir='ltr'><strong>hostem</strong></span> <span class='ocrx_word' id='word_1_247' title='bbox 424 1765 469 1798; x_wconf 92' lang='lat' dir='ltr'><strong>qui</strong></span> <span class='ocrx_word' id='word_1_248' title='bbox 495 1764 594 1791; x_wconf 90' lang='lat' dir='ltr'><strong>bellum</strong></span> <span class='ocrx_word' id='word_1_249' title='bbox 621 1764 777 1792; x_wconf 84' lang='lat' dir='ltr'><strong>inferebat:</strong></span> <span class='ocrx_word' id='word_1_250' title='bbox 792 1774 801 1790; x_wconf 77' lang='grc' dir='ltr'><strong><em>ι</em></strong></span> <span class='ocrx_word' id='word_1_251' title='bbox 821 1764 881 1799; x_wconf 88' lang='lat' dir='ltr'><strong>Ipse</strong></span> <span class='ocrx_word' id='word_1_252' title='bbox 902 1772 967 1793; x_wconf 89' lang='lat' dir='ltr'><strong>vero</strong></span> 
     </span>
    </p>
   </div>
   <div class='ocr_carea' id='block_1_38' title="bbox 179 1809 968 1845">
    <p class='ocr_par' dir='ltr' id='par_1_38' title="bbox 179 1809 968 1845">
     <span class='ocr_line' id='line_1_38' title="bbox 179 1809 968 1845; baseline 0 -9"><span class='ocrx_word' id='word_1_253' title='bbox 179 1809 286 1836; x_wconf 77' lang='lat' dir='ltr'><strong>exorari</strong></span> <span class='ocrx_word' id='word_1_254' title='bbox 302 1814 327 1836; x_wconf 79' lang='lat' dir='ltr'><strong>Ic</strong></span> <span class='ocrx_word' id='word_1_255' title='bbox 346 1810 415 1841; x_wconf 84' lang='lat' dir='ltr'><strong>sine,</strong></span> <span class='ocrx_word' id='word_1_256' title='bbox 437 1815 465 1837; x_wconf 91' lang='lat' dir='ltr'><strong>ut</strong></span> <span class='ocrx_word' id='word_1_257' title='bbox 488 1811 626 1837; x_wconf 85' lang='lat' dir='ltr'><strong>nobiscum</strong></span> <span class='ocrx_word' id='word_1_258' title='bbox 647 1811 679 1837; x_wconf 86' lang='lat' dir='ltr'><strong>ad</strong></span> <span class='ocrx_word' id='word_1_259' title='bbox 695 1810 859 1845; x_wconf 87' lang='lat' dir='ltr'><strong>propositum</strong></span> <span class='ocrx_word' id='word_1_260' title='bbox 880 1815 968 1838; x_wconf 87' lang='lat' dir='ltr'><strong>certa-</strong></span> 
     </span>
    </p>
   </div>
   <div class='ocr_carea' id='block_1_39' title="bbox 181 1855 965 1890">
    <p class='ocr_par' dir='ltr' id='par_1_39' title="bbox 181 1855 965 1890">
     <span class='ocr_line' id='line_1_39' title="bbox 181 1855 965 1890; baseline 0.003 -9"><span class='ocrx_word' id='word_1_261' title='bbox 181 1863 242 1882; x_wconf 88' lang='lat' dir='ltr'><strong>men</strong></span> <span class='ocrx_word' id='word_1_262' title='bbox 260 1855 401 1888; x_wconf 86' lang='lat' dir='ltr'><strong>allahores,</strong></span> <span class='ocrx_word' id='word_1_263' title='bbox 419 1864 450 1883; x_wconf 81' lang='lat' dir='ltr'><strong>ac</strong></span> <span class='ocrx_word' id='word_1_264' title='bbox 462 1856 602 1883; x_wconf 87' lang='lat' dir='ltr'><strong>nobiscum</strong></span> <span class='ocrx_word' id='word_1_265' title='bbox 611 1863 739 1884; x_wconf 90' lang='lat' dir='ltr'><strong>occurras</strong></span> <span class='ocrx_word' id='word_1_266' title='bbox 754 1857 789 1889; x_wconf 88' lang='lat' dir='ltr'><strong>ei,</strong></span> <span class='ocrx_word' id='word_1_267' title='bbox 804 1857 850 1890; x_wconf 91' lang='lat' dir='ltr'><strong>qui</strong></span> <span class='ocrx_word' id='word_1_268' title='bbox 869 1856 965 1883; x_wconf 88' lang='lat' dir='ltr'><strong>bellum</strong></span> 
     </span>
    </p>
   </div>
   <div class='ocr_carea' id='block_1_40' title="bbox 179 1900 967 1938">
    <p class='ocr_par' dir='ltr' id='par_1_40' title="bbox 179 1900 967 1938">
     <span class='ocr_line' id='line_1_40' title="bbox 179 1900 967 1938; baseline 0.005 -11"><span class='ocrx_word' id='word_1_269' title='bbox 179 1901 256 1928; x_wconf 88' lang='lat' dir='ltr'><strong>nobis</strong></span> <span class='ocrx_word' id='word_1_270' title='bbox 281 1900 370 1928; x_wconf 86' lang='lat' dir='ltr'><strong>infert.</strong></span> <span class='ocrx_word' id='word_1_271' title='bbox 387 1902 415 1929; x_wconf 77' lang='lat' dir='ltr'><strong>Si</strong></span> <span class='ocrx_word' id='word_1_272' title='bbox 431 1903 502 1929; x_wconf 87' lang='lat' dir='ltr'><strong>enim</strong></span> <span class='ocrx_word' id='word_1_273' title='bbox 521 1907 624 1929; x_wconf 90' lang='lat' dir='ltr'><strong>tantum</strong></span> <span class='ocrx_word' id='word_1_274' title='bbox 641 1910 785 1938; x_wconf 87' lang='lat' dir='ltr'><strong>appareas,</strong></span> <span class='ocrx_word' id='word_1_275' title='bbox 813 1904 967 1938; x_wconf 89' lang='lat' dir='ltr'><strong>supprimes</strong></span> 
     </span>
    </p>
   </div>
   <div class='ocr_carea' id='block_1_41' title="bbox 178 1946 967 1981">
    <p class='ocr_par' dir='ltr' id='par_1_41' title="bbox 178 1946 967 1981">
     <span class='ocr_line' id='line_1_41' title="bbox 178 1946 967 1981; baseline 0.005 -8"><span class='ocrx_word' id='word_1_276' title='bbox 178 1946 412 1981; x_wconf 80' lang='lat' dir='ltr'><strong>ipsiusimpetum,</strong></span> <span class='ocrx_word' id='word_1_277' title='bbox 426 1957 435 1974; x_wconf 73' lang='grc' dir='ltr'><strong><em>ι</em></strong></span> <span class='ocrx_word' id='word_1_278' title='bbox 448 1954 503 1976; x_wconf 88' lang='lat' dir='ltr'><strong>etc.</strong></span> <span class='ocrx_word' id='word_1_279' title='bbox 520 1948 631 1976; x_wconf 89' lang='lat' dir='ltr'><strong>IIostem</strong></span> <span class='ocrx_word' id='word_1_280' title='bbox 648 1949 721 1977; x_wconf 88' lang='lat' dir='ltr'><strong>ltunc</strong></span> <span class='ocrx_word' id='word_1_281' title='bbox 744 1957 796 1977; x_wconf 90' lang='lat' dir='ltr'><strong>non</strong></span> <span class='ocrx_word' id='word_1_282' title='bbox 811 1949 894 1976; x_wconf 89' lang='lat' dir='ltr'><strong>alium</strong></span> <span class='ocrx_word' id='word_1_283' title='bbox 906 1957 967 1977; x_wconf 80' lang='lat' dir='ltr'><strong>esse</strong></span> 
     </span>
    </p>
   </div>
   <div class='ocr_carea' id='block_1_42' title="bbox 178 1993 965 2026">
    <p class='ocr_par' dir='ltr' id='par_1_42' title="bbox 178 1993 965 2026">
     <span class='ocr_line' id='line_1_42' title="bbox 178 1993 965 2026; baseline 0.005 -8"><span class='ocrx_word' id='word_1_284' title='bbox 178 2000 258 2026; x_wconf 86' lang='lat' dir='ltr'><strong>quam</strong></span> <span class='ocrx_word' id='word_1_285' title='bbox 280 1993 422 2021; x_wconf 82' lang='lat' dir='ltr'><strong>Valentem</strong></span> <span class='ocrx_word' id='word_1_286' title='bbox 442 1994 616 2021; x_wconf 85' lang='lat' dir='ltr'><strong>contendunt.</strong></span> <span class='ocrx_word' id='word_1_287' title='bbox 637 2003 647 2020; x_wconf 72' lang='grc' dir='ltr'><strong><em>ι</em></strong></span> <span class='ocrx_word' id='word_1_288' title='bbox 662 1993 776 2021; x_wconf 88' lang='lat' dir='ltr'><strong>Nullum</strong></span> <span class='ocrx_word' id='word_1_289' title='bbox 795 1995 868 2022; x_wconf 91' lang='lat' dir='ltr'><strong>cnim</strong></span> <span class='ocrx_word' id='word_1_290' title='bbox 892 1995 965 2022; x_wconf 87' lang='lat' dir='ltr'><strong>aliud</strong></span> 
     </span>
    </p>
   </div>
   <div class='ocr_carea' id='block_1_43' title="bbox 180 2040 965 2077">
    <p class='ocr_par' dir='ltr' id='par_1_43' title="bbox 180 2040 965 2077">
     <span class='ocr_line' id='line_1_43' title="bbox 180 2040 965 2077; baseline 0.005 -12"><span class='ocrx_word' id='word_1_291' title='bbox 180 2043 286 2074; x_wconf 82' lang='lat' dir='ltr'><strong>tempus</strong></span> <span class='ocrx_word' id='word_1_292' title='bbox 305 2040 434 2072; x_wconf 88' lang='lat' dir='ltr'><strong>occurrit,</strong></span> <span class='ocrx_word' id='word_1_293' title='bbox 459 2040 546 2075; x_wconf 89' lang='lat' dir='ltr'><strong>inquit</strong></span> <span class='ocrx_word' id='word_1_294' title='bbox 565 2044 657 2068; x_wconf 89' lang='lat' dir='ltr'><strong>noster</strong></span> <span class='ocrx_word' id='word_1_295' title='bbox 673 2040 847 2073; x_wconf 86' lang='lat' dir='ltr'><strong>Prudentius,</strong></span> <span class='ocrx_word' id='word_1_296' title='bbox 862 2041 889 2068; x_wconf 92' lang='lat' dir='ltr'><strong>in</strong></span> <span class='ocrx_word' id='word_1_297' title='bbox 911 2049 965 2077; x_wconf 88' lang='lat' dir='ltr'><strong>quo</strong></span> 
     </span>
    </p>
   </div>
   <div class='ocr_carea' id='block_1_44' title="bbox 179 2083 965 2121">
    <p class='ocr_par' dir='ltr' id='par_1_44' title="bbox 179 2083 965 2121">
     <span class='ocr_line' id='line_1_44' title="bbox 179 2083 965 2121; baseline 0.005 -11"><span class='ocrx_word' id='word_1_298' title='bbox 179 2083 323 2112; x_wconf 79' lang='lat' dir='ltr'><strong>inStantem</strong></span> <span class='ocrx_word' id='word_1_299' title='bbox 340 2086 444 2113; x_wconf 88' lang='lat' dir='ltr'><strong>hostem</strong></span> <span class='ocrx_word' id='word_1_300' title='bbox 456 2086 655 2121; x_wconf 75' lang='lat' dir='ltr'><strong>exspectaverit</strong></span> <span class='ocrx_word' id='word_1_301' title='bbox 670 2086 795 2120; x_wconf 85' lang='lat' dir='ltr'><strong>Basilius,</strong></span> <span class='ocrx_word' id='word_1_302' title='bbox 805 2087 965 2115; x_wconf 78' lang='lat' dir='ltr'><strong>etcxsilium</strong></span> 
     </span>
    </p>
   </div>
   <div class='ocr_carea' id='block_1_45' title="bbox 179 2131 967 2167">
    <p class='ocr_par' dir='ltr' id='par_1_45' title="bbox 179 2131 967 2167">
     <span class='ocr_line' id='line_1_45' title="bbox 179 2131 967 2167; baseline 0 -9"><span class='ocrx_word' id='word_1_303' title='bbox 179 2135 227 2158; x_wconf 85' lang='lat' dir='ltr'><strong>aut</strong></span> <span class='ocrx_word' id='word_1_304' title='bbox 242 2131 340 2165; x_wconf 86' lang='lat' dir='ltr'><strong>aliquid</strong></span> <span class='ocrx_word' id='word_1_305' title='bbox 354 2131 463 2165; x_wconf 80' lang='lat' dir='ltr'><strong>gravius</strong></span> <span class='ocrx_word' id='word_1_306' title='bbox 477 2139 512 2158; x_wconf 81' lang='lat' dir='ltr'><strong>ex</strong></span> <span class='ocrx_word' id='word_1_307' title='bbox 532 2132 624 2166; x_wconf 75' lang='lat' dir='ltr'><strong>prmlio</strong></span> <span class='ocrx_word' id='word_1_308' title='bbox 637 2132 799 2167; x_wconf 81' lang='lat' dir='ltr'><strong>speraverit.</strong></span> <span class='ocrx_word' id='word_1_309' title='bbox 813 2132 967 2167; x_wconf 83' lang='lat' dir='ltr'><strong>Appropin-</strong></span> 
     </span>
    </p>
   </div>
   <div class='ocr_carea' id='block_1_46' title="bbox 179 2175 966 2212">
    <p class='ocr_par' dir='ltr' id='par_1_46' title="bbox 179 2175 966 2212">
     <span class='ocr_line' id='line_1_46' title="bbox 179 2175 966 2212; baseline 0.001 -10"><span class='ocrx_word' id='word_1_310' title='bbox 179 2183 307 2211; x_wconf 83' lang='lat' dir='ltr'><strong>quantem</strong></span> <span class='ocrx_word' id='word_1_311' title='bbox 323 2176 444 2205; x_wconf 74' lang='lat' dir='ltr'><strong>Valentis</strong></span> <span class='ocrx_word' id='word_1_312' title='bbox 456 2177 601 2205; x_wconf 85' lang='lat' dir='ltr'><strong>adventum</strong></span> <span class='ocrx_word' id='word_1_313' title='bbox 625 2178 747 2212; x_wconf 79' lang='lat' dir='ltr'><strong>designat</strong></span> <span class='ocrx_word' id='word_1_314' title='bbox 762 2177 909 2211; x_wconf 73' lang='lat' dir='ltr'><strong>Gregorius</strong></span> <span class='ocrx_word' id='word_1_315' title='bbox 927 2175 966 2212; x_wconf 75' lang='grc' dir='ltr'><strong>(Δ)</strong></span> 
     </span>
    </p>
   </div>
   <div class='ocr_carea' id='block_1_47' title="bbox 180 2222 965 2258">
    <p class='ocr_par' dir='ltr' id='par_1_47' title="bbox 180 2222 965 2258">
     <span class='ocr_line' id='line_1_47' title="bbox 180 2222 965 2258; baseline 0 -9"><span class='ocrx_word' id='word_1_316' title='bbox 180 2230 240 2249; x_wconf 87' lang='lat' dir='ltr'><strong>cum</strong></span> <span class='ocrx_word' id='word_1_317' title='bbox 258 2223 296 2249; x_wconf 87' lang='lat' dir='ltr'><strong>ait</strong></span> <span class='ocrx_word' id='word_1_318' title='bbox 312 2223 338 2249; x_wconf 90' lang='lat' dir='ltr'><strong>in</strong></span> <span class='ocrx_word' id='word_1_319' title='bbox 361 2223 498 2256; x_wconf 88' lang='lat' dir='ltr'><strong>convivio,</strong></span> <span class='ocrx_word' id='word_1_320' title='bbox 518 2232 528 2249; x_wconf 86' lang='grc'><strong>‹</strong></span> <span class='ocrx_word' id='word_1_321' title='bbox 552 2224 648 2258; x_wconf 82' lang='lat' dir='ltr'><strong>ingens</strong></span> <span class='ocrx_word' id='word_1_322' title='bbox 664 2224 738 2251; x_wconf 89' lang='lat' dir='ltr'><strong>circa</strong></span> <span class='ocrx_word' id='word_1_323' title='bbox 753 2222 883 2250; x_wconf 90' lang='lat' dir='ltr'><strong>Basilium</strong></span> <span class='ocrx_word' id='word_1_324' title='bbox 903 2229 965 2249; x_wconf 84' lang='lat' dir='ltr'><strong>esse</strong></span> 
     </span>
    </p>
   </div>
   <div class='ocr_carea' id='block_1_48' title="bbox 179 2266 1006 2310">
    <p class='ocr_par' dir='ltr' id='par_1_48' title="bbox 179 2266 1006 2310">
     <span class='ocr_line' id='line_1_48' title="bbox 179 2266 1006 2310; baseline 0 -16"><span class='ocrx_word' id='word_1_325' title='bbox 179 2267 290 2300; x_wconf 88' lang='lat' dir='ltr'><strong>bellum,</strong></span> <span class='ocrx_word' id='word_1_326' title='bbox 308 2268 402 2296; x_wconf 82' lang='lat' dir='ltr'><strong>vicinis</strong></span> <span class='ocrx_word' id='word_1_327' title='bbox 410 2269 533 2296; x_wconf 83' lang='lat' dir='ltr'><strong>ontnibus</strong></span> <span class='ocrx_word' id='word_1_328' title='bbox 545 2269 629 2304; x_wconf 85' lang='lat' dir='ltr'><strong>captis</strong></span> <span class='ocrx_word' id='word_1_329' title='bbox 639 2273 666 2296; x_wconf 90' lang='lat' dir='ltr'><strong>et</strong></span> <span class='ocrx_word' id='word_1_330' title='bbox 681 2268 839 2303; x_wconf 73' lang='lat' dir='ltr'><strong>subiugatis.</strong></span> <span class='ocrx_word' id='word_1_331' title='bbox 860 2277 870 2294; x_wconf 77' lang='grc' dir='ltr'><strong><em>ι</em></strong></span> <span class='ocrx_word' id='word_1_332' title='bbox 894 2266 967 2294; x_wconf 70' lang='lat' dir='ltr'><strong>Prie-</strong></span> <span class='ocrx_word' id='word_1_333' title='bbox 983 2282 1006 2310; x_wconf 65' lang='grc' dir='ltr'><strong>Β</strong></span> 
     </span>
    </p>
   </div>
   <div class='ocr_carea' id='block_1_49' title="bbox 181 2310 965 2349">
    <p class='ocr_par' dir='ltr' id='par_1_49' title="bbox 181 2310 965 2349">
     <span class='ocr_line' id='line_1_49' title="bbox 181 2310 965 2349; baseline 0 -9"><span class='ocrx_word' id='word_1_334' title='bbox 181 2319 265 2346; x_wconf 80' lang='lat' dir='ltr'><strong>terea,</strong></span> <span class='ocrx_word' id='word_1_335' title='bbox 280 2314 304 2340; x_wconf 90' lang='lat' dir='ltr'><strong>si</strong></span> <span class='ocrx_word' id='word_1_336' title='bbox 325 2314 381 2347; x_wconf 89' lang='lat' dir='ltr'><strong>jam</strong></span> <span class='ocrx_word' id='word_1_337' title='bbox 393 2314 512 2342; x_wconf 79' lang='lat' dir='ltr'><strong>Basilius</strong></span> <span class='ocrx_word' id='word_1_338' title='bbox 525 2322 587 2342; x_wconf 87' lang='lat' dir='ltr'><strong>cum</strong></span> <span class='ocrx_word' id='word_1_339' title='bbox 602 2310 716 2341; x_wconf 85' lang='lat' dir='ltr'><strong>Valente</strong></span> <span class='ocrx_word' id='word_1_340' title='bbox 729 2318 885 2349; x_wconf 76' lang='lat' dir='ltr'><strong>pugnasset,</strong></span> <span class='ocrx_word' id='word_1_341' title='bbox 902 2321 965 2340; x_wconf 88' lang='lat' dir='ltr'><strong>ttum</strong></span> 
     </span>
    </p>
   </div>
   <div class='ocr_carea' id='block_1_50' title="bbox 179 2358 966 2395">
    <p class='ocr_par' dir='ltr' id='par_1_50' title="bbox 179 2358 966 2395">
     <span class='ocr_line' id='line_1_50' title="bbox 179 2358 966 2395; baseline 0.001 -10"><span class='ocrx_word' id='word_1_342' title='bbox 179 2358 292 2394; x_wconf 75' lang='lat' dir='ltr'><strong>ignaviae</strong></span> <span class='ocrx_word' id='word_1_343' title='bbox 315 2361 418 2387; x_wconf 85' lang='lat' dir='ltr'><strong>crimen</strong></span> <span class='ocrx_word' id='word_1_344' title='bbox 437 2360 518 2387; x_wconf 92' lang='lat' dir='ltr'><strong>futuri</strong></span> <span class='ocrx_word' id='word_1_345' title='bbox 542 2361 626 2394; x_wconf 79' lang='lat' dir='ltr'><strong>przelii</strong></span> <span class='ocrx_word' id='word_1_346' title='bbox 652 2360 833 2395; x_wconf 83' lang='lat' dir='ltr'><strong>promissione</strong></span> <span class='ocrx_word' id='word_1_347' title='bbox 858 2359 966 2386; x_wconf 83' lang='lat' dir='ltr'><strong>refelle-</strong></span> 
     </span>
    </p>
   </div>
   <div class='ocr_carea' id='block_1_51' title="bbox 180 2404 967 2440">
    <p class='ocr_par' dir='ltr' id='par_1_51' title="bbox 180 2404 967 2440">
     <span class='ocr_line' id='line_1_51' title="bbox 180 2404 967 2440; baseline 0 -9"><span class='ocrx_word' id='word_1_348' title='bbox 180 2409 220 2431; x_wconf 88' lang='lat' dir='ltr'><strong>ret</strong></span> <span class='ocrx_word' id='word_1_349' title='bbox 234 2404 288 2440; x_wconf 53' lang='grc' dir='ltr'><strong>(ιβ</strong></span> <span class='ocrx_word' id='word_1_350' title='bbox 303 2406 405 2438; x_wconf 83' lang='lat' dir='ltr'><strong>Quibus</strong></span> <span class='ocrx_word' id='word_1_351' title='bbox 419 2406 493 2433; x_wconf 85' lang='lat' dir='ltr'><strong>enim</strong></span> <span class='ocrx_word' id='word_1_352' title='bbox 518 2406 591 2433; x_wconf 86' lang='lat' dir='ltr'><strong>illius</strong></span> <span class='ocrx_word' id='word_1_353' title='bbox 607 2406 686 2432; x_wconf 86' lang='lat' dir='ltr'><strong>iidem</strong></span> <span class='ocrx_word' id='word_1_354' title='bbox 715 2405 851 2440; x_wconf 68' lang='lat' dir='ltr'><strong>praeterita</strong></span> <span class='ocrx_word' id='word_1_355' title='bbox 877 2409 967 2432; x_wconf 81' lang='lat' dir='ltr'><strong>certa-</strong></span> 
     </span>
    </p>
   </div>
   <div class='ocr_carea' id='block_1_52' title="bbox 179 2450 967 2486">
    <p class='ocr_par' dir='ltr' id='par_1_52' title="bbox 179 2450 967 2486">
     <span class='ocr_line' id='line_1_52' title="bbox 179 2450 967 2486; baseline 0.001 -10"><span class='ocrx_word' id='word_1_356' title='bbox 179 2450 250 2477; x_wconf 88' lang='lat' dir='ltr'><strong>mina</strong></span> <span class='ocrx_word' id='word_1_357' title='bbox 269 2459 321 2478; x_wconf 91' lang='lat' dir='ltr'><strong>non</strong></span> <span class='ocrx_word' id='word_1_358' title='bbox 334 2452 542 2486; x_wconf 89' lang='lat' dir='ltr'><strong>approbassent,</strong></span> <span class='ocrx_word' id='word_1_359' title='bbox 561 2453 744 2479; x_wconf 87' lang='lat' dir='ltr'><strong>multominus</strong></span> <span class='ocrx_word' id='word_1_360' title='bbox 756 2451 873 2478; x_wconf 90' lang='lat' dir='ltr'><strong>nondum</strong></span> <span class='ocrx_word' id='word_1_361' title='bbox 891 2458 967 2478; x_wconf 88' lang='lat' dir='ltr'><strong>com-</strong></span> 
     </span>
    </p>
   </div>
   <div class='ocr_carea' id='block_1_53' title="bbox 179 2495 963 2531">
    <p class='ocr_par' dir='ltr' id='par_1_53' title="bbox 179 2495 963 2531">
     <span class='ocr_line' id='line_1_53' title="bbox 179 2495 963 2531; baseline 0.001 -9"><span class='ocrx_word' id='word_1_362' title='bbox 179 2497 261 2523; x_wconf 73' lang='lat' dir='ltr'><strong>missa</strong></span> <span class='ocrx_word' id='word_1_363' title='bbox 278 2498 468 2531; x_wconf 82' lang='lat' dir='ltr'><strong>approbarent.</strong></span> <span class='ocrx_word' id='word_1_364' title='bbox 485 2498 570 2525; x_wconf 77' lang='lat' dir='ltr'><strong>Aliam</strong></span> <span class='ocrx_word' id='word_1_365' title='bbox 585 2498 716 2525; x_wconf 88' lang='lat' dir='ltr'><strong>ratiouent</strong></span> <span class='ocrx_word' id='word_1_366' title='bbox 730 2497 804 2525; x_wconf 89' lang='lat' dir='ltr'><strong>addit</strong></span> <span class='ocrx_word' id='word_1_367' title='bbox 817 2495 963 2524; x_wconf 86' lang='lat' dir='ltr'><strong>&#39;I‘illemon-</strong></span> 
     </span>
    </p>
   </div>
   <div class='ocr_carea' id='block_1_54' title="bbox 179 2542 959 2579">
    <p class='ocr_par' dir='ltr' id='par_1_54' title="bbox 179 2542 959 2579">
     <span class='ocr_line' id='line_1_54' title="bbox 179 2542 959 2579; baseline 0 -10"><span class='ocrx_word' id='word_1_368' title='bbox 179 2543 244 2574; x_wconf 84' lang='lat' dir='ltr'><strong>tius,</strong></span> <span class='ocrx_word' id='word_1_369' title='bbox 267 2543 371 2570; x_wconf 85' lang='lat' dir='ltr'><strong>scilicet</strong></span> <span class='ocrx_word' id='word_1_370' title='bbox 398 2544 526 2571; x_wconf 82' lang='lat' dir='ltr'><strong>Basiliunt</strong></span> <span class='ocrx_word' id='word_1_371' title='bbox 551 2549 613 2579; x_wconf 90' lang='lat' dir='ltr'><strong>post</strong></span> <span class='ocrx_word' id='word_1_372' title='bbox 637 2543 807 2571; x_wconf 83' lang='lat' dir='ltr'><strong>Sasituenses</strong></span> <span class='ocrx_word' id='word_1_373' title='bbox 819 2542 959 2570; x_wconf 84' lang='lat' dir='ltr'><strong>molestias</strong></span> 
     </span>
    </p>
   </div>
   <div class='ocr_carea' id='block_1_55' title="bbox 178 2587 962 2624">
    <p class='ocr_par' dir='ltr' id='par_1_55' title="bbox 178 2587 962 2624">
     <span class='ocr_line' id='line_1_55' title="bbox 178 2587 962 2624; baseline -0.004 -8"><span class='ocrx_word' id='word_1_374' title='bbox 178 2589 267 2616; x_wconf 86' lang='lat' dir='ltr'><strong>dicere</strong></span> <span class='ocrx_word' id='word_1_375' title='bbox 287 2597 339 2616; x_wconf 92' lang='lat' dir='ltr'><strong>non</strong></span> <span class='ocrx_word' id='word_1_376' title='bbox 355 2591 494 2624; x_wconf 87' lang='lat' dir='ltr'><strong>potuisse:</strong></span> <span class='ocrx_word' id='word_1_377' title='bbox 509 2597 540 2617; x_wconf 88' lang='lat' dir='ltr'><strong>se</strong></span> <span class='ocrx_word' id='word_1_378' title='bbox 554 2590 654 2617; x_wconf 88' lang='lat' dir='ltr'><strong>nullius</strong></span> <span class='ocrx_word' id='word_1_379' title='bbox 667 2590 719 2616; x_wconf 83' lang='lat' dir='ltr'><strong>sibi</strong></span> <span class='ocrx_word' id='word_1_380' title='bbox 740 2588 768 2616; x_wconf 91' lang='lat' dir='ltr'><strong>in</strong></span> <span class='ocrx_word' id='word_1_381' title='bbox 790 2587 962 2623; x_wconf 73' lang='lat' dir='ltr'><strong>Gregorium,</strong></span> 
     </span>
    </p>
   </div>
   <div class='ocr_carea' id='block_1_56' title="bbox 181 2626 960 2671">
    <p class='ocr_par' dir='ltr' id='par_1_56' title="bbox 181 2626 960 2671">
     <span class='ocr_line' id='line_1_56' title="bbox 181 2626 960 2671; baseline 0 -12"><span class='ocrx_word' id='word_1_382' title='bbox 181 2643 191 2659; x_wconf 74' lang='lat' dir='ltr'><strong>c</strong></span> <span class='ocrx_word' id='word_1_383' title='bbox 207 2641 293 2669; x_wconf 84' lang='lat' dir='ltr'><strong>neque</strong></span> <span class='ocrx_word' id='word_1_384' title='bbox 308 2626 494 2670; x_wconf 42' lang='lat' dir='ltr'><strong>parvi,‘neque</strong></span> <span class='ocrx_word' id='word_1_385' title='bbox 510 2635 699 2671; x_wconf 84' lang='lat' dir='ltr'><strong>magnidelieti</strong></span> <span class='ocrx_word' id='word_1_386' title='bbox 715 2641 778 2662; x_wconf 84' lang='lat' dir='ltr'><strong>esse</strong></span> <span class='ocrx_word' id='word_1_387' title='bbox 793 2634 960 2661; x_wconf 80' lang='lat' dir='ltr'><strong>consciuth</strong></span> 
     </span>
    </p>
   </div>
   <div class='ocr_carea' id='block_1_57' title="bbox 179 2679 962 2716">
    <p class='ocr_par' dir='ltr' id='par_1_57' title="bbox 179 2679 962 2716">
     <span class='ocr_line' id='line_1_57' title="bbox 179 2679 962 2716; baseline 0.001 -11"><span class='ocrx_word' id='word_1_388' title='bbox 179 2679 277 2706; x_wconf 85' lang='lat' dir='ltr'><strong>Verum</strong></span> <span class='ocrx_word' id='word_1_389' title='bbox 305 2680 376 2708; x_wconf 91' lang='lat' dir='ltr'><strong>hanc</strong></span> <span class='ocrx_word' id='word_1_390' title='bbox 401 2681 532 2708; x_wconf 85' lang='lat' dir='ltr'><strong>rationem</strong></span> <span class='ocrx_word' id='word_1_391' title='bbox 560 2683 618 2716; x_wconf 87' lang='lat' dir='ltr'><strong>ipse</strong></span> <span class='ocrx_word' id='word_1_392' title='bbox 655 2684 747 2708; x_wconf 87' lang='lat' dir='ltr'><strong>noster</strong></span> <span class='ocrx_word' id='word_1_393' title='bbox 780 2679 962 2712; x_wconf 87' lang='lat' dir='ltr'><strong>Prudentius,</strong></span> 
     </span>
    </p>
   </div>
   <div class='ocr_carea' id='block_1_58' title="bbox 178 2725 958 2761">
    <p class='ocr_par' dir='ltr' id='par_1_58' title="bbox 178 2725 958 2761">
     <span class='ocr_line' id='line_1_58' title="bbox 178 2725 958 2761; baseline 0.004 -11"><span class='ocrx_word' id='word_1_394' title='bbox 178 2726 303 2760; x_wconf 85' lang='lat' dir='ltr'><strong>quamvis</strong></span> <span class='ocrx_word' id='word_1_395' title='bbox 328 2726 399 2754; x_wconf 85' lang='lat' dir='ltr'><strong>idem</strong></span> <span class='ocrx_word' id='word_1_396' title='bbox 424 2728 525 2754; x_wconf 83' lang='lat' dir='ltr'><strong>sentiat</strong></span> <span class='ocrx_word' id='word_1_397' title='bbox 548 2734 581 2755; x_wconf 81' lang='lat' dir='ltr'><strong>ac</strong></span> <span class='ocrx_word' id='word_1_398' title='bbox 610 2725 810 2761; x_wconf 80' lang='lat' dir='ltr'><strong>&#39;I‘illemontius,</strong></span> <span class='ocrx_word' id='word_1_399' title='bbox 838 2725 958 2754; x_wconf 75' lang='lat' dir='ltr'><strong>refellit-</strong></span> 
     </span>
    </p>
   </div>
   <div class='ocr_carea' id='block_1_59' title="bbox 216 2794 460 2836">
    <p class='ocr_par' dir='ltr' id='par_1_59' title="bbox 216 2794 460 2836">
     <span class='ocr_line' id='line_1_59' title="bbox 216 2794 460 2836; baseline 0.004 0"><span class='ocrx_word' id='word_1_400' title='bbox 216 2794 254 2836; x_wconf 64' lang='lat' dir='ltr'><strong>te)</strong></span> <span class='ocrx_word' id='word_1_401' title='bbox 270 2794 460 2836; x_wconf 48' lang='lat' dir='ltr'><strong>uisant-.27.</strong></span> 
     </span>
    </p>
   </div>
   <div class='ocr_carea' id='block_1_60' title="bbox 214 2829 557 2933">
    <p class='ocr_par' dir='ltr' id='par_1_60' title="bbox 214 2829 557 2933">
     <span class='ocr_line' id='line_1_60' title="bbox 214 2829 540 2866; baseline 0.009 -11"><span class='ocrx_word' id='word_1_402' title='bbox 214 2829 252 2866; x_wconf 72' lang='grc' dir='ltr'><strong>(ὁ)</strong></span> <span class='ocrx_word' id='word_1_403' title='bbox 273 2829 332 2857; x_wconf 66' lang='lat' dir='ltr'><strong>Vita</strong></span> <span class='ocrx_word' id='word_1_404' title='bbox 346 2830 442 2863; x_wconf 78' lang='lat' dir='ltr'><strong>Ban&#39;L,</strong></span> <span class='ocrx_word' id='word_1_405' title='bbox 455 2838 481 2865; x_wconf 88' lang='lat' dir='ltr'><strong>p.</strong></span> <span class='ocrx_word' id='word_1_406' title='bbox 494 2830 540 2858; x_wconf 80' lang='lat'><strong>96.</strong></span> 
     </span>
     <span class='ocr_line' id='line_1_61' title="bbox 214 2864 557 2933; baseline 0.009 -43"><span class='ocrx_word' id='word_1_407' title='bbox 214 2865 251 2933; x_wconf 50' lang='grc' dir='ltr'><strong>ἒς)</strong></span> <span class='ocrx_word' id='word_1_408' title='bbox 267 2865 379 2927; x_wconf 41' lang='lat' dir='ltr'><strong>ut“;</strong></span> <span class='ocrx_word' id='word_1_409' title='bbox 397 2864 441 2897; x_wconf 81' lang='lat' dir='ltr'><strong>7t,</strong></span> <span class='ocrx_word' id='word_1_410' title='bbox 455 2872 481 2899; x_wconf 62' lang='grc' dir='ltr'><strong>μ’.</strong></span> <span class='ocrx_word' id='word_1_411' title='bbox 497 2866 557 2893; x_wconf 71' lang='grc'><strong>164.</strong></span> 
     </span>
     <span class='ocr_line' id='line_1_62' title="bbox 228 2899 521 2933; baseline 0.01 -9"><span class='ocrx_word' id='word_1_412' title='bbox 228 2901 254 2933; x_wconf 78' lang='grc' dir='ltr'><strong>ιι)</strong></span> <span class='ocrx_word' id='word_1_413' title='bbox 275 2899 334 2927; x_wconf 69' lang='lat' dir='ltr'><strong>Vita</strong></span> <span class='ocrx_word' id='word_1_414' title='bbox 371 2908 422 2933; x_wconf 72' lang='grc' dir='ltr'><strong>αι..</strong></span> <span class='ocrx_word' id='word_1_415' title='bbox 442 2900 521 2933; x_wconf 80' lang='grc' dir='ltr'><strong>ι).96.</strong></span> 
     </span>
    </p>
   </div>
   <div class='ocr_carea' id='block_1_61' title="bbox 228 2899 521 2935">
    <p class='ocr_par' dir='ltr' id='par_1_61' title="bbox 228 2899 521 2935">
     <span class='ocr_line' id='line_1_63' title="bbox 228 2899 521 2935; baseline 0.01 -11"><span class='ocrx_word' id='word_1_416' title='bbox 228 2901 254 2934; x_wconf 78' lang='grc' dir='ltr'><strong>ιι)</strong></span> <span class='ocrx_word' id='word_1_417' title='bbox 275 2899 334 2927; x_wconf 77' lang='lat' dir='ltr'><strong>Vita</strong></span> <span class='ocrx_word' id='word_1_418' title='bbox 348 2899 422 2933; x_wconf 71' lang='grc' dir='ltr'><strong>ΒΜ..</strong></span> <span class='ocrx_word' id='word_1_419' title='bbox 442 2900 521 2935; x_wconf 80' lang='lat' dir='ltr'><strong>p.96.</strong></span> 
     </span>
    </p>
   </div>
   <div class='ocr_carea' id='block_1_62' title="bbox 1020 292 1804 329">
    <p class='ocr_par' dir='ltr' id='par_1_62' title="bbox 1020 292 1804 329">
     <span class='ocr_line' id='line_1_64' title="bbox 1020 292 1804 329; baseline 0.005 -10"><span class='ocrx_word' id='word_1_420' title='bbox 1020 292 1069 320; x_wconf 85' lang='lat' dir='ltr'><strong>bas</strong></span> <span class='ocrx_word' id='word_1_421' title='bbox 1093 293 1263 320; x_wconf 79' lang='lat' dir='ltr'><strong>Sasimenses</strong></span> <span class='ocrx_word' id='word_1_422' title='bbox 1289 296 1359 321; x_wconf 84' lang='lat' dir='ltr'><strong>hanc</strong></span> <span class='ocrx_word' id='word_1_423' title='bbox 1386 294 1513 322; x_wconf 76' lang='lat' dir='ltr'><strong>amicitia:</strong></span> <span class='ocrx_word' id='word_1_424' title='bbox 1537 302 1673 329; x_wconf 88' lang='lat' dir='ltr'><strong>nunquam</strong></span> <span class='ocrx_word' id='word_1_425' title='bbox 1698 296 1804 324; x_wconf 66' lang='lat' dir='ltr'><strong>violam</strong></span> 
     </span>
    </p>
   </div>
   <div class='ocr_carea' id='block_1_63' title="bbox 1020 337 1804 375">
    <p class='ocr_par' dir='ltr' id='par_1_63' title="bbox 1020 337 1804 375">
     <span class='ocr_line' id='line_1_65' title="bbox 1020 337 1804 375; baseline 0.006 -11"><span class='ocrx_word' id='word_1_426' title='bbox 1020 337 1126 365; x_wconf 85' lang='lat' dir='ltr'><strong>laudem</strong></span> <span class='ocrx_word' id='word_1_427' title='bbox 1140 337 1190 365; x_wconf 88' lang='lat' dir='ltr'><strong>sibi</strong></span> <span class='ocrx_word' id='word_1_428' title='bbox 1203 338 1342 366; x_wconf 86' lang='lat' dir='ltr'><strong>vindicare</strong></span> <span class='ocrx_word' id='word_1_429' title='bbox 1362 346 1415 367; x_wconf 95' lang='lat' dir='ltr'><strong>non</strong></span> <span class='ocrx_word' id='word_1_430' title='bbox 1432 339 1561 374; x_wconf 85' lang='lat' dir='ltr'><strong>potuerit,</strong></span> <span class='ocrx_word' id='word_1_431' title='bbox 1573 347 1634 367; x_wconf 91' lang='lat' dir='ltr'><strong>cum</strong></span> <span class='ocrx_word' id='word_1_432' title='bbox 1653 343 1804 375; x_wconf 83' lang='lat' dir='ltr'><strong>praesertim</strong></span> 
     </span>
    </p>
   </div>
   <div class='ocr_carea' id='block_1_64' title="bbox 1019 383 1806 419">
    <p class='ocr_par' dir='ltr' id='par_1_64' title="bbox 1019 383 1806 419">
     <span class='ocr_line' id='line_1_66' title="bbox 1019 383 1806 419; baseline 0.006 -9"><span class='ocrx_word' id='word_1_433' title='bbox 1019 383 1168 418; x_wconf 82' lang='lat' dir='ltr'><strong>Gregorius</strong></span> <span class='ocrx_word' id='word_1_434' title='bbox 1184 384 1307 419; x_wconf 89' lang='lat' dir='ltr'><strong>pluribus</strong></span> <span class='ocrx_word' id='word_1_435' title='bbox 1321 385 1386 412; x_wconf 87' lang='lat' dir='ltr'><strong>locis</strong></span> <span class='ocrx_word' id='word_1_436' title='bbox 1401 385 1474 413; x_wconf 79' lang='lat' dir='ltr'><strong>dicat</strong></span> <span class='ocrx_word' id='word_1_437' title='bbox 1492 386 1639 413; x_wconf 88' lang='lat' dir='ltr'><strong>amicitiam</strong></span> <span class='ocrx_word' id='word_1_438' title='bbox 1660 387 1712 415; x_wconf 88' lang='lat' dir='ltr'><strong>hac</strong></span> <span class='ocrx_word' id='word_1_439' title='bbox 1727 387 1754 415; x_wconf 88' lang='lat' dir='ltr'><strong>in</strong></span> <span class='ocrx_word' id='word_1_440' title='bbox 1775 395 1806 414; x_wconf 80' lang='lat' dir='ltr'><strong>re</strong></span> 
     </span>
    </p>
   </div>
   <div class='ocr_carea' id='block_1_65' title="bbox 1020 428 1805 464">
    <p class='ocr_par' dir='ltr' id='par_1_65' title="bbox 1020 428 1805 464">
     <span class='ocr_line' id='line_1_67' title="bbox 1020 428 1805 464; baseline 0.008 -10"><span class='ocrx_word' id='word_1_441' title='bbox 1020 428 1150 455; x_wconf 78' lang='lat' dir='ltr'><strong>Basiliam</strong></span> <span class='ocrx_word' id='word_1_442' title='bbox 1167 430 1272 463; x_wconf 82' lang='lat' dir='ltr'><strong>spiritui</strong></span> <span class='ocrx_word' id='word_1_443' title='bbox 1289 429 1488 464; x_wconf 83' lang='lat' dir='ltr'><strong>postltabuisse.</strong></span> <span class='ocrx_word' id='word_1_444' title='bbox 1505 440 1515 457; x_wconf 72' lang='grc' dir='ltr'><strong><em>ι</em></strong></span> <span class='ocrx_word' id='word_1_445' title='bbox 1533 429 1578 458; x_wconf 89' lang='lat' dir='ltr'><strong>Sic</strong></span> <span class='ocrx_word' id='word_1_446' title='bbox 1590 430 1616 458; x_wconf 92' lang='lat' dir='ltr'><strong>in</strong></span> <span class='ocrx_word' id='word_1_447' title='bbox 1630 432 1754 460; x_wconf 83' lang='lat' dir='ltr'><strong>oratione</strong></span> <span class='ocrx_word' id='word_1_448' title='bbox 1765 432 1805 460; x_wconf 89' lang='lat' dir='ltr'><strong>De</strong></span> 
     </span>
    </p>
   </div>
   <div class='ocr_carea' id='block_1_66' title="bbox 1021 474 1804 511">
    <p class='ocr_par' dir='ltr' id='par_1_66' title="bbox 1021 474 1804 511">
     <span class='ocr_line' id='line_1_68' title="bbox 1021 474 1804 511; baseline 0.008 -11"><span class='ocrx_word' id='word_1_449' title='bbox 1021 474 1144 502; x_wconf 75' lang='lat' dir='ltr'><strong>laudibus</strong></span> <span class='ocrx_word' id='word_1_450' title='bbox 1168 475 1266 502; x_wconf 81' lang='lat' dir='ltr'><strong>Basilii</strong></span> <span class='ocrx_word' id='word_1_451' title='bbox 1303 475 1413 510; x_wconf 86' lang='lat' dir='ltr'><strong>loquens</strong></span> <span class='ocrx_word' id='word_1_452' title='bbox 1429 475 1462 502; x_wconf 86' lang='lat' dir='ltr'><strong>de</strong></span> <span class='ocrx_word' id='word_1_453' title='bbox 1482 476 1568 504; x_wconf 89' lang='lat' dir='ltr'><strong>turbis</strong></span> <span class='ocrx_word' id='word_1_454' title='bbox 1593 476 1804 511; x_wconf 85' lang='lat' dir='ltr'><strong>Sasimensibus.</strong></span> 
     </span>
    </p>
   </div>
   <div class='ocr_carea' id='block_1_67' title="bbox 1019 521 1806 559">
    <p class='ocr_par' dir='ltr' id='par_1_67' title="bbox 1019 521 1806 559">
     <span class='ocr_line' id='line_1_69' title="bbox 1019 521 1806 559; baseline 0.006 -12"><span class='ocrx_word' id='word_1_455' title='bbox 1019 528 1087 555; x_wconf 89' lang='lat' dir='ltr'><strong>quas</strong></span> <span class='ocrx_word' id='word_1_456' title='bbox 1103 521 1221 548; x_wconf 89' lang='lat' dir='ltr'><strong>nondum</strong></span> <span class='ocrx_word' id='word_1_457' title='bbox 1247 527 1357 556; x_wconf 80' lang='lat' dir='ltr'><strong>pectore</strong></span> <span class='ocrx_word' id='word_1_458' title='bbox 1381 526 1552 550; x_wconf 83' lang='lat' dir='ltr'><strong>excusserat:</strong></span> <span class='ocrx_word' id='word_1_459' title='bbox 1573 531 1583 548; x_wconf 72' lang='grc' dir='ltr'><strong>ε</strong></span> <span class='ocrx_word' id='word_1_460' title='bbox 1600 521 1658 550; x_wconf 84' lang='lat' dir='ltr'><strong>Nisi</strong></span> <span class='ocrx_word' id='word_1_461' title='bbox 1677 524 1740 559; x_wconf 87' lang='lat' dir='ltr'><strong>quis</strong></span> <span class='ocrx_word' id='word_1_462' title='bbox 1764 529 1806 552; x_wconf 87' lang='lat' dir='ltr'><strong>ta-</strong></span> 
     </span>
    </p>
   </div>
   <div class='ocr_carea' id='block_1_68' title="bbox 1018 567 1802 604">
    <p class='ocr_par' dir='ltr' id='par_1_68' title="bbox 1018 567 1802 604">
     <span class='ocr_line' id='line_1_70' title="bbox 1018 567 1802 604; baseline 0.006 -11"><span class='ocrx_word' id='word_1_463' title='bbox 1018 574 1090 599; x_wconf 85' lang='lat' dir='ltr'><strong>men,</strong></span> <span class='ocrx_word' id='word_1_464' title='bbox 1108 567 1194 602; x_wconf 88' lang='lat' dir='ltr'><strong>inquit</strong></span> <span class='ocrx_word' id='word_1_465' title='bbox 1209 567 1253 602; x_wconf 76' lang='lat' dir='ltr'><strong>(f).</strong></span> <span class='ocrx_word' id='word_1_466' title='bbox 1271 567 1323 595; x_wconf 86' lang='lat' dir='ltr'><strong>hoc</strong></span> <span class='ocrx_word' id='word_1_467' title='bbox 1337 576 1351 595; x_wconf 89' lang='lat' dir='ltr'><strong>a</strong></span> <span class='ocrx_word' id='word_1_468' title='bbox 1366 576 1409 596; x_wconf 84' lang='lat' dir='ltr'><strong>me</strong></span> <span class='ocrx_word' id='word_1_469' title='bbox 1425 576 1473 603; x_wconf 92' lang='lat' dir='ltr'><strong>pro</strong></span> <span class='ocrx_word' id='word_1_470' title='bbox 1486 568 1558 596; x_wconf 91' lang='lat' dir='ltr'><strong>illius</strong></span> <span class='ocrx_word' id='word_1_471' title='bbox 1580 569 1702 604; x_wconf 87' lang='lat' dir='ltr'><strong>apologia</strong></span> <span class='ocrx_word' id='word_1_472' title='bbox 1728 571 1802 598; x_wconf 88' lang='lat' dir='ltr'><strong>acci-</strong></span> 
     </span>
    </p>
   </div>
   <div class='ocr_carea' id='block_1_69' title="bbox 1019 611 1804 649">
    <p class='ocr_par' dir='ltr' id='par_1_69' title="bbox 1019 611 1804 649">
     <span class='ocr_line' id='line_1_71' title="bbox 1019 611 1804 649; baseline 0.005 -11"><span class='ocrx_word' id='word_1_473' title='bbox 1019 611 1083 645; x_wconf 87' lang='lat' dir='ltr'><strong>piat,</strong></span> <span class='ocrx_word' id='word_1_474' title='bbox 1093 613 1164 646; x_wconf 89' lang='lat' dir='ltr'><strong>quod</strong></span> <span class='ocrx_word' id='word_1_475' title='bbox 1176 613 1344 646; x_wconf 88' lang='lat' dir='ltr'><strong>sublimiora,</strong></span> <span class='ocrx_word' id='word_1_476' title='bbox 1353 621 1433 648; x_wconf 82' lang='lat' dir='ltr'><strong>quant</strong></span> <span class='ocrx_word' id='word_1_477' title='bbox 1446 621 1495 648; x_wconf 93' lang='lat' dir='ltr'><strong>pro</strong></span> <span class='ocrx_word' id='word_1_478' title='bbox 1510 613 1627 641; x_wconf 90' lang='lat' dir='ltr'><strong>hominis</strong></span> <span class='ocrx_word' id='word_1_479' title='bbox 1640 614 1804 649; x_wconf 84' lang='lat' dir='ltr'><strong>conditione,</strong></span> 
     </span>
    </p>
   </div>
   <div class='ocr_carea' id='block_1_70' title="bbox 1018 658 1802 694">
    <p class='ocr_par' dir='ltr' id='par_1_70' title="bbox 1018 658 1802 694">
     <span class='ocr_line' id='line_1_72' title="bbox 1018 658 1802 694; baseline 0.005 -11"><span class='ocrx_word' id='word_1_480' title='bbox 1018 658 1148 689; x_wconf 84' lang='lat' dir='ltr'><strong>sentiens,</strong></span> <span class='ocrx_word' id='word_1_481' title='bbox 1162 662 1243 692; x_wconf 89' lang='lat' dir='ltr'><strong>atque</strong></span> <span class='ocrx_word' id='word_1_482' title='bbox 1258 658 1322 686; x_wconf 92' lang='lat' dir='ltr'><strong>hinc</strong></span> <span class='ocrx_word' id='word_1_483' title='bbox 1336 659 1412 693; x_wconf 89' lang='lat' dir='ltr'><strong>prius</strong></span> <span class='ocrx_word' id='word_1_484' title='bbox 1429 659 1509 686; x_wconf 90' lang='lat' dir='ltr'><strong>etiam</strong></span> <span class='ocrx_word' id='word_1_485' title='bbox 1523 667 1603 694; x_wconf 89' lang='lat' dir='ltr'><strong>quam</strong></span> <span class='ocrx_word' id='word_1_486' title='bbox 1616 661 1670 687; x_wconf 90' lang='lat' dir='ltr'><strong>vita</strong></span> <span class='ocrx_word' id='word_1_487' title='bbox 1685 661 1802 687; x_wconf 80' lang='lat' dir='ltr'><strong>excede-</strong></span> 
     </span>
    </p>
   </div>
   <div class='ocr_carea' id='block_1_71' title="bbox 1019 703 1806 740">
    <p class='ocr_par' dir='ltr' id='par_1_71' title="bbox 1019 703 1806 740">
     <span class='ocr_line' id='line_1_73' title="bbox 1019 703 1806 740; baseline 0.005 -11"><span class='ocrx_word' id='word_1_488' title='bbox 1019 707 1069 735; x_wconf 89' lang='lat' dir='ltr'><strong>ret,</strong></span> <span class='ocrx_word' id='word_1_489' title='bbox 1084 703 1232 737; x_wconf 81' lang='lat' dir='ltr'><strong>digressus,</strong></span> <span class='ocrx_word' id='word_1_490' title='bbox 1247 704 1339 731; x_wconf 79' lang='lat' dir='ltr'><strong>omnia</strong></span> <span class='ocrx_word' id='word_1_491' title='bbox 1361 704 1394 730; x_wconf 87' lang='lat' dir='ltr'><strong>ad</strong></span> <span class='ocrx_word' id='word_1_492' title='bbox 1411 703 1540 739; x_wconf 89' lang='lat' dir='ltr'><strong>Spiritum</strong></span> <span class='ocrx_word' id='word_1_493' title='bbox 1555 705 1708 739; x_wconf 85' lang='lat' dir='ltr'><strong>referebat;</strong></span> <span class='ocrx_word' id='word_1_494' title='bbox 1723 711 1806 740; x_wconf 80' lang='lat' dir='ltr'><strong>atque.</strong></span> 
     </span>
    </p>
   </div>
   <div class='ocr_carea' id='block_1_72' title="bbox 1017 748 1805 784">
    <p class='ocr_par' dir='ltr' id='par_1_72' title="bbox 1017 748 1805 784">
     <span class='ocr_line' id='line_1_74' title="bbox 1017 748 1805 784; baseline 0.004 -9"><span class='ocrx_word' id='word_1_495' title='bbox 1017 748 1142 776; x_wconf 79' lang='lat' dir='ltr'><strong>amicitia:</strong></span> <span class='ocrx_word' id='word_1_496' title='bbox 1161 748 1258 781; x_wconf 87' lang='lat' dir='ltr'><strong>otiicia,</strong></span> <span class='ocrx_word' id='word_1_497' title='bbox 1279 757 1338 784; x_wconf 67' lang='lat' dir='ltr'><strong>qua:</strong></span> <span class='ocrx_word' id='word_1_498' title='bbox 1367 749 1467 784; x_wconf 88' lang='lat' dir='ltr'><strong>alioqui</strong></span> <span class='ocrx_word' id='word_1_499' title='bbox 1492 755 1587 778; x_wconf 83' lang='lat' dir='ltr'><strong>sancte</strong></span> <span class='ocrx_word' id='word_1_500' title='bbox 1613 751 1734 784; x_wconf 90' lang='lat' dir='ltr'><strong>colebat,</strong></span> <span class='ocrx_word' id='word_1_501' title='bbox 1759 751 1805 778; x_wconf 85' lang='lat' dir='ltr'><strong>hic</strong></span> 
     </span>
    </p>
   </div>
   <div class='ocr_carea' id='block_1_73' title="bbox 1017 794 1799 831">
    <p class='ocr_par' dir='ltr' id='par_1_73' title="bbox 1017 794 1799 831">
     <span class='ocr_line' id='line_1_75' title="bbox 1017 794 1799 831; baseline 0.001 -10"><span class='ocrx_word' id='word_1_502' title='bbox 1017 794 1104 822; x_wconf 83' lang='lat' dir='ltr'><strong>solum</strong></span> <span class='ocrx_word' id='word_1_503' title='bbox 1120 796 1327 829; x_wconf 84' lang='lat' dir='ltr'><strong>aspernabatur,</strong></span> <span class='ocrx_word' id='word_1_504' title='bbox 1338 795 1383 822; x_wconf 90' lang='lat' dir='ltr'><strong>ubi</strong></span> <span class='ocrx_word' id='word_1_505' title='bbox 1399 795 1482 822; x_wconf 90' lang='lat' dir='ltr'><strong>Deum</strong></span> <span class='ocrx_word' id='word_1_506' title='bbox 1496 797 1799 831; x_wconf 63' lang='lat' dir='ltr'><strong>anteponioportebat.»</strong></span> 
     </span>
    </p>
   </div>
   <div class='ocr_carea' id='block_1_74' title="bbox 1017 840 1802 878">
    <p class='ocr_par' dir='ltr' id='par_1_74' title="bbox 1017 840 1802 878">
     <span class='ocr_line' id='line_1_76' title="bbox 1017 840 1802 878; baseline 0.004 -11"><span class='ocrx_word' id='word_1_507' title='bbox 1017 840 1046 868; x_wconf 93' lang='lat' dir='ltr'><strong>Iu</strong></span> <span class='ocrx_word' id='word_1_508' title='bbox 1062 841 1145 869; x_wconf 89' lang='lat' dir='ltr'><strong>altera</strong></span> <span class='ocrx_word' id='word_1_509' title='bbox 1159 842 1282 869; x_wconf 87' lang='lat' dir='ltr'><strong>oratione</strong></span> <span class='ocrx_word' id='word_1_510' title='bbox 1297 850 1388 870; x_wconf 87' lang='lat' dir='ltr'><strong>coratn</strong></span> <span class='ocrx_word' id='word_1_511' title='bbox 1401 842 1500 870; x_wconf 82' lang='lat' dir='ltr'><strong>Basilio</strong></span> <span class='ocrx_word' id='word_1_512' title='bbox 1514 852 1519 870; x_wconf 95' lang='lat'><strong>:</strong></span> <span class='ocrx_word' id='word_1_513' title='bbox 1535 851 1545 868; x_wconf 70' lang='grc' dir='ltr'><strong><em>ε</em></strong></span> <span class='ocrx_word' id='word_1_514' title='bbox 1565 843 1802 878; x_wconf 87' lang='lat' dir='ltr'><strong>Quandoquidem,</strong></span> 
     </span>
    </p>
   </div>
   <div class='ocr_carea' id='block_1_75' title="bbox 1019 887 1804 924">
    <p class='ocr_par' dir='ltr' id='par_1_75' title="bbox 1019 887 1804 924">
     <span class='ocr_line' id='line_1_77' title="bbox 1019 887 1804 924; baseline 0.004 -11"><span class='ocrx_word' id='word_1_515' title='bbox 1019 887 1106 922; x_wconf 88' lang='lat' dir='ltr'><strong>inquit</strong></span> <span class='ocrx_word' id='word_1_516' title='bbox 1119 887 1268 923; x_wconf 81' lang='lat' dir='ltr'><strong>Gregorius</strong></span> <span class='ocrx_word' id='word_1_517' title='bbox 1283 888 1331 923; x_wconf 85' lang='lat' dir='ltr'><strong>(g),</strong></span> <span class='ocrx_word' id='word_1_518' title='bbox 1347 893 1376 915; x_wconf 91' lang='lat' dir='ltr'><strong>ut</strong></span> <span class='ocrx_word' id='word_1_519' title='bbox 1390 895 1441 915; x_wconf 92' lang='lat' dir='ltr'><strong>nos</strong></span> <span class='ocrx_word' id='word_1_520' title='bbox 1456 888 1540 923; x_wconf 90' lang='lat' dir='ltr'><strong>pluris</strong></span> <span class='ocrx_word' id='word_1_521' title='bbox 1565 888 1692 921; x_wconf 78' lang='lat' dir='ltr'><strong>fortasse,</strong></span> <span class='ocrx_word' id='word_1_522' title='bbox 1722 897 1804 924; x_wconf 84' lang='lat' dir='ltr'><strong>quam</strong></span> 
     </span>
    </p>
   </div>
   <div class='ocr_carea' id='block_1_76' title="bbox 1018 933 1807 970">
    <p class='ocr_par' dir='ltr' id='par_1_76' title="bbox 1018 933 1807 970">
     <span class='ocr_line' id='line_1_78' title="bbox 1018 933 1807 970; baseline 0.005 -11"><span class='ocrx_word' id='word_1_523' title='bbox 1018 933 1085 960; x_wconf 89' lang='lat' dir='ltr'><strong>alios</strong></span> <span class='ocrx_word' id='word_1_524' title='bbox 1100 940 1196 961; x_wconf 89' lang='lat' dir='ltr'><strong>oumes</strong></span> <span class='ocrx_word' id='word_1_525' title='bbox 1210 933 1303 967; x_wconf 89' lang='lat' dir='ltr'><strong>ducis;</strong></span> <span class='ocrx_word' id='word_1_526' title='bbox 1321 934 1356 961; x_wconf 89' lang='lat' dir='ltr'><strong>ita</strong></span> <span class='ocrx_word' id='word_1_527' title='bbox 1374 941 1481 961; x_wconf 85' lang='lat' dir='ltr'><strong>rursum</strong></span> <span class='ocrx_word' id='word_1_528' title='bbox 1496 934 1627 969; x_wconf 80' lang='lat' dir='ltr'><strong>Spiritum</strong></span> <span class='ocrx_word' id='word_1_529' title='bbox 1638 935 1715 963; x_wconf 85' lang='lat' dir='ltr'><strong>nobis</strong></span> <span class='ocrx_word' id='word_1_530' title='bbox 1725 935 1807 970; x_wconf 72' lang='lat' dir='ltr'><strong>longe</strong></span> 
     </span>
    </p>
   </div>
   <div class='ocr_carea' id='block_1_77' title="bbox 1018 978 1803 1014">
    <p class='ocr_par' dir='ltr' id='par_1_77' title="bbox 1018 978 1803 1014">
     <span class='ocr_line' id='line_1_79' title="bbox 1018 978 1803 1014; baseline 0.006 -9"><span class='ocrx_word' id='word_1_531' title='bbox 1018 979 1172 1014; x_wconf 78' lang='lat' dir='ltr'><strong>anteponis.</strong></span> <span class='ocrx_word' id='word_1_532' title='bbox 1191 978 1252 1006; x_wconf 89' lang='lat' dir='ltr'><strong>Non</strong></span> <span class='ocrx_word' id='word_1_533' title='bbox 1269 987 1364 1014; x_wconf 86' lang='lat' dir='ltr'><strong>passus</strong></span> <span class='ocrx_word' id='word_1_534' title='bbox 1382 988 1411 1008; x_wconf 87' lang='lat' dir='ltr'><strong>es</strong></span> <span class='ocrx_word' id='word_1_535' title='bbox 1429 980 1560 1008; x_wconf 85' lang='lat' dir='ltr'><strong>talentum</strong></span> <span class='ocrx_word' id='word_1_536' title='bbox 1582 981 1694 1008; x_wconf 84' lang='lat' dir='ltr'><strong>interra</strong></span> <span class='ocrx_word' id='word_1_537' title='bbox 1712 982 1803 1010; x_wconf 80' lang='lat' dir='ltr'><strong>defos—</strong></span> 
     </span>
    </p>
   </div>
   <div class='ocr_carea' id='block_1_78' title="bbox 1018 1025 1807 1063">
    <p class='ocr_par' dir='ltr' id='par_1_78' title="bbox 1018 1025 1807 1063">
     <span class='ocr_line' id='line_1_80' title="bbox 1018 1025 1807 1063; baseline 0.006 -12"><span class='ocrx_word' id='word_1_538' title='bbox 1018 1031 1079 1052; x_wconf 87' lang='lat' dir='ltr'><strong>sum</strong></span> <span class='ocrx_word' id='word_1_539' title='bbox 1094 1030 1178 1060; x_wconf 89' lang='lat' dir='ltr'><strong>atque</strong></span> <span class='ocrx_word' id='word_1_540' title='bbox 1195 1025 1327 1052; x_wconf 87' lang='lat' dir='ltr'><strong>obrutum</strong></span> <span class='ocrx_word' id='word_1_541' title='bbox 1341 1025 1437 1059; x_wconf 88' lang='lat' dir='ltr'><strong>latere,</strong></span> <span class='ocrx_word' id='word_1_542' title='bbox 1453 1036 1463 1053; x_wconf 75' lang='grc' dir='ltr'>ι</span> <span class='ocrx_word' id='word_1_543' title='bbox 1475 1033 1530 1054; x_wconf 90' lang='lat' dir='ltr'><strong>etc.</strong></span> <span class='ocrx_word' id='word_1_544' title='bbox 1548 1026 1639 1054; x_wconf 79' lang='lat' dir='ltr'><strong>Potuit</strong></span> <span class='ocrx_word' id='word_1_545' title='bbox 1651 1034 1715 1063; x_wconf 81' lang='lat' dir='ltr'><strong>ergo</strong></span> <span class='ocrx_word' id='word_1_546' title='bbox 1728 1028 1807 1056; x_wconf 84' lang='lat' dir='ltr'><strong>Basi-</strong></span> 
     </span>
    </p>
   </div>
   <div class='ocr_carea' id='block_1_79' title="bbox 1019 1071 1808 1107">
    <p class='ocr_par' dir='ltr' id='par_1_79' title="bbox 1019 1071 1808 1107">
     <span class='ocr_line' id='line_1_81' title="bbox 1019 1071 1808 1107; baseline 0.005 -10"><span class='ocrx_word' id='word_1_547' title='bbox 1019 1071 1081 1102; x_wconf 86' lang='lat' dir='ltr'><strong>lius,</strong></span> <span class='ocrx_word' id='word_1_548' title='bbox 1098 1071 1181 1099; x_wconf 88' lang='lat' dir='ltr'><strong>etiam</strong></span> <span class='ocrx_word' id='word_1_549' title='bbox 1201 1075 1264 1107; x_wconf 90' lang='lat' dir='ltr'><strong>post</strong></span> <span class='ocrx_word' id='word_1_550' title='bbox 1281 1071 1453 1100; x_wconf 86' lang='lat' dir='ltr'><strong>Sasimenses</strong></span> <span class='ocrx_word' id='word_1_551' title='bbox 1474 1073 1580 1106; x_wconf 83' lang='lat' dir='ltr'><strong>turbas,</strong></span> <span class='ocrx_word' id='word_1_552' title='bbox 1598 1073 1690 1101; x_wconf 89' lang='lat' dir='ltr'><strong>dicere</strong></span> <span class='ocrx_word' id='word_1_553' title='bbox 1706 1081 1736 1101; x_wconf 87' lang='lat' dir='ltr'><strong>se</strong></span> <span class='ocrx_word' id='word_1_554' title='bbox 1748 1073 1808 1101; x_wconf 81' lang='lat' dir='ltr'><strong>nul-</strong></span> 
     </span>
    </p>
   </div>
   <div class='ocr_carea' id='block_1_80' title="bbox 1019 1117 1807 1156">
    <p class='ocr_par' dir='ltr' id='par_1_80' title="bbox 1019 1117 1807 1156">
     <span class='ocr_line' id='line_1_82' title="bbox 1019 1117 1807 1156; baseline 0.005 -12"><span class='ocrx_word' id='word_1_555' title='bbox 1019 1117 1069 1145; x_wconf 89' lang='lat' dir='ltr'><strong>lius</strong></span> <span class='ocrx_word' id='word_1_556' title='bbox 1083 1118 1135 1145; x_wconf 89' lang='lat' dir='ltr'><strong>sibi</strong></span> <span class='ocrx_word' id='word_1_557' title='bbox 1150 1118 1177 1145; x_wconf 92' lang='lat' dir='ltr'><strong>in</strong></span> <span class='ocrx_word' id='word_1_558' title='bbox 1192 1117 1364 1153; x_wconf 81' lang='lat' dir='ltr'><strong>Gregorium,</strong></span> <span class='ocrx_word' id='word_1_559' title='bbox 1378 1127 1388 1144; x_wconf 71' lang='grc' dir='ltr'><strong>ε</strong></span> <span class='ocrx_word' id='word_1_560' title='bbox 1405 1126 1493 1155; x_wconf 85' lang='lat' dir='ltr'><strong>neque</strong></span> <span class='ocrx_word' id='word_1_561' title='bbox 1510 1120 1601 1154; x_wconf 90' lang='lat' dir='ltr'><strong>parvi,</strong></span> <span class='ocrx_word' id='word_1_562' title='bbox 1615 1126 1704 1155; x_wconf 90' lang='lat' dir='ltr'><strong>neque</strong></span> <span class='ocrx_word' id='word_1_563' title='bbox 1716 1122 1807 1156; x_wconf 72' lang='lat' dir='ltr'><strong>magni</strong></span> 
     </span>
    </p>
   </div>
   <div class='ocr_carea' id='block_1_81' title="bbox 1019 1162 1808 1194">
    <p class='ocr_par' dir='ltr' id='par_1_81' title="bbox 1019 1162 1808 1194">
     <span class='ocr_line' id='line_1_83' title="bbox 1019 1162 1808 1194; baseline 0.006 -5"><span class='ocrx_word' id='word_1_564' title='bbox 1019 1162 1109 1190; x_wconf 85' lang='lat' dir='ltr'><strong>delicti</strong></span> <span class='ocrx_word' id='word_1_565' title='bbox 1134 1170 1195 1191; x_wconf 85' lang='lat' dir='ltr'><strong>esse</strong></span> <span class='ocrx_word' id='word_1_566' title='bbox 1213 1163 1363 1191; x_wconf 91' lang='lat' dir='ltr'><strong>conscium.</strong></span> <span class='ocrx_word' id='word_1_567' title='bbox 1383 1173 1392 1190; x_wconf 80' lang='grc' dir='ltr'><strong><em>ι</em></strong></span> <span class='ocrx_word' id='word_1_568' title='bbox 1413 1164 1446 1191; x_wconf 83' lang='lat' dir='ltr'><strong>Et</strong></span> <span class='ocrx_word' id='word_1_569' title='bbox 1469 1170 1544 1192; x_wconf 89' lang='lat' dir='ltr'><strong>certe</strong></span> <span class='ocrx_word' id='word_1_570' title='bbox 1559 1165 1586 1192; x_wconf 91' lang='lat' dir='ltr'><strong>id</strong></span> <span class='ocrx_word' id='word_1_571' title='bbox 1610 1165 1701 1193; x_wconf 88' lang='lat' dir='ltr'><strong>dicere</strong></span> <span class='ocrx_word' id='word_1_572' title='bbox 1731 1166 1808 1194; x_wconf 90' lang='lat' dir='ltr'><strong>licuit</strong></span> 
     </span>
    </p>
   </div>
   <div class='ocr_carea' id='block_1_82' title="bbox 1018 1207 1805 1244">
    <p class='ocr_par' dir='ltr' id='par_1_82' title="bbox 1018 1207 1805 1244">
     <span class='ocr_line' id='line_1_84' title="bbox 1018 1207 1805 1244; baseline 0.005 -9"><span class='ocrx_word' id='word_1_573' title='bbox 1018 1207 1158 1244; x_wconf 76' lang='lat' dir='ltr'><strong>Gregorio,</strong></span> <span class='ocrx_word' id='word_1_574' title='bbox 1176 1209 1218 1236; x_wconf 92' lang='lat' dir='ltr'><strong>cui</strong></span> <span class='ocrx_word' id='word_1_575' title='bbox 1232 1210 1370 1237; x_wconf 87' lang='lat' dir='ltr'><strong>acerbiora</strong></span> <span class='ocrx_word' id='word_1_576' title='bbox 1381 1210 1407 1238; x_wconf 90' lang='lat' dir='ltr'><strong>in</strong></span> <span class='ocrx_word' id='word_1_577' title='bbox 1419 1210 1547 1239; x_wconf 83' lang='lat' dir='ltr'><strong>Basiliam</strong></span> <span class='ocrx_word' id='word_1_578' title='bbox 1558 1211 1641 1240; x_wconf 83' lang='lat' dir='ltr'><strong>verba</strong></span> <span class='ocrx_word' id='word_1_579' title='bbox 1656 1211 1805 1240; x_wconf 80' lang='lat' dir='ltr'><strong>excidere:</strong></span> 
     </span>
    </p>
   </div>
   <div class='ocr_carea' id='block_1_83' title="bbox 1017 1254 1349 1290">
    <p class='ocr_par' dir='ltr' id='par_1_83' title="bbox 1017 1254 1349 1290">
     <span class='ocr_line' id='line_1_85' title="bbox 1017 1254 1349 1290; baseline 0.009 -10"><span class='ocrx_word' id='word_1_580' title='bbox 1017 1259 1119 1288; x_wconf 89' lang='lat' dir='ltr'><strong>quanto</strong></span> <span class='ocrx_word' id='word_1_581' title='bbox 1134 1255 1220 1290; x_wconf 83' lang='lat' dir='ltr'><strong>magis</strong></span> <span class='ocrx_word' id='word_1_582' title='bbox 1230 1254 1349 1283; x_wconf 76' lang='lat' dir='ltr'><strong>Basilio?</strong></span> 
     </span>
    </p>
   </div>
   <div class='ocr_carea' id='block_1_84' title="bbox 1175 1309 1636 1346">
    <p class='ocr_par' dir='ltr' id='par_1_84' title="bbox 1175 1309 1636 1346">
     <span class='ocr_line' id='line_1_86' title="bbox 1175 1309 1636 1346; baseline 0.007 -9"><span class='ocrx_word' id='word_1_583' title='bbox 1175 1309 1266 1338; x_wconf 84' lang='lat' dir='ltr'><strong>CXIV.</strong></span> <span class='ocrx_word' id='word_1_584' title='bbox 1285 1311 1335 1338; x_wconf 83' lang='lat' dir='ltr'><strong>Ille</strong></span> <span class='ocrx_word' id='word_1_585' title='bbox 1350 1311 1442 1346; x_wconf 77' lang='lat' dir='ltr'><strong>hostis,</strong></span> <span class='ocrx_word' id='word_1_586' title='bbox 1459 1320 1510 1340; x_wconf 84' lang='lat' dir='ltr'><strong>non</strong></span> <span class='ocrx_word' id='word_1_587' title='bbox 1527 1311 1636 1340; x_wconf 71' lang='lat' dir='ltr'><strong>Valens.</strong></span> 
     </span>
    </p>
   </div>
   <div class='ocr_carea' id='block_1_85' title="bbox 1053 1354 1805 1392">
    <p class='ocr_par' dir='ltr' id='par_1_85' title="bbox 1053 1354 1805 1392">
     <span class='ocr_line' id='line_1_87' title="bbox 1053 1354 1805 1392; baseline 0.005 -11"><span class='ocrx_word' id='word_1_588' title='bbox 1053 1354 1131 1383; x_wconf 88' lang='lat' dir='ltr'><strong>Nunc</strong></span> <span class='ocrx_word' id='word_1_589' title='bbox 1153 1362 1216 1383; x_wconf 89' lang='lat' dir='ltr'><strong>vero</strong></span> <span class='ocrx_word' id='word_1_590' title='bbox 1235 1354 1454 1391; x_wconf 80' lang='lat' dir='ltr'><strong>expendendum,</strong></span> <span class='ocrx_word' id='word_1_591' title='bbox 1472 1364 1506 1384; x_wconf 91' lang='lat' dir='ltr'><strong>an</strong></span> <span class='ocrx_word' id='word_1_592' title='bbox 1531 1357 1618 1385; x_wconf 87' lang='lat' dir='ltr'><strong>hostis</strong></span> <span class='ocrx_word' id='word_1_593' title='bbox 1636 1358 1682 1392; x_wconf 90' lang='lat' dir='ltr'><strong>qui</strong></span> <span class='ocrx_word' id='word_1_594' title='bbox 1702 1357 1805 1385; x_wconf 88' lang='lat' dir='ltr'><strong>bellum</strong></span> 
     </span>
    </p>
   </div>
   <div class='ocr_carea' id='block_1_86' title="bbox 1019 1401 1805 1438">
    <p class='ocr_par' dir='ltr' id='par_1_86' title="bbox 1019 1401 1805 1438">
     <span class='ocr_line' id='line_1_88' title="bbox 1019 1401 1805 1438; baseline 0.005 -10"><span class='ocrx_word' id='word_1_595' title='bbox 1019 1401 1154 1430; x_wconf 84' lang='lat' dir='ltr'><strong>inferebat</strong></span> <span class='ocrx_word' id='word_1_596' title='bbox 1174 1401 1285 1434; x_wconf 86' lang='lat' dir='ltr'><strong>Basilio,</strong></span> <span class='ocrx_word' id='word_1_597' title='bbox 1309 1402 1331 1429; x_wconf 90' lang='lat' dir='ltr'><strong>is</strong></span> <span class='ocrx_word' id='word_1_598' title='bbox 1357 1402 1456 1430; x_wconf 83' lang='lat' dir='ltr'><strong>Valens</strong></span> <span class='ocrx_word' id='word_1_599' title='bbox 1479 1403 1628 1438; x_wconf 88' lang='lat' dir='ltr'><strong>imperator</strong></span> <span class='ocrx_word' id='word_1_600' title='bbox 1649 1409 1739 1437; x_wconf 89' lang='lat' dir='ltr'><strong>esset;</strong></span> <span class='ocrx_word' id='word_1_601' title='bbox 1769 1413 1805 1432; x_wconf 89' lang='lat' dir='ltr'><strong>an</strong></span> 
     </span>
    </p>
   </div>
   <div class='ocr_carea' id='block_1_87' title="bbox 1018 1447 1807 1483">
    <p class='ocr_par' dir='ltr' id='par_1_87' title="bbox 1018 1447 1807 1483">
     <span class='ocr_line' id='line_1_89' title="bbox 1018 1447 1807 1483; baseline 0.003 -8"><span class='ocrx_word' id='word_1_602' title='bbox 1018 1451 1170 1479; x_wconf 87' lang='lat' dir='ltr'><strong>certamen,</strong></span> <span class='ocrx_word' id='word_1_603' title='bbox 1185 1447 1218 1475; x_wconf 88' lang='lat' dir='ltr'><strong>ad</strong></span> <span class='ocrx_word' id='word_1_604' title='bbox 1233 1447 1305 1482; x_wconf 94' lang='lat' dir='ltr'><strong>quod</strong></span> <span class='ocrx_word' id='word_1_605' title='bbox 1326 1447 1443 1475; x_wconf 88' lang='lat' dir='ltr'><strong>Basilius</strong></span> <span class='ocrx_word' id='word_1_606' title='bbox 1456 1447 1618 1483; x_wconf 78' lang='lat' dir='ltr'><strong>Gregorium</strong></span> <span class='ocrx_word' id='word_1_607' title='bbox 1637 1450 1807 1482; x_wconf 84' lang='lat' dir='ltr'><strong>accersebat,</strong></span> 
     </span>
    </p>
   </div>
   <div class='ocr_carea' id='block_1_88' title="bbox 1018 1491 1806 1527">
    <p class='ocr_par' dir='ltr' id='par_1_88' title="bbox 1018 1491 1806 1527">
     <span class='ocr_line' id='line_1_90' title="bbox 1018 1491 1806 1527; baseline 0.004 -9"><span class='ocrx_word' id='word_1_608' title='bbox 1018 1496 1049 1518; x_wconf 93' lang='lat' dir='ltr'><strong>ut</strong></span> <span class='ocrx_word' id='word_1_609' title='bbox 1075 1499 1127 1518; x_wconf 88' lang='lat' dir='ltr'><strong>ttna</strong></span> <span class='ocrx_word' id='word_1_610' title='bbox 1155 1499 1248 1519; x_wconf 90' lang='lat' dir='ltr'><strong>secum</strong></span> <span class='ocrx_word' id='word_1_611' title='bbox 1280 1495 1425 1526; x_wconf 78' lang='lat' dir='ltr'><strong>pugnaret.</strong></span> <span class='ocrx_word' id='word_1_612' title='bbox 1457 1491 1523 1519; x_wconf 90' lang='lat' dir='ltr'><strong>illud</strong></span> <span class='ocrx_word' id='word_1_613' title='bbox 1551 1491 1634 1520; x_wconf 88' lang='lat' dir='ltr'><strong>fuerit</strong></span> <span class='ocrx_word' id='word_1_614' title='bbox 1655 1498 1806 1527; x_wconf 87' lang='lat' dir='ltr'><strong>certamen,</strong></span> 
     </span>
    </p>
   </div>
   <div class='ocr_carea' id='block_1_89' title="bbox 1018 1537 1807 1572">
    <p class='ocr_par' dir='ltr' id='par_1_89' title="bbox 1018 1537 1807 1572">
     <span class='ocr_line' id='line_1_91' title="bbox 1018 1537 1807 1572; baseline 0.004 -8"><span class='ocrx_word' id='word_1_615' title='bbox 1018 1537 1089 1572; x_wconf 88' lang='lat' dir='ltr'><strong>quod</strong></span> <span class='ocrx_word' id='word_1_616' title='bbox 1117 1537 1259 1565; x_wconf 88' lang='lat' dir='ltr'><strong>imminere</strong></span> <span class='ocrx_word' id='word_1_617' title='bbox 1282 1537 1334 1564; x_wconf 83' lang='lat' dir='ltr'><strong>sibi</strong></span> <span class='ocrx_word' id='word_1_618' title='bbox 1362 1544 1395 1564; x_wconf 80' lang='lat' dir='ltr'><strong>ex</strong></span> <span class='ocrx_word' id='word_1_619' title='bbox 1424 1537 1576 1565; x_wconf 82' lang='lat' dir='ltr'><strong>adventura</strong></span> <span class='ocrx_word' id='word_1_620' title='bbox 1588 1537 1807 1567; x_wconf 62' lang='lat' dir='ltr'><strong>CmsareamVa-</strong></span> 
     </span>
    </p>
   </div>
   <div class='ocr_carea' id='block_1_90' title="bbox 1019 1582 1808 1618">
    <p class='ocr_par' dir='ltr' id='par_1_90' title="bbox 1019 1582 1808 1618">
     <span class='ocr_line' id='line_1_92' title="bbox 1019 1582 1808 1618; baseline 0.004 -8"><span class='ocrx_word' id='word_1_621' title='bbox 1019 1582 1091 1611; x_wconf 88' lang='lat' dir='ltr'><strong>lente</strong></span> <span class='ocrx_word' id='word_1_622' title='bbox 1117 1583 1311 1611; x_wconf 87' lang='lat' dir='ltr'><strong>arbitrabatur.</strong></span> <span class='ocrx_word' id='word_1_623' title='bbox 1330 1582 1358 1610; x_wconf 95' lang='lat' dir='ltr'><strong>Id</strong></span> <span class='ocrx_word' id='word_1_624' title='bbox 1379 1583 1486 1618; x_wconf 90' lang='lat' dir='ltr'><strong>quidem</strong></span> <span class='ocrx_word' id='word_1_625' title='bbox 1511 1583 1608 1612; x_wconf 90' lang='lat' dir='ltr'><strong>volunt</strong></span> <span class='ocrx_word' id='word_1_626' title='bbox 1633 1585 1808 1613; x_wconf 80' lang='lat' dir='ltr'><strong>doctissimus</strong></span> 
     </span>
    </p>
   </div>
   <div class='ocr_carea' id='block_1_91' title="bbox 1018 1628 1808 1666">
    <p class='ocr_par' dir='ltr' id='par_1_91' title="bbox 1018 1628 1808 1666">
     <span class='ocr_line' id='line_1_93' title="bbox 1018 1628 1808 1666; baseline 0.003 -10"><span class='ocrx_word' id='word_1_627' title='bbox 1018 1628 1208 1657; x_wconf 87' lang='lat' dir='ltr'><strong>Tillemontius</strong></span> <span class='ocrx_word' id='word_1_628' title='bbox 1239 1634 1266 1657; x_wconf 85' lang='lat' dir='ltr'><strong>et</strong></span> <span class='ocrx_word' id='word_1_629' title='bbox 1290 1635 1383 1657; x_wconf 89' lang='lat' dir='ltr'><strong>noster</strong></span> <span class='ocrx_word' id='word_1_630' title='bbox 1394 1629 1571 1663; x_wconf 88' lang='lat' dir='ltr'><strong>Prudentius,</strong></span> <span class='ocrx_word' id='word_1_631' title='bbox 1586 1637 1665 1664; x_wconf 81' lang='lat' dir='ltr'><strong>quos,</strong></span> <span class='ocrx_word' id='word_1_632' title='bbox 1681 1630 1716 1658; x_wconf 90' lang='lat' dir='ltr'><strong>ob</strong></span> <span class='ocrx_word' id='word_1_633' title='bbox 1729 1638 1808 1666; x_wconf 72' lang='lat' dir='ltr'><strong>egre-</strong></span> 
     </span>
    </p>
   </div>
   <div class='ocr_carea' id='block_1_92' title="bbox 1017 1675 1808 1710">
    <p class='ocr_par' dir='ltr' id='par_1_92' title="bbox 1017 1675 1808 1710">
     <span class='ocr_line' id='line_1_94' title="bbox 1017 1675 1808 1710; baseline 0.003 -7"><span class='ocrx_word' id='word_1_634' title='bbox 1017 1676 1075 1710; x_wconf 70' lang='lat' dir='ltr'><strong>gias</strong></span> <span class='ocrx_word' id='word_1_635' title='bbox 1094 1676 1208 1704; x_wconf 87' lang='lat' dir='ltr'><strong>virtutes</strong></span> <span class='ocrx_word' id='word_1_636' title='bbox 1222 1680 1250 1704; x_wconf 89' lang='lat' dir='ltr'><strong>et</strong></span> <span class='ocrx_word' id='word_1_637' title='bbox 1269 1676 1413 1703; x_wconf 91' lang='lat' dir='ltr'><strong>scientiam</strong></span> <span class='ocrx_word' id='word_1_638' title='bbox 1438 1675 1617 1710; x_wconf 83' lang='lat' dir='ltr'><strong>singularem,</strong></span> <span class='ocrx_word' id='word_1_639' title='bbox 1633 1675 1808 1705; x_wconf 83' lang='lat' dir='ltr'><strong>observantia</strong></span> 
     </span>
    </p>
   </div>
   <div class='ocr_carea' id='block_1_93' title="bbox 1017 1721 1808 1758">
    <p class='ocr_par' dir='ltr' id='par_1_93' title="bbox 1017 1721 1808 1758">
     <span class='ocr_line' id='line_1_95' title="bbox 1017 1721 1808 1758; baseline 0.003 -9"><span class='ocrx_word' id='word_1_640' title='bbox 1017 1729 1098 1757; x_wconf 87' lang='lat' dir='ltr'><strong>quam</strong></span> <span class='ocrx_word' id='word_1_641' title='bbox 1115 1723 1232 1750; x_wconf 80' lang='lat' dir='ltr'><strong>maxima</strong></span> <span class='ocrx_word' id='word_1_642' title='bbox 1256 1722 1380 1749; x_wconf 91' lang='lat' dir='ltr'><strong>colimus.</strong></span> <span class='ocrx_word' id='word_1_643' title='bbox 1396 1721 1448 1750; x_wconf 89' lang='lat' dir='ltr'><strong>llic</strong></span> <span class='ocrx_word' id='word_1_644' title='bbox 1474 1727 1563 1749; x_wconf 90' lang='lat' dir='ltr'><strong>tamen</strong></span> <span class='ocrx_word' id='word_1_645' title='bbox 1577 1723 1612 1750; x_wconf 88' lang='lat' dir='ltr'><strong>ab</strong></span> <span class='ocrx_word' id='word_1_646' title='bbox 1635 1729 1731 1750; x_wconf 90' lang='lat' dir='ltr'><strong>eorum</strong></span> <span class='ocrx_word' id='word_1_647' title='bbox 1745 1723 1808 1758; x_wconf 73' lang='lat' dir='ltr'><strong>opi~</strong></span> 
     </span>
    </p>
   </div>
   <div class='ocr_carea' id='block_1_94' title="bbox 1018 1767 1808 1803">
    <p class='ocr_par' dir='ltr' id='par_1_94' title="bbox 1018 1767 1808 1803">
     <span class='ocr_line' id='line_1_96' title="bbox 1018 1767 1808 1803; baseline 0.004 -9"><span class='ocrx_word' id='word_1_648' title='bbox 1018 1768 1100 1795; x_wconf 91' lang='lat' dir='ltr'><strong>nione</strong></span> <span class='ocrx_word' id='word_1_649' title='bbox 1113 1767 1297 1800; x_wconf 88' lang='lat' dir='ltr'><strong>discedimus;</strong></span> <span class='ocrx_word' id='word_1_650' title='bbox 1317 1775 1406 1803; x_wconf 88' lang='lat' dir='ltr'><strong>ncqtte</strong></span> <span class='ocrx_word' id='word_1_651' title='bbox 1431 1769 1504 1796; x_wconf 90' lang='lat' dir='ltr'><strong>enim</strong></span> <span class='ocrx_word' id='word_1_652' title='bbox 1531 1768 1657 1803; x_wconf 78' lang='lat' dir='ltr'><strong>Gregorii</strong></span> <span class='ocrx_word' id='word_1_653' title='bbox 1673 1773 1700 1796; x_wconf 87' lang='lat' dir='ltr'><strong>et</strong></span> <span class='ocrx_word' id='word_1_654' title='bbox 1714 1768 1808 1798; x_wconf 84' lang='lat' dir='ltr'><strong>Basilii</strong></span> 
     </span>
    </p>
   </div>
   <div class='ocr_carea' id='block_1_95' title="bbox 1016 1812 1806 1849">
    <p class='ocr_par' dir='ltr' id='par_1_95' title="bbox 1016 1812 1806 1849">
     <span class='ocr_line' id='line_1_97' title="bbox 1016 1812 1806 1849; baseline 0.003 -10"><span class='ocrx_word' id='word_1_655' title='bbox 1016 1814 1099 1840; x_wconf 87' lang='lat' dir='ltr'><strong>verba</strong></span> <span class='ocrx_word' id='word_1_656' title='bbox 1117 1813 1150 1840; x_wconf 89' lang='lat' dir='ltr'><strong>de</strong></span> <span class='ocrx_word' id='word_1_657' title='bbox 1176 1812 1290 1841; x_wconf 84' lang='lat' dir='ltr'><strong>Valente</strong></span> <span class='ocrx_word' id='word_1_658' title='bbox 1308 1813 1406 1840; x_wconf 87' lang='lat' dir='ltr'><strong>debere</strong></span> <span class='ocrx_word' id='word_1_659' title='bbox 1437 1813 1551 1849; x_wconf 79' lang='lat' dir='ltr'><strong>intelligi</strong></span> <span class='ocrx_word' id='word_1_660' title='bbox 1574 1813 1652 1840; x_wconf 89' lang='lat' dir='ltr'><strong>ttobis</strong></span> <span class='ocrx_word' id='word_1_661' title='bbox 1669 1813 1806 1844; x_wconf 85' lang='lat' dir='ltr'><strong>videntur.</strong></span> 
     </span>
    </p>
   </div>
   <div class='ocr_carea' id='block_1_96' title="bbox 1017 1856 1807 1886">
    <p class='ocr_par' dir='ltr' id='par_1_96' title="bbox 1017 1856 1807 1886">
     <span class='ocr_line' id='line_1_98' title="bbox 1017 1856 1807 1886; baseline 0.003 -2"><span class='ocrx_word' id='word_1_662' title='bbox 1017 1857 1134 1884; x_wconf 86' lang='lat' dir='ltr'><strong>Basilius</strong></span> <span class='ocrx_word' id='word_1_663' title='bbox 1149 1856 1184 1884; x_wconf 87' lang='lat' dir='ltr'><strong>ad</strong></span> <span class='ocrx_word' id='word_1_664' title='bbox 1197 1861 1335 1884; x_wconf 88' lang='lat' dir='ltr'><strong>certamen</strong></span> <span class='ocrx_word' id='word_1_665' title='bbox 1352 1861 1449 1885; x_wconf 86' lang='lat' dir='ltr'><strong>contra</strong></span> <span class='ocrx_word' id='word_1_666' title='bbox 1465 1857 1571 1884; x_wconf 90' lang='lat' dir='ltr'><strong>hostem</strong></span> <span class='ocrx_word' id='word_1_667' title='bbox 1588 1858 1724 1885; x_wconf 87' lang='lat' dir='ltr'><strong>advocans</strong></span> <span class='ocrx_word' id='word_1_668' title='bbox 1739 1857 1807 1886; x_wconf 85' lang='lat' dir='ltr'><strong>Gre-</strong></span> 
     </span>
    </p>
   </div>
   <div class='ocr_carea' id='block_1_97' title="bbox 1017 1900 1807 1936">
    <p class='ocr_par' dir='ltr' id='par_1_97' title="bbox 1017 1900 1807 1936">
     <span class='ocr_line' id='line_1_99' title="bbox 1017 1900 1807 1936; baseline 0.005 -9"><span class='ocrx_word' id='word_1_669' title='bbox 1017 1900 1134 1936; x_wconf 81' lang='lat' dir='ltr'><strong>gorium,</strong></span> <span class='ocrx_word' id='word_1_670' title='bbox 1148 1901 1191 1928; x_wconf 89' lang='lat' dir='ltr'><strong>his</strong></span> <span class='ocrx_word' id='word_1_671' title='bbox 1216 1908 1278 1928; x_wconf 86' lang='lat' dir='ltr'><strong>cum</strong></span> <span class='ocrx_word' id='word_1_672' title='bbox 1303 1901 1392 1929; x_wconf 89' lang='lat' dir='ltr'><strong>verbis</strong></span> <span class='ocrx_word' id='word_1_673' title='bbox 1415 1901 1572 1936; x_wconf 85' lang='lat' dir='ltr'><strong>compellat.</strong></span> <span class='ocrx_word' id='word_1_674' title='bbox 1587 1910 1597 1928; x_wconf 84' lang='grc'><strong><em>‹</em></strong></span> <span class='ocrx_word' id='word_1_675' title='bbox 1611 1902 1639 1930; x_wconf 91' lang='lat' dir='ltr'><strong>Si</strong></span> <span class='ocrx_word' id='word_1_676' title='bbox 1656 1902 1728 1930; x_wconf 88' lang='lat' dir='ltr'><strong>enitn</strong></span> <span class='ocrx_word' id='word_1_677' title='bbox 1748 1908 1807 1931; x_wconf 85' lang='lat' dir='ltr'><strong>tan-</strong></span> 
     </span>
    </p>
   </div>
   <div class='ocr_carea' id='block_1_98' title="bbox 1018 1947 1808 1984">
    <p class='ocr_par' dir='ltr' id='par_1_98' title="bbox 1018 1947 1808 1984">
     <span class='ocr_line' id='line_1_100' title="bbox 1018 1947 1808 1984; baseline 0.006 -11"><span class='ocrx_word' id='word_1_678' title='bbox 1018 1951 1073 1973; x_wconf 88' lang='lat' dir='ltr'><strong>tum</strong></span> <span class='ocrx_word' id='word_1_679' title='bbox 1100 1953 1244 1982; x_wconf 85' lang='lat' dir='ltr'><strong>appareas,</strong></span> <span class='ocrx_word' id='word_1_680' title='bbox 1272 1947 1357 1982; x_wconf 86' lang='lat' dir='ltr'><strong>ipsius</strong></span> <span class='ocrx_word' id='word_1_681' title='bbox 1373 1948 1528 1982; x_wconf 87' lang='lat' dir='ltr'><strong>supprimes</strong></span> <span class='ocrx_word' id='word_1_682' title='bbox 1548 1949 1690 1984; x_wconf 88' lang='lat' dir='ltr'><strong>impetum,</strong></span> <span class='ocrx_word' id='word_1_683' title='bbox 1706 1956 1808 1984; x_wconf 84' lang='lat' dir='ltr'><strong>eosque</strong></span> 
     </span>
    </p>
   </div>
   <div class='ocr_carea' id='block_1_99' title="bbox 1016 1992 1806 2031">
    <p class='ocr_par' dir='ltr' id='par_1_99' title="bbox 1016 1992 1806 2031">
     <span class='ocr_line' id='line_1_101' title="bbox 1016 1992 1806 2031; baseline 0.006 -13"><span class='ocrx_word' id='word_1_684' title='bbox 1016 1992 1064 2027; x_wconf 90' lang='lat' dir='ltr'><strong>qui</strong></span> <span class='ocrx_word' id='word_1_685' title='bbox 1078 1992 1110 2019; x_wconf 89' lang='lat' dir='ltr'><strong>ad</strong></span> <span class='ocrx_word' id='word_1_686' title='bbox 1124 1993 1219 2027; x_wconf 69' lang='lat' dir='ltr'><strong>patriae</strong></span> <span class='ocrx_word' id='word_1_687' title='bbox 1234 1999 1278 2020; x_wconf 81' lang='lat' dir='ltr'><strong>res</strong></span> <span class='ocrx_word' id='word_1_688' title='bbox 1293 1992 1454 2021; x_wconf 89' lang='lat' dir='ltr'><strong>evertendas</strong></span> <span class='ocrx_word' id='word_1_689' title='bbox 1466 1994 1635 2030; x_wconf 83' lang='lat' dir='ltr'><strong>conspirant,</strong></span> <span class='ocrx_word' id='word_1_690' title='bbox 1650 1995 1806 2031; x_wconf 85' lang='lat' dir='ltr'><strong>dissipabis,</strong></span> 
     </span>
    </p>
   </div>
   <div class='ocr_carea' id='block_1_100' title="bbox 1017 2037 1807 2075">
    <p class='ocr_par' dir='ltr' id='par_1_100' title="bbox 1017 2037 1807 2075">
     <span class='ocr_line' id='line_1_102' title="bbox 1017 2037 1807 2075; baseline 0.006 -11"><span class='ocrx_word' id='word_1_691' title='bbox 1017 2037 1063 2064; x_wconf 90' lang='lat' dir='ltr'><strong>ubi</strong></span> <span class='ocrx_word' id='word_1_692' title='bbox 1079 2038 1144 2072; x_wconf 88' lang='lat' dir='ltr'><strong>ipsis</strong></span> <span class='ocrx_word' id='word_1_693' title='bbox 1161 2043 1255 2066; x_wconf 89' lang='lat' dir='ltr'><strong>notum</strong></span> <span class='ocrx_word' id='word_1_694' title='bbox 1275 2037 1357 2066; x_wconf 88' lang='lat' dir='ltr'><strong>fuerit</strong></span> <span class='ocrx_word' id='word_1_695' title='bbox 1377 2044 1404 2067; x_wconf 87' lang='lat' dir='ltr'><strong>te</strong></span> <span class='ocrx_word' id='word_1_696' title='bbox 1426 2039 1474 2067; x_wconf 86' lang='lat' dir='ltr'><strong>Dei</strong></span> <span class='ocrx_word' id='word_1_697' title='bbox 1497 2041 1586 2075; x_wconf 83' lang='lat' dir='ltr'><strong>gratia</strong></span> <span class='ocrx_word' id='word_1_698' title='bbox 1608 2041 1697 2068; x_wconf 88' lang='lat' dir='ltr'><strong>nostri</strong></span> <span class='ocrx_word' id='word_1_699' title='bbox 1719 2046 1807 2069; x_wconf 77' lang='lat' dir='ltr'><strong>coetus</strong></span> 
     </span>
    </p>
   </div>
   <div class='ocr_carea' id='block_1_101' title="bbox 1017 2083 1807 2120">
    <p class='ocr_par' dir='ltr' id='par_1_101' title="bbox 1017 2083 1807 2120">
     <span class='ocr_line' id='line_1_103' title="bbox 1017 2083 1807 2120; baseline 0.008 -10"><span class='ocrx_word' id='word_1_700' title='bbox 1017 2083 1113 2111; x_wconf 90' lang='lat' dir='ltr'><strong>ducem</strong></span> <span class='ocrx_word' id='word_1_701' title='bbox 1128 2091 1198 2112; x_wconf 83' lang='lat' dir='ltr'><strong>e55e.</strong></span> <span class='ocrx_word' id='word_1_702' title='bbox 1212 2094 1222 2111; x_wconf 73' lang='grc' dir='ltr'><strong><em>ι</em></strong></span> <span class='ocrx_word' id='word_1_703' title='bbox 1252 2084 1339 2118; x_wconf 88' lang='lat' dir='ltr'><strong>Itane,</strong></span> <span class='ocrx_word' id='word_1_704' title='bbox 1359 2086 1468 2118; x_wconf 90' lang='lat' dir='ltr'><strong>amabo,</strong></span> <span class='ocrx_word' id='word_1_705' title='bbox 1486 2086 1621 2120; x_wconf 88' lang='lat' dir='ltr'><strong>scribere,</strong></span> <span class='ocrx_word' id='word_1_706' title='bbox 1642 2092 1669 2115; x_wconf 90' lang='lat' dir='ltr'><strong>et</strong></span> <span class='ocrx_word' id='word_1_707' title='bbox 1690 2088 1748 2116; x_wconf 65' lang='lat' dir='ltr'><strong>haec</strong></span> <span class='ocrx_word' id='word_1_708' title='bbox 1773 2088 1807 2116; x_wconf 83' lang='lat' dir='ltr'><strong>de</strong></span> 
     </span>
    </p>
   </div>
   <div class='ocr_carea' id='block_1_102' title="bbox 1018 2126 1807 2166">
    <p class='ocr_par' dir='ltr' id='par_1_102' title="bbox 1018 2126 1807 2166">
     <span class='ocr_line' id='line_1_104' title="bbox 1018 2126 1807 2166; baseline 0.005 -10"><span class='ocrx_word' id='word_1_709' title='bbox 1018 2126 1139 2157; x_wconf 83' lang='lat' dir='ltr'><strong>Valentis</strong></span> <span class='ocrx_word' id='word_1_710' title='bbox 1155 2129 1257 2166; x_wconf 90' lang='lat' dir='ltr'><strong>impetu</strong></span> <span class='ocrx_word' id='word_1_711' title='bbox 1282 2131 1375 2159; x_wconf 85' lang='lat' dir='ltr'><strong>dicere</strong></span> <span class='ocrx_word' id='word_1_712' title='bbox 1390 2131 1467 2159; x_wconf 88' lang='lat' dir='ltr'><strong>licuit</strong></span> <span class='ocrx_word' id='word_1_713' title='bbox 1483 2129 1603 2160; x_wconf 87' lang='lat' dir='ltr'><strong>Basilio?</strong></span> <span class='ocrx_word' id='word_1_714' title='bbox 1617 2133 1657 2159; x_wconf 85' lang='lat' dir='ltr'><strong>Att</strong></span> <span class='ocrx_word' id='word_1_715' title='bbox 1674 2141 1740 2160; x_wconf 89' lang='lat' dir='ltr'><strong>vero</strong></span> <span class='ocrx_word' id='word_1_716' title='bbox 1756 2133 1807 2161; x_wconf 88' lang='lat' dir='ltr'><strong>Ba-</strong></span> 
     </span>
    </p>
   </div>
   <div class='ocr_carea' id='block_1_103' title="bbox 1017 2176 1803 2213">
    <p class='ocr_par' dir='ltr' id='par_1_103' title="bbox 1017 2176 1803 2213">
     <span class='ocr_line' id='line_1_105' title="bbox 1017 2176 1803 2213; baseline 0.004 -11"><span class='ocrx_word' id='word_1_717' title='bbox 1017 2176 1094 2204; x_wconf 88' lang='lat' dir='ltr'><strong>silius</strong></span> <span class='ocrx_word' id='word_1_718' title='bbox 1109 2183 1228 2211; x_wconf 86' lang='lat' dir='ltr'><strong>uoquam</strong></span> <span class='ocrx_word' id='word_1_719' title='bbox 1245 2176 1412 2204; x_wconf 81' lang='lat' dir='ltr'><strong>existimavit</strong></span> <span class='ocrx_word' id='word_1_720' title='bbox 1424 2176 1598 2212; x_wconf 82' lang='lat' dir='ltr'><strong>Gregorium,</strong></span> <span class='ocrx_word' id='word_1_721' title='bbox 1613 2177 1657 2204; x_wconf 89' lang='lat' dir='ltr'><strong>vel</strong></span> <span class='ocrx_word' id='word_1_722' title='bbox 1682 2177 1803 2213; x_wconf 87' lang='lat' dir='ltr'><strong>impera-</strong></span> 
     </span>
    </p>
   </div>
   <div class='ocr_carea' id='block_1_104' title="bbox 1017 2221 1806 2258">
    <p class='ocr_par' dir='ltr' id='par_1_104' title="bbox 1017 2221 1806 2258">
     <span class='ocr_line' id='line_1_106' title="bbox 1017 2221 1806 2258; baseline 0.005 -10"><span class='ocrx_word' id='word_1_723' title='bbox 1017 2222 1080 2255; x_wconf 88' lang='lat' dir='ltr'><strong>tori,</strong></span> <span class='ocrx_word' id='word_1_724' title='bbox 1104 2222 1145 2249; x_wconf 89' lang='lat' dir='ltr'><strong>vel</strong></span> <span class='ocrx_word' id='word_1_725' title='bbox 1174 2221 1316 2257; x_wconf 78' lang='lat' dir='ltr'><strong>praefecto,</strong></span> <span class='ocrx_word' id='word_1_726' title='bbox 1335 2222 1378 2249; x_wconf 88' lang='lat' dir='ltr'><strong>vel</strong></span> <span class='ocrx_word' id='word_1_727' title='bbox 1404 2229 1553 2257; x_wconf 91' lang='lat' dir='ltr'><strong>coquorum</strong></span> <span class='ocrx_word' id='word_1_728' title='bbox 1579 2223 1720 2258; x_wconf 77' lang='lat' dir='ltr'><strong>magistro,</strong></span> <span class='ocrx_word' id='word_1_729' title='bbox 1738 2224 1806 2252; x_wconf 88' lang='lat' dir='ltr'><strong>adeo</strong></span> 
     </span>
    </p>
   </div>
   <div class='ocr_carea' id='block_1_105' title="bbox 1019 2267 1806 2302">
    <p class='ocr_par' dir='ltr' id='par_1_105' title="bbox 1019 2267 1806 2302">
     <span class='ocr_line' id='line_1_107' title="bbox 1019 2267 1806 2302; baseline 0.004 -8"><span class='ocrx_word' id='word_1_730' title='bbox 1019 2272 1067 2294; x_wconf 89' lang='lat' dir='ltr'><strong>aut</strong></span> <span class='ocrx_word' id='word_1_731' title='bbox 1085 2267 1233 2294; x_wconf 89' lang='lat' dir='ltr'><strong>terribilem</strong></span> <span class='ocrx_word' id='word_1_732' title='bbox 1248 2272 1296 2294; x_wconf 86' lang='lat' dir='ltr'><strong>aut</strong></span> <span class='ocrx_word' id='word_1_733' title='bbox 1307 2272 1447 2302; x_wconf 88' lang='lat' dir='ltr'><strong>acceptum</strong></span> <span class='ocrx_word' id='word_1_734' title='bbox 1456 2275 1526 2299; x_wconf 85' lang='lat' dir='ltr'><strong>esse,</strong></span> <span class='ocrx_word' id='word_1_735' title='bbox 1539 2271 1569 2295; x_wconf 90' lang='lat' dir='ltr'><strong>ut</strong></span> <span class='ocrx_word' id='word_1_736' title='bbox 1583 2269 1627 2296; x_wconf 87' lang='lat' dir='ltr'><strong>vel</strong></span> <span class='ocrx_word' id='word_1_737' title='bbox 1646 2270 1806 2298; x_wconf 82' lang='lat' dir='ltr'><strong>auctoritate</strong></span> 
     </span>
    </p>
   </div>
   <div class='ocr_carea' id='block_1_106' title="bbox 1019 2312 1804 2348">
    <p class='ocr_par' dir='ltr' id='par_1_106' title="bbox 1019 2312 1804 2348">
     <span class='ocr_line' id='line_1_108' title="bbox 1019 2312 1804 2348; baseline 0.004 -8"><span class='ocrx_word' id='word_1_738' title='bbox 1019 2312 1059 2340; x_wconf 74' lang='lat' dir='ltr'><strong>Vel</strong></span> <span class='ocrx_word' id='word_1_739' title='bbox 1085 2313 1184 2348; x_wconf 85' lang='lat' dir='ltr'><strong>gratia,</strong></span> <span class='ocrx_word' id='word_1_740' title='bbox 1201 2312 1256 2340; x_wconf 92' lang='lat' dir='ltr'><strong>itno</strong></span> <span class='ocrx_word' id='word_1_741' title='bbox 1279 2314 1336 2340; x_wconf 85' lang='lat' dir='ltr'><strong>sola</strong></span> <span class='ocrx_word' id='word_1_742' title='bbox 1353 2313 1393 2340; x_wconf 90' lang='lat' dir='ltr'><strong>sui</strong></span> <span class='ocrx_word' id='word_1_743' title='bbox 1416 2313 1572 2347; x_wconf 75' lang='lat' dir='ltr'><strong>praesentia,</strong></span> <span class='ocrx_word' id='word_1_744' title='bbox 1588 2319 1615 2341; x_wconf 88' lang='lat' dir='ltr'><strong>et</strong></span> <span class='ocrx_word' id='word_1_745' title='bbox 1626 2322 1687 2342; x_wconf 84' lang='lat' dir='ltr'><strong>cum</strong></span> <span class='ocrx_word' id='word_1_746' title='bbox 1703 2315 1804 2343; x_wconf 87' lang='lat' dir='ltr'><strong>Basilio</strong></span> 
     </span>
    </p>
   </div>
   <div class='ocr_carea' id='block_1_107' title="bbox 1017 2358 1803 2395">
    <p class='ocr_par' dir='ltr' id='par_1_107' title="bbox 1017 2358 1803 2395">
     <span class='ocr_line' id='line_1_109' title="bbox 1017 2358 1803 2395; baseline 0.005 -10"><span class='ocrx_word' id='word_1_747' title='bbox 1017 2358 1158 2390; x_wconf 86' lang='lat' dir='ltr'><strong>societate,</strong></span> <span class='ocrx_word' id='word_1_748' title='bbox 1175 2363 1266 2386; x_wconf 90' lang='lat' dir='ltr'><strong>tantos</strong></span> <span class='ocrx_word' id='word_1_749' title='bbox 1289 2358 1431 2386; x_wconf 87' lang='lat' dir='ltr'><strong>confestim</strong></span> <span class='ocrx_word' id='word_1_750' title='bbox 1454 2359 1572 2395; x_wconf 84' lang='lat' dir='ltr'><strong>impetus</strong></span> <span class='ocrx_word' id='word_1_751' title='bbox 1601 2361 1754 2394; x_wconf 89' lang='lat' dir='ltr'><strong>retardare,</strong></span> <span class='ocrx_word' id='word_1_752' title='bbox 1769 2370 1803 2389; x_wconf 86' lang='lat' dir='ltr'><strong>ne</strong></span> 
     </span>
    </p>
   </div>
   <div class='ocr_carea' id='block_1_108' title="bbox 1018 2404 1806 2440">
    <p class='ocr_par' dir='ltr' id='par_1_108' title="bbox 1018 2404 1806 2440">
     <span class='ocr_line' id='line_1_110' title="bbox 1018 2404 1806 2440; baseline 0.004 -9"><span class='ocrx_word' id='word_1_753' title='bbox 1018 2405 1105 2432; x_wconf 88' lang='lat' dir='ltr'><strong>dicam</strong></span> <span class='ocrx_word' id='word_1_754' title='bbox 1127 2404 1305 2438; x_wconf 68' lang='lat' dir='ltr'><strong>«dissipare»</strong></span> <span class='ocrx_word' id='word_1_755' title='bbox 1323 2404 1431 2439; x_wconf 88' lang='lat' dir='ltr'><strong>penitus</strong></span> <span class='ocrx_word' id='word_1_756' title='bbox 1453 2407 1563 2440; x_wconf 86' lang='lat' dir='ltr'><strong>posset?</strong></span> <span class='ocrx_word' id='word_1_757' title='bbox 1581 2406 1649 2440; x_wconf 89' lang='lat' dir='ltr'><strong>Quin</strong></span> <span class='ocrx_word' id='word_1_758' title='bbox 1674 2407 1718 2434; x_wconf 90' lang='lat' dir='ltr'><strong>his</strong></span> <span class='ocrx_word' id='word_1_759' title='bbox 1744 2415 1806 2434; x_wconf 62' lang='lat' dir='ltr'><strong>cer-</strong></span> 
     </span>
    </p>
   </div>
   <div class='ocr_carea' id='block_1_109' title="bbox 1018 2449 1803 2486">
    <p class='ocr_par' dir='ltr' id='par_1_109' title="bbox 1018 2449 1803 2486">
     <span class='ocr_line' id='line_1_111' title="bbox 1018 2449 1803 2486; baseline 0.005 -10"><span class='ocrx_word' id='word_1_760' title='bbox 1018 2450 1163 2476; x_wconf 83' lang='lat' dir='ltr'><strong>taminibus</strong></span> <span class='ocrx_word' id='word_1_761' title='bbox 1178 2457 1238 2476; x_wconf 92' lang='lat' dir='ltr'><strong>cum</strong></span> <span class='ocrx_word' id='word_1_762' title='bbox 1259 2449 1396 2484; x_wconf 66' lang='lat' dir='ltr'><strong>prarfectis</strong></span> <span class='ocrx_word' id='word_1_763' title='bbox 1412 2450 1446 2477; x_wconf 87' lang='lat' dir='ltr'><strong>ab</strong></span> <span class='ocrx_word' id='word_1_764' title='bbox 1465 2451 1630 2486; x_wconf 88' lang='lat' dir='ltr'><strong>imperatore</strong></span> <span class='ocrx_word' id='word_1_765' title='bbox 1647 2453 1803 2486; x_wconf 57' lang='lat' dir='ltr'><strong>praemissis,</strong></span> 
     </span>
    </p>
   </div>
   <div class='ocr_carea' id='block_1_110' title="bbox 1018 2494 1804 2531">
    <p class='ocr_par' dir='ltr' id='par_1_110' title="bbox 1018 2494 1804 2531">
     <span class='ocr_line' id='line_1_112' title="bbox 1018 2494 1804 2531; baseline 0.003 -9"><span class='ocrx_word' id='word_1_766' title='bbox 1018 2500 1045 2522; x_wconf 86' lang='lat' dir='ltr'><strong>ct</strong></span> <span class='ocrx_word' id='word_1_767' title='bbox 1060 2503 1121 2522; x_wconf 90' lang='lat' dir='ltr'><strong>cum</strong></span> <span class='ocrx_word' id='word_1_768' title='bbox 1137 2495 1195 2529; x_wconf 80' lang='lat' dir='ltr'><strong>ipso</strong></span> <span class='ocrx_word' id='word_1_769' title='bbox 1216 2494 1330 2523; x_wconf 78' lang='lat' dir='ltr'><strong>Valente</strong></span> <span class='ocrx_word' id='word_1_770' title='bbox 1346 2495 1434 2522; x_wconf 86' lang='lat' dir='ltr'><strong>adluit</strong></span> <span class='ocrx_word' id='word_1_771' title='bbox 1457 2496 1624 2530; x_wconf 78' lang='lat' dir='ltr'><strong>Gregorius:</strong></span> <span class='ocrx_word' id='word_1_772' title='bbox 1640 2497 1705 2531; x_wconf 90' lang='lat' dir='ltr'><strong>quid</strong></span> <span class='ocrx_word' id='word_1_773' title='bbox 1721 2505 1804 2531; x_wconf 81' lang='lat' dir='ltr'><strong>porro</strong></span> 
     </span>
    </p>
   </div>
   <div class='ocr_carea' id='block_1_111' title="bbox 1019 2541 1806 2576">
    <p class='ocr_par' dir='ltr' id='par_1_111' title="bbox 1019 2541 1806 2576">
     <span class='ocr_line' id='line_1_113' title="bbox 1019 2541 1806 2576; baseline 0.003 -9"><span class='ocrx_word' id='word_1_774' title='bbox 1019 2541 1071 2568; x_wconf 89' lang='lat' dir='ltr'><strong>tale</strong></span> <span class='ocrx_word' id='word_1_775' title='bbox 1086 2541 1222 2575; x_wconf 65' lang='lat' dir='ltr'><strong>praestitit,</strong></span> <span class='ocrx_word' id='word_1_776' title='bbox 1237 2541 1317 2575; x_wconf 88' lang='lat' dir='ltr'><strong>quale</strong></span> <span class='ocrx_word' id='word_1_777' title='bbox 1330 2542 1517 2576; x_wconf 70' lang='lat' dir='ltr'><strong>prmstiturum</strong></span> <span class='ocrx_word' id='word_1_778' title='bbox 1535 2542 1647 2569; x_wconf 89' lang='lat' dir='ltr'><strong>conlidit</strong></span> <span class='ocrx_word' id='word_1_779' title='bbox 1668 2541 1806 2570; x_wconf 79' lang='lat' dir='ltr'><strong>Basilius?</strong></span> 
     </span>
    </p>
   </div>
   <div class='ocr_carea' id='block_1_112' title="bbox 1017 2596 1803 2633">
    <p class='ocr_par' dir='ltr' id='par_1_112' title="bbox 1017 2596 1803 2633">
     <span class='ocr_line' id='line_1_114' title="bbox 1017 2596 1803 2633; baseline 0.001 -8"><span class='ocrx_word' id='word_1_780' title='bbox 1017 2597 1097 2625; x_wconf 79' lang='lat' dir='ltr'><strong>CXV.</strong></span> <span class='ocrx_word' id='word_1_781' title='bbox 1115 2596 1272 2625; x_wconf 73' lang='lat' dir='ltr'><strong>Eustathius</strong></span> <span class='ocrx_word' id='word_1_782' title='bbox 1298 2597 1456 2625; x_wconf 64' lang='lat' dir='ltr'><strong>Sebastianus</strong></span> <span class='ocrx_word' id='word_1_783' title='bbox 1474 2599 1656 2633; x_wconf 77' lang='lat' dir='ltr'><strong>intelligendus</strong></span> <span class='ocrx_word' id='word_1_784' title='bbox 1670 2603 1708 2626; x_wconf 75' lang='lat' dir='ltr'><strong>est</strong></span> <span class='ocrx_word' id='word_1_785' title='bbox 1722 2599 1803 2626; x_wconf 72' lang='lat' dir='ltr'><strong>Basi-</strong></span> 
     </span>
    </p>
   </div>
   <div class='ocr_carea' id='block_1_113' title="bbox 1319 2633 1498 2668">
    <p class='ocr_par' dir='ltr' id='par_1_113' title="bbox 1319 2633 1498 2668">
     <span class='ocr_line' id='line_1_115' title="bbox 1319 2633 1498 2668; baseline 0.006 -9"><span class='ocrx_word' id='word_1_786' title='bbox 1319 2633 1355 2660; x_wconf 85' lang='lat' dir='ltr'><strong>lio</strong></span> <span class='ocrx_word' id='word_1_787' title='bbox 1370 2634 1498 2668; x_wconf 73' lang='lat' dir='ltr'><strong>mfenaus.</strong></span> 
     </span>
    </p>
   </div>
   <div class='ocr_carea' id='block_1_114' title="bbox 1051 2677 1802 2714">
    <p class='ocr_par' dir='ltr' id='par_1_114' title="bbox 1051 2677 1802 2714">
     <span class='ocr_line' id='line_1_116' title="bbox 1051 2677 1802 2714; baseline 0.003 -10"><span class='ocrx_word' id='word_1_788' title='bbox 1051 2677 1110 2706; x_wconf 84' lang='lat' dir='ltr'><strong>Non</strong></span> <span class='ocrx_word' id='word_1_789' title='bbox 1134 2686 1199 2713; x_wconf 88' lang='lat' dir='ltr'><strong>ergo</strong></span> <span class='ocrx_word' id='word_1_790' title='bbox 1228 2678 1261 2706; x_wconf 88' lang='lat' dir='ltr'><strong>de</strong></span> <span class='ocrx_word' id='word_1_791' title='bbox 1294 2678 1406 2706; x_wconf 87' lang='lat' dir='ltr'><strong>Valente</strong></span> <span class='ocrx_word' id='word_1_792' title='bbox 1430 2678 1602 2714; x_wconf 80' lang='lat' dir='ltr'><strong>intelligenda</strong></span> <span class='ocrx_word' id='word_1_793' title='bbox 1623 2683 1686 2706; x_wconf 88' lang='lat' dir='ltr'><strong>sunt</strong></span> <span class='ocrx_word' id='word_1_794' title='bbox 1709 2678 1802 2706; x_wconf 88' lang='lat' dir='ltr'><strong>Basilii</strong></span> 
     </span>
    </p>
   </div>
   <div class='ocr_carea' id='block_1_115' title="bbox 1017 2723 1804 2761">
    <p class='ocr_par' dir='ltr' id='par_1_115' title="bbox 1017 2723 1804 2761">
     <span class='ocr_line' id='line_1_117' title="bbox 1017 2723 1804 2761; baseline 0.005 -11"><span class='ocrx_word' id='word_1_795' title='bbox 1017 2724 1110 2752; x_wconf 85' lang='lat' dir='ltr'><strong>verba.</strong></span> <span class='ocrx_word' id='word_1_796' title='bbox 1127 2724 1173 2752; x_wconf 87' lang='lat' dir='ltr'><strong>sed</strong></span> <span class='ocrx_word' id='word_1_797' title='bbox 1198 2724 1231 2752; x_wconf 90' lang='lat' dir='ltr'><strong>de</strong></span> <span class='ocrx_word' id='word_1_798' title='bbox 1256 2724 1315 2760; x_wconf 89' lang='lat' dir='ltr'><strong>ejus</strong></span> <span class='ocrx_word' id='word_1_799' title='bbox 1333 2723 1511 2760; x_wconf 74' lang='lat' dir='ltr'><strong>sull&#39;raganeis</strong></span> <span class='ocrx_word' id='word_1_800' title='bbox 1528 2724 1643 2761; x_wconf 84' lang='lat' dir='ltr'><strong>aliisque</strong></span> <span class='ocrx_word' id='word_1_801' title='bbox 1654 2724 1804 2760; x_wconf 78' lang='lat' dir='ltr'><strong>episcOpis.</strong></span> 
     </span>
    </p>
   </div>
   <div class='ocr_carea' id='block_1_116' title="bbox 1053 2793 1300 2829">
    <p class='ocr_par' dir='ltr' id='par_1_116' title="bbox 1053 2793 1300 2829">
     <span class='ocr_line' id='line_1_118' title="bbox 1053 2793 1300 2829; baseline 0.004 -9"><span class='ocrx_word' id='word_1_802' title='bbox 1053 2793 1088 2829; x_wconf 79' lang='grc' dir='ltr'><strong>(ε)</strong></span> <span class='ocrx_word' id='word_1_803' title='bbox 1102 2793 1186 2828; x_wconf 89' lang='lat' dir='ltr'><strong>Epist.</strong></span> <span class='ocrx_word' id='word_1_804' title='bbox 1201 2794 1236 2821; x_wconf 89' lang='lat' dir='ltr'><strong>al.</strong></span> <span class='ocrx_word' id='word_1_805' title='bbox 1253 2795 1300 2821; x_wconf 75' lang='grc'><strong>26.</strong></span> 
     </span>
    </p>
   </div>
   <div class='ocr_carea' id='block_1_117' title="bbox 1063 2828 1320 2864">
    <p class='ocr_par' dir='ltr' id='par_1_117' title="bbox 1063 2828 1320 2864">
     <span class='ocr_line' id='line_1_119' title="bbox 1063 2828 1320 2864; baseline 0.012 -9"><span class='ocrx_word' id='word_1_806' title='bbox 1063 2829 1085 2864; x_wconf 76' lang='lat' dir='ltr'><strong>f)</strong></span> <span class='ocrx_word' id='word_1_807' title='bbox 1100 2828 1146 2856; x_wconf 88' lang='lat' dir='ltr'><strong>0r.</strong></span> <span class='ocrx_word' id='word_1_808' title='bbox 1162 2828 1208 2864; x_wconf 69' lang='grc'><strong>45,</strong></span> <span class='ocrx_word' id='word_1_809' title='bbox 1225 2837 1252 2857; x_wconf 90' lang='lat' dir='ltr'><strong>n.</strong></span> <span class='ocrx_word' id='word_1_810' title='bbox 1273 2830 1320 2858; x_wconf 84' lang='lat'><strong>59.</strong></span> 
     </span>
    </p>
   </div>
   <div class='ocr_carea' id='block_1_118' title="bbox 1052 2830 1291 2899">
    <p class='ocr_par' dir='ltr' id='par_1_118' title="bbox 1052 2830 1291 2899">
     <span class='ocr_line' id='line_1_120' title="bbox 1063 2830 1291 2864; baseline 0.004 -8"><span class='ocrx_word' id='word_1_811' title='bbox 1063 2830 1085 2864; x_wconf 76' lang='lat' dir='ltr'><strong>f)</strong></span> <span class='ocrx_word' id='word_1_812' title='bbox 1100 2830 1146 2856; x_wconf 88' lang='lat' dir='ltr'><strong>0r.</strong></span> <span class='ocrx_word' id='word_1_813' title='bbox 1162 2830 1208 2860; x_wconf 75' lang='grc'><strong>45,</strong></span> <span class='ocrx_word' id='word_1_814' title='bbox 1225 2837 1252 2857; x_wconf 90' lang='lat' dir='ltr'><strong>n.</strong></span> <span class='ocrx_word' id='word_1_815' title='bbox 1273 2830 1291 2856; x_wconf 82' lang='lat'><strong>5‘</strong></span> 
     </span>
     <span class='ocr_line' id='line_1_121' title="bbox 1052 2830 1291 2899; baseline 0 -6"><span class='ocrx_word' id='word_1_816' title='bbox 1052 2830 1090 2899; x_wconf 67' lang='lat' dir='ltr'><strong>lg)</strong></span> <span class='ocrx_word' id='word_1_817' title='bbox 1106 2863 1153 2893; x_wconf 80' lang='lat' dir='ltr'><strong>0r.</strong></span> <span class='ocrx_word' id='word_1_818' title='bbox 1166 2863 1209 2897; x_wconf 85' lang='lat' dir='ltr'><strong>I0,</strong></span> <span class='ocrx_word' id='word_1_819' title='bbox 1225 2873 1251 2892; x_wconf 88' lang='lat' dir='ltr'><strong>n.</strong></span> <span class='ocrx_word' id='word_1_820' title='bbox 1265 2865 1291 2894; x_wconf 75' lang='grc'><strong>5.</strong></span> 
     </span>
    </p>
   </div>
  </div>
