2055 3130
269 169 321 198 207

919 166 999 194 ἮΤΑ
1018 166 1047 194 S.
1068 166 1242 195 GREGORII.

1836 164 1888 192 208

268 228 392 264 Inprimis
413 227 554 255 Eustathio
570 226 729 258 Sebasteno,
745 226 791 261 qui
812 225 920 252 Sabellii
933 230 961 252 et
975 225 1054 260 Apol-
1070 228 1092 255 Α
1107 224 1210 264 CXXII.
1232 224 1264 251 In
1281 223 1391 255 epistola
1405 222 1441 250 26
1454 222 1575 263 Gregorii
1591 223 1621 255 ﬁt
1640 222 1737 264 mentio
1760 223 1886 263 orationis

268 275 363 302 linaris
377 282 484 301 errores
498 273 598 300 Basilio
612 272 767 308 allingebat.
783 272 916 299 Prmterea
930 272 965 299 ob
980 279 1050 301 eam.

268 329 321 356 qua
338 321 370 348 de
387 320 489 355 Spiritu
505 324 598 347 saneto
616 319 696 346 verba
719 318 823 346 faciens
839 319 965 345 utebatur
978 317 1053 344 Basi-

269 366 331 399 lius,
344 366 534 398 meounmiam,
550 365 595 391 alii
614 364 778 396 timiditatis,
801 364 845 390 alii
872 364 984 398 prodita:
1008 367 1054 389 aut

269 413 352 439 etiam
371 411 503 438 innovatae
517 410 580 437 ﬁdei
605 415 697 436 nolam
726 409 888 441 inurebant;
904 415 985 443 quam
1008 409 1055 434 ad-

268 463 350 485 ventu
368 465 416 484 suo
432 456 579 490 Gregorius
601 460 630 482 et
652 456 845 483 communione
869 463 931 482 cum
948 454 1051 482 Basilio

269 503 425 536 abstergcre
440 502 548 537 penitus
570 506 597 528 et
611 500 703 528 eluere
720 505 837 535 p0terat,
852 501 953 535 quippe
970 506 1052 534 quem

269 548 418 577 divinitatis
435 547 552 582 Spiritus
568 547 654 574 sancti
667 547 836 574 liberrinmm
856 551 884 573 et
896 554 949 580 pra:
969 551 1051 573 caete-

269 594 310 620 ris
323 600 417 620 omnes
441 597 668 627 propugnatorem
693 591 886 626 agnoscebant.
905 591 1053 625 Propterea

269 638 385 667 Basilius
398 638 560 672 Gregorium
580 638 706 670 advocat,
725 637 768 664 his
785 637 896 664 verbis:
916 645 926 662 ι
941 636 969 664 Si
995 641 1053 663 tan-

269 690 326 712 tum
347 692 490 719 apparens,
511 683 595 718 ipsius
615 683 769 718 supprimes
794 683 935 717 impetum,
952 689 1054 717 eosque

269 732 316 766 qui
329 732 362 759 ad
379 738 422 758 res
445 730 539 766 patria:
562 728 725 756 evertendas
747 728 918 762 conspirant,
938 728 1055 763 dissipa-

268 777 323 810 bis,
334 787 344 804 ›
357 782 409 805 etc.

303 835 360 863 Nec
378 841 444 862 vero
464 842 496 861 ex
523 833 699 869 sequentibus
713 833 825 867 colligas
840 831 964 860 Valentis
982 831 1054 859 «im-

269 887 383 918 petum»
406 881 562 916 significari.
600 880 766 915 Exspectare
790 887 908 914 namque
940 878 1054 906 Basilius

269 929 353 955 etiam
372 932 427 954 tum
443 928 539 962 potuit,
551 931 581 954 ut
603 928 637 954 ab
663 927 777 954 ecclesia
793 926 967 961 paternisque
986 925 1054 952 tedi-

270 973 321 1001 bus
339 973 491 1007 ejiceretur,
510 981 561 1000 non
576 977 681 1000 tantum
707 973 741 1009 ab
757 971 876 1004 Arionis,
890 972 936 1006 qui
958 970 983 998 id
1007 979 1057 997 an-

272 1027 306 1047 no
320 1019 383 1051 372,
407 1020 557 1053 iterumque
581 1025 652 1045 anno
673 1017 727 1045 376
756 1022 912 1050 tentarunt;
931 1024 1023 1044 verum
1041 1025 1055 1044 a

270 1066 417 1095 Calholicis
441 1065 523 1092 etiam
537 1065 678 1100 .pluribus,
707 1063 754 1099 qui
774 1068 811 1091 -et
835 1063 886 1097 ipsi
904 1070 976 1091 caeco
998 1063 1057 1090 uelo

270 1111 376 1146 abrepti
406 1110 505 1138 Basilio
536 1109 765 1137 adversabantur.
794 1108 928 1136 Prmterea
958 1108 1056 1136 Eusta-

271 1157 345 1185 thius
359 1156 535 1187 Sebastenus,
553 1155 634 1184 homo
653 1155 815 1189 versipellis,
829 1155 875 1190 qui
891 1161 955 1181 cum
973 1154 1054 1182 Aria-

271 1203 314 1230 nis
325 1207 384 1230 erat
399 1208 453 1229 tum
469 1201 658 1234 communione
673 1205 700 1228 et
714 1201 741 1228 in
756 1201 887 1227 Basiliam
903 1201 968 1227 odio
990 1207 1057 1227 con-

268 1248 467 1283 iunctissimus,
482 1247 708 1281 Enstathianiqne
718 1246 832 1273 l'atuosis
845 1245 945 1274 libellis
960 1246 1054 1273 Caesa-

271 1294 390 1322 riensem
412 1294 567 1329 episcopum
590 1293 765 1326 lacerabant;
784 1292 850 1319 adeo
871 1295 899 1319 ut
923 1298 938 1318 a
964 1291 1055 1319 multis

271 1339 342 1367 male
358 1339 473 1372 audiret,
492 1339 572 1366 etiam
589 1338 761 1370 orthodoxis,
783 1341 864 1372 atque
884 1336 943 1371 ejus
959 1336 985 1364 in
1004 1336 1057 1364 lide

272 1384 353 1412 dubia
368 1388 440 1411 esset
452 1383 606 1418 integritas.

289 1468 384 1502 CXVI.
403 1470 565 1508 Episcopum
579 1466 738 1507 tunc'fuisse
748 1471 906 1507 Gregorium
922 1476 1041 1500 constatr
1053 1473 1058 1479 ‘

309 1551 380 1585 Quin
403 1551 485 1578 etiam
501 1550 661 1586 Gregorium
675 1555 797 1578 nostrum
823 1555 886 1579 tunc
898 1551 1054 1587 episcopum

273 1597 366 1629 fuisse,
394 1604 428 1624 ex
456 1597 497 1624 his
529 1596 650 1630 ejusdem
675 1597 807 1632 epistolae,
834 1604 915 1631 quam
934 1598 967 1625 ad
993 1605 1055 1625 eum

272 1644 383 1678 scripsit
404 1643 519 1670 Basilius
538 1642 588 1678 (η),
604 1643 695 1671 verbis
723 1647 798 1670 certo
813 1642 900 1678 colligi
915 1650 995 1678 posse
1008 1651 1057 1671 no-

272 1689 314 1717 bis
328 1689 432 1716 videtur
450 1697 456 1714 :
472 1688 503 1714 Et
519 1688 574 1724 γὰρ
599 1687 671 1715 κατὰ
692 1688 744 1720 τὰς
767 1687 883 1724 ἀρχαίας
904 1688 1054 1724 συνθήκας,

272 1734 320 1763 καὶ
331 1734 401 1761 κατὰ
415 1734 465 1768 τὴν
480 1733 658 1770 ὀφειλομένην
668 1733 723 1766 νῦν¹
736 1734 796 1765 ταῖς
807 1733 968 1769 ἐκκλησίαις
991 1735 1056 1770 παρ’

271 1781 351 1817 ἡμῶν
365 1780 533 1816 ἐπιμέλειαν,
547 1780 582 1807 τὰ
595 1780 680 1806 πολλὰ
703 1780 750 1807 τοῦ
766 1780 891 1807 ἐνιαυτοῦ
909 1781 967 1816 μετ’
978 1780 1058 1817 ἀλλή-

271 1827 326 1856 λων
349 1828 479 1864 διήγομεν
490 1835 497 1842 ·
511 1837 521 1853 ί
533 1826 560 1854 Si
585 1827 656 1855 enim
673 1834 706 1853 ex
726 1826 811 1854 veteri
832 1832 922 1861 pacto,
936 1835 969 1855 ac
981 1827 1060 1861 juxta

273 1882 346 1906 eam,
359 1881 439 1908 quam
455 1881 527 1901 nunc
540 1873 669 1901 debemus
685 1873 819 1906 ccclesiis,
847 1880 942 1901 curam
959 1877 986 1900 et
1004 1873 1058 1901 sol-

272 1919 453 1951 licitudinem,
465 1919 564 1954 smpins
577 1926 624 1954 per
636 1926 736 1946 annum
745 1920 990 1952 convenissemus,»
1004 1925 1057 1947 etc.

272 1964 337 1993 Hice
349 1969 422 1992 certe
433 1965 516 1992 verba
537 1963 698 1999 Gregorium
716 1972 768 1992 non
784 1972 862 1992 secus
875 1972 907 1992 ac
921 1965 1054 1992 Basiliam

273 2010 357 2038 fuisse
378 2010 536 2045 episcopum
560 2010 699 2043 denotant,
722 2017 875 2044 novamque
902 2018 935 2038 ac
964 2018 1055 2046 parem

271 2055 327 2090 jam
346 2063 418 2083 nunc
434 2055 634 2082 incumbentem
661 2055 793 2083 ambobus
816 2054 999 2083 Ecclesiarum
1011 2063 1059 2083 cu-

271 2108 342 2129 ram.
360 2100 438 2129 Unde
453 2100 585 2135 sequitur,
606 2100 644 2127 ’τὰ
670 2099 756 2127 πολλὰ
777 2099 824 2127 τοῦ
844 2100 971 2128 ἐνιαυτοῦ
996 2102 1056 2137 μετ’

272 2147 396 2183 ἀλλήλων
416 2146 556 2182 διήγομεν,
574 2154 634 2181 qua:
659 2151 731 2174 recte
760 2151 837 2174 vetus
862 2147 996 2182 interpres
1018 2148 1059 2175 sic

272 2194 369 2222 Latine
386 2191 655 2228 reddidituSmpius
680 2199 728 2228 per
751 2200 851 2220 annum
878 2193 1057 2220 convenisse-

274 2248 346 2274 tnns,
359 2249 369 2266 ι
388 2240 460 2274 quod
485 2239 625 2273 episcopos
648 2239 764 2265 maxime
782 2238 868 2272 juvat,
885 2239 1057 2274 probamque
1076 2255 1098 2283 D

273 2285 429 2320 frequentes
455 2285 560 2320 synodi.
587 2283 755 2319 Quapropter
782 2283 895 2312 Basilius
922 2285 1056 2313 malorum

273 2338 383 2358 causam
404 2331 466 2358 inde
491 2330 599 2365 repetit,
613 2330 686 2365 quod
710 2337 762 2358 non
785 2337 837 2357 una
867 2331 1056 2358 conveniant:

271 2376 375 2404 τούτων
399 2376 428 2402 δὲ
456 2376 541 2403 αἴτιον
563 2374 660 2403 ἐκεῖνο.
680 2395 687 2403 .
709 2395 717 2403 .
744 2376 776 2402 τδ
862 2377 1059 2412 συντυγχάνειν

272 2423 357 2459 ἡμᾶς.
375 2422 484 2449 Detnum
503 2423 559 2449 haec
575 2421 694 2456 ejusdem
707 2423 828 2456 epistola:
841 2423 935 2456 verba,
950 2424 1058 2458 episco-

271 2477 337 2505 pum
356 2468 438 2495 I'uisse
449 2473 512 2495 tunc
532 2468 689 2503 Gregorium
705 2469 868 2496 conﬁrmant
885 2479 891 2497 :
908 2470 950 2497 ὅτι
967 2471 1050 2503 αὐτὸς

270 2515 304 2551 τῇ
319 2513 367 2541 τοῦ
383 2513 450 2540 Θευῦ
467 2514 557 2549 χάριτι
573 2513 619 2540 τοῦ
635 2514 694 2541 καθ’
711 2516 785 2550 ἡμᾶς
805 2515 934 2551 συλλόγου
951 2516 1056 2552 κατάρ-

271 2568 341 2596 χεις,
360 2559 402 2585 vel
424 2564 454 2586 ut
479 2565 555 2586 vetus
576 2559 658 2586 editio
681 2559 844 2595 κατάρξεις·
878 2571 887 2586 ι
901 2562 1055 2589 Conventui

272 2611 376 2636 nostro.
401 2612 447 2632 seu
462 2604 575 2639 synodo,
590 2605 762 2639 przesidebis;
776 2615 785 2631 ›
805 2606 845 2633 vel
859 2611 888 2633 ut
908 2607 1056 2634 Tillemon-

272 2652 337 2683 tius,
353 2660 362 2676 ι
380 2650 505 2677 Ecclesia:
517 2654 616 2677 nostra:
638 2656 719 2685 caput
738 2655 764 2678 te
786 2651 907 2686 praebeas
932 2660 965 2679 ac
980 2660 1055 2680 com-

273 2702 422 2722 monstres:
441 2704 450 2721 ι
465 2695 535 2729 quod
551 2695 684 2731 episcopis
698 2696 831 2724 duntaxat
861 2697 971 2733 proprie
987 2705 1055 2726 cou-

273 2747 365 2768 vetnre
377 2747 455 2768 nemo
469 2745 565 2768 nesctt.

307 2837 347 2910 id)
356 2838 442 2872 Epist.
458 2839 503 2872 'll,
519 2847 546 2874 p.
561 2840 621 2868 165.

320 2874 348 2910 ι)
361 2874 409 2902 0r.
424 2874 469 2908 12,
483 2883 510 2902 u.
523 2875 551 2903 6.

320 2874 348 2910 li)
361 2874 409 2902 υτ.
424 2874 469 2908 12,
483 2883 510 2902 n.
523 2875 551 2903 6.

1143 260 1176 286 12
1192 268 1241 294 quo
1253 264 1353 286 coustut
1371 264 1427 286 post
1452 260 1596 285 orationem
1609 259 1733 291 scriptam
1761 266 1815 284 esu
1834 257 1889 290 epi-

1142 295 1245 322 uolant.

1142 350 1254 386 llisjam
1268 351 1299 378 ad
1320 357 1457 377 ctnnuunu
1478 353 1588 376 accedat
1609 348 1689 383 rquod
1703 347 1812 382 opinion
1835 354 1891 375 sua!

1109 397 1310 424 incommodare
1324 404 1376 423 non
1400 395 1550 423 dissimulat
1562 393 1772 428 Tillemontins),
1790 394 1892 420 oratio-

1109 450 1169 469 nem
1192 442 1321 477 Tlteolngi
1349 442 1468 468 habitam
1489 448 1560 467 anno
1577 439 1640 472 572,
1655 445 1827 473 pestcaquam
1843 439 1891 466 ab-

1104 488 1184 523 jectis
1203 487 1318 516 Sasimis
1338 487 1516 514 Nazianzenre
1538 487 1664 514 Eet-lcsize
1680 486 1892 513 administratio-

1109 542 1180 566 nem,
1191 535 1303 569 jubente
1330 539 1417 569 patre,
1432 533 1550 568 suscepit
1567 533 1726 568 Gregorius,
1745 532 1847 559 laudari
1864 533 1891 559 in

1107 579 1220 613 epistola
1245 579 1302 612 26,
1335 579 1369 607 do
1395 588 1447 614 qua
1475 580 1590 613 agitur:
1618 588 1627 604 ε
1658 578 1822 611 Simulque,
1848 578 1891 604 in-

1107 626 1166 658 quit
1187 625 1235 659 (b),
1259 633 1354 653 vocem
1380 626 1525 660 Quamdam
1551 633 1637 652 meam
1671 624 1892 651 connncmoravit

1109 671 1269 705 (monachus
1279 672 1330 706 qui
1346 672 1372 698 in
1388 671 1514 699 Basiliam
1538 671 1667 698 atrociter
1688 670 1891 705 invehebatur),

1108 725 1168 745 cntn
1190 725 1250 752 ego,
1279 723 1308 744 ut
1331 718 1358 744 in
1371 717 1592 752 frequentissimo
1608 723 1689 748 cmtn.
1703 717 1735 744 de
1752 716 1893 744 divinitate

1108 764 1190 791 verba
1207 764 1309 791 faciens
1327 763 1512 799 pervulgatum
1538 763 1602 790 illul
1629 763 1662 789 de
1680 762 1781 795 Spiritu
1798 766 1893 788 sancto

1108 810 1250 838 interfatus
1279 818 1367 838 essent
1385 818 1393 836 :
1410 809 1558 844 Quousque
1583 809 1719 836 lucernam
1745 807 1893 835 absconde-

1109 863 1168 883 mus
1183 856 1233 883 sub
1249 855 1358 884 modio?
1372 865 1380 882 ι
1397 855 1462 889 Qua:
1485 856 1596 883 totidem
1621 855 1712 882 verbis
1726 855 1752 881 in
1768 855 1893 882 oratione

1072 907 1092 934 Β
1108 903 1250 930 habentur.
1269 901 1310 928 Ex
1338 909 1392 936 quo
1423 901 1546 936 sequitur
1571 901 1629 928 hmc
1653 901 1800 935 contigisse
1831 905 1893 934 post

1106 949 1269 980 orationem,
1282 955 1343 983 qua:
1358 947 1449 974 habita
1465 951 1505 974 est
1533 952 1604 973 anno
1625 945 1695 978 372;
1724 946 1893 980 proiudeqne

1106 994 1246 1029 epistolam
1261 994 1298 1021 ‘26
1321 1001 1373 1020 non
1396 1000 1467 1020 anno
1483 990 1551 1024 371,
1580 992 1626 1019 sed
1651 999 1722 1019 anno
1755 992 1808 1019 579.
1824 992 1892 1019 scri-

1106 1044 1179 1074 ptam
1197 1047 1268 1071 esse,
1284 1039 1364 1074 idque
1378 1043 1439 1074 post
1455 1038 1656 1073 Septembrem,
1676 1045 1756 1072 quem
1774 1038 1799 1065 iu
1818 1046 1893 1066 men-

1107 1093 1163 1113 sem
1176 1086 1270 1114 incidit
1295 1086 1366 1114 beati
1384 1086 1511 1121 martyris
1525 1084 1668 1120 Eupsychii
1684 1086 1739 1112 sive
1750 1086 1892 1118 tnetuoria,

1106 1132 1165 1159 sive
1184 1137 1343 1163 conventus,
1360 1132 1430 1159 unde
1454 1133 1638 1160 calumniandi
1657 1133 1785 1161 Basili-nu
1811 1139 1893 1160 occa-

1107 1177 1211 1204 sionem
1240 1177 1390 1204 monachus
1415 1178 1577 1211 arripuerat.
1596 1178 1689 1213 Neque
1714 1179 1795 1205 etiam
1809 1177 1894 1205 citius

1108 1223 1159 1250 hoc
1181 1230 1252 1250 anno
1271 1222 1418 1256 Ilellenius,
1438 1225 1483 1257 qui
1508 1223 1630 1258 Gregorii
1659 1224 1765 1250 litteras
1793 1222 1892 1250 Basilio

1108 1270 1233 1301 reddidit,
1249 1269 1425 1304 cxzequandis
1443 1269 1572 1297 Nazian‘zi
1589 1269 1697 1298 tributis
1722 1270 1892 1305 pra-pontus,

1108 1316 1258 1344 Caesaream
1272 1315 1408 1350 prolectus
1423 1319 1464 1342 est

1143 1361 1274 1389 Caeterum
1297 1368 1351 1395 quo
1368 1364 1488 1394 tempore
1501 1359 1648 1395 Gregorius
1669 1367 1721 1388 una
1736 1367 1796 1387 cum
1815 1365 1893 1395 patro

1109 1406 1474 1434 Nazianzenam‘Ecclesiatn
1502 1406 1717 1438 administrabat,
1737 1407 1794 1433 sive
1817 1411 1890 1439 ante,

1109 1450 1165 1478 sive
1171 1454 1231 1485 post
1241 1454 1363 1477 exortam
1377 1457 1436 1478 cum
1446 1450 1576 1477 monacho
1584 1451 1617 1477 dc
1630 1451 1727 1478 Basilio
1739 1456 1892 1478 controver-

1109 1495 1188 1527 siam,
1203 1494 1355 1523 Cresaream
1372 1503 1402 1523 se
1425 1496 1549 1526 contulit.
1567 1496 1657 1530 ibique
1671 1496 1800 1523 eximiam
1817 1495 1891 1522 illam

1109 1541 1259 1568 orationem
1271 1540 1306 1577 (ε)
1321 1541 1413 1568 habuit
1429 1549 1488 1575 qum
1507 1541 1543 1568 De
1558 1547 1703 1575 pauperum
1731 1549 1821 1568 amore
1845 1541 1889 1568 iu-

1107 1587 1246 1614 scribitur.
1264 1586 1363 1614 Eorum
1378 1594 1459 1614 causa
1481 1587 1647 1622 potissimum
1666 1588 1758 1615 habita
1773 1594 1824 1619 est,
1839 1595 1876 1621 qu

1108 1633 1134 1660 in
1157 1632 1281 1668 hospitali
1305 1633 1395 1666 domo,
1420 1632 1524 1660 alendis
1554 1633 1715 1668 pauperibus
1747 1641 1762 1660 a
1792 1633 1892 1661 Basilio

1108 1678 1204 1714 Magno
1221 1684 1385 1712 constructa,
1403 1687 1482 1707 sacro
1499 1682 1591 1707 morbo
1606 1680 1775 1706 laborabant.
1789 1680 1828 1706 Ad
1842 1681 1893 1708 hoc

1108 1726 1192 1752 etiam
1208 1729 1314 1760 tempus
1332 1726 1471 1760 pertinent
1483 1727 1621 1753 orationes
1636 1731 1800 1758 sequentes;
1818 1726 1891 1753 vide-

1109 1769 1172 1798 licet
1188 1771 1293 1798 tleeima
1310 1771 1404 1805 quinta
1418 1771 1447 1798 in
1461 1770 1565 1799 laudent
1585 1771 1808 1803 Mnrhalm'orum,
1826 1779 1893 1806 quo-

1109 1824 1168 1844 rum
1182 1817 1320 1852 passiones
1337 1823 1390 1844 non
1412 1824 1446 1844 ex
1470 1815 1548 1844 libris
1562 1819 1648 1845 sacris
1663 1818 1708 1853 qui
1726 1817 1892 1845 Machabzco—

1109 1869 1170 1890 rum
1197 1870 1294 1890 nomen
1316 1862 1429 1895 habent,
1447 1863 1493 1890 sed
1509 1870 1541 1890 ex
1562 1863 1671 1898 Joscphi
1693 1864 1761 1891 libro
1782 1863 1820 1890 De
1845 1865 1894 1891 im-

1110 1909 1237 1942 peratrice
1250 1909 1363 1941 ratione,
1380 1909 1490 1943 exponit
1500 1913 1528 1936 et
1539 1910 1701 1944 eloquentia:
1714 1918 1769 1937 sua:
1782 1910 1891 1937 tioribus

1111 1958 1235 1982 exornat.
1260 1954 1367 1982 Decima
1396 1959 1483 1988 serta,
1510 1955 1537 1982 in
1564 1960 1663 1988 patrem
1685 1961 1809 1983 tacentem
1832 1964 1892 1990 pra-

1110 2004 1167 2033 pter
1191 1999 1296 2035 plagam
1318 2000 1465 2035 grandinis,
1489 2007 1541 2035 qua
1560 2000 1686 2028 Tiberina
1710 2002 1800 2035 regio.
1827 2002 1894 2029 Gre-

1110 2045 1179 2080 gorii
1195 2046 1286 2073 natale
1311 2046 1409 2077 solum,
1423 2053 1494 2073 anno
1512 2046 1622 2073 circiter
1636 2046 1689 2073 575
1707 2045 1806 2073 amicta
1830 2047 1890 2074 fuit.

1107 2090 1221 2118 Decima
1242 2091 1368 2126 septima,
1383 2091 1418 2117 ad
1429 2092 1497 2119 cives
1512 2092 1701 2120 Nazianzenus
1713 2093 1787 2128 grari
1801 2094 1892 2120 timore

1110 2136 1254 2172 perculsos,
1285 2136 1321 2163 ob
1347 2136 1475 2164 delictum
1499 2137 1566 2165 alias
1582 2138 1748 2173 incognitum
1764 2159 1773 2173 ,
1803 2143 1830 2166 et
1859 2139 1893 2165 ad

1109 2182 1261 2217 prwfectum
1273 2183 1438 2210 irascentem.

1111 2236 1227 2266 CXVIII.
1248 2238 1321 2266 Mors
1336 2237 1455 2275 Gregorii
1470 2241 1583 2281 feruoris
1596 2245 1620 2268 et
1632 2241 1737 2269 Nonum
1756 2243 1815 2277 ejus
1831 2251 1892 2270 con-

1459 2283 1542 2310 Jugis.

1144 2329 1294 2363 Quomodo,
1311 2330 1422 2364 abjectis
1443 2329 1568 2364 Sasimis,
1596 2332 1744 2367 Gregorius
1771 2333 1892 2360 solitudi-

1109 2382 1172 2403 ncm
1189 2375 1286 2403 iterato
1300 2377 1420 2411 petierit,
1436 2383 1522 2411 eaque
1547 2382 1682 2405 retractus
1704 2378 1829 2406 Ecclesia:
1840 2379 1893 2406 Na-

1110 2421 1247 2449 zianzenus
1273 2429 1364 2449 curam
1390 2423 1550 2457 susceperit,
1568 2429 1681 2458 rogante
1712 2425 1754 2451 vel
1776 2425 1890 2459 jubento

1110 2471 1200 2502 patre,
1215 2467 1280 2502 jam'
1295 2467 1475 2496 narravimus.
1491 2468 1529 2495 Ea
1548 2475 1651 2502 autem,
1672 2475 1702 2497 ut
1717 2470 1819 2497 dictum
1846 2477 1888 2498 est

1108 2512 1265 2540 couditione
1277 2513 1405 2540 vicariam
1414 2512 1602 2548 praefecturam
1611 2515 1788 2549 suscepit,ut,
1807 2522 1892 2544 morte

1110 2558 1217 2585 sublato
1248 2563 1335 2593 patre,
1361 2558 1501 2588 discedere
1522 2564 1549 2588 et
1575 2568 1629 2596 quo
1650 2561 1732 2588 vellet
1745 2561 1821 2590 abire
1841 2563 1892 2591 sibi

1109 2603 1214 2631 ticeret.

1146 2649 1204 2678 Non
1227 2650 1264 2677 ita
1294 2658 1373 2686 longo
1398 2656 1460 2687 post
1486 2657 1607 2687 tempore
1622 2653 1769 2689 Gregorius
1791 2660 1892 2688 noster,

1110 2697 1230 2731 parentis
1246 2697 1385 2732 utriusque
1404 2699 1490 2731 obitu,
1506 2699 1684 2728 Nazianzcnm
1710 2702 1838 2730 Ecclesia:
1852 2710 1894 2730 re-

1111 2743 1199 2778 gimen
1213 2745 1333 2774 excussit
1348 2753 1431 2781 seque
1451 2746 1502 2775 sibi
1532 2747 1689 2775 vindicavit.
1708 2749 1788 2777 Anno
1807 2748 1892 2784 siqui-

1145 2841 1179 2877 (c)
1193 2841 1240 2871 0r.
1257 2842 1301 2872 14.
