2055 3130
837 178 916 208 νιτΑ
938 179 967 207 S.
987 177 1162 208 GREGOPJI.

1755 181 1809 210 2l0

185 233 248 260 dem
264 231 328 265 57‘,
343 231 416 260 circa
432 239 544 262 vernum
557 237 674 270 tempus,
688 235 853 282 [Gregorium
867 241 972 272 patrem
986 238 1009 267 Α
1024 236 1106 264 CXX.
1133 235 1228 264 Basilii
1251 235 1485 282 morleulcuurulus
1503 236 1602 264 accedit
1623 235 1659 263 ad
1687 236 1810 273 Gregorii

185 281 272 304 annos
291 283 385 305 natam
401 285 469 312 pene
486 284 607 314 centum,
620 288 682 307 cum
698 288 731 308 ex
747 281 780 309 iis
793 282 971 318 quadraginta

187 323 307 357 quinque
320 322 496 352 Nazianzenus
514 325 642 353 Ecclesia:
655 326 818 361 praefuisset,
829 335 901 355 mors
913 329 972 356 abs~

186 368 256 395 tulit.
276 368 328 396 Nec
349 369 432 396 multo
446 374 515 404 post,
537 370 630 398 Nouua
645 371 768 407 Gregorii
785 374 899 402 senioris
910 382 972 402 con-

184 413 242 448 jnx,
256 414 376 445 ejusdem
393 423 460 450 pene
475 417 573 450 aetatis,
590 423 676 446 tnorte
699 419 803 446 sublata
828 426 879 448 est.
897 419 972 449 Licet

185 459 256 485 enim
276 461 395 493 quamliu
420 467 558 495 superstes
573 463 654 491 fuerit
677 471 845 499 compertum
861 474 912 494 non
927 468 972 494 ha-

186 502 291 534 heatnr,
306 503 349 530 diu
365 511 453 532 tamen
472 514 530 532 eam
546 509 719 541 Superstitem
739 518 791 536 non
810 511 893 539 fuisse
909 512 972 540 inde

187 547 227 576 fas
241 555 281 576 est
298 551 444 584 conjicere,
460 553 531 586 quod
546 552 697 589 Tlicologus
721 562 750 581 se
768 556 822 583 cito
836 561 898 591 post
915 565 972 585 sns-

186 600 290 627 ceptam
317 595 494 624 Nazianzeme
520 599 647 626 Ecclesire
684 608 776 628 curam
814 602 971 636 parentibus

185 641 309 667 orbatum
335 641 419 669 fuisse
447 644 547 670 scribat
579 643 628 680 (u).
654 645 756 673 Forsan
791 647 833 674 die
857 647 970 683 Augusti

185 686 290 720 quinto,
308 693 361 720 quo
386 687 444 722 ejus
461 690 589 716 memoria
609 694 664 717 tum
687 692 757 726 apud
779 692 898 725 Graecos.
915 698 969 721 tum

185 732 255 765 apud
283 732 394 760 Latinos
417 734 526 768 colitur,
543 735 620 762 obiit.
651 736 715 764 Eam
745 742 818 766 certe
844 747 915 767 anno
927 747 971 767 se-

184 778 277 811 quenti
293 778 349 813 jam
377 785 510 807 mortuam
540 786 655 816 constat,
674 791 734 811 cum
756 783 906 813 Seleuciam
923 794 973 820 pe-.

184 823 225 849 tiit
244 822 398 859 Gregorius.

185 890 280 919 CXIX.
300 891 459 921 Parentibus
470 894 736 934 orbaturSeleuciam
748 906 776 926 se
792 899 893 934 confert
905 899 971 928 6η-
986 907 1007 934 Β

527 932 628 965 garius.

220 983 326 1011 Asserit
354 984 486 1014 Baronius
505 995 514 1012 ι
532 987 691 1023 Gregorium
716 991 872 1026 parentibus
889 994 969 1022 orba-

185 1034 241 1056 tum
259 1031 410 1059 nullatenus
422 1032 518 1060 adduci
530 1036 659 1069 potuisse,
679 1046 688 1062 t
704 1042 733 1064 ut
746 1039 786 1065 vel
802 1039 872 1067 diem
886 1049 967 1069 unum

185 1076 211 1102 iu
240 1076 472 1105 administratione
491 1079 618 1108 Ecclesite
646 1081 821 1111 Nazianzenat
843 1093 969 1120 perseve-

185 1126 268 1155 raret,
294 1131 304 1148 ι
329 1129 439 1158 rogante
457 1124 518 1152 licet
536 1125 644 1159 Basilio.
660 1128 720 1156 aliis
731 1130 809 1157 simul
823 1132 966 1167 episcopis,

183 1170 211 1194 et
224 1168 333 1195 civibus
347 1171 471 1204 precibus
489 1171 650 1206 importunis
669 1174 695 1201 id
711 1175 798 1210 ipsum
820 1177 969 1213 efﬂagitan-

184 1212 274 1244 tibus;
291 1221 306 1240 a
321 1214 420 1248 quibus
435 1217 572 1250 omnibus,
589 1224 695 1253 captata
713 1220 786 1255 fuga.
802 1229 832 1250 se
851 1224 969 1259 abripuit

182 1259 321 1292 profectus
348 1260 498 1289 Seleuciam
524 1263 634 1296 pietatis
658 1268 781 1300 ergo.ad
809 1271 967 1297 memoriam

183 1309 286 1350 sancta:
308 1305 426 1339 'fheclae,
441 1315 495 1342 quo
516 1308 646 1345 frequens
674 1312 792 1341 fidelium
812 1316 969 1350 peregrina-

185 1348 221 1376 lio
235 1358 295 1378 esse
311 1352 425 1380 solebat.
439 1363 448 1379 ι
467 1353 577 1383 Rectius
603 1364 677 1387 vero,
694 1359 791 1386 scribit
813 1348 967 1390 V'l‘illeinon-

184 1395 236 1422 titts
249 1397 298 1431 (b;,
312 1397 390 1431 hujus
404 1399 531 1427 Ecclesim
543 1402 787 1437 regitueuLBasilii
799 1405 968 1443 aliorumque

183 1442 371 1477 episcoporum
384 1453 416 1471 ac
431 1446 530 1473 civium
548 1448 674 1481 precibus
688 1451 789 1479 vietum
811 1456 966 1489 suscepisse

182 1486 354 1522 Gregorium,
372 1490 440 1517 etin
469 1499 501 1518 eo
531 1493 688 1527 aliquandiu
716 1486 904 1531 perseverasse
920 1501 965 1538 (ε).

182 1531 236 1560 Nec
262 1539 351 1562 tamen
376 1537 476 1564 interra
502 1540 627 1567 cessabat
653 1549 748 1575 rogare
771 1531 967 1580 episcopos,‘ut

183 1578 245 1606 huic
261 1580 534 1616 Et'elesitepastorem
555 1588 735 1622 praeficerem,
751 1598 830 1625 quam
850 1578 965 1627 ipse're-
981 1578 1002 1607 ο

181 1633 235 1660 gen
246 1629 309 1660 iam,
326 1630 430 1656 nonnisi
446 1633 620 1667 quoadusque
635 1637 796 1670 praepositus
817 1644 891 1666 esset
914 1641 967 1676 epi-

183 1678 288 1706 scopus,
307 1680 473 1710 susceperaL
487 1677 538 1713 ((1).
565 1679 632 1706 Cum
654 1687 741 1708 autem
761 1683 883 1719 Gregorii
904 1694 966 1721 pre-

183 1718 259 1745 cibus
273 1726 324 1745 non
343 1727 526 1755 mererentur,
539 1732 588 1752 nec
611 1727 682 1760 quod
698 1729 808 1763 rogabat
819 1718 966 1765 obtineret,

182 1762 244 1797 fuga
268 1764 375 1799 elapsus
396 1767 547 1796 Seleuciam
560 1777 590 1797 se
604 1762 804 1804 contulitacum
819 1775 965 1806 Ecclesiam

181 1806 381 1838 hazianzenam
400 1814 485 1843 tribus
504 1819 606 1842 tantum
630 1817 741 1846 circiter
758 1822 836 1849 anuis
864 1829 926 1851 ante
939 1830 967 1852 et

181 1860 242 1888 post
257 1860 470 1898 mortempattis
487 1862 610 1890 rexisset.

217 1900 349 1930 Seleucia:
375 1912 427 1931 non
451 1907 549 1940 exiguo
578 1913 700 1944 tempore
720 1919 904 1942 commoratus
924 1920 964 1942 cst

181 1945 384 1983 Gregoriustttt
407 1951 463 1984 ipse
482 1957 597 1981 testatur
609 1955 661 1990 (e);
678 1958 806 1986 nimirum
826 1968 910 1995 usque
932 1963 965 1989 ad

181 1990 302 2020 Valentis
326 1995 439 2028 obitum,
457 1998 501 2032 qui
523 1999 610 2027 victus
628 2009 641 2027 a
656 2001 764 2036 Gothis,
779 1990 877 2038 sagitta
906 2014 966 2041 pcr-

181 2045 288 2071 cussos,
301 2040 410 2071 incensa
426 2045 525 2077 agresti
545 2052 619 2078 casa,
633 2047 660 2074 in
690 2056 769 2082 quam
785 2050 890 2080 delatus
905 2040 964 2081 fuc-

180 2086 390 2120 l'ol,Vttllriciltlts
419 2087 536 2117 ﬂammis
563 2093 721 2128 absumptus
747 2095 798 2123 fuit
827 2098 871 2125 die
895 2107 965 2127 nona

179 2129 292 2164 Augusti
319 2133 382 2160 anui
406 2133 469 2161 δῖε.
485 2135 541 2163 Illic
567 2141 656 2165 tamen
678 2145 768 2173 optata
786 2149 852 2175 pace
869 2147 896 2169 et
910 2144 965 2171 otio

180 2177 250 2209 quod
275 2184 442 2215 speraverat,
463 2180 514 2207 frui
527 2189 579 2209 non
604 2183 679 2210 licuit
693 2193 699 2211 :
716 2194 726 2210 ι
739 2185 810 2213 Nihil
824 2189 896 2221 boni,
910 2199 920 2215 ι
937 2195 965 2217 ut

180 2223 238 2256 ejus
251 2223 340 2250 Verbis
356 2229 416 2251 utar
429 2226 472 2260 (i),
491 2235 500 2251 ι
517 2236 627 2261 prorsus
639 2231 758 2265 reperit;
774 2232 827 2259 imo
842 2235 962 2269 negotia,
980 2253 1001 2280 ο

181 2275 238 2280 ,Α
262 2269 324 2280 ,ημῖν
465 2274 470 2279 .
531 2275 536 2280 .
566 2274 572 2280 .
724 2278 729 2280 .

179 2275 240 2307 qua:
255 2269 373 2305 effugere
388 2272 413 2298 in
427 2274 517 2301 animo
530 2274 672 2309 habuerat,
690 2278 762 2305 velut.
773 2286 804 2306 ex
814 2282 964 2315 compasito

180 2315 365 2349 incurrerunt,
383 2320 491 2354 vimque
510 2323 667 2352 attulerunt.
682 2334 691 2350 ι
705 2325 832 2358 anenatn
847 2327 890 2354 illa
908 2329 966 2355 fue-

181 2363 237 2389 rint
264 2365 369 2399 negotia
392 2366 505 2393 delinire
526 2375 577 2394 non
603 2368 666 2396 licet
685 2378 692 2396 :
709 2370 821 2397 forsitan
842 2371 883 2398 his
905 2381 966 2399 ver-

179 2408 220 2435 bis
234 2409 366 2443 signiticat
387 2418 417 2438 se
431 2413 465 2438 ab
493 2413 626 2441 hmreticis
646 2420 770 2442 vexatum
789 2417 881 2445 fuisse.
897 2418 965 2446 Gre-

179 2455 246 2488 gorii
264 2456 324 2483 vita:
347 2459 464 2492 scriptor
485 2458 650 2495 Theolognm
675 2462 772 2489 scribit
800 2462 964 2492 Nazianlum

178 2501 303 2533 rediisse,
319 2510 368 2530 nec
391 2503 452 2530 ullis
467 2505 567 2532 civium
591 2506 718 2539 precibus
733 2507 803 2535 ﬂecti
825 2510 962 2543 potuisse;

181 2547 252 2580 quod
267 2555 299 2574 ex
326 2548 359 2574 iis
375 2550 464 2576 verbis
477 2551 590 2587 colligit,
608 2557 638 2580 ut
651 2553 767 2587 videtur,
785 2555 882 2588 quibus
895 2555 964 2583 Gre-

179 2594 270 2625 gorius
291 2593 316 2620 in
329 2602 358 2622 se
369 2596 464 2623 solitas
481 2598 609 2625 recidisse
631 2600 810 2633 calamitates,
823 2607 964 2636 postquam

180 2638 240 2674 fuga
258 2639 408 2668 Seleuciam
427 2644 517 2677 petiit,
534 2644 646 2679 ipsemet.
662 2645 770 2673 fatetur.

213 2729 252 2765 (α)
265 2730 354 2758 Carm.
371 2731 409 2758 Dr
431 2732 489 2760 Vita
504 2743 562 2764 suo.
578 2743 603 2761 ν.
616 2735 678 2762 527.

226 2766 252 2802 ὁ)
267 2767 307 2802 μ
321 2775 364 2802 an.
382 2767 443 2797 572.
460 2774 477 2794 ι.
492 2769 534 2799 ιν.
545 2778 568 2802 p.
582 2770 644 2797 33!.

225 2799 251 2844 c')‘
264 2799 324 2844 Kim
341 2800 502 2844 (iraquuart.
516 2799 559 2836 59,
575 2813 600 2839 p.
699 2811 749 2834 art.
761 2808 807 2839 42.
821 2817 847 2844 p.
860 2809 920 2842 ιρι.

224 2836 252 2870 ιι)
264 2835 354 2862 Curtii.
378 2836 415 2863 De
432 2837 492 2865 Vila
507 2835 600 2870 suo,v.
619 2835 681 2868 550.

225 2837 252 2905 tl;
264 2837 354 2862 Curtii.
378 2837 415 2863 De
431 2837 492 2878 Yila
507 2848 566 2870 suo,
576 2837 600 2865 ν.
619 2837 682 2868 55οζ
803 2837 806 2839 ’
821 2837 827 2844 ”

225 2877 240 2897 ι
264 2870 320 2897 Καί
341 2879 386 2906 μοι
402 2871 508 2908 suum
525 2875 555 2900 οὐ
573 2874 675 2910 βραχὺς
692 2877 753 2912 τῇδε
767 2879 869 2914 χρόνος.

1323 271 1495 298 calamitates.

1062 327 1142 354 Anno
1161 326 1285 362 sequenti
1311 326 1374 359 379,
1399 326 1545 362 Gregorius
1566 328 1655 356 adhuc
1678 327 1808 358 Seleuciae

1024 372 1200 404 consedebat,
1217 376 1244 399 et
1267 372 1376 405 quidem
1397 373 1471 407 gravi
1492 380 1524 400 ac
1540 374 1692 408 periculoso
1714 377 1808 403 morbo

1022 417 1161 450 detentus,
1179 425 1239 445 cttnt
1258 417 1451 451 BasiliiMagni
1464 425 1536 445 mors
1554 418 1603 453 ipsi
1625 421 1746 447 nuntiata
1755 427 1806 448 est.

1024 462 1161 496 Quantum
1177 463 1203 492 in
1216 463 1337 490 deﬂenda
1355 467 1409 490 tam
1432 463 1506 490 charj
1520 465 1616 498 capitis
1633 470 1719 493 mone
1734 467 1809 493 dolo-

1025 516 1083 536 rem
1100 509 1255 543 conceperit
1270 508 1426 544 Gregorius,
1444 509 1501 543 ipse
1516 510 1589 537 solus
1608 518 1737 539 enarrare
1753 512 1808 539 suf-

1029 555 1149 584 llciLEx
1167 560 1255 582 rnotte
1266 555 1356 582 Basilii
1372 556 1496 584 crumilus
1511 557 1544 584 ad
1565 564 1627 584 suas
1639 558 1807 585 calamitates

1025 602 1076 637 ipsi
1100 602 1253 629 accessisse
1269 602 1343 629 visus
1359 607 1410 629 est.
1427 611 1437 628 ι
1449 602 1505 630 Hoc
1516 611 1633 639 quoque,
1647 613 1656 629 ι
1675 604 1807 631 exclamat

1024 648 1050 675 itt
1068 647 1194 682 epistola,
1211 655 1262 683 qua
1276 649 1310 675 de
1332 648 1423 675 Basilii
1445 649 1518 676 obitu
1543 648 1652 676 fratrem
1666 650 1724 685 ejus
1740 649 1808 677 Gre-

1023 694 1128 728 gorium
1167 694 1318 729 Nyssenum
1358 694 1573 730 consolaturlg),
1602 696 1673 724 «hoc
1700 704 1807 732 quoque

1022 746 1186 767 aerumnosas
1200 740 1263 767 huic
1282 739 1344 767 vitae
1365 740 1496 775 reliquum
1509 745 1576 771 erat.
1591 747 1620 768 ut
1635 741 1724 768 Basilii
1739 750 1808 769 utor-

1023 789 1076 812 leut
1109 785 1242 820 audirem,
1257 795 1267 812 ›
1280 790 1332 814 etc.
1359 786 1386 813 ln
1418 787 1469 814 alia
1492 786 1607 821 epistola
1624 795 1631 814 :
1647 797 1656 813 ι
1667 787 1780 820 Quaeris,
1793 797 1804 814 υ

1021 830 1118 866 inquit,
1136 831 1283 859 Eudocium
1304 832 1456 867 alloquens,
1473 841 1482 858 ι
1497 840 1551 868 quo
1563 837 1634 860 staltt
1652 841 1695 860 res
1708 838 1807 860 nostra:

1021 877 1095 904 sint?
1112 877 1263 905 Admodum
1278 879 1387 906 acerbo.
1407 879 1534 906 Basilium
1553 887 1606 906 tton
1636 879 1735 912 habeo;
1750 880 1807 906 Czc-

1022 923 1125 950 sarium
1145 931 1197 951 non
1213 924 1312 957 ltabeo,
1330 924 1441 951 fratrem
1464 931 1553 952 meum
1580 925 1726 952 secundum
1744 933 1805 952 ear-

1018 975 1080 995 nem
1097 972 1127 996 et
1147 968 1293 1003 spiritum:
1310 975 1386 1004 pater
1407 977 1483 997 meus
1499 975 1525 996 et
1545 976 1632 997 mater
1648 978 1706 998 mea
1729 971 1807 998 dere-

1019 1013 1159 1049 liquerunt
1184 1022 1238 1046 me,
1257 1019 1285 1042 ut
1303 1023 1363 1042 cum
1391 1015 1491 1043 Davide
1514 1016 1617 1050 loquar.
1632 1015 1735 1051 Corpus
1758 1017 1806 1044 ad-

1020 1066 1100 1087 versa
1116 1060 1274 1088 valetudine
1299 1060 1414 1093 laborat,
1433 1067 1557 1089 senectus
1584 1068 1664 1098 caput
1688 1062 1802 1097 premit:

1020 1113 1092 1134 cura;
1109 1107 1169 1134 alite
1183 1107 1244 1134 aliis
1258 1108 1426 1135 intexuutur.
1443 1107 1584 1137 lncursant
1600 1110 1715 1144 negotia,
1731 1110 1804 1137 inlitli

1019 1153 1111 1184 amici,
1123 1153 1253 1181 Ecclesia:
1275 1161 1321 1181 res
1340 1159 1450 1189 pastore
1467 1159 1494 1181 et
1510 1155 1691 1190 gubernatore
1702 1161 1804 1184 carent.

1019 1197 1139 1226 Pereunt
1151 1199 1232 1231 bona,
1245 1200 1316 1226 nuda
1334 1203 1361 1227 et
1376 1204 1469 1235 aperta
1493 1205 1554 1228 sunt
1576 1201 1657 1235 mala,
1673 1202 1807 1237 navigatio

1024 1244 1050 1271 in
1074 1249 1164 1277 nocte,
1179 1244 1225 1272 fax
1242 1252 1388 1279 nusquam,
1405 1245 1529 1274 Christus
1544 1247 1655 1274 dormit.
1679 1247 1749 1281 Quid
1765 1249 1805 1274 fa-

1020 1289 1111 1316 ciam?
1126 1289 1183 1317 Una
1208 1290 1273 1317 mihi
1299 1290 1431 1317 malorum
1450 1291 1581 1324 depulsio,
1594 1300 1678 1324 mors.
1704 1293 1739 1320 At
1762 1300 1806 1321 res

1018 1333 1100 1360 etiam
1118 1334 1230 1362 alterius
1248 1334 1310 1363 vita:
1329 1334 1397 1366 mihi
1413 1334 1595 1364 formidolosa:
1618 1341 1690 1370 sunt,
1707 1345 1741 1366 ex
1757 1339 1806 1365 hu-

1016 1378 1060 1413 jus
1070 1379 1131 1406 vita:
1141 1380 1220 1407 rebus
1233 1380 1413 1415 conjecturam
1426 1381 1532 1409 ducenti
1544 1382 1592 1418 (Ιι).
1605 1392 1614 1408 ι
1623 1383 1742 1417 Morbus,
1752 1391 1806 1419 qtto

1018 1423 1160 1452 laborabat
1177 1425 1336 1461 Gregorius,
1360 1426 1412 1454 fuit
1438 1426 1633 1462 impedimento
1659 1430 1806 1463 quominus;

1018 1469 1045 1497 in
1059 1469 1111 1498 hoc
1126 1471 1197 1502 tristi
1215 1472 1314 1501 eventu
1332 1473 1521 1500 communibus
1540 1474 1636 1501 amicis
1647 1475 1765 1508 adesset.
1778 1481 1806 1503 et

1018 1521 1129 1544 sanctos
1153 1517 1246 1546 Basilii
1264 1518 1372 1545 cineres
1395 1521 1612 1547 exoscularetur.
1626 1520 1813 1549 Ctesariensis

1019 1561 1170 1596 Ecclesiae,
1182 1567 1436 1594 tantoornameuto
1451 1566 1582 1600 spoliatm,
1599 1567 1724 1601 solitudo,
1745 1576 1805 1603 spe-

1018 1607 1151 1638 ctaculum
1172 1614 1229 1635 erat
1246 1607 1379 1643 Gregorio
1402 1617 1514 1644 prorsus
1535 1611 1712 1639 intolerabile.
1743 1613 1804 1646 lpse

1017 1651 1129 1691 dimidia
1148 1653 1190 1680 sui
1204 1657 1281 1687 parte
1297 1658 1421 1681 mortuus
1439 1659 1467 1683 et
1481 1656 1615 1683 disseclus
1629 1657 1678 1684 sibi
1695 1658 1805 1685 videba-

1017 1701 1072 1732 tur,
1089 1699 1190 1726 amisso
1211 1699 1257 1727 tali
1273 1700 1363 1732 socio;
1378 1708 1392 1727 a
1409 1709 1462 1736 quo
1478 1702 1560 1729 etiam
1583 1710 1630 1737 per
1656 1708 1805 1732 nocturnas

1017 1743 1149 1775 visiones,
1177 1749 1206 1770 nt
1236 1745 1299 1771 olim
1329 1753 1388 1772 eum
1411 1747 1533 1779 viveret,
1557 1749 1752 1776 admonebatur
1776 1753 1806 1777 et

1016 1789 1214 1823 castigabatur,
1230 1790 1252 1817 si
1277 1791 1339 1825 quid
1362 1792 1471 1819 fecisset
1485 1793 1573 1820 minus
1588 1794 1695 1822 decore.
1711 1794 1804 1822 Basilii

1018 1834 1097 1862 funus
1119 1835 1214 1863 stricta
1230 1841 1257 1863 et
1277 1837 1396 1871 pedestri
1425 1838 1550 1865 oratione
1575 1845 1735 1874 prosecutus
1761 1846 1805 1868 est

1016 1879 1174 1915 Gregorius.
1192 1881 1297 1909 Etenim
1311 1890 1420 1909 carmen
1447 1882 1568 1917 funebre,
1587 1885 1728 1912 duodecim
1744 1886 1803 1920 cpi-

1017 1926 1188 1959 grammatiis
1217 1931 1360 1960 constans,
1388 1929 1428 1955 sui
1455 1928 1482 1955 in
1508 1929 1635 1956 Basiliam
1662 1931 1764 1957 amoris
1776 1934 1804 1957 et

1017 1970 1144 1997 desiderii
1157 1977 1362 2000 monumentum
1374 1980 1436 2001 esse
1455 1973 1558 2004 voluit:
1574 1975 1620 2002 sed
1639 1975 1723 2003 multo
1738 1975 1804 2002 ube-

1018 2015 1084 2048 rius,
1112 2024 1174 2043 cum
1201 2017 1436 2053 Constantinopoli
1466 2027 1591 2047 reversus
1613 2020 1741 2047 exitniam
1769 2021 1804 2048 de

1017 2059 1106 2086 Basilii
1131 2060 1256 2089 laudibus
1281 2062 1375 2090 habuit
1399 2064 1563 2097 orationem,
1587 2065 1613 2092 in
1636 2073 1686 2099 qua
1708 2072 1803 2094 omnes

1016 2105 1115 2140 ingenii
1133 2106 1204 2135 vires
1216 2112 1242 2135 et
1257 2107 1417 2144 cloqucutite
1439 2109 1520 2138 ﬂores
1534 2110 1662 2145 profudit.
1675 2111 1703 2138 Si
1721 2110 1804 2139 Baro-

1016 2151 1061 2178 nio
1076 2151 1106 2186 (i)
1134 2151 1202 2183 fides
1234 2153 1260 2180 in
1292 2153 1349 2180 i’ita
1376 2154 1509 2190 Gregorii,
1525 2156 1548 2183 is
1564 2165 1574 2181 ι
1591 2163 1652 2183 cum
1671 2157 1705 2183 de
1727 2156 1802 2183 infir-

1016 2195 1122 2228 mitate,
1149 2204 1204 2231 qua
1227 2198 1409 2231 detinebatur,
1443 2199 1641 2234 aliquantulum
1669 2200 1802 2229 allevatus

1016 2246 1100 2275 esset,
1121 2243 1322 2271 nobilissimam
1352 2245 1425 2271 illam
1453 2245 1611 2280 panegyrim
1643 2246 1670 2272 in
1695 2245 1801 2274 laudem

1016 2287 1108 2315 Basilii
1125 2289 1299 2322 conscripsit.
1324 2291 1475 2324 quavitaau
1499 2290 1556 2324 ejus
1581 2297 1677 2319 exacte
1705 2299 1802 2319 ιιιοιιυν

1015 2334 1113 2360 tuentis
1127 2335 1271 2369 perpetuis.
1280 2335 1461 2368 eonsignavit.
1471 2345 1481 2362 ›

1014 2389 1108 2426 GXXl.
1133 2389 1273 2424 Gregorius
1287 2391 1465 2425 proﬁciscitur
1478 2391 1740 2426 Constantinopolim,
1755 2393 1801 2421 ob:

1088 2424 1206 2452 Tltracta:
1224 2424 1350 2460 episcopis
1367 2431 1390 2452 el
1406 2428 1559 2454 ori/todoxis
1575 2424 1730 2456 accersi/ua.

1049 2470 1179 2502 Quamvis
1201 2471 1330 2506 praeclara
1352 2472 1406 2499 sint
1430 2480 1597 2508 quiscunque
1624 2473 1753 2500 hactenus
1769 2473 1802 2501 de

1013 2515 1144 2550 Gregorio
1170 2517 1350 2549 narravimus,
1371 2518 1450 2553 longe
1469 2519 1639 2553 pra-clariora
1658 2524 1802 2553 supersunt

1013 2561 1137 2594 dicenda,
1160 2569 1191 2589 ea
1215 2563 1321 2590 scilicet
1343 2571 1403 2598 qua:
1426 2564 1539 2594 duobus.
1553 2564 1593 2592 vel
1613 2565 1698 2592 tribus
1721 2563 1801 2591 annis

1014 2607 1096 2640 gessit
1119 2607 1368 2643 Constantinopoli;
1388 2609 1446 2636 sive
1465 2609 1529 2637 illuc
1549 2618 1563 2636 a
1591 2609 1694 2644 synodo
1707 2609 1801 2635 Aulio-

1014 2652 1116 2685 cheua,
1132 2658 1160 2679 ut
1176 2652 1292 2683 Baronio
1309 2655 1425 2688 videtur,
1443 2655 1542 2685 missus
1565 2654 1658 2686 fuerit,
1683 2654 1741 2681 sive
1757 2661 1802 2681 ro-

1050 2740 1083 2774 (f)
1095 2740 1186 2768 Carm.
1207 2741 1248 2769 lle.
1268 2741 1327 2770 Vita
1340 2751 1399 2774 sua,
1415 2751 1441 2771 v.
1457 2743 1520 2771 535.

1049 2778 1086 2810 lg)
1104 2776 1187 2810 Epist.
1203 2778 1237 2803 al.
1253 2777 1297 2805 57.

1048 2813 1087 2845 (li)
1109 2811 1191 2845 Epist.
1211 2813 1246 2839 al.
1261 2813 1305 2840 39.

1054 2846 1086 2881 (i)
1106 2848 1181 2882 Apud
1203 2846 1283 2880 Boil,
1302 2848 1334 2875 ad
1349 2849 1418 2876 diem
1434 2848 1450 2876 9
1465 2848 1537 2881 Maii,
1553 2857 1578 2884 p.
1595 2849 1657 2880 598.
