2055 3130
913 173 989 202 ViTA
1011 174 1039 202 S.
1061 174 1233 206 GBEGORII.

254 222 382 258 gantihus
398 223 708 262 Coustantinopolitanis
733 237 763 258 se
784 231 939 260 contulerit.
953 233 1041 262 Credo
1055 236 1078 264 A

252 269 379 303 equidem
404 271 547 307 episcopos
572 275 692 302 veritatis
725 275 897 309 defensores,
929 279 1038 314 quibus.

252 319 395 348 postquam
414 315 475 344 lidei
496 319 640 352 perduellis
660 322 811 350 exstinctus
824 328 866 350 est
879 323 989 356 Valens,
1005 326 1038 352 ad

253 365 318 385 suas
339 359 467 388 ecclesias
488 365 638 391 revertendi
660 364 816 394 facultatem
835 369 908 396 dedit
931 368 1040 397 Gratia-

253 410 314 436 nus,
333 406 445 433 consilia
466 407 571 441 iniisse,
586 414 614 436 ut
632 410 721 439 illatas
738 412 868 441 Ecclesiis
890 414 983 450 plagas
1004 416 1039 443 ab

252 448 360 477 Arianis
387 457 529 486 sanarent,
563 455 707 491 tristesque
735 458 830 486 ruinas
858 448 1036 496 repararent:

252 495 334 523 credo
359 497 440 525 etiant
456 499 485 526 in
502 507 561 527 eam
587 509 644 529 rem
667 503 773 532 habitas
799 495 895 534 fuisse
910 508 1037 542 synodos.

252 538 328 567 Ilaud
343 546 432 570 tamen
445 544 605 573 crediderim
619 553 679 574 cum
697 547 812 577 Baronio
823 550 862 586 (a)
877 538 1038 586 Gregorium

251 590 384 620 nostrum,
408 587 585 618 Antiochenm
616 593 710 626 synodi
734 594 853 627 decreto,
881 596 975 624 eadem
1004 598 1038 625 de

250 638 330 658 causa
346 631 450 666 jussum
464 641 525 662 esse
539 635 800 674 Constantinopolim
818 641 952 675 proﬁcisci
967 650 975 676 ;
989 643 1037 671 sed

249 678 411 705 accersitum
431 680 465 707 ab
480 681 613 717 episcopis
628 683 751 712 Thracitc
767 690 794 713 et
808 686 842 714 ab
865 688 1035 722 orthodoxis,

249 722 294 756 qui
315 723 342 749 in
359 725 426 751 urbe
440 726 513 759 regia
527 729 714 756 versabantur.
728 729 758 758 Id
769 731 826 766 ipse
842 737 952 760 testatur
967 733 1036 762 Gre-

247 768 350 802 gorius,
376 769 453 804 cujus
470 772 552 800 verba
576 782 628 802 non
647 776 802 810 significant
815 785 876 805 eum
888 778 963 812 jussu
976 780 1036 807 An-

249 815 380 844 tiochense
401 819 497 852 synodi
519 819 780 857 Constantinopolim
804 823 924 858 petiisse,
942 831 970 853 ut
984 826 1037 853 Ba‘

248 861 326 888 ronio
343 862 439 896 placet.

281 907 431 949 Ἑπρέιὲἇέν
447 909 526 949 ἡμᾶς
540 912 559 944 ἡ
577 911 663 946 χάρις
678 913 732 949 toﬁ
747 914 928 949 Πνεύματος,

278 944 406 986 ηολξῶῖ
417 944 753 986 κᾳλρύντιειῆεξοὶμένωιέ
765 951 814 986 κᾳὶ
824 944 1010 986 ’θρεμλάὶτωη

281 979 364 1005 Λαοῦ
373 980 508 1014 βοηθοὺς
520 982 569 1008 καὶ
585 979 678 1016 λόγόυ
692 979 919 1020 συλλ-ήπτὲρὰξ.

355 1025 401 1051 Ιιοι
415 1027 502 1060 gratia
521 1027 646 1061 Spiritus,
667 1029 757 1056 multis
775 1031 964 1059 aduocantibus

299 1059 336 1098 [Et
353 1062 502 1098 pastoribus
517 1059 544 1088 et
556 1059 656 1094 ovibus,
673 1072 720 1091 nas
740 1066 821 1098 misit,

298 1092 396 1128 Populi
411 1096 545 1131 adjutores
559 1104 582 1124 et
597 1092 724 1126 doctrina:
739 1092 944 1137 defensoresw).

246 1149 370 1185 Gregorii
394 1152 557 1187 biograpbus
581 1154 675 1181 eodem
700 1163 754 1190 quo
776 1163 825 1184 nos
852 1165 933 1185 sensu
950 1159 1031 1186 verba

245 1195 319 1223 illius
343 1196 549 1232 interpretatur,
577 1202 700 1234 quamvis
721 1206 794 1228 erret
823 1202 850 1229 in
876 1202 972 1230 Basilio
985 1204 1030 1238 qui

242 1242 299 1276 jam
314 1247 369 1269 tum
382 1243 496 1276 obierat.
509 1253 569 1272 cum
587 1246 636 1278 ait,
652 1246 725 1273 nulla
739 1248 836 1282 synodi
851 1248 1029 1277 Antiochentc

243 1287 316 1316 facta
339 1290 486 1322 mentione,
510 1298 572 1318 eum
598 1292 860 1329 Constantinopolim
877 1295 968 1322 statim
984 1296 1032 1322 ad-

243 1333 339 1366 fuisse,
359 1335 482 1364 rBasilio
498 1337 627 1365 luminari
653 1346 762 1374 magno,
781 1340 867 1375 ipsius
889 1341 1030 1375 cupiditati

244 1379 432 1415 alacritatique
446 1383 523 1416 quasi
541 1382 615 1411 faces
639 1386 770 1418 quasdam
789 1386 932 1418 subdcnte,
949 1392 1031 1421 atque

243 1426 279 1453 ad
294 1426 443 1460 spiritualia
470 1429 619 1456 certamina
635 1430 722 1463 ipsum
744 1431 901 1465 inungente,
917 1432 1031 1466 aliisque

243 1472 427 1506 compluribus
443 1474 588 1508 episcopis,
616 1475 802 1510 principisque
817 1477 894 1505 urbis
913 1478 1029 1510 civibus,

243 1517 306 1544 fidei
321 1517 423 1550 pietate
437 1520 569 1553 praeditis,
586 1520 620 1548 ab
635 1528 667 1548 eo
678 1521 777 1549 obnixe
791 1523 1028 1556 contendentibus,

1053 904 1074 931 Β

243 1566 274 1589 ιιι
294 1563 359 1596 ipsis
375 1563 474 1591 auxilio
491 1566 631 1598 egentibus
651 1566 780 1594 malorum
799 1575 830 1595 se
853 1567 1025 1603 depulsorem
1044 1585 1065 1612 ε

243 1609 389 1642 praeberet.
403 1619 412 1635 ι
446 1610 473 1637 id
494 1611 551 1645 ipse
573 1611 719 1646 Gregorius
742 1613 770 1640 in
786 1614 907 1641 carmine
922 1614 960 1641 De
977 1616 1031 1642 vita

243 1662 292 1680 sua
307 1653 343 1690 (ι)
360 1655 512 1689 confirmat,
538 1656 583 1684 ubi
608 1658 703 1685 scribit
718 1657 1032 1694 Constantinopolitano-

242 1708 304 1727 rum
324 1701 350 1728 in
375 1709 404 1729 se
427 1703 526 1730 civium
543 1711 665 1732 amorem
687 1705 750 1732 inde
774 1711 879 1739 natum,
902 1707 973 1742 quod
996 1708 1030 1735 ab

243 1747 311 1781 ipsis
324 1748 436 1781 accitus,
452 1754 479 1776 et
493 1759 502 1775 ι
515 1757 608 1777 eorum
624 1758 692 1786 opus
705 1757 793 1779 esset:
811 1763 821 1779 ι

282 1793 316 1819 οἵ
327 1792 353 1819 δ’
365 1793 406 1827 ὡς
419 1793 630 1830 ἑαυτῶν-ἔργον
643 1794 728 1831 εἶχον
741 1798 889 1832 ἀσμένως.

241 1837 272 1865 In
290 1838 375 1866 altero
391 1845 483 1867 autem
502 1842 634 1876 carmine,
646 1851 762 1871 narrans
776 1845 911 1878 quomodo
932 1852 946 1872 a
974 1845 1032 1872 suis

242 1883 348 1911 deliciis
362 1885 494 1920 bonisque
504 1887 629 1914 omnibus
644 1887 772 1922 abreptus
793 1892 820 1916 et
843 1889 921 1924 longe
945 1890 1031 1916 abdu—

242 1935 313 1963 cms,
321 1930 580 1966 Constantinopolim
590 1940 620 1961 se
628 1933 752 1961 conferre
762 1939 871 1962 coactus
881 1936 1028 1966 sit,mcmi-

242 1976 283 2003 nit
293 1976 402 2010 quidem
415 1977 561 2013 Gregorius
578 1989 587 2005 ι
603 1985 780 2008 conventuum
798 1981 1002 2016 episcoporum:
1017 1992 1027 2007 ι

324 2021 423 2062 ῥ’ὀῦν
437 2024 600 2062 amoenior,
613 2026 761 2062 013.11.10ng
773 2035 805 2053 τε
817 2026 975 2061 ποιμένων,

277 2057 332 2084 Καὶ
343 2058 417 2091 λαὸς
433 2059 557 2092 ὀρθόδοξ
559 2069 626 2093 ος...

242 2099 341 2128 Verum
358 2101 424 2128 nihil
440 2109 507 2136 opus
519 2107 562 2130 est
583 2103 640 2130 haec
655 2104 748 2136 verba,
767 2109 797 2132 ut
818 2111 892 2134 recte
902 2107 1029 2134 observat

241 2144 430 2174 Tillemontius
447 2147 548 2192 (d),‘de
572 2149 674 2184 synodo
687 2149 868 2182 Antiochena,
888 2158 948 2185 quae
973 2159 1026 2178 non

241 2191 295 2218 nisi
307 2197 423 2220 exeunte
430 2201 501 2220 anno
509 2194 560 2221 579
568 2200 661 2222 coacta
670 2200 722 2228 cst,
731 2196 917 2230 interpretari,
924 2205 984 2224 cum
995 2197 1027 2224 de

1823 170 1876 212 ita

1092 246 1135 273 Ius
1153 247 1208 280 ille,
1236 248 1351 277 obscura
1373 254 1402 278 et
1427 251 1537 279 ignobili
1562 251 1650 286 patria
1672 257 1763 287 natus,
1778 253 1812 282 ad
1827 262 1876 283 vos

1091 293 1204 324 accessi,
1223 294 1303 328 idque
1325 302 1377 323 non
1401 295 1482 328 ultro,
1509 303 1558 324 nec
1581 305 1625 324 me
1641 297 1727 331 ipsum
1747 298 1875 333 oﬂ‘erens,

1090 342 1118 363 ut
1133 338 1215 365 moris
1229 344 1270 366 est
1284 339 1363 366 hodie
1381 339 1527 375 plerisque.
1550 342 1596 375 qui
1624 342 1658 368 ad
1683 343 1810 371 Ecclesia:
1824 352 1873 379 gu-

1092 383 1238 410 bernacula
1256 389 1357 412 temere
1374 385 1525 419 prosiliunt,
1538 387 1584 413 sed
1598 387 1701 415 accitus
1716 396 1747 415 ac
1759 389 1784 415 vi
1801 397 1875 418 com-

1089 428 1192 462 pulsus,
1213 434 1241 456 et
1267 430 1354 457 timori
1380 431 1546 466 Spirituique
1568 433 1724 461 obsecutus.
1752 433 1828 467 Quod
1850 436 1874 463 si

1089 474 1156 501 falsa
1176 475 1284 509 loquor,
1297 476 1348 503 hoc
1365 477 1429 503 mihi
1443 485 1491 511 pro
1507 477 1616 505 sceleris
1632 487 1710 513 poena
1727 480 1873 515 imprecor,

1089 523 1119 546 ut
1133 520 1233 547 diutius
1256 521 1300 549 ltie
1317 521 1378 549 belli
1396 522 1533 550 molestias
1558 523 1693 551 incassum
1714 527 1872 558 sustineam.

1089 573 1140 593 nec
1152 575 1315 602 quemquam
1327 575 1420 595 errore
1429 569 1552 602 liberem,
1562 570 1607 596 sed
1621 571 1673 597 voti
1683 571 1724 598 sui
1736 578 1874 607 compotes

1090 611 1166 642 fiant.
1191 613 1237 648 qui
1260 615 1356 641 anima:
1379 622 1445 642 mea:
1470 616 1640 642 sterilitatem
1659 616 1871 651 imprecantur.)

1089 657 1196 685 CXXII.
1229 659 1387 694 Deplorat“
1423 659 1721 695 Constantinopolitanw
1745 662 1872 692 Ecclesia:

1431 700 1525 722 status.

1124 738 1258 766 Luctuosa
1279 743 1341 767 tunc
1363 740 1484 767 omnium
1505 740 1689 769 Ecclesiarnm
1711 742 1803 775 facies,
1825 744 1872 772 sed

1088 785 1188 812 nullius
1215 785 1365 813 luctuosior
1397 794 1477 822 quam
1505 787 1818 823 Constantinopolitanre,
1845 791 1871 818 in

1087 837 1138 864 qua
1149 830 1203 864 jam
1218 831 1251 858 ab
1262 831 1340 859 annis
1352 833 1529 868 quadraginta
1542 840 1663 868 grassata
1675 835 1762 862 fuerat
1772 835 1871 862 Ariana

1087 876 1157 909 lues,
1185 878 1236 906 sub
1259 879 1432 913 pontiﬁcibus
1456 880 1643 907 ba-reticorum
1673 883 1870 916 antesignanis,

1088 928 1168 958 atque
1183 924 1264 951 etiam
1284 925 1348 960 ipsis
1365 933 1494 953 novorum
1507 927 1659 961 dogmatnnt
1671 928 1870 962 conditoribus;

1087 970 1137 997 sub
1149 970 1325 1005 principibus,
1337 971 1430 1006 quales
1443 972 1516 999 fuere
1526 971 1702 1001 Constantius
1713 978 1740 1001 et
1761 973 1870 1007 Valens,

1089 1016 1134 1050 qui
1151 1016 1338 1044 btereticorunt
1355 1022 1446 1052 partes
1461 1018 1781 1050 tuebantur,Catholicos
1794 1028 1872 1048 vexa-

1088 1061 1162 1094 bant,
1186 1066 1213 1088 ct
1236 1070 1284 1093 pro
1309 1070 1403 1090 errore
1424 1068 1519 1090 contra
1540 1066 1680 1092 veritatem
1707 1070 1776 1098 toto,
1791 1072 1820 1093 ut
1835 1068 1872 1094 ita

1088 1107 1188 1140 (licam,
1207 1108 1310 1142 imperii
1327 1116 1439 1142 corpore
1454 1110 1603 1137 certabant.
1617 1110 1701 1144 Quam
1717 1112 1870 1146 deploratus

1086 1159 1157 1181 esset
1182 1155 1311 1182 Ecclesia:
1332 1154 1636 1190 Constantinopolitanae
1659 1162 1755 1188 status,
1781 1159 1872 1193 quivis

1086 1200 1164 1228 facile
1178 1201 1286 1235 colliget
1301 1201 1399 1229 auditis
1415 1206 1517 1229 tantum
1532 1210 1625 1230 eorum
1642 1204 1806 1236 nominibus,
1821 1206 1868 1239 qui

1085 1247 1176 1274 sedem
1195 1247 1266 1274 illam
1283 1253 1429 1275 tenuerunt
1457 1249 1491 1276 ab
1515 1257 1586 1275 anno
1606 1250 1668 1281 539.
1684 1257 1737 1283 quo
1750 1250 1868 1283 Arianis,

1085 1300 1155 1319 czcso
1171 1293 1276 1320 vindice
1296 1293 1356 1321 tidei
1380 1295 1537 1322 orthodox-.1:
1554 1296 1680 1329 pontiﬁce
1697 1296 1791 1329 Paulo,
1816 1297 1868 1324 im-

1085 1345 1154 1372 pune
1176 1338 1201 1365 in
1217 1346 1248 1365 ca
1271 1339 1390 1373 grassari
1406 1340 1510 1367 licitum
1526 1346 1576 1367 est.
1596 1341 1679 1373 Hanc,
1699 1343 1790 1370 relicta
1805 1345 1869 1372 sede

1084 1383 1293 1417 Nicomediensi,
1303 1385 1394 1412 Ariani
1408 1387 1459 1413 dnx
1472 1387 1586 1421 agminis
1596 1387 1738 1415 confestim
1754 1397 1787 1416 eo
1799 1397 1873 1417 anno.

1084 1429 1183 1456 invasit
1205 1431 1344 1464 Eusebius,
1372 1437 1431 1467 post
1448 1441 1527 1468 quem
1549 1434 1574 1460 in
1602 1433 1750 1462 Macedoni;
1771 1443 1867 1462 manus

1084 1475 1177 1503 infelix
1197 1476 1254 1504 lucc
1277 1477 1397 1504 Ecclesia
1422 1478 1541 1505 devertit.
1566 1479 1683 1514 Expulso
1698 1480 1732 1507 ab
1746 1481 1867 1515 ipsismct

1083 1521 1204 1555 Arionis,
1221 1529 1293 1549 anno
1309 1523 1371 1556 360,
1396 1524 1431 1551 ob
1454 1525 1598 1552 inauditam
1615 1527 1802 1553 crudelitatem
1819 1527 1867 1553 do-

1083 1568 1232 1602 ctrinchue
1256 1569 1464 1596 inconstantiam
1478 1570 1643 1603 Macedonio,
1661 1571 1798 1599 Eudoxius
1817 1573 1867 1600 Lux

1083 1613 1284 1647 hatrcticorum,
1302 1615 1427 1650 idemque
1448 1617 1646 1650 perditissimus
1671 1618 1867 1649 limresiareba.

1081 1660 1151 1687 Aetii
1169 1661 1330 1688 Arianorum
1348 1662 1425 1696 longe
1442 1663 1593 1696 impiissimi
1609 1664 1768 1698 discipulus,
1782 1664 1863 1692 suile-

1081 1712 1140 1732 ctus
1156 1711 1207 1733 est.
1225 1706 1249 1734 Is
1266 1715 1336 1734 anno
1350 1708 1402 1735 370
1417 1708 1561 1743 impietatis
1578 1717 1687 1737 cursum
1703 1710 1828 1737 absolvit.

1082 1751 1198 1780 CXXIII.
1218 1753 1311 1780 Ariani
1335 1753 1388 1790 late
1410 1754 1581 1781 dominantur
1600 1755 1627 1781 in
1652 1757 1715 1782 urbe
1736 1763 1746 1782 :
1770 1755 1866 1790 templa

1178 1793 1306 1822 occupant
1323 1795 1333 1814 :
1350 1788 1403 1815 alia
1422 1795 1581 1816 (animatum
1596 1791 1622 1817 in
1638 1791 1768 1825 sepulcra.

1115 1833 1184 1860 Tum
1200 1842 1265 1861 vero
1281 1835 1414 1869 respirare
1432 1835 1568 1870 paululum
1583 1837 1631 1864 visi
1646 1842 1708 1864 sunt
1721 1838 1867 1870 Catholici.

1080 1878 1186 1913 sibique
1201 1879 1345 1913 Evagrium
1372 1880 1527 1914 episcopum
1546 1880 1602 1914 jam
1626 1885 1796 1915 cooptarunt.
1813 1881 1865 1908 Sed

1081 1931 1141 1951 mox
1172 1924 1269 1952 Valens
1297 1925 1454 1959 imperator,
1479 1925 1587 1952 Ariana:
1615 1926 1697 1953 tutela
1734 1927 1864 1961 perfidiae,

1079 1969 1156 2004 pulso
1180 1970 1206 1995 in
1228 1970 1352 1997 exsilium
1378 1969 1491 2006 Evagrio
1506 1979 1566 1997 cum
1593 1970 1734 1998 Eustatbio
1748 1972 1864 2006 presby-

1081 2019 1148 2046 tero,
1164 2015 1210 2049 qui
1233 2016 1317 2050 ipsius
1339 2016 1482 2043 electionis
1507 2022 1601 2044 auctor
1621 2016 1719 2048 fuerat,
1743 2017 1864 2044 [attdoxio

1079 2061 1265 2095 Demopliilum
1281 2069 1357 2096 mque
1373 2062 1482 2095 impium
1498 2070 1529 2089 ac
1546 2062 1690 2089 nefandum
1715 2063 1863 2090 substituit.

1079 2106 1115 2133 Ita
1129 2107 1220 2133 Ariani
1241 2114 1346 2134 summa
1373 2115 1462 2135 rerum
1485 2108 1611 2136 Ecclesia:
1637 2109 1725 2144 potiti,
1749 2109 1792 2136 vix
1809 2109 1865 2143 pie-

1081 2152 1141 2178 tatis
1170 2152 1349 2187 «τειὶψιῖςιεμ
1377 2159 1403 2180 et
1430 2154 1579 2181 excitandte
1603 2161 1618 2180 a
1644 2154 1774 2189 Gregorio
1802 2155 1862 2182 ﬁdei

1082 2206 1091 2222 ι
1102 2197 1205 2224 semina
1218 2207 1228 2224 ι
1246 2199 1421 2233 reliquerant.
1433 2199 1602 2234 Tcmplorum
1619 2201 1671 2228 alia
1684 2201 1717 2228 ab
1731 2202 1863 2229 haereticis

242 2235 365 2264 Thracia:
376 2238 562 2273 episcoporum
574 2239 755 2267 conventibus
766 2241 907 2268 commode
916 2247 943 2268 et
955 2247 1027 2269 recte
1044 2251 1066 2278 ι)
1078 2248 1220 2278 occupata,
1228 2249 1308 2278 atque
1320 2245 1345 2271 in
1357 2246 1450 2279 primis
1460 2247 1652 2280 amplissimum
1666 2248 1727 2274 illml
1735 2248 1782 2282 (ῃ),
1793 2258 1801 2274 ι
1814 2248 1863 2275 So-

241 2283 347 2316 pOssint
370 2288 452 2318 atque
476 2286 558 2313 etiam
582 2286 698 2314 debeant
720 2286 844 2322 intelligi.
867 2287 977 2314 Demum
994 2289 1027 2315 ah

242 2328 339 2356 amicis
360 2330 452 2362 etiam,
475 2331 546 2358 inter
569 2340 648 2366 quos,
674 2338 772 2368 praeter
785 2333 926 2365 Basiliam,
953 2334 1028 2361 fuere

241 2372 376 2407 Meletius,
394 2375 549 2410 Bosphorus
562 2378 681 2406 Coloniae
696 2379 852 2414 episcopus,
868 2385 894 2408 et
908 2379 953 2406 alii
968 2379 1028 2414 plu-

240 2426 298 2451 res,
313 2419 620 2456 Constantinopolitanis
637 2424 767 2451 auxilium
784 2425 855 2452 ferre
871 2425 1027 2460 compulsus

241 2465 294 2493 fuit
309 2465 466 2501 Gregorius.
483 2467 528 2495 Sic
542 2469 680 2502 profectus
701 2470 841 2505 aliquanto
859 2476 919 2505 post
934 2470 1025 2498 Basilii

241 2516 359 2539 mortem
380 2517 510 2548 tempore,
533 2524 544 2540 ι
556 2522 608 2542 non
624 2522 672 2543 sua
687 2521 792 2551 sponte,
815 2517 864 2544 sed
880 2522 1002 2550 coactus,
1015 2527 1024 2543 ι

240 2562 271 2583 ut
284 2557 340 2591 ipse
356 2562 470 2586 testatur
481 2559 516 2594 (ε)
530 2568 536 2586 :

278 2602 360 2629 οὕτω
373 2603 431 2638 μὲν
445 2603 541 2639 ἦλθον
551 2606 608 2639 οὐχ
624 2605 710 2639 ἑκών,
722 2611 774 2634 etc.

240 2647 340 2676 Eadem
360 2651 459 2683 passim
483 2652 590 2685 repetit,
608 2653 724 2679 maxime
749 2654 775 2680 in
799 2653 922 2681 oratione
944 2661 1025 2689 quam

240 2698 298 2721 tum
313 2697 346 2723 ad
360 2697 476 2725 Arianos
490 2698 584 2725 habuit
606 2708 612 2726 :
644 2708 653 2724 ι
681 2699 748 2735 Ego,
768 2699 909 2736 inquit“),
928 2708 1026 2736 parvu-

276 2751 315 2786 (a)
336 2751 410 2785 Bar.,
427 2754 474 2786 ib.,
489 2763 515 2786 p.
530 2755 592 2786 599,
606 2757 658 2784 col.
672 2757 700 2785 I.

288 2787 313 2818 b)
331 2788 422 2823 _Carm.
438 2790 474 2816 De
493 2789 550 2817 Vita
562 2800 620 2823 sua,
634 2800 659 2819 v.
674 2792 735 2820 598.

286 2825 311 2856 c)
331 2821 410 2855 Ibid.,
426 2831 451 2850 ν.
468 2825 544 2852 1151.

286 2857 314 2885 d)
333 2857 402 2885 Adv.
418 2860 500 2891 episc.

274 2893 310 2928 (ε)
327 2892 419 2920 Carm.
434 2893 472 2921 De
487 2894 547 2922 Vita
561 2905 618 2928 suo,
637 2905 661 2924 ι’.
678 2897 740 2926 610.

1077 2289 1139 2322 pltia
1165 2290 1418 2324 cognominatum,»
1448 2296 1511 2318 tunc
1536 2292 1655 2318 «diaboli
1678 2301 1863 2327 propugnacu-

1077 2335 1130 2361 lum
1144 2345 1154 2360 ι
1178 2336 1263 2370 magis
1278 2344 1357 2370 quam
1383 2337 1508 2371 ecclesia,
1529 2338 1573 2364 ubi
1601 2347 1610 2363 ι
1626 2346 1689 2365 suos
1705 2339 1748 2365 ille
1764 2339 1862 2365 milites

1076 2387 1108 2406 ac
1136 2379 1293 2408 defensores
1323 2381 1509 2415 collocaratp
1534 2383 1588 2409 ituo
1618 2383 1661 2410 ubi
1690 2384 1860 2410 ultemonnm

1076 2426 1222 2457 exercitus,
1239 2426 1427 2462 fUriarumquc
1442 2436 1473 2455 ac
1494 2428 1638 2462 spirituum
1660 2428 1779 2459 legiones
1796 2430 1860 2455 ade-

1077 2474 1138 2496 rant
1154 2470 1363 2498 innnundorum.
1378 2479 1388 2497 δ
1408 2472 1466 2499 Alia
1479 2473 1529 2508 Ut),
1544 2482 1552 2498 ε
1564 2481 1596 2500 ex
1613 2473 1719 2508 templis
1733 2473 1758 2500 in
1772 2473 1860 2506 sepul-

1076 2523 1122 2543 cra
1149 2521 1323 2550 commutata,
1352 2517 1405 2544 alia
1434 2526 1531 2545 cru0re
1560 2525 1716 2545 sanctorum
1751 2526 1860 2552 aspersa

1077 2561 1272 2596 profanataque
1287 2572 1293 2589 :
1309 2554 1561 2598 presbyteri‘exusti
1573 2572 1579 2596 ;
1591 2573 1600 2588 ι
1626 2562 1758 2590 C..tholici
1778 2573 1787 2587 ι
1799 2570 1863 2588 con-

1078 2608 1216 2635 tumeliisr
1250 2609 1351 2642 vexati,
1378 2610 1527 2636 «bonorum
1559 2610 1721 2644 direptione,
1748 2608 1860 2641 exsilio;

1075 2654 1211 2685 ecclesiis,
1242 2655 1381 2688 domibus,
1414 2655 1480 2689 ipsis
1506 2655 1586 2682 etiam
1615 2655 1684 2690 pulsi
1711 2655 1859 2683 solitudini-

1075 2699 1161 2728 bus...
1173 2700 1204 2736 (i)
1217 2708 1281 2735 grex
1296 2701 1410 2735 exiguus
1436 2708 1467 2728 ac
1481 2708 1514 2728 ne
1529 2709 1594 2736 grex
1610 2701 1728 2736 quidem,
1742 2701 1789 2728 sed
1801 2708 1862 2735 par-

1114 2758 1146 2791 m
1166 2759 1212 2786 0r.
1229 2759 1273 2789 33,
1288 2768 1315 2786 n.
1337 2759 1381 2786 15.

1114 2795 1151 2828 (9)
1171 2794 1218 2821 Or.
1231 2795 1276 2826 55,
1293 2803 1319 2822 ιι.
1332 2795 1359 2821 5.

1113 2828 1152 2864 (Ιι)
1164 2828 1221 2864 70:“.
1236 2829 1281 2861 Η,
1293 2838 1319 2855 ιι.
1337 2831 1382 2858 23.

1074 2870 1077 2874 ι
1112 2864 1143 2899 (ἰ)
1163 2863 1242 2896 lbid.,
1257 2873 1283 2891 η.
1298 2865 1325 2892 2.
