2055 3130
161 207 216 235 215
281 184 285 186 μ

814 199 896 228 VlTA
915 198 944 227 S.
964 195 1139 226 GREGORII.

1725 189 1778 217 2M

162 271 226 291 vum
242 261 375 297 quoddam
398 264 426 288 et
448 263 529 288 tenue
546 259 636 295 gregis
651 257 805 292 vestigium,
821 261 868 285 aut
887 257 946 284 relic
959 257 985 285 Α
997 253 1058 280 dem
1087 249 1321 297 persectnionibus
1335 250 1557 297 vexatamatque
1572 245 1698 297 amictum
1711 246 1779 274 hau-

164 308 247 342 quite;
261 305 390 342 prazclare
401 313 492 333 secum
504 307 545 340 agi
557 305 698 340 putabant,
709 304 731 332 si
742 303 855 332 salutem
870 311 946 330 suam

165 353 299 386 surripere
312 351 415 378 liceret.
428 360 438 377 ι

163 407 282 438 CXXIV.
301 407 390 436 Varia!
410 407 522 434 luerent
541 405 767 440 Constantinopoli
789 407 948 441 grassaban<

393 448 436 469 tur
449 447 543 476 prtctcr
558 442 695 468 Arionem.

198 490 236 525 (η)
251 489 344 524 Neque
374 488 461 516 solum
487 487 586 514 Ariatta
623 487 682 514 lues
715 485 946 520 Constantinopoli

163 534 346 570 grassabatur,
367 540 460 559 verum
482 532 518 559 ibi
535 538 642 566 quoque
655 530 806 562 Novatiani,
824 531 948 558 Macedo-

165 579 250 612 niani,
277 578 444 609 Photiniani,
470 577 648 608 Marcelliani.
678 576 836 610 Sabelliani,
858 578 955 606 Euno—.

165 625 262 658 tniani,
284 624 452 660 jamjamque
466 623 668 657 Apollinaristm
685 622 859 657 pttllulantes,
875 623 946 649 veri-

165 671 212 698 tati
231 679 263 698 ac
285 671 346 697 ﬁdei
372 678 425 696 ttna
449 677 511 696 cum
526 668 676 696 Catltolicis
694 668 829 695 exsulanti
846 669 945 696 bellum

164 716 325 742 indixerant.
341 715 387 742 llis
399 714 509 745 etenim,
529 714 615 749 inquit
635 713 827 749 Baronins(b),
848 721 863 740 e
883 721 946 748 por-

165 761 200 788 tis
232 760 311 787 inferi
341 761 445 787 etlttclis
472 760 632 795 legionibus,
662 765 690 787 ct
713 759 946 794 Constantinopoli

164 805 236 833 velut
260 806 287 833 in
316 806 423 833 stativis
440 805 591 838 collocatis,
614 805 740 841 antiquus
758 806 842 833 hostis
868 805 946 832 ﬁdem

163 852 322 879 catholicam
337 852 520 886 oppogttabat.

200 897 266 925 Tam
279 898 360 930 tristi,
373 904 454 932 atque
465 899 545 924 etiam
563 907 573 924 ί
587 898 698 925 tristiori
715 901 796 928 statu.
811 907 821 923 ι
841 897 863 924 si
876 897 944 925 Gre-

165 944 269 979 gorium
289 944 375 979 ipsum
398 945 493 971 audias
508 944 554 978 (τ),
571 943 878 978 Conslantinopolitanm
895 943 946 971 Ec-

163 990 252 1018 clesiae
267 998 310 1017 res
324 994 413 1022 erant,
432 998 493 1017 cum
515 990 550 1017 ab
573 989 706 1025 episcopis
720 993 747 1017 et
760 996 773 1015 a
788 988 894 1024 populis
911 989 945 1016 ob

163 1043 234 1067 eam,
254 1043 314 1069 quae
328 1041 404 1062 mare
432 1034 588 1067 transierat,
613 1034 733 1062 scientia'
749 1041 780 1061 ac
798 1034 947 1062 sanctitatis

163 1080 274 1113 fatuam,
287 1088 340 1115 qua
357 1079 494 1114 precibus,
513 1087 565 1114 qua
589 1079 818 1107 obtestationibus
832 1084 946 1106 vocatus

164 1126 332 1160 accitusque,
348 1125 613 1160 Constantinopolim
631 1125 749 1160 antiqua:
763 1133 870 1152 rursum
884 1125 945 1152 ﬁdei

163 1172 286 1199 conditor
300 1172 453 1206 Theologus
469 1172 554 1198 venit.

162 1227 266 1255 CXXV.
283 1227 386 1260 Quibus
409 1227 490 1254 armis
507 1233 674 1262 pugnaturus
702 1231 794 1254 contra
810 1227 947 1255 ha'rcticos

353 1264 497 1289 instructus
513 1264 581 1290 venit
601 1262 750 1298 Gregorius.

197 1308 278 1336 Venit
294 1313 384 1336 autem
413 1317 422 1334 ι
437 1316 499 1336 cum
524 1313 660 1344 potestate
676 1309 786 1337 minime
800 1316 866 1337 sane
879 1316 946 1337 con-

163 1355 316 1386 temnenda,
329 1364 338 1380 ι
355 1362 472 1390 cumque
487 1355 581 1389 ipsius.
596 1360 625 1382 ttt
638 1355 748 1390 qttidatn
765 1355 946 1389 interpretan-

163 1404 216 1431 tur,
224 1400 571 1434 auctoritateimperatoris;
581 1408 733 1435 quanquam
742 1401 851 1428 Davidis
859 1401 944 1429 nostri

163 1450 257 1472 contra
271 1445 378 1473 Goliallt
390 1450 417 1472 et
427 1445 595 1472 Pbilistltteos
610 1453 685 1472 arma
701 1453 752 1472 non
768 1446 888 1473 carnalia
900 1448 945 1473 sed

161 1492 280 1522 potentia
294 1491 347 1518 Deo
360 1491 393 1517 ⁵⁷.
411 1490 466 1518 Nec
478 1491 550 1518 enim
567 1492 711 1525 praesentia
730 1492 851 1526 corporis
865 1493 943 1526 quid-

161 1544 242 1570 quam
258 1537 390 1564 ittﬁrmitts
403 1536 458 1573 (d):
478 1545 488 1562 ι
499 1536 661 1571 Peregrinus
672 1545 761 1572 prteco
775 1542 802 1565 et
818 1543 943 1571 extcrus;

162 1590 243 1617 parva
265 1583 373 1609 civitate
397 1590 429 1610 ac
453 1589 486 1610 ne
503 1582 615 1610 civitate
636 1583 756 1617 quidem,
783 1583 830 1610 sed
856 1584 945 1617 arido,
959 1595 979 1622 ο

162 1627 307 1659 inamoeno,
323 1627 485 1662 infrequenti
498 1627 557 1655 loco
571 1632 660 1659 natus,
676 1627 792 1656 obscuro
811 1632 945 1655 terrarum

162 1672 261 1707 angulo
290 1672 398 1699 abditus
437 1673 595 1707 hucusque;
631 1673 778 1699 contractis
807 1676 945 1699 senectute

162 1719 301 1750 membris,
313 1723 340 1746 ct
354 1724 466 1745 curvato
479 1719 552 1745 humi
571 1725 695 1752 corpore,
710 1717 784 1744 vultu
804 1718 873 1744 haud
890 1717 945 1744 cle-

162 1764 247 1796 ganti,
272 1763 346 1798 rugis
372 1769 476 1796 aratus,
495 1763 559 1790 ﬂetu
579 1763 684 1789 tabidus
700 1767 727 1790 et
745 1762 826 1793 fame,
844 1762 942 1797 agresti

163 1816 228 1835 voce
252 1813 279 1835 et
301 1806 409 1843 aspera,
431 1809 520 1835 viliori
544 1813 637 1841 veste;
665 1809 863 1843 pauperrimus,
895 1817 944 1836 nec

162 1854 277 1887 pecunia
299 1862 380 1888 quatn
400 1853 450 1880 alis
464 1854 632 1880 instructior.
647 1862 656 1878 ι
674 1853 719 1880 Sic
731 1861 760 1880 se
775 1854 831 1887 ipse
846 1854 870 1880 itt
884 1862 947 1880 car.

163 1900 280 1926 minibus
292 1905 319 1926 et
335 1900 506 1927 orationibus
517 1900 638 1934 depingit
648 1899 806 1934 Gregorius.
824 1899 944 1934 Corpore

162 1945 204 1972 vir
223 1945 352 1978 tantulus,
369 1947 416 1973 sed
432 1946 533 1980 Spiritu
549 1950 644 1979 potens
661 1952 742 1979 opere
762 1949 790 1972 et
808 1953 945 1977 sermone,

163 1992 312 2026 principum
326 1992 406 2026 hujus
424 1992 516 2019 seaculi
535 1997 755 2026 potestatumque
768 1990 944 2024 munitiones,

162 2037 286 2069 consilia,
306 2042 333 2064 et
351 2045 411 2071 qua:
437 2038 567 2065 adversus
589 2037 730 2064 scientiam
750 2037 796 2064 Dei
813 2044 842 2063 se
858 2036 944 2063 extol-

162 2081 243 2114 lebat,
266 2082 433 2108 altitudinem
456 2090 564 2109 omnem
585 2082 775 2108 destruetur-ns
802 2081 943 2115 progredi-

163 2128 244 2160 tur",
254 2138 263 2154 ι
277 2127 402 2162 Theologi
421 2127 581 2162 triumphale
597 2134 703 2159 nomen,
716 2136 724 2152 ι
740 2132 769 2154 ιιι
785 2132 843 2153 cum
857 2126 944 2153 Baro-

163 2175 207 2200 nio
223 2173 326 2207 loquar,
344 2173 406 2199 inde
421 2173 518 2200 merito
537 2173 588 2200 sibi
603 2177 819 2206 comparaturus.

160 2218 276 2246 CXXVI.
298 2218 317 2244 Α
343 2219 461 2252 cognatis
479 2219 588 2250 hospitio
602 2223 732 2251 exceptus.
755 2216 804 2244 Pin
821 2222 875 2244 erat
893 2217 942 2244 do-

265 2263 332 2283 mus,
348 2255 374 2280 in
390 2262 466 2288 quam
482 2253 665 2280 conveniebant
683 2253 833 2280 orthodoxi.

195 2299 457 2334 Constantinopolim
481 2300 564 2334 igitur
579 2300 691 2327 veniens
708 2300 853 2334 Gregorius
869 2307 941 2328 anno

160 2345 224 2378 379,
247 2354 260 2371 a
278 2348 398 2380 cognatis
415 2345 575 2380 quihusdam
601 2344 659 2372 suis
682 2345 799 2379 hospitio
815 2349 942 2380 exceptus

159 2396 210 2418 εει.
228 2390 304 2417 Nulla
323 2391 394 2418 enim
419 2395 473 2417 tum
493 2390 645 2417 Catholicis
658 2390 685 2417 in
700 2397 730 2416 ea
749 2391 815 2416 urbe
825 2395 884 2417 erat
897 2398 943 2418 ec-

159 2436 252 2467 clesia,
267 2436 334 2463 adeo
352 2436 514 2462 Arianorum
532 2435 612 2463 factio
624 2436 785 2462 invaluerat.
798 2435 835 2463 De
849 2435 940 2468 donto,

159 2490 219 2516 qua:
235 2481 398 2517 Theologum
423 2481 538 2516 excepit,
559 2483 615 2508 harc
637 2482 729 2509 scribit
743 2482 781 2517 (e)
795 2490 801 2508 :
818 2491 827 2507 ‹
842 2482 940 2509 Domus

159 2527 279 2560 qtttctlatn
297 2528 350 2562 pia.
373 2535 465 2554 amore
481 2528 527 2554 Dei
545 2527 672 2562 ﬂagrans,
693 2536 745 2554 non
766 2535 844 2554 secus
858 2533 940 2562 atque

159 2573 276 2601 Elisettm
290 2574 467 2601 Snuamitidis
482 2574 684 2611 domtts",_nos
697 2573 869 2605 refocillarit;
892 2574 941 2601 do-

159 2626 228 2650 mus,
243 2619 361 2653 inquam,
375 2619 513 2646 hominum
527 2620 648 2654 corporis
659 2619 823 2654 spiritusque
835 2626 940 2646 mecum

161 2665 318 2699 :ognatioue
342 2664 569 2698 conjttnclorum;
585 2664 654 2698 apud
677 2671 745 2699 quos
769 2663 882 2698 populus
897 2663 940 2690 hic

159 2718 264 2744 quoque
278 2717 432 2745 cotupactus
455 2717 506 2743 cst,
526 2719 586 2738 cum
601 2711 691 2737 furtim
714 2709 891 2737 orthodoxam
908 2709 939 2736 ﬁ-

193 2757 214 2772 "'
226 2756 246 2783 ll
260 2756 324 2784 Cor.
339 2764 367 2787 x.
379 2757 405 2784 4.
443 2757 466 2773 ⁵⁸
478 2757 542 2784 ibid.
558 2757 585 2784 5.
623 2756 645 2772 “
657 2756 691 2783 IV
705 2756 771 2791 Reg.
791 2764 828 2791 tv,
844 2757 870 2790 Ι,
886 2764 961 2792 seqq.

192 2804 232 2838 (α)
253 2805 329 2831 Sorr.
348 2805 366 2831 Ι.
387 2813 417 2835 ιι,
434 2812 459 2831 e.
478 2805 521 2831 38.
539 2803 659 2838 Sozom.,
673 2811 698 2839 p.
711 2804 772 2831 57L

194 2840 231 2875 (ιι)
253 2840 331 2875 ιιοιι.,
345 2840 361 2867 9
376 2840 445 2868 Maii.
462 2848 486 2872 ιι,
502 2840 563 2866 tua.

193 2876 230 2907 (c)
247 2874 338 2901 Carm.
354 2875 388 2901 al.
406 2875 430 2903 i.
447 2882 472 2900 ν.
485 2875 547 2901 ελιιι.

193 2908 232 2946 ((1)
251 2909 298 2938 0r.
321 2909 366 2942 55,
382 2919 408 2937 ιι.
427 2909 468 2936 t5.

961 929 982 956 Β

997 298 1082 330 riret;
1100 303 1268 332 nequaquam
1283 295 1367 322 libere
1381 301 1430 322 nec
1452 294 1510 321 sine
1523 293 1669 328 periculo.)

997 341 1125 372 CXXVII.
1149 341 1270 377 Exiguus
1296 340 1341 367 ille
1365 339 1447 371 locus,
1476 339 1507 366 ob
1523 339 1679 377 restitutam
1700 337 1778 372 fidem

1206 375 1293 402 dictus
1308 379 1396 406 postea
1407 375 1556 401 Anastasio.

1031 434 1150 469 Exiguus
1168 437 1226 460 erat
1240 432 1285 460 ille
1307 432 1392 465 locus,
1408 431 1452 458 tibi
1468 436 1531 458 tunc
1546 430 1663 466 pritnum
1679 436 1778 456 conve-

997 481 1036 507 rtit
1053 480 1178 515 populus,
1192 484 1219 506 et
1233 479 1259 505 in
1276 477 1418 505 ecclesiam
1441 481 1576 509 mutatus;
1598 476 1721 510 idemque
1735 480 1778 502 cst

996 527 1042 561 qui
1057 527 1174 556 laxatus,
1191 525 1225 551 ob
1242 524 1391 552 restitutam
1405 530 1436 550 ac
1454 522 1527 549 velut
1543 529 1556 548 a
1575 522 1690 548 mortuis
1705 521 1778 548 exci-

998 575 1079 598 tatam
1095 571 1120 597 in
1135 577 1168 597 ea
1180 569 1343 596 catholicatn
1359 568 1450 600 ﬁdem,
1462 567 1605 594 Anastasio
1616 567 1727 594 subinde
1737 571 1779 594 est

997 615 1158 650 appellatus.

1032 661 1219 691 Ἀναστασία,
1235 659 1316 693 ναῶν
1329 660 1345 686 ὁ
1357 660 1533 693 τιμιώτατος,

1034 697 1072 724 Ἦ
1082 697 1185 722 πίστιν
1204 695 1358 729 ἑξήγειρας
1372 694 1407 720 ἐν
1419 693 1457 728 τῇ
1471 693 1617 728 κειμένην.

1067 741 1218 773 Anastasio,
1235 740 1390 772 templorum
1407 739 1518 766 maxime
1533 739 1689 770 venerabile,

1069 775 1134 809 Quae
1144 775 1273 810 jacentem
1293 774 1364 800 humi
1378 774 1456 807 ﬁdem
1475 775 1639 801 exsttacitasti
1656 775 1701 809 (Ι).

997 820 1082 854 Quam
1106 820 1187 847 etiam
1214 819 1418 854 appellationem
1441 819 1628 846 conﬁrmatam
1655 818 1776 845 nonnulli

997 865 1100 898 volunt,
1129 865 1198 899 apud
1224 863 1413 896 Sozotncnttm,
1440 863 1642 890 resurrectione
1671 863 1778 890 femina}

997 910 1108 946 cjusqtte
1120 910 1199 943 fetus,
1213 917 1294 944 quem
1310 914 1387 936 tttero
1401 909 1539 944 gestabat;
1555 914 1582 936 et
1595 913 1694 936 sancta:
1706 916 1778 935 mar-

997 956 1064 991 tyris
1078 955 1230 983 Anastasis:
1245 954 1368 989 reliquiis
1382 960 1474 989 postea
1491 954 1623 989 depositis
1638 955 1671 981 ad
1688 960 1775 981 rostra

995 1000 1112 1034 Domini,
1128 1001 1196 1033 sive,
1213 1005 1240 1027 ut
1254 1000 1314 1027 aliis
1331 1001 1428 1034 placet,
1443 1001 1582 1034 porticum,
1598 1000 1642 1027 ubi
1659 1001 1777 1026 Anasta-

996 1047 1042 1074 size
1053 1046 1179 1082 templum
1191 1047 1224 1073 ab
1235 1046 1349 1073 eruditis
1363 1046 1520 1073 collocatur.
1532 1045 1630 1073 Verum
1643 1045 1773 1080 qttidquid

995 1091 1031 1118 sit
1056 1091 1090 1118 de
1114 1091 1314 1119 resurrectione
1337 1092 1443 1120 femina:
1465 1091 1578 1127 ejusque
1593 1091 1673 1122 fetus.
1693 1096 1720 1118 et
1744 1091 1778 1119 de

995 1136 1124 1171 depositis
1145 1144 1161 1164 a
1182 1136 1322 1164 Gennadio
1339 1137 1491 1172 patriarcha
1511 1137 1538 1164 in
1563 1137 1612 1164 hac
1635 1137 1693 1164 aede
1713 1137 1777 1164 reli-

995 1182 1081 1217 quiis;
1098 1187 1204 1210 constat
1223 1183 1394 1210 Anastasiam
1416 1183 1479 1211 inde
1499 1183 1598 1210 dictam
1615 1190 1686 1214 esse,
1703 1183 1773 1217 quod

995 1228 1110 1263 collapsa
1126 1228 1192 1256 ﬁdes
1205 1228 1259 1255 illic
1271 1229 1388 1256 excitata
1410 1233 1469 1261 est;
1489 1228 1560 1264 quod
1580 1229 1677 1255 iterum
1693 1233 1775 1262 atque

995 1273 1092 1300 iterum
1109 1277 1224 1300 testatur
1236 1272 1394 1307 Gregorius,
1419 1277 1446 1300 et
1471 1278 1525 1300 tam
1548 1273 1658 1309 diserte,
1676 1277 1705 1299 ut
1719 1271 1778 1298 ttul-

995 1317 1049 1345 lum
1061 1325 1119 1346 esse
1131 1318 1217 1352 possit
1232 1319 1353 1346 dubium.
1362 1318 1420 1346 Jam
1437 1326 1507 1346 nunc
1524 1326 1567 1346 res
1580 1318 1638 1353 ejus
1650 1319 1777 1354 prmclare

995 1368 1084 1398 gestas
1096 1363 1328 1399 Constantinopoli
1344 1371 1550 1398 prosequantur.

995 1418 1134 1448 CXXVIII.
1148 1419 1192 1446 lla
1207 1419 1300 1447 crescit
1318 1420 1468 1452 Anastasio,
1485 1424 1512 1446 ut
1530 1420 1597 1447 brevi
1609 1427 1696 1446 omnes
1709 1419 1775 1447 Con-

1029 1455 1278 1488 uantt'twpolilauaa
1295 1455 1467 1488 amplitudine
1483 1460 1508 1481 et
1525 1455 1717 1489 magniﬁcentia
1733 1463 1775 1481 stt-

1029 1495 1098 1523 peret
1112 1489 1244 1517 ecclesias.
1254 1489 1344 1516 lnltac
1360 1498 1425 1516 nova
1438 1489 1585 1516 Both/sltem
1598 1497 1685 1516 omnes
1698 1489 1777 1517 luere-

1031 1526 1094 1550 licos
1109 1530 1239 1559 oppugnat
1256 1525 1379 1560 fugatque
1392 1523 1541 1560 Gregorius.

1031 1571 1160 1606 Exiguus,
1183 1576 1212 1599 ttt
1235 1571 1289 1606 jam
1320 1573 1447 1606 diximus,
1474 1573 1594 1607 primum
1620 1579 1695 1601 tocus
1725 1573 1777 1600 fuit

996 1617 1138 1644 Anastasio
1149 1625 1156 1650 ;
1169 1617 1215 1645 sed
1229 1622 1347 1645 tnutatus
1360 1618 1386 1644 in
1399 1617 1542 1645 ecclesiam
1558 1618 1592 1645 ita
1605 1618 1688 1646 crevit
1702 1618 1776 1645 brevi

996 1667 1125 1697 tempore,
1139 1668 1166 1690 ιιι
1179 1662 1234 1698 jatn
1253 1663 1287 1690 ab
1305 1670 1376 1690 anno
1389 1663 1440 1691 598
1461 1671 1607 1697 marmora,
1623 1664 1718 1698 quibus
1731 1672 1777 1691 or-

995 1713 1112 1741 naretur,
1137 1712 1270 1744 quaereret
1294 1708 1446 1741 Nectarius,
1471 1714 1552 1744 atque
1579 1711 1660 1737 etiam
1685 1717 1777 1737 sacras

993 1754 1065 1781 mdes
1079 1754 1392 1788 Constantinopolitauas
1407 1755 1604 1789 magnificentia
1629 1760 1656 1782 et
1677 1756 1776 1790 ampli-

995 1799 1094 1832 tudine,
1107 1799 1226 1827 Socratis
1240 1803 1267 1826 et
1280 1799 1421 1826 Sozomeni
1438 1805 1555 1834 tetttpore
1566 1800 1614 1836 (g),
1626 1805 1775 1835 superaret.

993 1843 1022 1871 In
1037 1844 1087 1871 hac
1104 1844 1195 1878 itaque
1211 1853 1221 1870 ‹
1235 1851 1301 1871 nora
1313 1844 1480 1877 Bethlchcm,
1491 1854 1500 1870 ι
1518 1853 1570 1878 qtto
1586 1846 1694 1873 nomine
1712 1854 1772 1872 eatn

994 1889 1109 1924 appellat
1121 1889 1280 1923 Gregorius,
1289 1890 1323 1917 ob
1331 1895 1460 1924 augustos
1473 1890 1523 1917 loci
1539 1891 1666 1923 atnbittts,
1676 1891 1776 1918 Christi

993 1935 1102 1969 antiqua
1114 1935 1179 1962 ﬁdes
1190 1935 1295 1967 revixit,
1308 1940 1335 1962 et
1348 1944 1357 1961 t
1373 1935 1547 1962 intermortua
1560 1944 1570 1962 ι
1584 1936 1617 1962 ad
1632 1936 1714 1964 vitam
1731 1944 1774 1963 re-

995 1981 1053 2009 diit.
1071 1982 1184 2009 Demum
1200 1982 1226 2008 in
1250 1982 1301 2009 hac
1330 1991 1338 2007 ι
1351 1981 1417 2012 Silo.
1434 1982 1612 2016 quadraginta
1629 1983 1706 2009 annis
1724 1983 1778 2010 cir-

994 2029 1118 2053 cumacta
1141 2025 1167 2052 itt
1193 2025 1316 2058 deserto,
1344 2025 1509 2060 incertisque
1534 2031 1629 2061 vagata
1656 2027 1777 2057 Sedibus,

994 2079 1056 2098 arca
1081 2071 1130 2098 ﬁxa
1149 2076 1200 2103 est,
1223 2079 1255 2099 ac
1281 2071 1412 2106 requievit
1437 2078 1500 2098 arca
1523 2071 1579 2099 Noe
1602 2072 1697 2105 altera,
1715 2074 1776 2099 novi

995 2117 1085 2143 tnttndi
1098 2122 1124 2144 et
1137 2117 1346 2144 orthodoxorum
1362 2117 1537 2145 seminarium
1551 2118 1640 2144 ferens
1650 2127 1659 2143 ι
1678 2122 1704 2144 et
1717 2126 1778 2144 cott-

994 2171 1116 2191 serrans.
1135 2173 1144 2189 ι
1157 2163 1222 2190 Tam
1238 2168 1352 2198 angusto
1371 2163 1513 2195 foramine,
1532 2168 1559 2190 ut
1577 2164 1676 2197 optitne
1694 2164 1777 2190 Baro-

994 2209 1054 2235 nius
1066 2209 1115 2243 (lt),
1131 2208 1240 2243 perinde
1257 2216 1288 2235 ac
1301 2209 1322 2235 si
1341 2208 1367 2234 in
1381 2208 1514 2235 latissimo
1529 2215 1634 2242 campo,
1649 2209 1777 2236 adversus

958 2267 981 2295 Β
996 2254 1055 2281 ﬁdei
1071 2254 1162 2282 hostes
1180 2254 1301 2281 certabat
1317 2253 1496 2288 Thcologus;
1508 2261 1562 2280 uno
1589 2258 1676 2281 rotatu
1695 2254 1775 2289 gladii

996 2299 1172 2326 circumcirca
1189 2299 1290 2333 positos
1307 2299 1459 2331 htereticos,
1472 2299 1598 2330 Ariauos,
1609 2298 1778 2326 Macedonia-

992 2352 1053 2378 nos,
1079 2343 1266 2376 Photinianos,
1292 2343 1474 2377 Sabelliauos,
1498 2345 1716 2379 Apollinaristas,
1743 2353 1775 2372 ac

991 2390 1155 2419 Novatianos
1171 2390 1336 2425 perurgebat
1355 2390 1602 2425 prol‘ligabatque...
1625 2391 1709 2418 Erant
1724 2399 1778 2418 ma-

991 2445 1042 2464 nus
1057 2437 1116 2472 ejus
1136 2441 1229 2464 contra
1254 2444 1359 2469 omnes,
1380 2444 1411 2464 ac
1435 2445 1530 2463 manus
1545 2436 1666 2463 omnium
1682 2441 1775 2464 contra

991 2491 1071 2516 eum;
1089 2483 1183 2517 sicque
1198 2483 1317 2509 exaltata
1341 2487 1403 2509 sttttt
1420 2490 1502 2516 opera
1522 2483 1579 2511 Dei.
1594 2487 1622 2508 ttt
1640 2490 1708 2508 untts
1723 2490 1775 2509 non

993 2533 1094 2555 tantum
1110 2528 1182 2554 mille
1196 2527 1312 2562 fugaret,
1327 2528 1374 2555 sed
1388 2532 1415 2554 et
1429 2527 1522 2554 decem
1539 2527 1621 2554 millia
1633 2528 1666 2553 ⁷ο.
1680 2527 1776 2554 Exstat

993 2575 1092 2605 adhuc,
1110 2573 1195 2608 pergit
1208 2573 1439 2600 eminentissimus
1455 2573 1582 2607 scriptor,
1599 2580 1734 2607 appetistis
1749 2573 1775 2599 in

990 2620 1104 2648 ecclesia
1127 2619 1209 2654 pallio
1235 2619 1371 2646 involutus
1398 2623 1459 2652 post
1479 2618 1572 2652 Ephotl
1599 2618 1703 2652 gladius
1720 2618 1775 2648 ille,

991 2674 1043 2700 quo
1058 2670 1151 2693 noster
1171 2665 1330 2700 corypltmtts
1344 2672 1423 2691 mantt
1450 2664 1528 2690 fortis
1552 2663 1775 2690 [’hilisthinorum

992 2715 1097 2737 turmas
1114 2711 1140 2737 in
1158 2710 1247 2744 fugam
1262 2710 1355 2738 vertit.
1372 2709 1496 2741 Exstant,
1514 2709 1633 2743 inquam,
1649 2707 1777 2734 sublimes

999 2757 1022 2772 το
1037 2757 1045 2783 l
1061 2757 1126 2790 Reg.
1144 2764 1219 2788 XVIII,
1238 2755 1264 2784 7.

1028 2803 1064 2838 (ε)
1085 2804 1133 2831 Or.
1151 2803 1197 2835 ‘26,
1213 2812 1239 2830 ιι.
1256 2803 1299 2830 l7.

1027 2839 1061 2874 (Γ)
1081 2839 1172 2874 Carm.
1191 2838 1227 2874 [)e
1249 2838 1308 2864 Vita
1321 2836 1509 2874 ιιιαηνζίηβῧ.

1026 2871 1062 2905 (q)
1085 2873 1173 2904 δικ-ιη
1190 2873 1206 2900 Ι.
1220 2881 1245 2902 v.
1261 2882 1285 2900 c.
1300 2873 1326 2903 7,
1341 2881 1367 2907 p.
1383 2873 1444 2900 263.
1459 2872 1534 2904 δοῖ..
1548 2871 1565 2899 1.
1579 2880 1627 2904 vn,
1645 2880 1670 2900 c.
1687 2871 1714 2900 Β.

1030 2909 1068 2945 (lt)
1090 2909 1137 2944 Ap.
1157 2909 1224 2941 Boi,
1239 2909 1255 2936 9
1268 2909 1339 2941 Maii,
1357 2916 1382 2943 p.
1397 2909 1458 2934 400.
