2055 3130
148 159 196 189 221

798 186 879 215 VITA
898 188 929 215 S.
949 187 1121 219 GREGORII.

1710 203 1763 232 222

144 242 204 262 cum
222 237 279 264 suis
303 237 438 272 episcopis
458 239 599 272 Maximus,
625 249 703 275 opem
722 244 924 278 imploraturos.
940 246 964 274 A
978 245 1117 275 Chronico.
1138 248 1198 276 Mox
1217 249 1363 283 imperator
1388 259 1440 280 una
1463 262 1525 282 cum
1549 256 1680 290 Gregorio
1703 267 1764 285 ma-

145 287 155 290 A
233 280 263 290 ,..,
295 289 298 290 ν
338 282 344 290 .
383 283 388 289 .
463 284 469 290 .

143 281 210 307 adiit
233 280 430 310 Thessalonica:
446 284 517 312 circa
542 293 660 317 mensem
689 290 838 324 Augustum
866 292 929 318 anni

141 326 204 353 580.
229 327 296 353 Tum
324 328 517 357 Alexandriam
545 332 622 366 petit,
649 334 792 369 ipsumque
820 335 928 364 Petrum

144 371 223 406 hujus
241 374 316 400 urbis
334 375 485 410 episcopum
502 378 667 412 aggreditur,
688 384 715 407 et
736 382 770 408 ab
787 389 819 409 eo
837 386 928 416 postu-

144 417 198 449 lat,
224 423 252 445 ut
279 420 320 446 vel
346 421 435 448 sedem
461 423 786 460 Constaminopolitanam
813 429 927 462 adipisci

141 463 232 496 faciat,
254 466 293 492 vel
317 474 393 494 Suum
419 468 467 503 ipsi
496 470 593 497 solium
620 473 727 506 tradat;
753 475 800 500 sed
827 480 927 508 prmtor

142 516 203 535 cum
230 519 309 538 manu
342 513 453 540 militari
482 517 675 550 superveniens
703 517 849 546 Maximum
877 527 927 548 ex-

142 555 220 588 pulit.

141 609 241 638 CXLII.
266 612 413 658 reuulsus.
430 616 521 657 dolore
543 616 695 652 Gregorius,
723 621 861 649 ralalmtur
882 631 928 658 spe

263 648 413 676 discedendi
429 653 531 685 copiam
547 661 574 679 se
591 648 791 683 cottsecnturum

177 691 281 719 Interea
306 694 464 728 Gregorius,
480 705 560 731 quam
578 700 696 727 maximo
718 703 858 734 perculsus
875 704 925 730 dt-

140 734 207 768 lore,
228 738 253 763 id
273 743 362 764 tamen
380 739 469 766 solatii
493 742 628 774 habebat,
652 746 722 778 quod
743 753 810 779 spes
836 748 924 782 aliqua

141 782 285 817 aliulgcbat
306 784 332 810 id
359 791 388 811 se
414 792 620 814 consecuturum
635 808 646 816 .
669 795 698 816 ut
726 791 778 818 sibi
801 791 836 818 ab
859 793 924 821 urbe

140 828 293 856 discedendi
322 831 398 863 copia
433 831 554 861 daretur.
578 833 661 868 Cujus
696 838 837 865 consilium
862 847 922 866 cum

138 873 253 907 populus
282 875 452 908 cognovisset
475 884 506 903 ex
534 879 694 912 quibusdam
716 883 821 914 verbis,
845 884 924 918 queis

978 292 1063 325 jorem
1088 294 1228 322 basilicam
1246 297 1416 331 ingreditur:
1433 307 1486 334 quo
1505 302 1585 328 simul
1604 309 1632 330 nt
1648 303 1762 338 ingressi

980 336 1065 369 luere.
1081 338 1130 371 sol,
1145 341 1190 374 qui
1206 341 1282 375 prius
1295 347 1353 370 erat
1371 343 1396 370 in
1412 345 1515 378 nubilo,
1533 347 1646 376 refulsit.
1664 336 1737 380 «ilbi,
1749 359 1760 376 ι

979 382 1066 417 inquit
1089 384 1250 419 Gregorius,
1266 397 1275 412 ι
1290 396 1350 415 cum
1376 389 1427 417 hoc
1452 394 1610 424 spectaculo
1633 395 1763 422 subiisset

978 429 1083 455 animos
1100 429 1208 463 ﬁducia,
1222 439 1281 464 qua:
1299 434 1393 460 aderat
1410 436 1553 464 multitudo
1576 438 1691 470 inﬁnita,
1706 440 1762 466 cla-

979 481 1053 500 mare
1071 475 1134 502 totis
1149 476 1253 504 viribus
1270 486 1301 505 ac
1327 480 1473 513 deposcere
1499 490 1548 510 nos
1567 483 1761 516 impraesentia-

979 526 1036 545 rum
1057 520 1127 547 hand
1150 522 1229 549 aliter
1250 531 1280 550 ac
1301 525 1322 551 si
1345 526 1395 554 hoc
1419 535 1500 554 unum
1523 529 1662 562 doluisset,
1685 533 1762 566 prin-

977 572 1095 599 cepsque
1115 575 1145 594 ac
1170 569 1318 596 maximum
1334 580 1348 598 a
1364 581 1470 600 summo
1493 576 1611 610 principe
1629 577 1678 604 hoc
1693 578 1760 605 civi-

977 611 1026 638 tati
1042 613 1146 640 tbi-nnis
1173 615 1238 648 ipsis
1262 621 1480 652 autepmicndum
1510 629 1617 653 uulnus.
1642 623 1664 650 si
1686 624 1759 650 urbis

975 657 1044 684 solio
1063 659 1232 694 (episcopali)
1252 662 1285 688 ab
1304 663 1362 696 ipso
1380 665 1554 693 donarentur.
1578 667 1632 694 lloc
1657 668 1704 695 viri
1721 669 1760 696 di-

975 703 1075 735 gnitate
1099 705 1247 738 prmcipui,
1272 707 1323 734 hoc
1355 708 1474 736 inlinuntur]
1503 711 1597 745 vulgus
1619 713 1749 747 agitabat.

975 747 1073 774 Omnes
1088 757 1120 775 ex
1145 757 1221 784 a-quo
1240 759 1295 778 rem
1323 753 1527 782 desiderabant.
1551 756 1605 784 lloe
1623 757 1675 784 alta
1695 765 1760 786 voco

976 792 1102 820 nullicri-s
1117 795 1311 830 inclmnabant,
1328 806 1395 832 pene
1411 801 1524 834 amplius
1537 809 1616 836 quam
1633 803 1759 831 mulieres

975 839 1093 865 deceret.
1116 839 1278 869 Incredibile
1305 843 1439 877 quoddam
1468 853 1627 880 repercussu
1652 847 1760 883 fragore

976 884 1075 911 tonitru
1094 886 1262 914 audiebatur.
1277 897 1286 914 ι

139 924 168 945 ιιι
183 927 293 946 suorum
319 928 452 949 memores
479 928 570 951 essent
597 925 719 953 laborum
744 913 921 963 hortabantur;
939 913 962 941 Β
975 927 1089 956 CXLVI.
1102 930 1226 970 CXLVII.
1242 931 1396 966 lfpiscopale
1410 935 1504 962 solium
1522 942 1549 963 ut
1564 939 1757 971 conscenderat.

140 963 177 998 (α)
195 969 251 991 ιυιιι
269 965 340 993 facto
358 968 477 1000 agmine,
493 969 555 1003 viri,
576 971 712 1005 mulieres,
729 973 854 1007 juvenes,
869 977 924 1003 vir-

139 1011 232 1044 gines,
259 1020 355 1046 senes,
387 1014 508 1047 nobiles,
538 1017 687 1051 ignobiles,
717 1020 924 1049 circumstantes

139 1064 300 1091 queruntur,
315 1059 368 1086 vim
387 1067 454 1094 pene
472 1061 600 1094 inferunt.
614 1071 691 1091 suum
715 1065 841 1100 ejulando
859 1076 924 1101 prte-

139 1102 224 1130 sulem
241 1112 255 1129 a
280 1106 412 1132 sententia
444 1106 587 1134 demovere
612 1109 745 1137 nituntur.
767 1111 842 1143 Quod
862 1120 922 1140 cum

138 1155 296 1177 constanter
317 1157 469 1185 recusaret,
491 1154 616 1187 precibus
641 1161 756 1184 exorant
774 1162 801 1185 ιιι
826 1158 922 1185 saltem

140 1201 258 1227 maneat.
279 1205 329 1224 nec
352 1199 471 1226 trucibus
492 1199 560 1234 lupis
582 1208 689 1236 gregem
715 1203 846 1231 addicat:
870 1206 923 1232 sie-

136 1249 191 1277 que
212 1243 261 1277 ipsi
286 1251 446 1271 concessum
470 1250 511 1272 est
533 1247 600 1274 urbe
623 1249 724 1283 egredi,
751 1255 780 1276 ut
803 1252 923 1284 corporis

137 1289 274 1323 animique
296 1291 367 1316 vires
393 1298 424 1318 ea
454 1296 616 1326 tempestate
644 1296 765 1322 nonnihil
794 1295 872 1323 la‘sas
896 1298 921 1324 in

138 1334 200 1360 villa
217 1335 417 1369 aliquantulum
436 1343 615 1366 restauraret.
629 1339 688 1367 Non
710 1341 745 1367 ita
764 1342 847 1369 multo
864 1349 924 1376 post

139 1379 222 1406 redux
259 1381 426 1414 oralionem,
449 1383 513 1409 olim
543 1392 644 1417 xxvnr,
667 1393 739 1413 nttnc
766 1395 843 1418 xxvr,
873 1388 921 1414 ha-

138 1425 213 1457 buit,
235 1434 296 1461 qua:
323 1428 419 1455 tniram
444 1431 561 1464 pastoris
583 1438 645 1466 erga
671 1440 736 1459 oves
760 1433 920 1461 charitaicm

136 1472 234 1503 spirat.

137 1527 362 1566 (ΣΧ-[ΑΙΙΙ-(Ῐὲἱίλνἐ
381 1531 540 1560 Theodosius
567 1533 819 1566 Constantinopolim
842 1537 920 1564 venit.

174 1563 492 1610 llolunriﬁcq'Crcqoriulu
509 1569 602 1608 arripit
615 1577 624 1595 :
639 1563 816 1610 (tentati/tilum
830 1571 898 1610 cjiril
914 1563 920 1586 λ
934 1581 954 1610 c

173 1599 294 1637 fecissit”
318 1600 459 1637 Gut/tauris
478 1604 599 1629 restituit.
636 1599 762 1637 lllujor'em
784 1599 918 1633 banlicmu

172 1632 319 1667 ingreditur
336 1635 475 1668 Gregorius
493 1646 545 1663 una
563 1647 620 1664 cum
637 1632 782 1665 Theodosio
796 1649 804 1666 :
816 1642 918 1672 (mlunt,

171 1670 240 1709 quod
259 1675 335 1709 (intra
356 1671 473 1709 nubilum
488 1677 557 1704 erat,
571 1679 708 1700 serettalur
725 1677 758 1700 (ul
775 1670 919 1709 ingrcnuni

171 1703 289 1738 Gregorii
304 1705 329 1730 in
349 1706 482 1738 templum.

172 1747 221 1775 Hic
237 1755 296 1776 erat
315 1758 404 1776 rerum
424 1755 521 1782 status,
537 1759 595 1778 cum
614 1752 782 1781 Theodosius
804 1754 921 1782 Thessa-

136 1794 222 1821 lonica
248 1795 511 1830 Constantinopolim
533 1799 606 1825 venit
624 1799 667 1825 die
690 1798 851 1827 Novembris
872 1801 919 1833 26,

135 1841 199 1867 anni
217 1841 280 1868 580.
294 1841 334 1868 Ab
350 1842 408 1876 ipso
421 1843 525 1877 imperii
540 1843 581 1871 sui
598 1845 674 1871 initio
697 1845 764 1872 nihil
782 1846 918 1880 antiquius

135 1885 267 1912 habuerat
291 1895 370 1920 quam
394 1888 427 1914 de
451 1888 503 1916 ﬁde
529 1890 663 1916 catholica
697 1890 765 1917 bene
795 1892 916 1928 mereri:

137 1941 148 1957 ί
162 1931 321 1959 Justissimis
339 1939 366 1961 et
381 1935 643 1963 misericordissimis
662 1937 776 1972 legibus,
789 1947 800 1964 ›
817 1943 846 1964 ιιι
863 1938 919 1964 Λιι-

135 1978 234 2011 gustiui
250 1979 339 2005 verbis
353 1984 414 2006 utar
431 1981 480 2014 (ὸ),
501 1989 511 2005 ι
522 1982 654 2009 adversus
670 1982 766 2016 impios
784 1983 916 2010 laboranti

135 2023 261 2051 Ecclesia:
275 2025 438 2052 subveniret
461 2034 513 2053 non
537 2033 702 2059 cess:iverat,
721 2037 801 2063 quam
822 2028 917 2056 Valens

135 2069 290 2101 ha-reticus,
316 2070 435 2103 impense
466 2071 559 2098 favens
588 2073 713 2106 Arionis,
743 2074 918 2101 vehementer

133 2113 281 2148 amiserat;
300 2117 376 2150 cujus
394 2117 520 2144 Ecclesia:
539 2127 549 2143 ι
566 2119 716 2146 membrum
738 2127 808 2151 esse,
833 2121 919 2154 magis

132 2170 213 2196 quam
239 2162 265 2188 in
295 2164 375 2190 terris
409 2172 522 2198 regnare
551 2165 722 2199 gaudebat.»
753 2165 915 2201 Gregorium

132 2214 212 2240 quam
233 2208 501 2236 honoriﬁcentissime
520 2210 688 2238 Theodosius
710 2211 829 2245 excipit,
855 2219 914 2238 am-

131 2251 264 2284 plexatur,
278 2251 393 2287 benigne
410 2254 569 2288 alloquitur,
586 2255 750 2289 praecipuam
772 2255 846 2283 urbis
870 2264 915 2284 ec-

131 2295 258 2328 clesiam,
289 2297 417 2324 nimirum
448 2299 554 2326 Sancta:
580 2299 699 2334 Sophim,
725 2308 804 2335 quam
838 2302 915 2329 annis

130 2341 306 2376 quadraginta
325 2350 524 2377 occupaverant
539 2346 643 2378 Ariani,
661 2346 742 2373 tradit
760 2347 801 2374 his
825 2347 914 2373 verbis

129 2393 191 2412 eum
213 2387 378 2421 compellitis
393 2388 428 2423 (Γ)
443 2398 449 2415 :
472 2398 480 2414 ι
498 2389 547 2416 Dat
561 2390 607 2416 tibi
626 2391 695 2418 Deus
710 2396 738 2418 et
762 2391 815 2419 tuis
837 2392 913 2419 labo-

130 2433 206 2458 ribus
224 2441 271 2467 pcr
294 2441 342 2461 nos
363 2435 489 2468 templum
516 2435 596 2466 istud.
612 2445 621 2462 ι
640 2442 694 2463 etc.
717 2438 913 2473 Detnophilum,

129 2478 175 2511 qui
203 2478 325 2506 Eudoxio
342 2480 444 2507 Atiano
469 2481 584 2508 Arianus
613 2482 669 2516 ipse
695 2489 863 2511 successerat
887 2486 913 2512 in

128 2523 427 2559 Constantinopolitana
467 2528 550 2559 sede,
589 2529 704 2556 accersit
747 2531 911 2564 imperator,

129 2573 222 2596 mouet
248 2575 277 2596 ut
295 2571 418 2598 abdicata
438 2573 534 2600 barresi
563 2574 641 2600 [idem
669 2574 830 2602 catholicam
853 2583 913 2602 cum

129 2616 185 2642 suis
203 2617 379 2650 proﬁteatur;
404 2620 474 2652 quod
492 2627 525 2646 eo
543 2626 670 2654 negante,
690 2621 772 2654 jussit
790 2622 910 2649 Theodo-

129 2660 185 2687 sius
205 2662 345 2689 lurrcticos
361 2664 484 2691 εειιιειςίἱς.
499 2666 642 2699 excedere,
665 2674 732 2701 quas
751 2668 910 2696 orthodoxis

128 2707 258 2734 restituit.
272 2707 334 2735 llaec
348 2708 383 2735 26
405 2709 565 2738 Novembris
590 2713 735 2747 contigisse
755 2718 850 2740 auctor
865 2718 908 2740 est

129 2753 272 2786 Socrates;
301 2762 395 2782 mense
422 2763 485 2784 vero
513 2757 652 2785 Decembri
682 2759 853 2786 Marcellinus
883 2760 909 2786 in

165 2830 203 2866 (ιι)
224 2832 279 2872 Κιαὶ
288 2832 360 2872 λῶν
387 2833 622 2872 ὲμῶνγμέμνησοε
634 2858 641 2871 ,
657 2837 793 2871 φίλτατοι,
812 2837 908 2865 πόνων.

127 2863 217 2893 Carm.
235 2867 272 2894 De
288 2866 348 2893 Vim
363 2863 421 2898 stati,
435 2863 545 2897 tntilli".

164 2901 202 2936 (lt)
222 2902 280 2929 Lib.
295 2910 311 2928 v
326 2903 362 2929 De
371 2903 453 2936 civit.,
466 2912 489 2931 c.
502 2905 546 2933 26.

934 2248 954 2275 Ι)
969 2258 1113 2293 Gregorius
1135 2267 1142 2284 :

1009 966 1125 1004 quamvis
1141 973 1369 1004 outncspclercul,
1391 971 1448 1004 cogi
1466 979 1515 997 non
1532 978 1625 1004 potest.
1640 973 1673 1000 In
1697 966 1758 1003 sed;

1010 999 1300 1034 Constuntiuopolituua
1315 999 1456 1037 Crrgori'us
1469 999 1622 1034 collocatur.

1009 1044 1084 1071 Tunc
1098 1045 1206 1078 quidem
1225 1047 1322 1074 victrix
1341 1049 1389 1076 fuit
1404 1049 1532 1085 Tbcologi
1553 1053 1695 1086 modestia,
1708 1061 1759 1083 nec

974 1090 1031 1124 cogi
1060 1090 1146 1124 potuit
1175 1096 1203 1117 ut
1231 1093 1385 1128 episcopale
1412 1096 1510 1123 solium
1536 1100 1756 1128 conscenderet:

974 1146 1065 1165 wrnm
1088 1139 1121 1165 ad
1138 1140 1257 1172 agendas
1281 1141 1333 1168 Dco
1352 1142 1454 1175 gratias
1474 1143 1562 1177 populi
1585 1145 1671 1171 studia
1691 1154 1701 1170 ι
1717 1145 1759 1172 vir

973 1183 1090 1213 divinus.
1102 1193 1111 1209 ι
1125 1181 1285 1211 Theodoreti
1304 1185 1382 1211 verba
1399 1191 1459 1212 sunt
1473 1187 1524 1220 ((1),
1539 1188 1648 1221 provida
1664 1188 1756 1215 dexte-

974 1229 1053 1256 ritate
1070 1230 1213 1257 Convertit.
1237 1230 1408 1257 Frendchant
1433 1232 1544 1265 Ariani,
1566 1233 1613 1260 sed
1638 1233 1757 1260 circum-

973 1279 1076 1301 stantes
1096 1275 1196 1302 milites
1215 1275 1264 1302 hos
1288 1276 1314 1302 in
1339 1276 1430 1302 oﬁicio
1449 1278 1608 1304 continuere
1630 1287 1636 1304 :
1657 1288 1666 1303 ι
1683 1278 1758 1306 Unus

975 1324 1077 1346 tantum
1097 1320 1170 1347 ensis
1196 1322 1313 1347 nudatus
1342 1319 1391 1346 fuit
1416 1325 1443 1347 et
1469 1325 1561 1355 postea
1590 1323 1756 1355 reconditus,

974 1366 1113 1399 fractaque
1133 1367 1220 1400 plebis
1232 1367 1376 1393 audacia»
1390 1367 1533 1401 Aliquanto
1551 1373 1609 1401 post
1626 1373 1757 1402 tempore.

973 1417 1032 1436 cum
1050 1411 1170 1436 unanimi
1187 1411 1306 1438 omnium
1331 1412 1457 1438 ordinum
1481 1412 1667 1446 postulationi,
1688 1414 1758 1440 votis

972 1461 998 1483 et
1024 1456 1200 1487 clamoribus.
1223 1457 1350 1490 suﬁ‘ragia
1374 1458 1558 1492 episcoporum
1581 1459 1758 1493 plenariique,

973 1509 1026 1528 non
1042 1502 1187 1536 provincia:
1209 1503 1308 1534 solum,
1322 1502 1369 1529 sed
1384 1503 1502 1530 Orientis
1523 1504 1604 1530 etiam
1623 1511 1690 1536 pene
1717 1509 1758 1531 lo-

974 1548 1028 1574 lins
1047 1552 1074 1575 et
1098 1548 1258 1575 (ncumenici
1280 1549 1387 1575 concilii
1407 1549 1476 1583 quod
1495 1549 1664 1576 Theodosius
1691 1557 1759 1577 cons

973 1599 1092 1625 vocarat,
1106 1595 1269 1621 renuntiatio
1285 1594 1444 1621 solemnitcr
1462 1595 1635 1627 accessisset,
1653 1596 1678 1622 in
1693 1596 1758 1622 sedo

970 1641 1263 1675 Constantinopolitano
1274 1640 1393 1668 clamans
1403 1645 1429 1667 et
1439 1648 1547 1674 gemens
1557 1640 1702 1667 collocatus
1715 1646 1757 1668 est

970 1686 1124 1721 Gregorius.
1135 1696 1144 1711 ι
1155 1685 1288 1720 Quidquid
1304 1685 1425 1717 Oriens.»
1439 1686 1525 1720 inquit
1539 1685 1585 1721 (ρ).
1609 1695 1618 1711 ‹
1630 1686 1759 1718 habebat,

969 1737 1083 1766 excepta
1098 1732 1225 1766 Egypto,
1241 1731 1330 1766 populi
1351 1732 1501 1758 antistitum
1518 1732 1552 1758 ad
1578 1732 1689 1758 Romam
1712 1739 1756 1758 us-

970 1785 1020 1812 que
1043 1778 1198 1810 secuudam,
1227 1782 1305 1804 terra:
1325 1777 1462 1810 marisque
1484 1784 1516 1803 ex
1541 1777 1643 1804 intimis
1666 1784 1755 1804 reces-

969 1824 1044 1851 sibus
1067 1824 1230 1850 concitatum
1248 1823 1322 1850 coiit.
1345 1822 1391 1848 llis
1410 1823 1570 1856 prmsitlrbal
1594 1823 1634 1849 vir
1656 1823 1759 1856 pietate

970 1870 1118 1896 maximus.
1131 1889 1138 1895 .
1149 1887 1158 1895 .
1171 1869 1292 1895 moribus
1308 1869 1404 1896 melius
1426 1873 1452 1896 ct
1478 1869 1587 1895 nomine
1608 1868 1759 1903 (llcletism

969 1915 1131 1949 signiﬁcat).
1161 1914 1192 1941 lli
1229 1922 1271 1941 tne
1297 1914 1432 1951 collocant
1458 1915 1620 1948 ﬁrmantque
1644 1914 1670 1941 in
1704 1922 1753 1940 att-

969 1965 1045 1995 gusta
1059 1961 1121 1988 sede
1137 1960 1297 1986 clamantem
1318 1965 1344 1986 et
1363 1966 1525 1995 gementem,
1544 1968 1594 1986 una
1613 1965 1701 1987 tamen
1722 1960 1759 1985 de

968 2014 1048 2032 causa
1067 2014 1117 2032 non
1133 2006 1210 2039 plane
1228 2011 1431 2040 repugnantem.

968 2050 1103 2079 CXLVI".
1123 2051 1232 2077 Summo
1251 2059 1381 2076 consensu
1399 2051 1541 2085 Gregorius
1558 2050 1585 2077 iu
1600 2051 1659 2077 sede
1685 2050 1754 2077 ϐοη-

1003 2086 1239 2118 stantinopalituna
1265 2086 1421 2118 collocutus,
1441 2086 1541 2112 nullius
1567 2094 1630 2119 pene
1654 2086 1751 2120 sit/fru-

1004 2122 1076 2155 gium
1093 2121 1187 2153 tle/uit.

1003 2167 1040 2194 Ne
1061 2167 1169 2201 quidem
1197 2165 1386 2202 Egyptiornm
1409 2173 1556 2192 consensus
1581 2165 1688 2192 videtur
1707 2165 1753 2192 (ἴθι

969 2213 1071 2247 fuisse;
1088 2221 1155 2246 quos
1167 2213 1283 2244 scilicet,
1301 2212 1418 2239 maxime
1434 2212 1475 2239 bis
1490 2212 1591 2242 vcrbis,
1607 2211 1758 2245 alloquitur

1161 2258 1249 2284 rllcri
1278 2257 1463 2288 iuthroiiistm,
1491 2257 1568 2283 hodie
1596 2261 1751 2290 persecuto-

969 2312 1030 2335 res;
1044 2313 1054 2329 ι
1070 2312 1086 2330 e
1103 2304 1200 2330 throno
1217 2303 1353 2332 nimirum,
1381 2302 1406 2328 in
1428 2310 1480 2336 quo
1500 2309 1547 2328 vos
1569 2301 1619 2335 ipsi
1637 2309 1678 2327 me
1701 2301 1755 2327 col.

969 2349 1076 2376 locustis
1095 2349 1163 2380 heri,
1182 2349 1260 2375 hodie
1274 2348 1440 2380 dejicientcs.
1461 2347 1552 2381 Itaque
1567 2346 1665 2373 nullius
1689 2354 1752 2380 pro-

968 2394 1108 2428 pemodum
1126 2394 1151 2420 in
1171 2399 1227 2420 toto
1254 2394 1368 2420 concilio
1384 2393 1501 2427 generali
1527 2400 1678 2419 consensus
1700 2391 1752 2418 su!»

971 2439 1122 2474 fraginmve
1149 2440 1241 2466 defuit.
1265 2441 1373 2466 Oemum
1397 2447 1449 2466 non
1469 2438 1552 2466 deluit
1577 2438 1661 2472 ipsius
1683 2437 1751 2464 Gre-

966 2487 1034 2519 gorii
1054 2493 1208 2514 consenSuS.
1230 2495 1239 2510 ι
1256 2494 1306 2511 una
1330 2490 1417 2511 tamen
1445 2486 1478 2510 de
1494 2492 1572 2511 causa
1595 2492 1645 2510 non
1670 2491 1751 2516 repu-

969 2532 1103 2565 gnaulis.»
1123 2529 1191 2556 llinc
1205 2535 1316 2564 apparet
1333 2538 1414 2564 quam
1431 2529 1548 2563 legitime
1564 2535 1590 2555 ct
1603 2529 1752 2555 canouibus

969 2577 1160 2603 convenienter
1192 2575 1496 2607 Constantinopolitauzc
1531 2574 1656 2601 Ecclesiae
1692 2574 1754 2607 cpia

961 2629 1060 2656 scopas
1074 2625 1179 2648 creatus
1196 2622 1231 2646 sit
1249 2620 1405 2653 Gregorius,
1423 2625 1505 2653 atque
1528 2619 1677 2645 habendus.

963 2678 1079 2707 CXLIX.
1101 2677 1211 2704 Gemens
1229 2683 1251 2703 et
1270 2677 1398 2709 clamans,
1424 2686 1474 2702 nnn
1500 2681 1584 2703 tamen
1605 2674 1681 2701 ulane
1710 2683 1750 2701 rc-

1131 2721 1248 2747 puguaus
1268 2714 1410 2739 collocatur
1426 2711 1578 2746 Gregorius.

998 2759 1125 2793 Qumnain
1142 2763 1230 2784 :tutctn
1249 2758 1291 2784 illa
1319 2767 1370 2784 una
1391 2758 1441 2784 fuit
1458 2765 1550 2790 causa,
1571 2764 1619 2783 cur
1639 2755 1681 2782 vir
1696 2760 1752 2784 tam

1004 2837 1040 2871 (τ)
1061 2837 1151 2863 Carm.
1169 2837 1194 2866 Ι,
1211 2837 1328 2863 v.15i5.

1003 2875 1041 2904 (tl,
1061 2873 1175 2904 Theml.,
1189 2873 1206 2898 l.
1221 2880 1233 2897 κ
1252 2872 1332 2902 Ilisl.,
1348 2879 1372 2896 σι.
1385 2871 1402 2898 5
1414 2877 1439 2897 et
1452 2871 1478 2897 6.

1003 2883 1028 2902 ιιι
1068 2883 1175 2904 tuetur,
1189 2883 1206 2898 i.
1221 2883 1233 2897 ι
1252 2883 1332 2902 ιιιιι..
1348 2883 1372 2896 σ’-
1385 2883 1402 2898 ο

1002 2883 1041 2942 (μί
1056 2907 1146 2934 Catl‘ttl.
1162 2911 1197 2934 Ue
1217 2906 1282 2939 Vit,
1298 2915 1320 2932 v.
1332 2907 1406 2934 1517.
