2055 3130
288 165 341 194 927

946 165 1025 193 VlTA
1046 165 1076 192 S.
1097 164 1271 193 GREGORH.

1860 167 1912 196 228

291 226 447 252 movebatur
469 225 624 259 Gregorius,
646 224 693 252 sed
710 229 800 251 tamen
818 225 936 251 nondum
957 232 971 251 ιι
987 225 1075 260 prima
1091 227 1113 254 Α
1127 224 1185 258 ejus
1204 225 1272 251 rotis
1284 224 1383 256 cessit,
1396 224 1476 251 cessit
1491 229 1591 251 tamen.
1606 233 1615 250 ι
1635 224 1693 251 Non
1712 225 1799 252 solum
1821 231 1911 254 autem

290 272 424 299 sententia
451 271 584 298 desistere
606 271 702 305 potuit.
725 270 792 297 Cum
818 275 907 297 autem
924 278 938 297 a
959 271 1075 298 concilio

290 317 470 348 discessisset,
489 322 544 343 tum
562 315 707 343 Flavianus
723 317 863 351 presbyter
878 317 1073 348 Antiochenus,

292 360 392 389 ΜοιριῙί
410 369 550 389 successor
579 362 683 389 electus
704 368 745 389 cst
767 363 957 390 communibus
981 370 1074 390 eorum

290 410 410 436 ontnittttt
436 409 481 443 qui
507 414 693 435 remanserant
721 409 804 440 votis;
832 409 926 443 sicque
941 409 1074 436 discordia

291 454 441 482 Orientales
465 455 535 481 inter
552 459 577 481 ct
593 455 778 482 Occidentales
791 455 988 488 perseveravit:
1005 455 1075 488 quod

293 505 396 526 tantum
412 499 543 535 Gregorio
558 509 700 528 tnoarorcm
718 501 840 534 incussit,
855 506 885 527 ut
902 501 991 528 sedem
1004 500 1074 527 Con-

297 546 563 580 stantinnpolitanam
580 547 704 573 deserere
713 548 806 573 ﬁrmus
819 546 952 573 statuerit.
965 545 1075 573 Asseusi

296 597 359 618 sunt
371 599 466 618 omnes
480 591 588 618 concilii
605 591 714 624 Patres;
734 597 788 618 tum
798 592 960 624 Orientales,
973 591 1073 625 Gregoo

291 638 332 663 rio
349 637 446 664 infensi
462 637 496 664 ob
506 638 664 672 denegatum
678 637 806 664 Flaviano
819 636 974 672 suﬂ‘ragittm
988 645 995 670 ;
1018 641 1074 663 tum

289 683 485 714 Occidentales,
499 683 618 718 Aigyptii
633 691 729 717 nempe
742 689 769 710 et
792 683 962 714 Macedones,
980 690 1075 709 recens

289 728 552 763 Constantinopolim
569 729 682 759 advecti,
697 729 742 763 qui
757 737 805 763 pro
822 737 869 755 sua
886 729 912 755 in
922 728 1075 755 Orientales

289 774 469 805 nuntiatione,
494 773 664 808 Gregorium,
681 774 743 800 licet
766 774 868 801 Paulini
891 782 999 801 causam
1017 778 1075 800 lue-

290 827 374 852 retur.
393 821 510 854 ipsisque
544 821 610 846 adeo
637 821 750 850 l‘avcrrt,
778 829 831 846 ιιοιι
858 820 892 846 ob
920 820 992 846 alitul
1013 827 1075 846 eum

292 867 391 893 throno
407 866 552 900 episcopali
568 867 665 893 cedere
682 867 754 899 paSsi
771 870 844 896 sunt.
861 873 940 900 quam
956 866 1025 900 quod
1041 865 1074 892 ab

288 912 471 940 Orientalibus
494 913 518 938 in
543 919 575 938 eo
606 912 701 938 luisset
720 912 876 941 collocatus.
898 919 929 938 ac
945 912 1074 946 quidquid
1092 902 1111 929 Β

289 959 322 986 ab
333 960 398 994 ipsis
414 964 501 985 actuttt
517 958 604 984 fueral
630 965 737 984 cassum
760 957 920 992 irritamque
944 964 1004 984 esse
1018 957 1074 984 vel-

287 1004 355 1032 ient.

324 1050 392 1077 llinc
415 1049 520 1076 illorum
539 1056 655 1082 querette
672 1049 802 1075 adversus
824 1047 947 1082 Gregorii
964 1055 1074 1081 promo-

288 1097 399 1129 tionem,
425 1104 436 1121 ι
462 1104 514 1122 ιιοιι
543 1100 596 1122 tam
617 1095 702 1128 ipsius
728 1094 802 1124 odio.
825 1093 915 1120 velut
936 1093 1019 1119 alium
1047 1093 1073 1119 in

287 1141 387 1168 throno
409 1140 583 1177 collocarent,
610 1147 691 1173 quatn
716 1144 745 1166 ut
773 1138 925 1165 molestiam
957 1138 1074 1172 aliquam

288 1187 340 1218 his,
356 1186 400 1220 qui
423 1194 483 1213 eum
503 1186 529 1212 iu
551 1186 597 1212 illo
611 1185 824 1215 collocaverunt,
844 1189 979 1218 parerent,
998 1194 1007 1209 ι
1029 1191 1076 1211 ne-

287 1232 443 1268 gotiuntque
461 1231 634 1259 facesserent.
651 1241 660 1256 ι
682 1230 784 1258 Saltem
807 1230 917 1257 remotis
929 1229 1048 1261 arbitris,
1062 1239 1072 1255 ι

286 1279 373 1315 inquit
390 1278 538 1313 Gregorius
557 1277 609 1313 (rt),
630 1287 639 1303 ι
666 1277 717 1304 hoc
733 1277 797 1304 tttilti
814 1277 947 1304 interdum
965 1285 1072 1304 assere-

285 1324 362 1353 bant.
379 1334 388 1350 ι
402 1325 481 1352 Certe
491 1323 611 1359 zEgyptii
635 1330 667 1349 ac
683 1321 854 1353 Macedones,
877 1322 923 1356 qui
941 1321 1076 1349 Occiden-

285 1370 380 1398 talium
409 1374 500 1403 partes
529 1369 684 1399 tttebantur,
707 1375 759 1395 non
782 1367 972 1402 poterantttisi
1004 1366 1074 1393 bene

285 1416 354 1444 tellc
370 1415 509 1447 Gregorio,
536 1415 582 1448 qui
611 1419 666 1441 tam
689 1418 798 1440 strenue
817 1420 866 1447 pro
883 1413 1071 1447 componenda

286 1469 353 1497 pace
383 1462 513 1488 adversus
535 1460 686 1487 Orientales
702 1459 857 1491 decertans,
882 1459 1073 1493 episcoporum

286 1507 498 1535 Occidentalium
513 1505 693 1541 patrocinium
704 1510 867 1538 susceperat.
878 1503 1075 1539 ltaqtteOrien~

289 1555 388 1583 talibus
404 1554 539 1589 episcopis
553 1553 615 1580 odio
632 1557 690 1579 erat
703 1552 862 1587 Gregorius,
876 1559 908 1579 eo
921 1551 994 1586 quod
1007 1558 1074 1578 cau-

288 1609 345 1628 sam
359 1599 572 1628 Occidentalium
588 1598 769 1631 defendisset;
793 1597 982 1625 Occidentales
996 1605 1071 1630 vero,
1087 1589 1110 1620 (ἶ

288 1648 316 1675 in
333 1647 424 1675 odium
448 1645 638 1676 Orientalium,
657 1645 690 1671 de
703 1643 766 1671 sede
782 1643 809 1670 in
826 1651 878 1678 qua
895 1644 928 1670 ab
946 1643 1074 1671 Orienta-

287 1692 360 1720 libus
376 1692 524 1719 Collncatus
536 1691 634 1722 iuerat,
652 1698 684 1717 ac
695 1690 778 1717 veluti
790 1698 843 1717 tton
861 1689 981 1724 legitime
994 1697 1076 1718 oecu—

285 1744 361 1774 pata,
383 1738 515 1772 Gregorio
532 1738 671 1771 negotium
686 1735 850 1764 conﬂabant.

285 1804 488 1833 CLVl-CLVlll.
507 1802 648 1838 Gregorius
669 1804 773 1830 abdicat
790 1812 817 1829 se
833 1803 993 1837 epixcoprttu.
1016 1802 1068 1830 Fa-

323 1844 446 1868 cultatum
471 1841 619 1866 discedendi
637 1849 652 1865 α
674 1839 820 1865 Theodosio
847 1839 952 1873 fuci/tus
976 1839 1075 1865 obtine!

322 1874 472 1909 Gregorius.
504 1874 565 1901 Non
590 1875 646 1900 siue
669 1875 794 1909 lacrymis
813 1875 951 1909 quisquam
982 1876 1073 1907 legerit

322 1917 464 1937 utrrntum
491 1910 556 1937 rule.
573 1910 642 1944 quod
666 1917 734 1944 gregt
757 1917 805 1935 suo
829 1909 953 1943 lucryntt's
966 1909 1073 1944 perfuso

321 1946 387 1972 dixit
399 1945 540 1979 Gregorius
557 1943 584 1970 iu
604 1950 671 1970 orat.
687 1952 775 1970 colum
788 1945 927 1978 episcopis,
944 1952 1011 1970 nunc
1026 1943 1072 1969 42.

321 2001 383 2029 lltec
398 2001 441 2028 ubi
455 2001 553 2027 moveri
568 2001 700 2026 intellexit
711 1999 859 2033 Gregorius
869 2019 877 2030 ,
895 2003 1003 2033 arrepta
1027 2006 1075 2026 0c—

285 2046 396 2074 casione
415 2055 424 2071 ι
443 2045 563 2079 cltringit
591 2045 707 2071 vincula.
729 2053 738 2070 ι
758 2043 786 2070 lu
805 2044 922 2070 tttediutu
948 2051 1074 2078 progres-

286 2100 343 2124 sus,
359 2092 499 2126 episcopos
514 2091 671 2125 alloquitur,
687 2089 720 2115 ad
744 2097 840 2124 pacem
858 2095 886 2116 et
899 2090 1073 2116 concordiam

287 2139 422 2166 hortatur.
439 2137 506 2164 'I'um
519 2136 658 2170 subiungit
671 2136 708 2171 (Iv)
724 2145 732 2162 :
749 2145 758 2160 ι
777 2135 843 2168 Qua:
855 2135 966 2170 quidem
981 2136 1014 2163 ad
1031 2143 1075 2162 me

285 2187 410 2218 spectant
429 2182 502 2217 parvi
526 2182 669 2216 perutile...
695 2181 749 2215 Ego
770 2180 852 2208 Jonas
868 2181 998 2215 propheta
1015 2188 1073 2208 ero.

285 2229 376 2256 Trado
394 2236 436 2254 me
450 2228 506 2262 ipse
521 2227 554 2252 ad
572 2226 688 2253 salutem
702 2226 779 2252 navis
789 2247 798 2259 ,
810 2227 933 2260 quamvis
949 2225 1073 2260 procella:

286 2276 358 2303 nulla
377 2275 402 2301 itt
426 2281 469 2301 me
488 2282 568 2301 causa
595 2273 722 2301 resideat.
747 2272 888 2299 Sttblatum
916 2279 958 2299 me
989 2272 1071 2299 sortis

286 2323 359 2349 exitu
377 2320 507 2356 projicite.
522 2319 658 2353 llospitale
679 2327 721 2346 me
741 2327 774 2346 ex
800 2319 934 2354 profundo
951 2325 1010 2346 cete
1024 2327 1072 2346 ex-

286 2368 377 2402 cipiet.
397 2376 406 2393 ι
428 2367 473 2393 Sic
497 2367 621 2393 mirando
642 2366 818 2400 inauditoque
836 2366 968 2392 honorum
985 2373 1017 2391 ac
1030 2365 1070 2391 sui

285 2414 373 2449 ipsius
388 2417 555 2447 conten-plu,
579 2419 629 2439 nec
645 2419 697 2439 non
719 2420 781 2438 raro
800 2416 827 2439 et
841 2411 973 2445 singulari
995 2412 1072 2445 pacis

287 2457 492 2491 concordia-que
508 2458 597 2484 studio
611 2476 618 2488 ,
641 2457 789 2491 Gregorius
816 2457 972 2490 episcopatu
998 2456 1072 2483 Con-

285 2503 526 2538 stantiuopobtano
540 2510 600 2529 sese
629 2503 746 2530 abdicat.
765 2502 893 2529 Protinus
909 2510 924 2529 e
935 2507 1069 2529 conventu

286 2557 412 2584 egressus
426 2550 482 2576 adit
505 2547 686 2576 Theodosiqu
700 2569 709 2580 ,
735 2556 750 2574 a
773 2555 827 2582 quo
843 2548 931 2575 enixis
944 2549 1073 2582 impetrat

286 2594 410 2628 precibus
438 2598 468 2619 ut
489 2592 653 2619 abdicatioui
676 2592 842 2626 aequiescat.
868 2592 934 2620 Pius
963 2594 1074 2627 quidem

287 2639 446 2673 imperator,
460 2638 505 2672 qui
528 2636 686 2671 Gregorium
702 2637 737 2663 ob
749 2637 917 2672 singularem
941 2638 1074 2673 eloqueno

288 2685 353 2711 tiam
368 2685 476 2712 tuaxinti
492 2683 608 2710 iaciebat
619 2702 627 2714 .
640 2687 667 2710 et
680 2683 714 2710 ob
736 2683 864 2710 eximiam
881 2683 1010 2718 pietatem
1026 2684 1074 2711 itu-

287 2738 370 2765 pense
383 2731 573 2762 venerabatur,
588 2729 623 2765 (ε)
650 2739 660 2755 ι
678 2730 749 2758 haud
771 2730 898 2764 libenter.
920 2735 950 2758 ut
968 2729 1072 2764 ferunt,

333 2843 362 2877 η)
376 2841 467 2870 Carm.
486 2842 523 2870 De
535 2841 600 2874 Vit.,
616 2849 643 2868 ν.
658 2841 736 2869 1810.

322 2879 360 2915 (ιι)
375 2879 454 2910 tbid.,
472 2885 497 2905 ν.
510 2877 577 2906 t827
589 2883 618 2906 ct
632 2877 710 2905 1841.

1128 271 1202 305 pacis
1217 278 1295 297 amor
1320 275 1347 297 et
1364 270 1515 297 concordia:
1527 291 1535 303 ,
1551 271 1597 298 sed
1613 271 1664 298 alia
1687 271 1756 298 bene
1773 271 1857 298 multa
1885 272 1910 299 iu

1127 325 1207 344 causa
1219 317 1307 348 fuere,
1325 325 1376 344 cur
1388 317 1572 350 episcopatum
1590 317 1734 351 deponeret
1749 317 1911 352 Gregorius.

1126 362 1154 389 Id
1167 370 1279 389 cernere
1289 367 1331 389 est
1346 362 1372 389 in
1389 362 1472 389 variis
1487 361 1616 396 Tlteologi
1638 362 1804 389 carminibus
1817 367 1845 389 et
1857 363 1912 398 epi~

1127 408 1224 439 stolis,
1247 409 1294 436 sed
1313 406 1482 442 potissimum
1509 409 1534 434 in
1562 409 1671 443 egregia
1699 408 1743 434 illa
1767 409 1911 440 oratione,

1127 463 1218 489 quam,
1232 459 1342 488 accepta
1358 463 1372 481 a
1384 453 1514 482 Patribus
1529 454 1634 481 concilii
1656 459 1683 481 et
1699 455 1733 481 ab
1750 455 1912 488 imperatore

1126 499 1278 527 discedendi
1295 500 1424 527 facultate
1438 521 1444 531 ,
1463 501 1489 526 itt
1505 501 1634 535 primario
1655 499 1730 526 urbis
1759 500 1856 534 templo
1868 508 1913 527 co-

1128 554 1185 573 ram
1203 551 1308 572 centum
1320 547 1513 581 quinquaginta
1530 546 1664 580 episcopis
1678 546 1829 580 populoque
1845 545 1913 573 Con.

1127 593 1364 626 stantinopolitamt
1377 593 1476 623 habuit,
1497 594 1653 626 priuSquam
1666 593 1825 619 discederet.
1838 592 1912 620 llauc

1127 637 1170 671 qui
1190 637 1287 672 legerit
1302 658 1309 669 ,
1325 638 1368 664 vix
1383 644 1516 672 temperet
1538 645 1552 664 a
1577 638 1705 672 Iacrytnis
1725 648 1730 664 :
1749 638 1815 664 ttibil
1841 639 1911 664 enim

1128 682 1177 709 ltac
1192 683 1315 710 oratione
1341 683 1510 716 eloquentius
1524 703 1532 715 ,
1550 682 1616 708 nihil
1643 682 1675 708 ad
1699 683 1911 716 portitorendum

1127 729 1232 763 aptius;
1249 729 1365 756 maxime
1382 736 1445 755 vero
1461 736 1522 755 Cltttl
1538 734 1689 754 extremum
1712 728 1770 754 vale
1794 728 1911 761 gementi

1127 774 1308 810 lacrymisquc
1322 774 1431 809 perfuso
1444 775 1516 809 gregi
1534 774 1598 800 dicit
1613 779 1639 800 et
1655 773 1836 800 dilectissitna:
1846 774 1913 799 Aua-

1126 821 1227 853 stasim,
1244 829 1303 855 quze
1315 821 1341 847 in
1357 821 1482 848 medullis
1498 820 1548 855 ipsi
1563 820 1694 851 btercbal,
1709 825 1735 846 et
1751 820 1827 846 btesu
1839 827 1912 846 sctu-

1126 874 1192 900 per;
1209 866 1277 894 adeo
1293 871 1321 893 ut
1338 874 1446 901 semper
1463 868 1489 893 iu
1513 867 1572 901 ejus
1597 871 1687 892 mente
1704 871 1793 898 esset,
1812 867 1837 892 in
1865 873 1912 893 ore

1127 919 1293 945 versaretur,
1310 918 1392 946 atque
1406 913 1489 939 etiam
1506 913 1650 940 dormienti
1675 921 1722 947 per
1745 913 1850 939 somnia
1871 919 1912 938 re‘

1127 963 1346 993 prmsentaretur.
1363 958 1449 985 Tanta
1463 959 1489 985 vi
1505 966 1600 986 omnes
1616 958 1834 985 adversariorqu
1847 965 1914 992 que-

1127 1004 1196 1030 relas
1212 1005 1288 1031 diluit
1302 1024 1310 1036 ,
1333 1009 1388 1030 tam
1412 1004 1513 1031 diserte
1529 1009 1556 1030 et
1571 1004 1718 1031 manifesto
1734 1011 1811 1030 suam
1829 1004 1914 1037 ipsius

1126 1050 1320 1081 innocentiam,
1337 1050 1512 1081 cltaritatem,
1528 1049 1692 1084 pastoralem
1705 1049 1912 1076 sollicitmlinem

1125 1095 1212 1122 oculis
1227 1095 1348 1122 otnnium
1365 1096 1489 1122 exhibuit
1503 1115 1510 1126 ,
1527 1101 1555 1122 ut
1582 1096 1680 1122 mirum
1697 1095 1718 1121 si
1738 1094 1797 1128 ejus
1822 1094 1913 1121 detra-

1125 1146 1218 1168 ctores
1244 1141 1348 1176 pudore
1364 1149 1416 1167 ιιοιι
1430 1141 1660 1172 suituuderentnr,
1680 1145 1706 1167 et
1726 1140 1834 1175 singuli.
1854 1140 1913 1174 ejus

1125 1187 1277 1213 discessum
1305 1185 1497 1218 lamentantes,
1514 1192 1576 1212 eum
1592 1192 1607 1211 a
1624 1184 1764 1219 proposito
1776 1184 1914 1211 detertero

1125 1239 1179 1259 non
1195 1236 1373 1259 conarentur.

1125 1306 1222 1339 CLIX,
1237 1307 1315 1334 (LX.
1325 1310 1401 1334 Anno
1415 1307 1477 1337 381.
1489 1306 1772 1337 lubentemenselulio,
1785 1306 1913 1332 Conslan-

1160 1343 1293 1373 tiuupolim
1322 1344 1435 1376 reliquit.
1455 1342 1539 1368 Fuere
1553 1343 1665 1376 episcopi
1683 1344 1727 1376 qui
1744 1343 1771 1367 id
1791 1347 1912 1375 (curetu-

1156 1376 1263 1408 leruut,
1289 1386 1416 1410 auresque
1441 1378 1622 1404 eburnum-tt
1637 1397 1644 1407 .
1670 1384 1693 1403 et
1711 1377 1857 1410 effugerunt
1882 1384 1913 1402 ne

1160 1412 1241 1438 alium
1254 1413 1280 1438 in
1293 1413 1385 1439 tltrouo
1400 1411 1519 1447 Gregorii
1535 1414 1664 1439 sedentem
1679 1416 1822 1438 cernerent.

1160 1479 1207 1506 Sic
1235 1477 1384 1514 Gregorius
1413 1478 1674 1512 Constantinopolim
1703 1478 1814 1512 reliquit
1836 1485 1907 1504 anno

1125 1523 1188 1556 581,
1207 1524 1314 1551 labente
1328 1523 1399 1551 Julio
1414 1544 1421 1556 ,
1437 1529 1497 1557 post
1511 1524 1619 1551 triennii
1636 1524 1662 1550 itt
1680 1524 1746 1550 urbe
1761 1530 1912 1550 commora-

1126 1572 1241 1604 tionem;
1259 1571 1336 1604 cujus
1351 1570 1442 1597 sedem
1455 1578 1507 1597 ιιοιι
1518 1570 1568 1597 nisi
1584 1577 1631 1605 per
1645 1570 1749 1605 aliquot
1765 1569 1911 1597 hebdoma-

1127 1617 1175 1644 das
1188 1621 1310 1644 tenuerat
1323 1636 1329 1648 ,
1343 1623 1376 1643 ex
1390 1623 1444 1651 quo
1457 1616 1561 1643 scilicet
1579 1616 1604 1642 in
1618 1624 1649 1642 ea
1663 1623 1678 1642 ει
1691 1616 1807 1643 concilio
1829 1623 1909 1650 gene-

1127 1663 1186 1694 rali.
1202 1663 1236 1689 ab
1254 1662 1428 1698 imperatore,
1444 1667 1500 1689 toto
1518 1666 1657 1696 spectante
1667 1667 1694 1689 et
1711 1661 1855 1696 plaudente
1865 1669 1912 1697 po-

1126 1710 1196 1745 pulo,
1210 1710 1297 1736 fuerat
1317 1710 1478 1736 collocatus.
1500 1709 1566 1737 llittc
1586 1709 1733 1744 Gregorius
1750 1710 1790 1737 sic
1801 1710 1911 1744 cpisco-

1127 1764 1173 1790 pos
1189 1755 1333 1789 alloquitur
1348 1754 1387 1791 (τι)
1404 1765 1411 1782 :
1433 1764 1442 1780 ‹
1464 1755 1526 1781 llcri
1541 1755 1651 1782 locustis
1668 1755 1693 1780 in
1713 1755 1908 1787 throuo,ltodie

1125 1800 1251 1834 dejicitis.
1269 1809 1278 1825 ›
1291 1800 1420 1833 Quamvis
1432 1806 1522 1827 autem
1546 1800 1658 1826 nimium
1678 1799 1772 1826 faciles
1787 1799 1907 1834 episcopi

1125 1846 1183 1878 cjtts
1201 1845 1270 1872 votis
1291 1847 1454 1877 annuerint,
1474 1845 1617 1872 nonnullos
1630 1851 1717 1872 tamen
1734 1846 1758 1871 id
1783 1851 1855 1879 a'gre
1869 1849 1911 1872 ιιι-

1126 1891 1199 1922 lisse,
1217 1899 1350 1925 attresqtte
1363 1891 1533 1918 obstruxisse
1545 1911 1552 1922 ,
1567 1897 1647 1925 atque
1670 1891 1756 1918 etiam
1786 1891 1913 1925 cil’ngisso

1126 1945 1159 1964 tte
1177 1937 1257 1964 aliutn
1272 1938 1297 1964 itt
1314 1937 1399 1970 ipsius
1423 1938 1521 1964 tltrono
1542 1938 1682 1965 sedentem
1708 1938 1910 1970 conspicerent,

1125 1991 1156 2010 ex
1170 1983 1301 2016 Gregorio
1315 1983 1461 2009 discimus:
1474 1990 1588 2017 quorum
1603 1984 1722 2014 nomina,
1734 1984 1796 2010 licet
1813 1988 1910 2016 taceat,

1126 2029 1174 2055 ltos
1190 2029 1332 2063 episcopos
1351 2028 1433 2055 fuisse
1452 2029 1586 2054 credimus
1605 2029 1911 2062 Atttpltilocltittttt,Gre-

1124 2074 1228 2106 goritttu
1254 2072 1406 2108 Nyssenttm
1420 2093 1427 2105 ,
1445 2072 1554 2099 Petrum
1576 2073 1753 2100 Sebastettutu
1770 2074 1828 2107 ejus
1851 2081 1912 2108 ger-

1125 2125 1245 2150 tttanum,
1259 2118 1408 2144 llclladium
1423 2137 1431 2150 ,
1449 2123 1616 2152 ceterosque
1632 2119 1760 2152 pra-sules
1781 2118 1910 2153 singulari

1126 2164 1226 2197 pietate
1242 2168 1268 2190 et
1283 2163 1395 2190 scientia
1409 2163 1638 2190 commendandus
1651 2184 1658 2196 ,
1673 2164 1717 2197 qui
1737 2172 1796 2190 cum
1809 2163 1911 2197 Grego-

1126 2208 1165 2234 rio
1179 2207 1363 2234 familiaritate
1373 2207 1531 2241 jamdudum
1543 2207 1678 2242 conjuncti
1691 2213 1780 2240 erant,
1800 2208 1911 2243 ejusque
1950 2218 1956 2223 ο

1089 2259 1111 2286 ι)
1126 2255 1252 2281 virtutem
1269 2258 1376 2280 norant.

1224 2309 1314 2337 CLXI.
1330 2309 1522 2337 Testmneulttm
1538 2311 1625 2337 condit
1642 2309 1795 2346 Gregorius.

1163 2367 1250 2394 Nostri
1275 2375 1327 2394 non
1343 2373 1384 2394 est
1407 2368 1521 2395 instituti
1537 2375 1632 2395 cetera
1647 2389 1655 2400 ,
1673 2377 1733 2403 quin
1748 2369 1775 2396 in
1791 2370 1906 2397 concilio

1126 2413 1424 2448 Constantinopolitano
1443 2419 1518 2448 gesta
1535 2419 1598 2441 sunt
1628 2420 1690 2449 post
1716 2415 1840 2449 Gregorii
1863 2417 1906 2443 di-

1127 2466 1259 2490 scessum,
1278 2459 1421 2493 prosequi;
1438 2467 1499 2494 qua)
1515 2459 1577 2486 licet
1591 2460 1679 2494 magni
1700 2461 1755 2486 sint
1767 2462 1906 2492 inminenti,

1127 2512 1143 2532 α
1162 2506 1301 2540 proposito
1317 2511 1422 2536 nostro,
1447 2507 1480 2531 ad
1497 2505 1569 2540 quod
1595 2506 1678 2532 etiam
1706 2514 1760 2532 non
1786 2506 1911 2534 videntur

1127 2551 1275 2585 pertinere,
1292 2558 1341 2577 nos
1353 2550 1459 2585 longius
1472 2551 1648 2578 abducerent.
1665 2551 1828 2585 Gregorium
1844 2554 1912 2580 urbe

1124 2595 1310 2623 discedentem
1323 2600 1350 2623 et
1373 2596 1489 2630 patriam
1505 2602 1668 2630 repetentem
1684 2605 1839 2632 seqttatnur.
1853 2598 1912 2632 Quo

1126 2646 1246 2677 tempore
1258 2642 1491 2677 Constantinopoli
1502 2642 1640 2677 digressus
1655 2643 1690 2670 sit
1706 2651 1759 2671 non
1775 2649 1867 2678 patet;
1883 2649 1911 2672 at

1124 2686 1256 2713 credibile
1270 2691 1312 2712 est
1330 2693 1403 2717 eum,
1415 2694 1495 2720 quatn
1509 2686 1624 2721 pritnum
1639 2689 1742 2722 potuit,
1756 2689 1906 2723 profectum

1123 2738 1194 2764 esse,
1206 2738 1256 2758 nec
1269 2738 1440 2766 exspectasse
1450 2734 1535 2760 donec
1544 2733 1613 2761 alter
1628 2735 1656 2761 in
1669 2734 1730 2770 ejus
1741 2735 1830 2763 locutu
1843 2735 1911 2764 uti»

1168 2844 1205 2881 (ς)
1220 2844 1309 2881 Comi.
1329 2845 1368 2872 De
1387 2845 1444 2874 Vita
1454 2855 1512 2881 sua,
1524 2855 1550 2876 v.
1566 2847 1644 2876 1901-

1169 2879 1207 2915 (d)
1218 2879 1295 2913 κήδη
1314 2888 1338 2908 ν.
1353 2881 1432 2909 isse.
