2055 3130
169 154 224 183 229

169 221 320 250 rogaretur.
348 217 508 253 Priusquam
539 221 713 255 discederet,

168 263 297 294 eoruliilit,
312 265 382 298 quod
396 265 541 292 etiamnum
555 273 661 300 exstat,
681 270 811 304 appositis
837 272 952 307 plurium

167 308 354 343 cpismparum
373 311 528 338 nominibus
541 333 548 345 ,
565 314 610 348 qui
629 321 692 343 tttnc
719 316 953 353 Constantinopoli

167 354 356 381 versabantur.
379 364 387 381 t
409 355 480 384 Sane
506 362 699 387 testautcntum
727 363 776 389 hoc
792 383 799 396 ,
828 372 838 389 ι
869 365 955 398 inquit

166 399 327 428 Possevinus
355 402 411 438 (ιι),
439 413 450 430 ι
466 405 652 438 dignissimum
679 414 719 436 est
734 430 741 442 ,
760 410 785 438 in
809 414 879 446 quod
897 414 953 446 cpi-

164 446 251 480 scopi,
268 447 370 482 quique
388 452 538 477 sacerdotia
560 454 668 488 pinguia
687 460 778 483 leuent
792 478 799 490 ,
823 459 895 485 serio
909 459 952 485 iu~

165 493 283 526 spiciant
302 513 310 524 ,
344 502 462 529 eumque
493 497 643 532 imitentur,
669 501 692 528 si
716 503 799 530 velint
817 505 907 538 pracul
935 514 950 533 a

162 544 245 564 carne
261 543 287 566 et
302 540 431 575 sanguine
443 541 493 569 sibi
504 547 530 569 et
544 545 695 572 aniutarutu
708 547 789 575 saluti
803 550 874 577 serio
889 559 950 578 con-

161 582 260 610 sulere.
414 590 420 595 ‘

249 628 349 656 CLXII.
365 629 534 660 Nazianzum
550 637 689 663 revertitur
705 637 859 674 Gregorius.

195 673 342 707 Gregorius
355 695 363 707 ι
378 681 417 705 tot
440 679 566 713 gloriosis
591 681 721 710 adversus
737 685 877 713 haereticos
900 687 945 714 de-

160 719 267 747 functus
283 722 393 755 praeliis,
417 728 452 751 tot
465 726 609 753 exanliatis
622 727 761 757 laboribus
776 731 807 757 ad
821 739 946 766 reparan-

158 767 219 791 datn
235 765 313 793 fidem
326 769 476 803 antiquam,
496 778 555 805 qua:
572 780 640 806 pene
653 775 773 809 collapsa
792 783 852 805 erat.
874 780 944 806 Cott-

156 812 348 846 stanliuopuli,
363 815 479 850 denique
511 823 550 845 tot
574 819 655 846 rebus
679 823 809 855 prteclare
839 826 943 859 gestis,

156 857 254 891 gaudio
268 861 384 892 gestiens
407 862 523 895 patriam
541 866 656 898 repetit,
673 867 699 893 iu
719 875 770 901 qua
786 876 816 896 se
836 871 890 897 otio
909 879 939 899 ac

155 902 246 935 quiete
270 909 415 941 optataque
447 908 591 936 solitudine
620 911 764 940 fruitttrttm
801 917 937 949 sperabat.

155 946 259 975 Gaudio
276 954 364 977 tamen
387 953 536 986 permistus
551 960 610 982 erat
627 956 702 984 dolor
719 967 725 985 :
742 967 793 986 non
812 962 942 989 enimsic-

155 993 194 1020 cis
209 995 296 1022 oculis
308 996 402 1024 dulces
420 1003 500 1027 natos
513 1020 520 1033 ,
534 1008 602 1035 quos
623 1003 649 1029 iu
674 1005 807 1032 catholica
822 1008 874 1034 lide
895 1016 941 1042 ge-

154 1045 248 1067 nuerat
264 1061 271 1072 ,
284 1046 311 1068 et
328 1044 437 1070 charam
454 1044 531 1080 liquit
551 1047 735 1077 Auastasiam.
753 1051 780 1078 in
793 1054 940 1082 natale'so-

153 1084 206 1112 lum
223 1094 295 1121 ευθει-
312 1089 423 1115 advenit
437 1109 445 1122 ,
461 1098 511 1118 uec
531 1092 632 1121 idcirco
646 1102 722 1122 suam
738 1096 936 1128 abdicationem

152 1131 272 1165 pluribus
285 1138 349 1161 tunc
364 1136 526 1169 approbavit
540 1159 547 1170 ,
561 1139 624 1166 licet
647 1142 807 1175 prceclarum
831 1145 938 1175 facinus

153 1182 224 1204 tanta
247 1179 288 1205 sui
304 1180 439 1217 oblivione
456 1183 594 1211 decretum
609 1205 617 1218 ,
633 1190 706 1213 tanta
721 1189 807 1216 animi
819 1191 935 1221 elatione

151 1231 385 1259 consummatum,
399 1235 494 1255 omnes
509 1231 620 1264 posthac
637 1233 725 1260 tnirati
744 1235 808 1262 sint.
827 1237 935 1266 Amico-

151 1276 211 1297 rum
227 1271 308 1298 varitc
323 1273 355 1298 de
375 1280 425 1300 nac
445 1282 474 1301 re
493 1275 632 1309 opiniones
647 1278 805 1314 Gregorium
823 1289 875 1310 non
893 1283 935 1312 la-

150 1319 270 1343 tuerunt.
282 1317 433 1352 Philagrio,
448 1319 506 1347 viro
518 1322 669 1355 spectabili,
682 1325 859 1361 semetipsum
885 1335 934 1363 per

148 1359 254 1387 litteras
278 1363 418 1389 excusanti
440 1365 509 1398 quod
531 1372 592 1393 eum
612 1374 666 1394 non
685 1369 814 1398 inviseret
827 1392 835 1405 ,
852 1380 883 1400 ac
902 1374 935 1401 ti-

150 1413 223 1432 mere
241 1413 270 1433 se
287 1407 450 1442 signiticauti
476 1417 510 1436 ne
528 1411 608 1439 nimis
631 1413 830 1444 inconsiderate
855 1425 932 1446 suam

146 1450 203 1484 ipse
219 1451 364 1487 Gregorius
391 1453 537 1482 Ecclesium
562 1458 744 1492 deseruisset,
767 1461 803 1488 ita
821 1469 933 1497 respon-

143 1495 184 1524 dit
200 1496 237 1533 (ὑ)
257 1505 265 1524 :
286 1508 295 1524 ι
319 1498 352 1526 Ει
372 1507 414 1527 me
428 1502 498 1529 scito
517 1502 661 1531 admodum
675 1505 773 1534 afﬂicta
788 1515 848 1536 esse
863 1495 932 1538 vale-

145 1543 270 1571 tudine...
292 1545 375 1572 Nobis
394 1547 603 1583 haudquaquam
631 1558 715 1586 parva
732 1552 854 1589 levisque
873 1563 930 1584 tuo-

143 1591 227 1616 nienti
249 1597 312 1617 sunt
325 1599 356 1618 ea
371 1613 378 1623 ,
393 1593 427 1620 de
444 1594 541 1628 quibus
562 1597 695 1631 scripsisti
712 1607 719 1626 :
741 1601 855 1634 proinde
878 1610 929 1630 nec

142 1636 191 1671 ipsi
208 1637 391 1671 perfunctorie
412 1643 440 1666 et
462 1640 639 1676 negligenter,
662 1644 709 1671 sed
726 1653 858 1681 perquam
887 1656 929 1677 ac-

141 1688 245 1716 curate,
269 1685 440 1713 considerata
459 1695 488 1714 re
503 1692 584 1720 atque
598 1696 741 1724 perpensa,
758 1693 791 1719 ad
812 1693 864 1720 hoc
884 1693 929 1728 ju-

140 1727 242 1755 dicium
274 1731 409 1760 \‘euitnus.
430 1732 504 1760 Fessi
519 1741 551 1760 ac
566 1733 644 1762 fracti
660 1744 764 1770 sumus,
781 1745 841 1766 cum
858 1741 928 1767 invi-

139 1772 194 1805 dia,
205 1779 302 1802 etcum
324 1777 408 1804 sacris
425 1778 557 1813 episcopis
568 1787 737 1809 communem
753 1785 925 1813 concordiam

138 1819 339 1854 dirimentibus,
358 1822 474 1857 fideique
491 1832 600 1852 causam
617 1827 728 1861 privatis
745 1831 925 1858 contentioni-

138 1864 189 1892 bus
199 1867 376 1899 posteriorem
391 1868 566 1902 habentibus,
580 1877 780 1902 coucertautes.
792 1876 924 1909 Quocirca

138 1910 240 1944 navigii
256 1919 376 1945 proram,
392 1919 420 1939 ut
434 1914 487 1941 dici
503 1916 581 1949 solet,
601 1923 771 1954 convertere,
785 1929 922 1957 nosque...

136 1955 163 1983 in
178 1965 227 1985 ttos
243 1959 314 1992 ipsos
329 1961 454 1996 colligere
469 1964 639 1993 decrevimus
660 1975 667 1993 :
684 1972 765 2002 atque
778 1969 846 1997 alios
863 1971 924 2006 qui-

135 2002 195 2029 dem
209 2005 316 2032 cminus
332 2013 456 2040 spectare
474 2016 567 2038 mutuo
578 2019 607 2039 se
624 2013 794 2047 impeteutes.
814 2024 824 2040 ι

162 2060 275 2090 CLXIII.
291 2062 445 2100 Episcopum
462 2065 596 2095 Nazinuzi
610 2070 768 2098 constituere
783 2071 887 2106 [rustra

469 2109 587 2130 COIMIUI‘.

167 2143 293 2171 Attamen
316 2145 342 2172 in
367 2147 481 2180 patriam
498 2156 608 2177 reverso
627 2158 658 2177 ea
674 2151 726 2178 frui
743 2153 836 2187 requie
848 2173 856 2186 ,
875 2155 918 2182 cui

134 2193 274 2224 tantopere
300 2192 447 2224 studebat.
472 2201 520 2221 nec
547 2196 697 2224 domestico
721 2198 814 2224 statim
841 2199 917 2227 licuit

131 2236 222 2264 otiari.
238 2236 356 2264 Vaeabat
371 2246 418 2272 per
438 2240 463 2266 id
484 2242 611 2275 temporis
625 2242 753 2270 Ecclesia:
770 2243 918 2272 Nazianze-

131 2288 173 2309 ηε
186 2283 274 2314 sedes.
289 2284 466 2318 nequicquam
480 2285 632 2314 Sozomeuo
653 2289 819 2316 contrarium
847 2291 917 2317 scri-

129 2326 220 2354 bente.
236 2327 310 2356 Hane
323 2330 396 2356 enim
411 2330 461 2358 sibi
480 2331 670 2359 charissimam
692 2333 851 2367 Ecclesium,
866 2344 915 2362 ua-

129 2373 171 2400 ris
212 2373 299 2401 instar
321 2375 432 2403 ductore
458 2378 594 2411 carentis,
620 2380 716 2407 mediis
738 2380 763 2407 iu
788 2380 915 2410 fluetibus

127 2425 286 2452 errantem,
319 2423 443 2455 procellis
475 2428 565 2451 actam
596 2430 624 2452 et
655 2425 913 2460 Apollinaristarum

127 2464 280 2493 incursibus
311 2472 466 2501 patentem,
494 2475 508 2495 a
538 2477 569 2498 se
594 2470 732 2498 inventam
763 2471 912 2508 Gregorius

127 2509 185 2543 lpso
211 2515 325 2539 testatur
348 2513 465 2541 iambico
487 2516 607 2543 carmine
629 2516 694 2544 olim
717 2525 785 2545 xxtu
805 2539 814 2552 ,
838 2528 910 2547 nunc

124 2561 175 2583 cu
192 2555 242 2591 (c):

248 2599 313 2642 Gum
327 2603 394 2629 enim
409 2605 545 2642 veniuem,
558 2607 700 2642 peregrini:

248 2635 378 2674 goque":
393 2640 479 2665 sedem
495 2635 589 2674 terrae,

246 2670 405 2707 Qulceutque
419 2674 517 2706 plebem

246 2703 281 2743 lit
294 2703 462 2743 uidi,'st_at'im
475 2711 552 2737 menti
564 2712 679 2740 occurrit

245 2739 327 2776 έναι,
341 2739 401 2776 qua;
409 2746 466 2770 tota

243 2773 588 2811 E/fugit'iuumlutianem...

155 2850 195 2889 (ᾳ)
209 2851 305 2889 durior.
316 2861 383 2885 ειισ..
401 2862 427 2889 p.
440 2854 501 2882 671.

152 2885 193 2922 (b)
209 2887 292 2922 Epist.
303 2888 337 2916 al.
354 2890 400 2916 65.

829 164 909 193 VITA
927 167 955 195 S.
977 167 1152 200 CREGORII.

763 229 955 254 testamentum
972 231 995 259 Α

957 907 978 936 Β

943 1576 966 1605 G

934 2267 956 2294 D

1719 185 1792 217 -230

1136 232 1214 272 (Iam:
1228 234 1307 267 enim,
1323 244 1381 262 cum
1396 237 1531 272 defecisset

1134 267 1202 305 l_'ene
1214 277 1272 305 rera
1284 272 1414 305 doctrina,

1132 302 1248 338 Serv/ivit
1264 305 1334 338 tigno

1131 336 1244 373 Alnguus
1256 336 1331 372 pater
1348 349 1430 373 meus,

1130 370 1220 398 Tutius
1238 370 1318 400 totum
1337 370 1474 404 Trinitatis

1128 406 1266 434 (Iul/rice!»
1287 411 1406 438 reddens.

1127 441 1203 482 Illi/uc
1220 444 1342 478 nﬁlirmut
1357 447 1451 478 absque
1463 449 1585 482 pra‘sule.

1133 474 1204 512 fet/ut
1219 474 1308 504 unt-cut
1325 481 1350 506 iu
1367 474 1430 512 ulto,

1126 510 1260 547 Carentem
1274 510 1445 547 gubernatore

1125 544 1259 580 Jurmmm
1274 544 1423 580 ieiitpeslnte

1123 579 1300 616 dinaimormn
1313 585 1442 612 ritu/orum
1456 607 1462 616 .

1124 613 1270 643 Ultra/tere
1284 627 1297 644 e
1308 627 1408 653 gurgite
1422 613 1546 650 voicbum.

1038 659 1103 686 Cum
1124 668 1189 687 vero
1211 663 1286 689 navis
1302 671 1368 698 pene
1384 668 1528 697 confracta:
1550 671 1654 700 clavum
1676 682 1726 703 nec
1741 679 1782 704 le-

1000 712 1064 732 nerc
1079 705 1128 739 ipsi
1140 708 1246 734 animus
1258 714 1343 743 esset,
1353 719 1401 738 nec
1413 721 1461 746 per
1472 715 1653 746 valetudinem
1669 721 1781 756 liceret;

995 757 1100 777 memor
1117 756 1206 778 tamen
1220 754 1255 787 pii
1269 757 1388 788 parantis
1401 757 1426 784 itt
1448 759 1497 786 hac
1511 762 1684 795 gubernanda
1699 772 1725 792 et
1741 767 1782 793 iu-

995 797 1137 823 staurauda
1164 797 1285 825 laborum
1299 818 1307 831 ,
1323 808 1382 827 eam
1401 804 1506 836 penitus
1530 807 1674 843 naufragio
1690 812 1780 844 perire

994 847 1047 866 non
1065 840 1180 869 ferebat.
1201 842 1295 877 Itaque
1313 845 1400 872 virum
1425 847 1582 884 frangendis
1605 840 1777 885 a-stuantium

994 887 1126 913 nudarunt
1148 888 1301 917 incursibus
1321 891 1446 920 idoneum
1467 896 1490 921 ci
1510 898 1645 930 praeficere
1658 903 1775 935 curavit,

994 930 1079 956 \‘irum
1097 932 1203 966 quidcut
1230 935 1320 962 adhtte
1334 936 1431 964 laieum
1448 944 1527 974 atque
1544 944 1632 970 aerarii
1651 946 1774 975 ecclesia:

992 978 1129 1004 custodem
1157 986 1252 1007 reccus
1279 983 1476 1016 c0u~titutum,
1498 992 1594 1015 cmtera
1624 992 1779 1026 virtutibus,

991 1021 1084 1055 quales
1098 1022 1123 1049 iu
1136 1024 1261 1059 episeopo
1281 1027 1403 1061 requiras
1415 1049 1423 1061 ,
1441 1030 1582 1066 insigniter
1595 1041 1721 1064 ornatum
1748 1045 1777 1065 et

990 1065 1096 1094 abunde
1110 1068 1281 1099 instructum.
1298 1072 1395 1101 Verum
1410 1083 1484 1110 spent
1505 1080 1632 1108 mentitus
1650 1087 1692 1109 est
1712 1085 1772 1111 exi-

991 1114 1045 1143 tus,
1059 1112 1188 1146 ﬂagrante
1203 1115 1300 1143 invidia
1314 1119 1532 1155 presbyterormu
1545 1124 1672 1154 Ettclesize
1685 1137 1691 1162 ;
1707 1137 1775 1163 qua-

989 1162 1048 1181 rtnn
1066 1164 1128 1191 pars
1144 1165 1158 1184 a
1173 1158 1305 1194 Gregorio
1323 1163 1537 1194 Sarcolatrarum
1555 1171 1686 1204 appellata
1702 1173 1775 1209 (Til-

988 1199 1132 1230 lemoutius
1145 1203 1351 1238 Apollinaristas
1377 1199 1577 1249 interpretatur)-
1590 1199 1680 1250 .palatu
1698 1199 1775 1252 aper-

988 1249 1067 1280 teque
1079 1250 1264 1283 repugnabat;
1283 1259 1346 1286 pars
1358 1254 1566 1286 obsecundantis
1584 1249 1674 1295 specie
1694 1249 1767 1292 cian-

986 1291 1075 1317 culum
1091 1293 1284 1323 adversabatur
1300 1306 1306 1324 :
1322 1300 1446 1333 quodque
1461 1303 1546 1337 magis
1570 1307 1678 1340 mirere,
1698 1310 1771 1336 anti-

985 1335 1064 1362 stites
1089 1337 1134 1371 qui
1160 1346 1190 1366 se
1217 1340 1338 1376 Gregorii
1364 1346 1467 1372 amicos
1493 1335 1700 1384 promebantur,
1723 1355 1772 1388 qui

985 1387 1060 1408 suam
1079 1382 1115 1409 illi
1139 1383 1190 1412 hac
1217 1385 1244 1412 in
1271 1394 1301 1414 re
1327 1395 1406 1422 opem
1433 1397 1510 1419 erant
1526 1394 1661 1428 professi.
1686 1398 1766 1427 fidem

985 1426 1074 1454 datam
1101 1427 1264 1458 fefellerunt.
1285 1432 1370 1467 Quam
1396 1443 1477 1470 porro
1504 1426 1622 1474 graviter
1647 1426 1673 1469 id
1697 1426 1767 1471 Iule;

983 1473 1030 1505 rit,
1047 1473 1089 1502 bis
1109 1480 1192 1511 atque
1214 1477 1275 1506 aliis
1292 1480 1383 1508 verbis
1398 1481 1425 1508 iu
1440 1473 1534 1511 eodem
1546 1487 1667 1515 carmine
1679 1490 1766 1524 sigui~

983 1518 1046 1546 fleat
1059 1528 1066 1547 :

1089 1565 1275 1609 Yerumlamert
1290 1570 1411 1609 deceptus
1422 1582 1490 1609 tum,
1505 1583 1519 1602 ο
1533 1575 1648 1605 Triuitan

1088 1601 1108 1636 ᾼ
1121 1610 1160 1628 me
1173 1605 1318 1636 prrrdicaln
1331 1606 1342 1632 .'

1086 1635 1169 1675 {erit}
1184 1638 1250 1672 fides
1266 1641 1292 1666 iu
1308 1640 1401 1675 Deum,

1086 1670 1170 1698 Periit
1185 1670 1217 1698 ex
1229 1675 1388 1703 hominibus.

1085 1705 1144 1748 ῼιιο
1162 1709 1220 1740 quis
1234 1716 1261 1735 se
1276 1711 1414 1748 con/"erat?
1424 1717 1450 1739 et
1460 1715 1552 1748 quibus

1083 1740 1182 1775 Juugat
1196 1750 1222 1769 te
1235 1740 1335 1771 sociant
1347 1746 1360 1772 ?

1013 1793 1127 1822 CLXIV.
1139 1795 1283 1824 Arianzum
1299 1807 1325 1826 se
1339 1801 1439 1840 recipit,
1454 1808 1478 1829 et
1493 1804 1554 1831 inde
1573 1804 1722 1836 Caesaream

1293 1842 1321 1860 se
1339 1840 1448 1870 caulem.

1013 1873 1081 1901 Tum
1095 1882 1158 1902 vero
1169 1876 1326 1913 Gregorius.
1343 1882 1486 1909 couunissa
1500 1883 1627 1914 Cledouio
1646 1889 1759 1926 presby-

975 1922 1033 1946 tero
1044 1918 1223 1948 Nazianzeuze
1245 1922 1372 1952 Ecclesiae
1386 1933 1462 1960 cura,
1480 1929 1626 1958 Arianzutu
1640 1952 1649 1965 ,
1667 1935 1692 1961 in
1710 1918 1759 1963 αἶ).

974 1971 1047 1990 mum
1077 1970 1218 1999 pateruatu
1234 1987 1241 1998 ,
1259 1968 1421 1998 valetudinis
1447 1980 1528 2001 causa
1556 1980 1583 2002 et
1607 1977 1759 2008 solitudinis

973 2016 1065 2037 amore
1083 2018 1111 2038 se
1123 2012 1226 2046 recepit
1239 2033 1246 2045 ,
1263 2021 1312 2042 nec
1325 2021 1389 2044 ante
1405 2019 1522 2046 mentium
1536 2021 1643 2048 circiter
1656 2031 1757 2053 annum

972 2055 1025 2083 582
1047 2056 1214 2084 Nazianzuut
1242 2067 1368 2089 reversus
1379 2067 1430 2091 est.
1443 2064 1594 2093 Ctnsarcatu
1610 2069 1710 2097 interea
1730 2078 1760 2099 so

972 2102 1095 2135 contulit,
1113 2108 1141 2130 ut
1155 2103 1255 2132 Basilio
1272 2106 1377 2142 Magno,
1397 2109 1483 2137 tribus
1497 2111 1594 2140 abhinc
1610 2122 1692 2149 prope
1706 2124 1758 2144 au-

972 2147 1014 2174 uis
1041 2149 1075 2175 ad
1099 2157 1210 2183 superos
1237 2159 1349 2180 evocato
1363 2174 1370 2186 ,
1389 2154 1461 2188 justa
1479 2147 1645 2191 persolveret
1664 2169 1670 2187 :
1686 2163 1759 2196 quod

971 2193 1078 2227 quidem
1097 2195 1123 2221 iu
1139 2196 1262 2224 oratione
1287 2206 1359 2226 nunc
1375 2208 1430 2227 λιιι
1446 2202 1485 2229 sic
1502 2210 1646 2233 exsecutus
1662 2213 1713 2240 est,
1730 2213 1759 2236 ut

971 2239 998 2266 itt
1028 2241 1164 2275 prmclaris
1181 2244 1261 2271 amici
1280 2244 1448 2274 facinoribus
1475 2250 1635 2278 enarrandis
1661 2261 1757 2282 omnes

970 2285 1128 2319 eloquentia:
1141 2287 1301 2317 Christiana:
1319 2298 1383 2325 opes
1398 2293 1575 2327 profunderct
1589 2316 1596 2329 ,
1617 2301 1696 2332 atque
1710 2299 1758 2326 ob-

968 2333 1159 2361 trectatoribus
1176 2335 1222 2370 qui
1238 2335 1328 2363 Basilii
1345 2337 1463 2365 indolem
1478 2348 1618 2374 accusare,
1636 2349 1682 2371 aut
1698 2345 1757 2378 eius

967 2376 1000 2402 de
1024 2376 1126 2412 Spiritu
1153 2385 1248 2407 sancto
1278 2383 1441 2416 doctrinam,
1454 2391 1480 2412 ct
1499 2386 1524 2412 in
1539 2395 1570 2414 ea
1586 2390 1755 2422 praedicanda

966 2429 1067 2449 morem
1081 2431 1194 2460 carpere
1209 2427 1266 2453 ausi
1286 2427 1416 2462 fuerant,
1432 2439 1463 2458 os
1484 2432 1511 2459 in
1526 2440 1685 2469 perpetuum
1709 2445 1755 2464 oc-

965 2467 1096 2497 cluderet.

1109 2517 1211 2546 CLXV.
1229 2519 1299 2551 Quid
1314 2521 1340 2547 in
1355 2521 1497 2550 solitudine
1511 2530 1609 2560 ageret.

1001 2561 1029 2588 In
1053 2562 1200 2590 solitudine
1220 2572 1274 2599 quo
1298 2573 1378 2601 pacto
1400 2576 1430 2596 se
1453 2570 1566 2597 haberet
1582 2570 1752 2606 Gregorius.

964 2607 1063 2641 quibus
1078 2609 1159 2636 rebus
1174 2616 1293 2644 vacaret,
1309 2620 1363 2646 quo
1375 2621 1457 2642 sensu
1472 2615 1584 2649 amicos,
1601 2625 1655 2652 quo
1668 2619 1750 2645 etiam

964 2651 1089 2680 iuituieos
1116 2661 1343 2690 prosequerctur,
1368 2660 1488 2688 scribens
1515 2661 1549 2687 ad
1572 2662 1749 2691 Amazonium

962 2695 1075 2731 ipsemet
1089 2699 1208 2726 declarat
1229 2701 1270 2729 his
1284 2702 1374 2730 verbis
1390 2705 1429 2739 ((1)
1445 2713 1452 2732 :
1470 2714 1479 2730 ι
1498 2704 1525 2733 Si
1548 2707 1608 2741 quis
1628 2715 1750 2736 contmn-

961 2742 1035 2768 niqu
1052 2743 1201 2771 amicorum
1216 2765 1223 2777 ,
1239 2754 1307 2781 quos
1324 2748 1472 2782 permultos
1490 2757 1551 2777 esse
1574 2751 1682 2780 conﬁdo
1695 2773 1702 2786 ,
1715 2760 1749 2782 ex

962 2791 987 2815 te
996 2794 1182 2823 percontetur,
1197 2791 1242 2819 ubi
1259 2801 1329 2821 uuuc
1351 2792 1499 2830 Gregorius
1513 2815 1520 2829 ,
1538 2801 1566 2824 et
1578 2798 1642 2833 quid
1656 2807 1746 2829 rerum

996 2863 1031 2899 (c)
1046 2864 1105 2893 Lib.
1121 2873 1168 2899 vu,
1181 2875 1240 2901 cap.
1254 2868 1281 2897 7.

995 2902 1034 2936 (ιι)
1049 2901 1134 2935 Epist.
1151 2902 1184 2930 al.
1204 2903 1250 2931 73.
