2055 3130
290 150 340 179 231

942 148 1023 177 VITA
1042 150 1071 177 S.
1092 148 1268 179 GBEGORII.

1860 144 1915 172 3'53

291 212 353 244 agat
365 228 373 240 ,
399 207 490 234 dicere
511 214 545 234 ne
566 206 672 234 dubites
693 213 754 233 eum
777 206 868 241 quiete
883 213 915 234 ae
932 207 1078 241 tranqttille
1093 210 1114 237 Α
1130 207 1302 234 Theodorum
1319 205 1474 240 episcopum
1489 204 1659 240 Tyanensem
1671 204 1804 232 scribens.
1822 213 1832 229 ι
1853 203 1910 231 νο.

291 252 472 290 philosopliari
487 272 494 284 ,
507 259 560 279 non
579 252 664 285 magis
683 259 731 279 eos
745 272 752 284 ,
769 260 784 278 a
799 252 897 286 quibus
912 251 1012 287 injuria
1026 252 1079 287 ipsi

292 298 346 325 lata
361 302 412 329 est,
429 302 581 328 curantem,
597 305 677 331 quam
692 305 751 328 eos,
765 297 798 324 de
815 297 924 332 quibus,
938 298 963 323 iit
981 297 1082 324 lucent-

293 351 327 369 ite
344 348 371 369 et
397 343 478 368 vitam
493 342 640 375 prodierint
655 362 662 374 ,
688 342 809 376 ignotum
834 348 915 377 atque
930 343 1080 370 obscitrtttii

293 393 355 416 est:
377 389 443 414 adeo
461 388 560 414 itt\it:|0
573 394 611 414 est
632 388 713 414 anitt-i
728 389 834 415 robore.
851 389 926 421 Quod
941 389 963 416 si
983 393 1008 415 te
1026 397 1082 416 rur-

293 442 340 462 sus
354 434 424 460 idem
440 439 514 468 roget
528 453 536 464 ,
555 435 691 468 quomodo
702 434 853 460 amicorum
873 434 1082 469 tlisjuttt'limtetll

294 482 432 511 ferat,ttott
450 481 502 514 iam
520 481 634 507 fidenter
650 480 814 515 respondeas
829 487 890 506 euut
907 480 1082 514 philosopha-

294 528 318 554 ri
335 547 343 558 ,
366 535 457 553 verqu
476 527 567 551 attinnt
580 534 641 552 esse
659 533 788 559 perquam
807 525 900 552 humili
920 531 947 552 et
965 526 1080 560 abiecto.

294 573 346 601 Alii
361 574 431 600 enim
451 572 476 598 iii
493 572 552 598 aliis
570 573 650 598 rebus
669 571 806 598 molliores
820 576 881 598 sunt
893 592 900 605 ,
922 579 973 607 ego
991 577 1081 599 autem

295 619 324 646 iii
341 619 458 646 auiit'itia
477 623 501 644 cl
519 618 626 645 amicis.
647 627 657 643 ι

363 673 475 701 CLXVI.
495 672 665 700 Cttlﬂ‘ltilﬂlr's
690 673 782 709 quibus
811 679 872 700 tum:
893 673 1016 709 temporis

524 709 697 744 ttﬁltrtabulur
717 708 847 735 Ecclesia.

333 754 394 782 "me
413 755 475 781 dum
498 760 589 787 ageret
606 754 650 780 ille
666 773 674 785 ,
691 759 836 788 optatoque
854 753 989 781 frueretur
1012 754 1080 786 otio,

298 800 500 827 \‘EiICIIIBIIiibtls
525 799 644 826 Ecclesia
674 799 800 833 procellis
827 800 999 833 agitabatur,
1019 800 1083 828 hinc

297 846 466 873 Atttiorliettu
483 846 630 872 scltisttittle
655 845 815 875 dilacerata,
834 845 907 870 iliillt‘.
920 845 1084 878 Apollinari-

1130 253 1199 280 cas?
1213 253 1300 287 inquit
1315 251 1361 287 (τ).
1375 251 1429 279 Nos
1446 259 1509 278 vero
1532 257 1720 286 properamus.
1738 249 1917 283 Properatnus

1132 304 1222 326 autem
1237 319 1245 331 ,
1261 303 1289 325 ttt
1307 298 1357 325 soli
1381 305 1440 324 cum
1467 297 1525 324 solo
1550 297 1764 332 congrediamur.
1788 296 1912 331 Synodos

1129 345 1203 371 eu’itti
1230 350 1310 377 atque
1336 342 1471 377 colloquia
1492 342 1585 376 procul
1615 341 1778 372 salutamus;
1808 349 1841 368 ex
1861 349 1914 375 quo

1131 389 1234 416 scilicet
1250 394 1370 423 tempore
1388 389 1470 414 multa
1487 395 1593 419 eorum,
1610 391 1639 414 tit
1655 395 1738 422 parce
1752 387 1859 422 loquar,
1873 388 1919 414 itn~

1131 435 1214 470 proba
1229 440 1257 462 et
1269 434 1399 470 flagitiosa
1416 441 1476 461 esse
1497 434 1629 468 comperi.
1647 441 1658 459 ι

1168 492 1295 526 Quamvis
1316 493 1435 527 synodos
1453 492 1549 519 vitaret
1565 491 1720 526 Gregorius,
1735 497 1794 517 eum
1811 495 1916 523 tamen.

1133 545 1185 564 noti
1203 545 1281 564 secus
1306 545 1337 564 ac
1355 537 1412 563 orlii
1435 542 1572 571 prmessel,
1597 537 1717 563 ontuittm
1740 537 1920 564 Erclesiarttm

1134 584 1242 610 tenebat
1261 583 1428 615 sollicitudo,
1445 591 1552 616 semper
1567 583 1686 609 intentus
1701 583 1732 608 iis
1745 590 1804 616 qum
1816 583 1848 608 ad
1867 583 1921 608 Ita-

1133 629 1213 656 rcsiut
1232 629 1439 656 exstitictiouetn
1453 634 1498 655 aut
1513 629 1732 663 propagationetn
1745 628 1805 654 iidei
1818 633 1921 662 spreta-

1134 683 1162 702 re
1181 675 1361 708 conspiceret.
1386 684 1395 700 ι
1415 674 1522 706 Omnia,
1546 674 1630 708 iuqitit
1650 674 1700 709 (ιι),
1725 675 1794 708 apttd
1810 682 1858 701 nos
1875 674 1919 701 Dei

1133 720 1265 746 beneficio
1283 725 1356 747 recte
1373 728 1402 747 se
1416 720 1526 752 habent,
1542 720 1592 747 ltnc
1604 728 1657 746 uno
1667 726 1790 754 exet-pio,
1807 721 1878 755 quod
1890 722 1922 746 do

1134 764 1264 792 Ecclt-siis
1287 765 1360 792 anxii
1377 771 1403 792 et
1421 765 1530 793 solliciti
1549 774 1640 792 smnus
1657 771 1709 792 tam
1725 765 1795 793 finde
1819 772 1923 799 ρει-ηιμ

1135 810 1214 837 Italis.
1232 819 1241 836 i
1275 809 1329 837 Sua
1361 818 1422 837 eum
1451 811 1574 844 inprimis
1600 811 1714 845 angebat
1741 811 1921 842 Naliattzeua,

1136 861 1217 888 quani
1234 862 1286 881 non
1301 855 1379 882 modo
1393 847 1579 889 corrumpere,
1593 856 1639 882 sed
1658 861 1685 881 et
1700 856 1824 882 invadere
1837 860 1924 881 tenta-

298 898 400 918 starum
418 891 522 917 turbata
549 890 711 922 cottatiitus;
726 891 771 923 qui
789 890 853 916 lit-et
869 890 903 916 ab
918 889 1032 917 Oriente
1057 896 1084 917 et
1100 889 1119 917 Β
1136 901 1199 926 [mm
1213 900 1422 933 Apollinarislnl.
1441 900 1506 927 Dum
1520 901 1591 927 cui,"
1610 902 1642 927 ad
1656 901 1826 927 X;||I\'nri.|;lg
1855 901 1924 927 ιιιειλ.

298 936 444 964 Occidente
463 935 566 970 rt'jecti,
583 935 792 961 tlisscuiitiamlis
807 942 878 962 nunc
899 936 999 969 palatii,
1013 943 1085 962 nunc

298 982 403 1010 occulte
419 982 474 1008 suis
492 981 632 1007 erroribus
655 981 741 1007 ttiltilo
759 981 868 1015 segnius
886 981 1084 1009 allaborabattt.

298 1027 339 1056 Ad
357 1028 531 1061 lia-cryuicus
547 1027 601 1057 ille,
618 1027 662 1060 qui
676 1027 791 1060 turpiter
817 1034 832 1053 e
847 1027 912 1053 sede
927 1026 1083 1053 Constanti-

299 1072 450 1106 nttliuitlatiti
467 1071 608 1106 depulsus,
622 1073 646 1097 iu
662 1070 808 1106 [Egypttnu
824 1071 912 1105 primo
926 1079 956 1098 se
978 1079 1087 1106 recepe-

300 1122 353 1148 rat,
367 1125 479 1151 eantque
494 1117 681 1143 calumniando
710 1123 757 1143 s'us
772 1118 860 1151 deque
880 1123 1010 1149 verterat,
1034 1117 1087 1144 Ita-

301 1162 365 1190 liam
379 1165 529 1190 concitabat
552 1163 644 1189 iisdem
659 1163 774 1189 artibus.
794 1163 898 1195 Quibus
911 1163 989 1190 ttialis
1001 1171 1086 1198 quan-

301 1211 387 1235 tocins
401 1209 594 1235 occurrendum
611 1214 685 1234 ratus
713 1209 831 1242 pontifex
850 1208 990 1239 Datttasus.
1005 1217 1087 1244 gene-

299 1253 357 1281 rale
371 1254 514 1280 cutictlitttti
534 1254 623 1280 ltotua:
638 1254 730 1280 liaberi
752 1254 882 1280 decrevit.
899 1255 947 1280 Ast
964 1255 1081 1288 impera-

300 1303 343 1326 tor
356 1306 411 1325 rem
426 1298 451 1324 iit
470 1298 579 1325 Uriettle
594 1299 683 1333 peragi
703 1299 788 1325 satius
802 1299 914 1331 dicetis,
928 1299 1085 1326 Constanti-

301 1344 389 1378 nopoli
407 1345 538 1378 syuutluui
557 1344 651 1370 iittltxit
666 1363 674 1374 ,
689 1344 731 1370 cui
756 1343 916 1379 Gregorium
933 1346 1085 1379 prtesertitii

301 1389 430 1417 interesse
442 1397 610 1422 sttuitiiopere
625 1390 759 1421 cupiebat.
774 1389 856 1423 Cttth
871 1391 924 1417 vuli
952 1399 1000 1425 per
1023 1391 1088 1418 l’ro-

300 1435 407 1467 (‘opiutn
422 1435 523 1461 certior
540 1435 628 1460 factus
652 1434 803 1469 Gtegorius
815 1455 823 1468 ,
840 1436 940 1463 infelici
967 1438 1086 1464 omnium

300 1481 399 1515 quibus
420 1481 540 1506 adfuerat
556 1482 720 1515 syttonlnrum
737 1482 810 1507 exitu
826 1484 858 1507 :nl
874 1483 1032 1509 uteiiiot'iatn
1046 1491 1088 1510 re-

303 1532 410 1557 vocato,
423 1534 486 1552 suas
500 1527 646 1560 quominus
657 1526 778 1560 Augusto
796 1534 902 1560 pareret
916 1529 1088 1564 infirmitates

301 1572 431 1599 obtendit.
447 1580 457 1595 ο
477 1572 542 1605 Ego,
556 1571 641 1605 inquit
661 1572 710 1606 (ιι),
723 1572 744 1598 si
759 1579 819 1599 vera
836 1574 954 1601 scribere
967 1580 1083 1607 oportet,

301 1617 352 1645 hoc
369 1618 459 1644 animo
472 1625 543 1648 sum,
558 1623 588 1643 Iit
599 1625 706 1644 omttettt
720 1618 907 1653 episcoporum
923 1625 1086 1647 conventum

302 1663 405 1696 fugiam
422 1664 572 1697 :qnottiam
592 1663 690 1689 nullius
714 1664 820 1690 Concilti
853 1665 932 1691 tinem
949 1666 1038 1692 tietutu
1059 1670 1087 1692 et

302 1710 419 1737 fullSltltll
436 1711 500 1743 vidi,
518 1719 566 1737 nec
584 1711 654 1745 quod
678 1711 862 1744 depulsionem
885 1713 1017 1740 malorum
1041 1721 1087 1748 po-

303 1756 456 1790 tius.quatn
470 1757 652 1783 accessionem
668 1763 694 1784 et
714 1758 910 1785 incrementum
929 1759 1085 1788 habuerit...

302 1801 371 1829 llttic
386 1810 492 1837 quoque
507 1809 565 1829 tneo
583 1803 685 1836 judicio
703 1810 833 1838 patronus
849 1805 959 1832 morbus
972 1806 1086 1838 accedit,

302 1849 400 1883 quippe
411 1849 455 1882 qui
469 1856 511 1875 me
529 1849 563 1875 ita
578 1849 770 1883 distorqueat,
788 1856 817 1876 ut
833 1850 954 1885 quotidie
969 1851 1025 1879 fere
1039 1859 1087 1879 ex-

303 1898 404 1920 tremos
435 1894 545 1928 spiritus
566 1895 674 1928 cﬂletn,
702 1903 752 1922 nec
771 1896 822 1922 ulla
850 1903 880 1923 re
912 1897 1015 1932 tneipso
1048 1897 1087 1924 uti

302 1945 411 1974 queant.
425 1949 435 1965 i
456 1939 676 1971 Escttsationem,
691 1948 772 1975 quatit
787 1941 877 1968 ficta-it
893 1942 1086 1976 arbitrabatur,

303 1986 370 2011 adeo
387 1992 438 2010 non
455 1985 563 2011 admisit
584 1985 744 2019 itttpet-ator,
765 1991 793 2012 ttt
813 1987 890 2013 novis
904 1995 951 2021 per
973 1987 1086 2015 Icarium

302 2029 389 2055 vit-unt
402 2029 532 2056 illustrem
547 2035 575 2056 et
590 2030 742 2065 Olympium
757 2031 934 2065 Cappadociae
952 2038 1085 2060 rectorem

301 2072 432 2108 Gregorio
467 2074 595 2101 institerit
633 2076 767 2102 mandatis
792 2084 800 2103 :
830 2077 928 2110 quibus
967 2079 1089 2113 acceptis

303 2120 428 2154 Olympio
448 2120 488 2147 sic
516 2119 654 2153 rescripsit
680 2121 721 2147 vir
748 2122 855 2148 mentiri
881 2123 988 2150 nescius
1015 2123 1052 2158 (b)
1079 2132 1086 2151 :

306 2173 316 2191 ι
335 2165 390 2192 Ilue
405 2166 469 2191 milti
487 2168 580 2192 tuorlto
597 2166 655 2199 ipso
669 2167 781 2200 gravius
791 2172 843 2198 est,
854 2169 927 2202 quod
941 2175 1002 2195 cuin
1016 2177 1088 2204 :eger

302 2211 365 2241 sint.
384 2217 514 2246 a-grotare
531 2216 619 2237 tamen
635 2219 688 2238 nou
703 2213 811 2245 credar,
825 2221 917 2240 verum
935 2214 1089 2249 peregrina-

303 2257 404 2282 tiutieui
418 2257 452 2282 ita
471 2257 576 2291 longam
592 2257 672 2287 inire,
693 2262 773 2292 atque
794 2258 819 2284 iti
841 2259 944 2286 medios
958 2260 1088 2288 tumultus

305 2308 434 2335 nte-psmn
452 2303 589 2336 impellere
599 2302 695 2336 jttliear
709 2313 716 2331 :
732 2311 746 2330 a
758 2304 858 2338 quibus
872 2306 1018 2332 secessisse
1034 2311 1087 2334 tatu

305 2347 370 2372 ntilti
387 2353 491 2381 gratum
508 2348 576 2379 fuit.
598 2356 626 2374 ttt.
644 2349 695 2376 hoc
712 2350 821 2376 nomine
843 2351 959 2385 gratiam
980 2359 1089 2386 quoque

305 2392 425 2425 corporis
438 2392 573 2419 alﬂictioui
593 2396 786 2429 proliemodum
811 2396 958 2424 habt-am...
985 2398 1039 2424 lloc
1061 2403 1088 2425 et

305 2435 487 2463 illustrissimo
501 2446 607 2471 quoque
625 2438 710 2465 Ieario
729 2447 781 2465 non
797 2440 834 2467 ita
851 2441 956 2474 pridem
977 2443 1087 2478 scripsi,

305 2489 366 2508 cum
383 2481 452 2508 idem
462 2482 497 2508 ab
511 2490 544 2509 eo
563 2483 667 2518 jussutn
681 2486 863 2519 accepissem;
877 2492 905 2513 et
923 2495 995 2515 nunc
1009 2497 1023 2515 a
1039 2494 1084 2515 tua

305 2529 387 2556 animi
413 2530 597 2565 magnitudine
622 2537 701 2564 pcto,
717 2537 745 2558 tit
768 2540 817 2566 pro
834 2534 911 2561 nobis
929 2543 1037 2569 quoque
1061 2536 1088 2563 id

304 2575 425 2602 scribere
439 2583 490 2601 uoti
505 2581 641 2610 gravetur.
658 2585 668 2602 ι
688 2576 755 2604 Vicit
769 2579 874 2605 tandem
891 2579 1013 2615 Gregorii
1031 2589 1087 2608 mo-

305 2621 380 2648 desta
396 2621 540 2654 recusatio,
555 2622 601 2655 qui
617 2620 673 2654 jatu
702 2627 783 2650 antea
800 2628 932 2652 statuerat
948 2634 1086 2661 nunquam

305 2665 437 2693 interesse
455 2666 643 2702 episcoporum
660 2668 798 2697 conciliis.
813 2674 842 2698 ut
854 2669 912 2698 inse
927 2670 1028 2699 fatetur
1052 2672 1086 2701 ad

340 2753 379 2787 (η)
395 2753 480 2788 Epist.
496 2755 530 2782 ai.
543 2755 588 2783 55.

340 2788 378 2823 (ιν)
394 2789 478 2822 Epist.
490 2790 525 2817 al.
541 2791 584 2818 76.

339 2823 589 2893 uaeas

370 2858 381 2893 )
399 2858 484 2894 Epist.
498 2860 533 2888 al.
546 2860 581 2888 73

1137 952 1195 970 ritas
1208 944 1312 978 longius
1325 943 1485 978 Gregorium
1508 946 1617 971 morbus
1631 945 1797 975 abduxisset,
1812 952 1868 972 sine
1884 944 1924 970 ia-

1135 990 1232 1017 ctionis
1246 990 1407 1021 hominibus,
1425 999 1493 1024 quos
1516 990 1643 1018 Naziatizi
1667 991 1810 1022 ltaltebaut,
1828 995 1923 1016 contra

1133 1034 1178 1068 jus
1204 1035 1299 1070 fasque
1321 1036 1478 1070 episcopum
1495 1038 1662 1064 constituere
1686 1041 1922 1072 prmsumpscruut.

1137 1080 1191 1108 Hos
1208 1081 1317 1108 lenitate
1333 1090 1380 1108 sua
1402 1088 1555 1109 mansuetos
1571 1083 1742 1118 placidoque
1756 1084 1866 1109 redde-re
1882 1090 1924 1109 vo-

1136 1127 1223 1153 luerat
1243 1132 1270 1154 et
1284 1127 1412 1161 paulatim
1427 1128 1567 1159 emollire;
1586 1133 1613 1155 at
1631 1128 1735 1162 pejores
1753 1136 1800 1154 eos
1813 1127 1902 1154 effecit
1913 1137 1922 1154 :

1140 1180 1149 1197 ι
1166 1171 1223 1198 Non
1237 1171 1320 1203 enim,
1338 1173 1423 1206 inquit
1439 1171 1485 1206 (ε),
1509 1179 1605 1206 pravos
1627 1173 1748 1199 homines
1765 1172 1861 1199 leuitas
1876 1173 1924 1198 iti-

1136 1216 1229 1244 ﬂcctit.
1248 1227 1256 1242 i
1279 1217 1346 1244 Cum
1364 1223 1454 1244 autent
1473 1218 1571 1245 :tbSt’ltS
1587 1218 1656 1245 tiialo
1671 1218 1770 1245 mederi
1788 1227 1839 1244 non
1853 1218 1924 1245 vale-

1137 1268 1188 1293 ret,
1205 1263 1307 1289 litteras
1324 1263 1374 1289 sibi
1396 1263 1512 1290 vicarius
1526 1263 1674 1296 Substituit,
1690 1264 1812 1290 scribens
1830 1264 1922 1298 Olym-

1138 1309 1181 1343 pio
1194 1310 1319 1342 prchecm
1339 1309 1379 1335 Itis
1394 1310 1482 1336 verbis
1495 1309 1529 1343 (Γ)
1546 1317 1552 1335 :
1571 1319 1581 1334 1
1600 1309 1659 1336 Mali
1675 1310 1806 1340 ltutuitu-s,
1818 1310 1923 1343 episeo-

1138 1362 1187 1390 pos
1202 1356 1345 1389 qttOulam,
1367 1355 1464 1388 quibus
1485 1356 1601 1389 dignitas
1623 1356 1656 1382 ab
1672 1356 1813 1382 universali
1835 1355 1925 1382 conci-

1138 1401 1174 1428 lio
1190 1403 1318 1435 abrogata
1340 1401 1440 1433 fuerat,
1460 1407 1638 1434 accersentcs,
1660 1407 1704 1428 :mt
1722 1402 1924 1428 transeuntzbtts

1138 1448 1290 1478 abutentes,
1321 1446 1505 1479 imperialibus
1536 1447 1662 1474 omnibus
1690 1447 1925 1474 constitutionibus

1138 1495 1221 1524 atque
1241 1491 1366 1518 omnibus
1383 1491 1479 1518 vesu'is
1498 1492 1595 1519 edictis
1610 1493 1724 1524 violatis,
1745 1493 1850 1519 cuidam
1873 1494 1925 1519 itit-

1139 1536 1174 1568 pii
1188 1541 1214 1563 et
1228 1536 1371 1563 adulteritti
1390 1537 1430 1563 sui
1446 1537 1536 1571 gregis
1548 1538 1664 1571 episcoiii
1682 1545 1777 1564 nomen
1794 1539 1926 1572 imposue-

1141 1586 1213 1613 rttttl,
1230 1582 1300 1608 uttlla
1315 1589 1354 1613 re,
1370 1587 1397 1608 ttt
1414 1583 1520 1616 opinor,
1537 1583 1648 1617 perinde
1662 1582 1734 1615 freti,
1751 1588 1831 1617 atque
1851 1591 1926 1610 suni-

1141 1635 1183 1654 tua
1216 1635 1275 1654 mea
1308 1627 1503 1655 imbecillitate.
1532 1638 1541 1655 i
1581 1629 1680 1656 Deinde
1708 1629 1819 1656 sceleris
1849 1629 1927 1664 hujus

1141 1674 1269 1701 ultionem
1291 1675 1367 1709 petit,
1380 1675 1514 1702 mitiorem
1531 1681 1618 1703 tamen
1633 1683 1713 1710 quam
1728 1681 1800 1704 tanta
1813 1677 1926 1705 audacia

1141 1725 1304 1747 mereretur.

1208 1764 1333 1792 CLXVII.
1354 1765 1482 1793 Ecdest
1495 1766 1675 1794 Naziauzmm
1687 1775 1778 1795 curam
1788 1769 1864 1804 gerit.

1175 1811 1256 1839 Auno
1276 1812 1329 1839 582
1343 1813 1454 1839 circiter
1473 1819 1601 1846 exeunte,
1620 1815 1776 1850 rogantibus
1793 1816 1926 1850 episcopis

1140 1860 1168 1882 et
1179 1857 1303 1884 universo
1319 1857 1426 1892 popttlo,
1440 1858 1543 1892 pusillis
1555 1866 1585 1885 ac
1598 1859 1701 1893 magnis
1717 1860 1926 1888 vociferantibus

1140 1907 1168 1929 et
1183 1902 1399 1936 obsecrantibus,
1414 1908 1444 1930 ttt
1458 1908 1598 1938 assmupto
1609 1904 1733 1932 Ecclesiic
1751 1906 1926 1934 Nazianzenus

1141 1947 1216 1975 clavo
1231 1956 1290 1975 eam
1307 1948 1339 1976 ab
1357 1949 1505 1976 imminenti
1523 1957 1643 1977 servaret
1666 1951 1813 1986 naufragio,
1834 1954 1925 1980 cessit.

1143 2002 1154 2019 1
1175 1993 1239 2021 Tua:
1269 1995 1374 2029 pietati,
1402 2004 1411 2021 ι
1440 1995 1528 2030 inquit
1553 1996 1700 2031 Gregorius
1723 1997 1772 2032 (g),
1797 1999 1866 2026 datis
1895 2000 1926 2026 ad

1140 2038 1316 2074 anpltorimu
1337 2041 1526 2068 Colonieuseui
1553 2042 1661 2076 litteris,
1683 2053 1693 2069 ‹
1718 2044 1769 2070 ltoe
1789 2045 1926 2078 denuntio,

1141 2093 1191 2113 nos
1213 2093 1309 2113 manus
1331 2087 1395 2114 dare
1413 2092 1440 2114 et
1463 2088 1570 2119 cedere,
1587 2093 1668 2123 atque
1683 2089 1810 2117 Ecclesia:
1824 2098 1926 2124 curaui,

1142 2130 1197 2158 Deo
1222 2132 1310 2163 dante,
1338 2138 1511 2167 suscepturus
1535 2141 1605 2166 esse,
1632 2135 1851 2170 quandoquidem
1879 2138 1928 2165 hoc

1141 2177 1314 2210 contenditis,
1339 2185 1371 2206 ac
1393 2180 1546 2213 priescrtim
1563 2186 1675 2215 urgente
1691 2182 1741 2208 hac
1757 2188 1926 2216 tempestate,

1104 2234 1127 2263 υ
1142 2228 1250 2257 propter
1263 2223 1458 2257 imminentem,
1476 2231 1504 2252 tit
1517 2226 1574 2261 ipse
1589 2226 1696 2258 scribis,
1712 2228 1925 2256 adversariorum

1141 2269 1336 2301 incursionem,
1352 2269 1507 2305 liumileque
1521 2272 1571 2298 lioc
1589 2279 1685 2306 corpus
1701 2271 1755 2300 Deo
1775 2275 1928 2300 cottttnoda-

1143 2319 1215 2341 turos
1235 2321 1317 2348 esse,
1340 2316 1458 2349 quaitdiu
1484 2316 1600 2349 durabit,
1620 2318 1745 2353 viresque
1767 2325 1868 2347 nostra:
1890 2320 1927 2347 fe-

1141 2363 1210 2391 rent,
1229 2368 1239 2385 ι
1252 2365 1304 2386 etc.
1323 2359 1384 2386 lltec
1396 2362 1487 2392 verba,
1502 2370 1513 2389 ι
1531 2363 1648 2396 qttandiu
1672 2365 1788 2398 durabit,
1803 2366 1926 2400 viresque

1141 2401 1238 2434 ferent,
1255 2413 1264 2428 i
1279 2404 1345 2430 satis
1359 2405 1481 2432 evincent
1495 2406 1634 2441 epistolam
1647 2417 1699 2434 noti
1711 2410 1744 2435 ad
1755 2411 1925 2444 animum“,

1140 2453 1169 2474 ut
1186 2448 1242 2474 vult
1255 2448 1453 2483 Tilletttoutius,
1472 2459 1532 2478 esse
1554 2454 1735 2486 referendam,
1756 2463 1809 2489 quo
1823 2456 1926 2491 Greguo

1139 2493 1196 2520 rius
1227 2494 1355 2521 defuncto
1385 2502 1462 2530 patre
1489 2497 1615 2525 Ecclesiae
1641 2499 1819 2528 Nazianzena:
1847 2511 1858 2527 ε
1880 2511 1925 2529 cu-

1137 2545 1196 2564 ram
1215 2537 1331 2572 aliquam
1349 2540 1444 2575 gessit;
1465 2551 1474 2567 ι
1495 2542 1627 2577 siquidem
1641 2548 1704 2572 tunc
1725 2548 1854 2580 temporis
1869 2556 1920 2575 timt

1138 2583 1273 2617 pollicitus
1299 2584 1385 2612 fuerat
1410 2585 1537 2614 Naziauzi
1567 2595 1597 2615 sc
1622 2597 1778 2618 mansurum
1803 2594 1921 2626 quandtu

1140 2628 1212 2655 vires
1227 2629 1340 2663 I'crrent,
1359 2631 1408 2664 sed
1427 2636 1529 2660 tantuut
1541 2633 1626 2663 donec
1637 2636 1779 2672 episcopus
1794 2638 1864 2666 alter
1876 2639 1924 2666 eli-

1141 2681 1172 2709 ge
1176 2679 1232 2702 retu
1237 2683 1260 2703 r.

1229 2762 1315 2802 Epist.
1329 2763 1364 2792 al.
1379 2765 1425 2794 77.

1176 2798 1216 2867 iii
1334 2833 1394 2869 158,
1412 2835 1447 2863 al.
1461 2835 1504 2870 ti,
1516 2836 1651 2873 Βσερονὶο.
