2055 3130
188 181 240 210 235

845 180 927 210 VITA
947 180 975 209 S.
997 180 1172 208 GREGOllll.

1762 181 1815 208 25s

221 237 358 267 CLXVlll.
382 238 499 266 Patriam
520 240 551 265 ab
578 240 676 271 ingenti
705 238 819 275 pericula
844 239 939 267 liberal
990 244 1012 271 Α
1028 243 1078 264 cst.
1095 238 1184 272 Quare
1195 236 1281 264 coacti
1293 241 1354 264 sunt
1369 237 1486 273 episcopi
1503 237 1629 265 Ecclesim
1640 236 1817 265 Nazianzenus

502 274 653 310 Gregorius.

221 327 299 355 Circa
310 328 379 355 idem
392 333 495 362 tmnpus
506 328 691 358 Nazianzenos
699 330 772 358 cives
781 331 816 359 ab
824 331 923 366 ingenti
933 339 977 367 pe-

187 372 281 405 riculo,
291 378 371 408 alque
382 374 473 402 urbem
492 376 575 410 ipsam
587 376 621 403 ab
633 376 739 404 excidio
751 377 883 410 liberavit,
895 385 976 412 quam

187 419 245 447 solo
259 428 288 447 se
301 425 468 455 aequaturum
483 421 636 449 minabatur
647 421 822 457 Cappadociae
833 423 976 457 praefectus

189 464 215 491 in
224 464 350 492 ultionem
362 465 515 499 gravissimi
528 466 668 496 facinoris.
680 476 689 493 ι
705 467 799 496 Audax
809 467 924 500 facinus,
940 469 976 495 la-

189 513 261 536 tetur
286 510 500 546 Grcgoriusia),
524 520 616 539 verum
644 520 812 549 nequaquam
828 522 974 542 ncommo-

189 555 216 582 ni
238 555 360 589 consilio,
373 557 419 583 sed
436 564 449 583 a
464 559 609 586 temerario
623 561 806 593 quorumdam
821 561 976 588 adolescen-

188 597 244 628 ιιιιή
262 601 361 636 impetu
377 603 538 637 proiectum.
560 613 569 629 ι
587 604 626 632 0b
639 606 786 641 irrogalum
805 606 896 634 forsan
912 615 974 642 gra-

189 646 247 673 vius
261 647 392 681 quoddam
406 649 545 680 tributnm,
557 654 664 678 ventum
680 657 740 678 erat
753 652 786 679 ad
797 653 972 686 seditionem;

190 693 306 726 protervi
323 694 431 728 quidam
448 694 571 728 juvenes,
597 697 696 724 violato
716 697 831 726 Cazsaris
851 699 973 732 decreto,

188 741 268 766 etiam
282 741 416 769 hominem
428 742 593 771 occiderant.
607 744 710 772 Interea
722 745 869 781 Gregorius
881 747 975 774 morbo

188 785 323 819 laborans,
342 795 403 814 cum
419 789 494 817 adire
508 790 664 824 przel'ectum
685 800 737 819 non
755 798 856 828 posset,
870 793 974 823 litteras

189 832 307 866 scripsit,
324 837 353 860 ut
365 831 427 861 eum
439 835 471 862 ad
481 836 692 864 misericordiam
702 838 830 867 ﬂecteret.
846 839 892 867 His
904 840 975 868 litte-

190 878 226 904 ris
239 883 320 913 atque
331 880 456 913 precibus
481 881 604 917 Gregorii
623 884 734 912 liberata
751 890 792 914 est
806 886 911 914 civitas.
937 887 972 914 Ea

1027 289 1163 318 pastorem
1179 284 1254 318 dare,
1267 288 1295 310 et
1307 283 1437 314 Eulalius.
1452 284 1494 310 vir
1509 283 1624 318 insignis
1641 284 1817 318 pictate,epi-

1027 336 1124 363 scopus
1136 333 1243 356 creatus
1256 333 1305 356 est.
1317 329 1375 362 Quo
1383 329 1518 361 ordinato,
1529 329 1613 357 falsus
1625 330 1818 358 rumorincre-

1027 373 1084 400 huit
1097 373 1256 408 Gregorium
1270 373 1440 401 Nazianzena
1462 374 1525 401 sede
1541 375 1674 408 privatum
1687 374 1770 402 fuisse
1783 376 1817 403 ab

1027 418 1146 447 Helladio
1159 419 1337 454 Caesariensi;
1353 428 1405 455 qua
1424 419 1556 448 calumnia
1568 420 1818 454 llelladium,c:ete-

1027 472 1125 499 rosque
1131 465 1270 500 episcopos
1278 465 1323 500 qui
1333 465 1464 493 Eulalium
1471 465 1673 499 ordinaverant,
1681 467 1816 501 liberavit,

1026 516 1073 536 eos
1083 510 1108 536 in
1119 510 1232 544 epistola
1246 511 1280 537 ad
1292 510 1452 544 Gregorium
1465 509 1616 546 Nyssenum
1625 518 1759 539 excusans
1769 512 1816 547 (e),

1027 555 1160 590 simulque
1175 556 1360 584 denuntiando
1373 564 1402 584 se
1412 564 1549 592 nunquam
1561 557 1689 585 Ecclesiae
1704 557 1807 586 Nazian

1028 608 1100 629 senae
1112 608 1235 629 creatum
1249 602 1333 630 fuisse
1349 602 1515 639 episcopum.

1149 646 1253 674 CLXX.
1279 646 1338 674 Vita
1353 648 1476 683 Gregorii
1495 650 1522 677 in
1539 650 1690 679 solitudine.

1061 693 1099 720 Ex
1115 699 1148 720 eo
1171 697 1292 728 tempore
1314 693 1461 730 Gregorius
1484 696 1512 723 in
1537 704 1600 725 rure
1618 703 1743 733 paterno,
1761 699 1816 726 voti

1025 745 1137 773 compos
1147 738 1329 771 {aetiis,latuit
1343 740 1463 774 abditus,
1477 746 1612 777 totosque,
1625 749 1758 779 quotquot
1769 753 1814 773 su-

1025 783 1182 818 perfuerunt
1193 784 1254 812 vitae
1264 785 1331 817 dies,
1348 785 1479 818 traduxit;
1493 791 1584 822 atque,
1605 793 1633 815 ut
1645 797 1706 816 cum
1721 789 1817 818 Hiero-

1024 837 1106 865 nymo
1120 830 1226 865 loquar,
1239 839 1249 856 ι
1261 831 1383 859 monachi
1393 832 1474 859 vitam
1483 834 1612 861 exercuit.
1623 843 1633 861 ι
1644 835 1665 861 Α
1675 835 1815 864 mulierum

1025 876 1220 904 consul-tudine
1228 876 1268 905 sic
1277 877 1390 909 alienus,
1404 882 1433 905 ut
1442 886 1501 905 cum
1511 879 1676 915 prapinquus
1686 881 1744 916 ejus
1753 883 1815 917 qui.

188 927 331 953 omnium
343 926 462 954 habitam
478 927 562 955 fuisse
573 929 724 957 orauonem
737 938 792 958 xv”
803 939 894 960 comm
908 940 976 967 ρη-
995 919 1014 946 Β
1029 921 1100 954 dam,
1110 921 1312 950 Valentinianus
1320 924 1438 957 nomine,
1449 925 1541 952 sedem
1551 925 1577 953 in
1585 921 1681 954 vicinia
1691 934 1751 955 cum
1761 936 1818 955 mu-

189 969 259 996 ferto
271 971 305 1005 (is
321 977 380 998 erat
395 971 556 1008 Olympius),
574 982 634 1009 qum
654 975 822 1009 insciibitur,
846 977 887 1003 Ad
908 979 975 1004 cives

189 1014 373 1043 anianscttos
387 1018 545 1052 trepidantes
567 1023 593 1046 et
608 1021 744 1055 pueritiam
759 1021 866 1054 iratum,
880 1022 975 1050 existi-

132 1062 139 1072 '
189 1062 272 1088 mavit
284 1061 415 1090 Baronius
426 1062 481 1099 (b);
494 1065 541 1092 sed
557 1064 611 1092 falli
623 1066 738 1094 videtur.
754 1067 816 1094 llaec
828 1068 900 1095 enim
912 1076 975 1095 ora-

188 1107 236 1138 tio,
249 1114 308 1133 cum
327 1107 417 1135 adhuc
432 1109 553 1144 Gregorii
577 1115 655 1145 pater
681 1117 818 1146 superstes
832 1118 914 1145 esset,
928 1114 976 1141 ha-

189 1152 241 1179 bita
256 1156 299 1180 est
320 1160 328 1180 :
345 1158 475 1188 praeterea
488 1155 564 1190 culpa
580 1155 820 1188 Nazianzenorum.
834 1158 868 1186 de
883 1167 934 1194 qua
949 1161 975 1187 in

188 1199 310 1226 oratione
329 1200 427 1234 agitur,
450 1208 503 1228 non
526 1203 637 1237 perinde
651 1204 743 1239 gravis
757 1210 799 1232 est
817 1213 849 1233 ac
870 1205 926 1240 illa,
943 1207 976 1234 de

187 1250 240 1279 qua
256 1244 282 1270 in
299 1245 411 1279 epistola
428 1247 461 1273 ad
473 1247 637 1282 Olympium.

223 1288 336 1316 CLXIX.
361 1290 497 1320 Eulalium
521 1292 654 1355 Nazia‘nzi
672 1296 820 1332 episcopum
840 1299 940 1333 prwﬁet'

540 1337 602 1355 rura
617 1348 624 1355 .

540 1337 624 1356 curat.

224 1368 383 1405 Gregorium
401 1372 491 1400 tandiu
509 1373 635 1402 Nazianzi
654 1375 681 1403 in
694 1377 760 1404 urbe
780 1381 973 1415 permansisse,

190 1415 274 1444 donec
289 1417 326 1444 illi
346 1418 422 1446 lirma
437 1420 568 1448 securitas
581 1422 749 1455 redderetur,
769 1429 797 1452 et
813 1427 930 1460 optimus
941 1427 974 1454 il—

191 1461 226 1489 lic
254 1463 436 1497 praeficeretur
471 1467 595 1501 antistes,
630 1470 723 1497 scribit
755 1470 888 1500 Baronius
915 1473 973 1510 (c);

190 1507 323 1544 simulque
334 1510 422 1545 egisse
435 1512 505 1545 apud
520 1512 672 1542 Helladiutn
684 1514 815 1544 Caesarea:
831 1507 975 1553 Cappado-

190 1553 239 1580 cia;
253 1555 406 1590 episcopum
425 1558 671 1592 metropolitanum,
687 1565 716 1586 ut
733 1560 866 1589 Eulalinm
887 1564 974 1591 virum

190 1600 408 1634 probatissimum
442 1603 590 1638 praeﬁceret
620 1604 746 1634 Ecclesiae
777 1597 1009 1642 Nazianzenus,c

189 1645 252 1671 dum
265 1645 322 1680 ipse
335 1646 442 1674 interim
452 1655 587 1676 secessum
601 1650 627 1677 in
642 1651 814 1680 solitudinem
827 1654 975 1682 meditaba-

190 1695 244 1716 tur.
261 1691 326 1718 Rem
350 1693 430 1727 paulo
451 1694 530 1722 aliter
549 1696 693 1732 contigisse
714 1697 748 1725 ab
765 1699 823 1733 ipso
844 1699 975 1735 Gregorio

189 1735 328 1766 discimus.
354 1738 501 1769 Ecclesiam
526 1741 633 1775 quidem
661 1743 858 1773 Nazianzenam
882 1754 976 1782 regen-

190 1784 252 1810 dam
267 1790 432 1820 susceperat,
450 1788 568 1822 quandiu
584 1789 653 1817 vires
666 1789 785 1823 ferrent;
805 1796 833 1819 et
848 1800 908 1820 eam
923 1793 974 1820 ali-

189 1831 306 1865 quandiu
327 1832 407 1860 rexit.
427 1833 492 1861 Cum
514 1839 605 1862 autem
625 1837 702 1870 gravi
718 1837 813 1865 morbo
828 1838 972 1870 laboraret,

188 1875 259 1902 datis
271 1875 369 1904 litteris
388 1878 422 1904 ad
435 1877 605 1907 Theodorum
624 1881 645 1907 Τ
647 1888 792 1916 yanensem
813 1883 975 1918 signiﬁcavit

188 1928 217 1948 se
230 1921 323 1950 morbo
336 1922 370 1950 ab
381 1923 509 1952 Ecclesiae
523 1925 711 1960 gubernaculis
723 1928 868 1957 abductum
879 1929 972 1962 fuisse,

190 1967 293 2001 ipsique
308 1967 449 1996 Theodoro
463 1970 531 1998 hanc
549 1978 641 1998 curam
659 1973 815 2002 incumbere
837 1982 844 2002 :
862 1978 933 2009 quod
951 1977 973 2004 si

188 2021 240 2041 non
256 2015 393 2048 audiatur,
414 2017 489 2044 addit
506 2025 535 2046 se
552 2020 677 2048 omnibus
693 2021 799 2055 publice
814 2022 974 2056 praedicatu-

190 2068 259 2094 rum.
274 2062 420 2090 Ecclesiam
438 2064 507 2091 hanc
519 2070 626 2099 pastore
640 2066 761 2101 indigere
778 2068 827 2104 (d).
843 2078 852 2094 ι
867 2068 974 2096 Testili—

187 2114 235 2134 cor
245 2115 335 2136 coram
352 2109 406 2136 Deo
416 2114 442 2137 et
451 2110 544 2138 electis
555 2112 668 2146 angelis,
682 2112 728 2140 Dei
742 2120 849 2150 gregem
865 2114 972 2149 indigna

188 2155 253 2187 pati,
270 2159 299 2181 ut
309 2155 354 2188 qui
365 2157 400 2182 ob
410 2156 543 2189 perditam
563 2158 744 2186 valetudinem
759 2167 846 2186 meam
862 2167 911 2187 nec
925 2168 973 2195 pa—

185 2204 289 2232 scatur,
310 2208 358 2228 nec
374 2201 530 2230 visitetur...
544 2203 610 2231 Cum
626 2209 715 2231 autem
731 2205 817 2239 pietas
834 2210 877 2233 tua
894 2214 973 2241 supe-

186 2243 259 2271 riore
269 2244 329 2273 loco
344 2247 396 2273 sita
407 2246 453 2279 sit,
468 2248 500 2274 ad
519 2253 544 2276 te
562 2249 654 2277 oculos
665 2250 801 2284 coniectos
814 2251 911 2279 habere
928 2260 973 2279 ne-
990 2265 1010 2293 Β

185 2298 263 2319 cessa
281 2297 330 2319 est.
348 2292 495 2321 Ecclesiam
508 2298 591 2327 tuam,
608 2302 661 2329 quo
673 2301 751 2330 pacto
765 2295 812 2323 tibi
826 2297 970 2331 videbitur,

187 2345 286 2365 cura...
304 2339 380 2372 Quod
393 2339 415 2366 si
431 2340 488 2367 haec
504 2340 599 2368 dicens
615 2348 647 2369 ac
659 2341 780 2369 scribens
795 2342 907 2370 minime
923 2350 972 2370 au-

185 2383 278 2412 diar...
299 2385 470 2420 perspicuum
488 2387 597 2413 reddam
612 2387 683 2421 quod
701 2386 821 2415 Ecclesia
844 2389 970 2423 episcopo

184 2429 313 2464 indigeat.
328 2439 339 2456 ›
354 2430 431 2463 Quod
455 2431 609 2458 minabatur
637 2439 666 2460 se
689 2431 822 2460 facturum
844 2434 969 2468 praistitit

183 2474 342 2509 Gregorius,
349 2475 528 2510 gubernacula
543 2477 670 2505 Ecclesiae
678 2477 855 2506 Nazianzena:
864 2480 969 2508 abdica-

184 2520 231 2553 vit,
251 2528 300 2548 nec
316 2522 374 2556 cogi
388 2521 457 2549 ultra
476 2523 562 2557 potuit
584 2529 654 2550 utea
670 2524 828 2558 susciperet.
848 2524 969 2559 Nequid-

183 2573 264 2600 quam
287 2566 432 2602 Bosporius
452 2568 630 2603 Coloniensis,
644 2570 688 2597 cui
706 2571 821 2604 primum
836 2575 967 2603 cesserat,

185 2612 282 2638 iterum
305 2612 426 2640 hortatus
445 2618 487 2640 est
509 2619 538 2641 ut
553 2619 705 2642 remaneret
722 2616 862 2650 tantisper,
883 2616 969 2644 donec

183 2656 241 2690 ejus
253 2657 312 2685 loco
320 2659 475 2694 episcopum
489 2660 694 2688 constituissent
705 2670 712 2689 :
722 2662 857 2695 repulsam
869 2669 965 2697 passus

217 2725 242 2742 "
256 2724 275 2751 ll
290 2725 353 2753 Cor.
370 2735 419 2760 xii,
436 2727 462 2754 7.
508 2728 531 2743 "
548 2727 632 2756 lCor.
646 2736 676 2760 tt.
691 2728 718 2755 2.

219 2783 256 2820 (a)
279 2783 328 2818 Ep.
343 2785 378 2812 al.
392 2785 438 2812 1.9.

219 2823 256 2854 (ιι)
277 2821 352 2858 Aped
365 2821 430 2858 Boll.
443 2822 476 2858 tt
496 2821 566 2855 Maii,
582 2831 607 2858 p.
621 2823 683 2850 tet.

220 2859 255 2890 te)
278 2855 342 2881 Ibid.
357 2864 382 2889 p.
401 2856 463 2883 42-2.

220 2888 259 2923 (ιη
281 2888 365 2924 Epist.
382 2892 417 2917 al.
429 2892 474 2920 es.

341 2938 476 2968 l’arnoa.
500 2939 558 2969 Ga.
583 2939 712 2970 XXXV.

1026 967 1135 995 lieribns
1147 968 1292 1002 posuisset,
1305 969 1391 997 locum
1402 970 1459 1004 ipse
1471 972 1626 1004 mutaverit,
1638 972 1737 1006 scripta
1749 973 1815 1002 sub-

1027 1013 1088 1040 inde
1101 1014 1134 1040 ad
1148 1020 1208 1041 eum
1219 1014 1331 1049 epistqu
1343 1021 1505 1051 conquestus
1520 1017 1562 1044 his
1572 1018 1660 1046 verbis
1671 1019 1705 1054 (Ῑ)
1718 1028 1724 1046 :
1741 1029 1750 1045 ι
1763 1019 1816 1047 Per

1025 1065 1158 1085 summum
1171 1059 1261 1087 scelus
1274 1059 1430 1094 ejicimur...
1445 1060 1527 1089 Multo
1540 1063 1636 1091 melius
1644 1068 1713 1098 erat,
1725 1065 1813 1093 tabula

1026 1103 1130 1138 publice
1143 1105 1290 1140 proposita,
1307 1105 1385 1134 nobis
1395 1109 1577 1137 secessionem
1590 1110 1722 1146 indicere,
1734 1119 1814 1146 quam

1025 1158 1073 1184 per
1085 1151 1222 1184 mulieres,
1234 1160 1301 1187 quas
1314 1160 1329 1180 e
1342 1154 1451 1188 regione
1464 1160 1554 1183 nostra
1569 1157 1743 1186 collocasli...
1756 1158 1814 1186 Nisi

1027 1196 1075 1224 hoc
1086 1196 1159 1224 dictu
1168 1198 1255 1225 audax
1266 1203 1318 1232 est,
1331 1206 1380 1227 nos
1391 1207 1498 1235 quoque
1514 1209 1562 1236 per
1579 1202 1660 1230 Eram
1675 1211 1691 1231 e
1707 1204 1815 1239 paradi-

1025 1249 1055 1270 so
1069 1243 1205 1278 expulisti.
1229 1253 1239 1271 ι
1259 1244 1305 1272 Sic
1323 1246 1374 1273 sibi
1390 1247 1450 1282 fuga
1469 1249 1628 1277 consulebat
1655 1249 1812 1285 Gregorius.

1025 1296 1078 1316 non
1096 1295 1199 1318 tantum
1222 1296 1250 1319 ut
1262 1292 1298 1320 ab
1315 1293 1400 1320 oculis
1411 1300 1563 1322 removeret
1577 1295 1754 1330 scandalum;
1770 1305 1816 1323 ve-

1025 1341 1085 1361 rum
1104 1335 1186 1362 etiam
1204 1344 1237 1364 ne
1251 1338 1374 1367 stimulus
1393 1341 1493 1373 carnis,
1510 1341 1622 1375 angelus
1639 1341 1747 1370 Satanas
1767 1346 1814 1379 qui

1025 1379 1075 1414 ipsi
1091 1381 1168 1408 datus
1183 1382 1271 1410 fuerat
1287 1384 1319 1417 ⁷⁸,
1336 1384 1416 1412 letale
1441 1386 1536 1414 vulnus
1555 1386 1699 1422 inﬂigeret.
1717 1389 1813 1417 Mirum

1027 1434 1094 1455 sane
1110 1429 1183 1463 quod
1205 1429 1286 1457 homo
1311 1432 1478 1465 gravissimis
1498 1432 1626 1468 fatigatus
1644 1436 1774 1470 angustiis
1788 1442 1816 1463 et

1025 1474 1165 1507 arumnis,
1181 1475 1258 1503 senio
1270 1476 1422 1511 confectus,
1437 1478 1532 1507 morbo
1552 1479 1689 1515 laborans,
1711 1481 1738 1510 in
1753 1489 1813 1510 ere-

1026 1526 1070 1547 mo
1086 1521 1248 1555 consistens,
1274 1530 1385 1552 carnem
1406 1525 1543 1553 continuis
1566 1526 1680 1556 domans
1703 1527 1814 1563 ieiuniis

1026 1574 1058 1593 ac
1074 1566 1183 1601 vigiliis,
1199 1576 1261 1595 eum
1278 1569 1373 1603 spiritu
1392 1570 1580 1600 fornicationis
1602 1580 1698 1603 manus
1715 1582 1814 1603 conse—

1027 1618 1087 1638 rere
1100 1611 1183 1639 l'uerit
1200 1618 1325 1645 coactus:
1341 1615 1393 1650 ipxi
1409 1621 1499 1644 tamen
1522 1617 1587 1646 ﬁdes
1604 1619 1738 1653 habenda,
1752 1627 1814 1648 cum

1026 1656 1079 1684 hoc
1096 1657 1192 1686 iterum
1210 1664 1291 1694 atque
1313 1661 1410 1689 iterum
1429 1662 1526 1699 lugens
1541 1664 1710 1698 proﬁteatur.
1731 1675 1740 1694 I
1761 1667 1816 1696 Fu-

1027 1701 1140 1730 ribunda
1166 1705 1264 1732 robore
1293 1708 1370 1734 saevit
1392 1715 1474 1742 caro,
1502 1709 1589 1744 inquit
1612 1711 1662 1745 (g),
1686 1719 1738 1741 nec
1765 1721 1814 1741 ms-

1026 1756 1107 1783 quam
1129 1757 1143 1777 a
1171 1750 1241 1778 bello
1266 1752 1416 1786 quiescit...
1435 1754 1617 1786 Quamobrem
1637 1757 1664 1784 in
1686 1758 1760 1786 luctu
1787 1766 1815 1789 et

1027 1795 1153 1829 squalore
1193 1803 1298 1830 versor,
1327 1798 1520 1834 celestemqne
1540 1801 1614 1829 Illum
1635 1802 1745 1838 Regem,
1767 1806 1814 1840 qui

1025 1840 1115 1867 omnia
1133 1841 1249 1876 imperio
1268 1847 1350 1876 tenet,
1370 1844 1484 1879 supplex
1499 1845 1634 1879 obtestor.
1651 1852 1679 1875 ut
1692 1850 1814 1884 corporis

1025 1885 1175 1921 animmque
1186 1888 1399 1915 controversiam
1412 1889 1555 1924 disceptet,
1571 1890 1723 1927 bellumque
1738 1901 1812 1921 com-

1024 1930 1133 1964 primat.
1150 1940 1159 1956 ι
1178 1930 1244 1958 Duni
1263 1932 1324 1960 belli
1345 1933 1426 1968 hujus
1444 1935 1548 1962 exitum
1567 1943 1676 1971 semper
1696 1937 1813 1967 timeret.

1025 1983 1077 2002 non
1106 1976 1170 2004 solis
1191 1978 1338 2011 gemitibus
1356 1980 1457 2007 amoris
1478 1980 1627 2015 Christum,
1654 1987 1683 2011 ut
1706 1985 1815 2012 sedaret

1025 2026 1212 2057 tempestatem
1230 2024 1388 2059 hostemque
1401 2026 1557 2060 depelleret,
1570 2028 1702 2062 urgebat:
1720 2039 1729 2055 ι
1747 2030 1813 2058 Pcr-

1024 2067 1153 2100 niciosos,
1166 2068 1264 2103 inquit,
1280 2070 1378 2100 ﬂuctus
1389 2073 1581 2107 extimescens,
1594 2076 1680 2103 ventri
1695 2076 1812 2107 claustra

1025 2112 1144 2147 impono,
1161 2116 1282 2143 animum
1294 2124 1412 2146 mterore
1420 2119 1545 2153 conﬁcio,
1562 2121 1743 2156 lacrymarum
1757 2124 1811 2152 vim

1023 2158 1143 2193 ell'undo,
1160 2164 1327 2197 sempiterno
1341 2164 1407 2199 Regi
1422 2165 1561 2194 debilitata
1575 2176 1663 2202 genua
1679 2168 1765 2202 ﬂecto,
1784 2176 1812 2198 et

1022 2206 1178 2234 sordidatus
1207 2208 1311 2236 inecdo.
1331 2218 1340 2235 ι
1360 2210 1459 2238 Eodem
1483 2211 1567 2239 animi
1592 2214 1690 2242 ardore
1714 2215 1811 2243 beatus

1024 2259 1119 2284 senex,
1141 2254 1209 2280 nihil
1233 2255 1321 2283 sciens
1347 2256 1398 2283 nisi
1413 2257 1562 2289 Christum.
1577 2263 1605 2286 et
1621 2261 1690 2288 hunc
1701 2262 1812 2289 crucill-

1024 2305 1089 2325 xum
1102 2299 1136 2332 ⁷⁵,
1159 2307 1257 2327 novum
1275 2301 1325 2328 sibi
1347 2302 1562 2331 mortiﬁcatioois
1590 2313 1676 2340 genus
1698 2308 1809 2336 invenit.

1024 2342 1116 2372 Etate
1143 2346 1234 2380 gravis
1261 2346 1417 2382 fractusque
1438 2350 1543 2383 morbo,
1561 2351 1662 2386 aliquid
1687 2352 1722 2380 de
1750 2354 1810 2382 vita:

1023 2389 1185 2418 austeritate
1200 2392 1342 2419 remiserat
1356 2393 1419 2420 licet
1429 2394 1530 2423 invitus
1546 2404 1553 2421 :
1573 2401 1603 2424 ut
1613 2402 1702 2425 autem
1715 2401 1810 2434 mysti-

1023 2442 1084 2463 cum
1100 2443 1207 2472 semper
1226 2445 1287 2465 cum
1303 2438 1411 2466 Christo
1425 2441 1589 2470 sacriﬁcium
1603 2449 1695 2478 ageret
1708 2448 1734 2472 et
1747 2445 1809 2473 huic

1022 2481 1121 2508 mundo
1134 2481 1234 2516 jugiter
1246 2489 1416 2518 moreretur;
1433 2491 1462 2512 ut
1473 2487 1529 2514 oris
1544 2488 1642 2516 delicta
1659 2497 1808 2525 senumque

1019 2526 1155 2560 pecuiiare
1175 2528 1279 2559 vitium,
1309 2532 1353 2565 qui
1376 2532 1538 2567 quandoque
1565 2533 1676 2562 nimium
1693 2535 1809 2570 loquun-

1022 2576 1074 2602 tur,
1090 2578 1226 2606 purgaret,
1243 2575 1401 2603 continuum
1415 2576 1551 2604 silentium
1572 2582 1627 2606 toto
1649 2579 1808 2615 Quadi:th

1020 2616 1096 2644 sinite
1116 2622 1235 2652 tempore
1249 2619 1301 2646 sibi
1321 2620 1472 2655 imperavit.
1490 2632 1498 2648 I
1517 2622 1563 2651 Sic
1578 2632 1636 2658 ego.
1652 2625 1738 2660 inquit
1756 2628 1806 2661 (It).

1018 2664 1165 2698 praecipitis
1188 2666 1322 2694 sermonis
1343 2668 1472 2702 impetum
1491 2670 1661 2704 conspiciens
1673 2672 1807 2700 eamdem

1059 2791 1095 2826 (ε)
1116 2791 1163 2826 Ep.
1177 2793 1211 2818 al.
1225 2793 1270 2821 42.

1056 2827 1089 2860 in
1111 2827 1158 2860 lip.
1177 2828 1211 2853 ιιι.
1232 2829 1295 2856 196.

1056 2863 1093 2895 (g)
1114 2862 1203 2889 Curtii.
1225 2864 1261 2890 De
1273 2865 1466 2894 calamitatibus
1479 2867 1544 2895 suis.

1056 2901 1094 2931 tu)
1108 2898 1195 2924 Cartii.
1214 2898 1259 2925 55.
