2055 3130
240 171 292 198 9.735

890 169 971 196 VlTA
992 169 1020 196 S.
1041 167 1213 197 GREGORil.

1807 171 1860 199 236

241 229 348 256 modum
368 233 395 255 et
418 228 570 262 regulam...
590 226 679 254 inveni
702 227 833 261 optimum
856 228 1022 261 remedium;
1037 232 1060 260 Α
1076 229 1153 256 [idem
1168 229 1297 256 adversus
1311 229 1450 256 ntereticos
1461 233 1507 256 aut
1517 228 1635 256 defendit
1647 230 1715 264 ipse,
1727 233 1772 258 aut
1783 231 1858 264 alios,

240 274 343 302 scilicet
356 275 537 309 comprimens
553 277 637 300 totum
649 280 801 300 sermonem
815 274 922 301 excelso
938 278 1025 309 pecto-

241 328 280 354 re,
293 326 321 347 ut
336 321 421 348 discat
436 321 526 354 lingua
539 326 599 354 qua:
611 319 722 346 dicenda
735 323 762 346 et
773 326 833 354 qua:
844 327 896 347 non
912 320 1023 348 dicenda

239 368 293 396 sint
308 368 471 394 discernere.
489 376 497 392 ι

240 411 355 439 CLXXI.
385 411 509 438 Nectario
542 410 631 437 scribit
655 410 777 438 adversus
807 411 1023 444 Apollinarium.

276 456 331 483 lloc
352 456 480 490 temporis
505 460 603 487 tractu,
626 456 745 483 haeretici
769 462 849 491 caput
871 456 1025 484 extulerunt

241 500 267 527 in
282 501 348 528 urbe
365 501 447 534 regia,
466 500 533 526 adeo
552 504 581 526 ut
596 499 681 526 libere
694 505 843 528 conventus
856 505 977 535 agerent,
998 506 1025 528 et

240 547 364 581 dogmata
379 554 426 573 sua
442 546 630 580 prtedicarent.
651 545 704 572 Alii
722 545 830 579 quidem
844 545 901 572 sola
917 546 1024 580 episco—

239 599 334 626 porum
364 595 409 618 aut
437 591 625 626 praefectorum
658 591 799 618 tolerantia
831 591 856 617 id
890 591 1022 625 agebant;

239 637 435 672 Apollinarista:
452 645 526 670 vero,
546 638 625 664 tacita
644 637 685 664 vel
707 644 834 671 expressa
848 637 966 671 licentia,
983 645 1024 665 se-

239 683 311 717 ipsos
327 683 484 711 orthodoxis
507 684 684 718 aequiparare,
712 687 739 710 et
762 684 855 710 eadem
878 691 938 710 cum
960 683 1025 718 ipsis

239 728 364 756 libertate
380 729 431 756 frui
446 729 611 756 sinebantur.
628 729 731 761 Quibus
754 729 853 756 auditis
866 728 1022 764 Gregorius,

238 775 371 806 Nectario,
387 783 465 810 quem
484 776 509 802 in
525 783 554 802 se
568 775 726 802 benevolum
741 774 796 808 jam
815 780 942 810 expertus
955 780 1023 809 erat,

238 821 378 855 epistolam
392 821 509 855 scripsit,
525 828 586 856 qua:
599 821 670 848 inter
681 820 819 848 orationes
834 828 947 848 numero
963 829 1022 848 xcv:

238 867 445 898 censebatur,et
462 867 494 894 de
508 874 637 894 concessa
648 866 845 901 Apollinaristis
859 866 966 894 licentia
980 874 1023 893 ve-

238 913 441 940 hementissime
460 918 620 947 conquestus
640 917 680 940 est
703 921 710 938 ε

237 959 309 994 quit,
325 967 358 986 ex
375 958 500 986 omnibus
520 958 710 985 ecclesiasticis
734 956 932 984 calamitatibus
948 964 1023 983 acer-

238 1005 391 1037 bissimum,
407 1004 656 1039 Apollinaristarum
668 1003 774 1030 licentia
790 1007 841 1034 est,
862 1002 933 1036 quod
950 1002 1021 1029 haud

238 1050 296 1078 seio
311 1051 445 1084 quomodo
461 1050 546 1084 pietas
563 1053 607 1076 tua
630 1053 808 1076 conventuum
829 1055 906 1083 aeque
923 1055 955 1075 ac
973 1055 1022 1075 nos

239 1096 421 1123 habendorum
435 1095 621 1122 auctoritatem
635 1094 686 1121 sibi
698 1100 841 1128 arrogasse
853 1097 934 1126 atque
945 1099 1022 1119 usur-

238 1149 317 1177 passe
332 1149 410 1177 passa
427 1141 517 1168 fuerit.
536 1150 545 1166 ι
559 1140 704 1168 llaereticos
720 1140 790 1172 illos,
807 1146 926 1166 errorem
944 1144 1021 1165 suum

237 1188 407 1218 occultando,
423 1187 547 1214 Nectario
563 1186 651 1213 fucum
663 1185 760 1213 fecisse
774 1185 932 1218 conjicimus
945 1191 976 1211 ex
989 1191 1022 1210 eo

237 1234 308 1268 quod
325 1233 469 1266 Gregorius
493 1232 594 1260 claratn
616 1232 770 1265 dogmatum
787 1231 894 1257 illorum
913 1229 1020 1264 exposi-

239 1281 338 1308 tionem
365 1279 485 1315 epistolte
504 1286 560 1306 suae
583 1278 753 1305 inserendam
783 1276 944 1309 crediderit;
978 1274 1020 1302 cui

237 1326 399 1361 expositioni
419 1326 471 1353 ista
489 1325 624 1359 subiunxit
640 1331 646 1350 :
664 1333 673 1349 ι
694 1323 722 1350 Si
736 1323 798 1355 illis,
823 1327 889 1350 utet
904 1323 946 1356 pie
963 1328 1021 1348 sen-

238 1373 366 1400 tientibus
377 1371 525 1406 (nimirum,
539 1374 630 1404 utpote
646 1370 690 1403 qui
707 1369 749 1403 pie
762 1368 901 1403 sentiant),
917 1375 948 1394 ea
961 1374 1020 1401 qua:

238 1417 359 1444 sentiunt
379 1417 476 1443 docere
496 1415 631 1448 libereque
650 1413 821 1448 promulgare
843 1412 1018 1447 permittitur,

237 1462 300 1497 quis
311 1469 363 1489 non
377 1461 449 1488 videt
461 1459 588 1488 Ecclesiae
601 1459 751 1486 doctrinam
766 1458 948 1489 condemnari,
963 1465 1020 1492 per.

238 1509 302 1535 inde
318 1515 349 1534 ac
361 1507 474 1533 veritate
490 1506 524 1533 ab
540 1505 643 1532 illorum
666 1504 786 1539 partibus
803 1503 906 1531 stante?
927 1502 1020 1538 Neque

239 1554 310 1582 enim
327 1560 417 1580 rerum
436 1556 532 1579 natura
552 1550 603 1578 fert
627 1549 696 1577 duas
710 1549 743 1577 de
757 1550 851 1577 eadem
866 1556 896 1576 re
910 1554 1018 1576 contra-

238 1600 294 1628 rias
310 1598 447 1626 doctrinas
458 1604 535 1624 veras
547 1604 616 1624 esse.
636 1606 645 1622 ι
658 1595 717 1622 Non
735 1603 767 1623 ex
782 1602 815 1623 eo
832 1599 935 1622 tantum
950 1594 1019 1629 quod
1033 1589 1056 1620 C

238 1646 396 1676 tolerentur,
409 1646 456 1671 sed
472 1651 504 1671 ex
521 1650 553 1670 eo
563 1643 633 1677 quod
650 1642 693 1676 pie
704 1641 853 1669 sentientes
864 1640 1018 1675 judicentur

238 1692 447 1727 Apollinaristae,
460 1689 595 1717 concludit
609 1687 756 1723 Gregorius
778 1687 903 1714 Ecclesiae
920 1686 1019 1714 doctri-

238 1746 301 1765 nam
327 1735 511 1765 condemnari.
539 1735 595 1768 Qua
612 1733 719 1768 quidem
750 1733 938 1760 observatione
959 1731 1018 1758 falsi

237 1783 415 1815 convincitur,
433 1782 504 1816 quod
521 1780 697 1807 Barbeiracus
711 1779 737 1805 in
759 1778 810 1806 hoc
826 1778 912 1805 sancti
928 1777 1020 1805 docto-

237 1831 275 1858 ris
287 1828 457 1857 ratiocinium
470 1825 590 1861 protulit.

272 1876 347 1903 Alias
370 1874 404 1900 ad
423 1872 575 1900 Nectarium
591 1871 694 1897 litteras
716 1869 788 1897 dedit
806 1868 949 1904 Gregorius
971 1876 1019 1903 pro

237 1921 366 1956 Bosporio
381 1920 505 1954 episcopo
517 1916 681 1949 Coloniensi,
693 1916 726 1942 de
741 1915 878 1942 erroribus
896 1915 968 1942 circa
989 1914 1019 1940 li-

238 1970 309 2001 dem,
321 1975 352 1994 ac
361 1966 394 1993 de
406 1964 526 1992 infractis
536 1964 683 1991 cauonibus
693 1962 854 1989 insimulato.
868 1960 1018 1988 Verendum

238 2019 307 2045 erat,
322 2021 353 2039 ne
369 2010 520 2045 hujusmodi
533 2016 612 2036 causa
624 2009 650 2036 in
667 2007 772 2042 publico
785 2006 909 2041 prastorio
925 2012 1018 2041 agere-

237 2062 301 2088 tttr;
315 2056 384 2090 quod
396 2062 428 2082 ne
441 2055 525 2085 fieret,
539 2053 635 2080 obnixe
653 2052 757 2086 rogavit
770 2051 916 2085 Gregorius
935 2060 942 2077 :
963 2059 972 2076 t
986 2049 1019 2077 ll-

237 2103 282 2129 lud
299 2107 399 2132 autem,
418 2099 505 2134 inquit
517 2098 568 2134 (α),
589 2097 699 2124 minime
717 2097 857 2124 ferendutn
874 2102 926 2124 tute
943 2104 1020 2124 reve-

238 2149 331 2176 rentiae
361 2148 495 2177 videatur,
526 2144 595 2179 quod
619 2148 710 2170 nostra
743 2142 855 2177 publicis
886 2142 1019 2177 praetoriis

239 2195 427 2222 traducantur.
442 2190 508 2218 Nam
524 2188 630 2216 tametsi
648 2193 709 2215 sunt
727 2187 885 2219 Christiani,
905 2192 933 2214 ut
946 2192 1020 2214 certe

237 2240 285 2267 Dei
300 2238 464 2272 benignitate
478 2240 550 2267 sunt,
566 2233 699 2269 ejusmodi
718 2231 1017 2265 negotiorumjudices:

237 2285 301 2320 quid
317 2289 459 2311 commune
483 2281 569 2316 gladio
593 2285 620 2307 et
645 2279 768 2313 spiritui?
791 2277 867 2310 Quod
894 2278 916 2304 si
938 2279 1019 2305 etiam

237 2329 460 2360 concesserimus,
476 2325 610 2360 quomodo
623 2329 669 2351 aut
680 2325 787 2351 ubinam
800 2324 912 2358 justum,
927 2324 1020 2358 dispu-

238 2377 366 2403 tationem
382 2375 415 2401 de
430 2373 482 2400 [ide
491 2380 551 2400 cum
567 2371 626 2399 aliis
637 2369 827 2398 controversiis
839 2369 993 2404 implicari?
1007 2379 1016 2396 ι

236 2432 365 2461 CLXXII.
390 2430 538 2458 Scribendis
564 2428 677 2462 epistolis
699 2432 723 2454 et
739 2427 880 2454 condendis
903 2425 1019 2454 versibus

329 2480 338 2489 ο
552 2468 703 2497 occupatur.

241 2520 243 2522 '
262 2515 320 2541 -Sic
336 2512 492 2547 Gregorius,
514 2514 573 2544 post
592 2509 742 2535 abdicatam
759 2507 886 2535 Ecclesiae
905 2507 1020 2534 Nazian-

238 2570 311 2590 zenae
323 2568 426 2592 curam,
449 2558 486 2585 nil
504 2557 594 2584 minus
610 2556 715 2583 decoris
728 2556 824 2582 domus
841 2556 886 2582 Dei
904 2555 1021 2589 ﬂagrans

237 2608 380 2641 desiderio,
397 2604 536 2634 catholicis
555 2602 715 2630 utilitatibus
739 2607 809 2629 totus
828 2601 1019 2632 incumbebat;

236 2664 286 2683 nec
307 2655 422 2682 inertem
449 2651 475 2678 in
499 2649 642 2678 solitudine
666 2649 748 2674 vitam
772 2647 843 2674 illius
859 2647 942 2674 fuisse
954 2647 1020 2674 satis

236 2705 370 2729 testantur
389 2703 429 2726 tot
442 2696 575 2728 carmina,
593 2700 706 2729 quorum
722 2700 785 2728 pars
800 2693 916 2719 maxima
932 2693 966 2719 ab
988 2699 1020 2718 eo

236 2753 300 2774 tunc
314 2747 419 2773 condita
438 2748 517 2776 sunt;
538 2745 578 2769 tot
593 2739 723 2775 epistolte,
746 2738 843 2774 quibus
861 2738 1020 2765 innocentia:

237 2793 364 2820 adversus
380 2795 555 2825 oppressores
576 2785 754 2821 patrocinium
772 2784 903 2819 suscipit;
921 2784 1018 2819 quibus

271 2889 308 2918 (al
329 2889 377 2917 Et).
396 2888 431 2916 εξ.
446 2886 506 2914 227.

1078 280 1106 302 ut
1122 273 1277 306 defendant,
1297 274 1429 301 hortatur.
1446 274 1511 307 Quae
1528 274 1635 309 quidem
1652 281 1746 302 onmes
1761 275 1861 310 episto-

1077 321 1108 348 lte
1122 324 1280 355 argumento
1295 324 1368 353 sunt,
1395 324 1525 355 quantum
1550 320 1576 346 in
1600 327 1633 346 eo
1653 320 1714 347 fidei
1742 321 1860 348 studium

1075 365 1167 398 fuerit,
1182 369 1281 400 quanta
1296 365 1448 393 sollicitudo
1463 365 1535 392 circa
1554 371 1597 392 res
1620 364 1757 398 Ecclesiae,
1775 374 1861 401 quan-

1077 417 1119 438 tus
1136 419 1212 438 amor
1225 410 1354 446 proximi,
1369 415 1498 445 quantum
1513 410 1586 445 pacis
1603 411 1731 444 studium,
1745 415 1798 438 etc.

1110 457 1232 491 Longum
1246 460 1317 483 esset
1331 456 1387 482 haec
1402 463 1449 491 per
1460 455 1562 490 singula
1587 463 1734 488 enarrare;
1757 456 1803 482 sed
1823 456 1861 483 si-

1075 503 1157 530 lentio
1183 501 1388 536 praetermittere
1411 501 1485 528 nefas
1514 501 1584 535 quod
1613 507 1722 528 sanctus
1743 502 1858 534 pontifex

1074 548 1139 583 egit,
1154 547 1233 576 saluti
1246 547 1394 574 animarum
1406 554 1514 582 semper
1527 547 1655 578 intentus,
1669 552 1696 572 ιιι
1707 545 1859 574 Nemesium

1074 595 1107 622 ad
1122 594 1259 622 Christum
1274 593 1402 620 alliceret.
1415 591 1464 619 Vir
1478 598 1536 619 erat
1550 592 1621 619 omni
1636 591 1738 619 liberali
1751 592 1857 619 doctri-

1075 648 1107 668 na
1124 640 1310 675 politissimus.
1326 646 1437 667 summae
1456 638 1628 673 eloquentite,
1644 643 1671 665 et
1693 639 1719 665 in
1744 639 1802 665 foro
1819 646 1860 666 ce-

1074 685 1208 713 leberrimi
1230 686 1356 712 nominis.
1377 684 1436 712 Mox
1465 684 1576 712 illustris
1603 685 1700 715 factus,
1721 684 1860 719 Cappado-

1074 733 1122 760 ciae
1137 732 1324 766 przefecturam
1340 731 1455 766 primum
1468 731 1593 764 obtinuit,
1605 727 1632 757 et
1651 731 1752 765 integra
1767 736 1857 757 tuente

1074 784 1223 812 magnaque
1242 777 1392 803 reverentia
1422 783 1465 803 res
1481 776 1625 810 provincia:
1643 775 1858 807 administravit;

1074 824 1120 850 sed
1134 823 1316 858 quatntumvis
1331 828 1357 849 et
1375 823 1495 849 eruditus
1509 828 1536 849 et
1549 822 1679 856 prudens,
1700 822 1788 848 adhuc
1801 821 1858 848 ido—

1074 869 1160 896 lorum
1175 868 1258 896 cultui
1279 868 1400 895 addictus
1425 873 1493 895 crat.
1517 867 1631 900 Interea,
1653 868 1694 894 vir
1707 867 1858 894 litterarum

732 921 741 937 ι
762 911 837 944 Quod
860 916 962 944 autem,
980 911 1022 938 in-
1039 910 1060 938 Β
1074 920 1178 945 amans,
1196 913 1332 941 doctorem
1351 913 1496 939 maximum
1514 912 1643 947 singulari
1667 912 1769 939 honore
1795 920 1858 946 pro-

1072 958 1147 992 sequi
1174 965 1227 985 non
1248 957 1363 989 destitit,
1386 956 1490 991 ipsique
1506 956 1657 983 necessaria
1679 956 1799 983 levandae
1814 963 1859 983 se-

1073 1004 1174 1032 nectuti
1198 1010 1226 1031 et
1253 1004 1401 1030 inﬁrmitati
1424 1003 1549 1037 iuvanda:
1575 1003 1692 1030 subsidia
1727 1010 1858 1038 generose

1073 1051 1262 1085 suppeditavit.
1278 1050 1434 1085 Gregorius,
1451 1055 1479 1076 ut
1495 1050 1649 1084 episcopum
1669 1050 1790 1082 decebat,
1805 1058 1858 1077 non

1072 1096 1164 1123 laudes
1181 1096 1379 1130 ampliﬁcando,
1404 1095 1451 1123 sed
1469 1095 1570 1122 monita
1591 1094 1684 1122 salutis
1706 1095 1856 1126 tribuendo,

1072 1142 1262 1169 beneﬁciorum
1285 1148 1430 1168 memorem
1454 1149 1483 1169 se
1501 1141 1579 1176 digne
1597 1141 1790 1175 comprobavit.
1817 1140 1858 1167 ln-

1072 1188 1150 1221 genio
1163 1187 1279 1215 hominis
1302 1187 1443 1222 exquisittc
1459 1187 1617 1214 litteratura:
1637 1187 1788 1221 obsequens
1808 1187 1858 1222 ipsi

1071 1233 1206 1268 egregium
1221 1239 1314 1267 poema
1327 1233 1468 1266 dedicavit,
1480 1240 1534 1267 quo
1547 1233 1571 1260 ei
1585 1231 1792 1259 simulacrorum
1811 1239 1858 1258 va-

1071 1279 1183 1306 nitatem
1212 1283 1241 1305 et
1272 1278 1440 1304 mendacium
1465 1278 1651 1312 exprobraret,
1676 1283 1704 1304 et
1729 1278 1761 1304 ad
1779 1277 1858 1304 unius

1070 1322 1118 1349 Dei
1135 1322 1235 1349 cultum
1249 1322 1388 1355 praesidem
1405 1327 1444 1348 tot
1460 1322 1598 1357 praeclaris
1615 1322 1722 1349 dotibus
1734 1326 1857 1349 ornatum

1072 1369 1232 1396 traduceret.
1247 1368 1387 1395 Nemesius
1407 1368 1471 1395 tanti
1495 1368 1614 1403 magistri
1633 1373 1766 1404 praecepta
1781 1376 1857 1403 aequo

1071 1414 1161 1442 animo
1189 1415 1305 1449 excepit,
1334 1414 1367 1441 ad
1390 1419 1511 1442 sanctum
1530 1415 1667 1441 doctorem
1687 1421 1716 1441 se
1732 1415 1855 1448 contulit,

1069 1468 1130 1488 cum
1156 1467 1188 1487 eo
1208 1460 1240 1487 de
1259 1459 1386 1495 religione
1401 1459 1544 1493 disseruit;
1568 1460 1688 1494 satisque
1713 1460 1858 1487 verisimile

1069 1512 1122 1540 est,
1140 1506 1274 1541 pontificis
1288 1506 1457 1533 sermonibus
1469 1506 1593 1532 edoctum
1606 1511 1633 1532 et
1649 1506 1791 1534 sanctitate
1801 1514 1858 1540 per-

1070 1553 1186 1584 culsutu,
1201 1552 1270 1579 idola
1285 1552 1415 1586 ejurasse,
1433 1552 1574 1586 ipsumque
1585 1552 1772 1587 philosophum
1786 1553 1857 1580 hunc

1071 1605 1130 1626 esse
1154 1598 1347 1630 Christianum,
1371 1597 1486 1625 Nemesii
1511 1599 1629 1631 nomine,
1649 1599 1693 1633 qui
1712 1598 1751 1625 De
1766 1599 1856 1625 animo

1070 1651 1137 1678 opus
1152 1643 1244 1675 edidit,
1256 1642 1326 1677 quod
1340 1642 1410 1669 inter
1428 1649 1510 1676 opera
1524 1642 1648 1677 Gregorii
1662 1641 1774 1677 Nysseni
1795 1643 1856 1669 vul-

1069 1693 1161 1723 gatum
1172 1693 1222 1715 est.

1104 1734 1213 1762 Talibus
1231 1735 1345 1769 negotiis
1359 1734 1385 1761 in
1399 1734 1544 1762 solitudine
1562 1734 1693 1763 distentus
1709 1739 1769 1762 erat
1789 1734 1857 1762 Gre-

1069 1780 1160 1814 gorius
1185 1785 1212 1808 et
1233 1780 1380 1808 condendis
1406 1781 1592 1813 cartninibus,
1623 1788 1682 1816 qua:
1713 1781 1780 1808 nihil
1802 1781 1855 1808 nisi

1069 1825 1207 1853 Christum
1219 1826 1400 1861 pietatemque
1411 1827 1526 1860 spirant,
1538 1827 1725 1861 tutissimaque
1733 1828 1856 1862 dogmata

1070 1877 1097 1899 et
1108 1879 1213 1899 morum
1225 1876 1358 1906 prxcepta
1372 1872 1596 1906 complectuntur.
1609 1872 1655 1899 Pia
1670 1873 1769 1907 ubique
1781 1879 1857 1907 argu-

1070 1923 1171 1950 menta,
1197 1918 1240 1945 vel
1259 1919 1355 1945 animae
1371 1924 1398 1945 et
1412 1919 1534 1954 corporis
1549 1919 1685 1954 purgatio,
1707 1919 1748 1946 vel
1779 1920 1856 1946 theo-

1069 1964 1150 1999 logia,
1164 1963 1206 1991 .vel
1220 1964 1389 1999 precationes
1412 1965 1445 1992 ad
1469 1965 1663 2000 implorandam
1686 1973 1762 1999 opem
1787 1965 1854 1992 divi-

1070 2018 1132 2037 nam
1164 2010 1292 2038 adversus
1319 2018 1429 2037 carnem
1455 2017 1482 2038 et
1509 2011 1607 2037 tnalutn
1639 2011 1788 2038 daemonem
1822 2011 1856 2038 ad

1070 2056 1160 2083 scelus
1175 2056 1387 2089 sollicitantem;
1401 2056 1442 2083 vel
1458 2056 1576 2091 gemitus
1593 2057 1641 2082 viri
1659 2056 1705 2091 pii,
1723 2063 1856 2083 :erumnas

1070 2108 1133 2128 suas
1149 2101 1263 2136 lugentis
1286 2101 1479 2136 Christumque
1505 2101 1618 2133 orantis,
1645 2105 1673 2128 ut
1696 2101 1758 2127 vita:
1776 2101 1855 2127 finem

1070 2144 1172 2173 aﬂ‘erat.
1198 2146 1315 2173 Cantare
1334 2154 1386 2173 non
1415 2147 1533 2174 cessavit
1561 2152 1637 2174 vates
1662 2146 1800 2181 piissimus
1822 2145 1856 2172 ad

1070 2197 1220 2219 extremum
1243 2199 1328 2226 usque
1353 2192 1414 2219 vitae
1445 2191 1584 2226 spiritum,
1614 2193 1701 2220 morbi
1731 2199 1855 2227 quaerens

1072 2237 1185 2270 solatia;
1217 2244 1271 2271 quo
1296 2238 1405 2272 quidem
1434 2239 1460 2265 in
1487 2238 1545 2266 dies
1579 2239 1802 2273 ingravescente,
1829 2242 1857 2265 et

1073 2283 1305 2318 appropinquante
1333 2289 1438 2317 morte,
1460 2283 1554 2311 ludere
1578 2283 1711 2315 versibus,
1740 2289 1768 2310 ct
1794 2291 1855 2310 car-

1073 2328 1144 2354 tnina
1161 2335 1221 2362 qua:
1237 2335 1338 2363 cycnea
1353 2333 1460 2360 vocant,
1477 2335 1637 2362 componere
1650 2328 1786 2362 pergebat.

1247 2372 1383 2400 CLXXIII.
1401 2373 1514 2400 Moritur
1527 2373 1680 2408 Gregorius.

1107 2418 1235 2453 Quamvis
1246 2425 1335 2447 autem
1355 2427 1477 2454 asperant
1494 2427 1612 2454 semper,
1628 2420 1754 2454 victuque
1767 2419 1856 2446 horri-
1871 2440 1875 2443 .

1072 2465 1133 2492 dam
1157 2465 1278 2492 duxisset
1302 2465 1398 2496 vitam,
1424 2465 1536 2492 saeviens
1563 2465 1590 2491 in
1615 2472 1723 2499 corpus,
1747 2472 1856 2491 carnem

1072 2510 1194 2545 vigiliis,
1228 2510 1341 2545 jejuniis
1373 2511 1488 2545 aliisque
1520 2511 1686 2545 ptenitentite
1721 2510 1857 2538 laboribus

1073 2556 1215 2589 aﬂlictans,
1239 2561 1367 2583 extrema:
1383 2557 1444 2583 vitae
1464 2561 1600 2584 certamen
1627 2557 1769 2584 imminere
1792 2563 1856 2582 sett-

1074 2603 1159 2633 tiens,
1197 2601 1307 2636 jamjam
1341 2607 1490 2629 «tartarum
1519 2602 1635 2636 caligine
1671 2603 1854 2629 horrendum»

1074 2647 1165 2674 videre
1180 2647 1230 2674 sibi
1247 2648 1398 2678 videbatur.
1419 2653 1446 2674 et
1470 2657 1479 2673 (
1494 2648 1562 2682 ignis
1583 2648 1730 2681 ﬂammant,
1755 2648 1856 2674 altissi-

1074 2700 1199 2727 mamque
1212 2696 1330 2721 noctem.
1348 2701 1357 2718 ι
1386 2693 1453 2720 Tum
1472 2693 1583 2728 supplex
1603 2694 1636 2720 ad
1652 2694 1740 2720 sidera
1755 2692 1857 2728 palmas

1074 2739 1213 2772 tendebat,
1232 2738 1380 2766 inclamans
1395 2740 1536 2767 beatorum
1551 2740 1643 2767 choris
1663 2744 1691 2766 ut
1712 2746 1789 2774 opem
1804 2738 1855 2766 sibi

1072 2783 1185 2819 ferrent,
1200 2789 1307 2820 totoque
1320 2786 1400 2814 corde
1420 2786 1453 2814 ad
1469 2786 1550 2814 Deum
1568 2787 1703 2821 aspirans,
1719 2785 1855 2813 Christum
