2055 3130
216 207 268 235 237

861 203 942 232 VlTA
963 203 990 231 S.
1013 203 1190 232 CREGORII.

1778 195 1831 226 238

216 266 294 293 enixe
312 264 423 299 rogabat
442 269 474 291 ut
489 272 519 292 se
539 264 686 300 exciperet,
712 269 739 291 et
758 264 901 299 imaginem
923 271 999 291 suam
1014 266 1038 294 Α
1052 268 1113 291 runt
1131 272 1138 290 :
1152 262 1245 291 sedeat
1259 268 1322 297 ergo
1337 268 1397 289 cum
1413 260 1473 289 istis
1488 259 1613 287 Patribus
1624 259 1704 286 etiam
1722 263 1832 286 sanctus

216 316 269 338 non
282 310 428 337 desereret.
450 309 488 336 lta
507 310 679 337 beatissimus
696 316 777 336 senex
804 319 812 335 ε
829 309 866 345 (a)
880 310 1002 343 proxime

217 356 374 388 moriturus,
389 363 491 391 cycnea
514 361 593 383 cantu
616 355 728 383 Domino
742 360 864 388 cantans,
883 356 1000 391 purissi-

217 409 289 429 mum
305 401 361 429 Deo
376 402 500 436 spiritum
514 411 522 428 I
544 401 670 433 reddidit,
687 409 718 428 ac
739 406 861 436 optatam
883 403 1001 435 quietem

221 453 282 474 cum
306 446 457 482 agminibus
479 446 621 474 beatorum
654 447 767 480 adeptus
788 451 841 473 est.
866 445 1001 474 Mortuum

219 493 291 520 linuc
313 500 374 521 esse
395 500 467 520 anno
483 493 624 520 undecimo
652 492 794 520 Theodosii
819 492 1002 527 imperatoris,

220 539 276 566 sive
289 545 360 566 anno
377 538 439 570 589,
454 546 486 566 ex
501 538 666 574 Hieronymo
679 539 820 572 discimus,
833 539 878 573 qui
894 539 919 566 in
936 539 1004 567 libro

221 585 259 612 De
280 585 450 619 scriptoribus
475 585 657 612 ecclesiasticis
673 585 706 612 de
734 585 864 620 Gregorio
884 585 1002 614 scribit:

221 640 231 656 ι
243 631 362 658 Decessit
381 636 444 658 ante
459 631 511 658 hoc
526 630 611 658 ferme
624 631 771 658 triennium
784 632 834 658 sub
850 631 1004 659 Theodosio

220 676 390 711 imperatore.
405 685 414 701 ι
444 675 527 703 Porro
547 675 727 711 Hieronymus
753 681 868 704 testatur
897 684 926 704 se
950 677 1002 705 hoc

219 729 287 756 opus
302 721 443 756 scripsisse
466 728 537 749 anno
559 720 681 756 ejusdem
704 721 875 756 imperatoris
901 721 1005 749 decimo

221 771 326 801 quarto,
350 774 383 794 ex
399 774 453 801 quo
473 766 596 800 sequitur
617 766 795 801 Gregorium,
817 767 863 801 qui
887 767 1005 794 triennio

221 816 282 839 ante
298 813 462 846 decesserat,
476 811 576 840 obiiase
591 819 663 840 anno
684 812 827 840 undecimo
841 812 983 841 Theodosii
996 832 1003 846 ,

222 859 342 893 adeoque
358 866 428 886 anno
441 859 503 886 589.

222 914 359 949 CLXXIV,
372 914 499 943 CLXXV.
521 915 580 951 Qua
590 920 691 942 statura
706 917 824 951 corporis
841 917 921 951 fuerit
936 916 1001 945 Gre-

398 952 497 984 gorius.
521 950 583 977 Dies
602 951 683 984 festus
698 950 826 986 Gregorii.

255 995 375 1030 Corpore
402 996 511 1023 robusto
540 995 591 1022 fuit
618 995 783 1030 Gregorius,
809 996 856 1024 sed
889 996 1004 1024 assiduis

222 1041 322 1069 morbis
347 1042 461 1075 vitaeque
487 1041 638 1075 molestiis,
662 1046 846 1077 praetereaque
871 1041 1003 1077 jejuniis,

222 1087 330 1122 vigiliis,
342 1086 511 1114 cliameuniis
522 1087 560 1114 ita
576 1086 664 1114 fracto
679 1094 710 1114 ac
726 1087 882 1120 debilitato,
910 1092 939 1114 ut
953 1088 1004 1115 sibi

224 1137 407 1165 senectutem,
428 1132 499 1166 quod
519 1132 634 1167 ipsemet
650 1136 776 1165 testatur,
801 1132 1004 1160 acceleraverit.

224 1179 380 1213 Anonymus
405 1177 529 1209 Graecus,
552 1185 565 1204 a
594 1177 711 1208 Baronio
731 1177 854 1206 laudatus
881 1178 930 1214 (ὁ),
954 1186 1005 1212 qua

223 1228 325 1250 statura
351 1222 433 1249 fuerit
457 1222 499 1249 his
524 1222 613 1249 verbis
634 1222 762 1256 exprimit
784 1222 811 1249 in
834 1222 928 1250 codice
953 1223 1006 1250 540

223 1269 291 1297 Bibl.
315 1269 376 1297 Vat.
395 1278 402 1295 :
422 1268 552 1295 «Statura
578 1268 705 1295 mediocri
726 1273 793 1300 erat,
815 1268 929 1303 pallidus
955 1269 1005 1296 ali-

223 1315 392 1349 quantulum,
417 1321 469 1341 non
484 1318 573 1340 tamen
589 1313 656 1340 citra
673 1317 840 1341 venustatem
857 1314 1008 1349 :depresso

224 1367 299 1391 naso,
327 1359 478 1394 superciliis
510 1359 538 1385 in
569 1363 672 1385 rectum
705 1359 860 1393 protensis,
896 1364 1007 1394 aspectu

225 1406 320 1433 blando
339 1410 366 1432 et
391 1405 476 1438 suavi,
502 1405 586 1432 altero
608 1405 686 1432 oculo
709 1412 805 1440 nempe
828 1405 923 1434 dextro
941 1406 1008 1433 snb-

226 1451 320 1482 tristis,
335 1457 414 1484 quem
433 1450 546 1477 cicatrix
560 1450 682 1485 quaedam
702 1451 898 1483 contrahebat,
925 1451 1009 1478 barba

225 1504 278 1524 non
297 1497 439 1531 promissa,
458 1495 503 1523 sed
516 1495 598 1523 densa
615 1500 714 1523 tamen.
740 1495 797 1529 Qua
818 1499 895 1530 parte
917 1495 1009 1524 calvus

225 1551 277 1570 non
293 1547 362 1574 erat,
375 1550 436 1569 nam
448 1541 593 1569 subcalvus
604 1546 673 1574 erat,
686 1541 761 1569 albos
774 1542 866 1570 crines
880 1542 1008 1575 habebat,

226 1597 348 1617 summas
378 1589 442 1616 item
470 1588 560 1615 barbae
589 1592 681 1621 partes
709 1587 782 1614 velut
808 1587 883 1614 fumo
907 1588 1043 1636 obsitasC

224 1635 420 1664 ostendebat.»
454 1634 576 1669 Gregorii
610 1638 699 1660 autem
735 1633 817 1661 animi
847 1632 947 1669 eﬂigies
975 1641 1007 1660 ex

225 1681 305 1709 rebus
316 1681 410 1716 gestis,
429 1688 496 1714 quas
510 1681 708 1712 enarravimus,
733 1687 836 1708 necnon
854 1687 887 1706 ex
920 1679 1004 1714 ipsius

225 1728 345 1762 scriptis,
361 1727 387 1754 in
401 1726 500 1761 quibus
515 1726 573 1761 ipse
590 1733 649 1753 sese
670 1726 800 1761 depingit,
824 1725 892 1753 satis
907 1726 1009 1760 perspi-

226 1775 307 1802 citur.
323 1773 407 1800 Suum
426 1774 484 1807 ipse
497 1773 549 1800 sibi
566 1772 735 1808 epitaphium
756 1776 912 1806 paraverat,
937 1772 1008 1806 quod

226 1821 374 1856 praecipuos
399 1819 461 1847 vita:
482 1819 566 1853 ipsius
588 1824 699 1846 eventus
718 1818 860 1846 duodecim
884 1818 1008 1845 versibus

225 1866 349 1901 elegiacis
362 1865 559 1899 complectitur.
586 1864 648 1891 Dies
667 1863 753 1891 festus
778 1862 902 1897 Gregorii
917 1863 1009 1898 agitur

226 1918 297 1938 nono
312 1910 373 1937 Maii
393 1910 462 1945 apud
483 1909 610 1942 Latinos;
628 1909 698 1943 apud
714 1908 823 1936 Graecos
848 1913 939 1935 autem
961 1907 1007 1935 Ja-

227 1957 314 1984 nuarii
335 1956 481 1988 tricesimo,
500 1963 552 1982 una
567 1962 627 1982 cum
646 1959 738 1982 sancto
760 1953 859 1981 Basilio
874 1959 902 1981 et
915 1959 1008 1981 sancto

227 1999 428 2038 ChrysoStomo.
444 2000 498 2028 Sed
513 1999 659 2035 peculiaris
673 1999 803 2033 Gregorio
816 1998 867 2026 soli
890 2006 967 2026 sacer
983 2004 1010 2026 et

227 2049 354 2077 solemnis
367 2048 437 2083 apud
451 2048 562 2082 eosdem
577 2045 685 2073 Graecos
708 2049 750 2072 est
771 2044 872 2072 mensis
886 2043 1007 2071 Januarii

228 2097 373 2124 vicesimus
388 2095 498 2130 quintus
514 2094 584 2121 dies.

228 2140 365 2169 CLXXVI.
389 2139 495 2172 Quanta
510 2138 580 2172 apud
594 2144 681 2163 omnes
699 2133 820 2170 Gregorii
837 2135 1007 2162 existimatio.

263 2187 367 2220 Quanta
381 2185 461 2212 fuerit
477 2184 542 2212 olim
561 2184 631 2217 apud
642 2185 759 2214 veteres,
774 2181 907 2216 hodieque
915 2181 1011 2208 etiam-

227 2241 291 2261 num
304 2233 338 2260 sit
349 2233 418 2267 apud
436 2231 612 2261 recentiores,
626 2229 749 2264 Gregorii
771 2228 884 2262 ejusque
898 2235 1009 2262 operum

1053 309 1209 343 Gregorius,
1231 313 1259 336 et
1282 315 1342 335 cnm
1368 307 1408 335 eis
1429 313 1480 334 tua;
1502 305 1698 333 criminationis
1723 305 1832 332 inanem

1053 356 1169 389 patiatur
1195 354 1353 382 invidiam:
1376 353 1439 380 dum
1467 357 1556 380 tamen
1582 359 1643 378 cum
1669 350 1709 378 eis
1737 353 1833 376 contra

1053 403 1181 430 novitiam
1195 406 1297 437 pestem
1314 406 1431 429 vestram
1441 421 1450 434 ,
1469 399 1655 428 medicinalem
1674 397 1796 432 proferat
1807 400 1836 423 et

1053 450 1111 484 ipse
1129 448 1302 476 sententiam.
1315 457 1324 474 ι
1346 447 1411 475 Haec
1431 447 1465 475 de
1480 445 1612 481 Gregorio
1632 449 1725 472 nOstro
1745 443 1835 478 Augu-

1053 496 1158 527 stinus;
1174 494 1233 529 qui,
1251 493 1365 528 prolatis
1380 492 1503 527 pluribus
1520 490 1643 526 Gregorii
1664 488 1833 518 testimoniis.

1053 541 1089 568 ita
1103 541 1275 576 prosequitur
1285 539 1328 575 (ά)
1339 548 1346 565 :
1359 548 1369 564 ί
1386 540 1425 566 An
1438 538 1484 566 tibi
1500 545 1580 573 parva
1596 536 1623 564 in
1636 544 1689 563 uno
1704 533 1835 569 Gregorio

1053 585 1240 620 episcoporum
1263 583 1442 612 Orientalium
1464 581 1569 609 videtur
1593 579 1761 608 auctoritas?
1789 579 1836 606 Est

1055 632 1161 667 quidem
1183 635 1257 659 tanta
1272 636 1398 665 persona,
1412 633 1441 656 ut
1455 635 1542 663 neque
1556 627 1600 654 ille
1613 626 1663 654 hoc
1675 625 1725 653 nisi
1741 632 1774 652 ex
1784 623 1836 651 ﬁde

1055 677 1209 706 Christiana
1221 676 1349 704 omnibus
1366 673 1509 702 notissima
1521 673 1640 704 diceret;
1660 678 1710 698 nec
1723 669 1760 697 illi
1774 677 1835 696 eutn

1054 728 1109 750 tam
1128 722 1231 750 clarum
1250 721 1380 748 haberent
1394 723 1474 753 atque
1485 717 1683 749 venerandum,
1711 714 1761 742 nisi
1779 714 1837 742 haec

1057 770 1090 796 ab
1113 768 1159 796 illo
1184 767 1255 795 dicta
1274 774 1307 795 ex
1331 765 1422 802 regula
1441 764 1590 793 notissima:
1609 761 1732 790 veritatis
1751 767 1836 797 agno-

1055 820 1173 842 soerent.
1185 823 1195 840 Φ

1277 857 1426 886 CLxxvu.
1448 846 1610 883 rranitaiao.

1092 905 1181 933 Sacrae
1200 905 1323 940 Gregorii
1342 903 1462 938 reliquiae
1480 910 1496 930 e
1516 900 1683 939 Cappadocia
1704 899 1838 927 Constan-

1019 944 1040 971 B
1056 947 1193 982 linopolim
1220 947 1358 975 translatae
1382 952 1455 979 sunt,
1484 947 1634 981 imperante
1660 943 1838 972 Constantino

1054 993 1296 1028 Porphyrogenito,
1325 993 1370 1028 qui
1392 992 1534 1027 epistolam
1549 998 1565 1018 a
1583 999 1613 1019 se
1635 989 1765 1024 Gregorio
1783 988 1837 1016 Na-

1055 1040 1183 1067 zianzcno
1208 1040 1336 1074 scriptam
1353 1040 1386 1066 iis
1405 1038 1530 1070 tradidit,
1553 1039 1651 1072 quibus
1680 1036 1751 1065 sacri
1777 1036 1838 1062 tlte-

1055 1086 1128 1113 sauri
1145 1085 1402 1120 Constantinopolim
1415 1085 1563 1113 devehendi
1578 1092 1642 1111 cura
1665 1084 1752 1110 fuerat
1764 1089 1838 1109 com-

1056 1132 1190 1160 mendata.
1206 1131 1262 1160 Hac
1277 1136 1366 1159 autem
1378 1131 1489 1167 epistola
1501 1130 1661 1166 Gregorium
1676 1129 1798 1164 rogabat,
1808 1130 1839 1156 ut

1057 1186 1091 1206 ne
1103 1178 1361 1213 Constantinopolim
1374 1178 1467 1206 venire
1478 1181 1648 1214 gravaretur.
1666 1185 1675 1203 I
1686 1177 1726 1203 Tn
1740 1177 1773 1204 ad
1788 1184 1840 1204 nos

1057 1225 1185 1252 act-edere
1197 1232 1231 1252 ne
1247 1224 1357 1256 dubita,
1373 1232 1387 1250 a
1403 1224 1501 1259 quibus
1521 1223 1616 1259 spiritu
1634 1230 1666 1250 ac
1682 1222 1773 1250 favore
1794 1229 1839 1250 tuo

1057 1277 1193 1304 nunquam
1208 1269 1291 1303 absis,
1306 1270 1352 1304 qui
1369 1269 1448 1304 plane
1472 1269 1589 1304 orphani
1605 1273 1634 1296 ut
1647 1276 1767 1296 essemus
1784 1276 1838 1296 non

1058 1324 1088 1344 es
1113 1323 1244 1350 passus...
1271 1315 1347 1343 Votis
1375 1316 1455 1350 igitur
1482 1315 1534 1350 piis
1561 1322 1660 1347 annue,
1690 1315 1723 1342 ad
1744 1322 1795 1343 nos
1814 1320 1840 1342 te

1058 1361 1170 1394 inclina,
1191 1367 1329 1388 revertere
1351 1362 1384 1388 ad
1402 1368 1464 1389 eum
1485 1361 1530 1396 qui
1549 1365 1626 1389 tanto
1644 1361 1681 1388 tui
1706 1360 1841 1388 desiderio

1060 1411 1166 1435 tenetur
1184 1415 1302 1443 gregem,
1316 1407 1443 1442 populum
1460 1412 1535 1434 tuum
1553 1407 1686 1442 benignus
1701 1407 1797 1438 revise,
1813 1407 1841 1434 in

1059 1455 1153 1482 urbem
1169 1461 1228 1481 eam
1241 1454 1393 1489 ingredere,
1407 1454 1434 1481 in
1447 1461 1499 1488 qua
1515 1453 1715 1489 periclitantem
1735 1453 1843 1488 religio-

1059 1500 1102 1527 nis
1124 1499 1284 1527 orthodoxae
1309 1507 1418 1527 causam
1447 1500 1555 1534 egregie
1584 1500 1720 1534 quondam
1748 1499 1843 1527 contir-

1060 1545 1150 1572 masti.
1166 1553 1175 1570 ι
1193 1544 1287 1572 Exstat
1306 1545 1361 1572 haec
1383 1545 1494 1580 epistola
1520 1544 1548 1572 in
1563 1545 1686 1573 oratione
1704 1545 1795 1572 habita
1810 1545 1844 1572 de

1061 1590 1247 1622 translatione,
1269 1598 1349 1625 quam
1363 1591 1513 1618 orationem
1533 1598 1566 1618 ex
1581 1598 1633 1618 ms.
1653 1591 1748 1619 Graeco
1773 1592 1845 1624 regis

1063 1637 1192 1664 Sat-diuite
1202 1636 1297 1664 Latine
1307 1637 1448 1672 vulgarunt
1458 1637 1640 1669 Bollandistaa,
1658 1646 1683 1672 p.
1701 1637 1765 1669 448,
1775 1643 1841 1669 etc.,

1062 1681 1155 1710 Graece
1171 1689 1295 1716 quoque,
1312 1689 1338 1716 p.
1358 1682 1418 1716 769,
1438 1686 1490 1711 etc.
1510 1681 1529 1709 li
1547 1689 1611 1710 vero
1627 1681 1673 1716 qui
1694 1682 1769 1709 missi
1786 1681 1845 1708 fue-

1063 1733 1133 1761 rant,
1147 1728 1271 1762 Gregorii
1285 1735 1346 1755 ossa
1367 1728 1447 1762 plane
1464 1728 1566 1762 integra
1588 1732 1757 1762 repererunt,
1774 1728 1846 1755 inso-

1063 1773 1137 1800 litam
1150 1778 1177 1800 et
1189 1773 1405 1808 inexplicabilem
1415 1773 1506 1800 odoris
1514 1773 1689 1808 fragrantiam
1701 1773 1843 1807 spirantia,

1062 1826 1147 1853 eaque
1162 1819 1249 1846 loculo
1267 1819 1300 1846 ad
1314 1819 1338 1846 id
1351 1823 1445 1853 parato
1467 1819 1591 1853 imposita
1610 1818 1662 1845 lteti
1679 1819 1843 1846 detulerunt.

1063 1863 1210 1897 imperator
1233 1871 1296 1891 cum
1321 1864 1524 1897 sacerdotibus,
1541 1863 1723 1898 omnibusque
1740 1871 1845 1898 magna:

1064 1910 1137 1936 urbis
1147 1909 1252 1943 incolis,
1269 1909 1417 1937 honorifice
1432 1909 1539 1936 obviam
1553 1909 1666 1944 profecti
1682 1914 1745 1936 sunt
1761 1910 1846 1936 sacris

1064 1954 1196 1989 reliquiis,
1215 1961 1275 1988 quae
1287 1953 1402 1988 primum
1421 1954 1492 1981 intra
1508 1954 1596 1989 regias
1613 1954 1694 1986 aedes,
1713 1954 1739 1981 in
1752 1954 1844 1988 palatii

1063 2000 1186 2032 ecclesia,
1201 2007 1248 2028 seu
1267 2000 1395 2033 oratorio,
1412 2000 1551 2034 depositae,
1571 2005 1719 2035 posteaque
1732 2000 1758 2028 in
1774 2000 1847 2035 Apo-

1063 2047 1194 2073 stolorum
1213 2046 1310 2081 templo
1333 2046 1409 2080 juxta
1429 2046 1516 2073 sancti
1538 2045 1724 2081 Cbrysostomi
1747 2053 1846 2080 corpus

1064 2091 1187 2126 repositae
1203 2096 1274 2118 sunt.

1063 2147 1225 2176 CLXXVIII.
1269 2148 1359 2174 Altera
1390 2147 1535 2182 translatio
1572 2148 1690 2182 corporis
1725 2146 1846 2182 Gregorii

1362 2181 1418 2209 GP.
1431 2182 1548 2210 Romam.

1098 2229 1216 2258 Alteram
1232 2229 1353 2264 corporis
1371 2229 1457 2256 sancti
1477 2228 1600 2264 Gregorii
1620 2238 1628 2254 ι
1643 2228 1845 2256 translationem

227 2278 401 2309 existimatio,
420 2277 481 2304 inde
501 2280 617 2307 consul,
635 2277 705 2309 quod
724 2274 816 2302 Patres
835 2281 929 2301 omnes
956 2281 1007 2301 non
1026 2285 1049 2312 υ
1063 2274 1293 2309 Constantinopoli
1314 2275 1426 2302 Romam
1456 2273 1573 2306 factam,
1608 2274 1685 2301 ﬁrma
1718 2279 1848 2309 certaque

229 2329 331 2351 tantum
346 2323 442 2356 Graci,
458 2329 549 2349 verum
559 2322 638 2348 etiam
650 2320 750 2353 Latini,
765 2327 796 2347 ac
808 2319 934 2354 theologi,
951 2326 1010 2346 nec-

228 2378 280 2396 non
302 2369 501 2403 Scripturarum
524 2367 696 2401 interpretes,
715 2366 741 2392 in
771 2364 924 2392 astruendis
951 2363 1011 2391 ﬁdei

228 2414 407 2449 dogmatibus,
430 2413 616 2448 oppugnandis
631 2411 771 2439 erroribus
796 2414 824 2437 et
842 2408 1010 2444 exponendis

228 2461 384 2496 Scripturis,
409 2460 492 2495 ipsius
515 2459 704 2486 auctoritatem
727 2457 828 2491 passim
852 2455 1009 2483 adhibeant.

229 2506 356 2542 Exemplo
370 2513 430 2533 esse
446 2509 535 2539 potest
551 2523 558 2535 ,
577 2508 604 2530 et
625 2503 709 2530 instar
725 2501 845 2529 omnium
864 2500 899 2527 sit
919 2501 1011 2533 Augu-

227 2552 323 2585 stinus,
350 2551 396 2586 qui
420 2550 466 2577 lib.
484 2558 491 2577 ι
511 2549 611 2576 Contra
637 2548 775 2575 lulianum
800 2546 849 2581 (ε),
870 2551 1008 2580 peccatum

227 2598 357 2633 originale
378 2597 506 2624 adversus
528 2595 689 2629 Pelagianos
708 2593 836 2628 Gregorii
850 2591 1010 2620 auctoritate

228 2642 322 2669 astruit
340 2651 346 2668 :
369 2651 379 2667 ι
392 2641 444 2668 Sed
456 2648 508 2667 non
525 2640 571 2667 tibi
581 2638 764 2674 deeritmagni
780 2637 898 2665 nominis
907 2636 1011 2663 etfama

228 2687 402 2715 celeberrima
429 2686 539 2713 illustris
559 2686 702 2720 episcopus
723 2684 804 2712 etiam
830 2683 863 2710 de
891 2682 1013 2717 partibus

228 2733 356 2766 Orientis,
365 2733 443 2766 cujus
454 2732 560 2766 eloquia
573 2731 689 2766 ingentis
702 2730 800 2757 merito
813 2729 916 2764 gratim,
930 2729 1012 2755 etiam

229 2779 256 2808 in
273 2780 390 2815 linguam
405 2778 527 2805 Latinam
548 2777 676 2804 translata
692 2782 887 2812 usquequaque
906 2774 1013 2805 clarue-

264 2847 301 2905 so.
314 2846 388 2905 ac
401 2845 513 2905 se:
615 2852 641 2879 v~

267 2881 300 2915 ιω
323 2882 399 2913 nam,
415 2881 514 2916 μηδ.

265 2924 299 2952 ιιε)
319 2917 382 2950 L‘ap.
397 2917 425 2949 5,
442 2924 468 2943 n.
481 2915 526 2949 15,
546 2920 610 2943 tom.
625 2914 660 2946 Χ,
674 2922 700 2949 p.
720 2914 778 2941 505.

1064 2321 1207 2348 traditione
1240 2321 1398 2353 didicimus,
1429 2321 1516 2355 inquit
1542 2319 1674 2347 Baronius
1700 2320 1756 2355 (e),
1787 2328 1846 2347 eam

1064 2367 1098 2393 ob
1124 2374 1249 2399 causam,
1276 2366 1348 2401 quod
1373 2366 1557 2401 grassantibus
1589 2366 1713 2394 barbaris
1741 2366 1768 2394 in
1801 2373 1848 2393 eas

1064 2412 1197 2445 regiones,
1215 2411 1433 2439 sanctimoniales
1448 2411 1567 2445 feminae,
1588 2413 1614 2439 in
1627 2420 1742 2447 quarum
1759 2412 1847 2440 eccle-

1062 2458 1103 2485 sia
1120 2462 1210 2485 tantus
1222 2458 1364 2485 thesaurus
1378 2461 1436 2484 erat
1451 2458 1586 2491 conditus,
1603 2458 1664 2494 fuga
1677 2458 1849 2492 sumpudici-

1065 2504 1108 2530 tia:
1121 2503 1302 2535 consulentes,
1320 2507 1458 2538 acceptum
1479 2503 1661 2531 venerandum
1675 2511 1782 2538 corpus,
1798 2504 1848 2530 im-

1064 2549 1233 2584 positumque
1251 2549 1368 2584 navigio,
1387 2549 1420 2577 ad
1438 2553 1523 2576 tutum
1540 2550 1648 2584 pietatis
1669 2550 1773 2584 asylum
1791 2549 1848 2576 Ro-

1065 2601 1134 2620 mam
1161 2593 1358 2628 confugientes,
1386 2593 1554 2625 detulerunt;
1583 2598 1665 2627 atque
1691 2593 1716 2619 in
1749 2593 1848 2626 templo

1065 2638 1169 2664 Sancta:
1184 2637 1275 2664 Marias
1293 2638 1319 2664 in
1336 2637 1436 2672 Campo
1451 2637 1558 2670 Martio,
1580 2638 1631 2665 sibi
1646 2637 1680 2665 ab
1697 2638 1847 2672 apostolica

1064 2684 1127 2710 sede
1149 2691 1287 2714 concesso,
1318 2684 1516 2716 condiderunt;
1544 2684 1636 2718 ibique
1662 2683 1688 2710 in
1709 2684 1848 2719 adjacente

1064 2731 1152 2763 domo,
1170 2731 1255 2764 inqua
1269 2730 1437 2762 habitabant,
1450 2738 1524 2758 more
1538 2731 1626 2765 patrio
1638 2730 1744 2758 divinas
1754 2731 1848 2758 laudes

1064 2781 1113 2809 per
1135 2774 1192 2802 dies
1219 2775 1339 2809 singulos
1364 2775 1561 2810 persolvebant.
1586 2775 1688 2808 Quibus
1711 2775 1768 2810 jam
1792 2776 1849 2802 vita

1096 2839 1134 2911 ἑά)
1155 2839 1233 2872 lbid.,
1249 2849 1275 2868 n.
1296 2841 1338 2868 l6.

1107 2879 1130 2910 ε)
1153 2875 1230 2906 ΒυΙΙ..
1249 2876 1265 2903 9
1283 2875 1333 2902 Mai

1107 2879 1130 2910 ε)
1153 2875 1230 2906 ΒυΙΙ..
1249 2876 1265 2903 9
1283 2875 1356 2908 Maii,
1371 2884 1396 2911 p.
1412 2875 1474 2903 454.
