2055 3130
217 225 251 252 59
848 213 926 241 VITA
948 211 976 238 S.
997 207 1172 238 GREGORII.

918 279 978 306 quae
992 273 1016 302 Α
1029 269 1110 296 etiam
1127 266 1271 301 adjiciebat
1289 262 1422 292 animum,
1439 263 1467 286 et
1486 257 1562 292 quasi
1581 255 1607 282 in
1634 257 1711 289 parte
1734 250 1815 278 officii

200 285 316 317 functis,
346 282 428 309 cessit
451 281 526 307 locus
561 277 691 306 Romanis
718 274 887 310 virginibus,

200 331 298 359 ibidem
315 335 368 356 nou
384 328 433 355 sub
459 326 560 361 Regula
580 324 665 352 sancti
680 322 783 353 Basilii,
798 326 827 348 ιιι
840 319 892 347 illa:
909 319 983 350 olim,

200 377 247 405 sed
269 376 318 403 sub
337 374 468 402 institutis
489 371 574 399 sancti
592 369 732 397 Benedicti
750 368 880 394 hactenus
898 370 987 400 perse-

201 427 306 450 verant.
320 431 330 447 ι
350 421 412 448 Haec
427 419 567 449 Barouius,
588 416 634 450 qui
650 415 724 441 addit
740 414 810 441 hanc
831 409 986 439 translatio-

204 476 263 496 nem
283 477 292 494 ι
307 467 500 494 subobscuram
518 473 527 489 ι
538 462 630 490 fuisse.
644 460 813 489 Subobscura
824 465 904 490 sane;
924 463 986 483 nam

203 519 257 540 tam
267 512 358 539 densis
372 510 490 538 tenebris
505 509 640 539 involuta,
658 512 712 532 tam
726 504 852 540 gravibus
862 502 987 530 intricata

203 558 416 589 difficultatibus,
435 560 464 583 ut
484 562 530 582 eas
551 553 683 589 depellere
697 557 725 579 et
746 551 850 578 solvere
865 547 985 575 difﬁcilli-

204 612 276 632 lllllm
295 603 339 630 sit.

221 657 360 688 CLXXIX.
390 656 539 684 Translatio
563 655 680 688 corporis
711 652 831 688 Gregorii
859 651 929 684 [acta
955 657 970 674 ιι

353 693 462 727 Cregor.
493 690 569 717 XIII
591 697 691 716 summa
712 687 841 720 pontiﬁce.

241 740 359 774 Denique
371 737 423 764 alia
434 740 519 767 est,et
530 733 706 762 celeberrima
715 733 823 767 quidem
832 730 892 761 illa,
907 734 991 755 trans-

206 787 271 813 latio
286 783 408 819 corporis
429 781 565 817 Gregorii,
585 780 654 814 quod
669 778 816 812 Gregorius
833 775 903 807 Xlll,
920 781 992 801 sutu-

207 839 266 859 mus
279 829 411 866 pontifex,
423 836 456 856 ex
469 827 583 854 ecclesia
598 825 644 852 Dci
659 823 805 851 Gcnitricis
816 823 849 848 ad
858 820 991 854 Campum

207 878 346 908 Martium,
359 876 385 902 in
397 873 527 909 capellam
545 881 559 900 a
577 880 606 900 se
634 872 660 898 iu
675 870 786 898 basilica
798 862 899 895 ‘Sancti
920 867 991 893 Petri

209 921 473 958 magnificentissime
506 922 676 949 exornatam,
707 923 810 944 summa
838 914 992 942 celebritate

1760 192 1814 218 ‘250

1034 314 1148 350 ponebat
1158 297 1314 347 Gregorius,
1325 313 1355 336 ut
1366 314 1441 336 suain
1457 303 1556 338 alioqui
1571 297 1814 335 splendidissimam

1035 363 1168 387 exereret.

1070 404 1116 432 llle
1131 404 1158 430 in
1174 400 1314 437 exigendis
1331 399 1365 426 ad
1387 395 1549 425 Christianae
1575 390 1723 425 disciplqu
1742 388 1818 422 rigo—

1037 458 1092 477 rem
1118 448 1238 476 moribus
1260 447 1327 474 adeo
1349 443 1492 478 religiosus
1515 440 1574 471 fuit,
1597 443 1627 465 ut
1643 436 1684 463 vel
1699 434 1818 463 severior

1036 497 1184 524 videretur.
1211 493 1262 520 llic
1291 499 1355 519 vero
1379 495 1512 516 summam
1542 485 1603 512 vitae
1630 481 1817 510 austeritatem

1037 542 1127 569 divino
1150 539 1288 567 delibutus
1318 535 1415 572 gaudio
1445 533 1512 560 adeo
1545 529 1671 559 colebat,
1703 533 1762 553 eam
1790 529 1818 550 ut

1038 587 1162 616 omnibus
1176 592 1236 614 esse
1249 583 1291 611 Vel
1313 582 1430 609 maxime
1442 577 1585 612 amabilem
1601 574 1763 602 insinuaret.

1074 632 1241 668 Majestatem
1267 629 1386 664 spirabat
1411 625 1546 663 moderata
1573 621 1695 654 leuisque
1725 615 1818 644 Basilii

1039 665 1141 707 ittdoles
1159 687 1166 705 :
1182 681 1277 705 contra
1293 674 1410 702 micabat
1423 672 1450 699 itt
1462 669 1591 705 Gregorio
1604 667 1681 702 ignea
1698 665 1819 700 quaedam

1040 724 1137 759 ingenii
1154 723 1203 756 vis,
1225 727 1252 749 et
1265 722 1343 748 vivax
1357 717 1535 755 perspicacia.
1549 712 1696 742 Gravitatis
1712 710 1779 737 alter
1794 713 1821 736 et

1041 771 1179 798 modestia:
1191 770 1257 796 adeo
1277 768 1388 802 diligens
1398 764 1459 796 fuit,
1472 767 1502 790 ut
1519 761 1642 797 quamvis
1659 758 1708 794 ipsi
1722 762 1822 790 suppe-

1044 821 1113 844 teret
1144 815 1333 851 argutissimus
1348 813 1374 840 in
1387 810 1502 845 iocando
1527 809 1612 843 lepos,
1624 806 1657 833 ab
1682 804 1717 831 iis
1734 808 1821 830 tamen

1042 870 1152 898 prorsus
1180 859 1349 888 abhorrucrit
1374 866 1433 893 quae
1448 856 1490 884 vel
1507 853 1671 882 levissimam
1695 849 1823 883 jocispe-

1042 907 1110 934 ciem
1123 913 1176 941 pra:
1195 912 1225 933 se
1242 905 1352 932 ferrent.
1374 901 1452 929 Jocos
1476 900 1544 927 alter
1569 905 1602 925 eo
1617 894 1722 931 pietatis
1745 898 1824 919 succo

209 937 250 951 lllil
273 937 473 950 “inueniunt-nn.
506 937 513 946 1
524 937 676 949 mauu-um,
707 937 810 944 ...........
839 937 990 942 ,νηηηηην
1123 937 1131 941 _

209 937 346 995 traiistulit
362 974 388 993 ιιι
404 965 502 992 mensis
513 964 584 991 Junii
604 963 666 990 anni
681 961 758 989 1578.
775 959 862 994 Hujus
875 958 990 986 transla-
1008 949 1028 974 Β
1043 952 1180 987 respersit,
1195 951 1307 978 ut.sales
1323 950 1394 976 inter
1413 952 1439 974 et
1454 945 1564 973 facetias
1585 943 1710 969 virtutem
1728 937 1824 965 animis

210 1013 292 1041 tionis
310 1011 451 1040 historiam
469 1018 502 1037 ex
518 1018 568 1037 ms.
591 1009 660 1035 libro
679 1007 847 1035 bibliotheca:
859 1005 994 1033 Vaticana:

210 1059 352 1091 vulgarunt
363 1055 532 1084 Bollaudistre
551 1055 583 1081 ad
593 1055 662 1081 diem
676 1060 773 1080 nonam
786 1051 860 1085 Maii,
880 1059 907 1086 p.
929 1049 993 1077 457.

211 1104 305 1144 Veneti
319 1108 406 1130 tamen
422 1108 518 1136 corpus
532 1099 654 1135 Gregorii
677 1097 840 1126 Nazianzeni
860 1097 994 1131 integrum

211 1142 440 1182 Constantinopoli
475 1147 615 1174 devectum
652 1144 778 1172 Venetias
811 1143 882 1177 apud
913 1149 942 1169 se
968 1141 994 1167 itt

212 1194 325 1222 ecclesia
350 1193 441 1221 Sancti
462 1192 601 1219 Zachariae
618 1190 750 1218 asservari
770 1189 928 1223 gloriantur.
955 1186 997 1212 Al-

214 1245 346 1268 terutrum
361 1247 394 1266 ex
420 1239 462 1266 his
476 1238 635 1272 corporibus
667 1237 757 1263 forsan
786 1241 848 1262 esse
871 1232 994 1268 Gregorii

213 1287 298 1320 μαι-ιε
311 1291 408 1319 corpus
422 1291 483 1312 cum
500 1282 674 1310 Bollaudistis
685 1281 777 1308 dicere
790 1280 831 1307 fas
843 1283 895 1306 est.

213 1342 342 1370 CLXXX.
369 1341 527 1369 Sanctarum
547 1339 641 1366 Basilii
651 1343 675 1366 et
691 1337 810 1373 Gregorii
834 1337 998 1363 characteres

504 1375 705 1402 adumbrantur.

250 1422 291 1449 Ad
303 1422 381 1456 hujus
395 1421 515 1449 historiae
527 1419 683 1447 coronidem
700 1422 911 1446 consentaneum
929 1414 998 1441 forte

217 1467 376 1501 quibusdam
393 1466 537 1497 videbitur,
561 1469 587 1491 ut
607 1471 668 1490 cum
694 1464 720 1490 in
739 1470 770 1490 ea
790 1462 916 1496 frequens
934 1461 999 1486 adeo

217 1512 308 1540 Basilii
325 1512 424 1539 mentio
443 1511 541 1545 injecta
565 1509 663 1541 fuerit,
685 1508 892 1541 arctissimoque
907 1506 1000 1532 doctor

218 1559 333 1586 eximius
351 1557 488 1585 societatis
509 1555 618 1583 vinculo
630 1575 637 1587 ,
661 1554 784 1582 veritatis
798 1560 891 1580 amore
905 1560 937 1579 ac
949 1552 1001 1578 vir-

218 1607 306 1632 tutum
337 1602 416 1637 digna
444 1600 615 1629 :emulatioue
642 1596 999 1633 Gregorioconglutiuatus

221 1648 313 1681 fuerit,
335 1648 457 1674 diversos
485 1645 634 1679 utriusque,
659 1642 861 1677 comparatione
883 1640 999 1675 quadam

219 1695 290 1722 inter
300 1700 347 1720 eos
364 1693 498 1722 instituta,
515 1690 691 1717 characteres
710 1687 914 1719 adumbremus;
927 1684 1001 1711 utsic

220 1739 331 1774 singulis
352 1745 445 1765 eorutn
465 1736 537 1763 velut
563 1734 681 1763 collectis
703 1732 889 1764 lineamentis,
909 1731 1001 1758 ambo-

221 1793 280 1812 rum
298 1784 446 1819 perfectam
461 1782 613 1816 imaginem,
636 1785 764 1815 quantum
788 1779 860 1806 tenui
878 1777 1002 1812 penicillo

221 1832 263 1858 fas
271 1835 322 1862 est,
335 1830 527 1864 exprimamus.

256 1875 323 1902 Illud
348 1875 455 1909 quidem
483 1873 600 1908 patiatur
628 1871 790 1905 scriptorum
830 1867 1002 1903 profanorum

222 1921 351 1954 conditio,
370 1925 398 1947 ιιι
412 1926 526 1954 quorum
544 1918 657 1944 virtutes
675 1916 741 1942 nihil
759 1915 892 1941 excedunt
907 1914 1003 1940 huma-

223 1975 264 1995 nm
275 1972 377 1994 natura:
395 1967 475 1997 vires,
492 1972 538 1991 eos
554 1966 620 1990 ratio
638 1963 707 1989 inter
728 1968 756 1988 se
773 1965 865 1987 mutuo
882 1958 1005 1986 conferre

223 2017 360 2047 utcunque
384 2010 476 2045 possit.
508 2008 560 2035 Sed
589 2008 667 2041 longe
689 2005 775 2040 major
798 2009 838 2032 est
862 2010 922 2030 mea
941 2009 1005 2036 erga

225 2058 412 2085 sanctissimos
433 2055 493 2082 illos
513 2053 641 2087 prtcsules
659 2051 796 2078 veneratio
816 2055 843 2077 et
861 2049 1007 2076 observan-

226 2104 273 2136 tia,
290 2110 371 2137 quam
394 2105 424 2128 ut
448 2101 474 2127 id
494 2099 584 2126 oneris
606 2098 633 2124 in
659 2105 701 2124 tne
729 2095 882 2130 suscipiam.
903 2094 1004 2126 Quibus

225 2149 296 2176 enim
311 2148 381 2174 inter
395 2154 425 2174 se
439 2144 601 2173 conveniant
612 2143 742 2177 quibusve
751 2140 874 2167 differant
888 2139 1005 2170 dotibus,

225 2194 299 2222 solus
315 2194 358 2220 ltic
377 2191 452 2220 novit
471 2190 515 2224 qui
537 2196 593 2220 eos,
609 2187 708 2221 quibus
722 2185 814 2216 voluit,
833 2191 880 2218 pro
892 2190 1007 2223 summa

227 2248 276 2268 sua
291 2238 421 2274 sapientia
436 2235 560 2265 distinxit
577 2220 664 2265 donis,
683 2232 722 2259 ve'.
737 2238 815 2266 pares
829 2220 901 2256 fecit.

1045 998 1198 1025 instillaret.
1215 996 1330 1024 Basilius
1344 993 1460 1028 denique
1475 991 1613 1019 hominum
1625 983 1823 1014 observantiam

1046 1044 1097 1072 sibi
1112 1043 1197 1077 magis
1215 1041 1389 1071 conciliabat,
1404 1046 1436 1066 ac
1458 1043 1525 1072 pene
1543 1034 1663 1064 cultum;
1681 1028 1827 1065 Gregorius

1045 1097 1109 1117 vero
1123 1088 1198 1116 suavi
1214 1094 1318 1115 morum
1333 1084 1490 1112 ammnitate
1504 1080 1623 1110 omnium
1637 1083 1756 1105 amorem
1775 1073 1825 1102 sibi

1045 1142 1073 1165 et
1086 1136 1173 1164 studia
1189 1134 1273 1169 magis
1281 1131 1493 1168 promerehatur.

1080 1192 1173 1219 Elucet
1187 1189 1275 1217 divina
1287 1187 1407 1222 quardam
1417 1186 1444 1212 in
1454 1183 1575 1218 Gregorii
1587 1179 1754 1209 orationibus
1767 1184 1826 1205 ma-

1043 1239 1140 1274 jestas,
1156 1235 1222 1263 nihil
1237 1239 1266 1262 ut
1280 1234 1386 1261 videam
1414 1235 1460 1258 aut
1483 1229 1604 1257 ornatius
1625 1231 1672 1253 aut
1687 1224 1828 1253 sublimius

1047 1284 1116 1319 quod
1132 1270 1190 1309 fieri
1213 1287 1330 1315 unquam
1348 1278 1476 1313 potuerit,
1500 1282 1554 1310 quo
1569 1281 1616 1301 sua
1629 1270 1764 1306 mysteriis
1781 1276 1828 1296 ιιο-

1047 1330 1110 1357 stris
1124 1328 1275 1355 vindrcclur
1293 1324 1449 1356 auctoritas,
1471 1329 1519 1349 sua
1533 1323 1654 1348 servetur
1670 1315 1828 1346 reverentia,

1048 1383 1126 1403 suum
1143 1374 1225 1401 decus
1239 1375 1389 1399 asseratur.
1406 1369 1524 1401 Quarum
1543 1366 1583 1392 vis
1596 1369 1622 1392 et
1637 1363 1718 1390 robur
1729 1366 1828 1396 quanla

1049 1421 1114 1452 sint,
1129 1419 1172 1447 vel
1195 1426 1229 1445 ex
1245 1417 1296 1444 hoc
1312 1415 1423 1449 intelligi
1439 1413 1555 1440 maxime
1569 1414 1666 1445 potest,
1682 1407 1753 1442 quod
1768 1406 1830 1433 inde

1050 1465 1213 1501 Theologus,
1226 1463 1302 1498 quasi
1320 1462 1438 1489 omnium
1460 1457 1617 1493 exceptione
1636 1454 1730 1488 major,
1752 1451 1830 1479 fuerit

1049 1497 1207 1547 appellaius.
1220 1497 1307 1543 Atque
1324 1507 1390 1535 adeo
1407 1504 1477 1532 male
1488 1504 1547 1538 quis
1559 1509 1591 1529 ex
1601 1498 1722 1535 Gregorii
1735 1497 1832 1525 litteris

1051 1558 1168 1586 nativum
1180 1555 1237 1590 ejus
1251 1555 1434 1582 characterem
1451 1549 1569 1578 duxerit.

1013 1616 1034 1644 C
1086 1614 1171 1641 Secus
1186 1619 1249 1639 vero
1265 1609 1392 1637 Basilium
1407 1614 1462 1635 suae
1483 1610 1567 1632 totum
1585 1602 1705 1630 referunt
1725 1600 1830 1630 litterae,

1051 1668 1110 1695 quae
1130 1664 1183 1686 tam
1212 1664 1309 1685 suaves
1336 1653 1477 1682 illecebras
1494 1650 1603 1681 habent,
1633 1655 1681 1675 eas
1697 1651 1726 1673 ut
1740 1651 1834 1672 omnes

1051 1707 1159 1732 vincant
1171 1711 1237 1738 quas
1262 1702 1354 1729 Graeca
1371 1705 1443 1727 retro
1460 1697 1547 1725 onmis
1571 1694 1716 1728 antiquitas
1732 1691 1765 1718 ad
1783 1698 1833 1717 nos

1052 1758 1137 1786 usque
1155 1748 1316 1777 transmisit.

1088 1807 1158 1834 Nihil
1176 1806 1219 1832 hic
1235 1805 1326 1832 stricta
1344 1801 1466 1830 oratione
1494 1798 1622 1828 condidit,
1637 1795 1683 1824 sed
1705 1792 1834 1829 quidquid

1053 1853 1185 1888 politioris
1199 1849 1374 1878 humanitatis
1397 1848 1480 1874 hocce
1498 1843 1630 1872 scribendi
1652 1847 1749 1876 genere
1763 1843 1837 1866 vctc-

1056 1907 1098 1925 res
1112 1898 1315 1931 consignarunt,
1350 1893 1440 1928 sagaci
1455 1899 1514 1919 cum
1528 1889 1631 1925 judicio
1654 1892 1681 1915 et
1702 1885 1837 1920 exquisito

1055 1944 1158 1972 delectu
1179 1941 1314 1974 lustravit,
1344 1939 1475 1974 pluraque
1498 1934 1626 1964 disseruit
1652 1931 1837 1961 saluberrimis

1056 1988 1195 2025 praeceptis
1209 1987 1317 2019 referta,
1333 1985 1429 2020 quibus
1456 1987 1540 2010 tutam
1560 1981 1587 2008 itt
1614 1977 1734 2014 legendis
1747 1977 1837 2011 hujus-

1057 2035 1128 2062 tnodi
1144 2022 1230 2060 libris
1252 2031 1396 2066 juvenibus
1414 2029 1486 2056 viant
1509 2030 1660 2058 sterneret;
1685 2030 1718 2051 ne
1740 2022 1792 2055 vel,
1810 2025 1838 2047 ut

1057 2087 1127 2114 smpe
1143 2079 1181 2110 ﬁt,
1203 2077 1346 2104 latentibus
1367 2075 1544 2108 undeqttaque
1568 2069 1685 2106 scopulis
1710 2068 1839 2102 impinge-

1059 2129 1127 2157 reut,
1144 2124 1184 2151 vel
1209 2122 1275 2151 nihil
1304 2121 1367 2149 inde
1395 2119 1566 2155 perciperent
1587 2115 1722 2143 utilitatis.
1745 2114 1838 2148 Neque

1059 2172 1110 2198 hoc
1125 2170 1201 2197 satis.

1094 2225 1185 2260 Longe
1199 2225 1280 2252 etiam
1296 2222 1397 2257 majora
1417 2221 1495 2249 nobis
1518 2219 1664 2254 Gregorius
1685 2217 1837 2252 adjumenta

263 2261 276 2267 ..
291 2261 421 2274 -..γηηυρ
438 2261 534 2265 -.ηπ
657 2261 663 2265 _
737 2261 744 2266 _

263 2285 347 2313 Nemo
360 2289 448 2310 tamen
467 2289 519 2308 non
533 2280 673 2307 mirabitur
685 2285 766 2312 quem
780 2276 863 2310 spiret
875 2277 901 2301 in
914 2282 1006 2301 eorum
1024 2289 1046 2316 Β
1063 2271 1185 2298 contulit.
1210 2269 1281 2297 Utile
1297 2268 1368 2295 euitn
1386 2266 1457 2294 dulci
1471 2265 1588 2296 miscuit,
1615 2269 1643 2290 ιιι
1656 2261 1840 2289 sanctissimas

228 2332 306 2360 libris
328 2330 442 2357 solidum
469 2326 627 2361 eloquentia:
654 2325 745 2355 robur,
771 2330 852 2355 quam
871 2320 1009 2355 ingeniose

229 2377 366 2412 politeque
388 2373 523 2401 scribendi
544 2371 639 2406 copia,
660 2377 741 2404 quam
761 2371 840 2394 acuta
862 2365 1009 2392 sententia-

230 2430 290 2450 rum
305 2423 441 2450 venustas,
463 2425 521 2445 eam
543 2422 571 2443 ut
595 2415 711 2443 solitudo
735 2422 789 2441 non
811 2412 1008 2442 obscuraverit,

230 2476 282 2495 non
299 2465 456 2493 exstinxerit
482 2462 641 2490 austerioris
670 2461 730 2487 vitae
750 2459 893 2493 asperitas.
919 2458 1011 2490 Quan-

230 2521 312 2548 quam
330 2512 381 2539 hoc
395 2510 502 2545 quidem
530 2509 598 2535 inter
613 2512 755 2540 utrumque
768 2505 912 2532 discrimen
935 2509 1012 2535 repe-

231 2559 328 2592 riatur,
345 2557 414 2592 quod
430 2555 489 2589 plus
503 2553 644 2580 admodum
665 2552 734 2579 seria
753 2551 789 2578 sit
806 2550 898 2576 Basilii
912 2549 1010 2579 oratio,

231 2603 354 2640 Gregorii
373 2610 437 2628 vero
453 2601 511 2636 plus
535 2600 631 2626 habeat
646 2597 726 2624 vividi
744 2596 818 2628 salis,
834 2595 892 2630 plus
906 2593 1009 2629 gratiae.

269 2651 295 2676 Id
319 2648 370 2675 sibi
390 2647 475 2679 magis
499 2644 622 2672 sumebat
643 2642 697 2672 ille.
719 2646 748 2668 ut
772 2641 874 2667 animos
893 2641 1012 2665 moveret

233 2695 423 2728 flecteretque;
451 2692 493 2719 hic
519 2698 582 2717 vero
608 2689 692 2723 magis
706 2688 787 2714 etiam
809 2691 837 2712 ut
856 2685 1011 2712 delectaret.

233 2739 390 2768 Orationem
408 2738 452 2765 illc
476 2735 561 2769 magis
584 2736 730 2769 copiosam,
749 2731 928 2764 uberibusque
952 2735 1014 2754 scn-

236 2786 327 2812 teutiis
341 2784 489 2818 pleniorem
504 2780 677 2811 eliundchat;
702 2778 744 2804 hic
767 2784 829 2803 vero
851 2775 908 2810 plus
930 2773 1015 2799 abun—

235 2832 316 2858 dabat
329 2830 427 2864 lepore.
443 2828 501 2862 plus
515 2826 637 2861 argutiis.
655 2824 752 2851 Suavis
771 2822 878 2857 quidem
890 2819 1014 2849 etfortis,

235 2878 282 2904 sed
298 2877 387 2902 nativa
404 2874 493 2908 plane,
509 2878 535 2898 ct
545 2871 610 2897 nihil
626 2871 659 2897 ab
671 2874 730 2896 arte
745 2870 865 2894 mutuata
881 2863 1014 2899 praesidii,

235 2930 296 2950 sese
317 2921 387 2948 ultro
409 2919 498 2946 Basilii
523 2917 651 2953 prodebat
675 2913 839 2949 eloquentia.
872 2911 929 2938 lluc
951 2915 1016 2936 vero

1061 2316 1169 2343 virtutis
1184 2315 1388 2350 praeceptiones,
1414 2311 1484 2339 dulci
1500 2311 1614 2345 quodam
1630 2307 1776 2343 voluptatis
1796 2314 1840 2333 sa-

1060 2370 1125 2397 pore
1141 2362 1262 2389 conditas
1289 2359 1414 2387 libentius
1429 2358 1651 2393 degustaremus;
1672 2360 1751 2388 atque
1775 2354 1841 2380 adeo

1061 2410 1134 2436 varia
1151 2409 1208 2444 ipse
1218 2414 1305 2441 eaque
1315 2404 1498 2432 exeultissima
1515 2402 1623 2437 scripsit
1636 2404 1769 2435 poemata,
1780 2406 1844 2433 quo-

1062 2463 1120 2482 rum
1136 2456 1157 2481 si
1167 2454 1200 2481 ad
1218 2455 1403 2486 argumentum
1419 2454 1536 2484 spectas,
1553 2447 1642 2475 omnia
1668 2452 1778 2480 prorsus
1800 2451 1842 2471 se-

1063 2500 1113 2531 ria,
1131 2499 1167 2526 nil
1185 2498 1235 2525 nisi
1249 2497 1384 2524 Christum
1412 2495 1592 2528 pietatemque
1615 2491 1718 2526 spirant
1742 2498 1749 2517 :
1771 2490 1791 2516 si
1808 2488 1842 2516 ad

1062 2545 1170 2581 stylum,
1190 2542 1255 2570 nihil
1283 2540 1438 2568 conciunins
1469 2538 1616 2568 faciliusve,
1645 2540 1673 2562 ut
1700 2535 1842 2562 llotnerutn

1064 2579 1150 2624 possis
1165 2593 1320 2622 agnoscere.
1345 2583 1471 2612 Carmina
1490 2589 1551 2608 vero
1572 2579 1693 2614 Gregorii
1720 2586 1781 2606 cum
1796 2585 1843 2612 ap-

1063 2635 1142 2668 pello,
1159 2641 1190 2659 ea
1206 2640 1258 2659 non
1274 2631 1388 2665 appello,
1406 2636 1466 2663 quae
1478 2628 1580 2654 micant
1595 2625 1689 2652 ilt'lilio
1704 2631 1842 2659 poetarum

1064 2679 1135 2710 fuco,
1163 2676 1389 2708 utendacibusqnc
1418 2672 1568 2699 fabularum
1596 2670 1739 2705 pigmentis
1767 2669 1843 2700 illita,

1065 2725 1110 2751 sed
1131 2730 1190 2757 qua:
1217 2722 1323 2748 sincera
1339 2719 1462 2746 veritatis
1494 2718 1552 2744 luce
1566 2716 1772 2750 splendescunt;
1786 2721 1846 2748 qua:

1066 2768 1171 2797 miram,
1192 2766 1312 2799 simplice
1326 2765 1374 2791 sub
1391 2763 1472 2795 cultu,
1486 2766 1613 2796 promunt
1631 2759 1846 2787 artificisinveu-

1068 2814 1166 2840 tionem
1189 2819 1248 2838 cum
1273 2809 1401 2844 singulari
1429 2808 1561 2835 Sermonis
1586 2805 1717 2838 elegantia
1737 2804 1847 2839 ccajuu-

1067 2865 1151 2891 ctam;
1174 2865 1233 2892 qua:
1251 2857 1355 2884 demum
1373 2855 1490 2881 nativam
1519 2853 1625 2887 sapiunt
1653 2851 1739 2878 felicis
1757 2850 1849 2884 cujus-

1068 2906 1129 2932 dam
1144 2903 1244 2938 iugcnii
1269 2901 1463 2932 amu:nitatcm,
1483 2900 1582 2927 nemini
1597 2898 1673 2926 facile
1690 2897 1850 2931 parabilem.
