2055 3130
234 173 283 200 Ωιι
963 180 1045 209 ΜΟΝΙ

1052 181 1131 210 TUM.
1810 187 1863 214 252

235 236 294 264 qua:
320 234 408 257 tamen
426 231 452 258 in
474 231 605 268 Gregorio
633 242 684 261 non
708 234 801 264 labore
818 237 940 271 qumsita,
973 239 1020 266 sed
1035 243 1057 270 Α
1073 247 1125 274 que
1145 239 1332 274 ampliﬁcanda
1362 247 1499 272 aerumnae,
1526 246 1646 276 spectata
1664 243 1778 278 denique
1803 244 1862 272 orbi

235 276 326 303 innata
341 281 422 311 atque
438 277 516 304 insita
536 279 669 307 videatur.
1075 285 1229 313 Christiano
1257 285 1410 313 sanctitatis
1434 286 1505 313 fama
1535 288 1690 315 felicissime
1723 276 1861 315 consocia‘

269 320 337 348 llinc
355 321 422 350 adeo
436 323 609 352 doctissimos
625 325 685 353 illos
702 325 830 355 Ecclesia:
844 327 938 356 Patres
956 336 1023 363 quos
1075 335 1156 364 runt;
1174 331 1200 358 in
1214 332 1238 359 id
1257 332 1338 359 etiam
1349 334 1426 368 quasi
1441 338 1532 361 mutuo
1545 334 1615 361 inter
1630 342 1660 362 se
1682 334 1772 362 animo
1788 335 1863 362 dice-

234 374 339 415 morum
354 369 533 397 sanctimonia
552 375 634 405 atque
649 372 790 407 integritas
813 374 883 407 vitm,
899 375 1022 402 solitudi—
1076 385 1118 405 res
1130 378 1309 412 conspirasse.
1327 384 1354 405 ut
1370 386 1403 406 ne
1423 380 1486 414 quid
1500 380 1525 406 in
1543 381 1640 408 studiis
1656 388 1808 415 peccemus,
1822 380 1862 406 le-

235 411 277 438 nis
289 411 499 459 litterarumque
513 422 599 447 amor,
613 416 736 444 veritatis
750 418 879 451 studium,
896 419 1022 454 eloquen-
1075 430 1122 456 ges
1148 411 1218 449 alter
1233 423 1311 449 nobis
1334 411 1467 451 statueret
1491 432 1559 459 quas
1584 429 1642 452 tuto
1656 411 1860 459 sequeremur;

236 456 346 484 tiaslaus
365 458 475 491 eximia,
500 461 588 488 sudati
617 469 665 494 pro
691 462 801 491 Christo
827 464 854 490 in
878 465 1022 500 episcopali
1076 468 1155 495 nobis
1171 468 1239 495 alter
1253 468 1362 503 pietatis
1378 469 1482 503 plenam
1501 456 1630 498 'studendi
1646 456 1786 498 materiem
1797 456 1862 498 sub;

234 509 345 530 munere
361 503 477 536 labores,
508 506 611 534 hausta:
635 516 683 542 pro
703 509 832 543 religione
857 511 967 538 tutanda
982 516 1023 539 at-
1077 512 1251 542 ministraret.

242 577 1844 604 ww

1609 590 1819 597 —————-

550 686 838 734 MONlTUM
879 691 940 734 IN
972 654 1161 736 ViTAM
1198 693 1565 747 SEQUENTEM

765 788 954 836 A'Gregorio
967 798 1150 839 presbytero
1167 800 1325 841 scriptam.

271 979 352 1017 Quis
376 980 418 1010 sit
452 980 506 1012 ille
524 980 709 1020 Gregorius.
727 981 835 1021 plures
859 981 1082 1021 exquisierunt
1104 984 1134 1012 et
1152 981 1376 1020 disputarunt;
1393 982 1448 1012 sed
1472 982 1548 1013 nihil
1568 983 1643 1014 certi
1659 988 1712 1015 aut
1727 984 1766 1015 de
1782 993 1852 1022 per-

233 1039 310 1061 sona
328 1034 383 1061 aut
400 1030 440 1062 de
454 1031 524 1070 ejus
538 1034 627 1062 aetate
644 1032 803 1071 proditum
821 1034 880 1062 est.
904 1031 1076 1075 Bollandus
1098 1031 1150 1071 (α),
1176 1032 1313 1062 Vossius
1347 1035 1378 1063 et
1395 1032 1448 1063 alii
1468 1033 1570 1064 Vitam
1601 1034 1681 1066 hanc
1693 1036 1858 1067 ascribunt

234 1081 371 1120 Georgio
385 1081 536 1113 Cmsareze
551 1082 757 1122 Cappadociae
773 1082 971 1122 presbytero,
992 1082 1047 1122 qui
1066 1082 1098 1112 in
1118 1081 1237 1112 laudem
1248 1081 1380 1113 Patrum
1393 1082 1591 1114 Nicwnarum
1606 1085 1782 1117 oralionem
1800 1085 1856 1116 ha-

233 1130 313 1161 buit.
331 1131 372 1161 At
385 1139 451 1171 quo
467 1135 610 1171 tempore
627 1131 742 1163 vixerit
768 1131 925 1171 Georgius
953 1132 1025 1169 iste,
1054 1137 1201 1163 auctores
1229 1132 1315 1163 inter
1348 1141 1383 1163 se
1413 1141 1476 1164 non
1499 1136 1717 1167 consentiunt.
1732 1137 1857 1168 Bollan-

232 1183 293 1213 dus
310 1183 438 1223 quidem
452 1206 461 1220 ,
493 1184 625 1216 ineunte
653 1185 790 1224 septimo
809 1184 928 1216 vixisse
956 1188 1063 1224 putat;
1078 1184 1215 1215 Vossius
1235 1192 1310 1215 vero
1325 1183 1378 1225 (ὁ),
1397 1185 1449 1215 cui
1466 1184 1572 1216 favent
1586 1185 1810 1218 Henscheuius
1827 1189 1857 1217 et

231 1233 466 1272 Papebrochius
478 1233 529 1274 (c),
547 1233 652 1265 medio
665 1234 790 1266 circiter
807 1237 923 1266 saeculo
940 1236 1066 1267 decimo
1078 1234 1224 1266 ﬂoruisse
1237 1235 1370 1274 probare
1385 1235 1509 1272 nititur,
1520 1235 1577 1267 sed
1591 1235 1728 1274 frustra;
1745 1245 1803 1268 nec
1818 1235 1857 1267 ad

231 1293 291 1315 nos
307 1288 429 1324 spectat
449 1285 513 1317 ham
528 1286 726 1324 disceptatio,
740 1295 812 1318 cum
829 1287 916 1318 nulla
941 1287 1052 1318 saltem
1069 1287 1224 1326 probabili
1243 1287 1365 1318 ratione
1387 1287 1536 1318 concludi
1557 1288 1657 1327 possit
1681 1288 1856 1328 Georgium

232 1334 317 1365 hunc
331 1339 476 1366 nostrum
496 1343 566 1366 esse
595 1335 784 1374 Gregorium
802 1335 957 1375 Theologi
979 1336 1204 1375 biographum.
1233 1337 1358 1368 Interea
1378 1336 1452 1368 licet
1484 1345 1549 1377 quo
1567 1341 1710 1377 tempore
1741 1339 1857 1378 scripta

232 1384 331 1416 fuerit
344 1386 414 1426 ejus
431 1386 493 1417 vita
511 1394 575 1417 non
603 1390 717 1425 pateat,
737 1389 858 1417 constat
875 1390 979 1418 tamen
994 1387 1112 1418 saeculo
1128 1386 1252 1417 decimo
1267 1386 1401 1418 eruditis
1418 1388 1538 1426 optime
1562 1391 1667 1418 notam
1690 1389 1803 1426 fuisse,
1821 1393 1858 1422 ut

234 1438 312 1470 satis
328 1439 473 1470 enuntiat
489 1438 604 1475 oratio,
621 1439 680 1471 sub
698 1439 827 1470 initium
850 1439 946 1479 hujus
963 1439 1081 1476 saeculi,
1100 1439 1132 1469 in
1159 1439 1260 1478 prima
1275 1439 1377 1471 sancti
1399 1439 1538 1471 doctoris
1554 1439 1761 1471 translatione
1777 1442 1857 1472 reci-

233 1493 307 1527 tata,
323 1500 394 1530 quae
411 1492 491 1523 hanc
506 1492 610 1531 ipsius
629 1492 723 1523 vitam
755 1491 801 1523 sic
819 1492 1019 1523 commendat
1035 1502 1043 1522 :
1062 1492 1149 1523 «Hic
1163 1491 1261 1530 igitur
1283 1491 1335 1530 (de
1361 1492 1525 1531 Theologo
1553 1492 1697 1532 loquitur
1722 1492 1791 1531 [d]),
1821 1497 1856 1524 ut

231 1544 410 1583 conscripta
429 1544 468 1575 de
483 1544 554 1584 ipso
569 1545 639 1576 Vita
663 1544 787 1576 discere
804 1544 1010 1584 cupientibus
1033 1544 1239 1576 manifestum
1258 1544 1344 1581 facit,
1361 1544 1464 1576 natale
1478 1545 1583 1576 solum
1606 1549 1718 1575 nactus
1736 1544 1856 1584 Cappa-

232 1594 367 1625 dociam.
387 1595 526 1635 rLiquet
542 1595 617 1627 hinc
629 1596 818 1635 jamdudum
836 1596 951 1626 editam
976 1595 1078 1627 fuisse
1102 1595 1182 1626 hanc
1199 1595 1315 1632 Vitam,
1334 1595 1460 1636 lateque
1476 1595 1624 1626 diﬂ‘usam
1643 1598 1719 1626 tunc
1736 1599 1857 1635 tempo-

232 1645 288 1678 ris.
305 1646 340 1677 In
370 1655 486 1686 magno
504 1648 657 1679 Ecclesiae
672 1657 839 1684 consessu,
855 1647 992 1678 encomii
1024 1647 1106 1684 vice,
1120 1647 1254 1686 jubente
1282 1646 1434 1686 episcopo
1455 1647 1536 1678 lecta
1552 1651 1612 1683 est,
1628 1647 1713 1687 quod
1732 1647 1854 1678 exordii

233 1699 327 1730 verba
343 1700 495 1731 referunt.
520 1701 601 1732 Male
619 1701 799 1740 suspicatur
813 1701 973 1732 Adrianus
1001 1701 1113 1732 Baillet
1140 1701 1174 1730 in
1201 1699 1418 1731 translationis
1439 1699 1570 1737 gratiam
1599 1699 1723 1730 decimo
1739 1699 1855 1729 saeculo

232 1754 367 1786 peractae
392 1750 574 1782 adornatam
602 1751 716 1788 fuisse,
736 1761 808 1783 eum
825 1760 864 1782 ne
881 1752 1023 1783 minimis
1040 1751 1171 1791 quidem
1198 1751 1368 1782 momentis
1384 1750 1444 1781 hoc
1467 1749 1572 1788 colligi
1597 1750 1710 1790 possit.
1730 1750 1801 1780 Mox
1821 1753 1856 1780 ut

234 1800 371 1841 vulgata,
388 1801 451 1832 cito
467 1811 484 1832 c
499 1802 609 1834 Graeco
623 1802 656 1833 in
676 1803 823 1834 Latinum
842 1811 931 1833 versa
947 1806 995 1833 est
1011 1813 1020 1838 ;
1040 1802 1095 1833 sed
1114 1802 1152 1834 ad
1168 1809 1226 1832 nos
1244 1809 1347 1840 usque
1366 1809 1429 1831 non
1453 1800 1596 1839 pervenit
1611 1800 1681 1838 ejus
1700 1799 1856 1837 interpre'

233 1850 322 1887 talio,
337 1850 378 1882 de
403 1859 464 1891 qua
479 1851 590 1883 Billius
605 1851 670 1882 haec
688 1852 787 1883 edidit
804 1863 811 1882 :
827 1862 842 1880 α
857 1852 947 1884 Hanc
967 1851 1112 1890 Gregorii
1134 1851 1238 1882 Vitam
1262 1849 1426 1889 sexaginta
1447 1849 1518 1888 plus
1538 1850 1644 1880 minus
1670 1849 1764 1880 annis
1785 1853 1854 1887 post

237 1901 517 1939 nongentesimum
532 1911 548 1933 a
565 1902 692 1933 Christo
711 1907 785 1933 nato
799 1911 916 1933 annum
937 1903 1072 1942 primus,
1088 1910 1269 1941 quanquam
1287 1909 1417 1940 prorsus
1433 1900 1576 1936 barbare,
1594 1900 1752 1931 transtulit
1772 1901 1855 1930 Anu-

233 1950 351 1981 stasius
368 1951 511 1990 quidam,
529 1955 562 1982 nt
579 1956 764 1983 annotatum
782 1952 846 1984 vidi
863 1953 896 1983 in
916 1952 997 1983 libro
1012 1953 1147 1991 quodam
1166 1951 1382 1989 manuscripto
1394 1950 1602 1988 Dionysianm
1620 1949 1853 1980 bibliothecm.»

233 2000 341 2030 Patuit
364 2004 470 2033 tamen
491 2003 655 2033 advertere
681 2002 808 2040 Billius,
838 2006 874 2033 ut
890 2003 1037 2034 observat
1056 2002 1278 2038 Combetisius,
1297 2001 1501 2032 Anastasium
1535 2000 1620 2031 hunc
1640 2000 1855 2031 Bibliotheca—

237 2051 319 2082 riam
339 2060 422 2090 esse,
450 2053 507 2092 qui
527 2053 624 2084 multa
641 2054 700 2084 alia
716 2054 827 2085 Latine
843 2054 980 2085 reddidit
995 2054 1100 2085 Graeca
1118 2058 1338 2089 monumenta.
1355 2061 1413 2084 nec
1430 2060 1561 2092 prorsus
1588 2051 1631 2082 ita
1656 2051 1799 2087 barbare,
1818 2046 1854 2080 ul

237 2102 341 2140 ipsius
358 2102 444 2134 labor
460 2111 522 2134 non
540 2104 742 2136 desideretur
758 2109 811 2135 aut
826 2104 868 2134 sit
889 2104 1128 2135 inutilis.Vixit
1142 2103 1329 2135 Anastasius
1347 2103 1399 2134 ille
1417 2102 1535 2134 saeculo
1554 2109 1663 2139 nono;
1682 2101 1755 2132 hinc
1771 2104 1854 2131 recte

234 2152 416 2192 cenjicitur,
434 2162 505 2184 eum
523 2154 796 2193 interpretationis
813 2155 853 2186 sit
869 2158 990 2192 auctor,
1008 2155 1150 2194 Gregorii
1162 2155 1267 2186 Vitam
1284 2153 1394 2185 saltem
1411 2153 1527 2184 saeculo
1542 2156 1653 2184 octavo
1670 2152 1769 2183 fuisse
1785 2161 1857 2183 eon-

234 2203 394 2243 scriptam.

270 2299 308 2371 2n;
322 2300 354 2328 13
366 2300 486 2341 Ianuar"
503 2311 529 2337 p.
546 2302 607 2330 781.

283 2337 297 2362 b
319 2336 357 2363 De
368 2337 487 2364 historic.
509 2336 594 2365 εἶναι.
607 2343 630 2365 et
642 2337 728 2366 Latin.

1094 2302 1128 2334 to)
1141 2301 1157 2328 9
1172 2301 1243 2333 Maii,
1260 2308 1285 2336 p.
1301 2301 1362 2328 569.

676 2338 728 2366 uin.
1093 2337 1132 2371 (d)
1152 2337 1282 2369 Bull:lml.,
1296 2337 1312 2364 9
1330 2336 1401 2369 Maii,
1416 2345 1442 2371 p.
1455 2337 1487 2365 45

283 2336 308 2371 b)
319 2336 357 2363 De
368 2337 487 2364 historic.
509 2336 594 2365 (ἔναυε.
607 2343 630 2365 et
642 2337 728 2366 Latin.
1093 2351 1094 2356 η

707 2347 728 2366 η,
1093 2337 1132 2371 (d)
1152 2337 1282 2369 BUHLIHLL,
1296 2337 1312 2364 9
1330 2336 1401 2369 Maii,
1416 2345 1442 2372 p.
1455 2337 1518 2366 450.
