2055 3130
219 183 273 210 2ἰ5

712 185 878 214 AUCTORE
898 185 1079 216 GREGORIO
1098 183 1334 218 PRESBYTERO.

1793 189 1846 216 246

221 242 293 276 ἡμᾶς
312 242 411 278 ἀρετῆς
427 242 570 279 ἀλογῆσαι,
581 244 609 280 ἢ,
624 244 662 278 τῷ
680 244 729 280 βίῳ
745 245 937 282 προτιθεμένη,
949 247 1013 273 πολ-

1064 248 1175 282 urgendi
1194 249 1273 276 linem
1293 249 1424 277 facturum
1447 248 1609 280 minabatur,
1625 251 1705 282 atque
1721 246 1789 273 banc
1804 247 1847 273 in-

220 287 281 319 λοὺς
295 287 328 314 ἂν
352 289 531 324 προτρέψειεν
545 291 586 322 εἰς
609 291 658 326 τὴν
674 291 800 327 μίμησιν.
814 293 861 319 καὶ
873 293 922 319 οὐκ
936 293 1010 320 ἐάσει

220 334 250 360 τὸ
272 334 351 361 καλὸν
371 335 492 370 ἐξίτηλον
514 336 571 371 (12)
596 336 732 370 γενέσθαι,
754 337 844 370 λόγοις
870 339 926 370 τοῖς
951 338 1010 365 καθ’

220 381 325 417 ἡμέραν
340 382 495 408 καινοποιού
500 391 589 417 μενον.

1065 295 1145 321 dultze
1162 295 1227 322 mihi
1255 296 1371 330 originis
1389 295 1611 329 educationisque
1631 293 1782 320 mercedem
1808 293 1849 318 ef-

1064 339 1211 376 ﬂagitabat.
1242 342 1352 376 Deinde,
1372 350 1406 369 ne
1429 342 1501 376 pium
1523 341 1631 375 quidem
1658 344 1685 366 et
1714 339 1755 366 las
1782 337 1847 365 mihi

1065 393 1125 413 esse
1137 387 1254 419 videtur,
1274 387 1373 414 nullam
1388 392 1470 415 tantae
1483 386 1590 413 virtutis
1614 385 1745 413 rationem
1763 384 1846 410 babe-

223 434 347 462 re,quaz,
366 427 389 454 si
419 428 480 454 vitae
513 427 638 455 humanae
670 434 876 463 proponeretur,
912 430 1011 458 mullos
1024 430 1137 458 fortasse
1164 432 1196 459 ad
1226 432 1423 460 aemulationem
1453 436 1620 468 provocarat,
1647 438 1698 458 nec
1720 430 1847 457 virtutem

222 473 307 507 ipsam
325 472 406 500 dilabi
423 477 506 507 alque
524 480 688 500 evanescere
712 474 824 506 sineret,
840 475 1005 510 quotidiauis
1024 475 1153 503 nimirum
1175 477 1350 505 sermonibus
1371 478 1487 505 subinde
1501 476 1723 504 eﬂlorescentem.

255 521 323 556 Φέρε
343 520 375 555 δὴ
391 517 447 552 οὖν,
470 521 520 556 τὴν
541 520 674 556 ἀναϐολὴν
694 521 873 557 ἀποθέμενος,
899 523 1008 558 ἀπαρχῇ

221 565 274 593 τῶν
298 565 372 600 ἐμῶν
397 565 493 600 λόγων,
517 563 573 592 οἷόν
591 575 646 593 τισι
675 568 845 603 νεοδρέπτοις
859 569 1010 604 γεννήμαπι

224 611 387 646 στεφανώσω
401 612 446 638 τὸν
461 611 601 645 Θεολόγον,
615 614 639 639 εἰ
655 614 705 639 καὶ
717 614 765 648 τῆς
781 614 859 647 ἀξίας
881 614 1011 641 καταδεέ-

223 666 317 693 στερον
334 658 401 693 (15),
418 657 485 684 ἀλλὰ
500 658 548 693 τῆς
562 658 716 694 προθυμῐας
732 659 806 686 οὐδὲν
819 660 951 687 ἐλλεῖπον.
964 659 1010 687 Οἷ-

226 711 274 738 μαι
296 702 335 733 δὲ,
354 703 391 734 ὡς
407 704 435 729 ὲν
453 704 519 730 πᾶσι
544 703 646 735 τέλειος
672 705 686 730 ὁ
706 704 787 740 ἀνὴρ,
812 704 950 732 καὶτοῦτο
965 714 1012 741 με-

223 748 328 783 τριάσει
342 748 387 774 τὸν
406 748 470 783 παρ’
483 747 550 782 ἐμοῦ
573 748 693 775 ἔπαινον·
710 749 803 785 ἐπειδὴ
824 750 871 776 καὶ
884 751 948 784 φίλα
961 759 1012 777 πα-

224 793 302 828 τράσι
310 792 344 819 τὰ
352 793 407 819 τῶν
416 793 521 828 νηπίων
535 794 714 828 ψελλίσματα,
732 794 761 827 ἐξ
772 795 885 830 ἀτέχνου
897 796 1012 831 μάλιστα

225 839 352 874 προϊόντα
365 839 414 874 τῆς
429 839 558 871 διανοίας,
574 839 590 874 ἢ
606 839 659 866 τῶν
670 839 780 866 τελείων
795 841 820 866 οἰ
836 840 1012 876 ἐμϐριθέστε-

225 894 268 920 ροι
283 885 338 920 (14)
357 884 431 918 λόγοι
447 885 494 912 καὶ
508 885 543 912 τὰ
559 885 664 920 σοϐαρὰ
675 886 895 921 λαρυγγίσματα.
916 887 1012 913 Ἔσται

223 931 252 957 δὲ
259 931 332 966 αὐτῷ
340 932 387 958 καὶ
395 931 546 966 οἱκειοτάτη
557 931 613 966 (15)
625 933 641 967 ἡ
652 931 695 958 διὰ
704 932 758 958 τῶν
766 932 852 966 λόγων
869 933 936 968 τιμή
946 932 1011 967 (16).

224 973 273 1008 Οἷς
289 977 342 1012 γὰρ
363 977 477 1008 ἕκαστος
492 977 596 1012 ἥδεται,
608 977 712 1009 τούτοις
728 977 813 1013 δήπου
826 979 873 1004 καὶ
889 978 1011 1014 τιμώμε-

225 1031 268 1054 νος
281 1024 410 1057 γάννυται
437 1023 502 1058 (l7).
518 1024 573 1050 Καὶ
599 1024 623 1049 εἰ
647 1022 701 1054 ζῶν
719 1022 758 1049 ἑτι
779 1023 835 1058 (18)
851 1024 1013 1058 σωματικῶς
1029 1046 1049 1073 Β

225 1069 332 1095 πάντων
358 1069 508 1103 κτημάτων
534 1069 596 1100 τοὺς
610 1068 706 1102 λόγους
724 1069 867 1104 ἠλλάξατο,
883 1070 932 1096 καὶ
957 1070 1013 1103 τὴν

226 1114 337 1148 σοφίαν
349 1115 516 1148 περιλαϐὼν
532 1114 582 1140 καὶ
594 1113 732 1148 ἐρασθεὶς
744 1113 846 1147 αὐτῆς,
859 1115 908 1141 καὶ
923 1124 1012 1149 τηρη-

225 1159 286 1192 θεὶς
299 1158 462 1193 ὑπἀὐτῆς,
480 1158 671 1194 παῳιμιακῶς
686 1160 782 1185 εἰπεῖν’
796 1159 854 1191 πῶς
869 1160 938 1195 οὺχὶ,
966 1160 1013 1186 καὶ

225 1205 279 1231 τῶν
292 1205 355 1240 τῇδε
381 1204 564 1238 ἀπολειφθεὶς,
588 1204 636 1230 καὶ
659 1204 728 1240 πρὸς
743 1204 792 1240 τὴν
815 1204 936 1240 καθαρὰν
967 1206 1013 1232 καὶ

227 1250 354 1285 φρονήσει
373 1249 577 1284 πλησιάζουσαν
601 1248 673 1285 ζωὴν
697 1249 880 1285 μεταθέμενος
896 1251 931 1277 τὰ
945 1259 1014 1287 παρ-

224 1295 299 1327 όντα,
316 1294 420 1326 τούτοις
436 1294 584 1330 γαυροῦταί
595 1303 626 1321 τε
641 1295 721 1321 πλέον
737 1295 790 1331 (l9)
803 1297 849 1322 uel.
856 1296 1011 1331 ἀγάλλεταις

233 1342 320 1377 ’Υμᾶς
343 1342 372 1368 δὲ
400 1341 540 1377 αἰτοῦμαι,
565 1340 588 1368 ὦ
611 1342 670 1378 ἱερὰ
696 1343 858 1378 πανήγυρις,
884 1343 921 1379 μὴ
946 1344 1013 1379 πρὸς

227 1388 369 1423 ἀκρίϐειαν
381 1388 412 1414 τὸ
435 1388 538 1423 πλῆθος
565 1388 619 1414 τῶν
634 1388 731 1423 ἐκείνῳ
742 1388 964 1424 κατωρθωμένων
976 1390 1014 1416 δι-

227 1433 396 1469 ερευνᾶσθαι·
415 1433 521 1469 πρῶτον
539 1434 596 1469 μὲν,
612 1434 653 1460 ὅτι
672 1434 708 1469 μὴ
717 1435 775 1460 κατ’
789 1434 858 1469 ἐμὴν
871 1435 984 1470 δύναμιν
997 1436 1012 1471 ἢ

228 1479 394 1515 ὑποσχέσθαι
420 1479 508 1511 τοῦτο,
526 1479 543 1515 ἢ
567 1480 754 1507 ἀπαιτεῖσθαι”
773 1479 878 1513 ἔπειτα,
891 1481 931 1508 ὃτι
948 1481 1014 1516 μηδέ

227 1534 267 1557 τις
282 1524 317 1552 τὰ
333 1525 480 1552 κατάὺτὸν
495 1527 560 1562 ἡμῖν
576 1526 722 1562 γεγραφὼς
734 1527 937 1554 καταλέλοιπεψ
947 1528 1015 1555 ἀλλὰ

228 1571 365 1607 σποράδην
378 1572 409 1598 ὲκ
424 1572 478 1598 τῶν
495 1572 578 1598 αὑτοῦ
592 1572 719 1604 συλλέξας
738 1573 825 1607 λόγων
842 1573 873 1599 τὰ
889 1574 947 1599 κατ’
967 1574 1015 1599 αὐ-

227 1617 283 1649 τὸν,
310 1618 446 1654 μιμοῦμαι
461 1620 523 1650 τοὺς
536 1618 699 1653 λιθολόγους,
714 1620 748 1652 οἳ,
758 1620 943 1655 κατασμικρὺν
965 1620 1015 1652 τὰς

227 1664 346 1699 ψηφῖδας
361 1665 576 1700 συνηθροικότες,
602 1666 640 1697 εἰς
655 1665 718 1701 μίαν
731 1665 805 1692 οἴκου
820 1667 1014 1702 συμπλήρωσιν

229 1710 350 1741 ἅπαντας
368 1711 423 1745 (20)
441 1710 663 1746 συναρμόζουσιν.

1098 525 1156 560 Age
1172 525 1266 560 igitur,
1288 525 1460 552 cunctatione
1480 524 1552 551 omni
1578 524 1675 559 posita,
1692 530 1846 550 sermonum

1064 578 1186 598 meorum
1206 571 1342 606 primitiis,
1366 571 1442 605 quasi
1469 569 1600 597 fructibus
1624 569 1784 603 quibusdam
1804 575 1847 595 re-

1062 624 1126 644 cens
1137 617 1283 651 decerptis,
1302 624 1427 643 coronam
1449 615 1583 650 Theologo
1603 619 1720 646 nectam,
1737 613 1760 641 si
1779 613 1848 648 qui—

1062 663 1122 690 dem
1142 663 1213 690 illius
1243 663 1340 690 merito
1366 670 1397 689 ac
1416 661 1540 697 dignitati
1563 661 1704 694 imparem,
1719 664 1748 687 at
1773 664 1847 686 certe

1063 709 1168 736 viribus
1182 708 1294 740 nostris,
1315 708 1452 742 animique
1469 707 1619 739 alacritate,
1641 705 1846 740 haudquaquam

1063 755 1231 782 inferiorem.
1248 754 1287 780 Ac
1310 754 1428 780 futurum
1445 753 1550 787 opinor,
1573 757 1603 778 ut
1616 752 1658 778 vir
1680 751 1734 783 ille,
1751 758 1847 784 quem-

1063 801 1207 828 admodum
1223 800 1249 826 in
1263 799 1389 827 omnibus
1403 799 1538 834 perfectus
1549 803 1602 830 est,
1617 797 1652 824 ita
1667 805 1772 832 quoque
1788 797 1847 823 lau-

1064 847 1199 874 dationem
1229 845 1301 872 hanc
1336 850 1454 872 nostram
1482 851 1559 878 ωρυο
1585 844 1677 870 animo
1702 841 1816 876 accipiat
1838 849 1846 867 :

1065 891 1284 926 quandoquidem
1302 895 1330 918 et
1346 890 1551 918 balbutientium
1571 889 1711 915 infantium
1726 895 1848 915 sermun-

1063 937 1127 968 culi,
1150 944 1164 962 a
1185 936 1300 970 simplici
1316 936 1432 963 maxime
1448 935 1538 962 animo
1553 934 1726 969 prodeuntes,
1749 940 1848 967 paren—

1064 982 1134 1009 tibus
1157 981 1331 1015 iucundiores
1359 989 1420 1009 esse
1445 981 1548 1015 solent,
1573 988 1652 1015 quam
1681 978 1848 1006 robustiores

1064 1029 1215 1056 adultorum
1234 1035 1384 1060 sermones,
1406 1031 1432 1055 et
1447 1034 1544 1062 graves
1571 1034 1602 1054 ac
1626 1025 1769 1060 pbaleratae
1787 1031 1850 1050 ora-

1064 1075 1159 1101 tiones.
1180 1074 1248 1107 Quin
1264 1079 1291 1100 et
1309 1074 1365 1108 ipse
1381 1080 1537 1100 sermonum
1548 1073 1632 1100 honor
1643 1071 1680 1098 illi
1696 1078 1775 1105 quam
1790 1069 1848 1104 pul-

1065 1120 1203 1147 cherrime
1222 1124 1363 1154 congruet.
1379 1119 1483 1152 Quibus
1500 1119 1570 1146 enim
1588 1117 1669 1144 rebus
1679 1116 1790 1151 quisque
1801 1115 1849 1142 de-

1066 1165 1194 1196 lectatur,
1211 1165 1305 1193 iisdem
1327 1173 1433 1200 quoque
1453 1164 1575 1199 proiecto
1591 1162 1718 1191 honorari
1735 1161 1849 1188 miriﬁce

1063 1213 1172 1247 gaudet.
1195 1212 1327 1246 Cumque,
1352 1217 1508 1245 corpoream
1537 1209 1624 1236 adhuc
1642 1209 1724 1235 vitam
1756 1214 1848 1242 agens,

1064 1258 1193 1285 doctrina:
1215 1262 1242 1284 et
1263 1257 1424 1290 eloquentia:
1441 1256 1528 1283 studia
1548 1255 1673 1283 omnibus
1685 1254 1781 1289 opibus
1807 1254 1848 1280 lo-

1064 1303 1268 1337 cultatibusque
1292 1302 1451 1338 prmtulerit,
1468 1302 1676 1336 sapientiamque
1700 1300 1849 1334 complexus

1064 1353 1140 1383 atque
1160 1357 1250 1375 αιτιοι-ε
1280 1353 1444 1382 prosecutus,
1466 1346 1498 1373 ab
1523 1354 1613 1380 eaque.
1629 1351 1658 1372 ut
1672 1349 1713 1373 est
1738 1345 1763 1372 in
1782 1344 1849 1371 Pro-

1064 1395 1164 1422 verbiis
1181 1394 1213 1427 ⁷⁵,
1251 1398 1419 1421 conservatus
1447 1393 1549 1428 fuerit:
1571 1393 1645 1419 eccui
1673 1392 1780 1418 tandetn
1802 1390 1851 1417 du-

1064 1440 1138 1467 bium
1162 1447 1222 1467 esse
1237 1440 1330 1474 possit,
1348 1440 1411 1474 quin
1440 1447 1510 1466 nunc
1524 1445 1640 1473 quoque,
1656 1445 1717 1465 cum
1740 1444 1784 1464 res
1802 1436 1850 1462 hu-

1065 1493 1158 1513 manas
1176 1485 1327 1520 reliquerit,
1357 1493 1388 1512 ac
1404 1489 1563 1520 praaseutem
1583 1485 1666 1511 vitam
1693 1490 1755 1511 cum
1783 1489 1850 1517 pura

1066 1531 1111 1558 illa
1125 1539 1157 1558 ac
1173 1531 1360 1566 intelligentiae
1380 1532 1529 1567 propinqua
1547 1530 1731 1560 commularit,
1750 1527 1851 1555 oratio-

1066 1577 1145 1605 nibus
1165 1583 1192 1605 et
1218 1578 1368 1612 impensius
1393 1578 1490 1612 gestiat
1516 1582 1543 1604 et
1573 1575 1708 1604 exsultet?
1735 1575 1757 1601 Α
1774 1573 1851 1600 vobis

1066 1629 1154 1650 autem
1185 1629 1263 1659 peto,
1285 1629 1456 1652 sacrosancte
1476 1629 1572 1656 costus,
1596 1630 1630 1650 ne
1641 1623 1767 1650 virtutum
1782 1620 1852 1647 illius

1067 1670 1268 1698 multitudinem
1298 1670 1453 1697 accuratius
1483 1669 1658 1703 exactiusque
1677 1671 1852 1702 perscrutan-

1029 1712 1050 1741 C
1068 1717 1128 1742 dam
1148 1721 1230 1751 atque
1248 1716 1427 1752 indagandam
1441 1716 1550 1751 putetis.
1570 1715 1701 1745 Primum,
1720 1713 1781 1747 quia
1798 1719 1852 1738 non

229 1761 267 1782 ca:
281 1763 348 1783 mere
359 1756 430 1783 vires
440 1761 553 1788 sunt,ut
569 1757 609 1783 vel
627 1758 677 1784 hoc
694 1757 752 1792 ipse
771 1757 891 1791 polliceri
911 1765 1018 1792 queam,
1034 1761 1075 1787 vel
1090 1769 1137 1789 vos
1154 1770 1169 1789 a
1185 1769 1228 1789 me
1240 1763 1349 1797 exigere
1383 1763 1513 1789 debeatis.
1537 1761 1659 1794 .Deinde,
1676 1761 1737 1795 quia
1753 1767 1804 1787 nec
1820 1760 1852 1786 il-

230 1801 280 1828 lius
288 1801 369 1828 vitam
379 1802 521 1836 quisquam
538 1802 635 1830 litteris
648 1803 834 1837 consignatam
852 1803 929 1830 nobis
942 1805 1068 1839 reliquit;
1085 1815 1176 1834 verum
1187 1808 1270 1842 ipsius
1288 1809 1342 1835 vita
1357 1816 1387 1835 ex
1407 1808 1465 1842 ejus
1478 1808 1588 1842 scriptis
1600 1807 1714 1842 sparsim
1727 1806 1851 1839 collecta,

231 1849 346 1876 latomos
367 1850 468 1882 imitor,
498 1851 543 1884 qui
567 1855 741 1886 posteaquam
771 1850 872 1885 lapides
895 1851 1023 1885 paulatim
1043 1860 1228 1888 aggesserunt,
1263 1855 1299 1882 ita
1332 1856 1438 1882 demum
1453 1855 1486 1882 ad
1504 1862 1585 1882 uuam
1609 1853 1784 1888 eamdemque
1803 1852 1852 1880 do-

231 1903 302 1922 mum
316 1897 523 1923 construendam
541 1900 568 1923 et
588 1896 778 1924 alisolvendam
793 1904 839 1923 eas
852 1905 946 1925 omnes
960 1902 1171 1929 accommodant.

277 1942 360 1978 Ἀρχὴ
373 1942 402 1968 δὲ
419 1942 461 1986 τιῖί
473 1942 545 1977 λόγῳ
560 1943 627 1977 (21),
641 1942 701 1969 ὅθεν
726 1942 856 1978 ἄρχεσθαι
877 1944 1012 1978 πρεπωδέ-

231 1996 326 2014 στατον
348 1988 413 2022 (‘22).
431 1989 533 2022 Πατρὶς
552 1988 601 2023 μὲν
622 1988 696 2023 αὐτῷ
712 1988 854 2024 ήδευτέρα
873 1988 927 2015 τῶν
940 1990 1018 2016 Καπ-

230 2032 365 2065 παδοκῶν,
379 2033 455 2064 πόλις
467 2033 496 2059 δὲ
512 2033 663 2066 Ναζιανζός
678 2033 745 2069 (οόν
762 2034 822 2068 ἥτις
838 2033 958 2069 τοσούτῳ
970 2043 1018 2060 πε-

232 2079 413 2115 ριφανεστέρα
440 2080 552 2114 γέγονεν
563 2080 590 2113 ἐξ
604 2081 719 2112 ἐκείνου,
731 2080 767 2112 ὡς
782 2080 862 2116 μέχρι
874 2081 1016 2116 τερμάτων

229 2126 278 2160 τῆς
291 2126 451 2161 οἰκουμένης
461 2126 494 2152 δι’
508 2127 611 2152 ἐκεῖνον
623 2126 813 2162 γνωρίζεσθαι.
830 2127 867 2153 Οὐ
885 2127 938 2163 γὰρ
952 2126 1018 2162 μᾶλ-

232 2180 274 2198 λον
299 2172 333 2198 δι’
362 2171 534 2207 Ἀλέξανδρον
561 2172 740 2208 εὑκλεεστάτη
763 2172 893 2208 Πέλλη,ἣ
915 2173 1017 2208 Πέρσαι

229 2218 274 2245 διὰ
291 2217 381 2254 Κῦρον
406 2219 472 2254 πρὸς
484 2219 561 2252 δόξαν
580 2219 705 2246 τοσοῦτον
719 2219 854 2255 ἥρθησαν,
866 2220 928 2246 ὅσον
944 2220 1014 2255 αῦτη

230 2263 273 2290 διὰ
283 2264 327 2290 τὸν
349 2263 434 2300 μέγαν
447 2264 605 2300 Γρηγόριον.
622 2265 701 2291 ’Ὥστε
722 2274 766 2300 μοι
779 2265 865 2292 δοκεῖν
883 2265 938 2301 (24)
970 2266 1016 2292 καὶ

231 2310 341 2345 ἀπέχειν
357 2310 441 2345 αὐτὴν
461 2311 495 2337 τὰ
510 2312 624 2346 τροφεῖα
640 2311 683 2338 διὰ
697 2312 746 2348 τὴν
761 2311 861 2348 ἀρετὴν
883 2311 929 2338 τοῦ
943 2312 1016 2338 ὁσίου

264 2398 287 2414 ’⁸
301 2397 381 2426 Prov.
396 2407 432 2431 Iv,
445 2399 472 2426 6.

264 2487 319 2527 (l_2)
343 2487 410 2515 Cod.
434 2487 467 2515 P.
495 2487 521 2514 in
542 2492 598 2515 not.
629 2496 715 2523 marg.
745 2489 775 2515 τὸ
805 2489 888 2522 ἐγγὺς
918 2489 1016 2523 ἀφανι-

232 2530 297 2549 σμου
302 2543 308 2549 .

249 2531 319 2593 μῖἶέ)
336 2557 402 2593 Cod.
419 2557 466 2593 Or.
479 2557 682 2593 ὑποδεέστερον.

265 2591 310 2627 (14
329 2592 395 2619 Cod.
419 2592 501 2629 P._in
514 2598 577 2629 _not.
597 2591 680 2628 marg.
700 2592 885 2629 στερεώτεροι.
907 2594 967 2621 Mox
983 2596 1015 2620 ad

231 2627 402 2664 bauevocem
420 2627 533 2664 σοϐαρὰ,
551 2628 662 2664 ίιξηοοιι.
674 2627 754 2656 etiaui
771 2629 797 2656 in
814 2627 870 2656 not.
883 2637 966 2664 marg.
981 2630 1015 2656 τὰ

229 2661 317 2698 ὑᾴηλᾲ
329 2662 376 2698 καὶ
391 2661 557 2698 ἐπαιρόμενοι
568 2662 656 2696 λόγια.

264 2696 318 2732 (l5)
337 2696 402 2732 Cod.
419 2697 448 2725 P.
458 2696 624 2732 τιμιωτάτη.

264 2730 319 2769 (1ο)
333 2730 368 2769 >ln
383 2730 522 2769 edithoX
535 2730 721 2769 sequebantur
735 2733 793 2769 llaec
807 2734 887 2769 verba
900 2742 905 2759 :
917 2734 946 2760 Ει
961 2734 1014 2769 γὰρ

230 2766 258 2792 τὸ
274 2767 373 2792 οἰκεῖον
385 2767 483 2804 ’πιέζει
503 2768 566 2799 πᾶν,
590 2768 658 2794 κατά
670 2768 830 2804 κρίνδαρον.
858 2768 918 2795 Hmc
934 2766 1013 2796 verba

230 2808 289 2838 qum
305 2801 475 2838 reperiuntur
490 2808 558 2829 orat.
573 2810 610 2832 tv,
625 2810 651 2836 p.
667 2802 727 2835 13?,
743 2801 853 2838 conjicit
868 2804 960 2830 Billius
982 2812 1013 2831 ex

231 2835 391 2872 glossemate
405 2836 431 2862 in
444 2841 544 2863 textum
560 2837 700 2872 irrepsisse
713 2846 720 2864 :
733 2835 800 2864 cum'
811 2843 899 2865 autem
913 2838 1015 2866 illanec

231 2870 324 2904 legerit
340 2870 366 2897 in
380 2872 460 2898 variis
475 2871 553 2898 codd.
566 2870 652 2899 ncc‘in
669 2873 792 2899 versione
805 2880 851 2900 sua
865 2873 1013 2905 admiserit,

231 2904 343 2933 delenda
357 2905 550 2940 judicaviiuus,
564 2906 696 2941 siquidem
715 2908 811 2936 desunt
828 2908 854 2936 in
869 2908 934 2944 ipsis
949 2904 1016 2944 quos

1109 1948 1247 1976 Orationis
1261 1955 1343 1983 porro
1356 1948 1462 1974 initium
1481 1948 1544 1975 hinc
1556 1947 1694 1979 ducemus,
1712 1945 1780 1973 unde
1792 1953 1852 1973 eam

1069 1993 1202 2028 auspicari
1224 1994 1341 2020 maxime
1355 1993 1472 2021 deceret.
1496 1992 1615 2020 Patriam
1635 1992 1715 2027 igitur
1730 1992 1787 2026 ipse
1807 1999 1852 2019 se-

1067 2040 1180 2066 cundam
1189 2039 1384 2074 Cappadociam
1394 2039 1498 2071 babuit,
1505 2040 1597 2066 urbem
1609 2038 1770 2065 Nazianzum
1778 2037 1850 2073 (‘25):

1068 2092 1127 2119 quae
1141 2085 1247 2119 quidem
1259 2085 1332 2112 abeo
1347 2083 1557 2112 adeonobilitata
1567 2087 1618 2114 est,
1633 2087 1661 2109 ut
1673 2088 1782 2117 propter
1790 2090 1852 2110 eum

1069 2130 1102 2157 ad
1122 2134 1258 2158 extremos
1272 2137 1356 2165 usque
1381 2129 1455 2156 orbis
1472 2134 1604 2156 terrarum
1621 2127 1687 2154 (lues
1702 2127 1852 2155 claritatem

1070 2183 1145 2203 suam
1165 2175 1318 2210 protulerit.
1342 2174 1434 2209 Neque
1445 2175 1518 2202 enim
1535 2173 1607 2200 Pella
1622 2173 1658 2200 ob
1669 2172 1862 2200 Alexandrum

1070 2220 1202 2248 celebrior
1219 2225 1270 2252 est,
1288 2225 1333 2247 aut
1353 2219 1441 2247 Persae
1454 2223 1562 2254 propter
1577 2218 1676 2253 Cyrum
1701 2218 1734 2244 ad
1752 2222 1853 2244 tantam

1070 2265 1162 2300 gloria:
1193 2265 1400 2301 splendorisque
1427 2264 1637 2299 magnitudinem
1667 2263 1753 2290 evecti
1778 2268 1852 2294 sunt,

1072 2319 1201 2347 quantam
1220 2313 1276 2340 bare
1291 2316 1401 2347 propter
1415 2318 1540 2346 magnum
1552 2310 1712 2344 Gregorium
1729 2315 1854 2337 assecuta

1072 2488 1187 2516 vidimus
1199 2488 1335 2516 codicibus
1350 2487 1550 2522 manuscriplis.

1107 2524 1163 2558 (l7)
1177 2523 1242 2550 Cod.
1258 2523 1289 2550 P.
1304 2523 1329 2549 in
1342 2528 1397 2550 nol.
1413 2531 1497 2558 marg.
1513 2521 1712 2558 λαμπρύνεται.

1106 2558 1161 2592 (l8)
1183 2559 1242 2584 Ἔτι
1257 2558 1333 2584 deest
1347 2558 1372 2583 in
1387 2559 1444 2585 cod.
1459 2558 1506 2584 0r.

1105 2591 1160 2629 (l9)
1180 2592 1348 2629 ltaCombef.
1361 2593 1428 2620 Cod.
1447 2593 1476 2620 P.
1489 2593 1593 2625 τούτοις
1610 2591 1664 2628 γὰρ
1683 2593 1706 2619 et
1719 2591 1745 2619 τὶ
1761 2592 1840 2620 πλέον

1068 2629 1172 2656 laedit.
1192 2628 1222 2654 τέ
1237 2629 1324 2655 deest.

1106 2663 1161 2696 ΘΟ)
1182 2662 1219 2689 Ita
1232 2664 1293 2690 cod.
1308 2663 1337 2690 P.
1350 2663 1379 2690 In
1393 2663 1457 2690 edit.
1469 2663 1585 2690 ἅπαντα.

1105 2698 1160 2733 (ﬁl)
1181 2698 1246 2734 Cod.
1267 2698 1295 2725 P.
1323 2697 1405 2734 Ἀρχὴ
1417 2699 1444 2724 δὲ
1463 2698 1509 2724 τοῦ
1526 2698 1615 2734 λόγου.

1102 2731 1158 2768 (22)
1174 2733 1220 2760 Sic
1242 2733 1332 2767 legunt
1350 2731 1427 2760 caua.
1450 2734 1496 2759 0r.
1515 2739 1541 2759 et
1557 2733 1586 2759 P.
1600 2732 1677 2758 Culb.
1702 2731 1714 2758 1
1735 2737 1761 2760 et
1781 2734 1807 2761 2.
1825 2733 1850 2759 Ιιι

1066 2769 1130 2829 θιὲίι.
1140 2768 1371 2804 πρεπωδέστερον.
1382 2768 1456 2795 Colb.
1469 2769 1481 2794 l
1493 2775 1552 2794 mox
1565 2769 1644 2794 habet
1656 2767 1743 2803 τούτῳ
1755 2769 1850 2805 πατρὶς

1069 2813 1126 2829 υμν.

1093 2813 1126 2830 εν.

1069 2813 1158 2871 HE23.3)
1178 2838 1242 2864 Cod.
1257 2837 1286 2864 P.
1303 2837 1378 2869 πόλις
1393 2837 1421 2864 δὲ
1437 2836 1519 2873 αὐτῷ.

1103 2873 1159 2909 (2i)
1180 2873 1254 2909 Colb.
1272 2873 1284 2899 1
1300 2877 1327 2899 et
1342 2873 1447 2909 codul’.
1461 2873 1542 2909 Ὥστε
1562 2881 1611 2909 μοι
1622 2873 1704 2900 δοκεῖ.

1107 2907 1164 2944 (25)
1189 2907 1252 2936 Vide
1268 2909 1382 2936 oration.
1401 2908 1438 2935 De
1453 2908 1505 2935 vita
1519 2907 1624 2934 Basilii.
