  <div class='ocr_page' id='page_1' title='image "/cluster/home/n/w/nwhite01/storage/ocr_20150623/35/njp.32101077772554/134.png"; bbox 0 0 2055 3130; ppageno 0'>
   <div class='ocr_carea' id='block_1_1' title="bbox 168 165 221 193">
    <p class='ocr_par' dir='ltr' id='par_1_1' title="bbox 168 165 221 193">
     <span class='ocr_line' id='line_1_1' title="bbox 168 165 221 193; baseline 0 0"><span class='ocrx_word' id='word_1_1' title='bbox 168 165 221 193; x_wconf 68' lang='grc' dir='ltr'><strong>ειο</strong></span> 
     </span>
    </p>
   </div>
   <div class='ocr_carea' id='block_1_2' title="bbox 660 164 1282 194">
    <p class='ocr_par' dir='ltr' id='par_1_2' title="bbox 660 164 1282 194">
     <span class='ocr_line' id='line_1_2' title="bbox 660 164 1282 194; baseline 0 -2"><span class='ocrx_word' id='word_1_2' title='bbox 660 164 824 194; x_wconf 76' lang='lat' dir='ltr'><strong>AUCTURE</strong></span> <span class='ocrx_word' id='word_1_3' title='bbox 842 164 1023 192; x_wconf 76' lang='lat' dir='ltr'><strong>GREGORIU</strong></span> <span class='ocrx_word' id='word_1_4' title='bbox 1044 164 1282 192; x_wconf 74' lang='lat' dir='ltr'><strong>PRESBYTERO.</strong></span> 
     </span>
    </p>
   </div>
   <div class='ocr_carea' id='block_1_3' title="bbox 1741 162 1794 189">
    <p class='ocr_par' dir='ltr' id='par_1_3' title="bbox 1741 162 1794 189">
     <span class='ocr_line' id='line_1_3' title="bbox 1741 162 1794 189; baseline 0 0"><span class='ocrx_word' id='word_1_5' title='bbox 1741 162 1794 189; x_wconf 74' lang='grc'><strong>⁸250</strong></span> 
     </span>
    </p>
   </div>
   <div class='ocr_carea' id='block_1_4' title="bbox 205 221 956 261">
    <p class='ocr_par' dir='ltr' id='par_1_4' title="bbox 205 221 956 261">
     <span class='ocr_line' id='line_1_4' title="bbox 205 221 956 261; baseline 0.003 -11"><span class='ocrx_word' id='word_1_6' title='bbox 205 223 347 253; x_wconf 72' lang='grc' dir='ltr'>Πλέοντιδ¹</span> <span class='ocrx_word' id='word_1_7' title='bbox 362 221 408 251; x_wconf 80' lang='grc' dir='ltr'>οὖν</span> <span class='ocrx_word' id='word_1_8' title='bbox 420 224 516 259; x_wconf 70' lang='grc' dir='ltr'><strong>(56)τὸ</strong></span> <span class='ocrx_word' id='word_1_9' title='bbox 530 225 680 261; x_wconf 81' lang='grc' dir='ltr'>Παρθένιον</span> <span class='ocrx_word' id='word_1_10' title='bbox 693 226 809 260; x_wconf 78' lang='grc' dir='ltr'>πέλαγος</span> <span class='ocrx_word' id='word_1_11' title='bbox 825 226 854 252; x_wconf 75' lang='grc' dir='ltr'>ἐν</span> <span class='ocrx_word' id='word_1_12' title='bbox 872 225 956 260; x_wconf 78' lang='grc' dir='ltr'>καιρῷ</span> 
     </span>
    </p>
   </div>
   <div class='ocr_carea' id='block_1_5' title="bbox 1007 221 1795 261">
    <p class='ocr_par' dir='ltr' id='par_1_5' title="bbox 1047 222 1795 260">
     <span class='ocr_line' id='line_1_5' title="bbox 1047 222 1795 260; baseline -0.004 -8"><span class='ocrx_word' id='word_1_13' title='bbox 1047 225 1140 260; x_wconf 88' lang='lat' dir='ltr'><strong>Itaque</strong></span> <span class='ocrx_word' id='word_1_14' title='bbox 1151 225 1326 252; x_wconf 87' lang='lat' dir='ltr'><strong>Parthenium</strong></span> <span class='ocrx_word' id='word_1_15' title='bbox 1345 231 1421 251; x_wconf 85' lang='lat' dir='ltr'><strong>mare</strong></span> <span class='ocrx_word' id='word_1_16' title='bbox 1435 223 1588 251; x_wconf 88' lang='lat' dir='ltr'><strong>turbulento</strong></span> <span class='ocrx_word' id='word_1_17' title='bbox 1600 227 1681 257; x_wconf 87' lang='lat' dir='ltr'><strong>alque</strong></span> <span class='ocrx_word' id='word_1_18' title='bbox 1693 222 1795 250; x_wconf 80' lang='lat' dir='ltr'><strong>inconi-</strong></span> 
     </span>
    </p>
   </div>
   <div class='ocr_carea' id='block_1_6' title="bbox 168 269 958 306">
    <p class='ocr_par' dir='ltr' id='par_1_6' title="bbox 168 269 958 306">
     <span class='ocr_line' id='line_1_6' title="bbox 168 269 958 306; baseline -0.001 -9"><span class='ocrx_word' id='word_1_19' title='bbox 168 269 320 306; x_wconf 77' lang='grc' dir='ltr'>ταραχώδει</span> <span class='ocrx_word' id='word_1_20' title='bbox 347 277 376 295; x_wconf 87' lang='grc' dir='ltr'><strong>τε</strong></span> <span class='ocrx_word' id='word_1_21' title='bbox 408 270 454 296; x_wconf 75' lang='grc' dir='ltr'>καὶ</span> <span class='ocrx_word' id='word_1_22' title='bbox 477 270 527 297; x_wconf 82' lang='grc' dir='ltr'>οὐκ</span> <span class='ocrx_word' id='word_1_23' title='bbox 551 270 638 305; x_wconf 74' lang='grc' dir='ltr'>ἔχοντι</span> <span class='ocrx_word' id='word_1_24' title='bbox 666 270 803 303; x_wconf 76' lang='grc' dir='ltr'>εθπλοιαν,</span> <span class='ocrx_word' id='word_1_25' title='bbox 827 270 958 306; x_wconf 77' lang='grc' dir='ltr'><strong>ἐξαίφνης</strong></span> 
     </span>
    </p>
   </div>
   <div class='ocr_carea' id='block_1_7' title="bbox 169 314 957 352">
    <p class='ocr_par' dir='ltr' id='par_1_7' title="bbox 169 314 957 352">
     <span class='ocr_line' id='line_1_7' title="bbox 169 314 957 352; baseline 0.001 -11"><span class='ocrx_word' id='word_1_26' title='bbox 169 315 287 342; x_wconf 79' lang='grc' dir='ltr'>ὑπελθὸν</span> <span class='ocrx_word' id='word_1_27' title='bbox 300 314 407 350; x_wconf 83' lang='grc' dir='ltr'>πνεῦμα</span> <span class='ocrx_word' id='word_1_28' title='bbox 424 315 551 348; x_wconf 79' lang='grc' dir='ltr'>ἐξαίσιον,</span> <span class='ocrx_word' id='word_1_29' title='bbox 568 316 614 343; x_wconf 79' lang='grc' dir='ltr'><strong>τὸν</strong></span> <span class='ocrx_word' id='word_1_30' title='bbox 629 316 693 352; x_wconf 85' lang='grc' dir='ltr'>περὶ</span> <span class='ocrx_word' id='word_1_31' title='bbox 702 316 790 351; x_wconf 82' lang='grc' dir='ltr'>ψυχῆς</span> <span class='ocrx_word' id='word_1_32' title='bbox 805 316 886 352; x_wconf 76' lang='grc' dir='ltr'>ἔφερε</span> <span class='ocrx_word' id='word_1_33' title='bbox 899 317 957 343; x_wconf 79' lang='grc' dir='ltr'>κίν-</span> 
     </span>
    </p>
   </div>
   <div class='ocr_carea' id='block_1_8' title="bbox 169 360 959 398">
    <p class='ocr_par' dir='ltr' id='par_1_8' title="bbox 169 360 959 398">
     <span class='ocr_line' id='line_1_8' title="bbox 169 360 959 398; baseline 0.001 -11"><span class='ocrx_word' id='word_1_34' title='bbox 169 361 257 388; x_wconf 83' lang='grc' dir='ltr'>δυνον.</span> <span class='ocrx_word' id='word_1_35' title='bbox 279 361 378 392; x_wconf 85' lang='grc' dir='ltr'>Σκότος</span> <span class='ocrx_word' id='word_1_36' title='bbox 392 360 420 387; x_wconf 82' lang='grc' dir='ltr'>δὲ</span> <span class='ocrx_word' id='word_1_37' title='bbox 438 361 533 388; x_wconf 78' lang='grc' dir='ltr'><strong>πόντον</strong></span> <span class='ocrx_word' id='word_1_38' title='bbox 550 361 647 397; x_wconf 80' lang='grc' dir='ltr'><strong>αἰθέρα</strong></span> <span class='ocrx_word' id='word_1_39' title='bbox 661 370 691 388; x_wconf 89' lang='grc' dir='ltr'><strong>τε</strong></span> <span class='ocrx_word' id='word_1_40' title='bbox 708 363 754 388; x_wconf 82' lang='grc' dir='ltr'><strong>καὶ</strong></span> <span class='ocrx_word' id='word_1_41' title='bbox 767 362 880 398; x_wconf 79' lang='grc' dir='ltr'>οὐρανὸν</span> <span class='ocrx_word' id='word_1_42' title='bbox 898 371 959 388; x_wconf 92' lang='grc' dir='ltr'>συν-</span> 
     </span>
    </p>
   </div>
   <div class='ocr_carea' id='block_1_9' title="bbox 170 406 960 443">
    <p class='ocr_par' dir='ltr' id='par_1_9' title="bbox 170 406 960 443">
     <span class='ocr_line' id='line_1_9' title="bbox 170 406 960 443; baseline 0.001 -10"><span class='ocrx_word' id='word_1_43' title='bbox 170 407 334 438; x_wconf 79' lang='grc' dir='ltr'>εκάλυπτεν,</span> <span class='ocrx_word' id='word_1_44' title='bbox 352 406 427 433; x_wconf 68' lang='grc' dir='ltr'>οὐδὲν</span> <span class='ocrx_word' id='word_1_45' title='bbox 445 407 494 441; x_wconf 78' lang='grc' dir='ltr'>τῆς</span> <span class='ocrx_word' id='word_1_46' title='bbox 516 407 629 442; x_wconf 80' lang='grc' dir='ltr'>ὲννάτης</span> <span class='ocrx_word' id='word_1_47' title='bbox 650 407 704 434; x_wconf 86' lang='grc' dir='ltr'>τῶν</span> <span class='ocrx_word' id='word_1_48' title='bbox 722 407 877 441; x_wconf 77' lang='grc' dir='ltr'><strong>Αἰγυπτίων</strong></span> <span class='ocrx_word' id='word_1_49' title='bbox 890 407 960 443; x_wconf 85' lang='grc' dir='ltr'>πλη-</span> 
     </span>
    </p>
   </div>
   <div class='ocr_carea' id='block_1_10' title="bbox 170 451 959 488">
    <p class='ocr_par' dir='ltr' id='par_1_10' title="bbox 170 451 959 488">
     <span class='ocr_line' id='line_1_10' title="bbox 170 451 959 488; baseline 0.003 -10"><span class='ocrx_word' id='word_1_50' title='bbox 170 453 228 486; x_wconf 86' lang='grc' dir='ltr'><strong>γῶν</strong></span> <span class='ocrx_word' id='word_1_51' title='bbox 245 452 302 487; x_wconf 77' lang='grc'><strong>(55)</strong></span> <span class='ocrx_word' id='word_1_52' title='bbox 323 452 509 487; x_wconf 80' lang='grc' dir='ltr'><strong>ἀνεκτότερον.</strong></span> <span class='ocrx_word' id='word_1_53' title='bbox 533 453 644 479; x_wconf 84' lang='grc' dir='ltr'><strong>Πάντων</strong></span> <span class='ocrx_word' id='word_1_54' title='bbox 664 451 711 480; x_wconf 81' lang='grc' dir='ltr'>οὖν</span> <span class='ocrx_word' id='word_1_55' title='bbox 733 453 778 479; x_wconf 82' lang='grc' dir='ltr'>τὸν</span> <span class='ocrx_word' id='word_1_56' title='bbox 804 453 959 488; x_wconf 78' lang='grc' dir='ltr'>σωματικὸν</span> 
     </span>
    </p>
   </div>
   <div class='ocr_carea' id='block_1_11' title="bbox 170 498 959 534">
    <p class='ocr_par' dir='ltr' id='par_1_11' title="bbox 170 498 959 534">
     <span class='ocr_line' id='line_1_11' title="bbox 170 498 959 534; baseline 0.001 -9"><span class='ocrx_word' id='word_1_57' title='bbox 170 498 344 534; x_wconf 80' lang='grc' dir='ltr'><strong>ὀδυρομένων</strong></span> <span class='ocrx_word' id='word_1_58' title='bbox 372 498 497 530; x_wconf 85' lang='grc' dir='ltr'>θάνατον,</span> <span class='ocrx_word' id='word_1_59' title='bbox 518 498 598 530; x_wconf 76' lang='grc' dir='ltr'>αὐτὸς</span> <span class='ocrx_word' id='word_1_60' title='bbox 613 498 662 533; x_wconf 76' lang='grc' dir='ltr'>τὴν</span> <span class='ocrx_word' id='word_1_61' title='bbox 681 499 730 534; x_wconf 90' lang='grc' dir='ltr'>τῆς</span> <span class='ocrx_word' id='word_1_62' title='bbox 754 499 844 534; x_wconf 81' lang='grc' dir='ltr'>ψυχῆς</span> <span class='ocrx_word' id='word_1_63' title='bbox 865 500 959 526; x_wconf 78' lang='grc' dir='ltr'>ἐδεδίει</span> 
     </span>
    </p>
   </div>
   <div class='ocr_carea' id='block_1_12' title="bbox 170 542 959 580">
    <p class='ocr_par' dir='ltr' id='par_1_12' title="bbox 170 542 959 580">
     <span class='ocr_line' id='line_1_12' title="bbox 170 542 959 580; baseline 0.001 -10"><span class='ocrx_word' id='word_1_64' title='bbox 170 544 358 579; x_wconf 80' lang='grc' dir='ltr'>πανολεθρίαν.</span> <span class='ocrx_word' id='word_1_65' title='bbox 377 544 490 570; x_wconf 82' lang='grc' dir='ltr'><strong>Οὐδέπω</strong></span> <span class='ocrx_word' id='word_1_66' title='bbox 508 544 562 579; x_wconf 83' lang='grc' dir='ltr'><strong>γὰρ</strong></span> <span class='ocrx_word' id='word_1_67' title='bbox 573 542 607 579; x_wconf 81' lang='grc' dir='ltr'>ἦν</span> <span class='ocrx_word' id='word_1_68' title='bbox 621 544 798 580; x_wconf 69' lang='grc' dir='ltr'>σφραγισθεὶς</span> <span class='ocrx_word' id='word_1_69' title='bbox 809 545 848 578; x_wconf 82' lang='grc' dir='ltr'>τῷ</span> <span class='ocrx_word' id='word_1_70' title='bbox 862 545 959 580; x_wconf 83' lang='grc' dir='ltr'>βαπτί-</span> 
     </span>
    </p>
   </div>
   <div class='ocr_carea' id='block_1_13' title="bbox 171 589 959 626">
    <p class='ocr_par' dir='ltr' id='par_1_13' title="bbox 171 589 959 626">
     <span class='ocr_line' id='line_1_13' title="bbox 171 589 959 626; baseline 0.003 -10"><span class='ocrx_word' id='word_1_71' title='bbox 171 598 266 624; x_wconf 75' lang='grc' dir='ltr'><strong>σματι⁸</strong></span> <span class='ocrx_word' id='word_1_72' title='bbox 294 590 341 616; x_wconf 79' lang='grc' dir='ltr'><strong>καὶ</strong></span> <span class='ocrx_word' id='word_1_73' title='bbox 364 589 463 624; x_wconf 72' lang='grc' dir='ltr'>ἔφθανε</span> <span class='ocrx_word' id='word_1_74' title='bbox 490 589 540 626; x_wconf 81' lang='grc' dir='ltr'>τὴν</span> <span class='ocrx_word' id='word_1_75' title='bbox 563 590 592 623; x_wconf 73' lang='grc' dir='ltr'><strong>ἐξ</strong></span> <span class='ocrx_word' id='word_1_76' title='bbox 620 590 716 622; x_wconf 76' lang='grc' dir='ltr'>ὓδατος</span> <span class='ocrx_word' id='word_1_77' title='bbox 745 591 882 626; x_wconf 76' lang='grc' dir='ltr'><strong>σωτηρίαν</strong></span> <span class='ocrx_word' id='word_1_78' title='bbox 900 592 914 618; x_wconf 88' lang='grc' dir='ltr'><strong>ό</strong></span> <span class='ocrx_word' id='word_1_79' title='bbox 930 592 959 618; x_wconf 76' lang='grc' dir='ltr'>ἐν</span> 
     </span>
    </p>
   </div>
   <div class='ocr_carea' id='block_1_14' title="bbox 171 633 960 671">
    <p class='ocr_par' dir='ltr' id='par_1_14' title="bbox 171 633 960 671">
     <span class='ocr_line' id='line_1_14' title="bbox 171 633 960 671; baseline 0.001 -9"><span class='ocrx_word' id='word_1_80' title='bbox 171 635 250 662; x_wconf 80' lang='grc' dir='ltr'>ὕδασι</span> <span class='ocrx_word' id='word_1_81' title='bbox 275 635 399 667; x_wconf 81' lang='grc' dir='ltr'>Θάνατος.</span> <span class='ocrx_word' id='word_1_82' title='bbox 422 635 455 662; x_wconf 88' lang='grc' dir='ltr'>Τί</span> <span class='ocrx_word' id='word_1_83' title='bbox 476 633 522 662; x_wconf 83' lang='grc' dir='ltr'>οὖν</span> <span class='ocrx_word' id='word_1_84' title='bbox 538 637 613 662; x_wconf 84' lang='grc' dir='ltr'>ποιεῖ</span> <span class='ocrx_word' id='word_1_85' title='bbox 630 637 644 662; x_wconf 85' lang='grc' dir='ltr'>ὁ</span> <span class='ocrx_word' id='word_1_86' title='bbox 664 636 749 671; x_wconf 82' lang='grc' dir='ltr'>μέγας</span> <span class='ocrx_word' id='word_1_87' title='bbox 772 637 885 668; x_wconf 75' lang='grc' dir='ltr'>ἐκεῖνος,</span> <span class='ocrx_word' id='word_1_88' title='bbox 913 637 960 663; x_wconf 78' lang='grc' dir='ltr'><strong>καὶ</strong></span> 
     </span>
    </p>
   </div>
   <div class='ocr_carea' id='block_1_15' title="bbox 170 681 958 718">
    <p class='ocr_par' dir='ltr' id='par_1_15' title="bbox 170 681 958 718">
     <span class='ocr_line' id='line_1_15' title="bbox 170 681 958 718; baseline 0 -10"><span class='ocrx_word' id='word_1_89' title='bbox 170 682 223 717; x_wconf 74' lang='grc' dir='ltr'>πρὸ</span> <span class='ocrx_word' id='word_1_90' title='bbox 233 682 284 716; x_wconf 78' lang='grc' dir='ltr'>τῆς</span> <span class='ocrx_word' id='word_1_91' title='bbox 297 682 501 717; x_wconf 87' lang='grc' dir='ltr'>ἀναγεννήσεως</span> <span class='ocrx_word' id='word_1_92' title='bbox 514 682 609 709; x_wconf 78' lang='grc' dir='ltr'>ἑαυτὸν</span> <span class='ocrx_word' id='word_1_93' title='bbox 630 682 777 718; x_wconf 81' lang='grc' dir='ltr'><strong>μορφώσας</strong></span> <span class='ocrx_word' id='word_1_94' title='bbox 791 684 823 718; x_wconf 84' lang='grc' dir='ltr'>τῇ</span> <span class='ocrx_word' id='word_1_95' title='bbox 830 681 958 718; x_wconf 54' lang='grc' dir='ltr'>ἀληθείῃ</span> 
     </span>
    </p>
   </div>
   <div class='ocr_carea' id='block_1_16' title="bbox 171 727 959 764">
    <p class='ocr_par' dir='ltr' id='par_1_16' title="bbox 171 727 959 764">
     <span class='ocr_line' id='line_1_16' title="bbox 171 727 959 764; baseline 0 -10"><span class='ocrx_word' id='word_1_96' title='bbox 171 729 227 763; x_wconf 74' lang='grc' dir='ltr'><strong>Τὴν</strong></span> <span class='ocrx_word' id='word_1_97' title='bbox 236 728 337 762; x_wconf 79' lang='grc' dir='ltr'>ἐσθῆτα</span> <span class='ocrx_word' id='word_1_98' title='bbox 355 727 602 764; x_wconf 65' lang='grc' dir='ltr'><strong>περιρρηξάμενος,</strong></span> <span class='ocrx_word' id='word_1_99' title='bbox 619 729 803 764; x_wconf 83' lang='grc' dir='ltr'>καταπλήσσει</span> <span class='ocrx_word' id='word_1_100' title='bbox 818 729 871 762; x_wconf 72' lang='lat'><strong>(36)</strong></span> <span class='ocrx_word' id='word_1_101' title='bbox 885 729 959 764; x_wconf 80' lang='grc' dir='ltr'>βοαῖς</span> 
     </span>
    </p>
   </div>
   <div class='ocr_carea' id='block_1_17' title="bbox 169 774 957 809">
    <p class='ocr_par' dir='ltr' id='par_1_17' title="bbox 169 774 957 809">
     <span class='ocr_line' id='line_1_17' title="bbox 169 774 957 809; baseline 0.003 -9"><span class='ocrx_word' id='word_1_102' title='bbox 169 782 200 800; x_wconf 85' lang='grc' dir='ltr'><strong>τε</strong></span> <span class='ocrx_word' id='word_1_103' title='bbox 213 774 259 800; x_wconf 75' lang='grc' dir='ltr'><strong>καὶ</strong></span> <span class='ocrx_word' id='word_1_104' title='bbox 266 774 392 809; x_wconf 77' lang='grc' dir='ltr'><strong>ὀδυρμοῖς</strong></span> <span class='ocrx_word' id='word_1_105' title='bbox 402 775 464 806; x_wconf 77' lang='grc' dir='ltr'>τοὺς</span> <span class='ocrx_word' id='word_1_106' title='bbox 474 775 670 809; x_wconf 77' lang='grc' dir='ltr'>συμπλέοντας,</span> <span class='ocrx_word' id='word_1_107' title='bbox 681 775 719 807; x_wconf 84' lang='grc' dir='ltr'>ὡς</span> <span class='ocrx_word' id='word_1_108' title='bbox 730 775 835 807; x_wconf 82' lang='grc' dir='ltr'>πάντας</span> <span class='ocrx_word' id='word_1_109' title='bbox 842 775 895 802; x_wconf 84' lang='grc' dir='ltr'>τῶν</span> <span class='ocrx_word' id='word_1_110' title='bbox 902 775 957 808; x_wconf 80' lang='grc'><strong>(57)</strong></span> 
     </span>
    </p>
   </div>
   <div class='ocr_carea' id='block_1_18' title="bbox 170 818 960 856">
    <p class='ocr_par' dir='ltr' id='par_1_18' title="bbox 170 818 960 856">
     <span class='ocr_line' id='line_1_18' title="bbox 170 818 960 856; baseline 0 -10"><span class='ocrx_word' id='word_1_111' title='bbox 170 818 230 846; x_wconf 78' lang='grc' dir='ltr'>καθ’</span> <span class='ocrx_word' id='word_1_112' title='bbox 248 819 362 850; x_wconf 69' lang='grc' dir='ltr'>ἑαυτοὺς</span> <span class='ocrx_word' id='word_1_113' title='bbox 390 819 589 855; x_wconf 85' lang='grc' dir='ltr'>ἁλογήσαντας.</span> <span class='ocrx_word' id='word_1_114' title='bbox 609 820 655 846; x_wconf 78' lang='grc' dir='ltr'><strong>τὸν</strong></span> <span class='ocrx_word' id='word_1_115' title='bbox 671 820 766 847; x_wconf 85' lang='grc' dir='ltr'>τούτου</span> <span class='ocrx_word' id='word_1_116' title='bbox 785 820 880 856; x_wconf 88' lang='grc' dir='ltr'>θρῆνον</span> <span class='ocrx_word' id='word_1_117' title='bbox 897 829 960 846; x_wconf 83' lang='grc' dir='ltr'>συν-</span> 
     </span>
    </p>
   </div>
   <div class='ocr_carea' id='block_1_19' title="bbox 170 863 959 900">
    <p class='ocr_par' dir='ltr' id='par_1_19' title="bbox 170 863 959 900">
     <span class='ocr_line' id='line_1_19' title="bbox 170 863 959 900; baseline 0.004 -10"><span class='ocrx_word' id='word_1_118' title='bbox 170 863 346 899; x_wconf 77' lang='grc' dir='ltr'>εργάζεσθαι.</span> <span class='ocrx_word' id='word_1_119' title='bbox 370 865 399 891; x_wconf 92' lang='lat'><strong>&#39;0</strong></span> <span class='ocrx_word' id='word_1_120' title='bbox 416 865 456 897; x_wconf 85' lang='grc' dir='ltr'><strong>δὲ,</strong></span> <span class='ocrx_word' id='word_1_121' title='bbox 475 865 636 900; x_wconf 81' lang='grc' dir='ltr'>ὑπομνήσας</span> <span class='ocrx_word' id='word_1_122' title='bbox 656 866 722 892; x_wconf 82' lang='grc' dir='ltr'>Θεὸν</span> <span class='ocrx_word' id='word_1_123' title='bbox 732 866 785 893; x_wconf 85' lang='grc' dir='ltr'>τῶν</span> <span class='ocrx_word' id='word_1_124' title='bbox 798 866 880 893; x_wconf 83' lang='grc' dir='ltr'>αὑτοῦ</span> <span class='ocrx_word' id='word_1_125' title='bbox 894 865 959 893; x_wconf 87' lang='grc' dir='ltr'>θαυ-</span> 
     </span>
    </p>
   </div>
   <div class='ocr_carea' id='block_1_20' title="bbox 1011 269 1794 306">
    <p class='ocr_par' dir='ltr' id='par_1_20' title="bbox 1011 269 1794 306">
     <span class='ocr_line' id='line_1_20' title="bbox 1011 269 1794 306; baseline -0.004 -7"><span class='ocrx_word' id='word_1_126' title='bbox 1011 272 1090 299; x_wconf 90' lang='lat' dir='ltr'><strong>modo</strong></span> <span class='ocrx_word' id='word_1_127' title='bbox 1105 277 1225 306; x_wconf 89' lang='lat' dir='ltr'><strong>tempore</strong></span> <span class='ocrx_word' id='word_1_128' title='bbox 1242 270 1388 305; x_wconf 70' lang='lat' dir='ltr'><strong>naviganti,</strong></span> <span class='ocrx_word' id='word_1_129' title='bbox 1405 275 1515 297; x_wconf 84' lang='lat' dir='ltr'><strong>coortus</strong></span> <span class='ocrx_word' id='word_1_130' title='bbox 1537 273 1649 303; x_wconf 80' lang='lat' dir='ltr'><strong>repente</strong></span> <span class='ocrx_word' id='word_1_131' title='bbox 1669 269 1794 304; x_wconf 80' lang='lat' dir='ltr'><strong>gravissi-</strong></span> 
     </span>
    </p>
   </div>
   <div class='ocr_carea' id='block_1_21' title="bbox 1009 315 1795 350">
    <p class='ocr_par' dir='ltr' id='par_1_21' title="bbox 1009 315 1795 350">
     <span class='ocr_line' id='line_1_21' title="bbox 1009 315 1795 350; baseline -0.004 -5"><span class='ocrx_word' id='word_1_132' title='bbox 1009 325 1070 345; x_wconf 87' lang='lat' dir='ltr'><strong>mus</strong></span> <span class='ocrx_word' id='word_1_133' title='bbox 1092 322 1190 345; x_wconf 89' lang='lat' dir='ltr'><strong>ventus</strong></span> <span class='ocrx_word' id='word_1_134' title='bbox 1221 324 1356 345; x_wconf 85' lang='lat' dir='ltr'><strong>summum</strong></span> <span class='ocrx_word' id='word_1_135' title='bbox 1379 316 1440 343; x_wconf 72' lang='lat' dir='ltr'><strong>vitae</strong></span> <span class='ocrx_word' id='word_1_136' title='bbox 1459 315 1607 350; x_wconf 89' lang='lat' dir='ltr'><strong>periculum</strong></span> <span class='ocrx_word' id='word_1_137' title='bbox 1625 315 1714 343; x_wconf 90' lang='lat' dir='ltr'><strong>intulit</strong></span> <span class='ocrx_word' id='word_1_138' title='bbox 1731 324 1738 342; x_wconf 86' lang='lat'><strong>:</strong></span> <span class='ocrx_word' id='word_1_139' title='bbox 1755 321 1795 342; x_wconf 85' lang='lat' dir='ltr'><strong>at-</strong></span> 
     </span>
    </p>
   </div>
   <div class='ocr_carea' id='block_1_22' title="bbox 1009 360 1795 395">
    <p class='ocr_par' dir='ltr' id='par_1_22' title="bbox 1009 360 1795 395">
     <span class='ocr_line' id='line_1_22' title="bbox 1009 360 1795 395; baseline -0.001 -7"><span class='ocrx_word' id='word_1_140' title='bbox 1009 368 1061 395; x_wconf 86' lang='lat' dir='ltr'><strong>que</strong></span> <span class='ocrx_word' id='word_1_141' title='bbox 1074 367 1099 388; x_wconf 84' lang='lat' dir='ltr'><strong>et</strong></span> <span class='ocrx_word' id='word_1_142' title='bbox 1121 369 1206 392; x_wconf 80' lang='lat' dir='ltr'><strong>mare.</strong></span> <span class='ocrx_word' id='word_1_143' title='bbox 1223 366 1250 388; x_wconf 89' lang='lat' dir='ltr'><strong>et</strong></span> <span class='ocrx_word' id='word_1_144' title='bbox 1263 361 1375 392; x_wconf 70' lang='lat' dir='ltr'><strong>aethera,</strong></span> <span class='ocrx_word' id='word_1_145' title='bbox 1390 365 1415 388; x_wconf 88' lang='lat' dir='ltr'><strong>et</strong></span> <span class='ocrx_word' id='word_1_146' title='bbox 1435 360 1532 388; x_wconf 75' lang='lat' dir='ltr'><strong>cmlum</strong></span> <span class='ocrx_word' id='word_1_147' title='bbox 1558 360 1691 387; x_wconf 86' lang='lat' dir='ltr'><strong>obducere</strong></span> <span class='ocrx_word' id='word_1_148' title='bbox 1706 367 1795 393; x_wconf 84' lang='lat' dir='ltr'><strong>coepe-</strong></span> 
     </span>
    </p>
   </div>
   <div class='ocr_carea' id='block_1_23' title="bbox 1011 406 1795 442">
    <p class='ocr_par' dir='ltr' id='par_1_23' title="bbox 1011 406 1795 442">
     <span class='ocr_line' id='line_1_23' title="bbox 1011 406 1795 442; baseline 0 -9"><span class='ocrx_word' id='word_1_149' title='bbox 1011 411 1073 434; x_wconf 92' lang='lat' dir='ltr'><strong>runt</strong></span> <span class='ocrx_word' id='word_1_150' title='bbox 1092 415 1161 433; x_wconf 87' lang='lat' dir='ltr'><strong>noua</strong></span> <span class='ocrx_word' id='word_1_151' title='bbox 1192 407 1235 434; x_wconf 89' lang='lat' dir='ltr'><strong>illa</strong></span> <span class='ocrx_word' id='word_1_152' title='bbox 1257 406 1447 442; x_wconf 68' lang='lat' dir='ltr'><strong>Egyptiorum</strong></span> <span class='ocrx_word' id='word_1_153' title='bbox 1471 406 1548 441; x_wconf 81' lang='lat' dir='ltr'><strong>plaga</strong></span> <span class='ocrx_word' id='word_1_154' title='bbox 1570 406 1652 433; x_wconf 81' lang='lat' dir='ltr'><strong>nihilo</strong></span> <span class='ocrx_word' id='word_1_155' title='bbox 1680 406 1795 433; x_wconf 75' lang='lat' dir='ltr'><strong>lentiores</strong></span> 
     </span>
    </p>
   </div>
   <div class='ocr_carea' id='block_1_24' title="bbox 1011 451 1794 486">
    <p class='ocr_par' dir='ltr' id='par_1_24' title="bbox 1011 451 1794 486">
     <span class='ocr_line' id='line_1_24' title="bbox 1011 451 1794 486; baseline 0 -7"><span class='ocrx_word' id='word_1_156' title='bbox 1011 453 1129 480; x_wconf 69' lang='lat' dir='ltr'><strong>tenebrae</strong></span> <span class='ocrx_word' id='word_1_157' title='bbox 1145 453 1178 479; x_wconf 86' lang='lat'><strong>&quot;.</strong></span> <span class='ocrx_word' id='word_1_158' title='bbox 1205 452 1337 480; x_wconf 76' lang='lat' dir='ltr'><strong>Omnibus</strong></span> <span class='ocrx_word' id='word_1_159' title='bbox 1369 453 1449 486; x_wconf 73' lang='lat' dir='ltr'><strong>igitur</strong></span> <span class='ocrx_word' id='word_1_160' title='bbox 1474 451 1596 486; x_wconf 87' lang='lat' dir='ltr'><strong>corporis</strong></span> <span class='ocrx_word' id='word_1_161' title='bbox 1619 457 1733 479; x_wconf 79' lang='lat' dir='ltr'><strong>ttturtem</strong></span> <span class='ocrx_word' id='word_1_162' title='bbox 1747 453 1794 479; x_wconf 90' lang='lat' dir='ltr'><strong>de-</strong></span> 
     </span>
    </p>
   </div>
   <div class='ocr_carea' id='block_1_25' title="bbox 1009 497 1795 533">
    <p class='ocr_par' dir='ltr' id='par_1_25' title="bbox 1009 497 1795 533">
     <span class='ocr_line' id='line_1_25' title="bbox 1009 497 1795 533; baseline -0.003 -7"><span class='ocrx_word' id='word_1_163' title='bbox 1009 498 1144 530; x_wconf 70' lang='lat' dir='ltr'><strong>bentibus,</strong></span> <span class='ocrx_word' id='word_1_164' title='bbox 1161 499 1217 533; x_wconf 86' lang='lat' dir='ltr'><strong>ipse</strong></span> <span class='ocrx_word' id='word_1_165' title='bbox 1242 499 1338 526; x_wconf 75' lang='lat' dir='ltr'><strong>animae</strong></span> <span class='ocrx_word' id='word_1_166' title='bbox 1360 498 1471 525; x_wconf 79' lang='lat' dir='ltr'><strong>exitium</strong></span> <span class='ocrx_word' id='word_1_167' title='bbox 1498 499 1699 526; x_wconf 70' lang='lat' dir='ltr'><strong>extimescebat.</strong></span> <span class='ocrx_word' id='word_1_168' title='bbox 1722 497 1795 525; x_wconf 87' lang='lat' dir='ltr'><strong>Non-</strong></span> 
     </span>
    </p>
   </div>
   <div class='ocr_carea' id='block_1_26' title="bbox 1010 543 1794 578">
    <p class='ocr_par' dir='ltr' id='par_1_26' title="bbox 1010 543 1794 578">
     <span class='ocr_line' id='line_1_26' title="bbox 1010 543 1794 578; baseline 0.001 -8"><span class='ocrx_word' id='word_1_169' title='bbox 1010 543 1073 570; x_wconf 89' lang='lat' dir='ltr'><strong>dum</strong></span> <span class='ocrx_word' id='word_1_170' title='bbox 1089 544 1160 570; x_wconf 87' lang='lat' dir='ltr'><strong>enim</strong></span> <span class='ocrx_word' id='word_1_171' title='bbox 1182 543 1317 576; x_wconf 86' lang='lat' dir='ltr'><strong>baptismo</strong></span> <span class='ocrx_word' id='word_1_172' title='bbox 1333 544 1490 578; x_wconf 75' lang='lat' dir='ltr'><strong>obsignatas</strong></span> <span class='ocrx_word' id='word_1_173' title='bbox 1516 548 1573 571; x_wconf 68' lang='lat' dir='ltr'><strong>eral</strong></span> <span class='ocrx_word' id='word_1_174' title='bbox 1587 553 1595 571; x_wconf 89' lang='lat'>:</span> <span class='ocrx_word' id='word_1_175' title='bbox 1611 551 1643 571; x_wconf 88' lang='lat' dir='ltr'><strong>ac</strong></span> <span class='ocrx_word' id='word_1_176' title='bbox 1667 551 1740 571; x_wconf 86' lang='lat' dir='ltr'><strong>mors</strong></span> <span class='ocrx_word' id='word_1_177' title='bbox 1767 545 1794 572; x_wconf 90' lang='lat' dir='ltr'><strong>in</strong></span> 
     </span>
    </p>
   </div>
   <div class='ocr_carea' id='block_1_27' title="bbox 1009 589 1794 624">
    <p class='ocr_par' dir='ltr' id='par_1_27' title="bbox 1009 589 1794 624">
     <span class='ocr_line' id='line_1_27' title="bbox 1009 589 1794 624; baseline 0.003 -9"><span class='ocrx_word' id='word_1_178' title='bbox 1009 589 1086 624; x_wconf 85' lang='lat' dir='ltr'><strong>aquis</strong></span> <span class='ocrx_word' id='word_1_179' title='bbox 1110 589 1223 617; x_wconf 87' lang='lat' dir='ltr'><strong>salutem</strong></span> <span class='ocrx_word' id='word_1_180' title='bbox 1244 597 1276 617; x_wconf 77' lang='lat' dir='ltr'><strong>ex</strong></span> <span class='ocrx_word' id='word_1_181' title='bbox 1300 590 1378 624; x_wconf 86' lang='lat' dir='ltr'><strong>aquis</strong></span> <span class='ocrx_word' id='word_1_182' title='bbox 1395 591 1591 618; x_wconf 88' lang='lat' dir='ltr'><strong>autevertebat.</strong></span> <span class='ocrx_word' id='word_1_183' title='bbox 1617 590 1685 624; x_wconf 88' lang='lat' dir='ltr'><strong>Quid</strong></span> <span class='ocrx_word' id='word_1_184' title='bbox 1712 590 1794 624; x_wconf 71' lang='lat' dir='ltr'><strong>igitur</strong></span> 
     </span>
    </p>
   </div>
   <div class='ocr_carea' id='block_1_28' title="bbox 1012 635 1794 670">
    <p class='ocr_par' dir='ltr' id='par_1_28' title="bbox 1012 635 1794 670">
     <span class='ocr_line' id='line_1_28' title="bbox 1012 635 1794 670; baseline 0 -9"><span class='ocrx_word' id='word_1_185' title='bbox 1012 635 1078 662; x_wconf 77' lang='lat' dir='ltr'><strong>facit</strong></span> <span class='ocrx_word' id='word_1_186' title='bbox 1092 643 1206 670; x_wconf 81' lang='lat' dir='ltr'><strong>magnus</strong></span> <span class='ocrx_word' id='word_1_187' title='bbox 1220 635 1262 662; x_wconf 84' lang='lat' dir='ltr'><strong>ille</strong></span> <span class='ocrx_word' id='word_1_188' title='bbox 1277 636 1329 668; x_wconf 91' lang='lat' dir='ltr'><strong>vir,</strong></span> <span class='ocrx_word' id='word_1_189' title='bbox 1345 636 1456 670; x_wconf 81' lang='lat' dir='ltr'><strong>quique,</strong></span> <span class='ocrx_word' id='word_1_190' title='bbox 1471 636 1552 663; x_wconf 88' lang='lat' dir='ltr'><strong>etiam</strong></span> <span class='ocrx_word' id='word_1_191' title='bbox 1566 639 1629 663; x_wconf 88' lang='lat' dir='ltr'><strong>ante</strong></span> <span class='ocrx_word' id='word_1_192' title='bbox 1653 643 1794 670; x_wconf 76' lang='lat' dir='ltr'><strong>regenera-</strong></span> 
     </span>
    </p>
   </div>
   <div class='ocr_carea' id='block_1_29' title="bbox 1012 680 1794 712">
    <p class='ocr_par' dir='ltr' id='par_1_29' title="bbox 1012 680 1794 712">
     <span class='ocr_line' id='line_1_29' title="bbox 1012 680 1794 712; baseline 0 -5"><span class='ocrx_word' id='word_1_193' title='bbox 1012 680 1121 712; x_wconf 82' lang='lat' dir='ltr'><strong>tionem,</strong></span> <span class='ocrx_word' id='word_1_194' title='bbox 1136 688 1196 708; x_wconf 82' lang='lat' dir='ltr'><strong>sese</strong></span> <span class='ocrx_word' id='word_1_195' title='bbox 1210 681 1242 708; x_wconf 86' lang='lat' dir='ltr'><strong>ad</strong></span> <span class='ocrx_word' id='word_1_196' title='bbox 1260 681 1401 708; x_wconf 72' lang='lat' dir='ltr'><strong>Veritatem</strong></span> <span class='ocrx_word' id='word_1_197' title='bbox 1417 681 1595 708; x_wconf 78' lang='lat' dir='ltr'><strong>iuformarat?</strong></span> <span class='ocrx_word' id='word_1_198' title='bbox 1618 680 1726 708; x_wconf 71' lang='lat' dir='ltr'><strong>Vestem</strong></span> <span class='ocrx_word' id='word_1_199' title='bbox 1759 681 1794 707; x_wconf 51' lang='lat' dir='ltr'><strong>la‘</strong></span> 
     </span>
    </p>
   </div>
   <div class='ocr_carea' id='block_1_30' title="bbox 1010 726 1795 761">
    <p class='ocr_par' dir='ltr' id='par_1_30' title="bbox 1010 726 1795 761">
     <span class='ocr_line' id='line_1_30' title="bbox 1010 726 1795 761; baseline -0.001 -8"><span class='ocrx_word' id='word_1_200' title='bbox 1010 734 1109 754; x_wconf 87' lang='lat' dir='ltr'><strong>cerans</strong></span> <span class='ocrx_word' id='word_1_201' title='bbox 1127 726 1293 754; x_wconf 82' lang='lat' dir='ltr'><strong>clamoribus</strong></span> <span class='ocrx_word' id='word_1_202' title='bbox 1313 726 1484 761; x_wconf 81' lang='lat' dir='ltr'><strong>querelisque</strong></span> <span class='ocrx_word' id='word_1_203' title='bbox 1501 731 1623 754; x_wconf 84' lang='lat' dir='ltr'><strong>vectores</strong></span> <span class='ocrx_word' id='word_1_204' title='bbox 1640 734 1735 754; x_wconf 87' lang='lat' dir='ltr'><strong>omnes</strong></span> <span class='ocrx_word' id='word_1_205' title='bbox 1750 734 1795 753; x_wconf 83' lang='lat' dir='ltr'><strong>ex-</strong></span> 
     </span>
    </p>
   </div>
   <div class='ocr_carea' id='block_1_31' title="bbox 1011 771 1793 807">
    <p class='ocr_par' dir='ltr' id='par_1_31' title="bbox 1011 771 1793 807">
     <span class='ocr_line' id='line_1_31' title="bbox 1011 771 1793 807; baseline -0.001 -8"><span class='ocrx_word' id='word_1_206' title='bbox 1011 777 1105 804; x_wconf 87' lang='lat' dir='ltr'><strong>terret,</strong></span> <span class='ocrx_word' id='word_1_207' title='bbox 1130 771 1197 800; x_wconf 88' lang='lat' dir='ltr'><strong>adeo</strong></span> <span class='ocrx_word' id='word_1_208' title='bbox 1216 776 1246 799; x_wconf 92' lang='lat' dir='ltr'><strong>ut</strong></span> <span class='ocrx_word' id='word_1_209' title='bbox 1275 780 1355 800; x_wconf 86' lang='lat' dir='ltr'><strong>nemo</strong></span> <span class='ocrx_word' id='word_1_210' title='bbox 1376 777 1459 804; x_wconf 80' lang='lat' dir='ltr'><strong>esset,</strong></span> <span class='ocrx_word' id='word_1_211' title='bbox 1485 773 1530 807; x_wconf 89' lang='lat' dir='ltr'><strong>qui</strong></span> <span class='ocrx_word' id='word_1_212' title='bbox 1562 780 1628 805; x_wconf 85' lang='lat' dir='ltr'><strong>non,</strong></span> <span class='ocrx_word' id='word_1_213' title='bbox 1655 773 1727 800; x_wconf 82' lang='lat' dir='ltr'><strong>omni</strong></span> <span class='ocrx_word' id='word_1_214' title='bbox 1752 773 1793 800; x_wconf 85' lang='lat' dir='ltr'><strong>sui</strong></span> 
     </span>
    </p>
   </div>
   <div class='ocr_carea' id='block_1_32' title="bbox 1016 817 1795 852">
    <p class='ocr_par' dir='ltr' id='par_1_32' title="bbox 1016 817 1795 852">
     <span class='ocr_line' id='line_1_32' title="bbox 1016 817 1795 852; baseline 0.001 -8"><span class='ocrx_word' id='word_1_215' title='bbox 1016 817 1102 852; x_wconf 82' lang='lat' dir='ltr'><strong>ipsius</strong></span> <span class='ocrx_word' id='word_1_216' title='bbox 1115 824 1179 844; x_wconf 83' lang='lat' dir='ltr'><strong>cura</strong></span> <span class='ocrx_word' id='word_1_217' title='bbox 1200 817 1363 852; x_wconf 82' lang='lat' dir='ltr'><strong>posthabita.</strong></span> <span class='ocrx_word' id='word_1_218' title='bbox 1375 817 1446 845; x_wconf 90' lang='lat' dir='ltr'><strong>illius</strong></span> <span class='ocrx_word' id='word_1_219' title='bbox 1457 818 1539 845; x_wconf 81' lang='lat' dir='ltr'><strong>luctui</strong></span> <span class='ocrx_word' id='word_1_220' title='bbox 1553 819 1656 846; x_wconf 84' lang='lat' dir='ltr'><strong>socium</strong></span> <span class='ocrx_word' id='word_1_221' title='bbox 1671 825 1729 845; x_wconf 82' lang='lat' dir='ltr'><strong>sese</strong></span> <span class='ocrx_word' id='word_1_222' title='bbox 1748 817 1795 845; x_wconf 87' lang='lat' dir='ltr'><strong>ad-</strong></span> 
     </span>
    </p>
   </div>
   <div class='ocr_carea' id='block_1_33' title="bbox 1011 862 1792 899">
    <p class='ocr_par' dir='ltr' id='par_1_33' title="bbox 1011 862 1792 899">
     <span class='ocr_line' id='line_1_33' title="bbox 1011 862 1792 899; baseline 0 -9"><span class='ocrx_word' id='word_1_223' title='bbox 1011 863 1149 899; x_wconf 76' lang='lat' dir='ltr'><strong>juugeret.</strong></span> <span class='ocrx_word' id='word_1_224' title='bbox 1164 862 1223 898; x_wconf 85' lang='lat' dir='ltr'><strong>Ipse</strong></span> <span class='ocrx_word' id='word_1_225' title='bbox 1237 869 1325 892; x_wconf 82' lang='lat' dir='ltr'><strong>autem</strong></span> <span class='ocrx_word' id='word_1_226' title='bbox 1348 863 1401 891; x_wconf 77' lang='lat' dir='ltr'><strong>Deo</strong></span> <span class='ocrx_word' id='word_1_227' title='bbox 1419 864 1547 892; x_wconf 86' lang='lat' dir='ltr'><strong>miracula</strong></span> <span class='ocrx_word' id='word_1_228' title='bbox 1562 872 1595 892; x_wconf 88' lang='lat' dir='ltr'><strong>ea</strong></span> <span class='ocrx_word' id='word_1_229' title='bbox 1609 865 1700 891; x_wconf 83' lang='lat' dir='ltr'><strong>omnia</strong></span> <span class='ocrx_word' id='word_1_230' title='bbox 1717 872 1792 892; x_wconf 88' lang='lat' dir='ltr'><strong>com-</strong></span> 
     </span>
    </p>
   </div>
   <div class='ocr_carea' id='block_1_34' title="bbox 172 908 956 948">
    <p class='ocr_par' dir='ltr' id='par_1_34' title="bbox 172 909 956 948">
     <span class='ocr_line' id='line_1_34' title="bbox 172 909 956 948; baseline 0.004 -12"><span class='ocrx_word' id='word_1_231' title='bbox 172 909 286 945; x_wconf 83' lang='grc' dir='ltr'>μασίων,</span> <span class='ocrx_word' id='word_1_232' title='bbox 302 911 352 937; x_wconf 78' lang='grc' dir='ltr'>ὅσα</span> <span class='ocrx_word' id='word_1_233' title='bbox 367 918 395 937; x_wconf 85' lang='grc' dir='ltr'><strong>τε</strong></span> <span class='ocrx_word' id='word_1_234' title='bbox 409 911 439 937; x_wconf 84' lang='grc' dir='ltr'>ὲν</span> <span class='ocrx_word' id='word_1_235' title='bbox 458 911 588 946; x_wconf 76' lang='grc' dir='ltr'>Αἰγύπτῳ</span> <span class='ocrx_word' id='word_1_236' title='bbox 608 912 655 938; x_wconf 73' lang='grc' dir='ltr'>καὶ</span> <span class='ocrx_word' id='word_1_237' title='bbox 669 912 719 939; x_wconf 81' lang='grc' dir='ltr'>ὅσα</span> <span class='ocrx_word' id='word_1_238' title='bbox 735 911 806 939; x_wconf 82' lang='grc' dir='ltr'>κατὰ</span> <span class='ocrx_word' id='word_1_239' title='bbox 830 912 879 948; x_wconf 77' lang='grc' dir='ltr'><strong>τὴν</strong></span> <span class='ocrx_word' id='word_1_240' title='bbox 893 912 956 948; x_wconf 83' lang='grc' dir='ltr'>ἔρη-</span> 
     </span>
    </p>
   </div>
   <div class='ocr_carea' id='block_1_35' title="bbox 1007 908 1792 948">
    <p class='ocr_par' dir='ltr' id='par_1_35' title="bbox 1010 909 1792 945">
     <span class='ocr_line' id='line_1_35' title="bbox 1010 909 1792 945; baseline -0.001 -9"><span class='ocrx_word' id='word_1_241' title='bbox 1010 917 1174 941; x_wconf 84' lang='lat' dir='ltr'><strong>memorans,</strong></span> <span class='ocrx_word' id='word_1_242' title='bbox 1189 917 1259 944; x_wconf 77' lang='lat' dir='ltr'><strong>quae,</strong></span> <span class='ocrx_word' id='word_1_243' title='bbox 1280 915 1334 937; x_wconf 87' lang='lat' dir='ltr'><strong>tam</strong></span> <span class='ocrx_word' id='word_1_244' title='bbox 1365 910 1392 936; x_wconf 91' lang='lat' dir='ltr'><strong>in</strong></span> <span class='ocrx_word' id='word_1_245' title='bbox 1408 909 1526 945; x_wconf 66' lang='lat' dir='ltr'><strong>Egypto</strong></span> <span class='ocrx_word' id='word_1_246' title='bbox 1539 918 1620 945; x_wconf 87' lang='lat' dir='ltr'><strong>quam</strong></span> <span class='ocrx_word' id='word_1_247' title='bbox 1635 910 1660 937; x_wconf 93' lang='lat' dir='ltr'><strong>in</strong></span> <span class='ocrx_word' id='word_1_248' title='bbox 1675 910 1792 941; x_wconf 77' lang='lat' dir='ltr'><strong>deserto,</strong></span> 
     </span>
    </p>
   </div>
   <div class='ocr_carea' id='block_1_36' title="bbox 171 954 954 993">
    <p class='ocr_par' dir='ltr' id='par_1_36' title="bbox 171 954 954 993">
     <span class='ocr_line' id='line_1_36' title="bbox 171 954 954 993; baseline 0.003 -11"><span class='ocrx_word' id='word_1_249' title='bbox 171 963 221 990; x_wconf 83' lang='grc' dir='ltr'><strong>μον</strong></span> <span class='ocrx_word' id='word_1_250' title='bbox 234 956 290 989; x_wconf 76' lang='grc'><strong>(58)</strong></span> <span class='ocrx_word' id='word_1_251' title='bbox 302 957 318 990; x_wconf 82' lang='grc' dir='ltr'>ἦ</span> <span class='ocrx_word' id='word_1_252' title='bbox 337 956 470 991; x_wconf 84' lang='grc' dir='ltr'>πολλαχοῦ</span> <span class='ocrx_word' id='word_1_253' title='bbox 486 957 537 992; x_wconf 84' lang='grc' dir='ltr'>γῆς</span> <span class='ocrx_word' id='word_1_254' title='bbox 551 958 568 993; x_wconf 85' lang='grc' dir='ltr'>ἦ</span> <span class='ocrx_word' id='word_1_255' title='bbox 585 958 722 993; x_wconf 81' lang='grc' dir='ltr'>θαλάσσης</span> <span class='ocrx_word' id='word_1_256' title='bbox 737 958 860 993; x_wconf 77' lang='grc' dir='ltr'>ἔδρασεν·</span> <span class='ocrx_word' id='word_1_257' title='bbox 878 954 954 993; x_wconf 79' lang='grc' dir='ltr'>(οἷον,</span> 
     </span>
    </p>
   </div>
   <div class='ocr_carea' id='block_1_37' title="bbox 175 1002 956 1038">
    <p class='ocr_par' dir='ltr' id='par_1_37' title="bbox 175 1002 956 1038">
     <span class='ocr_line' id='line_1_37' title="bbox 175 1002 956 1038; baseline 0.003 -10"><span class='ocrx_word' id='word_1_258' title='bbox 175 1002 310 1038; x_wconf 79' lang='grc' dir='ltr'>Ἐρυθρᾶς</span> <span class='ocrx_word' id='word_1_259' title='bbox 322 1003 378 1038; x_wconf 76' lang='grc'><strong>(59)</strong></span> <span class='ocrx_word' id='word_1_260' title='bbox 400 1004 550 1036; x_wconf 83' lang='grc' dir='ltr'>διάστασιν,</span> <span class='ocrx_word' id='word_1_261' title='bbox 567 1005 614 1031; x_wconf 81' lang='grc' dir='ltr'>καὶ</span> <span class='ocrx_word' id='word_1_262' title='bbox 627 1003 707 1036; x_wconf 73' lang='grc' dir='ltr'>αὖθις</span> <span class='ocrx_word' id='word_1_263' title='bbox 720 1004 871 1031; x_wconf 79' lang='grc' dir='ltr'>ὲπίκλυσιν·</span> <span class='ocrx_word' id='word_1_264' title='bbox 883 1005 956 1035; x_wconf 85' lang='grc' dir='ltr'>ὅπως</span> 
     </span>
    </p>
   </div>
   <div class='ocr_carea' id='block_1_38' title="bbox 169 1048 957 1086">
    <p class='ocr_par' dir='ltr' id='par_1_38' title="bbox 169 1048 957 1086">
     <span class='ocr_line' id='line_1_38' title="bbox 169 1048 957 1086; baseline 0.003 -12"><span class='ocrx_word' id='word_1_265' title='bbox 169 1057 199 1074; x_wconf 88' lang='grc' dir='ltr'><strong>τε</strong></span> <span class='ocrx_word' id='word_1_266' title='bbox 216 1049 248 1075; x_wconf 73' lang='grc' dir='ltr'>ἐκ</span> <span class='ocrx_word' id='word_1_267' title='bbox 264 1049 367 1084; x_wconf 80' lang='grc' dir='ltr'>πέτρας</span> <span class='ocrx_word' id='word_1_268' title='bbox 383 1048 454 1084; x_wconf 73' lang='grc' dir='ltr'>ὕδωρ</span> <span class='ocrx_word' id='word_1_269' title='bbox 470 1049 593 1084; x_wconf 84' lang='grc' dir='ltr'>ὲπήγασε</span> <span class='ocrx_word' id='word_1_270' title='bbox 608 1049 674 1085; x_wconf 68' lang='grc'><strong>(40).</strong></span> <span class='ocrx_word' id='word_1_271' title='bbox 688 1051 734 1076; x_wconf 75' lang='grc' dir='ltr'>καὶ</span> <span class='ocrx_word' id='word_1_272' title='bbox 751 1049 863 1086; x_wconf 74' lang='grc' dir='ltr'>Μερῤὰν</span> <span class='ocrx_word' id='word_1_273' title='bbox 881 1049 957 1084; x_wconf 84' lang='grc' dir='ltr'>ὲγλύ-</span> 
     </span>
    </p>
   </div>
   <div class='ocr_carea' id='block_1_39' title="bbox 170 1092 956 1128">
    <p class='ocr_par' dir='ltr' id='par_1_39' title="bbox 170 1092 956 1128">
     <span class='ocr_line' id='line_1_39' title="bbox 170 1092 956 1128; baseline 0.001 -9"><span class='ocrx_word' id='word_1_274' title='bbox 170 1101 272 1119; x_wconf 80' lang='grc' dir='ltr'>κανεν’</span> <span class='ocrx_word' id='word_1_275' title='bbox 302 1092 427 1128; x_wconf 76' lang='grc' dir='ltr'>’Δμαλὴκ</span> <span class='ocrx_word' id='word_1_276' title='bbox 460 1093 614 1120; x_wconf 73' lang='grc' dir='ltr'>ἐθανάτωσε</span> <span class='ocrx_word' id='word_1_277' title='bbox 647 1094 740 1128; x_wconf 80' lang='grc' dir='ltr'>χερσὶν</span> <span class='ocrx_word' id='word_1_278' title='bbox 773 1093 884 1125; x_wconf 78' lang='grc' dir='ltr'>ἀόπλοις</span> <span class='ocrx_word' id='word_1_279' title='bbox 911 1093 956 1120; x_wconf 83' lang='grc' dir='ltr'>τὸν</span> 
     </span>
    </p>
   </div>
   <div class='ocr_carea' id='block_1_40' title="bbox 170 1137 957 1174">
    <p class='ocr_par' dir='ltr' id='par_1_40' title="bbox 170 1137 957 1174">
     <span class='ocr_line' id='line_1_40' title="bbox 170 1137 957 1174; baseline 0.001 -10"><span class='ocrx_word' id='word_1_280' title='bbox 170 1138 287 1174; x_wconf 77' lang='grc' dir='ltr'>σταυρὸν</span> <span class='ocrx_word' id='word_1_281' title='bbox 301 1137 476 1174; x_wconf 85' lang='grc' dir='ltr'>μηνυούσαις·</span> <span class='ocrx_word' id='word_1_282' title='bbox 486 1138 562 1174; x_wconf 81' lang='grc' dir='ltr'>τείχη</span> <span class='ocrx_word' id='word_1_283' title='bbox 576 1139 700 1165; x_wconf 82' lang='grc' dir='ltr'>καθεῖλεν</span> <span class='ocrx_word' id='word_1_284' title='bbox 724 1139 896 1174; x_wconf 79' lang='grc' dir='ltr'>’ῐεριχούντια</span> <span class='ocrx_word' id='word_1_285' title='bbox 911 1139 957 1166; x_wconf 82' lang='grc' dir='ltr'>καὶ</span> 
     </span>
    </p>
   </div>
   <div class='ocr_carea' id='block_1_41' title="bbox 169 1184 956 1220">
    <p class='ocr_par' dir='ltr' id='par_1_41' title="bbox 169 1184 956 1220">
     <span class='ocr_line' id='line_1_41' title="bbox 169 1184 956 1220; baseline 0 -10"><span class='ocrx_word' id='word_1_286' title='bbox 169 1184 232 1211; x_wconf 77' lang='grc' dir='ltr'>ἄνευ</span> <span class='ocrx_word' id='word_1_287' title='bbox 248 1184 464 1219; x_wconf 79' lang='grc' dir='ltr'>μηχανημάτων·</span> <span class='ocrx_word' id='word_1_288' title='bbox 477 1184 620 1220; x_wconf 84' lang='grc' dir='ltr'>προφήτην</span> <span class='ocrx_word' id='word_1_289' title='bbox 634 1184 735 1211; x_wconf 80' lang='grc' dir='ltr'>ἔσωσεν</span> <span class='ocrx_word' id='word_1_290' title='bbox 747 1185 779 1210; x_wconf 84' lang='grc' dir='ltr'>ὲκ</span> <span class='ocrx_word' id='word_1_291' title='bbox 795 1184 956 1219; x_wconf 82' lang='grc' dir='ltr'>σπλάγχνων</span> 
     </span>
    </p>
   </div>
   <div class='ocr_carea' id='block_1_42' title="bbox 171 1229 955 1266">
    <p class='ocr_par' dir='ltr' id='par_1_42' title="bbox 171 1229 955 1266">
     <span class='ocr_line' id='line_1_42' title="bbox 171 1229 955 1266; baseline 0.001 -11"><span class='ocrx_word' id='word_1_292' title='bbox 171 1229 279 1264; x_wconf 73' lang='grc' dir='ltr'>κήτους·</span> <span class='ocrx_word' id='word_1_293' title='bbox 298 1230 344 1256; x_wconf 81' lang='grc' dir='ltr'>καὶ</span> <span class='ocrx_word' id='word_1_294' title='bbox 360 1229 444 1256; x_wconf 83' lang='grc' dir='ltr'>τάλλα</span> <span class='ocrx_word' id='word_1_295' title='bbox 466 1229 517 1256; x_wconf 78' lang='grc' dir='ltr'>ὅσα</span> <span class='ocrx_word' id='word_1_296' title='bbox 541 1238 596 1264; x_wconf 86' lang='grc' dir='ltr'><strong>περ</strong></span> <span class='ocrx_word' id='word_1_297' title='bbox 620 1230 692 1266; x_wconf 80' lang='grc' dir='ltr'>ἱεραὶ</span> <span class='ocrx_word' id='word_1_298' title='bbox 709 1229 793 1264; x_wconf 76' lang='grc' dir='ltr'>βίϐλοι</span> <span class='ocrx_word' id='word_1_299' title='bbox 808 1229 955 1265; x_wconf 77' lang='grc' dir='ltr'>φέρουσιν,)</span> 
     </span>
    </p>
   </div>
   <div class='ocr_carea' id='block_1_43' title="bbox 171 1275 957 1311">
    <p class='ocr_par' dir='ltr' id='par_1_43' title="bbox 171 1275 957 1311">
     <span class='ocr_line' id='line_1_43' title="bbox 171 1275 957 1311; baseline 0.001 -10"><span class='ocrx_word' id='word_1_300' title='bbox 171 1275 355 1310; x_wconf 79' lang='grc' dir='ltr'>ὑποσχόμενος</span> <span class='ocrx_word' id='word_1_301' title='bbox 371 1275 439 1311; x_wconf 72' lang='grc' dir='ltr'>ἅμα,</span> <span class='ocrx_word' id='word_1_302' title='bbox 457 1276 482 1302; x_wconf 78' lang='grc' dir='ltr'><strong>εί</strong></span> <span class='ocrx_word' id='word_1_303' title='bbox 499 1275 663 1311; x_wconf 81' lang='grc' dir='ltr'>περισωθείη</span> <span class='ocrx_word' id='word_1_304' title='bbox 680 1276 727 1302; x_wconf 68' lang='grc' dir='ltr'>τοῦ</span> <span class='ocrx_word' id='word_1_305' title='bbox 744 1275 889 1310; x_wconf 83' lang='grc' dir='ltr'>πελάγους,</span> <span class='ocrx_word' id='word_1_306' title='bbox 909 1276 957 1302; x_wconf 75' lang='grc' dir='ltr'>καὶ</span> 
     </span>
    </p>
   </div>
   <div class='ocr_carea' id='block_1_44' title="bbox 169 1319 956 1357">
    <p class='ocr_par' dir='ltr' id='par_1_44' title="bbox 169 1319 956 1357">
     <span class='ocr_line' id='line_1_44' title="bbox 169 1319 956 1357; baseline 0.003 -11"><span class='ocrx_word' id='word_1_307' title='bbox 169 1320 245 1356; x_wconf 78' lang='grc' dir='ltr'>τύχοι</span> <span class='ocrx_word' id='word_1_308' title='bbox 255 1321 305 1356; x_wconf 86' lang='grc' dir='ltr'>τῆς</span> <span class='ocrx_word' id='word_1_309' title='bbox 314 1321 432 1355; x_wconf 72' lang='grc' dir='ltr'>ἐφέσεως</span> <span class='ocrx_word' id='word_1_310' title='bbox 443 1319 491 1347; x_wconf 82' lang='grc' dir='ltr'>τοῦ</span> <span class='ocrx_word' id='word_1_311' title='bbox 512 1320 708 1356; x_wconf 82' lang='grc' dir='ltr'>βαπτίσματος,</span> <span class='ocrx_word' id='word_1_312' title='bbox 717 1321 755 1357; x_wconf 86' lang='grc' dir='ltr'>τῷ</span> <span class='ocrx_word' id='word_1_313' title='bbox 766 1321 882 1348; x_wconf 84' lang='grc' dir='ltr'>σώσαντι</span> <span class='ocrx_word' id='word_1_314' title='bbox 900 1321 956 1357; x_wconf 77' lang='grc' dir='ltr'><strong>(Μ)</strong></span> 
     </span>
    </p>
   </div>
   <div class='ocr_carea' id='block_1_45' title="bbox 168 1365 956 1401">
    <p class='ocr_par' dir='ltr' id='par_1_45' title="bbox 168 1365 956 1401">
     <span class='ocr_line' id='line_1_45' title="bbox 168 1365 956 1401; baseline 0.003 -9"><span class='ocrx_word' id='word_1_315' title='bbox 168 1365 251 1392; x_wconf 72' lang='grc' dir='ltr'>αὐτὸν</span> <span class='ocrx_word' id='word_1_316' title='bbox 266 1366 425 1400; x_wconf 80' lang='grc' dir='ltr'>ἀναθήσειν·</span> <span class='ocrx_word' id='word_1_317' title='bbox 440 1366 562 1401; x_wconf 83' lang='grc' dir='ltr'>κάμπτει</span> <span class='ocrx_word' id='word_1_318' title='bbox 573 1367 633 1398; x_wconf 87' lang='grc' dir='ltr'>ταῖς</span> <span class='ocrx_word' id='word_1_319' title='bbox 652 1367 765 1398; x_wconf 75' lang='grc' dir='ltr'>ἱκεσίαις</span> <span class='ocrx_word' id='word_1_320' title='bbox 779 1367 868 1399; x_wconf 85' lang='grc' dir='ltr'>αὑτὸν,</span> <span class='ocrx_word' id='word_1_321' title='bbox 878 1367 956 1394; x_wconf 78' lang='grc' dir='ltr'>ἵλεών</span> 
     </span>
    </p>
   </div>
   <div class='ocr_carea' id='block_1_46' title="bbox 168 1411 957 1448">
    <p class='ocr_par' dir='ltr' id='par_1_46' title="bbox 168 1411 957 1448">
     <span class='ocr_line' id='line_1_46' title="bbox 168 1411 957 1448; baseline 0.001 -10"><span class='ocrx_word' id='word_1_322' title='bbox 168 1420 198 1438; x_wconf 82' lang='grc' dir='ltr'><strong>τε</strong></span> <span class='ocrx_word' id='word_1_323' title='bbox 213 1411 288 1443; x_wconf 75' lang='grc' dir='ltr'>ὂντα,</span> <span class='ocrx_word' id='word_1_324' title='bbox 307 1412 355 1438; x_wconf 74' lang='grc' dir='ltr'>καὶ</span> <span class='ocrx_word' id='word_1_325' title='bbox 372 1411 422 1443; x_wconf 78' lang='grc' dir='ltr'><strong>τὰς</strong></span> <span class='ocrx_word' id='word_1_326' title='bbox 436 1412 556 1447; x_wconf 79' lang='grc' dir='ltr'>αἰτήσεις</span> <span class='ocrx_word' id='word_1_327' title='bbox 574 1411 708 1446; x_wconf 85' lang='grc' dir='ltr'>φθάνοντα</span> <span class='ocrx_word' id='word_1_328' title='bbox 720 1412 759 1447; x_wconf 82' lang='grc' dir='ltr'>τῷ</span> <span class='ocrx_word' id='word_1_329' title='bbox 770 1413 894 1448; x_wconf 87' lang='grc' dir='ltr'>μειλιχίῳ</span> <span class='ocrx_word' id='word_1_330' title='bbox 908 1413 957 1447; x_wconf 87' lang='grc' dir='ltr'>τῆς</span> 
     </span>
    </p>
   </div>
   <div class='ocr_carea' id='block_1_47' title="bbox 169 1458 957 1496">
    <p class='ocr_par' dir='ltr' id='par_1_47' title="bbox 169 1458 957 1496">
     <span class='ocr_line' id='line_1_47' title="bbox 169 1458 957 1496; baseline 0.001 -12"><span class='ocrx_word' id='word_1_331' title='bbox 169 1458 286 1492; x_wconf 82' lang='grc' dir='ltr'>φύσεως.</span> <span class='ocrx_word' id='word_1_332' title='bbox 311 1459 366 1486; x_wconf 75' lang='grc' dir='ltr'>Καὶ</span> <span class='ocrx_word' id='word_1_333' title='bbox 382 1460 396 1486; x_wconf 83' lang='grc' dir='ltr'>ὁ</span> <span class='ocrx_word' id='word_1_334' title='bbox 414 1459 463 1494; x_wconf 81' lang='grc' dir='ltr'>μὲν</span> <span class='ocrx_word' id='word_1_335' title='bbox 479 1459 582 1486; x_wconf 80' lang='grc' dir='ltr'>κλύδων</span> <span class='ocrx_word' id='word_1_336' title='bbox 598 1459 697 1485; x_wconf 82' lang='grc' dir='ltr'>αὐτίκα</span> <span class='ocrx_word' id='word_1_337' title='bbox 714 1459 860 1494; x_wconf 78' lang='grc' dir='ltr'>ἐλώφησεν·</span> <span class='ocrx_word' id='word_1_338' title='bbox 886 1460 905 1496; x_wconf 80' lang='grc' dir='ltr'><strong>ή</strong></span> <span class='ocrx_word' id='word_1_339' title='bbox 928 1459 957 1485; x_wconf 77' lang='grc' dir='ltr'>δὲ</span> 
     </span>
    </p>
   </div>
   <div class='ocr_carea' id='block_1_48' title="bbox 169 1502 957 1540">
    <p class='ocr_par' dir='ltr' id='par_1_48' title="bbox 169 1502 957 1540">
     <span class='ocr_line' id='line_1_48' title="bbox 169 1502 957 1540; baseline 0.001 -9"><span class='ocrx_word' id='word_1_340' title='bbox 169 1506 291 1538; x_wconf 71' lang='grc' dir='ltr'>καταιγὶς</span> <span class='ocrx_word' id='word_1_341' title='bbox 309 1505 348 1536; x_wconf 79' lang='grc' dir='ltr'><strong>εἰς</strong></span> <span class='ocrx_word' id='word_1_342' title='bbox 369 1502 454 1540; x_wconf 80' lang='grc' dir='ltr'>αὖραν</span> <span class='ocrx_word' id='word_1_343' title='bbox 481 1503 645 1540; x_wconf 85' lang='grc' dir='ltr'>μετεποιήθη</span> <span class='ocrx_word' id='word_1_344' title='bbox 670 1504 740 1539; x_wconf 65' lang='lat'><strong>(42),</strong></span> <span class='ocrx_word' id='word_1_345' title='bbox 765 1505 813 1531; x_wconf 78' lang='grc' dir='ltr'>καὶ</span> <span class='ocrx_word' id='word_1_346' title='bbox 846 1506 862 1539; x_wconf 90' lang='grc' dir='ltr'><strong>ή</strong></span> <span class='ocrx_word' id='word_1_347' title='bbox 889 1505 957 1537; x_wconf 82' lang='grc' dir='ltr'>τέως</span> 
     </span>
    </p>
   </div>
   <div class='ocr_carea' id='block_1_49' title="bbox 169 1549 954 1586">
    <p class='ocr_par' dir='ltr' id='par_1_49' title="bbox 169 1549 954 1586">
     <span class='ocr_line' id='line_1_49' title="bbox 169 1549 954 1586; baseline 0 -9"><span class='ocrx_word' id='word_1_348' title='bbox 169 1551 252 1586; x_wconf 85' lang='grc' dir='ltr'>ἀγρία</span> <span class='ocrx_word' id='word_1_349' title='bbox 259 1550 455 1586; x_wconf 83' lang='grc' dir='ltr'>κατεστορέσθη</span> <span class='ocrx_word' id='word_1_350' title='bbox 465 1551 594 1578; x_wconf 85' lang='grc' dir='ltr'>θάλασσα.</span> <span class='ocrx_word' id='word_1_351' title='bbox 604 1551 632 1577; x_wconf 93' lang='grc' dir='ltr'>Ὁ</span> <span class='ocrx_word' id='word_1_352' title='bbox 642 1551 691 1586; x_wconf 82' lang='grc' dir='ltr'>μὲν</span> <span class='ocrx_word' id='word_1_353' title='bbox 699 1552 728 1577; x_wconf 77' lang='grc' dir='ltr'>ἐν</span> <span class='ocrx_word' id='word_1_354' title='bbox 736 1551 840 1582; x_wconf 82' lang='grc' dir='ltr'>τούτοις</span> <span class='ocrx_word' id='word_1_355' title='bbox 847 1549 880 1586; x_wconf 79' lang='grc' dir='ltr'>ἦν</span> <span class='ocrx_word' id='word_1_356' title='bbox 889 1550 954 1586; x_wconf 69' lang='grc'><strong>(45).</strong></span> 
     </span>
    </p>
   </div>
   <div class='ocr_carea' id='block_1_50' title="bbox 1008 955 1790 991">
    <p class='ocr_par' dir='ltr' id='par_1_50' title="bbox 1008 955 1790 991">
     <span class='ocr_line' id='line_1_50' title="bbox 1008 955 1790 991; baseline -0.001 -8"><span class='ocrx_word' id='word_1_357' title='bbox 1008 963 1040 983; x_wconf 85' lang='lat' dir='ltr'><strong>ac</strong></span> <span class='ocrx_word' id='word_1_358' title='bbox 1054 955 1189 990; x_wconf 77' lang='lat' dir='ltr'><strong>plerisque</strong></span> <span class='ocrx_word' id='word_1_359' title='bbox 1209 955 1270 983; x_wconf 86' lang='lat' dir='ltr'><strong>aliis</strong></span> <span class='ocrx_word' id='word_1_360' title='bbox 1285 960 1357 983; x_wconf 88' lang='lat' dir='ltr'><strong>terra</strong></span> <span class='ocrx_word' id='word_1_361' title='bbox 1374 957 1495 990; x_wconf 87' lang='lat' dir='ltr'><strong>marique</strong></span> <span class='ocrx_word' id='word_1_362' title='bbox 1508 956 1574 984; x_wconf 87' lang='lat' dir='ltr'><strong>locis</strong></span> <span class='ocrx_word' id='word_1_363' title='bbox 1582 955 1704 984; x_wconf 83' lang='lat' dir='ltr'><strong>ediderat</strong></span> <span class='ocrx_word' id='word_1_364' title='bbox 1718 956 1790 991; x_wconf 87' lang='lat' dir='ltr'><strong>(vel-</strong></span> 
     </span>
    </p>
   </div>
   <div class='ocr_carea' id='block_1_51' title="bbox 1008 1001 1793 1036">
    <p class='ocr_par' dir='ltr' id='par_1_51' title="bbox 1008 1001 1793 1036">
     <span class='ocr_line' id='line_1_51' title="bbox 1008 1001 1793 1036; baseline 0.003 -9"><span class='ocrx_word' id='word_1_365' title='bbox 1008 1005 1037 1027; x_wconf 90' lang='lat' dir='ltr'><strong>ut</strong></span> <span class='ocrx_word' id='word_1_366' title='bbox 1066 1001 1149 1028; x_wconf 82' lang='lat' dir='ltr'><strong>Rubri</strong></span> <span class='ocrx_word' id='word_1_367' title='bbox 1165 1001 1248 1028; x_wconf 88' lang='lat' dir='ltr'><strong>maris</strong></span> <span class='ocrx_word' id='word_1_368' title='bbox 1273 1001 1430 1029; x_wconf 88' lang='lat' dir='ltr'><strong>divisionem</strong></span> <span class='ocrx_word' id='word_1_369' title='bbox 1444 1003 1477 1033; x_wconf 81' lang='grc'><strong>⁸⁰,</strong></span> <span class='ocrx_word' id='word_1_370' title='bbox 1502 1001 1674 1036; x_wconf 84' lang='lat' dir='ltr'><strong>ejusdemque</strong></span> <span class='ocrx_word' id='word_1_371' title='bbox 1699 1009 1793 1029; x_wconf 83' lang='lat' dir='ltr'><strong>rursus</strong></span> 
     </span>
    </p>
   </div>
   <div class='ocr_carea' id='block_1_52' title="bbox 1008 1046 1792 1082">
    <p class='ocr_par' dir='ltr' id='par_1_52' title="bbox 1008 1046 1792 1082">
     <span class='ocr_line' id='line_1_52' title="bbox 1008 1046 1792 1082; baseline 0.001 -9"><span class='ocrx_word' id='word_1_372' title='bbox 1008 1046 1143 1076; x_wconf 81' lang='lat' dir='ltr'><strong>eluviem;</strong></span> <span class='ocrx_word' id='word_1_373' title='bbox 1163 1053 1217 1080; x_wconf 90' lang='lat' dir='ltr'><strong>quo</strong></span> <span class='ocrx_word' id='word_1_374' title='bbox 1228 1046 1292 1074; x_wconf 79' lang='lat' dir='ltr'><strong>item</strong></span> <span class='ocrx_word' id='word_1_375' title='bbox 1315 1047 1393 1074; x_wconf 87' lang='lat' dir='ltr'><strong>modo</strong></span> <span class='ocrx_word' id='word_1_376' title='bbox 1407 1055 1504 1082; x_wconf 86' lang='lat' dir='ltr'><strong>aquam</strong></span> <span class='ocrx_word' id='word_1_377' title='bbox 1521 1055 1555 1074; x_wconf 80' lang='lat' dir='ltr'><strong>ex</strong></span> <span class='ocrx_word' id='word_1_378' title='bbox 1575 1051 1651 1082; x_wconf 84' lang='lat' dir='ltr'><strong>petra</strong></span> <span class='ocrx_word' id='word_1_379' title='bbox 1675 1048 1746 1074; x_wconf 74' lang='lat' dir='ltr'><strong>velut</strong></span> <span class='ocrx_word' id='word_1_380' title='bbox 1759 1055 1792 1074; x_wconf 81' lang='lat' dir='ltr'><strong>ex</strong></span> 
     </span>
    </p>
   </div>
   <div class='ocr_carea' id='block_1_53' title="bbox 1007 1092 1793 1126">
    <p class='ocr_par' dir='ltr' id='par_1_53' title="bbox 1007 1092 1793 1126">
     <span class='ocr_line' id='line_1_53' title="bbox 1007 1092 1793 1126; baseline 0 -7"><span class='ocrx_word' id='word_1_381' title='bbox 1007 1092 1081 1120; x_wconf 80' lang='lat' dir='ltr'><strong>fonte</strong></span> <span class='ocrx_word' id='word_1_382' title='bbox 1099 1093 1220 1120; x_wconf 79' lang='lat' dir='ltr'><strong>duxisset</strong></span> <span class='ocrx_word' id='word_1_383' title='bbox 1236 1093 1270 1125; x_wconf 84' lang='grc'><strong>⁸¹,</strong></span> <span class='ocrx_word' id='word_1_384' title='bbox 1295 1097 1322 1120; x_wconf 92' lang='lat' dir='ltr'><strong>et</strong></span> <span class='ocrx_word' id='word_1_385' title='bbox 1341 1093 1440 1120; x_wconf 81' lang='lat' dir='ltr'><strong>Maram</strong></span> <span class='ocrx_word' id='word_1_386' title='bbox 1455 1093 1609 1120; x_wconf 86' lang='lat' dir='ltr'><strong>edulcasset</strong></span> <span class='ocrx_word' id='word_1_387' title='bbox 1622 1093 1661 1126; x_wconf 83' lang='grc'><strong>⁸¹;</strong></span> <span class='ocrx_word' id='word_1_388' title='bbox 1685 1092 1793 1119; x_wconf 85' lang='lat' dir='ltr'><strong>Amale-</strong></span> 
     </span>
    </p>
   </div>
   <div class='ocr_carea' id='block_1_54' title="bbox 1007 1139 1789 1173">
    <p class='ocr_par' dir='ltr' id='par_1_54' title="bbox 1007 1139 1789 1173">
     <span class='ocr_line' id='line_1_54' title="bbox 1007 1139 1789 1173; baseline -0.001 -7"><span class='ocrx_word' id='word_1_389' title='bbox 1007 1139 1076 1166; x_wconf 88' lang='lat' dir='ltr'><strong>citas</strong></span> <span class='ocrx_word' id='word_1_390' title='bbox 1091 1139 1239 1168; x_wconf 83' lang='lat' dir='ltr'><strong>inermibus</strong></span> <span class='ocrx_word' id='word_1_391' title='bbox 1256 1140 1390 1172; x_wconf 82' lang='lat' dir='ltr'><strong>manibus.</strong></span> <span class='ocrx_word' id='word_1_392' title='bbox 1407 1147 1514 1167; x_wconf 84' lang='lat' dir='ltr'><strong>crucem</strong></span> <span class='ocrx_word' id='word_1_393' title='bbox 1535 1139 1727 1171; x_wconf 79' lang='lat' dir='ltr'><strong>indicantibus,</strong></span> <span class='ocrx_word' id='word_1_394' title='bbox 1743 1146 1789 1173; x_wconf 85' lang='lat' dir='ltr'><strong>op-</strong></span> 
     </span>
    </p>
   </div>
   <div class='ocr_carea' id='block_1_55' title="bbox 1008 1183 1793 1218">
    <p class='ocr_par' dir='ltr' id='par_1_55' title="bbox 1008 1183 1793 1218">
     <span class='ocr_line' id='line_1_55' title="bbox 1008 1183 1793 1218; baseline 0 -8"><span class='ocrx_word' id='word_1_395' title='bbox 1008 1183 1150 1218; x_wconf 85' lang='lat' dir='ltr'><strong>pressisset</strong></span> <span class='ocrx_word' id='word_1_396' title='bbox 1161 1184 1204 1217; x_wconf 81' lang='grc'><strong>⁵³;</strong></span> <span class='ocrx_word' id='word_1_397' title='bbox 1222 1191 1314 1211; x_wconf 86' lang='lat' dir='ltr'><strong>muros</strong></span> <span class='ocrx_word' id='word_1_398' title='bbox 1337 1183 1457 1216; x_wconf 88' lang='lat' dir='ltr'><strong>Jericho,</strong></span> <span class='ocrx_word' id='word_1_399' title='bbox 1477 1183 1557 1212; x_wconf 86' lang='lat' dir='ltr'><strong>nullis</strong></span> <span class='ocrx_word' id='word_1_400' title='bbox 1571 1184 1652 1211; x_wconf 80' lang='lat' dir='ltr'><strong>etiam</strong></span> <span class='ocrx_word' id='word_1_401' title='bbox 1678 1183 1793 1211; x_wconf 88' lang='lat' dir='ltr'><strong>admotis</strong></span> 
     </span>
    </p>
   </div>
   <div class='ocr_carea' id='block_1_56' title="bbox 1008 1229 1792 1264">
    <p class='ocr_par' dir='ltr' id='par_1_56' title="bbox 1008 1229 1792 1264">
     <span class='ocr_line' id='line_1_56' title="bbox 1008 1229 1792 1264; baseline 0 -8"><span class='ocrx_word' id='word_1_402' title='bbox 1008 1229 1158 1260; x_wconf 83' lang='lat' dir='ltr'><strong>tormentis,</strong></span> <span class='ocrx_word' id='word_1_403' title='bbox 1172 1230 1312 1258; x_wconf 85' lang='lat' dir='ltr'><strong>evertisset</strong></span> <span class='ocrx_word' id='word_1_404' title='bbox 1327 1230 1365 1263; x_wconf 70' lang='lat' dir='ltr'><strong>l“;</strong></span> <span class='ocrx_word' id='word_1_405' title='bbox 1394 1230 1550 1264; x_wconf 84' lang='lat' dir='ltr'><strong>prophetam</strong></span> <span class='ocrx_word' id='word_1_406' title='bbox 1575 1238 1606 1258; x_wconf 76' lang='lat' dir='ltr'><strong>ex</strong></span> <span class='ocrx_word' id='word_1_407' title='bbox 1629 1230 1680 1257; x_wconf 83' lang='lat' dir='ltr'><strong>ceti</strong></span> <span class='ocrx_word' id='word_1_408' title='bbox 1703 1230 1792 1257; x_wconf 87' lang='lat' dir='ltr'><strong>visce-</strong></span> 
     </span>
    </p>
   </div>
   <div class='ocr_carea' id='block_1_57' title="bbox 1009 1275 1790 1308">
    <p class='ocr_par' dir='ltr' id='par_1_57' title="bbox 1009 1275 1790 1308">
     <span class='ocr_line' id='line_1_57' title="bbox 1009 1275 1790 1308; baseline 0.003 -6"><span class='ocrx_word' id='word_1_409' title='bbox 1009 1276 1085 1303; x_wconf 86' lang='lat' dir='ltr'><strong>ribus</strong></span> <span class='ocrx_word' id='word_1_410' title='bbox 1113 1275 1217 1303; x_wconf 84' lang='lat' dir='ltr'><strong>salvum</strong></span> <span class='ocrx_word' id='word_1_411' title='bbox 1240 1282 1267 1304; x_wconf 91' lang='lat' dir='ltr'><strong>et</strong></span> <span class='ocrx_word' id='word_1_412' title='bbox 1288 1276 1447 1304; x_wconf 90' lang='lat' dir='ltr'><strong>incolumem</strong></span> <span class='ocrx_word' id='word_1_413' title='bbox 1473 1277 1634 1304; x_wconf 76' lang='lat' dir='ltr'><strong>extraxisset</strong></span> <span class='ocrx_word' id='word_1_414' title='bbox 1648 1276 1685 1308; x_wconf 81' lang='lat'><strong>&quot;;</strong></span> <span class='ocrx_word' id='word_1_415' title='bbox 1710 1280 1790 1304; x_wconf 65' lang='lat' dir='ltr'><strong>caete-</strong></span> 
     </span>
    </p>
   </div>
   <div class='ocr_carea' id='block_1_58' title="bbox 1007 1320 1791 1357">
    <p class='ocr_par' dir='ltr' id='par_1_58' title="bbox 1007 1320 1791 1357">
     <span class='ocr_line' id='line_1_58' title="bbox 1007 1320 1791 1357; baseline 0 -9"><span class='ocrx_word' id='word_1_416' title='bbox 1007 1329 1090 1357; x_wconf 70' lang='lat' dir='ltr'><strong>rthue</strong></span> <span class='ocrx_word' id='word_1_417' title='bbox 1107 1323 1197 1350; x_wconf 85' lang='lat' dir='ltr'><strong>omnia</strong></span> <span class='ocrx_word' id='word_1_418' title='bbox 1216 1330 1276 1357; x_wconf 63' lang='lat' dir='ltr'><strong>quae</strong></span> <span class='ocrx_word' id='word_1_419' title='bbox 1302 1323 1483 1350; x_wconf 81' lang='lat' dir='ltr'><strong>sacrosanctis</strong></span> <span class='ocrx_word' id='word_1_420' title='bbox 1501 1323 1576 1350; x_wconf 85' lang='lat' dir='ltr'><strong>libris</strong></span> <span class='ocrx_word' id='word_1_421' title='bbox 1598 1320 1791 1356; x_wconf 85' lang='lat' dir='ltr'><strong>continentur),</strong></span> 
     </span>
    </p>
   </div>
   <div class='ocr_carea' id='block_1_59' title="bbox 1008 1367 1793 1404">
    <p class='ocr_par' dir='ltr' id='par_1_59' title="bbox 1008 1367 1793 1404">
     <span class='ocr_line' id='line_1_59' title="bbox 1008 1367 1793 1404; baseline -0.001 -9"><span class='ocrx_word' id='word_1_422' title='bbox 1008 1369 1142 1402; x_wconf 86' lang='lat' dir='ltr'><strong>simulque</strong></span> <span class='ocrx_word' id='word_1_423' title='bbox 1155 1376 1184 1396; x_wconf 89' lang='lat' dir='ltr'><strong>se</strong></span> <span class='ocrx_word' id='word_1_424' title='bbox 1198 1368 1332 1396; x_wconf 82' lang='lat' dir='ltr'><strong>facturum</strong></span> <span class='ocrx_word' id='word_1_425' title='bbox 1355 1369 1498 1404; x_wconf 78' lang='lat' dir='ltr'><strong>recipiens,</strong></span> <span class='ocrx_word' id='word_1_426' title='bbox 1513 1374 1552 1401; x_wconf 90' lang='lat' dir='ltr'><strong>ut,</strong></span> <span class='ocrx_word' id='word_1_427' title='bbox 1567 1368 1590 1396; x_wconf 91' lang='lat' dir='ltr'><strong>si</strong></span> <span class='ocrx_word' id='word_1_428' title='bbox 1617 1367 1699 1395; x_wconf 87' lang='lat' dir='ltr'><strong>maris</strong></span> <span class='ocrx_word' id='word_1_429' title='bbox 1722 1368 1793 1402; x_wconf 87' lang='lat' dir='ltr'><strong>peri-</strong></span> 
     </span>
    </p>
   </div>
   <div class='ocr_carea' id='block_1_60' title="bbox 1007 1412 1792 1448">
    <p class='ocr_par' dir='ltr' id='par_1_60' title="bbox 1007 1412 1792 1448">
     <span class='ocr_line' id='line_1_60' title="bbox 1007 1412 1792 1448; baseline -0.004 -8"><span class='ocrx_word' id='word_1_430' title='bbox 1007 1413 1068 1441; x_wconf 85' lang='lat' dir='ltr'><strong>culo</strong></span> <span class='ocrx_word' id='word_1_431' title='bbox 1087 1413 1262 1446; x_wconf 81' lang='lat' dir='ltr'><strong>liberaretur,</strong></span> <span class='ocrx_word' id='word_1_432' title='bbox 1288 1419 1370 1448; x_wconf 86' lang='lat' dir='ltr'><strong>atque</strong></span> <span class='ocrx_word' id='word_1_433' title='bbox 1388 1415 1507 1448; x_wconf 76' lang='lat' dir='ltr'><strong>expetito</strong></span> <span class='ocrx_word' id='word_1_434' title='bbox 1535 1414 1670 1448; x_wconf 88' lang='lat' dir='ltr'><strong>baptismo</strong></span> <span class='ocrx_word' id='word_1_435' title='bbox 1690 1412 1792 1440; x_wconf 79' lang='lat' dir='ltr'><strong>fruere-</strong></span> 
     </span>
    </p>
   </div>
   <div class='ocr_carea' id='block_1_61' title="bbox 1009 1460 1793 1495">
    <p class='ocr_par' dir='ltr' id='par_1_61' title="bbox 1009 1460 1793 1495">
     <span class='ocr_line' id='line_1_61' title="bbox 1009 1460 1793 1495; baseline -0.003 -9"><span class='ocrx_word' id='word_1_436' title='bbox 1009 1464 1063 1491; x_wconf 82' lang='lat' dir='ltr'><strong>tur.</strong></span> <span class='ocrx_word' id='word_1_437' title='bbox 1081 1460 1134 1486; x_wconf 88' lang='lat' dir='ltr'><strong>eia</strong></span> <span class='ocrx_word' id='word_1_438' title='bbox 1155 1467 1208 1494; x_wconf 88' lang='lat' dir='ltr'><strong>quo</strong></span> <span class='ocrx_word' id='word_1_439' title='bbox 1235 1460 1351 1488; x_wconf 83' lang='lat' dir='ltr'><strong>salutem</strong></span> <span class='ocrx_word' id='word_1_440' title='bbox 1378 1461 1539 1495; x_wconf 71' lang='lat' dir='ltr'><strong>accepisset,</strong></span> <span class='ocrx_word' id='word_1_441' title='bbox 1555 1460 1672 1494; x_wconf 84' lang='lat' dir='ltr'><strong>seipsurn</strong></span> <span class='ocrx_word' id='word_1_442' title='bbox 1699 1466 1793 1485; x_wconf 78' lang='lat' dir='ltr'><strong>conse-</strong></span> 
     </span>
    </p>
   </div>
   <div class='ocr_carea' id='block_1_62' title="bbox 1008 1503 1792 1540">
    <p class='ocr_par' dir='ltr' id='par_1_62' title="bbox 1008 1503 1792 1540">
     <span class='ocr_line' id='line_1_62' title="bbox 1008 1503 1792 1540; baseline -0.003 -9"><span class='ocrx_word' id='word_1_443' title='bbox 1008 1509 1099 1532; x_wconf 85' lang='lat' dir='ltr'><strong>craret</strong></span> <span class='ocrx_word' id='word_1_444' title='bbox 1113 1514 1119 1532; x_wconf 92' lang='lat'>:</span> <span class='ocrx_word' id='word_1_445' title='bbox 1140 1505 1265 1539; x_wconf 84' lang='lat' dir='ltr'><strong>precibus</strong></span> <span class='ocrx_word' id='word_1_446' title='bbox 1281 1505 1368 1540; x_wconf 89' lang='lat' dir='ltr'><strong>ipsum</strong></span> <span class='ocrx_word' id='word_1_447' title='bbox 1387 1505 1481 1537; x_wconf 83' lang='lat' dir='ltr'><strong>ﬂectit,</strong></span> <span class='ocrx_word' id='word_1_448' title='bbox 1496 1504 1540 1539; x_wconf 87' lang='lat' dir='ltr'><strong>qui</strong></span> <span class='ocrx_word' id='word_1_449' title='bbox 1554 1505 1610 1539; x_wconf 87' lang='lat' dir='ltr'><strong>ipse</strong></span> <span class='ocrx_word' id='word_1_450' title='bbox 1626 1503 1746 1538; x_wconf 85' lang='lat' dir='ltr'><strong>placidus</strong></span> <span class='ocrx_word' id='word_1_451' title='bbox 1761 1511 1792 1530; x_wconf 86' lang='lat' dir='ltr'><strong>ac</strong></span> 
     </span>
    </p>
   </div>
   <div class='ocr_carea' id='block_1_63' title="bbox 1008 1550 1794 1586">
    <p class='ocr_par' dir='ltr' id='par_1_63' title="bbox 1008 1550 1794 1586">
     <span class='ocr_line' id='line_1_63' title="bbox 1008 1550 1794 1586; baseline 0 -8"><span class='ocrx_word' id='word_1_452' title='bbox 1008 1551 1141 1586; x_wconf 84' lang='lat' dir='ltr'><strong>propitius</strong></span> <span class='ocrx_word' id='word_1_453' title='bbox 1158 1556 1209 1584; x_wconf 79' lang='lat' dir='ltr'><strong>est,</strong></span> <span class='ocrx_word' id='word_1_454' title='bbox 1222 1556 1250 1579; x_wconf 91' lang='lat' dir='ltr'><strong>et</strong></span> <span class='ocrx_word' id='word_1_455' title='bbox 1266 1557 1368 1579; x_wconf 70' lang='lat' dir='ltr'><strong>natura:</strong></span> <span class='ocrx_word' id='word_1_456' title='bbox 1389 1560 1443 1579; x_wconf 66' lang='lat' dir='ltr'><strong>suae</strong></span> <span class='ocrx_word' id='word_1_457' title='bbox 1458 1552 1591 1580; x_wconf 85' lang='lat' dir='ltr'><strong>suavitate</strong></span> <span class='ocrx_word' id='word_1_458' title='bbox 1616 1555 1721 1578; x_wconf 87' lang='lat' dir='ltr'><strong>nostras</strong></span> <span class='ocrx_word' id='word_1_459' title='bbox 1737 1550 1794 1583; x_wconf 69' lang='lat' dir='ltr'><strong>ipse</strong></span> 
     </span>
    </p>
   </div>
   <div class='ocr_carea' id='block_1_64' title="bbox 168 1596 1793 1632">
    <p class='ocr_par' dir='ltr' id='par_1_64' title="bbox 168 1596 1793 1632">
     <span class='ocr_line' id='line_1_64' title="bbox 168 1596 1793 1632; baseline 0 -9"><span class='ocrx_word' id='word_1_460' title='bbox 168 1603 261 1630; x_wconf 79' lang='lat' dir='ltr'><strong>preces</strong></span> <span class='ocrx_word' id='word_1_461' title='bbox 278 1596 430 1623; x_wconf 82' lang='lat' dir='ltr'><strong>antevertit.</strong></span> <span class='ocrx_word' id='word_1_462' title='bbox 453 1596 488 1623; x_wconf 89' lang='lat' dir='ltr'><strong>Ita</strong></span> <span class='ocrx_word' id='word_1_463' title='bbox 507 1600 652 1630; x_wconf 80' lang='lat' dir='ltr'><strong>tempestas</strong></span> <span class='ocrx_word' id='word_1_464' title='bbox 677 1596 767 1623; x_wconf 83' lang='lat' dir='ltr'><strong>statim</strong></span> <span class='ocrx_word' id='word_1_465' title='bbox 786 1597 877 1624; x_wconf 87' lang='lat' dir='ltr'><strong>sedata</strong></span> <span class='ocrx_word' id='word_1_466' title='bbox 896 1602 947 1629; x_wconf 88' lang='lat' dir='ltr'><strong>est,</strong></span> <span class='ocrx_word' id='word_1_467' title='bbox 960 1604 992 1625; x_wconf 89' lang='lat' dir='ltr'><strong>ac</strong></span> <span class='ocrx_word' id='word_1_468' title='bbox 1018 1597 1134 1632; x_wconf 86' lang='lat' dir='ltr'><strong>procella</strong></span> <span class='ocrx_word' id='word_1_469' title='bbox 1159 1598 1186 1624; x_wconf 93' lang='lat' dir='ltr'><strong>in</strong></span> <span class='ocrx_word' id='word_1_470' title='bbox 1213 1605 1306 1624; x_wconf 86' lang='lat' dir='ltr'><strong>auram</strong></span> <span class='ocrx_word' id='word_1_471' title='bbox 1325 1602 1426 1625; x_wconf 86' lang='lat' dir='ltr'><strong>mutata</strong></span> <span class='ocrx_word' id='word_1_472' title='bbox 1440 1598 1479 1632; x_wconf 77' lang='lat'><strong>”;</strong></span> <span class='ocrx_word' id='word_1_473' title='bbox 1503 1605 1630 1631; x_wconf 81' lang='lat' dir='ltr'><strong>mareque</strong></span> <span class='ocrx_word' id='word_1_474' title='bbox 1659 1596 1735 1631; x_wconf 76' lang='lat' dir='ltr'><strong>prius</strong></span> <span class='ocrx_word' id='word_1_475' title='bbox 1753 1596 1793 1623; x_wconf 80' lang='lat' dir='ltr'><strong>fe-</strong></span> 
     </span>
    </p>
   </div>
   <div class='ocr_carea' id='block_1_65' title="bbox 169 1640 1190 1675">
    <p class='ocr_par' dir='ltr' id='par_1_65' title="bbox 169 1640 1190 1675">
     <span class='ocr_line' id='line_1_65' title="bbox 169 1640 1190 1675; baseline 0.001 -7"><span class='ocrx_word' id='word_1_476' title='bbox 169 1649 227 1668; x_wconf 86' lang='lat' dir='ltr'><strong>rum</strong></span> <span class='ocrx_word' id='word_1_477' title='bbox 246 1646 274 1668; x_wconf 89' lang='lat' dir='ltr'><strong>et</strong></span> <span class='ocrx_word' id='word_1_478' title='bbox 305 1641 486 1668; x_wconf 89' lang='lat' dir='ltr'><strong>truculentum</strong></span> <span class='ocrx_word' id='word_1_479' title='bbox 518 1641 682 1675; x_wconf 86' lang='lat' dir='ltr'><strong>consopitur.</strong></span> <span class='ocrx_word' id='word_1_480' title='bbox 698 1640 787 1675; x_wconf 84' lang='lat' dir='ltr'><strong>Atque</strong></span> <span class='ocrx_word' id='word_1_481' title='bbox 806 1641 848 1669; x_wconf 89' lang='lat' dir='ltr'><strong>hic</strong></span> <span class='ocrx_word' id='word_1_482' title='bbox 867 1649 900 1669; x_wconf 86' lang='lat' dir='ltr'><strong>eo</strong></span> <span class='ocrx_word' id='word_1_483' title='bbox 916 1649 1006 1669; x_wconf 85' lang='lat' dir='ltr'><strong>rerum</strong></span> <span class='ocrx_word' id='word_1_484' title='bbox 1030 1647 1101 1669; x_wconf 86' lang='lat' dir='ltr'><strong>statu</strong></span> <span class='ocrx_word' id='word_1_485' title='bbox 1122 1648 1190 1670; x_wconf 87' lang='lat' dir='ltr'><strong>erat.</strong></span> 
     </span>
    </p>
   </div>
   <div class='ocr_carea' id='block_1_66' title="bbox 203 1688 956 1726">
    <p class='ocr_par' dir='ltr' id='par_1_66' title="bbox 203 1688 948 1725">
     <span class='ocr_line' id='line_1_66' title="bbox 203 1688 948 1725; baseline 0.001 -10"><span class='ocrx_word' id='word_1_486' title='bbox 203 1689 235 1715; x_wconf 81' lang='grc' dir='ltr'><strong>Οί</strong></span> <span class='ocrx_word' id='word_1_487' title='bbox 244 1689 272 1715; x_wconf 82' lang='grc' dir='ltr'>δὲ</span> <span class='ocrx_word' id='word_1_488' title='bbox 281 1688 363 1715; x_wconf 80' lang='grc' dir='ltr'>αὐτοῦ</span> <span class='ocrx_word' id='word_1_489' title='bbox 371 1690 458 1722; x_wconf 83' lang='grc' dir='ltr'>γονεῖς</span> <span class='ocrx_word' id='word_1_490' title='bbox 465 1688 499 1715; x_wconf 79' lang='grc' dir='ltr'><strong>δι’</strong></span> <span class='ocrx_word' id='word_1_491' title='bbox 507 1688 613 1724; x_wconf 79' lang='grc' dir='ltr'>ὀνείρου</span> <span class='ocrx_word' id='word_1_492' title='bbox 627 1697 692 1715; x_wconf 81' lang='grc' dir='ltr'>κατε</span> <span class='ocrx_word' id='word_1_493' title='bbox 696 1689 828 1724; x_wconf 83' lang='grc' dir='ltr'>μηνύοντο</span> <span class='ocrx_word' id='word_1_494' title='bbox 835 1689 868 1716; x_wconf 87' lang='grc' dir='ltr'><strong>τὰ</strong></span> <span class='ocrx_word' id='word_1_495' title='bbox 878 1698 948 1725; x_wconf 83' lang='grc' dir='ltr'>συμ-</span> 
     </span>
    </p>
   </div>
   <div class='ocr_carea' id='block_1_67' title="bbox 1007 1688 1792 1726">
    <p class='ocr_par' dir='ltr' id='par_1_67' title="bbox 1035 1690 1792 1726">
     <span class='ocr_line' id='line_1_67' title="bbox 1035 1690 1792 1726; baseline 0 -9"><span class='ocrx_word' id='word_1_496' title='bbox 1035 1690 1164 1718; x_wconf 83' lang='lat' dir='ltr'><strong>Parentes</strong></span> <span class='ocrx_word' id='word_1_497' title='bbox 1182 1696 1270 1718; x_wconf 87' lang='lat' dir='ltr'><strong>autem</strong></span> <span class='ocrx_word' id='word_1_498' title='bbox 1289 1691 1382 1726; x_wconf 77' lang='lat' dir='ltr'><strong>ipsius,</strong></span> <span class='ocrx_word' id='word_1_499' title='bbox 1399 1699 1478 1726; x_wconf 89' lang='lat' dir='ltr'><strong>quem</strong></span> <span class='ocrx_word' id='word_1_500' title='bbox 1503 1691 1528 1718; x_wconf 89' lang='lat' dir='ltr'><strong>in</strong></span> <span class='ocrx_word' id='word_1_501' title='bbox 1544 1698 1635 1718; x_wconf 83' lang='lat' dir='ltr'><strong>casum</strong></span> <span class='ocrx_word' id='word_1_502' title='bbox 1659 1691 1792 1718; x_wconf 84' lang='lat' dir='ltr'><strong>adductus</strong></span> 
     </span>
    </p>
   </div>
   <div class='ocr_carea' id='block_1_68' title="bbox 167 1731 956 1768">
    <p class='ocr_par' dir='ltr' id='par_1_68' title="bbox 167 1731 956 1768">
     <span class='ocr_line' id='line_1_68' title="bbox 167 1731 956 1768; baseline 0.001 -9"><span class='ocrx_word' id='word_1_503' title='bbox 167 1733 292 1760; x_wconf 82' lang='grc' dir='ltr'>ὁαίνοντα</span> <span class='ocrx_word' id='word_1_504' title='bbox 301 1732 339 1768; x_wconf 87' lang='grc' dir='ltr'><strong>τῷ</strong></span> <span class='ocrx_word' id='word_1_505' title='bbox 354 1733 438 1760; x_wconf 85' lang='grc' dir='ltr'>παιδί·</span> <span class='ocrx_word' id='word_1_506' title='bbox 457 1733 504 1759; x_wconf 72' lang='grc' dir='ltr'>καὶ</span> <span class='ocrx_word' id='word_1_507' title='bbox 513 1731 558 1760; x_wconf 81' lang='grc' dir='ltr'>οἷα</span> <span class='ocrx_word' id='word_1_508' title='bbox 569 1733 687 1768; x_wconf 81' lang='grc' dir='ltr'>πατέρες</span> <span class='ocrx_word' id='word_1_509' title='bbox 705 1733 742 1766; x_wconf 90' lang='grc' dir='ltr'>(τί</span> <span class='ocrx_word' id='word_1_510' title='bbox 754 1733 808 1768; x_wconf 78' lang='grc' dir='ltr'><strong>γὰρ</strong></span> <span class='ocrx_word' id='word_1_511' title='bbox 819 1733 859 1760; x_wconf 89' lang='grc' dir='ltr'><strong>δεῖ</strong></span> <span class='ocrx_word' id='word_1_512' title='bbox 875 1733 956 1761; x_wconf 84' lang='grc' dir='ltr'>πλέον</span> 
     </span>
    </p>
   </div>
   <div class='ocr_carea' id='block_1_69' title="bbox 168 1779 958 1819">
    <p class='ocr_par' dir='ltr' id='par_1_69' title="bbox 168 1779 958 1819">
     <span class='ocr_line' id='line_1_69' title="bbox 168 1779 958 1819; baseline -0.003 -12"><span class='ocrx_word' id='word_1_513' title='bbox 168 1781 254 1808; x_wconf 69' lang='grc' dir='ltr'>εἰπεῖν</span> <span class='ocrx_word' id='word_1_514' title='bbox 263 1779 282 1815; x_wconf 71' lang='grc' dir='ltr'>ς)</span> <span class='ocrx_word' id='word_1_515' title='bbox 290 1780 381 1814; x_wconf 82' lang='grc' dir='ltr'>εὐχαῖς</span> <span class='ocrx_word' id='word_1_516' title='bbox 388 1788 417 1805; x_wconf 87' lang='grc' dir='ltr'><strong>τε</strong></span> <span class='ocrx_word' id='word_1_517' title='bbox 427 1779 474 1806; x_wconf 70' lang='grc' dir='ltr'>καὶ</span> <span class='ocrx_word' id='word_1_518' title='bbox 485 1779 600 1815; x_wconf 79' lang='grc' dir='ltr'>δάκρυσι</span> <span class='ocrx_word' id='word_1_519' title='bbox 612 1779 657 1805; x_wconf 84' lang='grc' dir='ltr'>τὸν</span> <span class='ocrx_word' id='word_1_520' title='bbox 665 1779 731 1806; x_wconf 77' lang='grc' dir='ltr'>Θεὸν</span> <span class='ocrx_word' id='word_1_521' title='bbox 745 1780 958 1819; x_wconf 50' lang='grc' dir='ltr'>ὲλιπάρουνβοη-</span> 
     </span>
    </p>
   </div>
   <div class='ocr_carea' id='block_1_70' title="bbox 169 1823 955 1860">
    <p class='ocr_par' dir='ltr' id='par_1_70' title="bbox 169 1823 955 1860">
     <span class='ocr_line' id='line_1_70' title="bbox 169 1823 955 1860; baseline -0.001 -9"><span class='ocrx_word' id='word_1_522' title='bbox 169 1824 248 1860; x_wconf 84' lang='grc' dir='ltr'>θῆσαι</span> <span class='ocrx_word' id='word_1_523' title='bbox 260 1825 299 1859; x_wconf 87' lang='grc' dir='ltr'>τῷ</span> <span class='ocrx_word' id='word_1_524' title='bbox 308 1825 378 1851; x_wconf 73' lang='grc' dir='ltr'>κατὰ</span> <span class='ocrx_word' id='word_1_525' title='bbox 391 1824 526 1851; x_wconf 78' lang='grc' dir='ltr'>θάλασσαν</span> <span class='ocrx_word' id='word_1_526' title='bbox 535 1824 725 1851; x_wconf 86' lang='grc' dir='ltr'>κινδυνεύοντι,</span> <span class='ocrx_word' id='word_1_527' title='bbox 734 1824 821 1856; x_wconf 71' lang='grc' dir='ltr'>Εὐθὺς</span> <span class='ocrx_word' id='word_1_528' title='bbox 834 1823 880 1851; x_wconf 80' lang='grc' dir='ltr'>οὖν</span> <span class='ocrx_word' id='word_1_529' title='bbox 888 1826 955 1860; x_wconf 80' lang='grc' dir='ltr'>μετὰ</span> 
     </span>
    </p>
   </div>
   <div class='ocr_carea' id='block_1_71' title="bbox 168 1869 953 1906">
    <p class='ocr_par' dir='ltr' id='par_1_71' title="bbox 168 1869 953 1906">
     <span class='ocr_line' id='line_1_71' title="bbox 168 1869 953 1906; baseline 0.001 -10"><span class='ocrx_word' id='word_1_530' title='bbox 168 1870 216 1905; x_wconf 81' lang='grc' dir='ltr'>τὴν</span> <span class='ocrx_word' id='word_1_531' title='bbox 225 1870 395 1897; x_wconf 77' lang='grc' dir='ltr'>ἱκεσίανκαθ⁵</span> <span class='ocrx_word' id='word_1_532' title='bbox 404 1870 486 1897; x_wconf 80' lang='grc' dir='ltr'>ὕπνον</span> <span class='ocrx_word' id='word_1_533' title='bbox 498 1869 590 1905; x_wconf 74' lang='grc' dir='ltr'>ἑώρων</span> <span class='ocrx_word' id='word_1_534' title='bbox 599 1869 645 1896; x_wconf 80' lang='grc' dir='ltr'>τὸν</span> <span class='ocrx_word' id='word_1_535' title='bbox 657 1870 712 1896; x_wconf 80' lang='grc' dir='ltr'>υἱὸν</span> <span class='ocrx_word' id='word_1_536' title='bbox 720 1870 825 1905; x_wconf 78' lang='grc' dir='ltr'>ὲριννύν</span> <span class='ocrx_word' id='word_1_537' title='bbox 832 1879 891 1897; x_wconf 87' lang='grc' dir='ltr'>τινα</span> <span class='ocrx_word' id='word_1_538' title='bbox 898 1871 953 1906; x_wconf 68' lang='grc'><strong>(44)</strong></span> 
     </span>
    </p>
   </div>
   <div class='ocr_carea' id='block_1_72' title="bbox 169 1915 953 1951">
    <p class='ocr_par' dir='ltr' id='par_1_72' title="bbox 169 1915 953 1951">
     <span class='ocr_line' id='line_1_72' title="bbox 169 1915 953 1951; baseline 0.001 -9"><span class='ocrx_word' id='word_1_539' title='bbox 169 1916 281 1951; x_wconf 88' lang='grc' dir='ltr'>δαίμονα</span> <span class='ocrx_word' id='word_1_540' title='bbox 304 1916 481 1951; x_wconf 85' lang='grc' dir='ltr'>κολαστήριον</span> <span class='ocrx_word' id='word_1_541' title='bbox 495 1915 705 1951; x_wconf 85' lang='grc' dir='ltr'>χειρωσάμενον,</span> <span class='ocrx_word' id='word_1_542' title='bbox 723 1916 797 1947; x_wconf 83' lang='grc' dir='ltr'>ὅστις</span> <span class='ocrx_word' id='word_1_543' title='bbox 809 1916 882 1951; x_wconf 76' lang='grc' dir='ltr'>αὐτῷ</span> <span class='ocrx_word' id='word_1_544' title='bbox 897 1916 953 1951; x_wconf 73' lang='grc'><strong>(45)</strong></span> 
     </span>
    </p>
   </div>
   <div class='ocr_carea' id='block_1_73' title="bbox 169 1961 955 1997">
    <p class='ocr_par' dir='ltr' id='par_1_73' title="bbox 169 1961 955 1997">
     <span class='ocr_line' id='line_1_73' title="bbox 169 1961 955 1997; baseline 0 -9"><span class='ocrx_word' id='word_1_545' title='bbox 169 1962 354 1988; x_wconf 70' lang='grc' dir='ltr'>ἑπανετείνετο</span> <span class='ocrx_word' id='word_1_546' title='bbox 375 1961 496 1997; x_wconf 75' lang='grc' dir='ltr'>ὄλεθρον.</span> <span class='ocrx_word' id='word_1_547' title='bbox 510 1961 602 1988; x_wconf 79' lang='grc' dir='ltr'>Ταῦτα</span> <span class='ocrx_word' id='word_1_548' title='bbox 620 1961 648 1988; x_wconf 83' lang='grc' dir='ltr'>δὲ</span> <span class='ocrx_word' id='word_1_549' title='bbox 666 1961 734 1996; x_wconf 85' lang='grc' dir='ltr'>μετὰ</span> <span class='ocrx_word' id='word_1_550' title='bbox 748 1962 796 1997; x_wconf 82' lang='grc' dir='ltr'>τὴν</span> <span class='ocrx_word' id='word_1_551' title='bbox 815 1962 883 1997; x_wconf 84' lang='grc' dir='ltr'>πρὸς</span> <span class='ocrx_word' id='word_1_552' title='bbox 906 1963 955 1989; x_wconf 87' lang='grc' dir='ltr'><strong>αὺ-</strong></span> 
     </span>
    </p>
   </div>
   <div class='ocr_carea' id='block_1_74' title="bbox 167 2005 954 2042">
    <p class='ocr_par' dir='ltr' id='par_1_74' title="bbox 167 2005 954 2042">
     <span class='ocr_line' id='line_1_74' title="bbox 167 2005 954 2042; baseline -0.001 -9"><span class='ocrx_word' id='word_1_553' title='bbox 167 2007 230 2038; x_wconf 82' lang='grc' dir='ltr'>τοὺς</span> <span class='ocrx_word' id='word_1_554' title='bbox 259 2006 432 2042; x_wconf 82' lang='grc' dir='ltr'>ὑποστροφὴν</span> <span class='ocrx_word' id='word_1_555' title='bbox 457 2005 531 2041; x_wconf 80' lang='grc' dir='ltr'>αὐτῷ</span> <span class='ocrx_word' id='word_1_556' title='bbox 560 2006 744 2041; x_wconf 84' lang='grc' dir='ltr'>διηγουμένων</span> <span class='ocrx_word' id='word_1_557' title='bbox 773 2006 827 2032; x_wconf 84' lang='grc' dir='ltr'>τῶν</span> <span class='ocrx_word' id='word_1_558' title='bbox 855 2007 954 2041; x_wconf 84' lang='grc' dir='ltr'>γονέων</span> 
     </span>
    </p>
   </div>
   <div class='ocr_carea' id='block_1_75' title="bbox 169 2051 954 2087">
    <p class='ocr_par' dir='ltr' id='par_1_75' title="bbox 169 2051 954 2087">
     <span class='ocr_line' id='line_1_75' title="bbox 169 2051 954 2087; baseline -0.004 -7"><span class='ocrx_word' id='word_1_559' title='bbox 169 2051 297 2084; x_wconf 58' lang='lat' dir='ltr'><strong>hmine,</strong></span> <span class='ocrx_word' id='word_1_560' title='bbox 307 2052 520 2087; x_wconf 69' lang='grc' dir='ltr'>ἀνθωμολογεῖτο</span> <span class='ocrx_word' id='word_1_561' title='bbox 534 2051 573 2087; x_wconf 86' lang='grc' dir='ltr'>τῷ</span> <span class='ocrx_word' id='word_1_562' title='bbox 590 2051 716 2078; x_wconf 84' lang='grc' dir='ltr'>σώσαντι.</span> <span class='ocrx_word' id='word_1_563' title='bbox 728 2052 782 2077; x_wconf 74' lang='grc' dir='ltr'><strong>Καὶ</strong></span> <span class='ocrx_word' id='word_1_564' title='bbox 807 2051 891 2078; x_wconf 71' lang='grc' dir='ltr'>ταῦτα</span> <span class='ocrx_word' id='word_1_565' title='bbox 906 2052 954 2086; x_wconf 84' lang='grc' dir='ltr'>μὲν</span> 
     </span>
    </p>
   </div>
   <div class='ocr_carea' id='block_1_76' title="bbox 169 2095 953 2134">
    <p class='ocr_par' dir='ltr' id='par_1_76' title="bbox 169 2095 953 2134">
     <span class='ocr_line' id='line_1_76' title="bbox 169 2095 953 2134; baseline -0.001 -9"><span class='ocrx_word' id='word_1_566' title='bbox 169 2098 290 2134; x_wconf 83' lang='grc' dir='ltr'>ὕστερον.</span> <span class='ocrx_word' id='word_1_567' title='bbox 313 2097 375 2124; x_wconf 86' lang='grc' dir='ltr'><strong>Τῶν</strong></span> <span class='ocrx_word' id='word_1_568' title='bbox 395 2097 424 2124; x_wconf 76' lang='grc' dir='ltr'>δὲ</span> <span class='ocrx_word' id='word_1_569' title='bbox 446 2097 638 2132; x_wconf 85' lang='grc' dir='ltr'>συμπλεόντων</span> <span class='ocrx_word' id='word_1_570' title='bbox 661 2105 703 2128; x_wconf 87' lang='grc' dir='ltr'><strong>τις</strong></span> <span class='ocrx_word' id='word_1_571' title='bbox 721 2097 838 2129; x_wconf 83' lang='grc' dir='ltr'>νεανίας,</span> <span class='ocrx_word' id='word_1_572' title='bbox 863 2097 892 2128; x_wconf 87' lang='grc' dir='ltr'>ὃς</span> <span class='ocrx_word' id='word_1_573' title='bbox 920 2095 953 2132; x_wconf 79' lang='grc' dir='ltr'>ἦν</span> 
     </span>
    </p>
   </div>
   <div class='ocr_carea' id='block_1_77' title="bbox 168 2142 954 2180">
    <p class='ocr_par' dir='ltr' id='par_1_77' title="bbox 168 2142 954 2180">
     <span class='ocr_line' id='line_1_77' title="bbox 168 2142 954 2180; baseline -0.001 -9"><span class='ocrx_word' id='word_1_574' title='bbox 168 2144 242 2180; x_wconf 82' lang='grc' dir='ltr'>αὐτῷ</span> <span class='ocrx_word' id='word_1_575' title='bbox 255 2143 468 2179; x_wconf 82' lang='grc' dir='ltr'>θυμηρέστατος,</span> <span class='ocrx_word' id='word_1_576' title='bbox 484 2142 555 2178; x_wconf 82' lang='grc' dir='ltr'>ἐώρα</span> <span class='ocrx_word' id='word_1_577' title='bbox 572 2142 669 2173; x_wconf 69' lang='grc' dir='ltr'>νυκτὸς</span> <span class='ocrx_word' id='word_1_578' title='bbox 681 2143 709 2168; x_wconf 83' lang='grc' dir='ltr'>ὲν</span> <span class='ocrx_word' id='word_1_579' title='bbox 723 2143 798 2178; x_wconf 83' lang='grc' dir='ltr'>ἀκμῇ</span> <span class='ocrx_word' id='word_1_580' title='bbox 812 2142 859 2169; x_wconf 80' lang='grc' dir='ltr'>τοῦ</span> <span class='ocrx_word' id='word_1_581' title='bbox 870 2143 954 2170; x_wconf 84' lang='grc' dir='ltr'>κινδύ-</span> 
     </span>
    </p>
   </div>
   <div class='ocr_carea' id='block_1_78' title="bbox 168 2186 951 2224">
    <p class='ocr_par' dir='ltr' id='par_1_78' title="bbox 168 2186 951 2224">
     <span class='ocr_line' id='line_1_78' title="bbox 168 2186 951 2224; baseline -0.003 -8"><span class='ocrx_word' id='word_1_582' title='bbox 168 2197 214 2216; x_wconf 84' lang='grc' dir='ltr'><strong>νου</strong></span> <span class='ocrx_word' id='word_1_583' title='bbox 224 2188 273 2224; x_wconf 84' lang='grc' dir='ltr'>τὴν</span> <span class='ocrx_word' id='word_1_584' title='bbox 288 2188 393 2224; x_wconf 83' lang='grc' dir='ltr'>μητέρα</span> <span class='ocrx_word' id='word_1_585' title='bbox 401 2187 449 2214; x_wconf 82' lang='grc' dir='ltr'>τοῦ</span> <span class='ocrx_word' id='word_1_586' title='bbox 463 2188 596 2223; x_wconf 86' lang='grc' dir='ltr'>μακαρίου</span> <span class='ocrx_word' id='word_1_587' title='bbox 604 2187 653 2223; x_wconf 89' lang='grc' dir='ltr'>τῆς</span> <span class='ocrx_word' id='word_1_588' title='bbox 664 2186 801 2222; x_wconf 81' lang='grc' dir='ltr'>θαλάσσης</span> <span class='ocrx_word' id='word_1_589' title='bbox 808 2188 951 2221; x_wconf 78' lang='grc' dir='ltr'>ἐπιϐᾶσαν,</span> 
     </span>
    </p>
   </div>
   <div class='ocr_carea' id='block_1_79' title="bbox 169 2232 952 2271">
    <p class='ocr_par' dir='ltr' id='par_1_79' title="bbox 169 2232 952 2271">
     <span class='ocr_line' id='line_1_79' title="bbox 169 2232 952 2271; baseline -0.003 -9"><span class='ocrx_word' id='word_1_590' title='bbox 169 2236 269 2271; x_wconf 72' lang='grc' dir='ltr'>καὶτῆς</span> <span class='ocrx_word' id='word_1_591' title='bbox 284 2235 347 2270; x_wconf 78' lang='grc' dir='ltr'>νηὸς</span> <span class='ocrx_word' id='word_1_592' title='bbox 359 2234 511 2270; x_wconf 77' lang='grc' dir='ltr'>λαϐομένην</span> <span class='ocrx_word' id='word_1_593' title='bbox 536 2233 602 2268; x_wconf 70' lang='grc'><strong>(46),</strong></span> <span class='ocrx_word' id='word_1_594' title='bbox 616 2232 736 2266; x_wconf 80' lang='grc' dir='ltr'>ἐξέλκειν</span> <span class='ocrx_word' id='word_1_595' title='bbox 748 2233 794 2259; x_wconf 70' lang='grc' dir='ltr'>ἐπὶ</span> <span class='ocrx_word' id='word_1_596' title='bbox 808 2233 856 2268; x_wconf 80' lang='grc' dir='ltr'>τὴν</span> <span class='ocrx_word' id='word_1_597' title='bbox 872 2234 952 2269; x_wconf 78' lang='grc' dir='ltr'>ἤπει-</span> 
     </span>
    </p>
   </div>
   <div class='ocr_carea' id='block_1_80' title="bbox 170 2277 952 2316">
    <p class='ocr_par' dir='ltr' id='par_1_80' title="bbox 170 2277 952 2316">
     <span class='ocr_line' id='line_1_80' title="bbox 170 2277 952 2316; baseline -0.003 -9"><span class='ocrx_word' id='word_1_598' title='bbox 170 2289 225 2316; x_wconf 89' lang='grc' dir='ltr'>ρον.</span> <span class='ocrx_word' id='word_1_599' title='bbox 256 2279 363 2314; x_wconf 65' lang='grc' dir='ltr'>Ταύτης</span> <span class='ocrx_word' id='word_1_600' title='bbox 390 2279 418 2305; x_wconf 87' lang='grc' dir='ltr'>δὲ</span> <span class='ocrx_word' id='word_1_601' title='bbox 441 2277 592 2313; x_wconf 84' lang='grc' dir='ltr'>δειχθείσης</span> <span class='ocrx_word' id='word_1_602' title='bbox 617 2278 664 2304; x_wconf 85' lang='grc' dir='ltr'>καὶ</span> <span class='ocrx_word' id='word_1_603' title='bbox 696 2277 874 2313; x_wconf 77' lang='grc' dir='ltr'>ὲξηγηθείσης</span> <span class='ocrx_word' id='word_1_604' title='bbox 902 2279 952 2314; x_wconf 83' lang='grc' dir='ltr'>τῆς</span> 
     </span>
    </p>
   </div>
   <div class='ocr_carea' id='block_1_81' title="bbox 1010 1735 1792 1770">
    <p class='ocr_par' dir='ltr' id='par_1_81' title="bbox 1010 1735 1792 1770">
     <span class='ocr_line' id='line_1_81' title="bbox 1010 1735 1792 1770; baseline 0.001 -9"><span class='ocrx_word' id='word_1_605' title='bbox 1010 1740 1082 1762; x_wconf 80' lang='lat' dir='ltr'><strong>esset</strong></span> <span class='ocrx_word' id='word_1_606' title='bbox 1096 1735 1175 1767; x_wconf 82' lang='lat' dir='ltr'><strong>ﬁlius,</strong></span> <span class='ocrx_word' id='word_1_607' title='bbox 1194 1743 1241 1770; x_wconf 89' lang='lat' dir='ltr'><strong>per</strong></span> <span class='ocrx_word' id='word_1_608' title='bbox 1254 1743 1377 1762; x_wconf 80' lang='lat' dir='ltr'><strong>somnum</strong></span> <span class='ocrx_word' id='word_1_609' title='bbox 1394 1736 1545 1763; x_wconf 90' lang='lat' dir='ltr'><strong>didicerunt</strong></span> <span class='ocrx_word' id='word_1_610' title='bbox 1571 1743 1578 1762; x_wconf 91' lang='lat'><strong>:</strong></span> <span class='ocrx_word' id='word_1_611' title='bbox 1595 1741 1685 1769; x_wconf 80' lang='lat' dir='ltr'><strong>atque,</strong></span> <span class='ocrx_word' id='word_1_612' title='bbox 1700 1740 1728 1761; x_wconf 92' lang='lat' dir='ltr'><strong>ut</strong></span> <span class='ocrx_word' id='word_1_613' title='bbox 1744 1743 1792 1770; x_wconf 51' lang='lat' dir='ltr'><strong>pa.</strong></span> 
     </span>
    </p>
   </div>
   <div class='ocr_carea' id='block_1_82' title="bbox 1013 1780 1791 1815">
    <p class='ocr_par' dir='ltr' id='par_1_82' title="bbox 1013 1780 1791 1815">
     <span class='ocr_line' id='line_1_82' title="bbox 1013 1780 1791 1815; baseline 0.003 -9"><span class='ocrx_word' id='word_1_614' title='bbox 1013 1786 1103 1808; x_wconf 88' lang='lat' dir='ltr'><strong>rentes</strong></span> <span class='ocrx_word' id='word_1_615' title='bbox 1122 1781 1196 1815; x_wconf 85' lang='lat' dir='ltr'><strong>(quid</strong></span> <span class='ocrx_word' id='word_1_616' title='bbox 1209 1781 1280 1807; x_wconf 80' lang='lat' dir='ltr'><strong>enim</strong></span> <span class='ocrx_word' id='word_1_617' title='bbox 1299 1780 1420 1815; x_wconf 88' lang='lat' dir='ltr'><strong>pluribus</strong></span> <span class='ocrx_word' id='word_1_618' title='bbox 1442 1781 1531 1808; x_wconf 81' lang='lat' dir='ltr'><strong>verbis</strong></span> <span class='ocrx_word' id='word_1_619' title='bbox 1546 1788 1612 1814; x_wconf 85' lang='lat' dir='ltr'><strong>opus</strong></span> <span class='ocrx_word' id='word_1_620' title='bbox 1629 1780 1710 1815; x_wconf 79' lang='lat' dir='ltr'><strong>est?),</strong></span> <span class='ocrx_word' id='word_1_621' title='bbox 1721 1781 1791 1808; x_wconf 89' lang='lat' dir='ltr'><strong>votis</strong></span> 
     </span>
    </p>
   </div>
   <div class='ocr_carea' id='block_1_83' title="bbox 1009 1825 1791 1860">
    <p class='ocr_par' dir='ltr' id='par_1_83' title="bbox 1009 1825 1791 1860">
     <span class='ocr_line' id='line_1_83' title="bbox 1009 1825 1791 1860; baseline 0 -8"><span class='ocrx_word' id='word_1_622' title='bbox 1009 1829 1035 1852; x_wconf 85' lang='lat' dir='ltr'><strong>et</strong></span> <span class='ocrx_word' id='word_1_623' title='bbox 1057 1825 1184 1860; x_wconf 85' lang='lat' dir='ltr'><strong>lacrymis</strong></span> <span class='ocrx_word' id='word_1_624' title='bbox 1204 1825 1286 1852; x_wconf 88' lang='lat' dir='ltr'><strong>Deum</strong></span> <span class='ocrx_word' id='word_1_625' title='bbox 1309 1826 1495 1859; x_wconf 87' lang='lat' dir='ltr'><strong>obsecrabant,</strong></span> <span class='ocrx_word' id='word_1_626' title='bbox 1507 1830 1535 1852; x_wconf 94' lang='lat' dir='ltr'><strong>ut</strong></span> <span class='ocrx_word' id='word_1_627' title='bbox 1551 1825 1605 1852; x_wconf 84' lang='lat' dir='ltr'><strong>litin</strong></span> <span class='ocrx_word' id='word_1_628' title='bbox 1621 1825 1647 1852; x_wconf 91' lang='lat' dir='ltr'><strong>iu</strong></span> <span class='ocrx_word' id='word_1_629' title='bbox 1665 1825 1731 1852; x_wconf 87' lang='lat' dir='ltr'><strong>mari</strong></span> <span class='ocrx_word' id='word_1_630' title='bbox 1745 1833 1791 1860; x_wconf 88' lang='lat' dir='ltr'><strong>pe-</strong></span> 
     </span>
    </p>
   </div>
   <div class='ocr_carea' id='block_1_84' title="bbox 1008 1870 1791 1906">
    <p class='ocr_par' dir='ltr' id='par_1_84' title="bbox 1008 1870 1791 1906">
     <span class='ocr_line' id='line_1_84' title="bbox 1008 1870 1791 1906; baseline 0.001 -9"><span class='ocrx_word' id='word_1_631' title='bbox 1008 1870 1136 1898; x_wconf 85' lang='lat' dir='ltr'><strong>riclitanti</strong></span> <span class='ocrx_word' id='word_1_632' title='bbox 1154 1878 1231 1906; x_wconf 87' lang='lat' dir='ltr'><strong>opetn</strong></span> <span class='ocrx_word' id='word_1_633' title='bbox 1247 1871 1339 1899; x_wconf 79' lang='lat' dir='ltr'><strong>ferret.</strong></span> <span class='ocrx_word' id='word_1_634' title='bbox 1355 1871 1502 1898; x_wconf 80' lang='lat' dir='ltr'><strong>Confestim</strong></span> <span class='ocrx_word' id='word_1_635' title='bbox 1515 1871 1604 1905; x_wconf 85' lang='lat' dir='ltr'><strong>itaque</strong></span> <span class='ocrx_word' id='word_1_636' title='bbox 1617 1875 1676 1904; x_wconf 88' lang='lat' dir='ltr'><strong>post</strong></span> <span class='ocrx_word' id='word_1_637' title='bbox 1690 1871 1791 1898; x_wconf 63' lang='lat' dir='ltr'><strong>oratio«</strong></span> 
     </span>
    </p>
   </div>
   <div class='ocr_carea' id='block_1_85' title="bbox 1006 1915 1789 1950">
    <p class='ocr_par' dir='ltr' id='par_1_85' title="bbox 1006 1915 1789 1950">
     <span class='ocr_line' id='line_1_85' title="bbox 1006 1915 1789 1950; baseline 0.001 -7"><span class='ocrx_word' id='word_1_638' title='bbox 1006 1924 1067 1943; x_wconf 86' lang='lat' dir='ltr'><strong>nem</strong></span> <span class='ocrx_word' id='word_1_639' title='bbox 1082 1916 1164 1942; x_wconf 85' lang='lat' dir='ltr'><strong>lilium</strong></span> <span class='ocrx_word' id='word_1_640' title='bbox 1185 1917 1213 1943; x_wconf 91' lang='lat' dir='ltr'><strong>iu</strong></span> <span class='ocrx_word' id='word_1_641' title='bbox 1230 1917 1333 1944; x_wconf 86' lang='lat' dir='ltr'><strong>somnis</strong></span> <span class='ocrx_word' id='word_1_642' title='bbox 1352 1916 1453 1948; x_wconf 88' lang='lat' dir='ltr'><strong>vident,</strong></span> <span class='ocrx_word' id='word_1_643' title='bbox 1480 1916 1576 1943; x_wconf 80' lang='lat' dir='ltr'><strong>furiata</strong></span> <span class='ocrx_word' id='word_1_644' title='bbox 1598 1915 1741 1950; x_wconf 77' lang='lat' dir='ltr'><strong>quamdam</strong></span> <span class='ocrx_word' id='word_1_645' title='bbox 1758 1924 1789 1944; x_wconf 87' lang='lat' dir='ltr'><strong>ac</strong></span> 
     </span>
    </p>
   </div>
   <div class='ocr_carea' id='block_1_86' title="bbox 1007 1960 1787 1996">
    <p class='ocr_par' dir='ltr' id='par_1_86' title="bbox 1007 1960 1787 1996">
     <span class='ocr_line' id='line_1_86' title="bbox 1007 1960 1787 1996; baseline -0.001 -9"><span class='ocrx_word' id='word_1_646' title='bbox 1007 1961 1148 1996; x_wconf 88' lang='lat' dir='ltr'><strong>suppliciis</strong></span> <span class='ocrx_word' id='word_1_647' title='bbox 1163 1961 1337 1996; x_wconf 70' lang='lat' dir='ltr'><strong>prtepositum</strong></span> <span class='ocrx_word' id='word_1_648' title='bbox 1352 1961 1511 1994; x_wconf 68' lang='lat' dir='ltr'><strong>daemonem,</strong></span> <span class='ocrx_word' id='word_1_649' title='bbox 1522 1961 1566 1995; x_wconf 89' lang='lat' dir='ltr'><strong>qui</strong></span> <span class='ocrx_word' id='word_1_650' title='bbox 1578 1961 1627 1995; x_wconf 83' lang='lat' dir='ltr'><strong>ipsi</strong></span> <span class='ocrx_word' id='word_1_651' title='bbox 1641 1960 1787 1995; x_wconf 87' lang='lat' dir='ltr'><strong>perniciem</strong></span> 
     </span>
    </p>
   </div>
   <div class='ocr_carea' id='block_1_87' title="bbox 1005 2005 1772 2039">
    <p class='ocr_par' dir='ltr' id='par_1_87' title="bbox 1005 2005 1772 2039">
     <span class='ocr_line' id='line_1_87' title="bbox 1005 2005 1772 2039; baseline -0.003 -6"><span class='ocrx_word' id='word_1_652' title='bbox 1005 2005 1166 2038; x_wconf 83' lang='lat' dir='ltr'><strong>intentabat,</strong></span> <span class='ocrx_word' id='word_1_653' title='bbox 1185 2006 1326 2034; x_wconf 84' lang='lat' dir='ltr'><strong>subactum</strong></span> <span class='ocrx_word' id='word_1_654' title='bbox 1341 2010 1487 2033; x_wconf 86' lang='lat' dir='ltr'><strong>tenentem.</strong></span> <span class='ocrx_word' id='word_1_655' title='bbox 1504 2005 1568 2038; x_wconf 73' lang='lat' dir='ltr'><strong>Qua:</strong></span> <span class='ocrx_word' id='word_1_656' title='bbox 1589 2013 1649 2032; x_wconf 88' lang='lat' dir='ltr'><strong>cum</strong></span> <span class='ocrx_word' id='word_1_657' title='bbox 1665 2005 1721 2039; x_wconf 84' lang='lat' dir='ltr'><strong>ipse</strong></span> <span class='ocrx_word' id='word_1_658' title='bbox 1739 2006 1772 2031; x_wconf 86' lang='lat' dir='ltr'><strong>do</strong></span> 
     </span>
    </p>
   </div>
   <div class='ocr_carea' id='block_1_88' title="bbox 1006 2050 1788 2085">
    <p class='ocr_par' dir='ltr' id='par_1_88' title="bbox 1006 2050 1788 2085">
     <span class='ocr_line' id='line_1_88' title="bbox 1006 2050 1788 2085; baseline -0.004 -6"><span class='ocrx_word' id='word_1_659' title='bbox 1006 2060 1079 2079; x_wconf 91' lang='lat' dir='ltr'><strong>mum</strong></span> <span class='ocrx_word' id='word_1_660' title='bbox 1096 2059 1222 2080; x_wconf 77' lang='lat' dir='ltr'><strong>reversus</strong></span> <span class='ocrx_word' id='word_1_661' title='bbox 1236 2060 1268 2079; x_wconf 76' lang='lat' dir='ltr'><strong>ex</strong></span> <span class='ocrx_word' id='word_1_662' title='bbox 1284 2060 1377 2080; x_wconf 89' lang='lat' dir='ltr'><strong>eorum</strong></span> <span class='ocrx_word' id='word_1_663' title='bbox 1392 2053 1547 2079; x_wconf 89' lang='lat' dir='ltr'><strong>narratione</strong></span> <span class='ocrx_word' id='word_1_664' title='bbox 1558 2050 1717 2085; x_wconf 72' lang='lat' dir='ltr'><strong>accepisset,</strong></span> <span class='ocrx_word' id='word_1_665' title='bbox 1729 2052 1788 2077; x_wconf 89' lang='lat' dir='ltr'><strong>lau-</strong></span> 
     </span>
    </p>
   </div>
   <div class='ocr_carea' id='block_1_89' title="bbox 1006 2097 1789 2132">
    <p class='ocr_par' dir='ltr' id='par_1_89' title="bbox 1006 2097 1789 2132">
     <span class='ocr_line' id='line_1_89' title="bbox 1006 2097 1789 2132; baseline -0.001 -8"><span class='ocrx_word' id='word_1_666' title='bbox 1006 2098 1053 2124; x_wconf 88' lang='lat' dir='ltr'><strong>des</strong></span> <span class='ocrx_word' id='word_1_667' title='bbox 1078 2103 1106 2124; x_wconf 89' lang='lat' dir='ltr'><strong>et</strong></span> <span class='ocrx_word' id='word_1_668' title='bbox 1133 2098 1235 2132; x_wconf 76' lang='lat' dir='ltr'><strong>gratias</strong></span> <span class='ocrx_word' id='word_1_669' title='bbox 1255 2097 1392 2125; x_wconf 84' lang='lat' dir='ltr'><strong>Servatori</strong></span> <span class='ocrx_word' id='word_1_670' title='bbox 1417 2097 1523 2132; x_wconf 77' lang='lat' dir='ltr'><strong>agebat.</strong></span> <span class='ocrx_word' id='word_1_671' title='bbox 1542 2097 1595 2125; x_wconf 87' lang='lat' dir='ltr'><strong>Sed</strong></span> <span class='ocrx_word' id='word_1_672' title='bbox 1621 2097 1678 2124; x_wconf 70' lang='lat' dir='ltr'><strong>haec</strong></span> <span class='ocrx_word' id='word_1_673' title='bbox 1698 2101 1789 2131; x_wconf 76' lang='lat' dir='ltr'><strong>paste-</strong></span> 
     </span>
    </p>
   </div>
   <div class='ocr_carea' id='block_1_90' title="bbox 1004 2143 1788 2179">
    <p class='ocr_par' dir='ltr' id='par_1_90' title="bbox 1004 2143 1788 2179">
     <span class='ocr_line' id='line_1_90' title="bbox 1004 2143 1788 2179; baseline -0.003 -9"><span class='ocrx_word' id='word_1_674' title='bbox 1004 2143 1072 2170; x_wconf 88' lang='lat' dir='ltr'><strong>rius.</strong></span> <span class='ocrx_word' id='word_1_675' title='bbox 1102 2143 1140 2170; x_wconf 77' lang='lat' dir='ltr'><strong>Ex</strong></span> <span class='ocrx_word' id='word_1_676' title='bbox 1156 2143 1189 2170; x_wconf 87' lang='lat' dir='ltr'><strong>iis</strong></span> <span class='ocrx_word' id='word_1_677' title='bbox 1210 2149 1298 2171; x_wconf 88' lang='lat' dir='ltr'><strong>autem</strong></span> <span class='ocrx_word' id='word_1_678' title='bbox 1330 2144 1375 2179; x_wconf 86' lang='lat' dir='ltr'><strong>qui</strong></span> <span class='ocrx_word' id='word_1_679' title='bbox 1404 2144 1496 2171; x_wconf 83' lang='lat' dir='ltr'><strong>eadem</strong></span> <span class='ocrx_word' id='word_1_680' title='bbox 1523 2143 1582 2170; x_wconf 89' lang='lat' dir='ltr'><strong>navi</strong></span> <span class='ocrx_word' id='word_1_681' title='bbox 1611 2143 1788 2174; x_wconf 81' lang='lat' dir='ltr'><strong>vehebantur,</strong></span> 
     </span>
    </p>
   </div>
   <div class='ocr_carea' id='block_1_91' title="bbox 1005 2181 1789 2224">
    <p class='ocr_par' dir='ltr' id='par_1_91' title="bbox 1005 2181 1789 2224">
     <span class='ocr_line' id='line_1_91' title="bbox 1005 2181 1789 2224; baseline -0.003 -8"><span class='ocrx_word' id='word_1_682' title='bbox 1005 2189 1164 2216; x_wconf 80' lang='lat' dir='ltr'><strong>adolescens</strong></span> <span class='ocrx_word' id='word_1_683' title='bbox 1187 2189 1308 2223; x_wconf 79' lang='lat' dir='ltr'><strong>quidam,</strong></span> <span class='ocrx_word' id='word_1_684' title='bbox 1323 2189 1372 2224; x_wconf 85' lang='lat' dir='ltr'><strong>ipsi</strong></span> <span class='ocrx_word' id='word_1_685' title='bbox 1390 2181 1576 2220; x_wconf 79' lang='lat' dir='ltr'><strong>cbarissimus,</strong></span> <span class='ocrx_word' id='word_1_686' title='bbox 1604 2188 1629 2215; x_wconf 94' lang='lat' dir='ltr'><strong>in</strong></span> <span class='ocrx_word' id='word_1_687' title='bbox 1647 2188 1702 2223; x_wconf 85' lang='lat' dir='ltr'><strong>ipsa</strong></span> <span class='ocrx_word' id='word_1_688' title='bbox 1717 2188 1789 2222; x_wconf 89' lang='lat' dir='ltr'><strong>peri-</strong></span> 
     </span>
    </p>
   </div>
   <div class='ocr_carea' id='block_1_92' title="bbox 1005 2234 1789 2270">
    <p class='ocr_par' dir='ltr' id='par_1_92' title="bbox 1005 2234 1789 2270">
     <span class='ocr_line' id='line_1_92' title="bbox 1005 2234 1789 2270; baseline -0.003 -8"><span class='ocrx_word' id='word_1_689' title='bbox 1005 2235 1058 2262; x_wconf 87' lang='lat' dir='ltr'><strong>culi</strong></span> <span class='ocrx_word' id='word_1_690' title='bbox 1076 2235 1280 2267; x_wconf 82' lang='lat' dir='ltr'><strong>ﬂamma.beati</strong></span> <span class='ocrx_word' id='word_1_691' title='bbox 1300 2236 1349 2262; x_wconf 91' lang='lat' dir='ltr'><strong>viri</strong></span> <span class='ocrx_word' id='word_1_692' title='bbox 1371 2240 1483 2263; x_wconf 81' lang='lat' dir='ltr'><strong>matrem</strong></span> <span class='ocrx_word' id='word_1_693' title='bbox 1506 2234 1697 2270; x_wconf 80' lang='lat' dir='ltr'><strong>eouspiciebat,</strong></span> <span class='ocrx_word' id='word_1_694' title='bbox 1723 2241 1789 2261; x_wconf 90' lang='lat' dir='ltr'><strong>cou-</strong></span> 
     </span>
    </p>
   </div>
   <div class='ocr_carea' id='block_1_93' title="bbox 1005 2279 1786 2314">
    <p class='ocr_par' dir='ltr' id='par_1_93' title="bbox 1005 2279 1786 2314">
     <span class='ocr_line' id='line_1_93' title="bbox 1005 2279 1786 2314; baseline -0.005 -7"><span class='ocrx_word' id='word_1_695' title='bbox 1005 2288 1100 2308; x_wconf 71' lang='lat' dir='ltr'><strong>SCCIISO</strong></span> <span class='ocrx_word' id='word_1_696' title='bbox 1119 2280 1198 2312; x_wconf 82' lang='lat' dir='ltr'><strong>mari,</strong></span> <span class='ocrx_word' id='word_1_697' title='bbox 1223 2285 1358 2314; x_wconf 81' lang='lat' dir='ltr'><strong>arreptam</strong></span> <span class='ocrx_word' id='word_1_698' title='bbox 1384 2287 1479 2307; x_wconf 89' lang='lat' dir='ltr'><strong>navem</strong></span> <span class='ocrx_word' id='word_1_699' title='bbox 1505 2279 1531 2305; x_wconf 74' lang='lat' dir='ltr'><strong>ill</strong></span> <span class='ocrx_word' id='word_1_700' title='bbox 1563 2284 1661 2306; x_wconf 85' lang='lat' dir='ltr'><strong>terram</strong></span> <span class='ocrx_word' id='word_1_701' title='bbox 1683 2283 1786 2314; x_wconf 82' lang='lat' dir='ltr'><strong>pertra-</strong></span> 
     </span>
    </p>
   </div>
   <div class='ocr_carea' id='block_1_94' title="bbox 167 2322 956 2361">
    <p class='ocr_par' dir='ltr' id='par_1_94' title="bbox 167 2323 952 2361">
     <span class='ocr_line' id='line_1_94' title="bbox 167 2323 952 2361; baseline -0.004 -8"><span class='ocrx_word' id='word_1_702' title='bbox 167 2327 265 2361; x_wconf 79' lang='grc' dir='ltr'>ὅψεως,</span> <span class='ocrx_word' id='word_1_703' title='bbox 289 2325 370 2357; x_wconf 77' lang='grc' dir='ltr'>εὐθὺς</span> <span class='ocrx_word' id='word_1_704' title='bbox 391 2324 511 2360; x_wconf 82' lang='grc' dir='ltr'>γαλήνην</span> <span class='ocrx_word' id='word_1_705' title='bbox 530 2333 559 2350; x_wconf 85' lang='grc' dir='ltr'><strong>τε</strong></span> <span class='ocrx_word' id='word_1_706' title='bbox 576 2323 766 2359; x_wconf 84' lang='grc' dir='ltr'>ἀκολουθῆσαι,</span> <span class='ocrx_word' id='word_1_707' title='bbox 784 2324 831 2350; x_wconf 73' lang='grc' dir='ltr'><strong>καὶ</strong></span> <span class='ocrx_word' id='word_1_708' title='bbox 849 2324 952 2355; x_wconf 80' lang='grc' dir='ltr'>πάντας</span> 
     </span>
    </p>
   </div>
   <div class='ocr_carea' id='block_1_95' title="bbox 1007 2322 1788 2361">
    <p class='ocr_par' dir='ltr' id='par_1_95' title="bbox 1007 2322 1788 2359">
     <span class='ocr_line' id='line_1_95' title="bbox 1007 2322 1788 2359; baseline -0.004 -7"><span class='ocrx_word' id='word_1_709' title='bbox 1007 2326 1123 2353; x_wconf 88' lang='lat' dir='ltr'><strong>beutem.</strong></span> <span class='ocrx_word' id='word_1_710' title='bbox 1142 2325 1199 2358; x_wconf 85' lang='lat' dir='ltr'><strong>Qua</strong></span> <span class='ocrx_word' id='word_1_711' title='bbox 1213 2325 1316 2352; x_wconf 89' lang='lat' dir='ltr'><strong>visione</strong></span> <span class='ocrx_word' id='word_1_712' title='bbox 1328 2328 1467 2359; x_wconf 85' lang='lat' dir='ltr'><strong>perspecta</strong></span> <span class='ocrx_word' id='word_1_713' title='bbox 1482 2328 1509 2351; x_wconf 89' lang='lat' dir='ltr'><strong>et</strong></span> <span class='ocrx_word' id='word_1_714' title='bbox 1522 2329 1642 2355; x_wconf 84' lang='lat' dir='ltr'><strong>narrata,</strong></span> <span class='ocrx_word' id='word_1_715' title='bbox 1659 2322 1788 2358; x_wconf 84' lang='lat' dir='ltr'><strong>tranquil-</strong></span> 
     </span>
    </p>
   </div>
   <div class='ocr_carea' id='block_1_96' title="bbox 202 2399 956 2434">
    <p class='ocr_par' dir='ltr' id='par_1_96' title="bbox 202 2400 954 2434">
     <span class='ocr_line' id='line_1_96' title="bbox 202 2400 954 2434; baseline -0.003 -3"><span class='ocrx_word' id='word_1_716' title='bbox 202 2404 225 2420; x_wconf 87' lang='lat'>&quot;</span> <span class='ocrx_word' id='word_1_717' title='bbox 239 2403 323 2431; x_wconf 82' lang='lat' dir='ltr'><strong>Exod.</strong></span> <span class='ocrx_word' id='word_1_718' title='bbox 340 2410 367 2434; x_wconf 69' lang='grc' dir='ltr'>κ,</span> <span class='ocrx_word' id='word_1_719' title='bbox 390 2402 434 2429; x_wconf 75' lang='grc'><strong>21.</strong></span> <span class='ocrx_word' id='word_1_720' title='bbox 473 2401 496 2417; x_wconf 81' lang='grc'><strong>⁸⁰</strong></span> <span class='ocrx_word' id='word_1_721' title='bbox 510 2401 593 2428; x_wconf 81' lang='lat' dir='ltr'><strong>Exod.</strong></span> <span class='ocrx_word' id='word_1_722' title='bbox 611 2409 666 2429; x_wconf 74' lang='lat' dir='ltr'><strong>xw.</strong></span> <span class='ocrx_word' id='word_1_723' title='bbox 686 2400 719 2427; x_wconf 76' lang='grc' dir='ltr'>ίϐ</span> <span class='ocrx_word' id='word_1_724' title='bbox 766 2401 787 2416; x_wconf 84' lang='grc'><strong>⁸¹</strong></span> <span class='ocrx_word' id='word_1_725' title='bbox 807 2401 891 2428; x_wconf 77' lang='lat' dir='ltr'><strong>Exod.</strong></span> <span class='ocrx_word' id='word_1_726' title='bbox 911 2410 954 2429; x_wconf 78' lang='lat' dir='ltr'><strong>xvt</strong></span> 
     </span>
    </p>
   </div>
   <div class='ocr_carea' id='block_1_97' title="bbox 1007 2399 1786 2434">
    <p class='ocr_par' dir='ltr' id='par_1_97' title="bbox 1007 2399 1786 2434">
     <span class='ocr_line' id='line_1_97' title="bbox 1007 2399 1786 2434; baseline -0.003 -5"><span class='ocrx_word' id='word_1_727' title='bbox 1007 2403 1022 2428; x_wconf 73' lang='grc' dir='ltr'><strong>ἱ.</strong></span> <span class='ocrx_word' id='word_1_728' title='bbox 1058 2402 1080 2418; x_wconf 81' lang='grc'><strong>⁸²</strong></span> <span class='ocrx_word' id='word_1_729' title='bbox 1101 2401 1185 2429; x_wconf 77' lang='lat' dir='ltr'><strong>Exod.</strong></span> <span class='ocrx_word' id='word_1_730' title='bbox 1201 2409 1246 2434; x_wconf 79' lang='lat' dir='ltr'><strong>xv,</strong></span> <span class='ocrx_word' id='word_1_731' title='bbox 1267 2401 1312 2428; x_wconf 68' lang='lat'><strong>25.</strong></span> <span class='ocrx_word' id='word_1_732' title='bbox 1349 2401 1372 2417; x_wconf 82' lang='grc'><strong>⁸³</strong></span> <span class='ocrx_word' id='word_1_733' title='bbox 1387 2401 1471 2428; x_wconf 76' lang='lat' dir='ltr'><strong>Exod.</strong></span> <span class='ocrx_word' id='word_1_734' title='bbox 1485 2409 1550 2434; x_wconf 76' lang='lat' dir='ltr'><strong>xvu,</strong></span> <span class='ocrx_word' id='word_1_735' title='bbox 1568 2401 1611 2428; x_wconf 86' lang='grc' dir='ltr'>Η.</span> <span class='ocrx_word' id='word_1_736' title='bbox 1647 2399 1731 2428; x_wconf 70' lang='lat' dir='ltr'><strong>&quot;los.</strong></span> <span class='ocrx_word' id='word_1_737' title='bbox 1748 2407 1786 2432; x_wconf 73' lang='lat' dir='ltr'><strong>vr,</strong></span> 
     </span>
    </p>
   </div>
   <div class='ocr_carea' id='block_1_98' title="bbox 167 2434 780 2473">
    <p class='ocr_par' dir='ltr' id='par_1_98' title="bbox 167 2434 780 2473">
     <span class='ocr_line' id='line_1_98' title="bbox 167 2434 780 2473; baseline -0.007 -7"><span class='ocrx_word' id='word_1_738' title='bbox 167 2439 184 2465; x_wconf 79' lang='lat'><strong>5</strong></span> <span class='ocrx_word' id='word_1_739' title='bbox 200 2447 256 2473; x_wconf 75' lang='lat' dir='ltr'><strong>seq.</strong></span> <span class='ocrx_word' id='word_1_740' title='bbox 294 2438 317 2454; x_wconf 83' lang='lat'><strong>&quot;</strong></span> <span class='ocrx_word' id='word_1_741' title='bbox 332 2437 391 2464; x_wconf 83' lang='lat' dir='ltr'><strong>Jou.</strong></span> <span class='ocrx_word' id='word_1_742' title='bbox 411 2445 439 2469; x_wconf 88' lang='lat' dir='ltr'><strong>Il,</strong></span> <span class='ocrx_word' id='word_1_743' title='bbox 452 2436 494 2463; x_wconf 82' lang='lat'><strong>1|.</strong></span> <span class='ocrx_word' id='word_1_744' title='bbox 532 2437 554 2451; x_wconf 79' lang='grc'><strong>⁸⁸⁸</strong></span> <span class='ocrx_word' id='word_1_745' title='bbox 576 2435 645 2462; x_wconf 75' lang='lat' dir='ltr'><strong>Psal.</strong></span> <span class='ocrx_word' id='word_1_746' title='bbox 667 2443 719 2468; x_wconf 76' lang='lat' dir='ltr'><strong>cn,</strong></span> <span class='ocrx_word' id='word_1_747' title='bbox 732 2434 780 2463; x_wconf 67' lang='lat'><strong>25.</strong></span> 
     </span>
    </p>
   </div>
   <div class='ocr_carea' id='block_1_99' title="bbox 203 2490 709 2530">
    <p class='ocr_par' dir='ltr' id='par_1_99' title="bbox 203 2490 709 2530">
     <span class='ocr_line' id='line_1_99' title="bbox 203 2490 709 2530; baseline -0.01 -8"><span class='ocrx_word' id='word_1_748' title='bbox 203 2494 258 2530; x_wconf 56' lang='grc'><strong>(54)</strong></span> <span class='ocrx_word' id='word_1_749' title='bbox 410 2492 524 2530; x_wconf 68' lang='grc' dir='ltr'>ῌλέοντι</span> <span class='ocrx_word' id='word_1_750' title='bbox 535 2490 613 2530; x_wconf 57' lang='grc' dir='ltr'>δὀξν</span> <span class='ocrx_word' id='word_1_751' title='bbox 625 2491 709 2530; x_wconf 79' lang='grc' dir='ltr'>αὐτῷ.</span> 
     </span>
    </p>
   </div>
   <div class='ocr_carea' id='block_1_100' title="bbox 203 2526 842 2565">
    <p class='ocr_par' dir='ltr' id='par_1_100' title="bbox 203 2526 842 2565">
     <span class='ocr_line' id='line_1_100' title="bbox 203 2526 842 2565; baseline -0.003 -10"><span class='ocrx_word' id='word_1_752' title='bbox 203 2526 259 2565; x_wconf 67' lang='grc'><strong>(55)</strong></span> <span class='ocrx_word' id='word_1_753' title='bbox 279 2529 352 2565; x_wconf 62' lang='grc' dir='ltr'>ροιι).</span> <span class='ocrx_word' id='word_1_754' title='bbox 369 2528 395 2565; x_wconf 58' lang='grc' dir='ltr'><strong>ξ,</strong></span> <span class='ocrx_word' id='word_1_755' title='bbox 407 2528 564 2565; x_wconf 75' lang='lat' dir='ltr'><strong>‘2,_uec._uou</strong></span> <span class='ocrx_word' id='word_1_756' title='bbox 582 2527 628 2554; x_wconf 90' lang='lat' dir='ltr'><strong>0r.</strong></span> <span class='ocrx_word' id='word_1_757' title='bbox 643 2532 669 2565; x_wconf 78' lang='lat' dir='ltr'><strong>et</strong></span> <span class='ocrx_word' id='word_1_758' title='bbox 685 2529 713 2554; x_wconf 85' lang='lat' dir='ltr'><strong>t&#39;.</strong></span> <span class='ocrx_word' id='word_1_759' title='bbox 725 2526 842 2561; x_wconf 78' lang='grc' dir='ltr'>πληγῆς.</span> 
     </span>
    </p>
   </div>
   <div class='ocr_carea' id='block_1_101' title="bbox 202 2562 742 2598">
    <p class='ocr_par' dir='ltr' id='par_1_101' title="bbox 202 2562 742 2598">
     <span class='ocr_line' id='line_1_101' title="bbox 202 2562 742 2598; baseline -0.007 -7"><span class='ocrx_word' id='word_1_760' title='bbox 202 2562 257 2598; x_wconf 65' lang='grc' dir='ltr'><strong>(ὃὸ)</strong></span> <span class='ocrx_word' id='word_1_761' title='bbox 274 2564 350 2591; x_wconf 89' lang='lat' dir='ltr'><strong>Colb.</strong></span> <span class='ocrx_word' id='word_1_762' title='bbox 366 2563 384 2589; x_wconf 74' lang='grc'>2</span> <span class='ocrx_word' id='word_1_763' title='bbox 399 2569 424 2589; x_wconf 93' lang='lat' dir='ltr'><strong>et</strong></span> <span class='ocrx_word' id='word_1_764' title='bbox 436 2562 529 2598; x_wconf 74' lang='lat' dir='ltr'><strong>Cpmb.</strong></span> <span class='ocrx_word' id='word_1_765' title='bbox 542 2563 742 2598; x_wconf 53' lang='grc' dir='ltr'>καταπτήσσει,</span> 
     </span>
    </p>
   </div>
   <div class='ocr_carea' id='block_1_102' title="bbox 203 2566 952 2633">
    <p class='ocr_par' dir='ltr' id='par_1_102' title="bbox 203 2566 952 2633">
     <span class='ocr_line' id='line_1_102' title="bbox 203 2566 742 2598; baseline -0.006 -7"><span class='ocrx_word' id='word_1_766' title='bbox 203 2566 246 2598; x_wconf 74' lang='lat' dir='ltr'><strong>(5b</strong></span> <span class='ocrx_word' id='word_1_767' title='bbox 274 2566 350 2591; x_wconf 87' lang='lat' dir='ltr'><strong>Colb.</strong></span> <span class='ocrx_word' id='word_1_768' title='bbox 366 2566 384 2589; x_wconf 70' lang='grc'>2</span> <span class='ocrx_word' id='word_1_769' title='bbox 399 2569 424 2589; x_wconf 93' lang='lat' dir='ltr'><strong>et</strong></span> <span class='ocrx_word' id='word_1_770' title='bbox 436 2566 529 2589; x_wconf 77' lang='lat' dir='ltr'><strong>Uouit).</strong></span> <span class='ocrx_word' id='word_1_771' title='bbox 545 2566 742 2596; x_wconf 77' lang='grc' dir='ltr'>καταπτήσσει.</span> 
     </span>
     <span class='ocr_line' id='line_1_103' title="bbox 203 2566 952 2633; baseline -0.005 -8"><span class='ocrx_word' id='word_1_772' title='bbox 203 2566 259 2633; x_wconf 54' lang='grc' dir='ltr'><strong>(ὅτζ</strong></span> <span class='ocrx_word' id='word_1_773' title='bbox 279 2598 353 2625; x_wconf 75' lang='lat' dir='ltr'><strong>Colb.</strong></span> <span class='ocrx_word' id='word_1_774' title='bbox 370 2598 395 2629; x_wconf 76' lang='grc'><strong>1,</strong></span> <span class='ocrx_word' id='word_1_775' title='bbox 407 2601 434 2633; x_wconf 69' lang='lat' dir='ltr'><strong>et</strong></span> <span class='ocrx_word' id='word_1_776' title='bbox 449 2596 494 2624; x_wconf 89' lang='lat' dir='ltr'><strong>0r.</strong></span> <span class='ocrx_word' id='word_1_777' title='bbox 509 2596 558 2633; x_wconf 46' lang='lat' dir='ltr'><strong>tot?</strong></span> <span class='ocrx_word' id='word_1_778' title='bbox 571 2596 633 2633; x_wconf 59' lang='lat' dir='ltr'><strong>x10:</strong></span> <span class='ocrx_word' id='word_1_779' title='bbox 646 2596 767 2633; x_wconf 56' lang='grc' dir='ltr'>ἑαυτούς.</span> <span class='ocrx_word' id='word_1_780' title='bbox 780 2595 902 2633; x_wconf 32' lang='grc' dir='ltr'>ροιιιλε.</span> <span class='ocrx_word' id='word_1_781' title='bbox 915 2596 952 2627; x_wconf 84' lang='grc' dir='ltr'>ὡς</span> 
     </span>
    </p>
   </div>
   <div class='ocr_carea' id='block_1_103' title="bbox 169 2631 952 2663">
    <p class='ocr_par' dir='ltr' id='par_1_103' title="bbox 169 2631 952 2663">
     <span class='ocr_line' id='line_1_104' title="bbox 169 2631 952 2663; baseline -0.005 -3"><span class='ocrx_word' id='word_1_782' title='bbox 169 2631 275 2660; x_wconf 82' lang='grc' dir='ltr'>πάντων</span> <span class='ocrx_word' id='word_1_783' title='bbox 299 2633 354 2660; x_wconf 85' lang='grc' dir='ltr'>τῶν</span> <span class='ocrx_word' id='word_1_784' title='bbox 377 2632 436 2659; x_wconf 84' lang='grc' dir='ltr'>καθ’</span> <span class='ocrx_word' id='word_1_785' title='bbox 465 2631 586 2663; x_wconf 75' lang='grc' dir='ltr'>ἑαυτούς,</span> <span class='ocrx_word' id='word_1_786' title='bbox 615 2631 681 2658; x_wconf 79' lang='lat' dir='ltr'><strong>Cod.</strong></span> <span class='ocrx_word' id='word_1_787' title='bbox 700 2631 729 2658; x_wconf 86' lang='lat' dir='ltr'><strong>P.</strong></span> <span class='ocrx_word' id='word_1_788' title='bbox 746 2631 793 2657; x_wconf 85' lang='grc' dir='ltr'>τοῦ</span> <span class='ocrx_word' id='word_1_789' title='bbox 811 2631 872 2658; x_wconf 71' lang='grc' dir='ltr'>καθ’</span> <span class='ocrx_word' id='word_1_790' title='bbox 889 2631 952 2657; x_wconf 79' lang='grc' dir='ltr'>ἑαυ-</span> 
     </span>
    </p>
   </div>
   <div class='ocr_carea' id='block_1_104' title="bbox 168 2669 222 2695">
    <p class='ocr_par' dir='ltr' id='par_1_104' title="bbox 168 2669 222 2695">
     <span class='ocr_line' id='line_1_105' title="bbox 168 2669 222 2695; baseline 0.019 -1"><span class='ocrx_word' id='word_1_791' title='bbox 168 2669 222 2695; x_wconf 87' lang='grc' dir='ltr'>τόν.</span> 
     </span>
    </p>
   </div>
   <div class='ocr_carea' id='block_1_105' title="bbox 203 2700 947 2739">
    <p class='ocr_par' dir='ltr' id='par_1_105' title="bbox 203 2700 947 2739">
     <span class='ocr_line' id='line_1_106' title="bbox 203 2700 947 2739; baseline -0.007 -9"><span class='ocrx_word' id='word_1_792' title='bbox 203 2703 398 2739; x_wconf 19' lang='lat' dir='ltr'><strong>(38)VColb./1.A</strong></span> <span class='ocrx_word' id='word_1_793' title='bbox 411 2701 503 2739; x_wconf 18' lang='grc' dir='ltr'><strong>(ξιμον.</strong></span> <span class='ocrx_word' id='word_1_794' title='bbox 516 2701 621 2739; x_wconf 54' lang='grc' dir='ltr'>ἔρημον</span> <span class='ocrx_word' id='word_1_795' title='bbox 642 2700 777 2736; x_wconf 86' lang='grc' dir='ltr'>πολλαχοῦ</span> <span class='ocrx_word' id='word_1_796' title='bbox 793 2702 854 2735; x_wconf 83' lang='grc' dir='ltr'>γῆς.</span> <span class='ocrx_word' id='word_1_797' title='bbox 873 2700 947 2729; x_wconf 88' lang='lat' dir='ltr'><strong>Colb.</strong></span> 
     </span>
    </p>
   </div>
   <div class='ocr_carea' id='block_1_106' title="bbox 168 2736 605 2772">
    <p class='ocr_par' dir='ltr' id='par_1_106' title="bbox 168 2736 605 2772">
     <span class='ocr_line' id='line_1_107' title="bbox 168 2736 605 2772; baseline -0.002 -9"><span class='ocrx_word' id='word_1_798' title='bbox 168 2736 195 2768; x_wconf 71' lang='grc'><strong>2,</strong></span> <span class='ocrx_word' id='word_1_799' title='bbox 206 2736 231 2764; x_wconf 74' lang='lat' dir='ltr'><strong>et</strong></span> <span class='ocrx_word' id='word_1_800' title='bbox 248 2736 369 2765; x_wconf 72' lang='lat' dir='ltr'><strong>Combef.</strong></span> <span class='ocrx_word' id='word_1_801' title='bbox 385 2737 402 2772; x_wconf 81' lang='grc' dir='ltr'>ἢ</span> <span class='ocrx_word' id='word_1_802' title='bbox 414 2736 605 2772; x_wconf 69' lang='grc' dir='ltr'>ἀλλαχοῦγῆς.</span> 
     </span>
    </p>
   </div>
   <div class='ocr_carea' id='block_1_107' title="bbox 202 2770 698 2806">
    <p class='ocr_par' dir='ltr' id='par_1_107' title="bbox 202 2770 698 2806">
     <span class='ocr_line' id='line_1_108' title="bbox 202 2770 698 2806; baseline -0.006 -6"><span class='ocrx_word' id='word_1_803' title='bbox 202 2773 257 2806; x_wconf 74' lang='grc'><strong>(59)</strong></span> <span class='ocrx_word' id='word_1_804' title='bbox 277 2773 356 2799; x_wconf 78' lang='lat' dir='ltr'><strong>Addit</strong></span> <span class='ocrx_word' id='word_1_805' title='bbox 373 2770 434 2799; x_wconf 80' lang='lat' dir='ltr'><strong>rod.</strong></span> <span class='ocrx_word' id='word_1_806' title='bbox 448 2770 539 2805; x_wconf 50' lang='grc' dir='ltr'><strong>Ρζτῆς</strong></span> <span class='ocrx_word' id='word_1_807' title='bbox 551 2770 698 2805; x_wconf 81' lang='grc' dir='ltr'>θαλάσσης.</span> 
     </span>
    </p>
   </div>
   <div class='ocr_carea' id='block_1_108' title="bbox 201 2805 895 2842">
    <p class='ocr_par' dir='ltr' id='par_1_108' title="bbox 201 2805 895 2842">
     <span class='ocr_line' id='line_1_109' title="bbox 201 2805 895 2842; baseline -0.003 -9"><span class='ocrx_word' id='word_1_808' title='bbox 201 2805 258 2842; x_wconf 71' lang='grc'><strong>(40)</strong></span> <span class='ocrx_word' id='word_1_809' title='bbox 277 2807 352 2834; x_wconf 87' lang='lat' dir='ltr'><strong>Colb.</strong></span> <span class='ocrx_word' id='word_1_810' title='bbox 367 2807 393 2835; x_wconf 71' lang='grc'><strong>1,</strong></span> <span class='ocrx_word' id='word_1_811' title='bbox 410 2807 486 2842; x_wconf 73' lang='lat' dir='ltr'><strong>codd.</strong></span> <span class='ocrx_word' id='word_1_812' title='bbox 504 2807 532 2842; x_wconf 61' lang='lat' dir='ltr'><strong>P.</strong></span> <span class='ocrx_word' id='word_1_813' title='bbox 545 2811 573 2842; x_wconf 85' lang='lat' dir='ltr'><strong>et</strong></span> <span class='ocrx_word' id='word_1_814' title='bbox 586 2806 631 2842; x_wconf 72' lang='grc' dir='ltr'><strong>οῖ.</strong></span> <span class='ocrx_word' id='word_1_815' title='bbox 650 2805 751 2841; x_wconf 82' lang='grc' dir='ltr'>πέτραν</span> <span class='ocrx_word' id='word_1_816' title='bbox 763 2806 895 2842; x_wconf 64' lang='grc' dir='ltr'>ξπήγασε.</span> 
     </span>
    </p>
   </div>
   <div class='ocr_carea' id='block_1_109' title="bbox 202 2839 948 2877">
    <p class='ocr_par' dir='ltr' id='par_1_109' title="bbox 202 2839 948 2877">
     <span class='ocr_line' id='line_1_110' title="bbox 202 2839 948 2877; baseline -0.005 -6"><span class='ocrx_word' id='word_1_817' title='bbox 202 2839 257 2877; x_wconf 76' lang='lat' dir='ltr'><strong>tu)</strong></span> <span class='ocrx_word' id='word_1_818' title='bbox 277 2842 315 2870; x_wconf 85' lang='lat' dir='ltr'><strong>Ita</strong></span> <span class='ocrx_word' id='word_1_819' title='bbox 333 2843 410 2870; x_wconf 73' lang='lat' dir='ltr'><strong>Colb.</strong></span> <span class='ocrx_word' id='word_1_820' title='bbox 432 2841 450 2868; x_wconf 75' lang='grc'><strong>2</strong></span> <span class='ocrx_word' id='word_1_821' title='bbox 483 2841 560 2868; x_wconf 87' lang='lat' dir='ltr'><strong>codd.</strong></span> <span class='ocrx_word' id='word_1_822' title='bbox 588 2841 618 2868; x_wconf 79' lang='grc' dir='ltr'><strong>Ρ.</strong></span> <span class='ocrx_word' id='word_1_823' title='bbox 646 2846 673 2868; x_wconf 88' lang='lat' dir='ltr'><strong>et</strong></span> <span class='ocrx_word' id='word_1_824' title='bbox 696 2839 744 2868; x_wconf 82' lang='lat' dir='ltr'><strong>0r.</strong></span> <span class='ocrx_word' id='word_1_825' title='bbox 763 2840 791 2868; x_wconf 78' lang='lat' dir='ltr'><strong>li.</strong></span> <span class='ocrx_word' id='word_1_826' title='bbox 811 2839 878 2868; x_wconf 41' lang='lat' dir='ltr'><strong>&#39;ejit.</strong></span> <span class='ocrx_word' id='word_1_827' title='bbox 898 2839 948 2866; x_wconf 85' lang='grc' dir='ltr'><strong>σώ-</strong></span> 
     </span>
    </p>
   </div>
   <div class='ocr_carea' id='block_1_110' title="bbox 169 2884 249 2904">
    <p class='ocr_par' dir='ltr' id='par_1_110' title="bbox 169 2884 249 2904">
     <span class='ocr_line' id='line_1_111' title="bbox 169 2884 249 2904; baseline -0.013 0"><span class='ocrx_word' id='word_1_828' title='bbox 169 2884 228 2904; x_wconf 66' lang='grc' dir='ltr'>συντ</span> <span class='ocrx_word' id='word_1_829' title='bbox 233 2886 239 2903; x_wconf 90' lang='grc' dir='ltr'><strong>ι</strong></span> <span class='ocrx_word' id='word_1_830' title='bbox 243 2897 249 2904; x_wconf 95' lang='grc'><em>.</em></span> 
     </span>
    </p>
   </div>
   <div class='ocr_carea' id='block_1_111' title="bbox 1040 2489 1789 2524">
    <p class='ocr_par' dir='ltr' id='par_1_111' title="bbox 1040 2489 1789 2524">
     <span class='ocr_line' id='line_1_112' title="bbox 1040 2489 1789 2524; baseline 0.003 -8"><span class='ocrx_word' id='word_1_831' title='bbox 1040 2490 1095 2524; x_wconf 64' lang='grc' dir='ltr'><strong>(άῖ)</strong></span> <span class='ocrx_word' id='word_1_832' title='bbox 1115 2489 1181 2516; x_wconf 80' lang='lat' dir='ltr'><strong>Cod.</strong></span> <span class='ocrx_word' id='word_1_833' title='bbox 1206 2489 1237 2516; x_wconf 83' lang='lat' dir='ltr'><strong>P.</strong></span> <span class='ocrx_word' id='word_1_834' title='bbox 1257 2489 1282 2516; x_wconf 91' lang='lat' dir='ltr'><strong>in</strong></span> <span class='ocrx_word' id='word_1_835' title='bbox 1300 2493 1355 2515; x_wconf 87' lang='lat' dir='ltr'><strong>not.</strong></span> <span class='ocrx_word' id='word_1_836' title='bbox 1370 2497 1455 2524; x_wconf 72' lang='lat' dir='ltr'><strong>marg.</strong></span> <span class='ocrx_word' id='word_1_837' title='bbox 1479 2489 1597 2516; x_wconf 77' lang='grc' dir='ltr'>ἔπαυσεν</span> <span class='ocrx_word' id='word_1_838' title='bbox 1625 2492 1664 2523; x_wconf 80' lang='grc' dir='ltr'><strong>εἰς</strong></span> <span class='ocrx_word' id='word_1_839' title='bbox 1689 2491 1789 2518; x_wconf 62' lang='grc' dir='ltr'>λεπτὸν</span> 
     </span>
    </p>
   </div>
   <div class='ocr_carea' id='block_1_112' title="bbox 1005 2524 1785 2562">
    <p class='ocr_par' dir='ltr' id='par_1_112' title="bbox 1005 2524 1785 2562">
     <span class='ocr_line' id='line_1_113' title="bbox 1005 2524 1785 2562; baseline 0.003 -11"><span class='ocrx_word' id='word_1_840' title='bbox 1005 2526 1084 2562; x_wconf 77' lang='grc' dir='ltr'>πνοή.</span> <span class='ocrx_word' id='word_1_841' title='bbox 1100 2524 1160 2551; x_wconf 75' lang='lat' dir='ltr'><strong>Mox</strong></span> <span class='ocrx_word' id='word_1_842' title='bbox 1180 2525 1249 2551; x_wconf 85' lang='lat' dir='ltr'><strong>idem</strong></span> <span class='ocrx_word' id='word_1_843' title='bbox 1263 2525 1322 2551; x_wconf 85' lang='lat' dir='ltr'><strong>cod.</strong></span> <span class='ocrx_word' id='word_1_844' title='bbox 1341 2525 1558 2562; x_wconf 58' lang='lat' dir='ltr'><strong>adlmcyerbnm</strong></span> <span class='ocrx_word' id='word_1_845' title='bbox 1575 2527 1785 2562; x_wconf 66' lang='grc' dir='ltr'>κατεστορέσθη,</span> 
     </span>
    </p>
   </div>
   <div class='ocr_carea' id='block_1_113' title="bbox 1005 2559 1640 2595">
    <p class='ocr_par' dir='ltr' id='par_1_113' title="bbox 1005 2559 1640 2595">
     <span class='ocr_line' id='line_1_114' title="bbox 1005 2559 1640 2595; baseline -0.002 -8"><span class='ocrx_word' id='word_1_846' title='bbox 1005 2561 1031 2587; x_wconf 93' lang='lat' dir='ltr'><strong>in</strong></span> <span class='ocrx_word' id='word_1_847' title='bbox 1047 2559 1099 2586; x_wconf 82' lang='lat' dir='ltr'><strong>not.</strong></span> <span class='ocrx_word' id='word_1_848' title='bbox 1115 2567 1199 2591; x_wconf 66' lang='lat' dir='ltr'><strong>marg.</strong></span> <span class='ocrx_word' id='word_1_849' title='bbox 1213 2559 1419 2595; x_wconf 67' lang='grc' dir='ltr'>κατεστορξσθη,</span> <span class='ocrx_word' id='word_1_850' title='bbox 1438 2560 1455 2595; x_wconf 85' lang='grc' dir='ltr'>ἦ</span> <span class='ocrx_word' id='word_1_851' title='bbox 1470 2560 1640 2595; x_wconf 81' lang='grc' dir='ltr'>ὑπεστρώθη.</span> 
     </span>
    </p>
   </div>
   <div class='ocr_carea' id='block_1_114' title="bbox 1040 2593 1789 2637">
    <p class='ocr_par' dir='ltr' id='par_1_114' title="bbox 1040 2593 1789 2637">
     <span class='ocr_line' id='line_1_115' title="bbox 1040 2593 1789 2637; baseline 0.003 -17"><span class='ocrx_word' id='word_1_852' title='bbox 1040 2595 1095 2637; x_wconf 60' lang='grc' dir='ltr'><strong>(ὦ)</strong></span> <span class='ocrx_word' id='word_1_853' title='bbox 1115 2595 1189 2621; x_wconf 87' lang='lat' dir='ltr'><strong>Colb.</strong></span> <span class='ocrx_word' id='word_1_854' title='bbox 1208 2594 1235 2626; x_wconf 81' lang='grc'><strong>1,</strong></span> <span class='ocrx_word' id='word_1_855' title='bbox 1248 2594 1277 2625; x_wconf 75' lang='lat'><strong>‘2.</strong></span> <span class='ocrx_word' id='word_1_856' title='bbox 1297 2593 1371 2621; x_wconf 33' lang='lat' dir='ltr'><strong>et&#39;l‘.</strong></span> <span class='ocrx_word' id='word_1_857' title='bbox 1393 2593 1506 2628; x_wconf 79' lang='lat' dir='ltr'><strong>legunt:</strong></span> <span class='ocrx_word' id='word_1_858' title='bbox 1527 2593 1686 2629; x_wconf 76' lang='grc' dir='ltr'>”Ο’μὲνόὗν</span> <span class='ocrx_word' id='word_1_859' title='bbox 1709 2593 1743 2630; x_wconf 82' lang='grc' dir='ltr'>ἧν</span> <span class='ocrx_word' id='word_1_860' title='bbox 1757 2597 1789 2622; x_wconf 71' lang='grc' dir='ltr'>ἐν</span> 
     </span>
    </p>
   </div>
   <div class='ocr_carea' id='block_1_115' title="bbox 1004 2638 1787 2701">
    <p class='ocr_par' dir='ltr' id='par_1_115' title="bbox 1004 2638 1787 2701">
     <span class='ocr_line' id='line_1_116' title="bbox 1004 2638 1787 2701; baseline -0.001 -10"><span class='ocrx_word' id='word_1_861' title='bbox 1004 2638 1182 2699; x_wconf 47' lang='grc' dir='ltr'><strong>τοῖῖῖῗὶυΑ.</strong></span> <span class='ocrx_word' id='word_1_862' title='bbox 1202 2663 1230 2690; x_wconf 74' lang='grc' dir='ltr'><strong>Ρ.</strong></span> <span class='ocrx_word' id='word_1_863' title='bbox 1247 2664 1272 2690; x_wconf 87' lang='lat' dir='ltr'><strong>in</strong></span> <span class='ocrx_word' id='word_1_864' title='bbox 1290 2667 1346 2690; x_wconf 88' lang='lat' dir='ltr'><strong>not.</strong></span> <span class='ocrx_word' id='word_1_865' title='bbox 1359 2670 1444 2697; x_wconf 69' lang='lat' dir='ltr'><strong>marg.</strong></span> <span class='ocrx_word' id='word_1_866' title='bbox 1462 2663 1646 2698; x_wconf 81' lang='grc' dir='ltr'>καταχθονίων</span> <span class='ocrx_word' id='word_1_867' title='bbox 1663 2673 1787 2701; x_wconf 73' lang='grc' dir='ltr'>τιμωρη-</span> 
     </span>
    </p>
   </div>
   <div class='ocr_carea' id='block_1_116' title="bbox 1001 2700 1785 2769">
    <p class='ocr_par' dir='ltr' id='par_1_116' title="bbox 1007 2700 1785 2769">
     <span class='ocr_line' id='line_1_117' title="bbox 1007 2700 1785 2769; baseline 0.001 -9"><span class='ocrx_word' id='word_1_868' title='bbox 1007 2700 1092 2769; x_wconf 35' lang='grc' dir='ltr'><strong>Εωξῗὲ)</strong></span> <span class='ocrx_word' id='word_1_869' title='bbox 1108 2735 1212 2769; x_wconf 67' lang='grc' dir='ltr'>Ὅστις</span> <span class='ocrx_word' id='word_1_870' title='bbox 1225 2732 1304 2764; x_wconf 73' lang='grc' dir='ltr'>αὐτῷ</span> <span class='ocrx_word' id='word_1_871' title='bbox 1331 2733 1406 2761; x_wconf 84' lang='lat' dir='ltr'><strong>Colb.</strong></span> <span class='ocrx_word' id='word_1_872' title='bbox 1420 2733 1537 2769; x_wconf 18' lang='lat' dir='ltr'><strong>ﬂuctum.</strong></span> <span class='ocrx_word' id='word_1_873' title='bbox 1551 2733 1613 2760; x_wconf 84' lang='lat' dir='ltr'><strong>P.et</strong></span> <span class='ocrx_word' id='word_1_874' title='bbox 1624 2735 1671 2762; x_wconf 93' lang='lat' dir='ltr'><strong>0r.</strong></span> <span class='ocrx_word' id='word_1_875' title='bbox 1688 2735 1785 2762; x_wconf 81' lang='lat' dir='ltr'><strong>habent</strong></span> 
     </span>
    </p>
   </div>
   <div class='ocr_carea' id='block_1_117' title="bbox 1000 2768 1791 2804">
    <p class='ocr_par' dir='ltr' id='par_1_117' title="bbox 1000 2768 1791 2804">
     <span class='ocr_line' id='line_1_118' title="bbox 1000 2768 1791 2804; baseline 0.001 -9"><span class='ocrx_word' id='word_1_876' title='bbox 1000 2770 1061 2804; x_wconf 76' lang='grc' dir='ltr'>ἥτις</span> <span class='ocrx_word' id='word_1_877' title='bbox 1073 2769 1156 2803; x_wconf 74' lang='grc' dir='ltr'>αυτῷ.</span> <span class='ocrx_word' id='word_1_878' title='bbox 1181 2768 1303 2794; x_wconf 60' lang='lat' dir='ltr'><strong>Verterat</strong></span> <span class='ocrx_word' id='word_1_879' title='bbox 1318 2769 1409 2804; x_wconf 69' lang='lat' dir='ltr'><strong>ltitlms</strong></span> <span class='ocrx_word' id='word_1_880' title='bbox 1423 2776 1430 2794; x_wconf 87' lang='lat'><strong>:</strong></span> <span class='ocrx_word' id='word_1_881' title='bbox 1449 2768 1576 2802; x_wconf 65' lang='lat' dir='ltr'><strong>liriunym</strong></span> <span class='ocrx_word' id='word_1_882' title='bbox 1591 2770 1732 2800; x_wconf 71' lang='lat' dir='ltr'><strong>quamdam</strong></span> <span class='ocrx_word' id='word_1_883' title='bbox 1753 2779 1791 2796; x_wconf 75' lang='lat' dir='ltr'><strong>ac</strong></span> 
     </span>
    </p>
   </div>
   <div class='ocr_carea' id='block_1_118' title="bbox 999 2803 1790 2845">
    <p class='ocr_par' dir='ltr' id='par_1_118' title="bbox 999 2803 1790 2845">
     <span class='ocr_line' id='line_1_119' title="bbox 999 2803 1790 2845; baseline 0.001 -14"><span class='ocrx_word' id='word_1_884' title='bbox 999 2806 1143 2845; x_wconf 64' lang='lat' dir='ltr'><strong>da&#39;mouem</strong></span> <span class='ocrx_word' id='word_1_885' title='bbox 1156 2803 1315 2836; x_wconf 70' lang='lat' dir='ltr'><strong>pestiferum.</strong></span> <span class='ocrx_word' id='word_1_886' title='bbox 1333 2803 1454 2830; x_wconf 71' lang='lat' dir='ltr'><strong>Cumbel‘.</strong></span> <span class='ocrx_word' id='word_1_887' title='bbox 1469 2803 1719 2836; x_wconf 81' lang='lat' dir='ltr'><strong>interpretationem</strong></span> <span class='ocrx_word' id='word_1_888' title='bbox 1743 2812 1790 2832; x_wconf 75' lang='lat' dir='ltr'><strong>su-</strong></span> 
     </span>
    </p>
   </div>
   <div class='ocr_carea' id='block_1_119' title="bbox 1000 2846 1644 2909">
    <p class='ocr_par' dir='ltr' id='par_1_119' title="bbox 1000 2846 1644 2909">
     <span class='ocr_line' id='line_1_120' title="bbox 1000 2846 1172 2866; baseline -0.017 0"><span class='ocrx_word' id='word_1_889' title='bbox 1000 2846 1053 2866; x_wconf 83' lang='lat' dir='ltr'><strong>cutt</strong></span> <span class='ocrx_word' id='word_1_890' title='bbox 1071 2846 1172 2865; x_wconf 77' lang='lat' dir='ltr'><strong>SltlttllS.</strong></span> 
     </span>
     <span class='ocr_line' id='line_1_121' title="bbox 1036 2871 1644 2909; baseline -0.002 -9"><span class='ocrx_word' id='word_1_891' title='bbox 1036 2874 1090 2908; x_wconf 75' lang='lat' dir='ltr'><strong>(Mi)</strong></span> <span class='ocrx_word' id='word_1_892' title='bbox 1111 2871 1292 2907; x_wconf 72' lang='grc' dir='ltr'>Λαόομέτην.</span> <span class='ocrx_word' id='word_1_893' title='bbox 1309 2872 1383 2900; x_wconf 72' lang='lat' dir='ltr'><strong>Colb.</strong></span> <span class='ocrx_word' id='word_1_894' title='bbox 1400 2872 1424 2903; x_wconf 78' lang='grc' dir='ltr'>ί,</span> <span class='ocrx_word' id='word_1_895' title='bbox 1435 2871 1644 2909; x_wconf 72' lang='grc' dir='ltr'>ἐπιλαϐομένην,</span> 
     </span>
    </p>
   </div>
  </div>
