2055 3130
261 160 311 188 951

829 161 905 188 VITA
926 161 955 189 S.
976 160 1144 189 GREGORII
1162 160 1333 188 THEOLOGI

1831 159 1884 186 25?

265 219 328 246 litas
346 218 437 245 statim
461 222 604 245 consecuta
625 223 677 250 est,
700 223 875 254 vectoresque
898 227 993 246 omnes
1016 220 1049 246 ad

1102 221 1165 252 τοὺς
1180 219 1382 255 συμπλωτῆρας
1402 220 1435 254 τῇ
1462 219 1552 245 πίστει
1578 219 1760 255 προσδραμεῖν
1782 219 1821 254 τῷ
1837 220 1883 246 τοῦ

264 264 346 292 1)·-ιιιιι
363 263 485 298 Gregorii
500 264 550 290 lide
572 268 758 295 accurrerunt,
782 264 892 298 periculi
910 265 974 291 tanti
1001 265 1048 292 dc-

265 310 400 344 pulsorem
419 317 479 335 eum
501 313 678 344 agnoscentes
690 314 769 344 atque
795 310 965 338 conﬁtentes.
992 310 1049 338 Hoc

264 363 327 383 vero
346 356 409 390 quid
435 355 524 389 magni
555 355 626 382 illius
652 355 716 382 Elia;
736 356 867 383 miraculo
884 356 980 383 cedit?
1001 357 1047 390 qui

265 402 382 429 Sidoniae
412 402 520 435 reginze,
546 408 652 428 vesanae
678 401 808 428 idolorum
836 402 949 434 (ultrici,
977 401 1050 429 obsi-

264 453 349 480 stens,
365 448 498 474 sacriﬁcio
511 447 618 474 insolita
633 452 660 474 et
679 447 782 474 coalein
798 446 904 474 ﬂamma
920 455 1046 474 consum-

264 501 319 529 pto,
336 493 470 521 lsraelitas
497 494 529 520 ad
547 493 603 520 veri
629 493 675 520 Dei
704 493 782 519 ﬁdem
808 493 935 521 induxit:
956 493 993 520 ita
1020 497 1050 519 ut

263 538 443 564 admiratione
459 542 599 571 correptus
616 536 730 571 populus
756 536 858 564 diceret
875 545 882 564 :
906 535 970 563 Vere
998 536 1050 563 Do-

263 584 348 610 minus
364 583 444 615 Deus,
465 583 506 609 hic
530 587 568 609 est
598 582 665 609 Deus
682 582 716 609 ⁸⁷.
737 582 809 609 Talis
830 582 885 609 fere
903 581 1050 616 Gregorius

263 633 332 662 erat,
349 636 396 663 per
410 629 573 662 insperatam
585 636 618 654 ex
633 632 792 662 tempestate
805 628 929 658 salutem.
943 634 991 654 eos
1001 628 1046 662 qui

264 675 347 701 variis
364 680 388 701 et
407 674 548 701 multiﬁdis
570 674 709 701 erroribus
730 675 900 705 tnucbantur,
916 674 950 701 ad
969 682 1049 701 unam

264 718 324 746 ﬁdei
341 720 464 746 semitam
479 720 590 746 ducens.

300 765 476 799 Posteaquam
492 770 580 791 autem
597 765 623 791 in
647 764 791 798 Graeciam,
815 772 847 792 ac
867 765 984 793 nobilem
1002 764 1051 791 ﬂo-

268 816 424 845 rentemque
446 811 610 837 Athenarum
630 811 723 837 urbem
741 818 771 838 se
787 810 912 844 contulit,
928 811 992 845 quid
1008 819 1051 838 re-

266 857 336 884 l'erre
360 864 470 883 necesse
494 861 535 883 est
561 863 612 890 qua
641 856 779 882 hominum
809 856 900 883 laetitia
923 861 1051 891 exceptus

1100 265 1249 300 Γρηγορίου
1276 264 1346 300 Θεῷ,
1362 264 1409 291 κα).
1421 265 1514 292 ἑαυτὸν
1533 265 1588 300 (47)
1609 263 1676 291 εἶναι
1690 265 1884 300 ὁμολογοῦνται

1099 311 1253 346 ἐπίκουρον.
1267 311 1386 338 Τίτοῦτο
1398 311 1446 337 τοῦ
1463 312 1533 338 κατά
1549 311 1595 337 τὸν
1613 311 1698 346 μέγαν
1717 311 1807 338 Ἠλίαν
1822 312 1873 338 θαύ

1100 364 1183 391 ματος
1201 356 1378 392 ἁτιμότερονς
1398 356 1438 388 ὃς,
1458 357 1491 391 τῇ
1504 356 1682 392 εἰδωλομανίᾳ
1691 356 1740 391 τῆς
1760 357 1884 386 Σιδωνίας

1099 402 1337 438 ἀντιτασσόμενος,
1364 402 1431 437 ξένῳ
1446 402 1512 437 πυρὶ
1526 403 1573 429 καὶ
1594 402 1709 438 οὐρανίῳ
1722 403 1772 437 τὴν
1791 402 1880 429 θυσίαὶ

1099 448 1301 483 ὲκδαπανήσας,
1313 449 1354 480 εἰς
1364 448 1455 474 πίστιν
1468 447 1515 474 τοῦ
1529 447 1655 483 ἀληθινοῦ
1669 447 1736 474 Θεοῦ
1748 449 1827 483 ἐνῆγε
1840 448 1884 475 τὸν

1105 493 1220 529 Ἰσραήλ·
1246 494 1315 521 ὥστε
1329 494 1506 529 θαυμάσαντα
1517 493 1562 520 τὸν
1576 493 1639 520 λαὺν
1649 494 1745 520 εἰπεῖν’
1761 493 1882 527 Ἀληθῶς

1099 539 1206 571 Κύριος
1218 540 1235 565 ό
1247 538 1392 572 Θεὸς-(48),
1405 536 1492 571 οὗτός
1500 539 1584 565 ἐστιν
1594 540 1611 564 ὀ
1618 539 1698 571 Θεός.
1709 538 1832 570 Τοιοῦτός
1843 547 1884 567 τις

1099 579 1133 617 ἦν
1149 582 1332 618 όΓρηγόριος,
1348 584 1380 618 τῇ
1393 583 1572 618 ὲκτρικυμίας
1589 583 1644 618 (49)
1659 583 1783 618 ἀδοκήτῳ
1799 592 1882 618 σωτη-

1101 628 1147 664 ρίᾳ.
1171 629 1234 660 τοὺς
1260 628 1414 663 πολυσχιδεῖ
1434 629 1491 663 (50)
1514 629 1601 665 πλάνῃ
1624 629 1821 664 κατεχομένους
1846 630 1884 661 είς

1102 673 1166 708 μίαν
1177 673 1251 708 ἄγων
1261 674 1354 710 τρίϐον
1365 674 1412 700 καὶ
1425 674 1538 708 ὁδηγίαν
1550 674 1600 709 τῆς
1619 674 1745 706 πίστεως.

1142 765 1217 792 Ἐπεὶ
1232 766 1260 792 δὲ
1277 765 1358 793 αὐτὸν
1367 767 1383 800 ἠ
1397 765 1493 797 Ἑλλὰς
1504 763 1562 800 εἶχε
1575 765 1622 791 καὶ
1635 766 1666 792 τδ
1680 765 1789 796 εὐκλεὲς
1808 765 1888 801 Ἀθηι-

1101 808 1153 835 νῶν
1167 809 1262 844 δνομα,
1276 808 1301 834 τί
1315 809 1355 835 δεῖ
1380 809 1469 843 λέγειν
1488 809 1547 844 μεθ’
1559 810 1625 844 ὅσης
1650 808 1814 844 προσεδέχθη
1835 809 1887 844 τῆς

1102 854 1252 890 θυμηδίας;
1274 855 1419 890 κράτιστος
1432 855 1513 886 εὐθὺς
1528 856 1556 881 ὲν
1570 854 1671 888 λόγοις⁷
1686 854 1842 886 παιδευταῖς
1856 863 1886 880 τε

266 903 364 934 fuerit,
381 902 622 936 pra‘stantissimus
639 903 730 928 statim
742 902 768 927 in
786 901 884 928 litteris
903 906 929 928 et
943 910 958 928 a
983 909 1047 936 prae-

1103 901 1149 927 καὶ
1164 902 1305 937 φοιτηταῖς
1325 901 1383 936 ἅμα
1397 901 1566 936 κρινόμενος.
1589 900 1691 936 Χρόνου
1706 900 1734 926 δὲ
1746 901 1775 927 οὑ
1791 900 1886 927 πολλοῦ

263 948 418 983 ceptoribus
441 952 468 975 et
490 955 505 974 ι
524 947 664 981 discipulis
685 947 842 981 judicatus?
856 947 913 974 Non
938 947 1050 975 multum

265 997 370 1025 tempus
388 990 516 1022 ﬁtixerat,
532 998 591 1017 cum
614 998 728 1025 magnus
749 992 793 1018 ille
809 991 924 1019 Basilius
946 992 1050 1028 Byzan-

265 1038 312 1069 tio,
339 1036 458 1071 ejusdem
487 1037 646 1064 eruditionis
672 1037 769 1071 gratia,
795 1039 916 1066 Athenas
936 1039 1046 1073 appulit.

264 1083 359 1118 Itaque
376 1088 402 1110 et
417 1084 479 1110 vita
502 1083 722 1110 consuetudinem
734 1104 742 1115 ,
759 1088 786 1111 et
807 1085 976 1112 contubernii
1001 1092 1047 1111 ne-

264 1130 454 1158 cessitudinem
469 1129 540 1157 inter
550 1137 579 1157 se
591 1134 792 1157 contraxerunt.
809 1130 845 1157 Ex
864 1136 954 1157 mutua
968 1138 1049 1165 porro

264 1185 357 1204 eorum
387 1176 593 1211 conjunctione,
607 1177 814 1211 animorumque
842 1177 999 1208 concordia,
1016 1184 1049 1204 ne

264 1224 378 1257 exprimi
405 1223 513 1257 quidem
539 1222 663 1250 oratione
690 1222 769 1250 facile
800 1227 899 1258 potest,
918 1227 1048 1257 quantum

263 1267 439 1294 etttolumenti
464 1267 497 1293 ad
515 1271 658 1300 utrumque
680 1267 800 1294 redierit.
829 1266 853 1293 ls
874 1274 989 1301 namque
1003 1266 1049 1301 qui

264 1315 339 1340 solus
353 1318 405 1346 est,
421 1312 544 1348 quamvis
559 1313 657 1339 mentis
672 1313 796 1339 acumine
811 1312 949 1346 quidpiam
970 1311 1049 1339 intel-

264 1359 370 1390 lexerit,
387 1358 436 1386 sibi
463 1363 552 1385 tamen
581 1359 629 1393 ipsi
657 1358 767 1385 minime
792 1358 859 1390 ﬁdit,
879 1366 910 1384 ac
938 1357 1050 1392 proinde

263 1405 427 1432 circumiens
454 1404 570 1439 aliquem
588 1404 695 1438 quaerit,
713 1411 775 1431 cum
802 1411 856 1438 quo
878 1403 1004 1430 fulciatur
1023 1407 1049 1429 et

1105 947 1311 982 παρῳχηκότος,
1332 947 1365 973 ὲκ
1381 946 1428 973 τοῦ
1446 946 1594 978 Βυζαντίου
1610 946 1748 978 Βασίλειος
1764 947 1778 972 ὸ
1799 947 1887 982 μέγας

1111 992 1240 1028 Ἀθήναζε
1256 993 1432 1029 παρεγένετο,
1459 993 1507 1028 τῆς
1536 993 1597 1027 ἴσης
1611 993 1690 1028 χάριν
1707 992 1885 1023 παιδεύσεως,

1104 1039 1223 1065 σύσσιτοι
1241 1047 1270 1064 τε
1287 1038 1353 1073 ὁμοῦ
1369 1039 1416 1064 καὶ
1435 1039 1593 1074 ὁμορρόφιοι
1615 1038 1789 1064 καθίστανται
1804 1038 1885 1072 ἀλλῆ-

1101 1084 1167 1115 λοις.
1191 1084 1223 1110 Ἢ
1239 1084 1264 1118 γ’
1289 1082 1334 1111 οὖν
1352 1084 1514 1119 ἀμφοτέρων
1543 1083 1658 1117 συζυγία
1688 1084 1735 1110 καὶ
1762 1084 1887 1119 συμφυῒα

1102 1130 1162 1156 οὐδὲ
1177 1130 1351 1166 παραστῆσαι
1370 1130 1460 1165 ῥᾴδιον
1481 1130 1542 1156 ὅσον
1571 1130 1700 1164 ἑκάτερον
1721 1129 1833 1165 ὤνησεν.
1858 1131 1887 1157 '0

1104 1176 1153 1212 μὲν
1164 1176 1218 1211 γὰρ
1236 1177 1324 1211 μόνος,
1342 1177 1392 1203 κᾶν
1404 1185 1430 1203 τι
1443 1176 1536 1212 νοήσῃ,
1550 1176 1586 1211 μὴ
1601 1175 1808 1202 καταπιστεύων
1824 1177 1886 1203 ἑαυ-

1102 1222 1150 1257 τῷ,
1169 1222 1343 1258 περιέρχεται
1370 1223 1425 1259 (51)
1456 1222 1545 1259 ζητῶν
1568 1224 1627 1258 μεθ’
1640 1221 1670 1250 οὗ
1687 1223 1883 1259 βεϐαιώσηται·

1102 1269 1139 1294 ὅτ’
1153 1268 1185 1294 ἂν
1193 1268 1221 1294 δὲ
1231 1268 1422 1303 συγκραθῶσιν
1428 1269 1510 1303 ἄμφω
1520 1268 1587 1304 πρὸς
1598 1268 1663 1304 μίαν
1671 1269 1816 1304 ἐπιθυμίαν
1824 1278 1887 1295 παις

1102 1312 1228 1344 δεύσεως,
1249 1313 1371 1349 ἀλλήλων
1385 1314 1590 1340 ἀποδείκνυνται
1606 1315 1756 1350 στήριγμα.
1783 1315 1830 1341 τόν
1855 1323 1885 1341 τε

1103 1358 1262 1392 εὑρίσκοντα
1287 1358 1315 1384 ὲν
1340 1357 1416 1393 μέρει
1440 1358 1495 1393 (52)
1511 1359 1558 1384 καὶ
1583 1359 1629 1385 τὸν
1657 1359 1815 1394 βεϐαιοῦντα
1838 1360 1887 1395 τὴν

1103 1403 1231 1439 ἀλήθειαν
1245 1403 1435 1439 συνειληφότες
1448 1405 1476 1430 ἐν
1491 1404 1606 1436 ἑαυτοῖς.

264 1453 447 1479 conﬁrmetur.
464 1452 499 1478 At
521 1459 580 1478 cum
596 1452 658 1484 duo,
674 1459 726 1478 una
740 1451 822 1478 animi
837 1451 1046 1485 conspiratione,
1066 1451 1098 1476 ad
1138 1459 1219 1484 unam
1261 1451 1421 1478 eruditionis
1442 1451 1616 1485 cupiditatem
1639 1450 1709 1478 velut
1729 1450 1884 1483 coaluerint,

265 1505 357 1528 Inutuo
391 1500 554 1528 adminicqu
591 1501 723 1532 nituntur,
736 1501 804 1528 duas
833 1500 960 1527 nimirum
987 1508 1115 1535 personas
1132 1500 1157 1527 in
1176 1509 1235 1529 sese
1269 1501 1411 1536 complexi,
1439 1507 1534 1534 nempe
1550 1504 1577 1527 et
1594 1497 1651 1533 ejus
1675 1500 1720 1533 qui
1744 1499 1882 1525 veritatem

265 1547 380 1578 invenit,
394 1551 420 1574 et
431 1547 490 1581 ejus
503 1547 548 1580 qui
563 1547 684 1573 eamdem
705 1547 855 1574 conﬁrmat.

300 1587 399 1626 Atque,
416 1597 445 1619 ut
469 1591 552 1619 multa
576 1593 712 1624 incidam,
732 1593 889 1627 praeclarum
915 1593 1048 1627 quoddam

1137 1592 1192 1619 Καὶ
1221 1592 1265 1618 ἴνα
1297 1590 1420 1625 συντέμω
1441 1589 1477 1616 τά
1499 1590 1619 1622 πλείονα,
1649 1589 1755 1624 ζηλωτὴ
1779 1588 1884 1622 γίνεται

264 1639 413 1665 amicorum
435 1645 483 1672 par
499 1637 624 1664 eﬂicitur.
643 1637 710 1664 Nam
723 1643 751 1664 et
771 1645 822 1664 una
838 1638 986 1672 eademque
1000 1638 1051 1665 ﬁde

265 1684 414 1712 collustrati
431 1689 518 1715 erant,
532 1689 559 1710 et
574 1683 631 1718 pari
647 1683 754 1710 virtutis
771 1691 864 1711 amore
887 1683 1049 1719 ﬂagrabant,

265 1730 392 1758 concordi
405 1733 477 1756 motu
495 1733 656 1760 currentes;
671 1733 698 1755 et
715 1728 940 1762 quemadmodum
961 1733 1051 1755 arato-

267 1783 310 1802 res
321 1780 367 1802 aut
387 1774 521 1810 agricolae,
539 1775 596 1808 pari
612 1774 694 1801 animi
708 1774 918 1809 promptitudinc
942 1774 1050 1808 sapien-

265 1822 310 1847 tiae
334 1828 426 1847 arvum
444 1820 648 1853 proscindentes
671 1824 699 1846 et
728 1819 904 1850 seminantes,
924 1818 1051 1853 multipli-

265 1871 377 1898 cemqtte
403 1871 519 1890 messem
548 1863 714 1898 colligentes.
733 1863 902 1891 Fortitudinc
922 1864 1028 1898 quidem
1042 1884 1050 1897 ,

265 1915 293 1936 et
309 1909 334 1936 in
352 1910 472 1936 adversis
493 1911 573 1937 rebus
590 1909 757 1944 perferendis
783 1910 944 1942 constantia,
957 1917 1051 1937 omnes

266 1956 352 1982 ferme
365 1956 482 1989 aequales
501 1962 566 1982 suos
589 1955 736 1982 anteibant.
752 1954 808 1982 lloe
818 1956 888 1982 enim
907 1956 962 1982 fere
974 1955 1051 1989 juve-

266 2007 329 2028 num
350 2001 444 2026 vitium
461 2005 514 2032 est,
534 2005 575 2031 ut.
591 2001 815 2034 quemadmodum
831 2001 937 2035 equulei
953 2002 1050 2036 strepi-

267 2052 311 2073 tus
326 2050 354 2073 et
367 2047 486 2078 umbras,
503 2047 541 2073 sic
557 2046 606 2080 ipsi
628 2054 735 2080 quoque
750 2046 903 2081 ingruentes
924 2048 1051 2075 adversos

265 2098 345 2118 casus
357 2097 428 2125 aegre
443 2098 473 2116 ac
491 2090 603 2118 moleste
617 2090 714 2117 ferant.
736 2090 787 2125 Ipsi
807 2096 900 2117 contra
920 2099 950 2132 ea
967 2092 1052 2123 ﬁrmi-

267 2144 321 2166 tate
337 2144 425 2172 erant,
446 2143 476 2166 ut
492 2145 535 2171 ea,
548 2145 608 2172 quae
626 2142 737 2172 repente
757 2137 915 2172 plerumque
929 2145 962 2165 ac
983 2146 1051 2172 pnn-

268 2191 308 2212 tcr
321 2193 422 2212 morem
454 2184 624 2216 accidebant,
640 2183 794 2217 tranquillis
822 2187 903 2217 atque
929 2183 1051 2210 immotis

266 2230 363 2258 animis
378 2230 536 2264 exciperent
555 2236 563 2256 :
584 2229 651 2256 adeo
662 2233 690 2255 ut
702 2228 783 2254 etiam
800 2233 878 2255 terra:
890 2233 961 2255 motu
977 2228 1051 2255 Cra:-

1102 1637 1216 1672 ξυνωρίς
1226 1637 1294 1672 (55).
1307 1636 1401 1663 Πίστει
1414 1644 1445 1662 τε
1461 1635 1516 1671 γὰρ
1531 1633 1600 1670 ἦσαν
1616 1636 1664 1670 μιᾷ
1675 1634 1885 1669 πεφωτισμένοι.

1102 1684 1148 1710 καὶ
1161 1683 1261 1718 ἀρετῆς
1274 1682 1400 1717 ὁμότιμοι
1417 1682 1541 1717 ἐρασταὶ,
1559 1681 1696 1716 σύνδρομα
1711 1681 1825 1712 θέοντες,
1840 1679 1888 1706 καὶ

1101 1729 1227 1764 καθάπερ
1240 1727 1375 1763 ἀροτῆρες
1389 1727 1405 1762 ἢ
1422 1727 1563 1762 γεηπόνοι,
1590 1727 1721 1753 ἰσοσθενΞῖ
1733 1727 1764 1761 τῇ
1784 1726 1886 1762 προθυ-

1103 1774 1150 1810 μίᾳ
1167 1774 1215 1809 τὴν
1227 1774 1346 1809 ἄρουραν
1366 1773 1417 1807 τῆς
1438 1773 1533 1807 σοφίας
1547 1772 1691 1808 τέμνοντες
1701 1781 1730 1798 τε
1748 1772 1794 1798 καὶ
1809 1772 1886 1797 σπεί-

1101 1828 1203 1856 ροντες,
1215 1820 1262 1846 καὶ
1272 1819 1403 1854 πολύχουν
1416 1818 1557 1854 ἀμώμενοι
1571 1819 1615 1845 τὸν
1630 1818 1744 1853 καρπόν.
1767 1817 1887 1852 Ἀνδρεία

1103 1866 1151 1901 μὲν
1169 1863 1215 1892 οὖν
1232 1865 1279 1891 καὶ
1295 1866 1328 1900 τῇ
1339 1865 1407 1899 πρὸς
1420 1863 1455 1890 τὰ
1470 1864 1544 1890 δεινά
1558 1864 1691 1899 καρτερίᾳ
1706 1862 1803 1899 μικροῦ
1819 1863 1887 1888 τιᾱιν⁴

1100 1919 1154 1938 των
1169 1910 1308 1946 ὁμηλίκων
1326 1909 1382 1945 (54)
1406 1910 1569 1944 ἐκράτησαν.
1586 1908 1659 1934 Φιλεί
1673 1908 1726 1942 γὰρ
1751 1908 1767 1942 ἡ
1781 1907 1885 1941 νεότης,

1101 1957 1195 1992 ὥσπερ
1209 1956 1265 1991 (55)
1282 1957 1307 1982 οἱ
1326 1956 1410 1982 πῶλοι
1432 1955 1486 1981 τῶν
1501 1955 1591 1981 ἵππων
1615 1954 1683 1990 πρὸς
1707 1954 1770 1984 τοὺς
1785 1953 1887 1988 ψόφους

1101 2003 1148 2029 καὶ
1163 2003 1212 2034 τὰς
1228 2002 1318 2034 σκιὰς,
1332 2002 1403 2028 οὕτω
1415 2004 1472 2033 τοῖς
1490 2000 1690 2036 ἐπιγινομένοις
1711 2000 1780 2034 αὑτῇ
1793 1999 1887 2034 δυσχε-

1102 2050 1204 2085 ραίνειν
1231 2050 1278 2076 καὶ
1303 2048 1440 2076 ἀνιᾶσθαι.
1461 2048 1542 2074 Αὐτοὶ
1565 2047 1620 2082 (56)
1648 2046 1803 2073 τούναντίον
1817 2043 1887 2081 ἦσαν

1102 2096 1196 2129 πάγιοι
1224 2095 1272 2122 καὶ
1295 2094 1450 2129 δυσκίνητοι
1476 2093 1545 2128 πρὸς
1570 2092 1604 2119 τὰ
1627 2091 1732 2127 ἀθρόως
1757 2090 1887 2120 πολλάκις

1101 2140 1350 2176 καινοτομούμενα⁶
1368 2140 1405 2171 ὡς
1420 2139 1466 2165 καὶ
1494 2138 1606 2174 σεισμοῦ
1622 2138 1670 2174 τὴν
1689 2137 1801 2164 Ἐλλάδα
1819 2145 1886 2164 κατ-

1102 2186 1244 2220 ειληφότος
1265 2184 1468 2221 μεγαλοψύχους
1490 2185 1588 2215 αὐτοὺς
1621 2183 1696 2218 παρὰ
1717 2184 1799 2210 πᾶσιν
1819 2183 1886 2210 ἀπο-

1101 2231 1253 2266 δειχθῆναι,
1283 2231 1332 2257 καὶ
1362 2230 1416 2257 τῶν
1446 2229 1623 2266 προφητικῶν
1648 2229 1738 2262 ἀξίους
1767 2228 1863 2264 φωνῶν
1877 2237 1884 2244 ’

266 2278 338 2304 ciam
357 2263 513 2310 invadente,
530 2276 615 2303 fortes
633 2275 771 2309 animique
783 2274 965 2309 magnitudine
979 2282 1048 2309 prte-

1103 2263 1158 2303 Azdz'
1168 2263 1256 2304 τοῦτο
1271 2278 1306 2304 οὐ
1339 2263 1569 2311 φοϐηθησόμεθα
1585 2276 1620 2302 ἐν
1635 2274 1676 2307 τῷ
1684 2275 1886 2310 ταράσσεσθαι

266 2325 370 2348 stantes
383 2321 450 2355 apud
469 2327 564 2348 omnes
580 2320 680 2347 inventi
696 2320 761 2350 sint,
778 2320 905 2354 dignique
920 2320 964 2354 qui
986 2327 1048 2354 pro-

1102 2320 1159 2355 τὴν
1174 2321 1242 2356 γῆν.

266 2366 378 2402 pbeticis
404 2367 492 2393 verbis
512 2371 652 2394 uterentur
671 2375 677 2393 :
694 2365 838 2401 Propterea
862 2374 914 2393 non
946 2367 1103 2401 lintebimus,
1115 2369 1177 2394 dum
1193 2368 1342 2394 turbabitur
1353 2372 1422 2394 terra
1430 2368 1464 2393 ⁸³.

300 2445 322 2461 ⁸⁷
337 2444 370 2472 111
383 2445 449 2477 Reg.
469 2453 547 2476 xvtu,
563 2445 607 2472 59.
644 2445 667 2460 ⁸⁸
682 2444 752 2472 Psal.
768 2452 830 2476 xcv,
847 2443 874 2470 5.

304 2511 360 2546 (47)
376 2510 488 2543 Ἐαυτῷ
501 2511 694 2538 restituendum
702 2516 796 2546 putant
809 2511 924 2538 Montac.
937 2515 964 2538 et
974 2510 1050 2538 Cont-

267 2548 320 2574 bet.
336 2547 361 2573 in
377 2546 447 2572 notis
462 2547 528 2572 suis.

301 2582 357 2616 (48)
376 2581 497 2616 Cumbef.
514 2580 576 2612 legit
590 2589 597 2608 :
618 2581 646 2616 ’ρ
659 2581 724 2612 Θεδς
737 2581 854 2613 τοιοῦτός
876 2582 958 2608 ἐστιν.
972 2579 1048 2608 Colb.

267 2619 293 2649 1,
309 2614 383 2644 2.’ϐι
396 2615 442 2642 0r.
460 2625 467 2642 :
487 2616 516 2641 '0
533 2615 599 2648 Θεὸς
615 2614 690 2647 οὗτός
706 2618 763 2642 ἐστι
778 2617 853 2648 Θεὸς.

302 2652 355 2686 (Mt)
370 2651 598 2711 ιἘκτρικυμίας.
627 2652 720 2679 Camb.
743 2652 885 2686 legendum
907 2657 997 2680 censet
1017 2654 1050 2680 ὲκ

302 2695 367 2711 ικυυ.
379 2695 421 2711 ας.

265 2695 421 2717 τρικυμίας.

284 2695 421 2722 ρικυμιας.

301 2721 356 2756 (50)
379 2722 406 2748 In
421 2721 485 2748 edit.
504 2727 531 2748 et
548 2723 574 2749 in
599 2721 677 2748 codd.
701 2720 859 2755 quibusdam
879 2721 1045 2757 πολυσχεδεῖ,

267 2758 314 2783 sed
330 2756 443 2783 Montac.
463 2761 489 2782 et
501 2757 622 2785 Combel‘.
639 2757 733 2782 melius
745 2757 864 2789 judicaut
875 2756 1044 2791 πολυσχιδεῖ·

269 2798 334 2827 nan
346 2793 413 2827 apud
424 2790 619 2827 Ilicodoretltltt
639 2800 645 2827 ς
660 2791 732 2827 ἀπλῆ
748 2791 802 2827 γὰρ
823 2791 945 2826 ἀλήθεια,
961 2790 1047 2819 πολυ-

269 2825 357 2862 σχιδὲς
372 2825 401 2851 τὸ
416 2825 511 2860 ψεῦδος
535 2827 580 2853 καὶ
604 2825 911 2862 πολύτροπον-οἰηιρίεκ
932 2828 1001 2853 enim
1023 2832 1046 2853 et

269 2861 383 2887 candida
402 2861 505 2892 veritus.
523 2861 890 2895 mendaciam'multiﬁdumet
906 2867 1045 2889 versutum.

1103 2512 1168 2539 Cod.
1185 2512 1216 2539 P.
1233 2511 1451 2547 similiterrbabet
1462 2510 1626 2547 πολυσχιδεί,
1642 2514 1670 2537 et
1685 2510 1710 2537 in
1725 2515 1781 2537 not.
1798 2520 1883 2547 marg.

1103 2547 1253 2608 πολυμεῖῆ,
1266 2548 1306 2579 εἰς
1323 2546 1588 2589 πολλάὲοχισμένον.

1138 2583 1193 2608 (511
1232 2582 1360 2608 eaeudnm
1371 2586 1507 2608 exustuuat
1521 2582 1586 2607 (μου)

1138 2579 1193 2615 (51)
1208 2579 1360 2616 Légeudnm
1371 2579 1507 2608 existiiuat
1521 2579 1649 2616 Gombei'._
1662 2579 1849 2614 βεϐαιώσεται.

1139 2614 1194 2652 (52)
1215 2614 1279 2643 Post
1304 2616 1419 2643 Montac.
1447 2617 1519 2652 legit
1536 2614 1656 2652 Gombel'.
1679 2616 1708 2640 ἐν
1736 2616 1825 2651 μέρει,
1848 2618 1886 2644 ita

1103 2650 1162 2678 cod.
1181 2654 1209 2678 l’.
1223 2652 1249 2678 In
1261 2653 1419 2685 quibusdam
1435 2652 1497 2677 edit.
1513 2651 1541 2676 ἐν
1552 2650 1637 2676 deest.

1139 2687 1193 2719 (5'5)
1208 2686 1318 2723 Cotini,
1334 2691 1362 2713 et
1374 2685 1476 2723 cod.»P.
1496 2685 1616 2723 γίνονται
1633 2685 1756 2723 ξυνωρίς.

1136 2723 1191 2757 (51)
1211 2721 1334 2757 [Mirer
1358 2721 1523 2757 dpelditwr,
1546 2721 1620 2748 sicin
1635 2720 1711 2756 editj
1730 2720 1886 2750 atcodd.P.

1101 2756 1185 2785 Colle
1198 2757 1222 2787 1,
1235 2758 1263 2789 2,
1279 2761 1305 2782 et
1319 2756 1364 2783 0r.
1383 2756 1529 2791 ὁμηλίκων.

1137 2792 1191 2827 (55)
1212 2792 1248 2818 lta
1266 2791 1341 2819 Colb.
1360 2791 1383 2816 1.
1403 2792 1428 2817 lu
1443 2791 1507 2818 edit.
1525 2791 1572 2822 ὡς.
1592 2791 1649 2819 Mox
1663 2793 1724 2821 cod.
1738 2792 1767 2819 P.
1785 2793 1810 2819 οί
1825 2799 1886 2819 πολ-

1101 2827 1151 2853 λοί.

1136 2861 1190 2897 (56)
1211 2861 1255 2889 Sic
1265 2861 1339 2889 Colb.
1364 2861 1387 2887 1.
1404 2859 1431 2888 Ιιι
1446 2861 1509 2889 edit.
1528 2867 1627 2893 autem,
1645 2863 1724 2888 Αὐτοὶ
1743 2862 1779 2889 δέ.
