2055 3130
290 159 344 188 255

855 161 934 188 VITA
956 161 983 188 S.
1005 159 1170 188 GREGORII
1191 161 1363 191 THEOLOGI

1857 167 1912 195 236

290 221 361 247 \‘irlu
375 219 399 247 is
419 220 485 247 lines
501 220 688 247 consistentes.
706 220 793 254 Inopia
814 226 903 247 autent
930 221 965 247 ita
983 220 1069 247 excel-

1128 218 1198 246 οὕτω
1219 220 1269 255 τῆς
1292 220 1475 254 Ἀντισθένους
1501 223 1547 248 καὶ
1567 223 1706 257 Διογένους
1730 224 1777 250 καὶ
1799 224 1911 259 Κράτη-

292 265 391 299 i'ebant,
407 270 534 300 tantoque
545 265 744 296 Autistheuetn,
760 270 786 292 et
802 265 958 300 Diogenem,
972 271 996 292 et
1010 265 1075 293 Cra-

291 317 391 342 tetem.
418 311 559 338 intervallo
587 311 790 345 praecedebant,
809 316 838 338 ut
862 319 955 338 eorum
983 311 1076 338 laudes

291 357 478 392 magnificique
492 357 560 384 tituli
578 364 625 391 pro
640 357 721 384 meris
737 358 814 392 nugis
829 358 1006 386 haberentur.
1023 358 1075 385 Ne-

291 411 343 438 que
357 404 427 432 euim
454 403 544 431 minus
558 411 638 437 qutun
654 403 692 430 illi
707 411 772 439 opes
794 404 1006 439 aspernabantur
1023 412 1029 430 :
1048 410 1075 432 et

291 450 500 477 ostentationem
525 450 644 481 interim,
677 450 817 484 inauisque
842 451 933 485 gloria:
957 452 1073 477 studium

291 496 384 530 procul
404 495 563 529 ahlegabaut
581 503 588 521 :
604 503 657 530 quo
678 496 745 522 vitio
771 496 921 523 admirandi
937 496 976 523 illi
993 504 1075 523 canes

292 541 460 572 tenebantur,
476 541 592 576 publicis
617 541 770 576 praeconiis,
786 542 1003 576 reliquorumque
1026 542 1075 569 ho-

290 588 391 615 minum
402 589 612 622 contemptione,
629 588 805 622 philosophiae
821 589 980 622 gravitatem
1000 589 1074 616 labe-

291 633 422 661 l‘actantes
438 638 465 660 et
476 634 639 660 obtcrentes.

326 678 386 706 Jam
400 679 433 706 de
447 679 588 713 prudentia
599 684 626 706 et
637 679 769 712 sapientia
781 680 844 713 quid
856 680 954 707 attinet
967 681 1075 708 dicere?

289 725 356 752 Cum
370 725 459 752 omnis
471 725 537 757 vita,
552 732 605 751 una
621 725 673 751 illis
688 725 826 751 meditatio
849 730 930 757 esset,
954 733 985 753 ac
999 727 1074 761 cupi-

290 771 358 797 ditas
379 774 459 797 noctu
473 770 573 804 diuque
597 770 658 804 ejus
680 770 862 804 adipiscendae
887 771 1021 799 desiderio
1036 773 1074 798 iu-

291 821 373 847 tenta,
383 822 436 842 non
449 822 526 842 secus
537 820 617 849 atque
631 816 726 848 iis,qui
741 816 892 842 thesaurum
903 817 1071 851 effodiunt",

289 865 318 886 ut
335 859 424 887 verbis
440 859 490 886 Job
511 865 581 887 tttar.
605 859 690 887 Probe
702 860 800 887 etenim
817 866 947 888 noverant
971 863 1071 897 egregii

289 905 340 933 viri
364 905 481 932 laborem
508 905 534 931 iu
561 905 734 932 meditatione
761 905 836 939 prius
861 905 1026 941 impensum,
1042 907 1068 934 in

290 950 486 984 perseverantia
508 949 680 983 scientiaque
699 950 822 976 ubertate
843 954 870 977 et
892 951 986 984 copia,
1016 952 1068 977 vim

288 1003 364 1023 suam
377 995 507 1030 proferre.
524 995 562 1022 Ex
574 1003 628 1029 quo
643 995 867 1030 assequebantur,
883 1000 913 1022 ut
925 1003 977 1024 non
991 996 1069 1023 modo

288 1041 406 1076 mquales
424 1048 498 1074 suos,
512 1042 558 1067 sed
580 1046 607 1067 et
622 1040 750 1075 plurimos
774 1045 837 1067 natu
854 1041 969 1076 majores
983 1043 1070 1069 nomi—

288 1088 330 1114 nis
345 1086 488 1120 splendore
502 1090 672 1120 superarent,
693 1090 750 1113 tum
772 1091 882 1121 propter
905 1087 1023 1114 laborem
1042 1092 1069 1114 et

286 1131 446 1160 industriam
472 1137 627 1166 naturaeque
653 1132 811 1164 bonitatem,
835 1136 889 1159 tum
907 1133 988 1160 etiam
1006 1133 1069 1167 quia

288 1178 315 1205 iu
336 1178 509 1206 honestarum
532 1183 636 1205 tantum
655 1177 884 1213 laudabiliumque
903 1187 992 1206 rerum
1009 1185 1068 1206 stu-

287 1225 360 1251 dium
376 1224 577 1252 incumbebant.
597 1224 683 1259 Atque
699 1225 726 1250 in
743 1229 798 1251 tota
811 1225 919 1259 quidem
935 1233 1068 1260 gramma~

287 1271 340 1298 tica
353 1270 419 1297 nihil
430 1270 541 1297 omnino
560 1277 607 1297 eos
623 1270 700 1304 fugit,
715 1278 767 1297 non
781 1276 928 1298 metrorum
945 1272 1068 1304 scientia,

287 1323 341 1343 non
358 1316 455 1350 poetici
473 1316 547 1350 scopi
564 1321 591 1343 et
605 1316 686 1350 tropi,
700 1323 752 1343 non
773 1316 892 1344 historias
913 1317 1000 1352 copia,
1016 1326 1067 1345 non

287 1361 406 1389 forensis
422 1362 550 1389 dictionis
564 1362 677 1395 puritas.
705 1361 732 1388 ln
751 1362 884 1389 rhetorica
899 1369 988 1390 autem
1008 1371 1067 1391 eam

287 1406 418 1433 rationem
432 1406 593 1438 habuerunt,
609 1410 638 1431 ut
658 1405 798 1432 verborum
821 1405 956 1440 elegantia
975 1406 1069 1434 decer-

285 1457 331 1486 pta
357 1455 437 1485 atque
463 1450 587 1483 collecta,
601 1451 747 1478 falsitatem
764 1450 848 1485 ipsius
869 1452 1068 1486 mentiendique

287 1496 426 1524 libidinem
453 1497 582 1524 vitarent.
601 1496 801 1531 Philosophiam
826 1505 917 1531 porro,
932 1503 984 1524 tam
1009 1506 1068 1526 eam

286 1550 346 1577 qua:
361 1543 387 1569 in
405 1543 539 1575 moribus,
553 1550 633 1576 quam
650 1550 711 1576 qua:
734 1543 758 1568 in
777 1543 883 1577 placitis
895 1549 921 1571 et
934 1544 1066 1575 doctrina,

286 1588 450 1623 medicaeque
470 1587 634 1615 iudicatione
656 1593 683 1615 et
707 1589 913 1616 ratiocinatione
933 1595 1068 1624 versatur,

286 1641 339 1661 non
355 1633 460 1661 liberali
486 1638 588 1660 tantum
612 1634 764 1661 eruditione
779 1639 856 1662 tenus
874 1642 1068 1670 perceperunt,

286 1687 319 1707 ne
350 1680 469 1708 indoctis
495 1681 625 1708 duntaxat
651 1681 803 1715 superiores
832 1688 951 1709 essent:
977 1691 1068 1710 verum

285 1726 509 1760 quemadmodum
522 1731 700 1760 praeceptores
710 1726 829 1760 quidam,
840 1728 1069 1761 praestantissimi-

284 1779 338 1806 que
361 1771 496 1798 doctores.
511 1770 570 1798 iam
588 1773 613 1797 in
639 1772 740 1797 musica
765 1771 801 1798 ita
816 1779 845 1799 se
864 1778 1063 1807 compararunt,

285 1822 315 1844 ut
326 1817 455 1852 quidquid
469 1817 495 1844 in
515 1824 548 1844 ea
570 1817 672 1851 antiqui
689 1821 716 1844 et
733 1817 856 1844 concinni
867 1824 908 1845 est
927 1819 1066 1847 addiscen-

286 1868 338 1895 tes,
353 1871 412 1890 eam
435 1863 532 1889 anima:
545 1867 659 1896 partem,
675 1862 700 1888 in
712 1870 764 1896 qua
789 1863 891 1890 irarum
909 1866 1015 1892 exsistit
1028 1873 1067 1892 ar-

286 1909 335 1935 dor
351 1907 513 1943 eli‘reuisque
531 1908 658 1942 impetus,
675 1908 826 1935 emollirent
844 1916 852 1935 ι
869 1910 999 1944 quidquid
1017 1919 1066 1937 au-

287 1959 340 1980 tem
357 1953 390 1980 ad
405 1953 567 1988 voluptatem
582 1952 704 1986 impellit,
723 1953 756 1978 ad
784 1953 887 1980 theatra
910 1954 1068 1990 relegarent.

286 1999 441 2032 Quinetiam
457 2006 630 2026 numerortnn
647 1999 860 2032 supputationes,
873 2005 899 2026 et
917 2004 1070 2035 geometria-

286 2045 452 2078 a-quitateln,
470 2045 641 2079 siderumque
656 2043 738 2070 situm
754 2052 786 2071 ac
801 2049 911 2077 motum,
924 2046 995 2074 velut.
1007 2049 1068 2075 novi

287 2089 395 2126 Moyses
411 2094 436 2116 et
464 2089 566 2122 Daniel,
583 2089 668 2116 edocti
695 2093 757 2116 sunt
773 2097 780 2116 :
797 2089 833 2116 ita
858 2094 947 2118 tamen
970 2096 998 2119 ut
1015 2101 1068 2121 non

287 2132 394 2163 tam'ab
409 2134 460 2162 illis
475 2135 648 2166 ducerentur,
661 2142 753 2169 quam,
771 2135 842 2169 quod
863 2136 900 2162 ait
917 2137 1067 2172 Scriptura,

286 2181 444 2208 intellectam
460 2188 560 2207 omnem
579 2180 607 2207 in
630 2179 804 2214 captivitatem
821 2181 965 2216 redigerent
980 2184 1008 2211 in
1020 2185 1066 2211 ob-

320 2243 343 2259 ἰ
358 2242 410 2270 Job
428 2249 458 2269 ιιι
469 2261 476 2274 ,
492 2241 538 2268 21.

323 2301 428 2328 Delium
443 2299 570 2330 versatile,
585 2303 717 2326 uentorum
727 2299 750 2326 vi
761 2302 904 2332 expositum
916 2309 925 2332 ;

322 2336 396 2367 Quod
408 2336 510 2369 quidem
530 2335 552 2360 ei
564 2334 683 2361 dantibus
697 2342 764 2360 auro
777 2336 849 2361 tectis
862 2341 916 2362 erat

323 2370 475 2396 Pretioaius.

321 2405 412 2431 Crates
423 2405 552 2435 similiter,
564 2411 621 2430 cum
629 2404 726 2430 divitiis
739 2403 859 2430 altiorem

322 2440 357 2467 Se
376 2440 513 2474 prwberet,
530 2447 561 2465 ac
582 2447 642 2473 apes
657 2446 720 2465 suas
742 2440 829 2473 pecori
845 2442 990 2474 pascendos
1004 2442 1067 2468 reli-

945 2477 1022 2504 uiuet

323 2507 357 2536 Ut
374 2509 496 2544 nequitia:
510 2508 681 2536 administrat
696 2516 727 2534 ac
738 2516 895 2542 corporum,-
912 2475 1033 2511 [quum'

321 2545 403 2571 Aram
415 2544 566 2575 ascendens,
581 2551 675 2577 magna
689 2545 818 2575 pracom‘o

324 2579 443 2614 Seipsum
472 2583 500 2604 ut
517 2580 544 2605 in
560 2579 645 2614 inedia
661 2577 782 2613 Olympia
796 2580 963 2614 renuntiavit,

323 2613 445 2641 Mirabile
455 2614 522 2640 illud
542 2613 640 2639 dictum
652 2613 819 2647 proclamans
835 2623 844 2641 .'

321 2649 414 2676 Crates
429 2648 558 2675 Cratetem
575 2647 713 2674 Tltebrtum
729 2649 850 2676 libertate
864 2651 965 2683 donat;

322 2683 478 2712 Servitutem
494 2692 549 2711 esse
562 2683 657 2709 ducens
668 2691 783 2711 amorem
796 2686 925 2717 pecunia.

321 2729 356 2756 At
367 2730 427 2764 quis
439 2730 552 2757 virtutes
563 2730 782 2764 philosophorum
797 2730 903 2757 illorum
919 2739 998 2759 veras
1009 2739 1070 2759 esse

287 2765 401 2792 virtutes
412 2774 419 2797 ;
430 2765 490 2800 quis
501 2765 560 2793 illos
573 2773 628 2792 rem
644 2766 740 2792 bonam
754 2766 822 2800 bene
833 2769 942 2793 secutos
951 2767 1069 2793 dixerit?

289 2799 346 2827 Non
358 2805 431 2827 certe
442 2800 588 2835 Gregorius
606 2800 650 2835 qui
668 2800 747 2835 paulo
761 2799 830 2827 infra
846 2801 886 2828 sic
900 2801 1034 2836 loquitur:

325 2845 445 2881 Πρῶτον
457 2846 516 2880 μὲν
543 2847 579 2873 οῠ
608 2846 708 2879 καλῶς
731 2845 764 2872 τὸ
781 2846 876 2873 καλὸν
887 2847 1055 2881 μετῄεσαν·

325 2880 434 2908 Πλεῖον
448 2881 502 2915 γὰρ
517 2882 556 2916 ἦν
568 2881 696 2914 ἔνδειξις
716 2882 730 2915 ἢ
749 2881 844 2908 at".th
861 2883 961 2914 πὸίὶίς.

1126 273 1172 296 τος
1188 266 1243 301 (64)
1256 267 1343 302 ὑπερή
1350 267 1461 303 ρθησαν,
1479 268 1516 300 ὡς
1527 269 1634 295 παιδιὰν
1647 269 1784 304 ἀποφῆναι
1799 271 1833 297 τὰ
1843 270 1913 297 ὲκεί-

1126 320 1178 338 νων
1195 312 1430 348 σεμνολογήματα.
1444 312 1534 341 Ἦσαν
1549 314 1604 349 γὰρ
1628 314 1717 347 ὲξίσου
1736 315 1785 350 μὲν
1797 316 1911 348 ἐκείνοις

1125 358 1271 392 κτημάτων
1285 359 1527 394 ὑπερφρονοῦντες,
1546 359 1703 392 ἀλαζονείαν
1722 361 1751 387 δὲ
1773 362 1820 387 καὶ
1835 370 1913 389 κενο-

1124 401 1214 434 δοξίαν
1241 402 1296 438 (65)
1325 404 1532 440 ἀποσειόμενοι·
1554 403 1598 437 αἷς
1625 406 1682 441 (66)
1704 407 1729 434 οἱ
1759 407 1911 442 θαυμαστοὶ

1125 447 1205 480 κύνες
1219 449 1353 481 ἑάλωσαν,
1364 450 1503 486 δημοσίοις
1519 451 1677 487 κηρύγμασι
1685 453 1733 479 καὶ
1746 453 1800 479 τῶν
1809 453 1911 480 λοιπῶν

1124 494 1276 529 ἀνθρώπων
1291 495 1426 532 ὑπεροψίᾳ
1436 496 1467 523 τὸ
1483 497 1531 532 τῆς
1543 497 1700 533 φιλοσοφίας
1714 498 1810 534 σεμνὸν
1824 499 1911 536 λυμη-

1125 539 1234 574 νάμενοι
1249 541 1316 576 (67).

1160 677 1320 712 Φρονήσεως
1345 677 1373 704 δὲ
1388 677 1483 704 ἕνεκεν
1495 677 1521 704 τί
1536 678 1589 714 χρὴ
1605 679 1652 705 καὶ
1674 679 1780 713 λέγειν;
1803 677 1844 712 οἷς
1858 679 1910 715 μία

1125 724 1223 758 μελέτη
1241 723 1314 755 ἅπας
1339 725 1354 750 ὁ
1374 724 1431 759 βίος
1446 724 1514 760 (68),
1539 725 1586 752 καὶ
1600 725 1692 760 ἔφεσις
1713 726 1830 761 ἀληκτος
1843 727 1910 762 περὶ

1123 769 1174 804 τὴν
1190 769 1275 804 αὐτῆς
1287 769 1383 804 κτῆσιν
1400 770 1509 797 ὲτέτατο
1522 770 1569 796 καὶ
1580 770 1687 806 νύκτωρ
1703 772 1751 798 καὶ
1765 771 1824 798 καθ’
1840 772 1908 807 ἡμέ-

1125 822 1185 849 ραν.
1210 813 1312 848 ὥσπερ
1336 816 1490 850 θησαυρὸν
1509 816 1718 850 ἀνορύττουσι,
1733 817 1805 844 καθά
1826 825 1907 852 φησιν

1129 859 1189 886 Ἰὼϐ
1205 860 1219 886 ὁ
1236 860 1380 896 μακάριος.
1394 859 1431 888 Εὖ
1447 861 1501 897 γὰρ
1515 861 1624 897 ᾔδεισαν
1640 864 1663 889 οἱ
1676 863 1809 897 γεννάδαι,
1829 864 1870 890 ὅτι
1892 864 1907 890 6

1123 906 1152 931 ἐν
1164 906 1197 940 τῇ
1214 905 1312 942 μελέτῃ
1323 906 1524 941 προδανεισθεὶς
1539 907 1617 938 πόνος
1631 907 1660 933 ὲν
1678 909 1711 943 τῇ
1735 908 1846 943 διαμονῇ
1860 909 1907 935 καὶ

1122 950 1161 985 τῷ
1174 950 1269 985 πλήθει
1283 951 1333 985 τῆς
1343 950 1469 984 γνώσεως
1484 952 1533 987 τὴν
1555 952 1631 987 ἰσχὺν
1643 952 1814 979 ἀποδίδωσιν.
1829 953 1907 980 Οῢτω

1124 995 1173 1031 μὲν
1197 994 1243 1022 οὖν
1268 996 1387 1031 ὑπῆρξεν
1409 997 1501 1029 αὐτοῖς
1523 997 1577 1024 τῶν
1595 1007 1625 1025 τε
1646 999 1707 1026 καθ’
1728 1000 1840 1031 ἑαυτοὺς
1858 1000 1907 1027 καὶ

1122 1041 1255 1069 πλείστων
1271 1038 1456 1078 ἀρχαιοτέρων
1471 1043 1680 1080 εὐκλεεστέρους
1694 1045 1820 1079 γενέσθαι
1832 1045 1907 1081 πόνῳ

1121 1095 1152 1113 τε
1171 1087 1218 1113 καὶ
1232 1087 1363 1123 εὐκληρίᾳ
1381 1087 1498 1122 φύσεως,
1514 1089 1562 1116 καὶ
1575 1089 1613 1124 τῷ
1631 1090 1696 1125 περ).
1708 1090 1742 1117 τὰ
1753 1091 1823 1117 καλὰ
1839 1091 1906 1126 μόνα

1122 1131 1325 1159 ἐσπουδακέναι.
1343 1133 1541 1168 Γραμματικῆς
1552 1133 1600 1168 μὲν
1613 1131 1659 1160 οὖν
1668 1134 1758 1166 αὐτοῖς
1773 1134 1906 1161 οὺδοτιοῦν

1122 1179 1235 1213 παρεῖτο
1260 1177 1351 1210 λαθὸν,
1375 1179 1405 1204 οὐ
1426 1178 1531 1214 μέτρων
1551 1180 1699 1216 ἐπιστήμη,
1717 1180 1746 1207 οὐ
1771 1181 1906 1215 ποιητικοὶ

1123 1224 1218 1250 σκοποὶ
1239 1224 1283 1250 καὶ
1297 1224 1402 1260 τρόποι,
1422 1225 1470 1260 οὐχ
1489 1225 1607 1260 ἱστορίας
1623 1225 1733 1260 πλῆθος,
1747 1227 1777 1253 οὺ
1804 1226 1906 1253 πολιτι-

1122 1268 1174 1302 κῆς
1192 1268 1290 1301 λέξεως
1305 1268 1472 1305 καθαρότης-
1494 1270 1643 1305 ῥητορικῆς
1659 1271 1687 1297 δὲ
1710 1270 1740 1298 τὸ
1763 1271 1813 1306 τῆς
1834 1272 1902 1307 φρά-

1123 1322 1191 1345 σεως
1205 1313 1302 1345 κάλλος
1314 1313 1546 1348 ἀπανοησάμενοι,
1564 1314 1594 1340 τὸ
1618 1314 1714 1349 ψεῦδος
1741 1314 1879 1348 ἐξέκλιναν
1899 1323 1905 1329 '

1123 1359 1279 1394 φιλοσοφίας
1294 1359 1322 1385 δὲ
1339 1358 1449 1394 ἠθικῆς,
1463 1359 1510 1385 καὶ
1525 1360 1573 1395 ὅση
1589 1360 1617 1386 ὲν
1631 1360 1747 1395 δόγμασι
1760 1360 1806 1386 καὶ
1822 1361 1907 1395 ίατρι-

1122 1405 1173 1440 κῆς
1187 1403 1309 1437 ἔνδειξιν,
1331 1404 1377 1430 καὶ
1392 1404 1592 1440 ἀναλογισμῶν,
1606 1405 1636 1431 οὑ
1654 1405 1751 1441 μέχρις
1764 1405 1905 1441 ἐλευθέρου

1123 1449 1253 1486 μετέσχον
1271 1450 1446 1483 παιδεύσεως,
1470 1451 1508 1482 ὡς
1523 1450 1555 1477 ἂν
1584 1450 1621 1486 μὴ
1647 1451 1757 1478 ἰδιωτῶν
1780 1451 1858 1487 μόνον
1875 1450 1906 1477 τὸ

1123 1494 1203 1521 πλέον
1216 1494 1311 1530 ἔχοιεν,
1328 1494 1395 1521 ἀλλὰ
1409 1494 1534 1530 καθάπερ
1547 1495 1617 1527 τινὲς
1632 1495 1774 1522 παιδευταί
1796 1495 1842 1522 καὶ
1867 1495 1905 1521 δι-

1121 1541 1250 1568 δάσκαλοι
1268 1541 1374 1576 ἄριστοι
1389 1541 1454 1576 (69).
1468 1542 1523 1576 Τῆς
1537 1541 1559 1567 δ’
1574 1539 1607 1568 αὖ
1629 1542 1761 1576 μουσικῆς
1773 1542 1833 1568 ὅσον
1857 1541 1906 1576 μὲν

1121 1588 1234 1622 ἀρχαῖον
1250 1587 1296 1613 καὶ
1317 1587 1476 1622 ἐναρμόνιον
1500 1586 1676 1622 ἐκμαθόντες,
1702 1587 1732 1614 τὸ
1749 1587 1798 1622 τῆς
1818 1587 1906 1622 ψυχῆς

1121 1632 1261 1668 θυμοειδές
1286 1640 1315 1658 τε
1340 1632 1388 1658 καὶ
1409 1631 1589 1658 δυσκάθεκτον
1615 1631 1812 1667 ἐξεμάλαςσον·
1833 1633 1862 1658 τὸ
1882 1631 1905 1658 δ’

1120 1679 1181 1705 ὅσον
1199 1678 1266 1713 πρὸς
1284 1678 1382 1713 ἡδονὴν
1405 1678 1482 1714 φέρει
1496 1680 1556 1710 ταῖς
1575 1679 1687 1713 σκηναῖς
1700 1678 1903 1713 ἀπεπέμψαντο.

1127 1723 1264 1759 Ἀριθμῶν
1288 1723 1317 1749 δὲ
1341 1723 1496 1759 λογισμοὺς,
1515 1724 1562 1750 κα).
1586 1724 1757 1760 γεωμετρίας
1784 1724 1903 1758 ίσότητα,

1121 1770 1167 1796 καὶ
1178 1769 1285 1804 ἄστρων
1300 1769 1372 1795 θέσιν
1387 1769 1433 1795 καὶ
1446 1769 1562 1804 κίνησιν,
1581 1768 1704 1804 καθάπερ
1717 1768 1771 1795 νέοι
1786 1767 1905 1803 Μωῦσῆς

1119 1823 1148 1841 τε
1161 1815 1208 1841 καὶ
1218 1814 1325 1850 Δανιὴλ,
1339 1813 1542 1841 ὲκπαιδεύονται
1552 1835 1559 1847 ,
1575 1815 1605 1840 οὐ
1621 1814 1688 1849 πρὸς
1704 1814 1815 1840 ἐκείνων
1839 1813 1905 1848 μᾶλ-

1120 1861 1164 1887 λον
1178 1861 1314 1896 ἀγόμενοι,
1325 1859 1647 1894 ἀλλ“ιιὶγμαλωτίζοντες
1659 1860 1729 1887 κατὰ
1741 1860 1771 1886 τὸ
1784 1868 1905 1895 γεγραμ-

1123 1905 1202 1941 μένον
1217 1904 1278 1932 πᾶν
1290 1907 1387 1940 νόημα
1397 1907 1440 1938 εὶς
1454 1905 1512 1939 τὴν
1533 1905 1672 1939 ὑπακοὴν
1685 1905 1737 1932 τοῦ
1753 1904 1881 1939 Χριστοῦ
1895 1914 1903 1920 ·

1123 1953 1220 1984 κάλλος
1242 1960 1272 1978 τε
1297 1952 1344 1978 καὶ
1359 1951 1463 1986 σκέπην
1487 1951 1537 1986 τῆς
1559 1950 1669 1986 πρώτης
1693 1951 1787 1985 σοφίας
1803 1951 1905 1986 ταύτην

1123 1999 1268 2034 τιθέμενοι.
1281 1997 1337 2024 Καὶ
1351 1997 1394 2023 διὰ
1409 1997 1526 2027 πάντων,
1539 1996 1576 2028 ὡς
1588 1996 1650 2028 ἔπος
1660 1997 1756 2028 εἰπεῖν,
1767 1996 1904 2029 ὲϐάδισαν,

1123 2045 1267 2081 βελτιόνων
1284 2052 1314 2070 τε
1329 2043 1376 2070 καὶ
1390 2043 1534 2079 χειρόνων·
1551 2043 1620 2069 ὣστε
1633 2042 1668 2069 τὰ
1691 2042 1739 2077 μὲν
1759 2043 1830 2078 ἔχειν
1852 2052 1905 2077 φυ-

1122 2095 1190 2128 γεῖν,
1205 2093 1240 2119 τὰ
1255 2092 1284 2118 δὲ
1301 2092 1408 2118 ἑλέσθαι
1424 2091 1492 2126 μετὰ
1510 2091 1653 2123 συνέσεως.
1670 2089 1788 2116 Ἐπαινῶ
1798 2090 1852 2126 γὰρ
1859 2090 1905 2117 τὸν

1121 2139 1241 2169 εἰπόντα,
1252 2137 1302 2164 κᾶν
1314 2136 1430 2172 θύραθεν
1443 2137 1541 2171 ἕστηκε
1568 2137 1618 2171 τῆς
1640 2136 1777 2171 ἡμετέρας
1799 2136 1882 2172 αὐλῆς
1896 2145 1902 2152 ·

1122 2186 1158 2212 Οὺ
1170 2185 1224 2220 «μὰρ
1239 2184 1270 2210 τό
1280 2191 1312 2217 γε
1331 2183 1386 2218 (70)
1400 2182 1500 2217 γνῶναί
1516 2191 1542 2209 τι
1556 2182 1609 2209 τῶν
1636 2182 1672 2217 μὴ
1686 2181 1775 2208 καλῶν
1789 2181 1884 2218 ἄτιμον
1895 2189 1903 2197 ·

1082 2304 1107 2333 Ι)
1157 2301 1248 2328 Primo
1263 2301 1366 2336 quidem
1380 2309 1431 2327 non
1446 2306 1512 2327 recte
1527 2305 1624 2327 rectum
1641 2301 1721 2328 ututi
1738 2306 1816 2330 sunt:

1157 2336 1243 2371 Magis
1257 2337 1325 2363 enim
1337 2340 1393 2362 erat
1409 2337 1556 2367 ostentatio,
1570 2344 1648 2370 quant
1661 2336 1778 2362 studium
1791 2336 1902 2364 virtutis.

1157 2398 1214 2433 (θιι
1229 2398 1280 2424 Pro
1295 2397 1447 2433 Κράτητος,
1464 2396 1523 2433 cod.
1536 2396 1567 2424 P.
1587 2397 1667 2424 habet
1682 2396 1850 2431 Σωκράτους.

1160 2431 1216 2465 (65)
1235 2433 1300 2459 Cod.
1319 2431 1347 2458 P.
1361 2431 1535 2464 καινώοξίιιν.

1161 2464 1217 2500 (66)
1235 2468 1270 2493 Ita
1285 2467 1361 2495 Cnlb.
1375 2466 1402 2492 ‘2.
1419 2466 1447 2492 lu
1461 2468 1524 2493 edit.
1540 2464 1590 2498 οἷς.

1159 2503 1214 2539 (67)
1227 2502 1292 2530 Cod.
1311 2501 1341 2529 P.
1365 2501 1553 2537 λοιμευόμενοι
1568 2522 1575 2534 ,
1612 2501 1764 2536 contagione
1787 2501 1904 2534 inﬁcien-

1121 2545 1169 2567 ((8.

1161 2572 1217 2607 (68)
1236 2569 1286 2604 Οἷς
1310 2571 1375 2606 μία,
1402 2570 1577 2607 θιεηΒὶΗίιιε
1594 2570 1632 2598 sic
1647 2571 1821 2607 reddiderat:
1839 2570 1903 2607 Cum

1125 2609 1176 2642 ipsi
1193 2611 1247 2633 toto
1269 2607 1327 2633 vita:
1340 2606 1425 2640 spatio
1444 2606 1509 2632 nihil
1530 2606 1604 2642 aliud
1618 2606 1736 2642 meditati
1748 2606 1810 2636 sint,
1830 2606 1904 2636 cupi-

1123 2640 1283 2676 ditatemque
1294 2649 1394 2676 omnem
1402 2649 1477 2676 suam
1488 2641 1515 2667 in
1528 2641 1585 2675 ejus
1593 2640 1729 2674 adeptione
1740 2646 1814 2667 noctu
1828 2646 1904 2675 atque

1122 2675 1243 2705 interdiu
1256 2675 1369 2709 deﬁxam
1390 2675 1537 2703 habuerint.

1159 2711 1215 2747 (69)
1229 2711 1311 2747 Cptld.
1323 2710 1375 2747 ρι’.
1392 2715 1419 2747 et
1431 2710 1524 2747 P.3d.
1539 2709 1742 2747 διδασκάλων-οε
1757 2709 1871 2747 ἄριστοι.

1161 2743 1218 2781 (70)
1235 2745 1300 2773 Cod.
1318 2745 1364 2772 0r.
1379 2745 1449 2772 τότε.
1465 2745 1510 2772 Sic
1528 2750 1645 2771 verterat
1662 2744 1756 2781 Dillius
1769 2743 1782 2770 ί
1796 2743 1905 2770 Minime

1124 2787 1198 2815 turpe
1210 2779 1291 2815 atque
1311 2780 1512 2816 ignominiosum
1536 2788 1600 2812 esse,
1616 2779 1716 2816 aliquid
1741 2786 1905 2816 eo_rum_qua:

1122 2812 1210 2843 minus
1224 2812 1332 2842 honesta
1354 2820 1424 2848 sunt,
1438 2816 1567 2849 cognituri:
1581 2812 1683 2841 habere.
1701 2814 1808 2841 Brevior
1823 2812 1904 2841 Cotu-

1125 2851 1210 2879 hclisii
1225 2851 1421 2883 interpretatio,
1436 2857 1517 2884 quam
1533 2849 1728 2884 adoptaviutus.
