2055 3130
135 191 186 218 257
647 189 811 218 AUCTORE
830 189 1007 218 GREGOlilO
1026 189 1265 218 PRESBYTERO.
1708 191 1761 220 258

203 252 275 277 ἴασιν
286 250 317 283 ἐξ
329 250 410 277 αὐτοῦ
426 249 624 285 συμϐαίνεσθαι
640 250 696 285 (7i)
711 252 768 282 τοῖς
784 251 821 287 μὴ
834 251 924 286 φθόνῳ

975 251 1092 286 sequium
1110 251 1263 284 Christi";
1277 256 1358 285 atque
1381 251 1450 278 hanc
1472 251 1608 286 primariae
1622 251 1763 286 sapientia

134 295 169 322 τὰ
180 296 327 332 λεγόμενα,
341 296 398 323 ἀλλ’
411 295 502 332 εὐνοίᾳ
516 295 683 331 δεχομένοις.

975 295 1203 331 pulchritudinem
1220 301 1457 330 tegumentumque
1471 301 1632 323 statuerent.
1652 296 1690 323 Ac
1713 303 1764 330 per

133 345 238 377 omnia,
253 351 283 371 ut
297 345 333 371 ita
350 345 462 378 loquar,
483 349 538 371 tam
564 343 676 370 meliora
692 351 773 379 quam
787 344 936 376 deteriora,
955 344 1070 379 grassati
1083 349 1157 376 sunt,
1182 348 1213 371 ut
1227 352 1287 371 cum
1301 343 1403 376 judicio
1422 350 1453 370 ea
1474 343 1570 377 partim
1587 343 1688 378 fugere,
1701 350 1764 377 par-

135 391 183 418 tim
199 390 350 425 amplexari
365 394 486 424 possent.
502 389 567 416 Mihi
579 389 652 416 enim
674 397 839 425 magnopere
863 389 1004 425 probatur,
1022 389 1093 424 quod
1122 389 1242 424 quidam,
1269 388 1358 416 liceta
1375 393 1468 416 nostra
1499 388 1576 415 caula
1601 393 1761 421 extraneus,

135 437 205 464 dixit
223 446 230 463 :
247 437 322 464 llaud
342 437 413 464 enim
446 441 523 471 turpe
538 444 568 463 ea
597 443 678 464 nosse
701 445 763 471 quae
797 437 886 464 minus
910 437 1022 464 honesta
1041 441 1103 464 sunt
1119 445 1126 463 :
1143 436 1208 471 quin
1234 437 1323 470 potius
1354 435 1522 463 curationem
1557 442 1590 461 ex
1610 441 1642 462 eo
1657 434 1764 462 contin-

135 490 209 518 gere,
228 482 262 510 iis
274 483 367 516 utique
385 482 431 517 qui
445 489 497 509 non
519 481 622 514 invido,
634 482 681 509 sed
702 483 817 510 candido
829 490 861 509 ac
873 482 1002 510 benevolo
1018 483 1109 509 animo
1123 490 1155 510 ea
1173 489 1232 516 qua;
1247 482 1384 514 dicuntur,
1404 482 1550 514 accipiunt.
1562 488 1570 496 ·

175 530 256 557 Ἀλλὰ
270 530 297 557 τί
322 530 432 562 ἔπαθον,
449 527 471 557 ὧ
486 530 574 564 φίλοις
599 530 707 563 Μεταξὺ
721 530 774 566 γὰρ
791 530 893 567 προῖὼν
909 531 923 557 ὸ

134 577 222 611 λόγος,
236 577 412 612 συναρπάσας
432 576 478 603 τὸν
495 575 617 610 λέγοντα,
633 577 758 613 καθάπερ
784 577 866 609 ἵππος
878 577 923 603 τὸν

134 623 277 658 ἐπιϐάτην,
303 623 342 654 εἰς
364 623 428 654 τοὺς
457 622 583 653 ἐπαίνους
611 622 762 657 κατέστησε
782 622 923 650 Βασιλείου

135 668 181 696 τοῦ
200 668 345 704 μακαρίου.
362 667 468 704 Μικρὸν
479 665 525 694 οὖν
540 667 670 703 ἐπισχὼν,
684 665 740 694 οἷόν
754 676 808 695 τισι
824 669 925 705 ῥυτῆρ-

136 723 177 741 σιν
187 714 244 750 (72)
256 714 405 741 ἀναστείλω
420 714 464 740 τὸν
479 713 566 748 λόγον,
577 715 624 741 καὶ
636 715 685 749 τὴν
699 714 802 750 τόλμαν
823 715 922 750 ὲφέξω,

136 760 173 796 μὴ
190 761 282 795 πρόσω
297 759 437 796 φέρεσθαι.
457 761 487 787 0i
500 760 553 795 γὰρ
565 761 618 786 τῶν
631 760 700 796 ὑπὲρ
719 760 834 795 δύναμιν
849 760 923 795 ἐφιε-

137 814 212 841 μενοι
228 806 275 832 καὶ
288 806 343 832 τῶν
365 806 482 841 μετρίων
499 806 743 841 ἀποτυγχάνουσιν.
768 805 848 832 Ἀλλὰ
872 806 924 832 Βα-

137 852 234 883 σίλειος
261 852 309 886 μὲν
337 851 392 887 (75)
404 852 453 887 τὴν
467 851 551 887 καλὴν
574 851 766 886 πραγματείαν
788 852 923 887 ἐμπορευ-

1012 531 1064 558 Sed
1091 531 1154 565 quid
1182 530 1248 558 mibi
1272 530 1386 561 accidit,
1407 537 1423 556 ο
1439 525 1518 556 amici
1535 529 1546 555 2
1562 528 1666 555 Interea
1689 528 1761 555 enim

976 577 1153 611 progrediens
1176 576 1274 609 oratio,
1290 575 1362 603 velut
1383 583 1469 609 equus
1494 581 1627 602 sessorem
1638 592 1645 605 ,
1661 573 1701 600 sic
1719 580 1762 600 me

976 624 1033 651 haec
1044 624 1178 651 dicentem
1194 622 1327 658 abripuit,
1341 626 1422 656 atque
1438 622 1464 648 in
1478 620 1549 648 beati
1568 619 1658 647 Basilii
1672 619 1761 646 laudi-

977 669 1026 696 bus
1036 668 1189 696 collocavit.
1205 667 1302 695 Parum
1319 667 1400 703 igitur
1411 667 1548 698 insistens,
1563 666 1636 693 velut
1649 665 1762 701 quibus-

977 715 1038 742 dam
1054 714 1166 742 habenis
1182 706 1333 741 orationem
1352 712 1508 747 reprimam,
1526 712 1762 745 temeritatemque

976 769 1158 796 compescant,
1180 767 1214 788 ne
1238 759 1350 787 ulterius
1378 766 1497 794 praeceps
1521 758 1635 786 feratur.
1657 758 1761 785 Etenim

976 808 1022 842 qui
1050 807 1151 834 viribus
1184 805 1285 840 majora
1320 805 1511 838 COIIClelSCllnl
1527 824 1535 837 ,
1553 811 1587 830 ne
1613 803 1760 830 mediocria

977 853 1085 888 quidem
1099 857 1291 887 assequuntur.
1308 850 1380 883 Ergo
1398 849 1512 876 Boisilius
1534 849 1664 884 praeclare
1678 856 1760 883 nego-

135 898 262 932 σάμιενος,
277 897 367 924 οἶκαδε
388 897 472 924 ἴκετο’
488 897 638 933 Γρηγόριος
647 897 676 923 δὲ
693 896 778 933 ἀπρὶξ
789 897 844 933 (74)
860 905 924 923 κατ-

978 900 1070 931 tiatus,
1090 898 1198 925 domum
1222 905 1251 925 se
1272 897 1373 931 recepit
1390 904 1396 922 ί
1410 896 1557 931 Gregorius
1571 901 1659 922 autem
1673 902 1688 921 a
1704 899 1762 921 stu-

134 943 222 978 είχετο
243 945 298 975 τοῖς
326 943 475 978 Ἀθηναίων
498 944 647 978 φοιτηταῖς,
672 944 739 978 μήτε
755 943 803 978 τὴν
836 943 924 976 ἔξοδον

134 990 209 1024 αὐτῷ
220 989 400 1024 συγχωροῦσι,
412 989 459 1016 καὶ
469 989 605 1016 παιδεύειν
620 989 718 1020 αὐτοὺς
734 988 922 1024 ὲκλιπαροῦσι,

134 1035 179 1061 τόν
193 1043 223 1061 τε
239 1035 393 1068 σοφιστικὸν
409 1035 504 1070 θρόνον
530 1035 720 1070 παρακαλοῦσι
735 1034 870 1070 δέχεσθαι.
895 1034 924 1061 '0

133 1081 163 1108 δὲ
179 1080 247 1116 πρὸς
263 1081 311 1115 μὲν
323 1080 423 1114 ὀλίγον,
436 1080 485 1116 τὴν
504 1080 572 1115 πρὸς
589 1080 686 1112 αὐτοὺς
702 1079 783 1114 χάριν
797 1079 925 1113 ἀφοσιούα

137 1134 217 1161 μενος
229 1125 296 1160 (75),
312 1126 402 1161 ἔμεινε
412 1134 418 1140 ·
436 1126 532 1161 μικρὸν
548 1125 576 1152 δὲ
588 1125 711 1160 ὕστερον,
725 1125 848 1156 ἅπαντας
862 1125 924 1156 τοὺς

136 1172 224 1198 ἐκεῖσε
238 1171 330 1205 φίλους
345 1171 532 1207 ἀντιϐολήσας,
549 1172 597 1198 καὶ
607 1172 713 1202 πείσας,
733 1171 770 1202 ὼς
784 1170 924 1204 ἀναγκαία

135 1216 178 1251 εἴη
200 1215 274 1252 αὐτῷ
290 1217 306 1251 ή
328 1216 396 1251 πρὸς
410 1217 473 1248 τοὺς
487 1217 616 1248 τεκόντας
644 1217 746 1250 ἄφιξις,
763 1216 924 1251 τριακοστὸν

135 1262 186 1298 ἢδη
199 1261 345 1298 πληρώσας
362 1262 420 1294 ἔτος
434 1264 462 1289 ἐν
481 1264 538 1294 τοῖς
551 1262 720 1298 μαθήμασιν,
735 1261 806 1288 οὕτω
817 1262 851 1297 τῇ
874 1270 924 1288 πα-

135 1309 206 1344 τρίδι
217 1309 312 1335 ἑαυτὸν
329 1308 484 1335 ἀποδίδωσι.

172 1445 226 1471 Καὶ
250 1445 357 1480 πρῶτον
375 1444 424 1480 μὲν
443 1445 474 1471 τὺ
497 1444 568 1471 θεῖον
586 1444 721 1480 λαμϐάνει
737 1445 888 1481 βάπτισμα,
908 1446 922 1472 ό

136 1489 184 1516 ναὶ
200 1490 296 1525 πρώην
312 1492 344 1526 τῇ
370 1490 483 1526 δυνάμει
503 1491 727 1526 πεφωτισμένος’
746 1492 793 1518 καὶ
818 1491 924 1528 τίθησιν

136 1536 198 1571 ὅρον
213 1535 302 1571 ἐαυτῷ
314 1537 419 1572 μήποτε
434 1537 552 1571 ὀμόσειν,
567 1537 663 1572 μέχρις
674 1537 707 1563 ἂν
720 1536 759 1572 τῷ
775 1537 824 1573 βίῳ
838 1537 923 1573 τούτῳ

137 1581 348 1618 ἑμπολιτεύηται
361 1591 368 1597 ·
389 1582 418 1608 ὃν
434 1582 481 1609 καὶ
500 1583 540 1614 εἰς
558 1582 633 1614 τέλος
655 1582 804 1617 ἐφύλαξεν·
829 1582 924 1609 ἔπειτα

137 1627 218 1654 πόθον
232 1627 333 1662 γονέων
348 1629 395 1654 καὶ
410 1627 493 1662 φίλων
513 1629 683 1663 ἀποπληροῖ,
702 1628 756 1654 τῶν
777 1628 859 1654 αὐτοῦ
877 1628 924 1655 λό-

136 1682 191 1707 γων
202 1674 350 1708 ἐφιεμένων
364 1673 488 1700 ἀκοῦσαι·
500 1675 531 1700 οὺ
546 1673 600 1710 γὰρ
609 1673 689 1706 αὐτὸς
698 1672 754 1709 εἶχε
770 1674 833 1710 περὶ
847 1674 925 1701 τοῦτο

137 1719 301 1754 φιλοτιμίαν.
325 1719 569 1754 Συμϐουλευόντων
596 1719 625 1745 δὲ
640 1719 792 1755 1δ-ημοεινίοις
818 1727 848 1745 τε
877 1720 925 1747 καὶ

136 1765 247 1797 οἰκείοις
265 1765 480 1799 ἐγκαλινδεῖσθαι
510 1766 607 1797 κακοῖς
628 1764 715 1800 (οὕτω
730 1764 784 1801 γὰρ
798 1765 923 1801 ὀνομάζω

136 1810 185 1845 τὴν
199 1811 228 1836 ὲν
240 1811 295 1842 τοῖς
311 1811 413 1842 ὑλικοῐς
435 1811 636 1847 περιφάνειαν),
662 1811 742 1843 αὐτὸς
756 1811 846 1847 ἑαυτῷ
859 1820 922 1838 συν-

137 1855 262 1882 εὸούλευε
269 1856 360 1883 δοῦναι
371 1857 477 1888 ἑαυτὸν,
487 1857 612 1892 καθάπερ
622 1857 755 1892 ὑπέσχετο
762 1857 924 1884 κινδυνεύων

138 1900 315 1936 Θεῷ,κόσμου
322 1910 351 1928 τε
360 1901 536 1938 χωρισθῆναι,
546 1903 595 1929 καὶ
607 1903 680 1938 μόνῳ
691 1903 729 1938 τῷ
738 1903 924 1939 καθαρωτάτῳ

139 1946 256 1972 συνεῖναι
265 1953 272 1960 ·
291 1946 338 1972 καὶ
345 1947 405 1978 ταῖς
416 1948 501 1982 lepis;
515 1947 616 1982 βίϐλοις
627 1947 837 1983 καθομιλοῦντα,
854 1949 926 1975 ὲκεῖ-

137 1990 182 2017 θεν
209 1991 299 2018 ἕλκειν
322 1992 370 2027 τῆς
395 1991 523 2028 ἀληθείας
550 1994 600 2028 τὴν
618 1993 761 2029 ἔλλαμψιν.
781 1995 814 2020 Ὀ
830 1994 861 2030 δὴ
881 1995 928 2021 καὶ

137 2037 221 2063 ποιῶν
237 2037 358 2071 διετέλει,
383 2039 518 2074 μοναστὴς
534 2039 593 2065 ἀντὶ
612 2040 757 2075 κοσμικοῦ,
780 2040 829 2066 καὶ⁹
843 2041 927 2076 άκτή-

139 2092 195 2117 μων
205 2084 265 2110 ἀντὶ
278 2084 463 2120 χρηματιστοῠ
481 2083 550 2112 εἶναι
563 2085 702 2121 ἑλόμενος.

937 1567 958 1595 C

975 946 1048 972 diosa
1062 944 1268 971 Atheniensium
1284 943 1436 978 jurentute,
1455 942 1528 970 omni
1554 942 1643 969 studio
1659 940 1762 968 detine-

975 991 1070 1022 batur,
1085 995 1114 1018 ut
1137 997 1187 1017 nec
1210 989 1365 1016 discedendi
1398 988 1519 1015 lacerent
1537 988 1704 1018 facultatem,
1729 993 1761 1013 ac

975 1035 1088 1064 docendi
1110 1035 1276 1070 provinciam
1299 1033 1401 1066 subire,
1422 1033 1653 1068 sophisticamque
1665 1032 1761 1059 cathe-

975 1083 1050 1110 dram
1066 1082 1200 1116 accipere,
1213 1081 1312 1108 obnixe
1331 1084 1458 1115 rogarent
1472 1084 1499 1106 et
1515 1079 1700 1106 obsecrarent.
1715 1078 1762 1105 Ille

974 1135 1049 1160 vero,
1067 1135 1100 1155 ne
1125 1128 1151 1154 in
1168 1127 1287 1162 ipsorum
1313 1126 1427 1160 gratiam
1449 1124 1619 1152 nihilfacere
1641 1123 1710 1150 velle
1721 1123 1764 1149 vi-

975 1175 1093 1205 deretur,
1112 1173 1308 1207 aliquantisper
1328 1171 1440 1198 mansit.
1464 1169 1563 1197 Verum
1585 1169 1655 1196 haud
1676 1168 1761 1196 multo

975 1220 1115 1254 interiecto
1132 1225 1262 1254 tempore,
1277 1226 1338 1245 cum
1358 1225 1454 1244 omnes
1473 1216 1586 1248 amicos,
1603 1223 1671 1250 quos
1689 1216 1715 1243 in
1728 1222 1760 1242 ea

975 1266 1041 1293 urbe
1056 1265 1181 1297 habebat,
1200 1268 1358 1296 exorasset,
1374 1270 1481 1297 sumque
1499 1263 1531 1290 ad
1557 1267 1682 1297 parentes
1698 1269 1762 1297 pro-

974 1310 1101 1338 fectionis
1116 1310 1305 1337 necessitatem
1330 1310 1395 1343 ipsis
1414 1309 1568 1342 probasset,
1582 1307 1617 1333 ita
1638 1309 1761 1339 demum,

976 1356 1113 1384 tricesimo
1128 1355 1183 1390 jam
1200 1362 1271 1382 anno
1288 1355 1314 1381 in
1338 1355 1438 1381 artium
1463 1353 1560 1380 studiis
1580 1358 1686 1385 exacto,
1705 1360 1756 1387 ρει

976 1401 1035 1428 tria:
1048 1409 1108 1428 sese
1123 1401 1250 1428 restituit.

1009 1448 1047 1474 Ac
1062 1448 1178 1481 primum
1195 1446 1285 1473 divino
1304 1445 1465 1480 baptismate
1482 1445 1607 1479 tingitur,
1636 1444 1680 1478 qui
1703 1444 1760 1479 jam

975 1498 1038 1521 ante
1058 1491 1177 1527 potentia
1194 1492 1275 1526 vique
1296 1491 1463 1518 illuminatus
1483 1495 1556 1517 esset
1588 1499 1594 1517 :
1619 1489 1761 1525 legemque

975 1540 1025 1568 sibi
1047 1539 1142 1567 indicit
1161 1545 1298 1574 nunquam
1314 1536 1442 1573 jurandi,
1464 1536 1620 1572 quandiuin
1637 1537 1687 1564 hac
1705 1538 1760 1564 vita

977 1589 1131 1614 versaretur
1146 1594 1152 1611 :
1169 1592 1250 1619 quam
1268 1583 1350 1611 etiam
1367 1585 1400 1610 ad
1415 1588 1566 1611 extremum
1587 1590 1671 1618 usque
1687 1582 1759 1610 diem

977 1631 1106 1660 servavit.
1123 1630 1242 1663 Deinde,
1267 1635 1297 1657 ut
1312 1634 1455 1665 parentum
1472 1634 1499 1657 et
1524 1629 1690 1659 amicorum,
1715 1628 1760 1664 qui

978 1678 1065 1712 ipsum
1078 1677 1161 1704 verba
1177 1677 1320 1704 facientem
1334 1675 1428 1704 audire
1440 1675 1602 1711 gestiebant,
1618 1675 1761 1710 cupiditati

978 1723 1148 1751 satisfaceret
1162 1721 1353 1758 (nequeenim
1367 1722 1394 1749 id
1414 1722 1471 1756 ipse
1487 1721 1632 1749 ambitiose
1651 1720 1761 1748 allecta-

976 1770 1045 1805 bat),
1064 1769 1115 1797 hoc
1136 1775 1242 1803 quoque
1261 1775 1373 1795 munere
1393 1767 1558 1802 defungitur.
1578 1766 1678 1794 Verum
1699 1773 1761 1793 cum

977 1815 1058 1843 iidem
1071 1819 1195 1841 auctores
1208 1814 1258 1848 ipsi
1269 1817 1369 1846 essent,
1384 1818 1414 1840 ut
1426 1813 1541 1848 publicis
1553 1811 1762 1846 domesticisque

977 1859 1055 1887 malis
1081 1859 1138 1893 (sic
1166 1859 1237 1886 enim
1264 1865 1356 1885 rerum
1384 1863 1554 1885 terrenarum
1587 1858 1760 1892 splendorem

977 1906 1235 1941 amplitudinemque
1252 1905 1340 1940 voco)
1357 1904 1476 1940 seipsum
1498 1904 1648 1932 involvet-et
1669 1913 1676 1931 :
1699 1905 1758 1940 ipse

976 1956 1071 1978 contra
1090 1950 1142 1977 sibi
1164 1949 1332 1982 consulebat,
1348 1954 1377 1976 ut
1388 1969 1395 1981 ,
1409 1948 1636 1983 quemadmodum
1650 1948 1679 1975 in
1699 1949 1761 1976 vita:

976 1997 1120 2024 discrimen
1137 1995 1268 2023 adductus
1285 1996 1466 2030 promiserat,
1488 1994 1543 2022 Deo
1558 2001 1618 2022 sese
1633 1993 1759 2026 oll'crret,

976 2047 1003 2069 et
1016 2049 1031 2068 a
1047 2041 1146 2069 mundo
1160 2042 1309 2076 seiunctus,
1321 2048 1382 2068 cmn
1396 2048 1439 2073 eo,
1455 2041 1499 2075 qui
1512 2040 1585 2068 solus
1597 2040 1760 2075 purissimus

975 2092 1028 2121 est,
1041 2088 1102 2114 vita:
1127 2087 1322 2114 consuetudine
1333 2086 1502 2121 iungeretur,
1529 2091 1610 2120 atque
1624 2093 1657 2113 ex
1673 2085 1759 2113 libro-

138 2136 195 2155 rum
210 2137 348 2157 sacrorum
364 2131 490 2158 familiari
508 2131 622 2158 lectione
645 2132 768 2159 veritatis
798 2131 970 2167 splendorem
1004 2133 1135 2161 hauriret.
1168 2132 1195 2160 ld
1226 2133 1297 2167 quod
1325 2140 1374 2167 per
1387 2139 1495 2160 omnem
1508 2132 1591 2158 vitam
1604 2131 1693 2159 facere
1706 2138 1760 2157 non

137 2178 250 2210 destitit,
267 2179 415 2206 monachus
433 2186 493 2206 esse
513 2179 600 2214 potius
615 2179 719 2207 habens
734 2187 814 2214 quam
836 2181 1005 2213 mundanus,
1024 2185 1051 2208 et
1068 2188 1169 2215 pauper
1183 2187 1264 2215 quam
1284 2179 1476 2214 quzestuarius.

172 2225 304 2257 Πολλάκις
332 2225 397 2260 γοῦν
419 2226 467 2253 καὶ
494 2226 613 2262 Χριστὸν
641 2225 715 2262 ἐώρα
744 2227 868 2263 ἐναργῶς
895 2228 923 2255 ὲν

1010 2227 1050 2255 Ac
1067 2235 1252 2263 Saepenumero
1269 2228 1318 2262 ipsi
1332 2227 1445 2259 accidit,
1457 2230 1486 2253 ut
1497 2226 1635 2254 Christum
1651 2232 1762 2260 quoque

137 2270 231 2302 ὕπνοις
246 2271 302 2307 (76)
320 2271 367 2298 καὶ
385 2273 413 2298 ὲν
424 2271 536 2306 μελέτῃ
556 2271 727 2306 νυκτερινῇ,
745 2272 836 2304 καθώς
857 2281 922 2308 φησι

137 2317 153 2351 ἡ
167 2316 256 2350 βίϐλος
270 2317 286 2351 ἡ
304 2316 375 2352 ιερὰ,
396 2316 497 2352 ταύτην
509 2317 561 2352 τῆς
578 2316 763 2352 καθαρότητος
777 2316 922 2352 λαμϐάνων

136 2362 279 2389 ἀντίδοσιν.
293 2362 436 2397 Μακάριοι
445 2363 513 2398 γάρ,
529 2362 622 2398 φησὶν,
638 2364 665 2389 al
680 2362 802 2396 καθαροὶ
810 2361 846 2397 τῇ
853 2371 923 2396 καρ-

137 2409 196 2443 δίᾳσ
211 2408 255 2435 ὅτι
267 2408 350 2435 αὐτοὶ
360 2408 414 2435 τὸν
425 2408 499 2435 Θεὸν
507 2408 643 2442 ὄψονται.
656 2408 783 2444 Καθαρὺν
794 2409 848 2444 γάρ
860 2408 923 2435 τοῦ-

136 2455 182 2481 τόν
203 2463 284 2490 φησιν
297 2455 312 2481 ὁ
324 2454 437 2490 Κύριος,
454 2455 545 2486 ὁποῖος
566 2451 600 2490 ἦν
615 2455 630 2480 ὁ
656 2454 744 2490 μέγας
758 2455 923 2490 Γρηγόριος,

137 2500 292 2528 καταλιπὼν
310 2500 409 2532 πόλεις,
425 2500 538 2536 ἀγοράς,
551 2500 662 2536 θέατρα,
676 2500 810 2535 σοφιστῶν
829 2499 936 2535 τῦφον,-

170 2603 222 2630 "ll
237 2604 298 2630 Cor.
312 2612 339 2635 ι,
355 2603 381 2631 5.
420 2603 442 2619 ’³
460 2602 511 2630 Job
522 2611 619 2637 xxxiii,
640 2603 685 2630 l5.
723 2603 747 2619 "
767 2602 861 2630 Matth.
877 2610 904 2637 ν,
917 2603 944 2631 8.

182 2694 226 2728 Ἡ)
244 2693 319 2720 Colb.
341 2693 366 2726 1,
381 2692 409 2725 2,
428 2692 458 2720 P.
476 2697 504 2720 et
526 2690 574 2718 0r.
595 2691 674 2718 codd.
690 2689 834 2725 συμϐαίνει
847 2690 920 2724 γίνε-

136 2729 226 2797 σοῗίίὶ)
242 2763 280 2789 lta
293 2762 368 2789 Coll).
390 2762 401 2788 Ι
418 2761 489 2794 et2;
510 2761 538 2788 in
553 2761 619 2788 edit.
637 2761 781 2797 pqtﬁpsw.
805 2759 871 2797 Cod.
887 2759 918 2786 P.

136 2795 236 2832 pariter
250 2799 330 2824 habet
345 2797 485 2832 ῥυτῆρσιν,
505 2797 580 2832 etiin
599 2795 654 2823 not.
667 2803 752 2830 marg.
767 2795 872 2832 ίμᾶσιν.

171 2833 228 2866 (75)
248 2832 310 2860 Μέν-
325 2829 446 2859 όὲεδιἾιι
460 2832 520 2859 cod.
535 2831 582 2859 0r.
595 2832 639 2865 qui
658 2838 718 2857 mox
731 2829 812 2857 habet
827 2829 918 2856 οἶκαδε

136 2865 261 2929 Istobszic
272 2872 299 2893 et
312 2867 372 2895 cod.
390 2867 420 2895 Ρ.
434 2867 539 2894 domum
556 2866 686 2901 cupiebat.
718 2865 746 2892 In
771 2865 835 2893 edit.
856 2872 919 2892 vero

136 2910 196 2929 οικα
213 2911 224 2930 ε
245 2911 300 2930 ετο.

978 2274 1118 2308 perspicue
1148 2274 1174 2300 iu
1206 2274 1326 2305 somnis,
1357 2277 1537 2308 nocturnaque
1559 2277 1590 2299 ut
1621 2271 1760 2307 Scriptura

976 2319 1103 2353 loquitur,
1123 2318 1146 2335 "
1168 2319 1336 2346 meditatione
1352 2318 1538 2353 cunspicereti,
1553 2324 1668 2352 eamque
1689 2317 1760 2352 puri-

977 2365 1040 2392 tatis
1058 2365 1209 2392 mercedem
1225 2364 1318 2392 ferret.
1335 2364 1410 2391 Beati
1424 2361 1495 2391 enim
1510 2384 1517 2395 ,
1534 2364 1640 2398 inquit,
1660 2364 1760 2390 mundo

974 2410 1051 2436 corde
1072 2417 1081 2436 :
1100 2410 1226 2444 quoniam
1245 2410 1296 2444 ipsi
1321 2409 1402 2436 Deum
1426 2410 1548 2437 videbunt
1565 2409 1599 2436 ".
1627 2409 1757 2436 Mundam

975 2455 1046 2482 enim
1062 2463 1123 2483 eum
1140 2456 1205 2483 dicit
1220 2455 1348 2484 Dominus
1360 2476 1368 2489 ,
1382 2456 1470 2491 qualis
1486 2462 1546 2484 erat
1562 2464 1677 2492 magnus
1690 2456 1758 2483 Gre-

976 2501 1078 2536 gorius,
1099 2501 1145 2537 qui
1166 2501 1265 2534 urbes,
1282 2501 1339 2529 fora
1350 2523 1358 2535 ,
1379 2504 1501 2534 theatra,
1524 2502 1706 2537 Sophistarum
1721 2500 1761 2528 fa-

995 2691 1066 2753 E£74)
1083 2690 1149 2718 Cod.
1169 2691 1196 2718 P.
1222 2692 1247 2719 in
1272 2697 1327 2720 not.
1354 2700 1439 2727 marg.
1466 2691 1592 2726 ἰσχυρῶς.
1611 2689 1760 2725 ἀσφαλῶς,

1007 2755 1064 2798 (75)
1075 2760 1141 2798 Cod.
1202 2762 1228 2798 in
1240 2767 1297 2789 not.
1319 2769 1404 2796 marg.
1421 2761 1652 2798 προσποιούμενος
1668 2760 1759 2796 δῆθεν,

972 2796 1087 2823 videlicet
1101 2797 1281 2825 dissimulans.

1007 2831 1062 2867 ('16;
1075 2831 1143 2867 Qua:
1157 2838 1305 2865 sequuntur
1317 2832 1411 2867 desunt
1423 2832 1448 2857 in
1461 2831 1538 2859 Colb,
1554 2831 1581 2864 ι,
1596 2830 1642 2866 qui
1657 2829 1698 2859 sic
1707 2830 1757 2858 btt-

971 2865 1033 2894 bet:
1053 2866 1095 2892 Ἐν
1110 2865 1203 2898 ὕπνοις
1218 2867 1267 2903 τὴν
1280 2867 1329 2902 τῆς
1341 2866 1534 2897 καθαυότντος.
