2055 3130
307 161 360 189 259

308 227 380 250 stum
394 242 400 252 .
425 222 574 257 principum
599 226 625 248 ct
645 221 852 255 magistratuum
868 223 1066 249 contumaciam
1082 243 1089 255 ,
1105 228 1126 255 Α

307 271 426 306 judicum
449 271 554 306 iniquas
570 278 713 298 causarum
731 269 890 297 inﬂexiones
903 290 910 303 ,
925 269 1088 303 litigantium

310 319 393 350 rixas,
406 318 542 344 rhetorum
560 315 710 348 mendacia,
727 315 814 342 l‘urum
832 315 953 348 insidias,
970 315 1089 349 inexple-

309 363 388 390 bilem
399 363 592 397 negotiatorum
605 361 757 393 avaritiam,
766 369 916 395 canponum
925 362 1089 396 iuramenta,

309 409 420 435 divitum
445 407 649 442 arrogantiam,
674 414 822 440 pauperum
845 406 953 433 fraudes
977 411 1004 433 et
1024 406 1092 434 faci-

309 461 375 479 nora
386 472 394 484 ,
410 453 570 486 ingluviem,
589 452 774 479 temulentiam
787 472 795 485 ,
819 452 932 486 gloriam
951 451 1049 479 ﬂuxam
1065 457 1092 480 et

308 499 441 532 fragilem,
459 505 547 525 vestes
563 498 728 532 magniﬁcas,
743 498 879 533 egregiam
898 498 1089 532 supellectilem

308 553 375 572 auro
389 549 415 572 et
431 549 541 579 argento
555 544 707 572 confectam
721 564 728 576 ,
744 545 838 571 domos
854 544 957 578 pictura
973 549 1001 571 et
1018 551 1090 570 mar-

308 592 408 618 moreis
437 591 534 619 tabulis
560 591 699 625 insignes,
730 598 761 618 ac
787 589 898 617 calculis
922 594 1090 623 exornatas,

308 636 412 670 aliaque
425 636 514 662 omnia
531 636 689 670 reliquerat,
703 643 763 670 quae
776 635 858 662 animi
873 635 1017 669 puritatem
1034 639 1090 661 tur-

308 681 388 713 bant,
407 681 610 715 purissimaaque
628 680 680 707 luci
704 680 806 707 aditum
832 680 1025 707 intercludunt.
1044 680 1091 706 At-

308 734 358 760 que
374 727 400 753 in
412 726 528 760 juvenali
544 731 622 753 aetate
637 726 791 761 hujusmodi
812 725 889 753 nobis
907 730 966 753 erat
989 726 1092 761 Grego-

308 772 373 798 rius.

343 816 520 850 Posteaquam
537 821 626 854 autem
647 820 722 850 pater
737 816 820 842 ﬁlium
837 836 844 848 ,
858 823 956 850 quem,
976 816 1089 843 invitum

307 867 335 888 et
357 867 548 896 repugnantem
571 870 695 896 mgreque
716 862 878 895 cedentem,
902 863 1088 897 presbyterum

307 913 458 940 creaverat,
487 908 625 942 prmsulem
655 915 761 941 quoque
786 907 924 934 instituere
950 916 1092 943 aggressus
1109 897 1129 925 θ

307 958 359 985 est,
378 954 440 988 quid
462 953 545 980 facit?
571 953 611 980 Ah
634 953 754 980 Ecclesia
774 953 844 980 clam
866 961 896 980 se
917 954 1046 989 proripit,
1064 959 1090 981 ut

307 1007 388 1027 curas
398 1019 406 1031 ,
420 1005 535 1027 mentem
550 1000 622 1026 humi
638 1000 834 1034 delet-quentes
849 1009 879 1027 ac
893 1001 1090 1035 deprimentes,

307 1045 433 1080 eﬂ'ngiat,
451 1050 531 1080 atque
549 1045 575 1072 in
599 1045 711 1072 Pontum
730 1045 866 1079 profectus
878 1068 885 1078 ,
901 1054 960 1073 cum
982 1048 1092 1081 egregio

282 1093 285 1118 ἶ
308 1091 353 1117 illo
366 1091 462 1117 Basilio
473 1090 686 1125 philosophatur.
700 1089 766 1117 Nam
782 1098 841 1117 cum
860 1090 940 1117 simul
956 1091 980 1117 iu
993 1091 1092 1118 litteris

283 1127 288 1162 l
309 1136 421 1162 instituti
434 1155 442 1167 ,
457 1140 537 1170 atque
548 1136 580 1162 ad
597 1136 677 1162 breve
691 1141 795 1170 tempus
809 1135 878 1162 alter
890 1137 923 1163 ab
936 1136 1023 1163 altero
1037 1136 1092 1162 dis-

309 1183 386 1209 tracti
401 1182 513 1208 fuissent
524 1201 532 1214 ,
545 1182 578 1208 ad
596 1189 624 1209 se
645 1182 760 1208 invicem
775 1189 868 1208 rursus
889 1187 1070 1208 accurrerunt
1083 1201 1091 1214 ,

307 1235 404 1263 nempe
416 1233 443 1254 et
457 1235 561 1254 morum
575 1228 730 1258 concordia,
749 1232 776 1254 et
790 1232 880 1254 tnntuu
896 1227 1090 1261 pollicitatione

308 1273 414 1308 impulsi
432 1281 462 1300 ac
478 1274 579 1301 incitati
597 1282 604 1300 :
622 1273 689 1300 adeo
715 1277 744 1300 ut
765 1273 791 1300 in
817 1274 880 1307 ipsis
902 1273 1002 1300 dictum
1028 1273 1092 1300 illud

307 1319 482 1353 impleretur:
501 1318 550 1345 Ubi
565 1319 615 1345 duo
627 1319 664 1345 vel
684 1324 733 1345 tres
748 1319 776 1345 in
793 1319 897 1344 nomine
914 1326 968 1345 meo
981 1326 1090 1353 congre-

306 1365 360 1400 gati
375 1364 482 1399 fuerint,
498 1364 553 1391 illic
572 1373 630 1391 sum
647 1365 674 1391 in
687 1365 771 1391 medio
787 1373 877 1391 eorum
895 1364 929 1391 ".

344 1408 394 1436 Hic
408 1417 488 1443 Porro
498 1413 707 1442 commorantes,
725 1414 752 1436 et
765 1414 856 1436 mutua
871 1409 1093 1437 exstimulatione

307 1454 434 1482 virtutem
455 1455 606 1489 augebant,
630 1460 657 1481 et
683 1455 743 1482 vita;
769 1455 924 1482 umnastiea:
946 1454 1018 1490 leges
1041 1455 1092 1488 piis

308 1500 416 1535 Deoque
428 1501 531 1527 devotis
543 1500 709 1532 hominibus,
726 1506 809 1535 atque
823 1508 839 1526 a
854 1500 944 1527 mundi
959 1500 1091 1527 societate

307 1545 463 1579 disjunetis,
489 1545 626 1578 ferebant,
650 1545 764 1580 Lycurgi
789 1545 892 1579 legibus
917 1545 1089 1580 pacatiores,
1104 1565 1125 1594 ρ

308 1591 415 1618 Solonis
435 1592 590 1626 graviores,
606 1590 703 1618 Minois
725 1591 868 1624 aequiores.
893 1590 949 1617 Imo
965 1598 1028 1618 vero
1039 1611 1046 1623 ,
1061 1597 1089 1618 ut

307 1638 341 1664 de
356 1637 397 1664 his
407 1637 472 1664 viris
485 1636 625 1664 sublimius
636 1635 736 1670 aliquid
750 1636 847 1668 dicam,
863 1635 964 1663 M05em
979 1637 1088 1663 imitan-

308 1687 361 1714 tur,
377 1683 501 1717 uubeque
524 1682 642 1715 obtecti,
667 1688 765 1716 atque,
790 1686 818 1708 ut
836 1689 850 1708 a
866 1682 1039 1709 tumultuaria
1063 1687 1090 1709 ct

307 1728 460 1755 turbulenta
477 1729 526 1755 hac
543 1728 596 1755 vita
619 1727 713 1763 procul
726 1735 755 1754 se
767 1732 952 1761 removerent,
967 1728 994 1755 in
1014 1735 1090 1756 mon-

308 1779 361 1801 tem
376 1775 544 1808 secedentes,
559 1774 720 1809 legislatoris
741 1774 828 1801 oﬂicio
849 1775 1038 1809 fungebantur.
1056 1776 1090 1803 At

306 1827 373 1848 vero
386 1825 473 1855 pater,
489 1825 516 1848 et
532 1822 630 1848 canitie
641 1840 650 1853 ,
665 1826 691 1847 et
705 1821 778 1847 curis
792 1821 892 1854 gravis,
909 1828 940 1848 ac
958 1826 1089 1855 prteterea

307 1866 418 1894 Ctesarii
438 1867 484 1894 lilii
506 1867 578 1895 luctu
595 1871 706 1894 moestus
722 1872 749 1894 et
762 1865 893 1900 amictus,
915 1866 1089 1894 solitudinem

307 1921 360 1941 non
384 1912 489 1945 ferens,
515 1914 641 1948 gravibus
664 1921 714 1941 nee
744 1914 843 1940 mutire
869 1913 895 1939 in
921 1913 1088 1940 contrarium

307 1958 458 1985 sinentibus
481 1958 580 1985 litteris
605 1957 735 1993 Gregorio
759 1958 856 1985 suadet
882 1958 1007 1984 reditum.
1031 1957 1089 1990 Ipse

308 2004 389 2038 igitur
408 2003 612 2031 formidolosum
630 2012 691 2031 esse
706 2008 782 2030 ratus
804 2003 872 2036 patri
889 2010 942 2030 non
957 2002 1069 2036 obsequi
1080 2021 1088 2032 ,

308 2049 457 2084 prmsertim
472 2049 619 2081 sacerdoti,
635 2053 662 2076 et
679 2056 742 2076 natu
756 2048 850 2083 grandi
861 2069 869 2081 ,
885 2048 918 2075 ad
932 2048 1046 2075 reditum
1061 2054 1090 2074 se

308 2095 435 2129 accingit,
461 2094 557 2129 partim
584 2094 702 2126 invitus,
727 2094 824 2128 partim
848 2100 926 2126 atque
946 2093 1035 2119 animo
1058 2099 1089 2118 ac

308 2139 421 2168 lubenti.
440 2139 474 2167 Ut
487 2139 557 2166 enitn
581 2138 731 2173 tranquillas
753 2138 813 2165 vita:
836 2145 912 2164 amor
925 2144 999 2169 eum,
1021 2137 1087 2163 utin

870 161 950 189 νιτΑ
972 162 1000 190 S.
1021 162 1184 191 GREGORH
1202 163 1374 192 THEOLOGI

1876 167 1929 193 εσυ

1140 224 1277 259 ἀρχόντων
1302 224 1441 256 ἀπονοίας,
1458 224 1592 251 δικαστῶν
1610 225 1780 260 μετακλίσεις
1798 226 1864 262 (77),
1889 227 1930 253 διη-

1141 270 1298 305 καζομένων
1311 270 1411 305 ἔριδας,
1425 271 1546 306 ρητόρων
1556 271 1639 306 ψεύδη
1651 271 1718 306 (78),
1733 271 1855 299 κλεπτῶν
1868 273 1929 300 ἐπι-

1142 316 1249 349 ϐουλὰς,
1262 317 1389 352 ἐμπόρων
1403 317 1563 352 ἀπληστίαν,
1581 318 1710 352 καπήλων
1724 318 1831 354 ὅρκους,
1846 319 1927 346 πλου-

1143 361 1206 388 σίων
1231 361 1346 397 ἔπαρσιν
1363 362 1430 396 (79),
1446 363 1542 390 ἐνδεῶν
1559 364 1737 399 κακουργίας,
1759 364 1850 400 κόρον,
1877 365 1927 400 μέ-

1141 406 1201 442 θην,
1214 407 1292 440 δόξαν
1301 407 1350 443 τὴν
1364 409 1545 441 ἀπανθοῦσαν,
1562 409 1662 444 ἐσθῆτα
1675 409 1816 445 πολυτελῆ,
1830 411 1927 445 κειμή-

1141 451 1185 477 λια
1211 453 1243 478 ὲκ
1269 452 1369 488 χρυσοῦ
1388 461 1418 479 τε
1446 453 1492 480 καὶ
1519 453 1639 489 ἀργύρου
1665 454 1836 489 πεποιημένα
1858 454 1925 489 (80),

1141 496 1231 529 οἴκους
1245 499 1336 533 γραφῇ
1354 507 1383 524 τε
1397 499 1443 525 καὶ
1463 498 1544 532 πλαξὶ
1572 500 1724 535 μαρμάρων
1751 499 1922 536 διαπρεπεῖς,

1142 543 1189 569 καὶ
1203 543 1301 578 ψηφίσι
1315 544 1533 580 διηνθισμένους·
1549 545 1616 572 ἄλλα
1632 554 1661 571 τε
1679 546 1738 578 ὅσα,
1750 545 1781 572 τδ
1804 546 1853 581 τῆς
1866 545 1925 573 δια-

1142 588 1216 620 νοίας
1237 589 1356 625 καθαρὸν
1373 589 1559 624 ὲπιθολοῦντα,
1586 590 1625 625 τῷ
1650 590 1833 626 καθαρωτάτῳ
1855 590 1926 625 φωτὶ

1141 633 1191 659 οὐκ
1205 633 1347 669 ἐπιτρέπει
1361 634 1409 669 τὴν
1423 633 1534 662 εἴσοδον.
1565 634 1658 662 Ταῦτα
1671 636 1737 670 ἡμῖν
1751 636 1765 661 ὁ
1778 635 1925 671 Γρηγόριος

1142 678 1170 703 ὲν
1180 677 1228 713 νέᾳ
1240 679 1272 713 τῇ
1288 678 1389 714 ἡλικίᾳ.

1182 814 1288 850 Ἐπειδὴ
1300 815 1327 842 δὲ
1338 815 1352 841 ὁ
1364 816 1453 851 πατὴρ
1470 818 1509 848 εἰς
1525 817 1601 853 ἱερέα
1616 818 1795 853 προϐάλλεται
1811 818 1865 853 (81)
1880 819 1925 846 τὸν

1143 859 1209 892 υἱὸν,
1235 862 1422 897 χειροτονήσας
1445 863 1628 898 πρεσϐύτερον
1654 863 1699 899 βίᾳ
1723 872 1753 890 τε
1778 865 1824 891 καὶ
1850 865 1925 899 μόλις

1143 906 1250 938 εἴξαντα
1263 906 1331 942 (89.),
1347 908 1374 933 τί
1390 910 1476 941 ποιεῖ;
1495 909 1550 944 Τῆς
1566 909 1728 945 Ἐκκλησίας
1741 910 1925 943 ὐπέξεισι,τὰς

1143 952 1327 984 κατασπώσας
1347 953 1392 979 τὸν
1405 953 1468 979 νοῦν
1493 954 1628 989 μερίμνας
1642 955 1861 990 ἀποδιδράσκων·
1879 955 1925 981 καὶ

1142 998 1285 1033 γενόμενος
1299 999 1327 1024 ὲν
1342 998 1435 1034 Πόντῳ
1454 999 1522 1033 μετὰ
1536 1000 1675 1027 Βασιλείου
1691 1001 1737 1027 τοῦ
1756 1001 1826 1027 πάνυ
1852 1001 1926 1035 φιλοο

1144 1044 1219 1077 σοφεῖ
1234 1043 1300 1078 (85).
1316 1044 1392 1078 ’Ἅμα
1405 1044 1460 1080 γὰρ
1476 1045 1679 1078 παιδευθέντες,
1697 1047 1744 1073 καὶ
1755 1047 1823 1080 πρὸς
1836 1047 1925 1081 ὀλίγον

1142 1089 1331 1124 διαιρεθέντες,
1349 1089 1430 1116 πάλιν
1446 1090 1572 1126 ἀλλήλοις
1589 1091 1774 1127 προσέδραμον
1784 1093 1850 1128 (84),
1865 1093 1926 1128 τρό-

1143 1144 1201 1161 πων
1210 1144 1239 1161 τε
1254 1137 1381 1172 κοινωνίᾳ
1391 1136 1438 1163 καὶ
1448 1138 1480 1172 τῇ
1495 1137 1563 1173 πρὸς
1580 1139 1690 1169 ἑαυτοὺς
1706 1139 1848 1174 ὑποσχέσει
1863 1147 1925 1165 συν-

1142 1181 1331 1216 ελαυνόμενοι”
1352 1182 1390 1214 ὡς
1419 1183 1448 1208 ὲν
1468 1183 1558 1214 αὐτοῖς
1573 1183 1749 1219 πληρωθῆναι
1772 1184 1802 1210 τὸ
1814 1185 1925 1220 εἰρημέ-

1141 1236 1186 1253 νον
1196 1236 1202 1242 ’
1224 1228 1319 1254 Ὅπου
1328 1227 1355 1254 δ’
1371 1228 1408 1254 ἂν
1414 1226 1471 1255 ὦσι
1484 1229 1540 1264 (85)
1554 1229 1608 1256 δύο
1622 1230 1640 1264 ἢ
1654 1230 1731 1264 τρεῖς
1745 1230 1926 1265 συνηγμένοι

1142 1274 1185 1305 εἰς
1199 1272 1231 1298 τὸ
1244 1272 1318 1307 ἐμὸν
1330 1273 1433 1308 ὄνομα,
1446 1274 1511 1300 ἐκεῖ
1525 1276 1584 1309 εἰμι
1593 1275 1627 1302 ἐν
1639 1276 1723 1310 μέσῳ
1733 1276 1842 1303 αὐτῶν.

1176 1406 1314 1442 Διέτριϐον
1327 1404 1373 1434 οὖν
1386 1408 1436 1442 τήν
1468 1407 1523 1444 (86)
1547 1417 1576 1435 τε
1598 1409 1698 1445 ἀρετὴν
1719 1412 1752 1445 τῇ
1776 1410 1926 1446 παραθήξει

1143 1451 1353 1484 συναυξάνοντες
1368 1452 1435 1487 (87),
1451 1453 1497 1479 καὶ
1522 1453 1637 1489 θεσμοὺς
1656 1456 1798 1490 ἀσκήσεως
1812 1457 1869 1487 τοῖς
1883 1465 1927 1490 ςι-

1141 1496 1244 1529 λοθέοις
1257 1498 1389 1532 ἀσκηταίς
1400 1499 1446 1525 καὶ
1460 1498 1515 1534 (88)
1531 1500 1634 1534 κόσμου
1652 1500 1807 1535 χωρισθείσι
1820 1501 1927 1536 τιθέμε-

1142 1548 1193 1572 νοι,
1207 1540 1260 1567 τῶν
1272 1541 1430 1577 Λυκούργου
1445 1542 1494 1578 μὲν
1508 1543 1744 1579 εἰρηνικωτέρους,
1767 1544 1820 1571 τῶν
1835 1545 1862 1572 δὲ
1878 1546 1927 1572 Σό-

1141 1585 1225 1618 λωνος
1248 1587 1438 1623 σεμνοτέρους,
1456 1588 1503 1615 καὶ
1525 1588 1709 1626 δικαιοτέρους
1728 1590 1781 1617 τῶν
1797 1591 1904 1624 Μίνωος
1918 1601 1925 1607 ·

1144 1633 1242 1668 μᾶλλον
1253 1633 1290 1666 δὲ,
1307 1634 1350 1661 ἵνα
1365 1643 1391 1660 τι
1411 1634 1480 1667 λέξω
1494 1636 1557 1670 περὶ
1570 1636 1624 1662 τῶν
1639 1637 1744 1672 ἀνδρῶν
1753 1637 1926 1673 ὑψηλότερον,

1143 1679 1260 1706 Μωῦσέα
1277 1680 1432 1716 μιμοῦνται,
1444 1681 1518 1716 νέφει
1532 1690 1562 1708 τε
1581 1682 1778 1717 καλυπτόμενοι
1791 1683 1836 1709 καὶ
1849 1683 1926 1719 ὅρους

1143 1726 1314 1761 ἀναχωρήσει
1330 1726 1376 1752 τοῦ
1401 1726 1574 1762 ταραχώδους
1604 1728 1661 1763 βίου
1689 1729 1783 1764 πόρρω
1815 1730 1927 1761 ἑαυτοὺς

1143 1771 1340 1803 καθιστῶντες,
1365 1772 1549 1807 ἐνομοθέτουν.
1575 1774 1604 1800 Ὀ
1620 1774 1648 1800 δὲ
1668 1774 1776 1810 πατὴρ,
1803 1775 1882 1810 πολιᾷ
1897 1783 1928 1801 τε

1145 1816 1324 1852 βαρυνόμενος
1348 1818 1395 1844 καὶ
1410 1819 1557 1854 φροντίσιν,
1583 1819 1622 1846 ἔτι
1650 1820 1678 1847 δὲ
1695 1820 1742 1846 καὶ
1765 1820 1858 1846 πένθει
1881 1820 1926 1847 τοῦ

1144 1862 1201 1888 υἱοῦ
1228 1863 1377 1898 Καισαρίου
1404 1863 1536 1895 πιεσθεὶς,
1561 1865 1592 1890 οὐ
1610 1865 1699 1899 φέρων
1721 1865 1771 1900 τὴν
1801 1865 1926 1900 μόνωσιν,

1143 1909 1297 1941 ἐπιστολαῖς
1312 1910 1514 1945 δυσωπητικαῑς
1530 1911 1583 1946 (89)
1611 1912 1656 1937 τὸν
1674 1911 1823 1948 Γρηγόριον
1841 1912 1927 1939 πείθει

1142 1956 1213 1991 πρὸς
1228 1956 1277 1991 τὴν
1292 1956 1430 1983 ἐπάνοδον.
1448 1956 1477 1982 '0
1489 1956 1527 1988 δὲ,
1546 1957 1663 1992 φοϐερὸν
1680 1958 1775 1993 κρίνας
1788 1958 1927 1993 παρακοὴν

1143 2001 1258 2036 πατρὸς,
1275 2001 1321 2027 καὶ
1352 2001 1455 2037 ἱερέως,
1485 2001 1532 2028 καὶ
1554 2002 1716 2037 πρεσϐύτου,
1737 2003 1870 2035 ἐπάνεισι,
1890 2003 1927 2038 πὴ

1144 2046 1193 2081 μὲν
1207 2047 1291 2079 ἄκων,
1304 2046 1342 2083 πὴ
1360 2047 1388 2073 δὲ
1401 2047 1448 2073 καὶ
1471 2047 1640 2082 βουλόμενος.
1663 2048 1791 2083 Ἡσυχίας
1807 2048 1855 2083 μὲν
1873 2048 1926 2083 γὰρ

1142 2092 1224 2123 πόθος
1235 2092 1264 2118 ὲν
1272 2092 1309 2128 τῷ
1317 2093 1411 2128 Πόντῳ
1426 2093 1516 2128 μένειν
1531 2093 1672 2120 ἀνέπειθεν
1681 2102 1687 2108 ·
1702 2093 1759 2120 ἀλλ’
1771 2093 1926 2121 ἀνθειλκυσε

1143 2134 1242 2169 σκοπός
1255 2137 1370 2173 εὐσεϐὴς
1387 2138 1523 2174 πατρικῆς
1534 2138 1690 2175 θεραπείας.

307 2185 393 2214 Ponto
407 2190 540 2217 maneret,
566 2185 723 2212 hortabatur
737 2193 743 2212 :
758 2184 793 2211 ita
809 2184 933 2212 eumdem
955 2184 1038 2210 altera
1052 2190 1084 2210 ex
1104 2187 1180 2218 parte
1191 2184 1276 2218 pietas
1302 2184 1436 2215 trahebat,
1468 2184 1664 2211 inserviendum
1695 2183 1765 2219 patri
1781 2191 1843 2212 esse
1857 2192 1926 2220 prte-

307 2233 441 2260 scribens.

342 2277 410 2305 Cum
441 2282 529 2304 autem
554 2275 705 2307 Czcsarius,
733 2274 776 2302 cui
804 2274 944 2308 provincia
970 2275 1088 2301 maxima

343 2365 366 2380 "
386 2363 479 2391 Matth.
489 2371 564 2395 XVIII,
578 2362 623 2390 '20.

1184 2274 1260 2300 Ἐπεὶ
1279 2271 1325 2300 οὖν
1340 2273 1502 2309 Καισάριος,
1519 2274 1606 2310 ἀοχὴν
1631 2275 1762 2311 μεγίστην
1782 2283 1928 2302 πεπιστευ-

346 2452 400 2487 (77)
414 2451 450 2478 Ita
461 2451 521 2479 cod.
539 2450 585 2478 0r.
602 2456 629 2477 et
650 2449 771 2478 Combel‘.
792 2454 819 2476 et
838 2449 913 2476 Colb.
928 2449 957 2475 2.
982 2449 1010 2475 lu
1025 2448 1089 2476 edit.

1179 2447 1234 2484 (84)
1252 2448 1349 2487 Πάλιν
1368 2447 1517 2482 ἀλλήλοις
1541 2449 1872 2487 προσέδραμονηΒίιιίυε
1889 2451 1928 2478 ἰη-

312 2487 499 2524 μετακλήσεις.

346 2523 400 2556 (78)
416 2518 482 2548 Cod.
504 2520 551 2554 P.,
573 2519 694 2556 ρητόρων
716 2519 807 2554 ὄψεις,
840 2519 964 2546 κλεπτῶν
994 2518 1091 2545 ἐπιϐα-

311 2566 380 2588 σιας.

346 2587 401 2627 (79)
417 2591 463 2618 Sic
475 2591 535 2618 cod.
547 2590 594 2627 0r.
611 2594 638 2617 et
649 2589 743 2627 melius
755 2589 822 2616 forte
836 2589 949 2627 quamin
963 2589 1038 2619 edit.,
1049 2587 1093 2627 u_l)i

311 2622 404 2661 τύξρον,
433 2626 563 2660 siquidem
580 2626 636 2659 jam
665 2624 742 2658 paulo
766 2629 828 2651 ante
849 2625 945 2658 legitur
960 2622 1094 2658 σοφιστῶν

310 2671 405 2689 τυωον.

421 2694 618 2732 Πειλτιοιημιένατ
633 2693 795 2732 Quibusdam
808 2694 872 2721 edit.
880 2694 1000 2732 placeret
1010 2692 1094 2727 magis

312 2728 719 2766 πεποικιλμένα,ὶιιμειίςειὶιεγῃ
735 2732 893 2763 variegatam
918 2735 926 2754 .'
942 2728 1020 2761 paulo
1034 2732 1091 2762 post

312 2775 360 2802 pro
379 2764 470 2802 γραῲῇ
489 2766 607 2802 Μοιιιειυἱ
619 2764 755 2802 legendum
768 2770 842 2799 putat
855 2765 984 2799 γραφαῖς.

347 2799 404 2835 (8U
420 2799 485 2828 (Ind.
499 2800 528 2827 Ρ.
543 2799 735 2834 προύϐάλλετο.

348 2836 404 2870 (82)
420 2836 485 2862 God.
551 2835 662 2870 ῆξαντα.

347 2869 402 2905 (85)
420 2870 485 2898 Cod.
503 2869 532 2897 P.
547 2869 700 2904 thoséwu.

1144 2487 1318 2519 t_erpretatur,
1330 2484 1397 2510 inter
1413 2492 1440 2510 se
1452 2492 1542 2510 rursus
1549 2486 1616 2510 mira
1624 2486 1847 2519 celeritalejuncli
1857 2492 1926 2512 sunt.

1143 2517 1238 2545 Τοχιυὶ
1253 2526 1370 2546 consona
1393 2520 1477 2552 magis
1492 2519 1597 2552 videtur
1614 2519 1701 2546 versio
1716 2517 1878 2548 Combeﬁsii.

1180 2554 1236 2588 (85)
1255 2554 1330 2580 Colb.
1347 2554 1373 2586 l,
1388 2550 1475 2589 Ὅπου
1490 2553 1511 2579 δ’
1528 2553 1559 2589 ᾃν
1570 2550 1631 2589 ὦσι,
1641 2554 1703 2589 ἔφη.
1714 2554 1770 2583 δύο,
1785 2556 1928 2589 ubicunque

1145 2587 1357 2625 {xtérintgnquilj
1373 2588 1434 2625 duo3
1449 2587 1516 2625 Co_d.
1530 2588 1564 2625 1”,
1577 2588 1622 2625 δύο
1635 2588 1651 2624 ἢ
1671 2591 1745 2624 τρεῖς
1761 2589 1790 2622 ἐξ
1806 2587 1891 2625 ὑμῶν,

1181 2623 1237 2656 (86)
1252 2623 1318 2659 βοά.
1336 2623 1382 2650 0r.
1395 2622 1527 2659 διέτριϐον
1543 2623 1571 2649 δὲ
1586 2624 1645 2659 τήν,

1182 2659 1236 2693 (87)
1252 2657 1279 2684 In
1299 2659 1376 2685 codd.
1395 2657 1493 2685 0r.'et
1511 2658 1541 2685 Ρ.
1565 2657 1760 2690 συναύξοντες,
1782 2661 1818 2686 ita
1847 2659 1928 2686 etiam

1148 2693 1265 2720 Montac.
1283 2697 1310 2719 et
1323 2693 1378 2719 alii.

1182 2728 1237 2762 (88)
1253 2728 1306 2754 Kal
1318 2729 1393 2754 deest
1406 2727 1431 2754 in
1444 2728 1519 2755 Colb.
1535 2727 1563 2754 2.
1705 2755 1707 2758 ,

1182 2763 1235 2796 (89)
1247 2764 1312 2789 Cod.
1329 2763 1358 2789 P.
1375 2762 1514 2789 δυσωπῶν.
1532 2763 1607 2790 Hunc
1622 2763 1709 2790 locum
1722 2763 1858 2790 reddimus
1867 2770 1927 2790 cum

1149 2798 1269 2824 Combel'.
1285 2798 1506 2834 Billiusrverterat
1521 2805 1528 2824 :
1548 2797 1601 2824 Eas
1621 2799 1654 2824 ad
1672 2798 1823 2834 Gregorium
1835 2799 1929 2832 episto-

1147 2833 1185 2858 [ua
1198 2834 1311 2863 scripsit.
1326 2833 1418 2866 quibus
1435 2833 1519 2869 ipsum
1531 2833 1629 2867 pudore
1643 2833 1756 2869 quodam
1769 2838 1793 2861 ct
1813 2841 1929 2861 reveren-

1147 2874 1182 2894 tm
1194 2869 1227 2894 αιι
1245 2868 1352 2894 reditum
1365 2867 1520 2895 impelleret.
