  <div class='ocr_page' id='page_1' title='image "/cluster/home/n/w/nwhite01/storage/ocr_20150623/35/njp.32101077772554/140.png"; bbox 0 0 2055 3130; ppageno 0'>
   <div class='ocr_carea' id='block_1_1' title="bbox 131 164 182 193">
    <p class='ocr_par' dir='ltr' id='par_1_1' title="bbox 131 164 182 193">
     <span class='ocr_line' id='line_1_1' title="bbox 131 164 182 193; baseline -0.039 0"><span class='ocrx_word' id='word_1_1' title='bbox 131 164 182 193; x_wconf 63' lang='grc'><strong>281</strong></span> 
     </span>
    </p>
   </div>
   <div class='ocr_carea' id='block_1_2' title="bbox 644 163 1261 192">
    <p class='ocr_par' dir='ltr' id='par_1_2' title="bbox 644 163 1261 192">
     <span class='ocr_line' id='line_1_2' title="bbox 644 163 1261 192; baseline -0.002 -1"><span class='ocrx_word' id='word_1_2' title='bbox 644 164 808 192; x_wconf 81' lang='lat' dir='ltr'><strong>AUCTORE</strong></span> <span class='ocrx_word' id='word_1_3' title='bbox 826 163 1003 192; x_wconf 78' lang='lat' dir='ltr'><strong>GREGORIO</strong></span> <span class='ocrx_word' id='word_1_4' title='bbox 1021 163 1261 192; x_wconf 72' lang='lat' dir='ltr'><strong>PRESBYTERO.</strong></span> 
     </span>
    </p>
   </div>
   <div class='ocr_carea' id='block_1_3' title="bbox 1709 167 1760 200">
    <p class='ocr_par' dir='ltr' id='par_1_3' title="bbox 1709 167 1760 200">
     <span class='ocr_line' id='line_1_3' title="bbox 1709 167 1760 200; baseline 0.118 -6"><span class='ocrx_word' id='word_1_5' title='bbox 1709 167 1760 200; x_wconf 73' lang='grc'><strong>969.</strong></span> 
     </span>
    </p>
   </div>
   <div class='ocr_carea' id='block_1_4' title="bbox 131 220 922 260">
    <p class='ocr_par' dir='ltr' id='par_1_4' title="bbox 131 220 920 258">
     <span class='ocr_line' id='line_1_4' title="bbox 131 220 920 258; baseline -0.001 -10"><span class='ocrx_word' id='word_1_6' title='bbox 131 222 224 258; x_wconf 83' lang='grc' dir='ltr'>μένος,</span> <span class='ocrx_word' id='word_1_7' title='bbox 237 221 402 257; x_wconf 76' lang='grc' dir='ltr'>ἐπιμελητὴς</span> <span class='ocrx_word' id='word_1_8' title='bbox 416 221 470 248; x_wconf 84' lang='grc' dir='ltr'><strong>τῶν</strong></span> <span class='ocrx_word' id='word_1_9' title='bbox 486 220 631 257; x_wconf 85' lang='grc' dir='ltr'><strong>θησαυρῶν</strong></span> <span class='ocrx_word' id='word_1_10' title='bbox 644 221 700 256; x_wconf 87' lang='grc'>(90)</span> <span class='ocrx_word' id='word_1_11' title='bbox 713 222 860 253; x_wconf 79' lang='grc' dir='ltr'>καταστὰς,</span> <span class='ocrx_word' id='word_1_12' title='bbox 875 221 920 248; x_wconf 75' lang='grc' dir='ltr'>καὶ</span> 
     </span>
    </p>
   </div>
   <div class='ocr_carea' id='block_1_5' title="bbox 972 220 1757 260">
    <p class='ocr_par' dir='ltr' id='par_1_5' title="bbox 972 221 1757 260">
     <span class='ocr_line' id='line_1_5' title="bbox 972 221 1757 260; baseline 0.005 -12"><span class='ocrx_word' id='word_1_13' title='bbox 972 222 1134 254; x_wconf 88' lang='lat' dir='ltr'><strong>commissa,</strong></span> <span class='ocrx_word' id='word_1_14' title='bbox 1160 229 1192 248; x_wconf 86' lang='lat' dir='ltr'><strong>ac</strong></span> <span class='ocrx_word' id='word_1_15' title='bbox 1216 221 1403 249; x_wconf 87' lang='lat' dir='ltr'><strong>thesaurorum</strong></span> <span class='ocrx_word' id='word_1_16' title='bbox 1428 229 1512 256; x_wconf 86' lang='lat' dir='ltr'><strong>cura,</strong></span> <span class='ocrx_word' id='word_1_17' title='bbox 1533 222 1757 260; x_wconf 85' lang='lat' dir='ltr'><strong>publicarumque</strong></span> 
     </span>
    </p>
   </div>
   <div class='ocr_carea' id='block_1_6' title="bbox 129 266 920 303">
    <p class='ocr_par' dir='ltr' id='par_1_6' title="bbox 129 266 920 303">
     <span class='ocr_line' id='line_1_6' title="bbox 129 266 920 303; baseline -0.001 -9"><span class='ocrx_word' id='word_1_18' title='bbox 129 267 231 303; x_wconf 80' lang='grc' dir='ltr'>ταμίας</span> <span class='ocrx_word' id='word_1_19' title='bbox 244 267 298 294; x_wconf 87' lang='grc' dir='ltr'><strong>τῶν</strong></span> <span class='ocrx_word' id='word_1_20' title='bbox 312 267 451 303; x_wconf 76' lang='grc' dir='ltr'><strong>δημοσίων</strong></span> <span class='ocrx_word' id='word_1_21' title='bbox 478 267 627 303; x_wconf 85' lang='grc' dir='ltr'>χρημάτων</span> <span class='ocrx_word' id='word_1_22' title='bbox 645 266 713 303; x_wconf 77' lang='lat' dir='ltr'><strong>(9i),</strong></span> <span class='ocrx_word' id='word_1_23' title='bbox 737 268 766 293; x_wconf 79' lang='grc' dir='ltr'>ὲν</span> <span class='ocrx_word' id='word_1_24' title='bbox 781 267 819 302; x_wconf 85' lang='grc' dir='ltr'>τῷ</span> <span class='ocrx_word' id='word_1_25' title='bbox 834 267 920 303; x_wconf 84' lang='grc' dir='ltr'>καιρῷ</span> 
     </span>
    </p>
   </div>
   <div class='ocr_carea' id='block_1_7' title="bbox 129 312 921 349">
    <p class='ocr_par' dir='ltr' id='par_1_7' title="bbox 129 312 921 349">
     <span class='ocr_line' id='line_1_7' title="bbox 129 312 921 349; baseline -0.001 -10"><span class='ocrx_word' id='word_1_26' title='bbox 129 314 181 348; x_wconf 80' lang='grc' dir='ltr'>τῆς</span> <span class='ocrx_word' id='word_1_27' title='bbox 201 313 290 349; x_wconf 82' lang='grc' dir='ltr'>ἀρχῆς</span> <span class='ocrx_word' id='word_1_28' title='bbox 313 313 440 339; x_wconf 85' lang='grc' dir='ltr'>ἐτελεύτα</span> <span class='ocrx_word' id='word_1_29' title='bbox 455 313 500 339; x_wconf 78' lang='grc' dir='ltr'>τὸν</span> <span class='ocrx_word' id='word_1_30' title='bbox 515 313 589 348; x_wconf 82' lang='grc' dir='ltr'>βίον·</span> <span class='ocrx_word' id='word_1_31' title='bbox 610 312 664 339; x_wconf 72' lang='grc' dir='ltr'>ἔδει</span> <span class='ocrx_word' id='word_1_32' title='bbox 688 312 716 339; x_wconf 80' lang='grc' dir='ltr'>δὲ</span> <span class='ocrx_word' id='word_1_33' title='bbox 733 312 803 339; x_wconf 79' lang='grc' dir='ltr'>κατὰ</span> <span class='ocrx_word' id='word_1_34' title='bbox 823 313 921 348; x_wconf 83' lang='grc' dir='ltr'>νόμους</span> 
     </span>
    </p>
   </div>
   <div class='ocr_carea' id='block_1_8' title="bbox 129 357 920 393">
    <p class='ocr_par' dir='ltr' id='par_1_8' title="bbox 129 357 920 393">
     <span class='ocr_line' id='line_1_8' title="bbox 129 357 920 393; baseline -0.003 -7"><span class='ocrx_word' id='word_1_35' title='bbox 129 359 179 393; x_wconf 84' lang='grc' dir='ltr'>τῆς</span> <span class='ocrx_word' id='word_1_36' title='bbox 201 367 232 385; x_wconf 89' lang='grc' dir='ltr'><strong>τε</strong></span> <span class='ocrx_word' id='word_1_37' title='bbox 248 358 341 390; x_wconf 84' lang='grc' dir='ltr'><strong>οὐσίας</strong></span> <span class='ocrx_word' id='word_1_38' title='bbox 360 358 407 385; x_wconf 82' lang='grc' dir='ltr'>τοῦ</span> <span class='ocrx_word' id='word_1_39' title='bbox 432 358 527 389; x_wconf 84' lang='grc' dir='ltr'>παιδὸς</span> <span class='ocrx_word' id='word_1_40' title='bbox 553 357 598 384; x_wconf 77' lang='grc' dir='ltr'>τὸν</span> <span class='ocrx_word' id='word_1_41' title='bbox 623 357 730 393; x_wconf 83' lang='grc' dir='ltr'>πατέρα</span> <span class='ocrx_word' id='word_1_42' title='bbox 755 357 920 393; x_wconf 77' lang='grc' dir='ltr'><strong>κληρονόμον</strong></span> 
     </span>
    </p>
   </div>
   <div class='ocr_carea' id='block_1_9' title="bbox 130 403 920 439">
    <p class='ocr_par' dir='ltr' id='par_1_9' title="bbox 130 403 920 439">
     <span class='ocr_line' id='line_1_9' title="bbox 130 403 920 439; baseline -0.001 -9"><span class='ocrx_word' id='word_1_43' title='bbox 130 403 319 439; x_wconf 79' lang='grc' dir='ltr'><strong>ἀναδειχθῆναι</strong></span> <span class='ocrx_word' id='word_1_44' title='bbox 335 403 402 439; x_wconf 74' lang='grc'>(92),</span> <span class='ocrx_word' id='word_1_45' title='bbox 418 404 464 430; x_wconf 79' lang='grc' dir='ltr'>καὶ</span> <span class='ocrx_word' id='word_1_46' title='bbox 481 403 531 434; x_wconf 72' lang='grc' dir='ltr'><strong>τὰς</strong></span> <span class='ocrx_word' id='word_1_47' title='bbox 550 403 689 437; x_wconf 81' lang='grc' dir='ltr'>ὲναγωγὰς</span> <span class='ocrx_word' id='word_1_48' title='bbox 706 403 760 429; x_wconf 85' lang='grc' dir='ltr'><strong>τῶν</strong></span> <span class='ocrx_word' id='word_1_49' title='bbox 776 403 920 430; x_wconf 80' lang='grc' dir='ltr'><strong>κινούντων</strong></span> 
     </span>
    </p>
   </div>
   <div class='ocr_carea' id='block_1_10' title="bbox 131 449 921 485">
    <p class='ocr_par' dir='ltr' id='par_1_10' title="bbox 131 449 921 485">
     <span class='ocr_line' id='line_1_10' title="bbox 131 449 921 485; baseline 0 -9"><span class='ocrx_word' id='word_1_50' title='bbox 131 449 203 476; x_wconf 81' lang='grc' dir='ltr'>κατὰ</span> <span class='ocrx_word' id='word_1_51' title='bbox 218 451 264 477; x_wconf 78' lang='grc' dir='ltr'><strong>τοῦ</strong></span> <span class='ocrx_word' id='word_1_52' title='bbox 275 450 416 485; x_wconf 79' lang='grc' dir='ltr'><strong>οἰχομένου</strong></span> <span class='ocrx_word' id='word_1_53' title='bbox 433 451 474 484; x_wconf 70' lang='grc' dir='ltr'><strong>ἐφ’</strong></span> <span class='ocrx_word' id='word_1_54' title='bbox 496 449 591 476; x_wconf 75' lang='grc' dir='ltr'>ἑαυτὸν</span> <span class='ocrx_word' id='word_1_55' title='bbox 613 449 833 485; x_wconf 69' lang='grc' dir='ltr'><strong>μεταστήσασθαι</strong></span> <span class='ocrx_word' id='word_1_56' title='bbox 860 458 921 476; x_wconf 88' lang='grc' dir='ltr'>συν-</span> 
     </span>
    </p>
   </div>
   <div class='ocr_carea' id='block_1_11' title="bbox 131 495 921 532">
    <p class='ocr_par' dir='ltr' id='par_1_11' title="bbox 131 495 921 532">
     <span class='ocr_line' id='line_1_11' title="bbox 131 495 921 532; baseline -0.001 -10"><span class='ocrx_word' id='word_1_57' title='bbox 131 496 179 532; x_wconf 72' lang='grc' dir='ltr'><strong>έϐη</strong></span> <span class='ocrx_word' id='word_1_58' title='bbox 196 495 286 530; x_wconf 85' lang='grc' dir='ltr'>πολλῷ</span> <span class='ocrx_word' id='word_1_59' title='bbox 301 496 412 531; x_wconf 77' lang='grc' dir='ltr'>ταράχῳ</span> <span class='ocrx_word' id='word_1_60' title='bbox 438 496 484 522; x_wconf 84' lang='grc' dir='ltr'>τὸν</span> <span class='ocrx_word' id='word_1_61' title='bbox 506 496 594 531; x_wconf 86' lang='grc' dir='ltr'>μέγαν</span> <span class='ocrx_word' id='word_1_62' title='bbox 619 495 792 531; x_wconf 81' lang='grc' dir='ltr'>ὲνειληθῆναι</span> <span class='ocrx_word' id='word_1_63' title='bbox 817 496 921 531; x_wconf 86' lang='grc' dir='ltr'>Γρηγό-</span> 
     </span>
    </p>
   </div>
   <div class='ocr_carea' id='block_1_12' title="bbox 131 540 920 578">
    <p class='ocr_par' dir='ltr' id='par_1_12' title="bbox 131 540 920 578">
     <span class='ocr_line' id='line_1_12' title="bbox 131 540 920 578; baseline 0 -10"><span class='ocrx_word' id='word_1_64' title='bbox 131 551 199 578; x_wconf 87' lang='grc' dir='ltr'>ριον,</span> <span class='ocrx_word' id='word_1_65' title='bbox 225 541 331 569; x_wconf 82' lang='grc' dir='ltr'>πολλῶν</span> <span class='ocrx_word' id='word_1_66' title='bbox 358 542 468 577; x_wconf 83' lang='grc' dir='ltr'>κομιδῆ,</span> <span class='ocrx_word' id='word_1_67' title='bbox 493 540 538 568; x_wconf 80' lang='grc' dir='ltr'>οἷα</span> <span class='ocrx_word' id='word_1_68' title='bbox 553 541 643 568; x_wconf 80' lang='grc' dir='ltr'>κυνῶν</span> <span class='ocrx_word' id='word_1_69' title='bbox 667 542 871 577; x_wconf 77' lang='grc' dir='ltr'>ἐπιδραμόντων</span> <span class='ocrx_word' id='word_1_70' title='bbox 888 543 920 577; x_wconf 83' lang='grc' dir='ltr'>τῇ</span> 
     </span>
    </p>
   </div>
   <div class='ocr_carea' id='block_1_13' title="bbox 131 585 920 622">
    <p class='ocr_par' dir='ltr' id='par_1_13' title="bbox 131 585 920 622">
     <span class='ocr_line' id='line_1_13' title="bbox 131 585 920 622; baseline 0.003 -10"><span class='ocrx_word' id='word_1_71' title='bbox 131 585 212 622; x_wconf 79' lang='grc' dir='ltr'>θήρᾳ,</span> <span class='ocrx_word' id='word_1_72' title='bbox 238 587 346 622; x_wconf 88' lang='grc' dir='ltr'>ὲρήμην</span> <span class='ocrx_word' id='word_1_73' title='bbox 373 586 504 621; x_wconf 67' lang='grc' dir='ltr'>οἰομένων</span> <span class='ocrx_word' id='word_1_74' title='bbox 522 586 655 621; x_wconf 76' lang='grc' dir='ltr'><strong>λήψεσθαι</strong></span> <span class='ocrx_word' id='word_1_75' title='bbox 683 587 732 622; x_wconf 89' lang='grc' dir='ltr'>τὴν</span> <span class='ocrx_word' id='word_1_76' title='bbox 755 587 849 614; x_wconf 83' lang='grc' dir='ltr'>οὐσίαν</span> <span class='ocrx_word' id='word_1_77' title='bbox 874 587 920 614; x_wconf 85' lang='grc' dir='ltr'>τοῦ</span> 
     </span>
    </p>
   </div>
   <div class='ocr_carea' id='block_1_14' title="bbox 129 632 921 668">
    <p class='ocr_par' dir='ltr' id='par_1_14' title="bbox 129 632 921 668">
     <span class='ocr_line' id='line_1_14' title="bbox 129 632 921 668; baseline 0.003 -10"><span class='ocrx_word' id='word_1_78' title='bbox 129 632 350 667; x_wconf 84' lang='grc' dir='ltr'>τελευτήσαντος.</span> <span class='ocrx_word' id='word_1_79' title='bbox 363 633 418 659; x_wconf 71' lang='grc' dir='ltr'><strong>Καὶ</strong></span> <span class='ocrx_word' id='word_1_80' title='bbox 433 633 447 658; x_wconf 90' lang='grc' dir='ltr'>ὁ</span> <span class='ocrx_word' id='word_1_81' title='bbox 463 632 513 668; x_wconf 79' lang='grc' dir='ltr'>μὲν</span> <span class='ocrx_word' id='word_1_82' title='bbox 532 633 633 668; x_wconf 76' lang='grc' dir='ltr'>πατὴρ,</span> <span class='ocrx_word' id='word_1_83' title='bbox 650 633 723 668; x_wconf 78' lang='grc' dir='ltr'>γήρᾳ</span> <span class='ocrx_word' id='word_1_84' title='bbox 741 642 769 660; x_wconf 82' lang='grc' dir='ltr'><strong>τε</strong></span> <span class='ocrx_word' id='word_1_85' title='bbox 789 634 835 660; x_wconf 86' lang='grc' dir='ltr'>καὶ</span> <span class='ocrx_word' id='word_1_86' title='bbox 851 634 921 668; x_wconf 77' lang='grc' dir='ltr'>νόσῳ</span> 
     </span>
    </p>
   </div>
   <div class='ocr_carea' id='block_1_15' title="bbox 130 677 921 715">
    <p class='ocr_par' dir='ltr' id='par_1_15' title="bbox 130 677 921 715">
     <span class='ocr_line' id='line_1_15' title="bbox 130 677 921 715; baseline 0.003 -11"><span class='ocrx_word' id='word_1_87' title='bbox 130 677 278 712; x_wconf 71' lang='grc' dir='ltr'>καμφθεὶς,</span> <span class='ocrx_word' id='word_1_88' title='bbox 291 678 467 713; x_wconf 72' lang='grc' dir='ltr'>ἐννενήκοντα</span> <span class='ocrx_word' id='word_1_89' title='bbox 484 679 534 714; x_wconf 75' lang='grc' dir='ltr'>ἤδη</span> <span class='ocrx_word' id='word_1_90' title='bbox 545 678 678 714; x_wconf 84' lang='grc' dir='ltr'>διηνυκὼς</span> <span class='ocrx_word' id='word_1_91' title='bbox 693 679 806 715; x_wconf 82' lang='grc' dir='ltr'>ἕτη,τὴν</span> <span class='ocrx_word' id='word_1_92' title='bbox 821 680 852 706; x_wconf 77' lang='grc' dir='ltr'>ἐκ</span> <span class='ocrx_word' id='word_1_93' title='bbox 867 680 921 706; x_wconf 87' lang='grc' dir='ltr'><strong>τῶν</strong></span> 
     </span>
    </p>
   </div>
   <div class='ocr_carea' id='block_1_16' title="bbox 130 723 921 761">
    <p class='ocr_par' dir='ltr' id='par_1_16' title="bbox 130 723 921 761">
     <span class='ocr_line' id='line_1_16' title="bbox 130 723 921 761; baseline 0.005 -12"><span class='ocrx_word' id='word_1_94' title='bbox 130 723 312 759; x_wconf 77' lang='grc' dir='ltr'>δικαστηρίων</span> <span class='ocrx_word' id='word_1_95' title='bbox 334 724 477 760; x_wconf 79' lang='grc' dir='ltr'>συντριϐὴν</span> <span class='ocrx_word' id='word_1_96' title='bbox 496 724 589 761; x_wconf 71' lang='grc' dir='ltr'>φέρειν</span> <span class='ocrx_word' id='word_1_97' title='bbox 602 725 651 751; x_wconf 74' lang='grc' dir='ltr'>οὐκ</span> <span class='ocrx_word' id='word_1_98' title='bbox 666 725 788 752; x_wconf 77' lang='grc' dir='ltr'><strong>ἔσθενεν·</strong></span> <span class='ocrx_word' id='word_1_99' title='bbox 808 727 848 758; x_wconf 79' lang='grc' dir='ltr'><strong>εἰς</strong></span> <span class='ocrx_word' id='word_1_100' title='bbox 861 726 921 753; x_wconf 82' lang='grc' dir='ltr'><strong>τοῦ-</strong></span> 
     </span>
    </p>
   </div>
   <div class='ocr_carea' id='block_1_17' title="bbox 130 768 921 808">
    <p class='ocr_par' dir='ltr' id='par_1_17' title="bbox 130 768 921 808">
     <span class='ocr_line' id='line_1_17' title="bbox 130 768 921 808; baseline 0.004 -13"><span class='ocrx_word' id='word_1_101' title='bbox 130 778 175 796; x_wconf 89' lang='grc' dir='ltr'><strong>τον</strong></span> <span class='ocrx_word' id='word_1_102' title='bbox 187 769 219 805; x_wconf 83' lang='grc' dir='ltr'>δὴ</span> <span class='ocrx_word' id='word_1_103' title='bbox 235 768 281 796; x_wconf 77' lang='grc' dir='ltr'><strong>οὖν</strong></span> <span class='ocrx_word' id='word_1_104' title='bbox 297 771 372 798; x_wconf 78' lang='grc' dir='ltr'>πᾶσα</span> <span class='ocrx_word' id='word_1_105' title='bbox 390 772 406 806; x_wconf 88' lang='grc' dir='ltr'>ἡ</span> <span class='ocrx_word' id='word_1_106' title='bbox 426 772 535 807; x_wconf 69' lang='grc' dir='ltr'>φροντὶς</span> <span class='ocrx_word' id='word_1_107' title='bbox 556 771 724 807; x_wconf 80' lang='grc' dir='ltr'>περιίστατο.</span> <span class='ocrx_word' id='word_1_108' title='bbox 742 772 816 808; x_wconf 89' lang='grc' dir='ltr'>ΙΙλήν</span> <span class='ocrx_word' id='word_1_109' title='bbox 839 781 870 807; x_wconf 87' lang='grc' dir='ltr'><strong>γε</strong></span> <span class='ocrx_word' id='word_1_110' title='bbox 889 773 921 808; x_wconf 80' lang='grc' dir='ltr'>δὴ</span> 
     </span>
    </p>
   </div>
   <div class='ocr_carea' id='block_1_18' title="bbox 131 815 921 854">
    <p class='ocr_par' dir='ltr' id='par_1_18' title="bbox 131 815 921 854">
     <span class='ocr_line' id='line_1_18' title="bbox 131 815 921 854; baseline 0.005 -13"><span class='ocrx_word' id='word_1_111' title='bbox 131 815 148 850; x_wconf 82' lang='grc' dir='ltr'><strong>ἡ</strong></span> <span class='ocrx_word' id='word_1_112' title='bbox 163 816 230 851; x_wconf 85' lang='grc' dir='ltr'>πρὸς</span> <span class='ocrx_word' id='word_1_113' title='bbox 246 818 335 851; x_wconf 78' lang='grc' dir='ltr'>γονεῖς</span> <span class='ocrx_word' id='word_1_114' title='bbox 349 817 482 852; x_wconf 82' lang='grc' dir='ltr'>θεραπεία</span> <span class='ocrx_word' id='word_1_115' title='bbox 500 818 546 844; x_wconf 78' lang='grc' dir='ltr'>καὶ</span> <span class='ocrx_word' id='word_1_116' title='bbox 563 818 598 845; x_wconf 80' lang='grc' dir='ltr'><strong>τὰ</strong></span> <span class='ocrx_word' id='word_1_117' title='bbox 610 818 728 854; x_wconf 80' lang='grc' dir='ltr'><strong>δυσχερῆ</strong></span> <span class='ocrx_word' id='word_1_118' title='bbox 742 818 921 854; x_wconf 75' lang='grc' dir='ltr'>κατεμέριζεν</span> 
     </span>
    </p>
   </div>
   <div class='ocr_carea' id='block_1_19' title="bbox 131 862 921 901">
    <p class='ocr_par' dir='ltr' id='par_1_19' title="bbox 131 862 921 901">
     <span class='ocr_line' id='line_1_19' title="bbox 131 862 921 901; baseline 0.006 -14"><span class='ocrx_word' id='word_1_119' title='bbox 131 862 218 888; x_wconf 74' lang='grc' dir='ltr'>ἐλπίδι</span> <span class='ocrx_word' id='word_1_120' title='bbox 237 862 291 888; x_wconf 86' lang='grc' dir='ltr'><strong>τῶν</strong></span> <span class='ocrx_word' id='word_1_121' title='bbox 312 863 531 898; x_wconf 82' lang='grc' dir='ltr'>ὲναποκειμένων</span> <span class='ocrx_word' id='word_1_122' title='bbox 551 864 655 899; x_wconf 85' lang='grc' dir='ltr'>μισθῶν</span> <span class='ocrx_word' id='word_1_123' title='bbox 679 865 746 901; x_wconf 79' lang='grc'>(95),</span> <span class='ocrx_word' id='word_1_124' title='bbox 765 866 789 892; x_wconf 84' lang='grc' dir='ltr'>οἳ</span> <span class='ocrx_word' id='word_1_125' title='bbox 809 867 865 898; x_wconf 83' lang='grc' dir='ltr'>τοῖς</span> <span class='ocrx_word' id='word_1_126' title='bbox 881 867 921 898; x_wconf 76' lang='grc' dir='ltr'><strong>είς</strong></span> 
     </span>
    </p>
   </div>
   <div class='ocr_carea' id='block_1_20' title="bbox 130 907 652 946">
    <p class='ocr_par' dir='ltr' id='par_1_20' title="bbox 130 907 652 946">
     <span class='ocr_line' id='line_1_20' title="bbox 130 907 652 946; baseline 0.006 -12"><span class='ocrx_word' id='word_1_127' title='bbox 130 907 226 942; x_wconf 83' lang='grc' dir='ltr'>γονέας</span> <span class='ocrx_word' id='word_1_128' title='bbox 240 908 420 944; x_wconf 73' lang='grc' dir='ltr'>εὐσεϐήσασιν</span> <span class='ocrx_word' id='word_1_129' title='bbox 433 910 652 946; x_wconf 77' lang='grc' dir='ltr'>ἐπηγγέλθησαν.</span> 
     </span>
    </p>
   </div>
   <div class='ocr_carea' id='block_1_21' title="bbox 172 999 919 1039">
    <p class='ocr_par' dir='ltr' id='par_1_21' title="bbox 172 999 919 1039">
     <span class='ocr_line' id='line_1_21' title="bbox 172 999 919 1039; baseline 0.005 -13"><span class='ocrx_word' id='word_1_130' title='bbox 172 999 295 1034; x_wconf 83' lang='grc' dir='ltr'>Ἐγένετο</span> <span class='ocrx_word' id='word_1_131' title='bbox 315 1001 343 1027; x_wconf 77' lang='grc' dir='ltr'>δὲ</span> <span class='ocrx_word' id='word_1_132' title='bbox 361 1001 409 1028; x_wconf 82' lang='grc' dir='ltr'><strong>καί</strong></span> <span class='ocrx_word' id='word_1_133' title='bbox 425 1010 449 1028; x_wconf 83' lang='grc' dir='ltr'><strong>τι</strong></span> <span class='ocrx_word' id='word_1_134' title='bbox 466 1001 586 1029; x_wconf 80' lang='grc' dir='ltr'>τοιοῦτον</span> <span class='ocrx_word' id='word_1_135' title='bbox 602 1000 650 1038; x_wconf 81' lang='grc' dir='ltr'>τῆς</span> <span class='ocrx_word' id='word_1_136' title='bbox 671 1003 841 1039; x_wconf 85' lang='grc' dir='ltr'>Ἀρειανικῆς</span> <span class='ocrx_word' id='word_1_137' title='bbox 864 1003 919 1038; x_wconf 69' lang='grc'>(94)</span> 
     </span>
    </p>
   </div>
   <div class='ocr_carea' id='block_1_22' title="bbox 132 1046 922 1084">
    <p class='ocr_par' dir='ltr' id='par_1_22' title="bbox 132 1046 922 1084">
     <span class='ocr_line' id='line_1_22' title="bbox 132 1046 922 1084; baseline 0.004 -12"><span class='ocrx_word' id='word_1_138' title='bbox 132 1046 266 1081; x_wconf 81' lang='grc' dir='ltr'>αἱρέσεως</span> <span class='ocrx_word' id='word_1_139' title='bbox 280 1046 323 1073; x_wconf 77' lang='grc' dir='ltr'><strong>διὰ</strong></span> <span class='ocrx_word' id='word_1_140' title='bbox 340 1046 393 1074; x_wconf 79' lang='grc' dir='ltr'><strong>τῶν</strong></span> <span class='ocrx_word' id='word_1_141' title='bbox 409 1048 571 1083; x_wconf 79' lang='grc' dir='ltr'>πνευμάτων</span> <span class='ocrx_word' id='word_1_142' title='bbox 587 1048 637 1083; x_wconf 85' lang='grc' dir='ltr'>τῆς</span> <span class='ocrx_word' id='word_1_143' title='bbox 658 1049 790 1084; x_wconf 80' lang='grc' dir='ltr'>πονηρίας</span> <span class='ocrx_word' id='word_1_144' title='bbox 811 1048 922 1075; x_wconf 78' lang='grc' dir='ltr'>ἐπικλυ-</span> 
     </span>
    </p>
   </div>
   <div class='ocr_carea' id='block_1_23' title="bbox 131 1091 920 1129">
    <p class='ocr_par' dir='ltr' id='par_1_23' title="bbox 131 1091 920 1129">
     <span class='ocr_line' id='line_1_23' title="bbox 131 1091 920 1129; baseline 0.003 -11"><span class='ocrx_word' id='word_1_145' title='bbox 131 1091 230 1127; x_wconf 78' lang='grc' dir='ltr'>ζούσης</span> <span class='ocrx_word' id='word_1_146' title='bbox 244 1092 293 1127; x_wconf 85' lang='grc' dir='ltr'>τὴν</span> <span class='ocrx_word' id='word_1_147' title='bbox 316 1092 489 1128; x_wconf 87' lang='grc' dir='ltr'>Ἐκκλησίαν.</span> <span class='ocrx_word' id='word_1_148' title='bbox 510 1093 607 1120; x_wconf 78' lang='grc' dir='ltr'>Πολλοὶ</span> <span class='ocrx_word' id='word_1_149' title='bbox 624 1093 678 1120; x_wconf 86' lang='grc' dir='ltr'><strong>τῶν</strong></span> <span class='ocrx_word' id='word_1_150' title='bbox 697 1095 848 1129; x_wconf 83' lang='grc' dir='ltr'>ἀρχιερέων</span> <span class='ocrx_word' id='word_1_151' title='bbox 867 1094 920 1120; x_wconf 87' lang='grc' dir='ltr'><strong>τῶν</strong></span> 
     </span>
    </p>
   </div>
   <div class='ocr_carea' id='block_1_24' title="bbox 131 1136 921 1174">
    <p class='ocr_par' dir='ltr' id='par_1_24' title="bbox 131 1136 921 1174">
     <span class='ocr_line' id='line_1_24' title="bbox 131 1136 921 1174; baseline 0.004 -12"><span class='ocrx_word' id='word_1_152' title='bbox 131 1136 235 1163; x_wconf 85' lang='grc' dir='ltr'>πόλεων</span> <span class='ocrx_word' id='word_1_153' title='bbox 249 1137 486 1172; x_wconf 80' lang='grc' dir='ltr'>ὑπερωρίσθησαν,</span> <span class='ocrx_word' id='word_1_154' title='bbox 511 1138 613 1170; x_wconf 77' lang='grc' dir='ltr'>αἰκίαις</span> <span class='ocrx_word' id='word_1_155' title='bbox 634 1147 664 1165; x_wconf 84' lang='grc' dir='ltr'><strong>τε</strong></span> <span class='ocrx_word' id='word_1_156' title='bbox 681 1138 858 1174; x_wconf 80' lang='grc' dir='ltr'>πολυτρόποις</span> <span class='ocrx_word' id='word_1_157' title='bbox 874 1139 921 1165; x_wconf 78' lang='grc' dir='ltr'>καὶ</span> 
     </span>
    </p>
   </div>
   <div class='ocr_carea' id='block_1_25' title="bbox 133 1182 920 1220">
    <p class='ocr_par' dir='ltr' id='par_1_25' title="bbox 133 1182 920 1220">
     <span class='ocr_line' id='line_1_25' title="bbox 133 1182 920 1220; baseline 0.003 -12"><span class='ocrx_word' id='word_1_158' title='bbox 133 1182 322 1217; x_wconf 66' lang='grc' dir='ltr'>συκοφαντίαις</span> <span class='ocrx_word' id='word_1_159' title='bbox 339 1182 522 1218; x_wconf 78' lang='grc' dir='ltr'>ὲκδεδομένοι·</span> <span class='ocrx_word' id='word_1_160' title='bbox 546 1184 627 1220; x_wconf 78' lang='grc' dir='ltr'>ιερεῖς</span> <span class='ocrx_word' id='word_1_161' title='bbox 647 1192 676 1209; x_wconf 89' lang='grc' dir='ltr'><strong>τε</strong></span> <span class='ocrx_word' id='word_1_162' title='bbox 693 1185 740 1210; x_wconf 68' lang='grc' dir='ltr'><strong>καὶ</strong></span> <span class='ocrx_word' id='word_1_163' title='bbox 755 1184 819 1210; x_wconf 78' lang='grc' dir='ltr'>λαοῦ</span> <span class='ocrx_word' id='word_1_164' title='bbox 845 1193 920 1219; x_wconf 87' lang='grc' dir='ltr'>παμ-</span> 
     </span>
    </p>
   </div>
   <div class='ocr_carea' id='block_1_26' title="bbox 131 1228 919 1266">
    <p class='ocr_par' dir='ltr' id='par_1_26' title="bbox 131 1228 919 1266">
     <span class='ocr_line' id='line_1_26' title="bbox 131 1228 919 1266; baseline 0.003 -12"><span class='ocrx_word' id='word_1_165' title='bbox 131 1228 226 1263; x_wconf 78' lang='grc' dir='ltr'>πληθῆ</span> <span class='ocrx_word' id='word_1_166' title='bbox 240 1229 399 1264; x_wconf 77' lang='grc' dir='ltr'>συστήματα</span> <span class='ocrx_word' id='word_1_167' title='bbox 412 1230 441 1255; x_wconf 78' lang='grc' dir='ltr'>ὲν</span> <span class='ocrx_word' id='word_1_168' title='bbox 459 1229 582 1265; x_wconf 82' lang='grc' dir='ltr'>ὑπαίθρῳ</span> <span class='ocrx_word' id='word_1_169' title='bbox 595 1229 840 1266; x_wconf 76' lang='grc' dir='ltr'>ἐταλαιπωροῦντο,</span> <span class='ocrx_word' id='word_1_170' title='bbox 859 1229 919 1256; x_wconf 74' lang='grc' dir='ltr'>οὔτε</span> 
     </span>
    </p>
   </div>
   <div class='ocr_carea' id='block_1_27' title="bbox 131 1275 920 1312">
    <p class='ocr_par' dir='ltr' id='par_1_27' title="bbox 131 1275 920 1312">
     <span class='ocr_line' id='line_1_27' title="bbox 131 1275 920 1312; baseline 0.004 -12"><span class='ocrx_word' id='word_1_171' title='bbox 131 1275 223 1306; x_wconf 71' lang='grc' dir='ltr'>οἴκους</span> <span class='ocrx_word' id='word_1_172' title='bbox 239 1275 395 1310; x_wconf 85' lang='grc' dir='ltr'>προσευχῆς</span> <span class='ocrx_word' id='word_1_173' title='bbox 416 1275 534 1310; x_wconf 77' lang='grc' dir='ltr'>ἔχοντες,</span> <span class='ocrx_word' id='word_1_174' title='bbox 560 1276 622 1302; x_wconf 76' lang='grc' dir='ltr'>οὔτε</span> <span class='ocrx_word' id='word_1_175' title='bbox 644 1277 693 1312; x_wconf 82' lang='grc' dir='ltr'>τῆς</span> <span class='ocrx_word' id='word_1_176' title='bbox 714 1277 746 1303; x_wconf 82' lang='grc' dir='ltr'>ὲκ</span> <span class='ocrx_word' id='word_1_177' title='bbox 760 1276 814 1303; x_wconf 76' lang='grc' dir='ltr'><strong>τῶν</strong></span> <span class='ocrx_word' id='word_1_178' title='bbox 831 1277 920 1311; x_wconf 86' lang='grc' dir='ltr'>νόμων</span> 
     </span>
    </p>
   </div>
   <div class='ocr_carea' id='block_1_28' title="bbox 130 1318 919 1355">
    <p class='ocr_par' dir='ltr' id='par_1_28' title="bbox 130 1318 919 1355">
     <span class='ocr_line' id='line_1_28' title="bbox 130 1318 919 1355; baseline 0.003 -10"><span class='ocrx_word' id='word_1_179' title='bbox 130 1318 304 1354; x_wconf 81' lang='grc' dir='ltr'>δικαιοσύνης</span> <span class='ocrx_word' id='word_1_180' title='bbox 321 1321 378 1351; x_wconf 83' lang='grc' dir='ltr'>τοῖς</span> <span class='ocrx_word' id='word_1_181' title='bbox 397 1320 523 1346; x_wconf 76' lang='grc' dir='ltr'>ἀσεϐέσιν</span> <span class='ocrx_word' id='word_1_182' title='bbox 537 1320 566 1353; x_wconf 77' lang='grc' dir='ltr'>ἐξ</span> <span class='ocrx_word' id='word_1_183' title='bbox 581 1320 638 1346; x_wconf 80' lang='grc' dir='ltr'>ἴσου</span> <span class='ocrx_word' id='word_1_184' title='bbox 655 1319 919 1355; x_wconf 72' lang='grc' dir='ltr'>μεταλαμϐάνοντες,</span> 
     </span>
    </p>
   </div>
   <div class='ocr_carea' id='block_1_29' title="bbox 131 1365 919 1401">
    <p class='ocr_par' dir='ltr' id='par_1_29' title="bbox 131 1365 919 1401">
     <span class='ocr_line' id='line_1_29' title="bbox 131 1365 919 1401; baseline 0 -9"><span class='ocrx_word' id='word_1_185' title='bbox 131 1366 221 1392; x_wconf 79' lang='grc' dir='ltr'>πάντα</span> <span class='ocrx_word' id='word_1_186' title='bbox 240 1365 332 1401; x_wconf 84' lang='grc' dir='ltr'>σχεδὸν</span> <span class='ocrx_word' id='word_1_187' title='bbox 349 1367 397 1401; x_wconf 84' lang='grc' dir='ltr'>τῆς</span> <span class='ocrx_word' id='word_1_188' title='bbox 413 1367 543 1401; x_wconf 77' lang='grc' dir='ltr'>αἱρέσεως</span> <span class='ocrx_word' id='word_1_189' title='bbox 557 1365 739 1401; x_wconf 81' lang='grc' dir='ltr'>ὲπιλαὸούσης</span> <span class='ocrx_word' id='word_1_190' title='bbox 752 1366 787 1392; x_wconf 80' lang='grc' dir='ltr'><strong>τὰ</strong></span> <span class='ocrx_word' id='word_1_191' title='bbox 803 1365 919 1401; x_wconf 87' lang='grc' dir='ltr'>πέρατα,</span> 
     </span>
    </p>
   </div>
   <div class='ocr_carea' id='block_1_30' title="bbox 131 1412 920 1448">
    <p class='ocr_par' dir='ltr' id='par_1_30' title="bbox 131 1412 920 1448">
     <span class='ocr_line' id='line_1_30' title="bbox 131 1412 920 1448; baseline 0 -10"><span class='ocrx_word' id='word_1_192' title='bbox 131 1412 257 1448; x_wconf 78' lang='grc' dir='ltr'>βασιλικῇ</span> <span class='ocrx_word' id='word_1_193' title='bbox 273 1420 300 1438; x_wconf 85' lang='grc' dir='ltr'><strong>τε</strong></span> <span class='ocrx_word' id='word_1_194' title='bbox 318 1412 388 1447; x_wconf 85' lang='grc' dir='ltr'>χειρὶ</span> <span class='ocrx_word' id='word_1_195' title='bbox 407 1412 454 1438; x_wconf 77' lang='grc' dir='ltr'><strong>καὶ</strong></span> <span class='ocrx_word' id='word_1_196' title='bbox 467 1412 580 1447; x_wconf 65' lang='grc' dir='ltr'><strong>ἀσεὸείᾳ⁵</strong></span> <span class='ocrx_word' id='word_1_197' title='bbox 592 1412 804 1448; x_wconf 82' lang='grc' dir='ltr'>θρασυνομένης.</span> <span class='ocrx_word' id='word_1_198' title='bbox 828 1412 920 1448; x_wconf 83' lang='grc' dir='ltr'>Ἐδόθη</span> 
     </span>
    </p>
   </div>
   <div class='ocr_carea' id='block_1_31' title="bbox 131 1455 921 1493">
    <p class='ocr_par' dir='ltr' id='par_1_31' title="bbox 131 1455 921 1493">
     <span class='ocr_line' id='line_1_31' title="bbox 131 1455 921 1493; baseline -0.003 -9"><span class='ocrx_word' id='word_1_199' title='bbox 131 1457 153 1483; x_wconf 83' lang='grc' dir='ltr'>δ’</span> <span class='ocrx_word' id='word_1_200' title='bbox 169 1455 217 1484; x_wconf 85' lang='grc' dir='ltr'><strong>οὖν</strong></span> <span class='ocrx_word' id='word_1_201' title='bbox 246 1457 388 1493; x_wconf 76' lang='grc' dir='ltr'>παρρησία</span> <span class='ocrx_word' id='word_1_202' title='bbox 415 1459 471 1489; x_wconf 84' lang='grc' dir='ltr'>τοῖς</span> <span class='ocrx_word' id='word_1_203' title='bbox 495 1457 626 1492; x_wconf 82' lang='grc' dir='ltr'>ὀλεθρίοις</span> <span class='ocrx_word' id='word_1_204' title='bbox 649 1457 777 1493; x_wconf 81' lang='grc' dir='ltr'>ποιμέσι,</span> <span class='ocrx_word' id='word_1_205' title='bbox 805 1457 851 1483; x_wconf 74' lang='grc' dir='ltr'>καὶ</span> <span class='ocrx_word' id='word_1_206' title='bbox 882 1456 921 1492; x_wconf 81' lang='grc' dir='ltr'>τῷ</span> 
     </span>
    </p>
   </div>
   <div class='ocr_carea' id='block_1_32' title="bbox 132 1503 921 1539">
    <p class='ocr_par' dir='ltr' id='par_1_32' title="bbox 132 1503 921 1539">
     <span class='ocr_line' id='line_1_32' title="bbox 132 1503 921 1539; baseline 0.001 -10"><span class='ocrx_word' id='word_1_207' title='bbox 132 1504 230 1539; x_wconf 80' lang='grc' dir='ltr'>ἡμέρῳ</span> <span class='ocrx_word' id='word_1_208' title='bbox 240 1504 329 1539; x_wconf 78' lang='grc' dir='ltr'>κωδίῳ</span> <span class='ocrx_word' id='word_1_209' title='bbox 338 1503 394 1538; x_wconf 73' lang='grc'>(93)</span> <span class='ocrx_word' id='word_1_210' title='bbox 405 1503 450 1530; x_wconf 82' lang='grc' dir='ltr'>τὸν</span> <span class='ocrx_word' id='word_1_211' title='bbox 464 1503 544 1530; x_wconf 81' lang='grc' dir='ltr'>λύκον</span> <span class='ocrx_word' id='word_1_212' title='bbox 553 1503 798 1539; x_wconf 77' lang='grc' dir='ltr'>περικαλύπτουσι,</span> <span class='ocrx_word' id='word_1_213' title='bbox 811 1503 921 1535; x_wconf 72' lang='grc' dir='ltr'>ἐξωθεῖν</span> 
     </span>
    </p>
   </div>
   <div class='ocr_carea' id='block_1_33' title="bbox 132 1548 920 1585">
    <p class='ocr_par' dir='ltr' id='par_1_33' title="bbox 132 1548 920 1585">
     <span class='ocr_line' id='line_1_33' title="bbox 132 1548 920 1585; baseline -0.001 -9"><span class='ocrx_word' id='word_1_214' title='bbox 132 1551 194 1581; x_wconf 78' lang='grc' dir='ltr'>τοὺς</span> <span class='ocrx_word' id='word_1_215' title='bbox 219 1551 330 1581; x_wconf 76' lang='grc' dir='ltr'>πιστοὺς</span> <span class='ocrx_word' id='word_1_216' title='bbox 356 1549 510 1585; x_wconf 82' lang='grc' dir='ltr'>ἀρχιερέας,</span> <span class='ocrx_word' id='word_1_217' title='bbox 529 1549 636 1576; x_wconf 77' lang='grc' dir='ltr'>καὶτοῦ</span> <span class='ocrx_word' id='word_1_218' title='bbox 659 1548 767 1585; x_wconf 84' lang='grc' dir='ltr'>πρώτου</span> <span class='ocrx_word' id='word_1_219' title='bbox 793 1550 920 1584; x_wconf 79' lang='grc' dir='ltr'>ποιμένος</span> 
     </span>
    </p>
   </div>
   <div class='ocr_carea' id='block_1_34' title="bbox 132 1595 920 1632">
    <p class='ocr_par' dir='ltr' id='par_1_34' title="bbox 132 1595 920 1632">
     <span class='ocr_line' id='line_1_34' title="bbox 132 1595 920 1632; baseline 0.004 -11"><span class='ocrx_word' id='word_1_220' title='bbox 132 1595 223 1629; x_wconf 79' lang='grc' dir='ltr'>ἀξίους</span> <span class='ocrx_word' id='word_1_221' title='bbox 251 1595 379 1631; x_wconf 81' lang='grc' dir='ltr'>Χριστοῦ.</span> <span class='ocrx_word' id='word_1_222' title='bbox 398 1596 490 1632; x_wconf 78' lang='grc' dir='ltr'>Ταύτῃ</span> <span class='ocrx_word' id='word_1_223' title='bbox 516 1596 581 1630; x_wconf 75' lang='grc' dir='ltr'>γοῦν</span> <span class='ocrx_word' id='word_1_224' title='bbox 605 1596 671 1623; x_wconf 73' lang='grc' dir='ltr'>ἔνιοι</span> <span class='ocrx_word' id='word_1_225' title='bbox 695 1596 743 1631; x_wconf 81' lang='grc' dir='ltr'>μὲν</span> <span class='ocrx_word' id='word_1_226' title='bbox 766 1595 841 1631; x_wconf 78' lang='grc' dir='ltr'>φόϐῳ</span> <span class='ocrx_word' id='word_1_227' title='bbox 865 1596 920 1631; x_wconf 84' lang='grc'>(96)</span> 
     </span>
    </p>
   </div>
   <div class='ocr_carea' id='block_1_35' title="bbox 132 1641 920 1679">
    <p class='ocr_par' dir='ltr' id='par_1_35' title="bbox 132 1641 920 1679">
     <span class='ocr_line' id='line_1_35' title="bbox 132 1641 920 1679; baseline 0 -11"><span class='ocrx_word' id='word_1_228' title='bbox 132 1641 362 1676; x_wconf 77' lang='grc' dir='ltr'>καταπλαγέντες,</span> <span class='ocrx_word' id='word_1_229' title='bbox 388 1643 412 1668; x_wconf 87' lang='grc' dir='ltr'>οἱ</span> <span class='ocrx_word' id='word_1_230' title='bbox 432 1642 460 1668; x_wconf 83' lang='grc' dir='ltr'>δὲ</span> <span class='ocrx_word' id='word_1_231' title='bbox 482 1642 636 1674; x_wconf 82' lang='grc' dir='ltr'>κολακείαις</span> <span class='ocrx_word' id='word_1_232' title='bbox 656 1641 878 1678; x_wconf 81' lang='grc' dir='ltr'>μαλακισθέντες,</span> <span class='ocrx_word' id='word_1_233' title='bbox 904 1643 920 1679; x_wconf 78' lang='grc' dir='ltr'>ἢ</span> 
     </span>
    </p>
   </div>
   <div class='ocr_carea' id='block_1_36' title="bbox 132 1687 921 1724">
    <p class='ocr_par' dir='ltr' id='par_1_36' title="bbox 132 1687 921 1724">
     <span class='ocr_line' id='line_1_36' title="bbox 132 1687 921 1724; baseline 0.001 -11"><span class='ocrx_word' id='word_1_234' title='bbox 132 1688 269 1723; x_wconf 75' lang='grc' dir='ltr'>χρήμασιν</span> <span class='ocrx_word' id='word_1_235' title='bbox 298 1687 469 1723; x_wconf 80' lang='grc' dir='ltr'>ἡττηθέντες,</span> <span class='ocrx_word' id='word_1_236' title='bbox 499 1687 588 1723; x_wconf 71' lang='grc' dir='ltr'>ἕτεροι</span> <span class='ocrx_word' id='word_1_237' title='bbox 609 1687 637 1714; x_wconf 81' lang='grc' dir='ltr'>δὲ</span> <span class='ocrx_word' id='word_1_238' title='bbox 660 1687 791 1723; x_wconf 77' lang='grc' dir='ltr'>ἁπλότητι</span> <span class='ocrx_word' id='word_1_239' title='bbox 813 1687 921 1724; x_wconf 73' lang='grc' dir='ltr'>τρόπων</span> 
     </span>
    </p>
   </div>
   <div class='ocr_carea' id='block_1_37' title="bbox 133 1733 921 1770">
    <p class='ocr_par' dir='ltr' id='par_1_37' title="bbox 133 1733 921 1770">
     <span class='ocr_line' id='line_1_37' title="bbox 133 1733 921 1770; baseline -0.001 -10"><span class='ocrx_word' id='word_1_240' title='bbox 133 1733 351 1767; x_wconf 78' lang='grc' dir='ltr'>φενακισθέντες,</span> <span class='ocrx_word' id='word_1_241' title='bbox 368 1734 399 1760; x_wconf 83' lang='grc' dir='ltr'>τὸ</span> <span class='ocrx_word' id='word_1_242' title='bbox 421 1734 516 1770; x_wconf 73' lang='grc' dir='ltr'>δέλεαρ</span> <span class='ocrx_word' id='word_1_243' title='bbox 536 1734 585 1770; x_wconf 81' lang='grc' dir='ltr'>τῆς</span> <span class='ocrx_word' id='word_1_244' title='bbox 610 1733 741 1769; x_wconf 82' lang='grc' dir='ltr'>αἱρέσεως</span> <span class='ocrx_word' id='word_1_245' title='bbox 758 1733 921 1769; x_wconf 85' lang='grc' dir='ltr'>καταδέχον-</span> 
     </span>
    </p>
   </div>
   <div class='ocr_carea' id='block_1_38' title="bbox 132 1779 923 1815">
    <p class='ocr_par' dir='ltr' id='par_1_38' title="bbox 132 1779 923 1815">
     <span class='ocr_line' id='line_1_38' title="bbox 132 1779 923 1815; baseline 0 -10"><span class='ocrx_word' id='word_1_246' title='bbox 132 1787 186 1811; x_wconf 80' lang='grc' dir='ltr'>ται,</span> <span class='ocrx_word' id='word_1_247' title='bbox 205 1780 296 1815; x_wconf 77' lang='grc' dir='ltr'>γραφῇ</span> <span class='ocrx_word' id='word_1_248' title='bbox 314 1788 343 1805; x_wconf 84' lang='grc' dir='ltr'><strong>τε</strong></span> <span class='ocrx_word' id='word_1_249' title='bbox 358 1779 450 1815; x_wconf 82' lang='grc' dir='ltr'>χειρὸς</span> <span class='ocrx_word' id='word_1_250' title='bbox 466 1780 513 1806; x_wconf 65' lang='grc' dir='ltr'>καὶ</span> <span class='ocrx_word' id='word_1_251' title='bbox 527 1780 654 1815; x_wconf 70' lang='grc' dir='ltr'>κοινωνίᾳ.</span> <span class='ocrx_word' id='word_1_252' title='bbox 675 1779 856 1814; x_wconf 81' lang='grc' dir='ltr'>συναφθέντες</span> <span class='ocrx_word' id='word_1_253' title='bbox 866 1780 923 1811; x_wconf 84' lang='grc' dir='ltr'>τοῖς</span> 
     </span>
    </p>
   </div>
   <div class='ocr_carea' id='block_1_39' title="bbox 133 1822 923 1861">
    <p class='ocr_par' dir='ltr' id='par_1_39' title="bbox 133 1822 923 1861">
     <span class='ocr_line' id='line_1_39' title="bbox 133 1822 923 1861; baseline 0 -10"><span class='ocrx_word' id='word_1_254' title='bbox 133 1825 303 1856; x_wconf 78' lang='grc' dir='ltr'>ὑπεναντίοις</span> <span class='ocrx_word' id='word_1_255' title='bbox 320 1825 386 1860; x_wconf 84' lang='grc'>(97).</span> <span class='ocrx_word' id='word_1_256' title='bbox 404 1822 453 1852; x_wconf 87' lang='grc' dir='ltr'>Ὧν</span> <span class='ocrx_word' id='word_1_257' title='bbox 466 1823 505 1857; x_wconf 75' lang='grc' dir='ltr'>εἷς</span> <span class='ocrx_word' id='word_1_258' title='bbox 518 1823 551 1861; x_wconf 80' lang='grc' dir='ltr'>ἦν</span> <span class='ocrx_word' id='word_1_259' title='bbox 569 1826 615 1852; x_wconf 75' lang='grc' dir='ltr'>καὶ</span> <span class='ocrx_word' id='word_1_260' title='bbox 629 1826 643 1852; x_wconf 88' lang='grc' dir='ltr'>ὁ</span> <span class='ocrx_word' id='word_1_261' title='bbox 658 1824 704 1852; x_wconf 79' lang='grc' dir='ltr'>τοῦ</span> <span class='ocrx_word' id='word_1_262' title='bbox 722 1824 857 1861; x_wconf 79' lang='grc' dir='ltr'>μακαρίου</span> <span class='ocrx_word' id='word_1_263' title='bbox 872 1833 923 1851; x_wconf 88' lang='grc' dir='ltr'>πα-</span> 
     </span>
    </p>
   </div>
   <div class='ocr_carea' id='block_1_40' title="bbox 133 1870 921 1906">
    <p class='ocr_par' dir='ltr' id='par_1_40' title="bbox 133 1870 921 1906">
     <span class='ocr_line' id='line_1_40' title="bbox 133 1870 921 1906; baseline -0.001 -9"><span class='ocrx_word' id='word_1_264' title='bbox 133 1871 203 1906; x_wconf 82' lang='grc' dir='ltr'>τὴρ,</span> <span class='ocrx_word' id='word_1_265' title='bbox 231 1871 407 1906; x_wconf 82' lang='grc' dir='ltr'>ὰκεραιότητι</span> <span class='ocrx_word' id='word_1_266' title='bbox 433 1870 545 1906; x_wconf 82' lang='grc' dir='ltr'>γνώμης</span> <span class='ocrx_word' id='word_1_267' title='bbox 568 1871 606 1904; x_wconf 81' lang='grc' dir='ltr'>τῷ</span> <span class='ocrx_word' id='word_1_268' title='bbox 634 1870 775 1906; x_wconf 78' lang='grc' dir='ltr'>ἀγκίστρῳ</span> <span class='ocrx_word' id='word_1_269' title='bbox 805 1878 921 1906; x_wconf 81' lang='grc' dir='ltr'>περιπε-</span> 
     </span>
    </p>
   </div>
   <div class='ocr_carea' id='block_1_41' title="bbox 134 1917 922 1953">
    <p class='ocr_par' dir='ltr' id='par_1_41' title="bbox 134 1917 922 1953">
     <span class='ocr_line' id='line_1_41' title="bbox 134 1917 922 1953; baseline 0 -10"><span class='ocrx_word' id='word_1_270' title='bbox 134 1917 187 1943; x_wconf 82' lang='grc' dir='ltr'>σών</span> <span class='ocrx_word' id='word_1_271' title='bbox 213 1917 280 1952; x_wconf 81' lang='grc'>(98).</span> <span class='ocrx_word' id='word_1_272' title='bbox 301 1917 401 1944; x_wconf 79' lang='grc' dir='ltr'>Τοῦτον</span> <span class='ocrx_word' id='word_1_273' title='bbox 424 1918 480 1953; x_wconf 82' lang='lat'><strong>(99)</strong></span> <span class='ocrx_word' id='word_1_274' title='bbox 497 1918 521 1944; x_wconf 87' lang='grc' dir='ltr'>οἱ</span> <span class='ocrx_word' id='word_1_275' title='bbox 545 1917 596 1953; x_wconf 88' lang='grc' dir='ltr'>τῆς</span> <span class='ocrx_word' id='word_1_276' title='bbox 617 1917 708 1953; x_wconf 89' lang='grc' dir='ltr'>χώρας</span> <span class='ocrx_word' id='word_1_277' title='bbox 727 1919 857 1953; x_wconf 83' lang='grc' dir='ltr'>μονασταὶ</span> <span class='ocrx_word' id='word_1_278' title='bbox 885 1917 922 1952; x_wconf 84' lang='grc' dir='ltr'>μὴ</span> 
     </span>
    </p>
   </div>
   <div class='ocr_carea' id='block_1_42' title="bbox 133 1963 924 1999">
    <p class='ocr_par' dir='ltr' id='par_1_42' title="bbox 133 1963 924 1999">
     <span class='ocr_line' id='line_1_42' title="bbox 133 1963 924 1999; baseline 0 -9"><span class='ocrx_word' id='word_1_279' title='bbox 133 1964 323 1999; x_wconf 61' lang='grc' dir='ltr'>ἀνασχόμενοι,</span> <span class='ocrx_word' id='word_1_280' title='bbox 333 1964 382 1999; x_wconf 85' lang='grc' dir='ltr'>τῆς</span> <span class='ocrx_word' id='word_1_281' title='bbox 392 1964 535 1995; x_wconf 86' lang='grc' dir='ltr'>κοινωνίας</span> <span class='ocrx_word' id='word_1_282' title='bbox 543 1963 625 1990; x_wconf 80' lang='grc' dir='ltr'>αὑτοῦ</span> <span class='ocrx_word' id='word_1_283' title='bbox 639 1963 848 1999; x_wconf 81' lang='grc' dir='ltr'>ἀποτέμνονται,</span> <span class='ocrx_word' id='word_1_284' title='bbox 861 1971 924 1990; x_wconf 89' lang='grc' dir='ltr'>συν-</span> 
     </span>
    </p>
   </div>
   <div class='ocr_carea' id='block_1_43' title="bbox 134 2009 920 2045">
    <p class='ocr_par' dir='ltr' id='par_1_43' title="bbox 134 2009 920 2045">
     <span class='ocr_line' id='line_1_43' title="bbox 134 2009 920 2045; baseline 0 -9"><span class='ocrx_word' id='word_1_285' title='bbox 134 2009 238 2045; x_wconf 84' lang='grc' dir='ltr'>απέστη</span> <span class='ocrx_word' id='word_1_286' title='bbox 256 2010 284 2036; x_wconf 81' lang='grc' dir='ltr'>δὲ</span> <span class='ocrx_word' id='word_1_287' title='bbox 298 2010 391 2041; x_wconf 73' lang='grc' dir='ltr'>αὐτοῖς</span> <span class='ocrx_word' id='word_1_288' title='bbox 405 2010 452 2036; x_wconf 76' lang='grc' dir='ltr'>καὶ</span> <span class='ocrx_word' id='word_1_289' title='bbox 474 2009 521 2036; x_wconf 80' lang='grc' dir='ltr'><strong>τοῦ</strong></span> <span class='ocrx_word' id='word_1_290' title='bbox 534 2009 599 2036; x_wconf 74' lang='grc' dir='ltr'>λαοῦ</span> <span class='ocrx_word' id='word_1_291' title='bbox 616 2010 698 2045; x_wconf 80' lang='grc' dir='ltr'>μέρος</span> <span class='ocrx_word' id='word_1_292' title='bbox 716 2010 747 2036; x_wconf 79' lang='grc' dir='ltr'>οὐ</span> <span class='ocrx_word' id='word_1_293' title='bbox 765 2009 794 2036; x_wconf 81' lang='grc' dir='ltr'>τὸ</span> <span class='ocrx_word' id='word_1_294' title='bbox 815 2009 920 2044; x_wconf 84' lang='grc' dir='ltr'>βραχύ-</span> 
     </span>
    </p>
   </div>
   <div class='ocr_carea' id='block_1_44' title="bbox 134 2055 923 2091">
    <p class='ocr_par' dir='ltr' id='par_1_44' title="bbox 134 2055 923 2091">
     <span class='ocr_line' id='line_1_44' title="bbox 134 2055 923 2091; baseline 0.001 -11"><span class='ocrx_word' id='word_1_295' title='bbox 134 2063 225 2087; x_wconf 85' lang='grc' dir='ltr'>τατον,</span> <span class='ocrx_word' id='word_1_296' title='bbox 245 2056 277 2090; x_wconf 83' lang='grc' dir='ltr'>τῇ</span> <span class='ocrx_word' id='word_1_297' title='bbox 295 2055 450 2090; x_wconf 79' lang='grc' dir='ltr'>ἀξιοπιστίᾳ</span> <span class='ocrx_word' id='word_1_298' title='bbox 464 2055 518 2082; x_wconf 82' lang='grc' dir='ltr'><strong>τῶν</strong></span> <span class='ocrx_word' id='word_1_299' title='bbox 534 2055 662 2091; x_wconf 85' lang='grc' dir='ltr'>ἀσκητῶν</span> <span class='ocrx_word' id='word_1_300' title='bbox 685 2055 805 2091; x_wconf 81' lang='grc' dir='ltr'>ἀτεχνῶς</span> <span class='ocrx_word' id='word_1_301' title='bbox 826 2055 923 2088; x_wconf 75' lang='grc' dir='ltr'>ἑξακο-</span> 
     </span>
    </p>
   </div>
   <div class='ocr_carea' id='block_1_45' title="bbox 135 2100 378 2137">
    <p class='ocr_par' dir='ltr' id='par_1_45' title="bbox 135 2100 378 2137">
     <span class='ocr_line' id='line_1_45' title="bbox 135 2100 378 2137; baseline 0 -10"><span class='ocrx_word' id='word_1_302' title='bbox 135 2100 315 2136; x_wconf 78' lang='grc' dir='ltr'>λουθήσαντες</span> <span class='ocrx_word' id='word_1_303' title='bbox 328 2101 378 2137; x_wconf 81' lang='grc'>(1).</span> 
     </span>
    </p>
   </div>
   <div class='ocr_carea' id='block_1_46' title="bbox 169 2157 924 2194">
    <p class='ocr_par' dir='ltr' id='par_1_46' title="bbox 169 2157 924 2194">
     <span class='ocr_line' id='line_1_46' title="bbox 169 2157 924 2194; baseline 0.001 -10"><span class='ocrx_word' id='word_1_304' title='bbox 169 2159 202 2185; x_wconf 90' lang='grc' dir='ltr'>Τί</span> <span class='ocrx_word' id='word_1_305' title='bbox 215 2157 262 2185; x_wconf 81' lang='grc' dir='ltr'>οὖν</span> <span class='ocrx_word' id='word_1_306' title='bbox 274 2159 288 2184; x_wconf 83' lang='grc' dir='ltr'><strong>ὁ</strong></span> <span class='ocrx_word' id='word_1_307' title='bbox 303 2158 350 2185; x_wconf 79' lang='grc' dir='ltr'>τοῦ</span> <span class='ocrx_word' id='word_1_308' title='bbox 365 2158 432 2185; x_wconf 83' lang='grc' dir='ltr'>Θεοῦ</span> <span class='ocrx_word' id='word_1_309' title='bbox 449 2158 593 2194; x_wconf 81' lang='grc' dir='ltr'>θεράπων;</span> <span class='ocrx_word' id='word_1_310' title='bbox 608 2159 648 2186; x_wconf 80' lang='grc' dir='ltr'><strong>Τὰ</strong></span> <span class='ocrx_word' id='word_1_311' title='bbox 662 2159 710 2194; x_wconf 81' lang='grc' dir='ltr'>μὲν</span> <span class='ocrx_word' id='word_1_312' title='bbox 724 2158 821 2194; x_wconf 84' lang='grc' dir='ltr'>πρῶτα</span> <span class='ocrx_word' id='word_1_313' title='bbox 834 2159 924 2190; x_wconf 83' lang='grc' dir='ltr'>λιταις</span> 
     </span>
    </p>
   </div>
   <div class='ocr_carea' id='block_1_47' title="bbox 135 2203 923 2239">
    <p class='ocr_par' dir='ltr' id='par_1_47' title="bbox 135 2203 923 2239">
     <span class='ocr_line' id='line_1_47' title="bbox 135 2203 923 2239; baseline -0.001 -9"><span class='ocrx_word' id='word_1_314' title='bbox 135 2212 165 2230; x_wconf 87' lang='grc' dir='ltr'><strong>τε</strong></span> <span class='ocrx_word' id='word_1_315' title='bbox 184 2203 232 2230; x_wconf 77' lang='grc' dir='ltr'><strong>καὶ</strong></span> <span class='ocrx_word' id='word_1_316' title='bbox 247 2203 390 2238; x_wconf 85' lang='grc' dir='ltr'>παννυχίσι</span> <span class='ocrx_word' id='word_1_317' title='bbox 403 2203 448 2230; x_wconf 84' lang='grc' dir='ltr'>τὸν</span> <span class='ocrx_word' id='word_1_318' title='bbox 467 2203 532 2230; x_wconf 81' lang='grc' dir='ltr'>Θεὸν</span> <span class='ocrx_word' id='word_1_319' title='bbox 546 2203 745 2239; x_wconf 77' lang='grc' dir='ltr'>έξευμενίζετο,</span> <span class='ocrx_word' id='word_1_320' title='bbox 758 2203 851 2231; x_wconf 84' lang='grc' dir='ltr'>δοῦναι</span> <span class='ocrx_word' id='word_1_321' title='bbox 874 2203 923 2230; x_wconf 84' lang='grc' dir='ltr'><strong>λύ-</strong></span> 
     </span>
    </p>
   </div>
   <div class='ocr_carea' id='block_1_48' title="bbox 136 2244 964 2286">
    <p class='ocr_par' dir='ltr' id='par_1_48' title="bbox 136 2244 964 2286">
     <span class='ocr_line' id='line_1_48' title="bbox 136 2244 964 2286; baseline 0.001 -10"><span class='ocrx_word' id='word_1_322' title='bbox 136 2258 178 2277; x_wconf 88' lang='grc' dir='ltr'><strong>σιν</strong></span> <span class='ocrx_word' id='word_1_323' title='bbox 199 2249 247 2276; x_wconf 81' lang='grc' dir='ltr'><strong>τοῦ</strong></span> <span class='ocrx_word' id='word_1_324' title='bbox 261 2250 358 2282; x_wconf 86' lang='grc' dir='ltr'>κακοῦ,</span> <span class='ocrx_word' id='word_1_325' title='bbox 376 2250 423 2276; x_wconf 78' lang='grc' dir='ltr'>καὶ</span> <span class='ocrx_word' id='word_1_326' title='bbox 437 2250 486 2285; x_wconf 82' lang='grc' dir='ltr'>τῆς</span> <span class='ocrx_word' id='word_1_327' title='bbox 500 2250 658 2286; x_wconf 81' lang='grc' dir='ltr'>διαιρέσεως</span> <span class='ocrx_word' id='word_1_328' title='bbox 672 2250 710 2286; x_wconf 74' lang='grc'><strong>(2)</strong></span> <span class='ocrx_word' id='word_1_329' title='bbox 724 2249 851 2284; x_wconf 85' lang='grc' dir='ltr'>γενέσθαι</span> <span class='ocrx_word' id='word_1_330' title='bbox 865 2259 924 2277; x_wconf 84' lang='grc' dir='ltr'>συν·</span> <span class='ocrx_word' id='word_1_331' title='bbox 941 2244 964 2273; x_wconf 82' lang='lat' dir='ltr'><strong>D</strong></span> 
     </span>
    </p>
   </div>
   <div class='ocr_carea' id='block_1_49' title="bbox 136 2295 922 2332">
    <p class='ocr_par' dir='ltr' id='par_1_49' title="bbox 136 2295 922 2332">
     <span class='ocr_line' id='line_1_49' title="bbox 136 2295 922 2332; baseline 0 -9"><span class='ocrx_word' id='word_1_332' title='bbox 136 2297 261 2329; x_wconf 84' lang='grc' dir='ltr'>οὑλωσιν,</span> <span class='ocrx_word' id='word_1_333' title='bbox 287 2297 392 2332; x_wconf 80' lang='grc' dir='ltr'>σιωπήν</span> <span class='ocrx_word' id='word_1_334' title='bbox 422 2305 451 2322; x_wconf 85' lang='grc' dir='ltr'><strong>τε</strong></span> <span class='ocrx_word' id='word_1_335' title='bbox 480 2295 526 2323; x_wconf 86' lang='grc' dir='ltr'>τοῦ</span> <span class='ocrx_word' id='word_1_336' title='bbox 557 2296 647 2330; x_wconf 87' lang='grc' dir='ltr'>λέγειν</span> <span class='ocrx_word' id='word_1_337' title='bbox 677 2296 766 2331; x_wconf 77' lang='grc' dir='ltr'>ἑαυτῷ</span> <span class='ocrx_word' id='word_1_338' title='bbox 781 2295 922 2328; x_wconf 78' lang='grc' dir='ltr'>ἐπιτάξας,</span> 
     </span>
    </p>
   </div>
   <div class='ocr_carea' id='block_1_50' title="bbox 137 2340 924 2377">
    <p class='ocr_par' dir='ltr' id='par_1_50' title="bbox 137 2340 924 2377">
     <span class='ocr_line' id='line_1_50' title="bbox 137 2340 924 2377; baseline -0.001 -8"><span class='ocrx_word' id='word_1_339' title='bbox 137 2344 183 2370; x_wconf 75' lang='grc' dir='ltr'>καὶ</span> <span class='ocrx_word' id='word_1_340' title='bbox 199 2342 272 2369; x_wconf 74' lang='grc' dir='ltr'>οὕτω</span> <span class='ocrx_word' id='word_1_341' title='bbox 290 2343 320 2369; x_wconf 86' lang='grc' dir='ltr'>τὸ</span> <span class='ocrx_word' id='word_1_342' title='bbox 337 2342 498 2377; x_wconf 78' lang='grc' dir='ltr'>σκυθρωπὸν</span> <span class='ocrx_word' id='word_1_343' title='bbox 517 2341 720 2377; x_wconf 78' lang='grc' dir='ltr'>ἐνδεικνύμενος</span> <span class='ocrx_word' id='word_1_344' title='bbox 732 2350 738 2356; x_wconf 92' lang='grc'><strong>·</strong></span> <span class='ocrx_word' id='word_1_345' title='bbox 755 2340 815 2368; x_wconf 74' lang='grc' dir='ltr'>εἶτα</span> <span class='ocrx_word' id='word_1_346' title='bbox 831 2341 924 2368; x_wconf 86' lang='grc' dir='ltr'>νουθε-</span> 
     </span>
    </p>
   </div>
   <div class='ocr_carea' id='block_1_51' title="bbox 137 2388 926 2425">
    <p class='ocr_par' dir='ltr' id='par_1_51' title="bbox 137 2388 926 2425">
     <span class='ocr_line' id='line_1_51' title="bbox 137 2388 926 2425; baseline 0 -9"><span class='ocrx_word' id='word_1_347' title='bbox 137 2390 221 2425; x_wconf 81' lang='grc' dir='ltr'>τήσας</span> <span class='ocrx_word' id='word_1_348' title='bbox 239 2389 285 2415; x_wconf 77' lang='grc' dir='ltr'><strong>τὸν</strong></span> <span class='ocrx_word' id='word_1_349' title='bbox 296 2389 402 2424; x_wconf 86' lang='grc' dir='ltr'>πατέρα</span> <span class='ocrx_word' id='word_1_350' title='bbox 419 2388 585 2424; x_wconf 81' lang='grc' dir='ltr'>συγγνώμην</span> <span class='ocrx_word' id='word_1_351' title='bbox 600 2389 711 2424; x_wconf 74' lang='grc' dir='ltr'>αἰτῆσαι</span> <span class='ocrx_word' id='word_1_352' title='bbox 726 2388 773 2415; x_wconf 74' lang='grc' dir='ltr'>τοῦ</span> <span class='ocrx_word' id='word_1_353' title='bbox 788 2388 926 2424; x_wconf 76' lang='grc' dir='ltr'>πταίσμα-</span> 
     </span>
    </p>
   </div>
   <div class='ocr_carea' id='block_1_52' title="bbox 172 2501 924 2538">
    <p class='ocr_par' dir='ltr' id='par_1_52' title="bbox 172 2501 924 2538">
     <span class='ocr_line' id='line_1_52' title="bbox 172 2501 924 2538; baseline -0.004 -7"><span class='ocrx_word' id='word_1_354' title='bbox 172 2503 230 2538; x_wconf 87' lang='lat'><strong>(90)</strong></span> <span class='ocrx_word' id='word_1_355' title='bbox 242 2503 308 2531; x_wconf 89' lang='lat' dir='ltr'><strong>Cod.</strong></span> <span class='ocrx_word' id='word_1_356' title='bbox 335 2504 382 2531; x_wconf 91' lang='lat' dir='ltr'><strong>0r.</strong></span> <span class='ocrx_word' id='word_1_357' title='bbox 412 2503 493 2530; x_wconf 87' lang='lat' dir='ltr'><strong>habet</strong></span> <span class='ocrx_word' id='word_1_358' title='bbox 514 2502 568 2529; x_wconf 87' lang='grc' dir='ltr'><strong>τῶν</strong></span> <span class='ocrx_word' id='word_1_359' title='bbox 595 2501 740 2537; x_wconf 82' lang='grc' dir='ltr'>βασιλικῶν</span> <span class='ocrx_word' id='word_1_360' title='bbox 767 2501 924 2538; x_wconf 85' lang='grc' dir='ltr'>θησαυρῶν,</span> 
     </span>
    </p>
   </div>
   <div class='ocr_carea' id='block_1_53' title="bbox 137 2539 589 2568">
    <p class='ocr_par' dir='ltr' id='par_1_53' title="bbox 137 2539 589 2568">
     <span class='ocr_line' id='line_1_53' title="bbox 137 2539 589 2568; baseline -0.004 -3"><span class='ocrx_word' id='word_1_361' title='bbox 137 2539 302 2568; x_wconf 54' lang='lat' dir='ltr'><strong>imperatoris</strong></span> <span class='ocrx_word' id='word_1_362' title='bbox 319 2539 500 2565; x_wconf 72' lang='lat' dir='ltr'><strong>thesaurorum</strong></span> <span class='ocrx_word' id='word_1_363' title='bbox 516 2546 589 2564; x_wconf 85' lang='lat' dir='ltr'><strong>cura.</strong></span> 
     </span>
    </p>
   </div>
   <div class='ocr_carea' id='block_1_54' title="bbox 173 2572 724 2608">
    <p class='ocr_par' dir='ltr' id='par_1_54' title="bbox 173 2572 724 2608">
     <span class='ocr_line' id='line_1_54' title="bbox 173 2572 724 2608; baseline -0.011 -7"><span class='ocrx_word' id='word_1_364' title='bbox 173 2573 229 2607; x_wconf 90' lang='lat'><strong>(9|)</strong></span> <span class='ocrx_word' id='word_1_365' title='bbox 244 2573 311 2600; x_wconf 89' lang='lat' dir='ltr'><strong>Cod.</strong></span> <span class='ocrx_word' id='word_1_366' title='bbox 324 2573 355 2600; x_wconf 88' lang='grc' dir='ltr'><strong>Ρ.</strong></span> <span class='ocrx_word' id='word_1_367' title='bbox 370 2572 552 2608; x_wconf 81' lang='grc' dir='ltr'>πραγμάτων.</span> <span class='ocrx_word' id='word_1_368' title='bbox 602 2607 605 2608; x_wconf 20' lang='grc' dir='ltr'><em>ν</em></span> <span class='ocrx_word' id='word_1_369' title='bbox 681 2607 685 2608; x_wconf 19' lang='lat'><em>7</em></span> <span class='ocrx_word' id='word_1_370' title='bbox 722 2593 724 2595; x_wconf 72' lang='grc'><strong>,</strong></span> 
     </span>
    </p>
   </div>
   <div class='ocr_carea' id='block_1_55' title="bbox 173 2607 922 2644">
    <p class='ocr_par' dir='ltr' id='par_1_55' title="bbox 173 2607 922 2644">
     <span class='ocr_line' id='line_1_55' title="bbox 173 2607 922 2644; baseline -0.001 -8"><span class='ocrx_word' id='word_1_371' title='bbox 173 2608 235 2644; x_wconf 77' lang='grc'>(92)</span> <span class='ocrx_word' id='word_1_372' title='bbox 250 2608 364 2644; x_wconf 81' lang='lat' dir='ltr'><strong>Montac.</strong></span> <span class='ocrx_word' id='word_1_373' title='bbox 380 2607 408 2636; x_wconf 73' lang='lat' dir='ltr'><strong>et</strong></span> <span class='ocrx_word' id='word_1_374' title='bbox 424 2607 467 2635; x_wconf 85' lang='lat' dir='ltr'><strong>alii</strong></span> <span class='ocrx_word' id='word_1_375' title='bbox 484 2608 548 2635; x_wconf 90' lang='lat' dir='ltr'><strong>edit.</strong></span> <span class='ocrx_word' id='word_1_376' title='bbox 565 2607 658 2635; x_wconf 89' lang='lat' dir='ltr'><strong>volunt</strong></span> <span class='ocrx_word' id='word_1_377' title='bbox 674 2607 922 2644; x_wconf 74' lang='grc' dir='ltr'>ἀποδειχθῆναι,ἰιιι</span> 
     </span>
    </p>
   </div>
   <div class='ocr_carea' id='block_1_56' title="bbox 139 2643 672 2671">
    <p class='ocr_par' dir='ltr' id='par_1_56' title="bbox 139 2643 672 2671">
     <span class='ocr_line' id='line_1_56' title="bbox 139 2643 672 2671; baseline -0.004 0"><span class='ocrx_word' id='word_1_378' title='bbox 139 2644 218 2671; x_wconf 84' lang='lat' dir='ltr'><strong>etiam</strong></span> <span class='ocrx_word' id='word_1_379' title='bbox 231 2644 293 2671; x_wconf 89' lang='lat' dir='ltr'><strong>cod.</strong></span> <span class='ocrx_word' id='word_1_380' title='bbox 305 2643 352 2671; x_wconf 85' lang='lat' dir='ltr'><strong>0r.</strong></span> <span class='ocrx_word' id='word_1_381' title='bbox 368 2644 471 2671; x_wconf 89' lang='lat' dir='ltr'><strong>scilicet</strong></span> <span class='ocrx_word' id='word_1_382' title='bbox 487 2643 672 2669; x_wconf 75' lang='lat' dir='ltr'><strong>demonstrari.</strong></span> 
     </span>
    </p>
   </div>
   <div class='ocr_carea' id='block_1_57' title="bbox 173 2676 924 2714">
    <p class='ocr_par' dir='ltr' id='par_1_57' title="bbox 173 2676 924 2714">
     <span class='ocr_line' id='line_1_57' title="bbox 173 2676 924 2714; baseline 0 -9"><span class='ocrx_word' id='word_1_383' title='bbox 173 2678 230 2714; x_wconf 76' lang='lat'><strong>(95)</strong></span> <span class='ocrx_word' id='word_1_384' title='bbox 243 2678 289 2706; x_wconf 86' lang='lat' dir='ltr'><strong>Sic</strong></span> <span class='ocrx_word' id='word_1_385' title='bbox 301 2678 378 2706; x_wconf 85' lang='lat' dir='ltr'><strong>Coll).</strong></span> <span class='ocrx_word' id='word_1_386' title='bbox 390 2679 403 2706; x_wconf 77' lang='grc' dir='ltr'><strong>ί</strong></span> <span class='ocrx_word' id='word_1_387' title='bbox 421 2684 447 2706; x_wconf 87' lang='lat' dir='ltr'><strong>et</strong></span> <span class='ocrx_word' id='word_1_388' title='bbox 458 2678 485 2705; x_wconf 78' lang='grc'><strong>2.</strong></span> <span class='ocrx_word' id='word_1_389' title='bbox 502 2676 530 2704; x_wconf 92' lang='lat' dir='ltr'><strong>lu</strong></span> <span class='ocrx_word' id='word_1_390' title='bbox 546 2679 620 2714; x_wconf 60' lang='lat' dir='ltr'><strong>edit.</strong></span> <span class='ocrx_word' id='word_1_391' title='bbox 634 2677 719 2704; x_wconf 86' lang='grc' dir='ltr'>ὲλπίδι</span> <span class='ocrx_word' id='word_1_392' title='bbox 746 2677 861 2705; x_wconf 76' lang='grc' dir='ltr'>καὶτῶν</span> <span class='ocrx_word' id='word_1_393' title='bbox 881 2679 924 2705; x_wconf 83' lang='grc' dir='ltr'><strong>ὲν-</strong></span> 
     </span>
    </p>
   </div>
   <div class='ocr_carea' id='block_1_58' title="bbox 138 2713 686 2750">
    <p class='ocr_par' dir='ltr' id='par_1_58' title="bbox 138 2713 686 2750">
     <span class='ocr_line' id='line_1_58' title="bbox 138 2713 686 2750; baseline -0.005 -8"><span class='ocrx_word' id='word_1_394' title='bbox 138 2713 336 2750; x_wconf 63' lang='grc' dir='ltr'><strong>ατιοκειμένωνἶ</strong></span> <span class='ocrx_word' id='word_1_395' title='bbox 349 2714 413 2742; x_wconf 80' lang='lat' dir='ltr'><strong>Cod.</strong></span> <span class='ocrx_word' id='word_1_396' title='bbox 425 2714 471 2741; x_wconf 88' lang='lat' dir='ltr'><strong>0r.</strong></span> <span class='ocrx_word' id='word_1_397' title='bbox 489 2713 686 2750; x_wconf 70' lang='grc' dir='ltr'>αποκειμένων.</span> 
     </span>
    </p>
   </div>
   <div class='ocr_carea' id='block_1_59' title="bbox 174 2749 536 2785">
    <p class='ocr_par' dir='ltr' id='par_1_59' title="bbox 174 2749 536 2785">
     <span class='ocr_line' id='line_1_59' title="bbox 174 2749 536 2785; baseline -0.033 0"><span class='ocrx_word' id='word_1_398' title='bbox 174 2749 231 2785; x_wconf 58' lang='grc' dir='ltr'>(θέ)</span> <span class='ocrx_word' id='word_1_399' title='bbox 244 2750 311 2777; x_wconf 86' lang='lat' dir='ltr'><strong>Cod.</strong></span> <span class='ocrx_word' id='word_1_400' title='bbox 322 2749 367 2785; x_wconf 82' lang='lat' dir='ltr'><strong>Qr.</strong></span> <span class='ocrx_word' id='word_1_401' title='bbox 385 2749 536 2785; x_wconf 75' lang='grc' dir='ltr'>’Δρειανῆς.</span> 
     </span>
    </p>
   </div>
   <div class='ocr_carea' id='block_1_60' title="bbox 173 2783 924 2820">
    <p class='ocr_par' dir='ltr' id='par_1_60' title="bbox 173 2783 924 2820">
     <span class='ocr_line' id='line_1_60' title="bbox 173 2783 924 2820; baseline -0.001 -9"><span class='ocrx_word' id='word_1_402' title='bbox 173 2783 230 2820; x_wconf 84' lang='lat'><strong>(95)</strong></span> <span class='ocrx_word' id='word_1_403' title='bbox 239 2785 293 2812; x_wconf 85' lang='lat' dir='ltr'><strong>Kal</strong></span> <span class='ocrx_word' id='word_1_404' title='bbox 305 2784 345 2818; x_wconf 85' lang='grc' dir='ltr'>τῷ</span> <span class='ocrx_word' id='word_1_405' title='bbox 360 2783 457 2819; x_wconf 70' lang='grc' dir='ltr'>ἡμέρῳ</span> <span class='ocrx_word' id='word_1_406' title='bbox 469 2784 573 2816; x_wconf 75' lang='grc' dir='ltr'>κωδίῳ,</span> <span class='ocrx_word' id='word_1_407' title='bbox 592 2788 615 2811; x_wconf 85' lang='lat' dir='ltr'><strong>et</strong></span> <span class='ocrx_word' id='word_1_408' title='bbox 633 2785 679 2811; x_wconf 69' lang='lat' dir='ltr'><strong>sub</strong></span> <span class='ocrx_word' id='word_1_409' title='bbox 700 2789 835 2820; x_wconf 75' lang='lat' dir='ltr'><strong>mansueta</strong></span> <span class='ocrx_word' id='word_1_410' title='bbox 849 2784 924 2820; x_wconf 52' lang='lat' dir='ltr'><strong>pelle.</strong></span> 
     </span>
    </p>
   </div>
   <div class='ocr_carea' id='block_1_61' title="bbox 139 2819 924 2854">
    <p class='ocr_par' dir='ltr' id='par_1_61' title="bbox 139 2819 924 2854">
     <span class='ocr_line' id='line_1_61' title="bbox 139 2819 924 2854; baseline -0.001 -8"><span class='ocrx_word' id='word_1_411' title='bbox 139 2819 345 2848; x_wconf 82' lang='lat' dir='ltr'><strong>velutalludens</strong></span> <span class='ocrx_word' id='word_1_412' title='bbox 361 2822 394 2847; x_wconf 88' lang='lat' dir='ltr'><strong>ad</strong></span> <span class='ocrx_word' id='word_1_413' title='bbox 412 2819 596 2854; x_wconf 78' lang='lat' dir='ltr'><strong>Evangelium,</strong></span> <span class='ocrx_word' id='word_1_414' title='bbox 612 2820 659 2846; x_wconf 82' lang='lat' dir='ltr'><strong>sub</strong></span> <span class='ocrx_word' id='word_1_415' title='bbox 681 2820 756 2847; x_wconf 82' lang='lat' dir='ltr'><strong>ovinu</strong></span> <span class='ocrx_word' id='word_1_416' title='bbox 770 2819 836 2854; x_wconf 80' lang='lat' dir='ltr'><strong>pelle</strong></span> <span class='ocrx_word' id='word_1_417' title='bbox 847 2827 856 2845; x_wconf 88' lang='lat'><em>:</em></span> <span class='ocrx_word' id='word_1_418' title='bbox 870 2819 924 2845; x_wconf 87' lang='lat' dir='ltr'><strong>Bil-</strong></span> 
     </span>
    </p>
   </div>
   <div class='ocr_carea' id='block_1_62' title="bbox 139 2854 922 2890">
    <p class='ocr_par' dir='ltr' id='par_1_62' title="bbox 139 2854 922 2890">
     <span class='ocr_line' id='line_1_62' title="bbox 139 2854 922 2890; baseline 0.001 -9"><span class='ocrx_word' id='word_1_419' title='bbox 139 2855 191 2883; x_wconf 91' lang='lat' dir='ltr'><strong>lius</strong></span> <span class='ocrx_word' id='word_1_420' title='bbox 216 2856 298 2882; x_wconf 89' lang='lat' dir='ltr'><strong>vertit</strong></span> <span class='ocrx_word' id='word_1_421' title='bbox 322 2855 369 2882; x_wconf 71' lang='lat' dir='ltr'><strong>sub</strong></span> <span class='ocrx_word' id='word_1_422' title='bbox 391 2860 478 2882; x_wconf 84' lang='lat' dir='ltr'><strong>nostra</strong></span> <span class='ocrx_word' id='word_1_423' title='bbox 499 2854 583 2888; x_wconf 76' lang='lat' dir='ltr'><strong>pelle;</strong></span> <span class='ocrx_word' id='word_1_424' title='bbox 606 2862 671 2881; x_wconf 85' lang='lat' dir='ltr'><strong>sane</strong></span> <span class='ocrx_word' id='word_1_425' title='bbox 685 2855 922 2890; x_wconf 67' lang='lat' dir='ltr'><strong>«quemadmodum</strong></span> 
     </span>
    </p>
   </div>
   <div class='ocr_carea' id='block_1_63' title="bbox 141 2890 703 2926">
    <p class='ocr_par' dir='ltr' id='par_1_63' title="bbox 141 2890 703 2926">
     <span class='ocr_line' id='line_1_63' title="bbox 141 2890 703 2926; baseline -0.002 -9"><span class='ocrx_word' id='word_1_426' title='bbox 141 2890 276 2919; x_wconf 83' lang='lat' dir='ltr'><strong>nonnullis</strong></span> <span class='ocrx_word' id='word_1_427' title='bbox 289 2890 388 2926; x_wconf 83' lang='lat' dir='ltr'><strong>placuit</strong></span> <span class='ocrx_word' id='word_1_428' title='bbox 405 2890 470 2918; x_wconf 90' lang='lat' dir='ltr'><strong>edit.</strong></span> <span class='ocrx_word' id='word_1_429' title='bbox 487 2890 550 2924; x_wconf 80' lang='lat' dir='ltr'><strong>legit</strong></span> <span class='ocrx_word' id='word_1_430' title='bbox 567 2890 703 2926; x_wconf 80' lang='grc' dir='ltr'>ἡμετέρῳ.</span> 
     </span>
    </p>
   </div>
   <div class='ocr_carea' id='block_1_64' title="bbox 973 267 1758 302">
    <p class='ocr_par' dir='ltr' id='par_1_64' title="bbox 973 267 1758 302">
     <span class='ocr_line' id='line_1_64' title="bbox 973 267 1758 302; baseline 0.004 -9"><span class='ocrx_word' id='word_1_431' title='bbox 973 267 1147 302; x_wconf 82' lang='lat' dir='ltr'><strong>pecuniarum</strong></span> <span class='ocrx_word' id='word_1_432' title='bbox 1171 273 1309 302; x_wconf 60' lang='lat' dir='ltr'><strong>quaestura</strong></span> <span class='ocrx_word' id='word_1_433' title='bbox 1333 268 1458 295; x_wconf 84' lang='lat' dir='ltr'><strong>mandata</strong></span> <span class='ocrx_word' id='word_1_434' title='bbox 1484 268 1589 302; x_wconf 85' lang='lat' dir='ltr'><strong>fuerat,</strong></span> <span class='ocrx_word' id='word_1_435' title='bbox 1610 270 1674 296; x_wconf 81' lang='lat' dir='ltr'><strong>datu</strong></span> <span class='ocrx_word' id='word_1_436' title='bbox 1699 279 1758 296; x_wconf 84' lang='lat' dir='ltr'><strong>mu-</strong></span> 
     </span>
    </p>
   </div>
   <div class='ocr_carea' id='block_1_65' title="bbox 971 313 1758 349">
    <p class='ocr_par' dir='ltr' id='par_1_65' title="bbox 971 313 1758 349">
     <span class='ocr_line' id='line_1_65' title="bbox 971 313 1758 349; baseline 0.004 -10"><span class='ocrx_word' id='word_1_437' title='bbox 971 313 1113 348; x_wconf 80' lang='lat' dir='ltr'><strong>gistratum</strong></span> <span class='ocrx_word' id='word_1_438' title='bbox 1139 317 1244 348; x_wconf 76' lang='lat' dir='ltr'><strong>gereret</strong></span> <span class='ocrx_word' id='word_1_439' title='bbox 1264 314 1345 340; x_wconf 89' lang='lat' dir='ltr'><strong>vitam</strong></span> <span class='ocrx_word' id='word_1_440' title='bbox 1364 321 1424 340; x_wconf 87' lang='lat' dir='ltr'><strong>cum</strong></span> <span class='ocrx_word' id='word_1_441' title='bbox 1443 319 1532 341; x_wconf 87' lang='lat' dir='ltr'><strong>morte</strong></span> <span class='ocrx_word' id='word_1_442' title='bbox 1548 319 1758 349; x_wconf 84' lang='lat' dir='ltr'><strong>commutasset;</strong></span> 
     </span>
    </p>
   </div>
   <div class='ocr_carea' id='block_1_66' title="bbox 972 359 1758 394">
    <p class='ocr_par' dir='ltr' id='par_1_66' title="bbox 972 359 1758 394">
     <span class='ocr_line' id='line_1_66' title="bbox 972 359 1758 394; baseline 0.003 -8"><span class='ocrx_word' id='word_1_443' title='bbox 972 367 1003 386; x_wconf 88' lang='lat' dir='ltr'><strong>ac</strong></span> <span class='ocrx_word' id='word_1_444' title='bbox 1015 365 1131 394; x_wconf 77' lang='lat' dir='ltr'><strong>patrem,</strong></span> <span class='ocrx_word' id='word_1_445' title='bbox 1149 364 1179 386; x_wconf 94' lang='lat' dir='ltr'><strong>ut</strong></span> <span class='ocrx_word' id='word_1_446' title='bbox 1190 359 1263 394; x_wconf 78' lang='lat' dir='ltr'><strong>leges</strong></span> <span class='ocrx_word' id='word_1_447' title='bbox 1277 359 1412 392; x_wconf 83' lang='lat' dir='ltr'><strong>ferebant,</strong></span> <span class='ocrx_word' id='word_1_448' title='bbox 1425 359 1506 387; x_wconf 89' lang='lat' dir='ltr'><strong>simul</strong></span> <span class='ocrx_word' id='word_1_449' title='bbox 1521 365 1549 387; x_wconf 88' lang='lat' dir='ltr'><strong>et</strong></span> <span class='ocrx_word' id='word_1_450' title='bbox 1563 360 1610 387; x_wconf 87' lang='lat' dir='ltr'><strong>lilii</strong></span> <span class='ocrx_word' id='word_1_451' title='bbox 1624 361 1758 388; x_wconf 74' lang='lat' dir='ltr'><strong>hmredem</strong></span> 
     </span>
    </p>
   </div>
   <div class='ocr_carea' id='block_1_67' title="bbox 972 405 1758 439">
    <p class='ocr_par' dir='ltr' id='par_1_67' title="bbox 972 405 1758 439">
     <span class='ocr_line' id='line_1_67' title="bbox 972 405 1758 439; baseline 0.003 -7"><span class='ocrx_word' id='word_1_452' title='bbox 972 405 1122 437; x_wconf 77' lang='lat' dir='ltr'><strong>declarari,</strong></span> <span class='ocrx_word' id='word_1_453' title='bbox 1145 409 1172 432; x_wconf 90' lang='lat' dir='ltr'><strong>et</strong></span> <span class='ocrx_word' id='word_1_454' title='bbox 1185 406 1306 432; x_wconf 86' lang='lat' dir='ltr'><strong>actiones</strong></span> <span class='ocrx_word' id='word_1_455' title='bbox 1329 412 1445 437; x_wconf 88' lang='lat' dir='ltr'><strong>eorum,</strong></span> <span class='ocrx_word' id='word_1_456' title='bbox 1461 405 1508 439; x_wconf 91' lang='lat' dir='ltr'><strong>qui</strong></span> <span class='ocrx_word' id='word_1_457' title='bbox 1530 406 1604 433; x_wconf 89' lang='lat' dir='ltr'><strong>litem</strong></span> <span class='ocrx_word' id='word_1_458' title='bbox 1627 406 1758 434; x_wconf 73' lang='lat' dir='ltr'><strong>defuncto</strong></span> 
     </span>
    </p>
   </div>
   <div class='ocr_carea' id='block_1_68' title="bbox 972 451 1759 486">
    <p class='ocr_par' dir='ltr' id='par_1_68' title="bbox 972 451 1759 486">
     <span class='ocr_line' id='line_1_68' title="bbox 972 451 1759 486; baseline 0.003 -9"><span class='ocrx_word' id='word_1_459' title='bbox 972 451 1130 482; x_wconf 82' lang='lat' dir='ltr'><strong>movebant,</strong></span> <span class='ocrx_word' id='word_1_460' title='bbox 1146 451 1274 486; x_wconf 81' lang='lat' dir='ltr'><strong>excipere</strong></span> <span class='ocrx_word' id='word_1_461' title='bbox 1294 455 1375 485; x_wconf 83' lang='lat' dir='ltr'><strong>atque</strong></span> <span class='ocrx_word' id='word_1_462' title='bbox 1389 451 1415 478; x_wconf 93' lang='lat' dir='ltr'><strong>in</strong></span> <span class='ocrx_word' id='word_1_463' title='bbox 1437 458 1466 478; x_wconf 86' lang='lat' dir='ltr'><strong>se</strong></span> <span class='ocrx_word' id='word_1_464' title='bbox 1481 451 1630 479; x_wconf 83' lang='lat' dir='ltr'><strong>transferre</strong></span> <span class='ocrx_word' id='word_1_465' title='bbox 1647 459 1759 479; x_wconf 86' lang='lat' dir='ltr'><strong>necesse</strong></span> 
     </span>
    </p>
   </div>
   <div class='ocr_carea' id='block_1_69' title="bbox 971 496 1758 532">
    <p class='ocr_par' dir='ltr' id='par_1_69' title="bbox 971 496 1758 532">
     <span class='ocr_line' id='line_1_69' title="bbox 971 496 1758 532; baseline -0.001 -8"><span class='ocrx_word' id='word_1_466' title='bbox 971 501 1043 524; x_wconf 82' lang='lat' dir='ltr'><strong>esset</strong></span> <span class='ocrx_word' id='word_1_467' title='bbox 1064 505 1071 523; x_wconf 86' lang='lat'>:</span> <span class='ocrx_word' id='word_1_468' title='bbox 1100 496 1204 530; x_wconf 77' lang='lat' dir='ltr'><strong>magnis</strong></span> <span class='ocrx_word' id='word_1_469' title='bbox 1228 497 1412 531; x_wconf 75' lang='lat' dir='ltr'><strong>gravibusque</strong></span> <span class='ocrx_word' id='word_1_470' title='bbox 1438 497 1599 524; x_wconf 81' lang='lat' dir='ltr'><strong>tumultibus</strong></span> <span class='ocrx_word' id='word_1_471' title='bbox 1625 497 1758 532; x_wconf 77' lang='lat' dir='ltr'><strong>Gregorio</strong></span> 
     </span>
    </p>
   </div>
   <div class='ocr_carea' id='block_1_70' title="bbox 972 540 1758 575">
    <p class='ocr_par' dir='ltr' id='par_1_70' title="bbox 972 540 1758 575">
     <span class='ocr_line' id='line_1_70' title="bbox 972 540 1758 575; baseline 0.001 -8"><span class='ocrx_word' id='word_1_472' title='bbox 972 540 1070 567; x_wconf 83' lang='lat' dir='ltr'><strong>involvi</strong></span> <span class='ocrx_word' id='word_1_473' title='bbox 1095 541 1226 575; x_wconf 81' lang='lat' dir='ltr'><strong>contigit,</strong></span> <span class='ocrx_word' id='word_1_474' title='bbox 1251 541 1393 575; x_wconf 87' lang='lat' dir='ltr'><strong>permultis</strong></span> <span class='ocrx_word' id='word_1_475' title='bbox 1407 540 1533 568; x_wconf 90' lang='lat' dir='ltr'><strong>videlicet</strong></span> <span class='ocrx_word' id='word_1_476' title='bbox 1554 542 1641 568; x_wconf 88' lang='lat' dir='ltr'><strong>instar</strong></span> <span class='ocrx_word' id='word_1_477' title='bbox 1660 549 1758 568; x_wconf 90' lang='lat' dir='ltr'><strong>canum</strong></span> 
     </span>
    </p>
   </div>
   <div class='ocr_carea' id='block_1_71' title="bbox 971 585 1759 621">
    <p class='ocr_par' dir='ltr' id='par_1_71' title="bbox 971 585 1759 621">
     <span class='ocr_line' id='line_1_71' title="bbox 971 585 1759 621; baseline 0.001 -9"><span class='ocrx_word' id='word_1_478' title='bbox 971 585 1004 612; x_wconf 88' lang='lat' dir='ltr'><strong>ad</strong></span> <span class='ocrx_word' id='word_1_479' title='bbox 1038 587 1156 621; x_wconf 78' lang='lat' dir='ltr'><strong>przedam</strong></span> <span class='ocrx_word' id='word_1_480' title='bbox 1178 586 1401 619; x_wconf 85' lang='lat' dir='ltr'><strong>accurt&#39;eutibus,</strong></span> <span class='ocrx_word' id='word_1_481' title='bbox 1429 593 1461 613; x_wconf 87' lang='lat' dir='ltr'><strong>ac</strong></span> <span class='ocrx_word' id='word_1_482' title='bbox 1484 587 1583 613; x_wconf 87' lang='lat' dir='ltr'><strong>mortui</strong></span> <span class='ocrx_word' id='word_1_483' title='bbox 1613 586 1759 613; x_wconf 78' lang='lat' dir='ltr'><strong>facultates</strong></span> 
     </span>
    </p>
   </div>
   <div class='ocr_carea' id='block_1_72' title="bbox 972 631 1757 667">
    <p class='ocr_par' dir='ltr' id='par_1_72' title="bbox 972 631 1757 667">
     <span class='ocr_line' id='line_1_72' title="bbox 972 631 1757 667; baseline 0.001 -9"><span class='ocrx_word' id='word_1_484' title='bbox 972 632 1044 659; x_wconf 91' lang='lat' dir='ltr'><strong>nullo</strong></span> <span class='ocrx_word' id='word_1_485' title='bbox 1060 632 1209 659; x_wconf 78' lang='lat' dir='ltr'><strong>obsistente</strong></span> <span class='ocrx_word' id='word_1_486' title='bbox 1225 639 1254 658; x_wconf 89' lang='lat' dir='ltr'><strong>se</strong></span> <span class='ocrx_word' id='word_1_487' title='bbox 1269 637 1427 667; x_wconf 80' lang='lat' dir='ltr'><strong>arrepturos</strong></span> <span class='ocrx_word' id='word_1_488' title='bbox 1444 631 1674 660; x_wconf 82' lang='lat' dir='ltr'><strong>existimantibus.</strong></span> <span class='ocrx_word' id='word_1_489' title='bbox 1689 631 1757 659; x_wconf 86' lang='lat' dir='ltr'><strong>Nam</strong></span> 
     </span>
    </p>
   </div>
   <div class='ocr_carea' id='block_1_73' title="bbox 972 677 1757 713">
    <p class='ocr_par' dir='ltr' id='par_1_73' title="bbox 972 677 1757 713">
     <span class='ocr_line' id='line_1_73' title="bbox 972 677 1757 713; baseline 0.003 -9"><span class='ocrx_word' id='word_1_490' title='bbox 972 683 1057 713; x_wconf 88' lang='lat' dir='ltr'><strong>pater,</strong></span> <span class='ocrx_word' id='word_1_491' title='bbox 1082 682 1109 705; x_wconf 88' lang='lat' dir='ltr'><strong>et</strong></span> <span class='ocrx_word' id='word_1_492' title='bbox 1132 682 1269 705; x_wconf 86' lang='lat' dir='ltr'><strong>senectute</strong></span> <span class='ocrx_word' id='word_1_493' title='bbox 1290 683 1318 704; x_wconf 89' lang='lat' dir='ltr'><strong>et</strong></span> <span class='ocrx_word' id='word_1_494' title='bbox 1342 678 1436 704; x_wconf 87' lang='lat' dir='ltr'><strong>morbo</strong></span> <span class='ocrx_word' id='word_1_495' title='bbox 1464 677 1567 705; x_wconf 78' lang='lat' dir='ltr'><strong>fractus</strong></span> <span class='ocrx_word' id='word_1_496' title='bbox 1591 679 1757 713; x_wconf 75' lang='lat' dir='ltr'><strong>(nonaginta</strong></span> 
     </span>
    </p>
   </div>
   <div class='ocr_carea' id='block_1_74' title="bbox 971 724 1758 761">
    <p class='ocr_par' dir='ltr' id='par_1_74' title="bbox 971 724 1758 761">
     <span class='ocr_line' id='line_1_74' title="bbox 971 724 1758 761; baseline 0.001 -10"><span class='ocrx_word' id='word_1_497' title='bbox 971 726 1043 752; x_wconf 87' lang='lat' dir='ltr'><strong>enim</strong></span> <span class='ocrx_word' id='word_1_498' title='bbox 1061 725 1116 759; x_wconf 86' lang='lat' dir='ltr'><strong>jam</strong></span> <span class='ocrx_word' id='word_1_499' title='bbox 1135 725 1197 761; x_wconf 75' lang='lat' dir='ltr'><strong>vita:</strong></span> <span class='ocrx_word' id='word_1_500' title='bbox 1214 731 1299 752; x_wconf 88' lang='lat' dir='ltr'><strong>annos</strong></span> <span class='ocrx_word' id='word_1_501' title='bbox 1322 724 1495 760; x_wconf 81' lang='lat' dir='ltr'><strong>expleverat)</strong></span> <span class='ocrx_word' id='word_1_502' title='bbox 1508 725 1674 759; x_wconf 90' lang='lat' dir='ltr'><strong>judiciorum</strong></span> <span class='ocrx_word' id='word_1_503' title='bbox 1702 730 1758 752; x_wconf 52' lang='lat' dir='ltr'><strong>tur.</strong></span> 
     </span>
    </p>
   </div>
   <div class='ocr_carea' id='block_1_75' title="bbox 972 770 1759 805">
    <p class='ocr_par' dir='ltr' id='par_1_75' title="bbox 972 770 1759 805">
     <span class='ocr_line' id='line_1_75' title="bbox 972 770 1759 805; baseline 0.001 -8"><span class='ocrx_word' id='word_1_504' title='bbox 972 771 1020 798; x_wconf 85' lang='lat' dir='ltr'><strong>bas</strong></span> <span class='ocrx_word' id='word_1_505' title='bbox 1035 771 1223 804; x_wconf 85' lang='lat' dir='ltr'><strong>molestiasque</strong></span> <span class='ocrx_word' id='word_1_506' title='bbox 1234 770 1355 805; x_wconf 82' lang='lat' dir='ltr'><strong>perferre</strong></span> <span class='ocrx_word' id='word_1_507' title='bbox 1370 771 1481 798; x_wconf 83' lang='lat' dir='ltr'><strong>minime</strong></span> <span class='ocrx_word' id='word_1_508' title='bbox 1497 771 1602 798; x_wconf 83' lang='lat' dir='ltr'><strong>valebat</strong></span> <span class='ocrx_word' id='word_1_509' title='bbox 1615 781 1620 798; x_wconf 95' lang='lat'><strong>:</strong></span> <span class='ocrx_word' id='word_1_510' title='bbox 1633 771 1667 798; x_wconf 89' lang='lat' dir='ltr'><strong>ob</strong></span> <span class='ocrx_word' id='word_1_511' title='bbox 1679 771 1759 805; x_wconf 82' lang='lat' dir='ltr'><strong>idque</strong></span> 
     </span>
    </p>
   </div>
   <div class='ocr_carea' id='block_1_76' title="bbox 971 817 1757 844">
    <p class='ocr_par' dir='ltr' id='par_1_76' title="bbox 971 817 1757 844">
     <span class='ocr_line' id='line_1_76' title="bbox 971 817 1757 844; baseline -0.001 0"><span class='ocrx_word' id='word_1_512' title='bbox 971 818 1004 844; x_wconf 90' lang='lat' dir='ltr'><strong>ad</strong></span> <span class='ocrx_word' id='word_1_513' title='bbox 1021 818 1093 844; x_wconf 90' lang='lat' dir='ltr'><strong>hunc</strong></span> <span class='ocrx_word' id='word_1_514' title='bbox 1109 822 1162 843; x_wconf 92' lang='lat' dir='ltr'><strong>tota</strong></span> <span class='ocrx_word' id='word_1_515' title='bbox 1180 825 1308 844; x_wconf 88' lang='lat' dir='ltr'><strong>curarmn</strong></span> <span class='ocrx_word' id='word_1_516' title='bbox 1335 817 1421 844; x_wconf 85' lang='lat' dir='ltr'><strong>moles</strong></span> <span class='ocrx_word' id='word_1_517' title='bbox 1436 817 1640 844; x_wconf 85' lang='lat' dir='ltr'><strong>devolvebatur.</strong></span> <span class='ocrx_word' id='word_1_518' title='bbox 1667 817 1757 844; x_wconf 67' lang='lat' dir='ltr'><strong>Caete-</strong></span> 
     </span>
    </p>
   </div>
   <div class='ocr_carea' id='block_1_77' title="bbox 973 861 1756 897">
    <p class='ocr_par' dir='ltr' id='par_1_77' title="bbox 973 861 1756 897">
     <span class='ocr_line' id='line_1_77' title="bbox 973 861 1756 897; baseline 0.001 -9"><span class='ocrx_word' id='word_1_519' title='bbox 973 870 1031 889; x_wconf 89' lang='lat' dir='ltr'><strong>rum</strong></span> <span class='ocrx_word' id='word_1_520' title='bbox 1047 867 1190 896; x_wconf 89' lang='lat' dir='ltr'><strong>parentum</strong></span> <span class='ocrx_word' id='word_1_521' title='bbox 1213 861 1301 889; x_wconf 92' lang='lat' dir='ltr'><strong>cultus</strong></span> <span class='ocrx_word' id='word_1_522' title='bbox 1318 863 1453 889; x_wconf 71' lang='lat' dir='ltr'><strong>molestias</strong></span> <span class='ocrx_word' id='word_1_523' title='bbox 1468 862 1575 890; x_wconf 86' lang='lat' dir='ltr'><strong>levabat</strong></span> <span class='ocrx_word' id='word_1_524' title='bbox 1590 882 1596 894; x_wconf 89' lang='lat'><strong>,</strong></span> <span class='ocrx_word' id='word_1_525' title='bbox 1618 870 1693 897; x_wconf 83' lang='lat' dir='ltr'><strong>spem</strong></span> <span class='ocrx_word' id='word_1_526' title='bbox 1709 870 1756 889; x_wconf 78' lang='lat' dir='ltr'><strong>eo-</strong></span> 
     </span>
    </p>
   </div>
   <div class='ocr_carea' id='block_1_78' title="bbox 935 896 1759 942">
    <p class='ocr_par' dir='ltr' id='par_1_78' title="bbox 935 896 1759 942">
     <span class='ocr_line' id='line_1_78' title="bbox 935 896 1759 942; baseline 0.001 -8"><span class='ocrx_word' id='word_1_527' title='bbox 935 896 956 924; x_wconf 78' lang='grc' dir='ltr'><strong>Β</strong></span> <span class='ocrx_word' id='word_1_528' title='bbox 971 915 1030 934; x_wconf 89' lang='lat' dir='ltr'><strong>rum</strong></span> <span class='ocrx_word' id='word_1_529' title='bbox 1048 907 1220 942; x_wconf 74' lang='lat' dir='ltr'><strong>przemiornm</strong></span> <span class='ocrx_word' id='word_1_530' title='bbox 1249 907 1374 939; x_wconf 77' lang='lat' dir='ltr'><strong>atl‘crcns,</strong></span> <span class='ocrx_word' id='word_1_531' title='bbox 1393 916 1454 942; x_wconf 76' lang='lat' dir='ltr'><strong>quze</strong></span> <span class='ocrx_word' id='word_1_532' title='bbox 1470 908 1544 940; x_wconf 82' lang='lat' dir='ltr'><strong>ﬁliis,</strong></span> <span class='ocrx_word' id='word_1_533' title='bbox 1562 896 1687 942; x_wconf 82' lang='lat' dir='ltr'><strong>parentes</strong></span> <span class='ocrx_word' id='word_1_534' title='bbox 1701 908 1759 936; x_wconf 77' lang='lat' dir='ltr'><strong>olil-</strong></span> 
     </span>
    </p>
   </div>
   <div class='ocr_carea' id='block_1_79' title="bbox 971 953 1570 988">
    <p class='ocr_par' dir='ltr' id='par_1_79' title="bbox 971 953 1570 988">
     <span class='ocr_line' id='line_1_79' title="bbox 971 953 1570 988; baseline 0 -8"><span class='ocrx_word' id='word_1_535' title='bbox 971 953 1043 980; x_wconf 85' lang='lat' dir='ltr'><strong>ciosc</strong></span> <span class='ocrx_word' id='word_1_536' title='bbox 1057 953 1153 987; x_wconf 85' lang='lat' dir='ltr'><strong>pieque</strong></span> <span class='ocrx_word' id='word_1_537' title='bbox 1168 954 1330 985; x_wconf 83' lang='lat' dir='ltr'><strong>colentibus,</strong></span> <span class='ocrx_word' id='word_1_538' title='bbox 1347 954 1480 988; x_wconf 88' lang='lat' dir='ltr'><strong>promissa</strong></span> <span class='ocrx_word' id='word_1_539' title='bbox 1496 959 1570 980; x_wconf 86' lang='lat' dir='ltr'><strong>sunt.</strong></span> 
     </span>
    </p>
   </div>
   <div class='ocr_carea' id='block_1_80' title="bbox 1007 998 1756 1034">
    <p class='ocr_par' dir='ltr' id='par_1_80' title="bbox 1007 998 1756 1034">
     <span class='ocr_line' id='line_1_80' title="bbox 1007 998 1756 1034; baseline 0 -8"><span class='ocrx_word' id='word_1_540' title='bbox 1007 998 1055 1026; x_wconf 87' lang='lat' dir='ltr'><strong>llic</strong></span> <span class='ocrx_word' id='word_1_541' title='bbox 1069 1006 1176 1034; x_wconf 82' lang='lat' dir='ltr'><strong>quoque</strong></span> <span class='ocrx_word' id='word_1_542' title='bbox 1187 999 1341 1033; x_wconf 87' lang='lat' dir='ltr'><strong>hujusmodi</strong></span> <span class='ocrx_word' id='word_1_543' title='bbox 1354 999 1481 1033; x_wconf 84' lang='lat' dir='ltr'><strong>quiddam</strong></span> <span class='ocrx_word' id='word_1_544' title='bbox 1493 999 1527 1025; x_wconf 86' lang='lat' dir='ltr'><strong>ab</strong></span> <span class='ocrx_word' id='word_1_545' title='bbox 1538 999 1636 1026; x_wconf 81' lang='lat' dir='ltr'><strong>Ariana</strong></span> <span class='ocrx_word' id='word_1_546' title='bbox 1646 999 1756 1032; x_wconf 66' lang='lat' dir='ltr'><strong>haeresi,</strong></span> 
     </span>
    </p>
   </div>
   <div class='ocr_carea' id='block_1_81' title="bbox 971 1045 1758 1080">
    <p class='ocr_par' dir='ltr' id='par_1_81' title="bbox 971 1045 1758 1080">
     <span class='ocr_line' id='line_1_81' title="bbox 971 1045 1758 1080; baseline 0 -8"><span class='ocrx_word' id='word_1_547' title='bbox 971 1054 1030 1080; x_wconf 70' lang='lat' dir='ltr'><strong>quae</strong></span> <span class='ocrx_word' id='word_1_548' title='bbox 1056 1054 1104 1080; x_wconf 89' lang='lat' dir='ltr'><strong>per</strong></span> <span class='ocrx_word' id='word_1_549' title='bbox 1142 1045 1269 1080; x_wconf 74' lang='lat' dir='ltr'><strong>nequitia:</strong></span> <span class='ocrx_word' id='word_1_550' title='bbox 1295 1046 1407 1080; x_wconf 86' lang='lat' dir='ltr'><strong>spiritus</strong></span> <span class='ocrx_word' id='word_1_551' title='bbox 1432 1045 1579 1073; x_wconf 83' lang='lat' dir='ltr'><strong>Ecclesiam</strong></span> <span class='ocrx_word' id='word_1_552' title='bbox 1610 1045 1758 1079; x_wconf 86' lang='lat' dir='ltr'><strong>obruebat,</strong></span> 
     </span>
    </p>
   </div>
   <div class='ocr_carea' id='block_1_82' title="bbox 971 1091 1758 1126">
    <p class='ocr_par' dir='ltr' id='par_1_82' title="bbox 971 1091 1758 1126">
     <span class='ocr_line' id='line_1_82' title="bbox 971 1091 1758 1126; baseline -0.003 -6"><span class='ocrx_word' id='word_1_553' title='bbox 971 1093 1078 1120; x_wconf 86' lang='lat' dir='ltr'><strong>accidit.</strong></span> <span class='ocrx_word' id='word_1_554' title='bbox 1105 1091 1230 1126; x_wconf 89' lang='lat' dir='ltr'><strong>Plerique</strong></span> <span class='ocrx_word' id='word_1_555' title='bbox 1256 1092 1391 1118; x_wconf 89' lang='lat' dir='ltr'><strong>antistites</strong></span> <span class='ocrx_word' id='word_1_556' title='bbox 1412 1092 1442 1119; x_wconf 80' lang='lat' dir='ltr'><strong>in</strong></span> <span class='ocrx_word' id='word_1_557' title='bbox 1461 1091 1588 1118; x_wconf 81' lang='lat' dir='ltr'><strong>exsilium</strong></span> <span class='ocrx_word' id='word_1_558' title='bbox 1605 1091 1658 1119; x_wconf 88' lang='lat' dir='ltr'><strong>acti</strong></span> <span class='ocrx_word' id='word_1_559' title='bbox 1678 1097 1758 1124; x_wconf 82' lang='lat' dir='ltr'><strong>sunt,</strong></span> 
     </span>
    </p>
   </div>
   <div class='ocr_carea' id='block_1_83' title="bbox 973 1138 1756 1173">
    <p class='ocr_par' dir='ltr' id='par_1_83' title="bbox 973 1138 1756 1173">
     <span class='ocr_line' id='line_1_83' title="bbox 973 1138 1756 1173; baseline -0.003 -7"><span class='ocrx_word' id='word_1_560' title='bbox 973 1138 1222 1173; x_wconf 83' lang='lat' dir='ltr'><strong>Inultiplicibusque</strong></span> <span class='ocrx_word' id='word_1_561' title='bbox 1250 1139 1392 1165; x_wconf 86' lang='lat' dir='ltr'><strong>tormentis</strong></span> <span class='ocrx_word' id='word_1_562' title='bbox 1415 1138 1613 1172; x_wconf 83' lang='lat' dir='ltr'><strong>calumniisque</strong></span> <span class='ocrx_word' id='word_1_563' title='bbox 1638 1138 1728 1164; x_wconf 81' lang='lat' dir='ltr'><strong>vexati</strong></span> <span class='ocrx_word' id='word_1_564' title='bbox 1749 1147 1756 1165; x_wconf 70' lang='grc' dir='ltr'>ς</span> 
     </span>
    </p>
   </div>
   <div class='ocr_carea' id='block_1_84' title="bbox 971 1184 1760 1219">
    <p class='ocr_par' dir='ltr' id='par_1_84' title="bbox 971 1184 1760 1219">
     <span class='ocr_line' id='line_1_84' title="bbox 971 1184 1760 1219; baseline -0.004 -6"><span class='ocrx_word' id='word_1_565' title='bbox 971 1186 1136 1216; x_wconf 83' lang='lat' dir='ltr'><strong>sacerdotes,</strong></span> <span class='ocrx_word' id='word_1_566' title='bbox 1152 1193 1183 1212; x_wconf 88' lang='lat' dir='ltr'><strong>ac</strong></span> <span class='ocrx_word' id='word_1_567' title='bbox 1200 1184 1415 1212; x_wconf 90' lang='lat' dir='ltr'><strong>numerosissimi</strong></span> <span class='ocrx_word' id='word_1_568' title='bbox 1433 1184 1524 1219; x_wconf 89' lang='lat' dir='ltr'><strong>populi</strong></span> <span class='ocrx_word' id='word_1_569' title='bbox 1542 1189 1630 1211; x_wconf 68' lang='lat' dir='ltr'><strong>coetus</strong></span> <span class='ocrx_word' id='word_1_570' title='bbox 1643 1185 1693 1210; x_wconf 87' lang='lat' dir='ltr'><strong>sub</strong></span> <span class='ocrx_word' id='word_1_571' title='bbox 1713 1184 1760 1210; x_wconf 85' lang='lat' dir='ltr'><strong>dio</strong></span> 
     </span>
    </p>
   </div>
   <div class='ocr_carea' id='block_1_85' title="bbox 971 1229 1758 1264">
    <p class='ocr_par' dir='ltr' id='par_1_85' title="bbox 971 1229 1758 1264">
     <span class='ocr_line' id='line_1_85' title="bbox 971 1229 1758 1264; baseline -0.005 -5"><span class='ocrx_word' id='word_1_572' title='bbox 971 1231 1180 1264; x_wconf 76' lang='lat' dir='ltr'><strong>afﬂictabantur,</strong></span> <span class='ocrx_word' id='word_1_573' title='bbox 1196 1238 1228 1258; x_wconf 85' lang='lat' dir='ltr'><strong>ne</strong></span> <span class='ocrx_word' id='word_1_574' title='bbox 1241 1231 1336 1258; x_wconf 88' lang='lat' dir='ltr'><strong>domos</strong></span> <span class='ocrx_word' id='word_1_575' title='bbox 1348 1230 1457 1264; x_wconf 89' lang='lat' dir='ltr'><strong>quidem</strong></span> <span class='ocrx_word' id='word_1_576' title='bbox 1470 1229 1601 1256; x_wconf 84' lang='lat' dir='ltr'><strong>orationis</strong></span> <span class='ocrx_word' id='word_1_577' title='bbox 1615 1229 1758 1260; x_wconf 86' lang='lat' dir='ltr'><strong>habentes,</strong></span> 
     </span>
    </p>
   </div>
   <div class='ocr_carea' id='block_1_86' title="bbox 971 1275 1757 1313">
    <p class='ocr_par' dir='ltr' id='par_1_86' title="bbox 971 1275 1757 1313">
     <span class='ocr_line' id='line_1_86' title="bbox 971 1275 1757 1313; baseline -0.005 -8"><span class='ocrx_word' id='word_1_578' title='bbox 971 1286 1021 1306; x_wconf 85' lang='lat' dir='ltr'><strong>nec</strong></span> <span class='ocrx_word' id='word_1_579' title='bbox 1045 1279 1132 1313; x_wconf 82' lang='lat' dir='ltr'><strong>legum</strong></span> <span class='ocrx_word' id='word_1_580' title='bbox 1149 1277 1278 1311; x_wconf 68' lang='lat' dir='ltr'><strong>aequitate</strong></span> <span class='ocrx_word' id='word_1_581' title='bbox 1295 1285 1356 1304; x_wconf 93' lang='lat' dir='ltr'><strong>cum</strong></span> <span class='ocrx_word' id='word_1_582' title='bbox 1376 1276 1466 1310; x_wconf 83' lang='lat' dir='ltr'><strong>impiis</strong></span> <span class='ocrx_word' id='word_1_583' title='bbox 1483 1283 1516 1303; x_wconf 78' lang='lat' dir='ltr'><strong>ex</strong></span> <span class='ocrx_word' id='word_1_584' title='bbox 1532 1282 1610 1310; x_wconf 54' lang='lat' dir='ltr'><strong>aequo</strong></span> <span class='ocrx_word' id='word_1_585' title='bbox 1626 1275 1757 1306; x_wconf 88' lang='lat' dir='ltr'><strong>fruentes,</strong></span> 
     </span>
    </p>
   </div>
   <div class='ocr_carea' id='block_1_87' title="bbox 971 1322 1757 1355">
    <p class='ocr_par' dir='ltr' id='par_1_87' title="bbox 971 1322 1757 1355">
     <span class='ocr_line' id='line_1_87' title="bbox 971 1322 1757 1355; baseline -0.009 -2"><span class='ocrx_word' id='word_1_586' title='bbox 971 1325 1067 1353; x_wconf 66' lang='lat' dir='ltr'><strong>haeresi</strong></span> <span class='ocrx_word' id='word_1_587' title='bbox 1087 1325 1214 1352; x_wconf 89' lang='lat' dir='ltr'><strong>nimirum</strong></span> <span class='ocrx_word' id='word_1_588' title='bbox 1229 1330 1324 1351; x_wconf 89' lang='lat' dir='ltr'><strong>omnes</strong></span> <span class='ocrx_word' id='word_1_589' title='bbox 1345 1323 1402 1350; x_wconf 82' lang='lat' dir='ltr'><strong>fere</strong></span> <span class='ocrx_word' id='word_1_590' title='bbox 1416 1322 1491 1349; x_wconf 89' lang='lat' dir='ltr'><strong>orbis</strong></span> <span class='ocrx_word' id='word_1_591' title='bbox 1511 1322 1579 1349; x_wconf 88' lang='lat' dir='ltr'><strong>lines</strong></span> <span class='ocrx_word' id='word_1_592' title='bbox 1594 1326 1757 1355; x_wconf 81' lang='lat' dir='ltr'><strong>occupaute,</strong></span> 
     </span>
    </p>
   </div>
   <div class='ocr_carea' id='block_1_88' title="bbox 972 1366 1760 1406">
    <p class='ocr_par' dir='ltr' id='par_1_88' title="bbox 972 1366 1760 1406">
     <span class='ocr_line' id='line_1_88' title="bbox 972 1366 1760 1406; baseline -0.009 -8"><span class='ocrx_word' id='word_1_593' title='bbox 972 1371 1100 1406; x_wconf 88' lang='lat' dir='ltr'><strong>impiique</strong></span> <span class='ocrx_word' id='word_1_594' title='bbox 1117 1369 1288 1405; x_wconf 88' lang='lat' dir='ltr'><strong>imperatoris</strong></span> <span class='ocrx_word' id='word_1_595' title='bbox 1303 1375 1354 1403; x_wconf 87' lang='lat' dir='ltr'><strong>ope</strong></span> <span class='ocrx_word' id='word_1_596' title='bbox 1374 1373 1455 1402; x_wconf 89' lang='lat' dir='ltr'><strong>atque</strong></span> <span class='ocrx_word' id='word_1_597' title='bbox 1476 1366 1579 1394; x_wconf 79' lang='lat' dir='ltr'><strong>auxilio</strong></span> <span class='ocrx_word' id='word_1_598' title='bbox 1603 1366 1760 1394; x_wconf 85' lang='lat' dir='ltr'><strong>subnitente</strong></span> 
     </span>
    </p>
   </div>
   <div class='ocr_carea' id='block_1_89' title="bbox 972 1411 1759 1447">
    <p class='ocr_par' dir='ltr' id='par_1_89' title="bbox 972 1411 1759 1447">
     <span class='ocr_line' id='line_1_89' title="bbox 972 1411 1759 1447; baseline -0.006 -4"><span class='ocrx_word' id='word_1_599' title='bbox 972 1423 1004 1443; x_wconf 85' lang='lat' dir='ltr'><strong>ac</strong></span> <span class='ocrx_word' id='word_1_600' title='bbox 1028 1415 1186 1443; x_wconf 86' lang='lat' dir='ltr'><strong>ferociente.</strong></span> <span class='ocrx_word' id='word_1_601' title='bbox 1203 1413 1339 1442; x_wconf 87' lang='lat' dir='ltr'><strong>Concessa</strong></span> <span class='ocrx_word' id='word_1_602' title='bbox 1359 1417 1402 1440; x_wconf 87' lang='lat' dir='ltr'><strong>est</strong></span> <span class='ocrx_word' id='word_1_603' title='bbox 1429 1413 1520 1447; x_wconf 83' lang='lat' dir='ltr'><strong>itaque</strong></span> <span class='ocrx_word' id='word_1_604' title='bbox 1539 1411 1648 1439; x_wconf 84' lang='lat' dir='ltr'><strong>licentia</strong></span> <span class='ocrx_word' id='word_1_605' title='bbox 1666 1412 1759 1446; x_wconf 85' lang='lat' dir='ltr'><strong>perni-</strong></span> 
     </span>
    </p>
   </div>
   <div class='ocr_carea' id='block_1_90' title="bbox 971 1457 1760 1496">
    <p class='ocr_par' dir='ltr' id='par_1_90' title="bbox 971 1457 1760 1496">
     <span class='ocr_line' id='line_1_90' title="bbox 971 1457 1760 1496; baseline -0.006 -7"><span class='ocrx_word' id='word_1_606' title='bbox 971 1461 1053 1489; x_wconf 87' lang='lat' dir='ltr'><strong>ciosis</strong></span> <span class='ocrx_word' id='word_1_607' title='bbox 1077 1461 1254 1496; x_wconf 91' lang='lat' dir='ltr'><strong>pastoribus,</strong></span> <span class='ocrx_word' id='word_1_608' title='bbox 1284 1464 1311 1486; x_wconf 87' lang='lat' dir='ltr'><strong>et</strong></span> <span class='ocrx_word' id='word_1_609' title='bbox 1333 1459 1384 1487; x_wconf 92' lang='lat' dir='ltr'><strong>sub</strong></span> <span class='ocrx_word' id='word_1_610' title='bbox 1409 1463 1548 1485; x_wconf 89' lang='lat' dir='ltr'><strong>mansueta</strong></span> <span class='ocrx_word' id='word_1_611' title='bbox 1575 1457 1644 1493; x_wconf 86' lang='lat' dir='ltr'><strong>pelle</strong></span> <span class='ocrx_word' id='word_1_612' title='bbox 1666 1458 1760 1491; x_wconf 84' lang='lat' dir='ltr'><strong>lupum</strong></span> 
     </span>
    </p>
   </div>
   <div class='ocr_carea' id='block_1_91' title="bbox 974 1504 1760 1542">
    <p class='ocr_par' dir='ltr' id='par_1_91' title="bbox 974 1504 1760 1542">
     <span class='ocr_line' id='line_1_91' title="bbox 974 1504 1760 1542; baseline -0.006 -8"><span class='ocrx_word' id='word_1_613' title='bbox 974 1507 1138 1542; x_wconf 79' lang='lat' dir='ltr'><strong>tegentibus,</strong></span> <span class='ocrx_word' id='word_1_614' title='bbox 1152 1506 1245 1534; x_wconf 84' lang='lat' dir='ltr'><strong>ﬁdeles</strong></span> <span class='ocrx_word' id='word_1_615' title='bbox 1262 1506 1421 1540; x_wconf 86' lang='lat' dir='ltr'><strong>episcopos,</strong></span> <span class='ocrx_word' id='word_1_616' title='bbox 1438 1509 1465 1531; x_wconf 89' lang='lat' dir='ltr'><strong>et</strong></span> <span class='ocrx_word' id='word_1_617' title='bbox 1482 1504 1591 1531; x_wconf 80' lang='lat' dir='ltr'><strong>Christo</strong></span> <span class='ocrx_word' id='word_1_618' title='bbox 1607 1504 1694 1538; x_wconf 89' lang='lat' dir='ltr'><strong>primo</strong></span> <span class='ocrx_word' id='word_1_619' title='bbox 1708 1511 1760 1538; x_wconf 82' lang='lat' dir='ltr'><strong>pa-</strong></span> 
     </span>
    </p>
   </div>
   <div class='ocr_carea' id='block_1_92' title="bbox 972 1549 1760 1588">
    <p class='ocr_par' dir='ltr' id='par_1_92' title="bbox 972 1549 1760 1588">
     <span class='ocr_line' id='line_1_92' title="bbox 972 1549 1760 1588; baseline -0.005 -8"><span class='ocrx_word' id='word_1_620' title='bbox 972 1559 1045 1581; x_wconf 84' lang='lat' dir='ltr'><strong>slore</strong></span> <span class='ocrx_word' id='word_1_621' title='bbox 1067 1553 1180 1588; x_wconf 79' lang='lat' dir='ltr'><strong>dignos,</strong></span> <span class='ocrx_word' id='word_1_622' title='bbox 1199 1551 1372 1580; x_wconf 84' lang='lat' dir='ltr'><strong>exturbandi.</strong></span> <span class='ocrx_word' id='word_1_623' title='bbox 1395 1550 1454 1584; x_wconf 78' lang='lat' dir='ltr'><strong>Quo</strong></span> <span class='ocrx_word' id='word_1_624' title='bbox 1474 1550 1575 1578; x_wconf 85' lang='lat' dir='ltr'><strong>factum</strong></span> <span class='ocrx_word' id='word_1_625' title='bbox 1596 1555 1655 1582; x_wconf 87' lang='lat' dir='ltr'><strong>est,</strong></span> <span class='ocrx_word' id='word_1_626' title='bbox 1672 1549 1760 1576; x_wconf 89' lang='lat' dir='ltr'><strong>utalii</strong></span> 
     </span>
    </p>
   </div>
   <div class='ocr_carea' id='block_1_93' title="bbox 972 1594 1760 1631">
    <p class='ocr_par' dir='ltr' id='par_1_93' title="bbox 972 1594 1760 1631">
     <span class='ocr_line' id='line_1_93' title="bbox 972 1594 1760 1631; baseline -0.006 -5"><span class='ocrx_word' id='word_1_627' title='bbox 972 1600 1115 1627; x_wconf 88' lang='lat' dir='ltr'><strong>verborum</strong></span> <span class='ocrx_word' id='word_1_628' title='bbox 1137 1599 1273 1626; x_wconf 86' lang='lat' dir='ltr'><strong>illecebris</strong></span> <span class='ocrx_word' id='word_1_629' title='bbox 1290 1597 1396 1624; x_wconf 90' lang='lat' dir='ltr'><strong>deliniti</strong></span> <span class='ocrx_word' id='word_1_630' title='bbox 1411 1617 1419 1629; x_wconf 90' lang='lat'><strong>,</strong></span> <span class='ocrx_word' id='word_1_631' title='bbox 1434 1600 1479 1623; x_wconf 87' lang='lat' dir='ltr'><strong>aut</strong></span> <span class='ocrx_word' id='word_1_632' title='bbox 1495 1595 1618 1631; x_wconf 87' lang='lat' dir='ltr'><strong>pecuniis</strong></span> <span class='ocrx_word' id='word_1_633' title='bbox 1635 1594 1738 1622; x_wconf 88' lang='lat' dir='ltr'><strong>subacti</strong></span> <span class='ocrx_word' id='word_1_634' title='bbox 1752 1613 1760 1625; x_wconf 86' lang='lat'><em>.</em></span> 
     </span>
    </p>
   </div>
   <div class='ocr_carea' id='block_1_94' title="bbox 973 1641 1760 1678">
    <p class='ocr_par' dir='ltr' id='par_1_94' title="bbox 973 1641 1760 1678">
     <span class='ocr_line' id='line_1_94' title="bbox 973 1641 1760 1678; baseline -0.009 -6"><span class='ocrx_word' id='word_1_635' title='bbox 973 1645 1018 1672; x_wconf 87' lang='lat' dir='ltr'><strong>alii</strong></span> <span class='ocrx_word' id='word_1_636' title='bbox 1047 1651 1153 1672; x_wconf 88' lang='lat' dir='ltr'><strong>morum</strong></span> <span class='ocrx_word' id='word_1_637' title='bbox 1179 1643 1354 1678; x_wconf 84' lang='lat' dir='ltr'><strong>simplicitate</strong></span> <span class='ocrx_word' id='word_1_638' title='bbox 1379 1641 1506 1676; x_wconf 76' lang='lat' dir='ltr'><strong>decepti,</strong></span> <span class='ocrx_word' id='word_1_639' title='bbox 1532 1641 1644 1668; x_wconf 79' lang='lat' dir='ltr'><strong>haeresis</strong></span> <span class='ocrx_word' id='word_1_640' title='bbox 1670 1647 1760 1667; x_wconf 82' lang='lat' dir='ltr'><strong>escam</strong></span> 
     </span>
    </p>
   </div>
   <div class='ocr_carea' id='block_1_95' title="bbox 973 1686 1756 1725">
    <p class='ocr_par' dir='ltr' id='par_1_95' title="bbox 973 1686 1756 1725">
     <span class='ocr_line' id='line_1_95' title="bbox 973 1686 1756 1725; baseline -0.009 -7"><span class='ocrx_word' id='word_1_641' title='bbox 973 1690 1141 1725; x_wconf 85' lang='lat' dir='ltr'><strong>susceperint</strong></span> <span class='ocrx_word' id='word_1_642' title='bbox 1154 1709 1161 1721; x_wconf 85' lang='lat'><strong>,</strong></span> <span class='ocrx_word' id='word_1_643' title='bbox 1180 1689 1361 1723; x_wconf 72' lang='lat' dir='ltr'><strong>chirographo</strong></span> <span class='ocrx_word' id='word_1_644' title='bbox 1377 1695 1428 1714; x_wconf 90' lang='lat' dir='ltr'><strong>suo</strong></span> <span class='ocrx_word' id='word_1_645' title='bbox 1444 1691 1472 1714; x_wconf 85' lang='lat' dir='ltr'><strong>et</strong></span> <span class='ocrx_word' id='word_1_646' title='bbox 1486 1686 1678 1714; x_wconf 88' lang='lat' dir='ltr'><strong>communione</strong></span> <span class='ocrx_word' id='word_1_647' title='bbox 1693 1692 1756 1711; x_wconf 88' lang='lat' dir='ltr'><strong>eum</strong></span> 
     </span>
    </p>
   </div>
   <div class='ocr_carea' id='block_1_96' title="bbox 974 1734 1760 1770">
    <p class='ocr_par' dir='ltr' id='par_1_96' title="bbox 974 1734 1760 1770">
     <span class='ocr_line' id='line_1_96' title="bbox 974 1734 1760 1770; baseline -0.006 -6"><span class='ocrx_word' id='word_1_648' title='bbox 974 1737 1138 1765; x_wconf 86' lang='lat' dir='ltr'><strong>adversariis</strong></span> <span class='ocrx_word' id='word_1_649' title='bbox 1155 1735 1302 1770; x_wconf 73' lang='lat' dir='ltr'><strong>conjuncti.</strong></span> <span class='ocrx_word' id='word_1_650' title='bbox 1318 1736 1376 1768; x_wconf 85' lang='lat' dir='ltr'><strong>Quo</strong></span> <span class='ocrx_word' id='word_1_651' title='bbox 1394 1736 1420 1762; x_wconf 91' lang='lat' dir='ltr'><strong>in</strong></span> <span class='ocrx_word' id='word_1_652' title='bbox 1437 1742 1550 1762; x_wconf 88' lang='lat' dir='ltr'><strong>numero</strong></span> <span class='ocrx_word' id='word_1_653' title='bbox 1564 1734 1634 1761; x_wconf 85' lang='lat' dir='ltr'><strong>beati</strong></span> <span class='ocrx_word' id='word_1_654' title='bbox 1651 1739 1760 1768; x_wconf 82' lang='lat' dir='ltr'><strong>quoque</strong></span> 
     </span>
    </p>
   </div>
   <div class='ocr_carea' id='block_1_97' title="bbox 974 1779 1760 1816">
    <p class='ocr_par' dir='ltr' id='par_1_97' title="bbox 974 1779 1760 1816">
     <span class='ocr_line' id='line_1_97' title="bbox 974 1779 1760 1816; baseline -0.005 -7"><span class='ocrx_word' id='word_1_655' title='bbox 974 1783 1053 1816; x_wconf 86' lang='lat' dir='ltr'><strong>hujus</strong></span> <span class='ocrx_word' id='word_1_656' title='bbox 1066 1782 1116 1809; x_wconf 90' lang='lat' dir='ltr'><strong>viri</strong></span> <span class='ocrx_word' id='word_1_657' title='bbox 1132 1787 1208 1816; x_wconf 85' lang='lat' dir='ltr'><strong>pater</strong></span> <span class='ocrx_word' id='word_1_658' title='bbox 1222 1786 1291 1814; x_wconf 86' lang='lat' dir='ltr'><strong>erat,</strong></span> <span class='ocrx_word' id='word_1_659' title='bbox 1307 1781 1390 1808; x_wconf 90' lang='lat' dir='ltr'><strong>animi</strong></span> <span class='ocrx_word' id='word_1_660' title='bbox 1411 1780 1585 1815; x_wconf 88' lang='lat' dir='ltr'><strong>simplicitate</strong></span> <span class='ocrx_word' id='word_1_661' title='bbox 1608 1780 1636 1806; x_wconf 92' lang='lat' dir='ltr'><strong>in</strong></span> <span class='ocrx_word' id='word_1_662' title='bbox 1651 1779 1760 1806; x_wconf 88' lang='lat' dir='ltr'><strong>hamum</strong></span> 
     </span>
    </p>
   </div>
   <div class='ocr_carea' id='block_1_98' title="bbox 974 1824 1761 1863">
    <p class='ocr_par' dir='ltr' id='par_1_98' title="bbox 974 1824 1761 1863">
     <span class='ocr_line' id='line_1_98' title="bbox 974 1824 1761 1863; baseline -0.005 -8"><span class='ocrx_word' id='word_1_663' title='bbox 974 1828 1124 1863; x_wconf 90' lang='lat' dir='ltr'><strong>prolapsus.</strong></span> <span class='ocrx_word' id='word_1_664' title='bbox 1150 1827 1227 1861; x_wconf 89' lang='lat' dir='ltr'><strong>Quod</strong></span> <span class='ocrx_word' id='word_1_665' title='bbox 1255 1827 1327 1854; x_wconf 86' lang='lat' dir='ltr'><strong>illius</strong></span> <span class='ocrx_word' id='word_1_666' title='bbox 1354 1826 1454 1853; x_wconf 91' lang='lat' dir='ltr'><strong>factum</strong></span> <span class='ocrx_word' id='word_1_667' title='bbox 1489 1834 1550 1853; x_wconf 92' lang='lat' dir='ltr'><strong>cum</strong></span> <span class='ocrx_word' id='word_1_668' title='bbox 1579 1824 1761 1860; x_wconf 85' lang='lat' dir='ltr'><strong>provinciales</strong></span> 
     </span>
    </p>
   </div>
   <div class='ocr_carea' id='block_1_99' title="bbox 975 1872 1762 1907">
    <p class='ocr_par' dir='ltr' id='par_1_99' title="bbox 975 1872 1762 1907">
     <span class='ocr_line' id='line_1_99' title="bbox 975 1872 1762 1907; baseline -0.006 -5"><span class='ocrx_word' id='word_1_669' title='bbox 975 1875 1102 1903; x_wconf 78' lang='lat' dir='ltr'><strong>monachi</strong></span> <span class='ocrx_word' id='word_1_670' title='bbox 1128 1874 1200 1901; x_wconf 87' lang='lat' dir='ltr'><strong>ferre</strong></span> <span class='ocrx_word' id='word_1_671' title='bbox 1222 1881 1274 1900; x_wconf 91' lang='lat' dir='ltr'><strong>non</strong></span> <span class='ocrx_word' id='word_1_672' title='bbox 1298 1877 1424 1907; x_wconf 87' lang='lat' dir='ltr'><strong>possent,</strong></span> <span class='ocrx_word' id='word_1_673' title='bbox 1443 1872 1476 1899; x_wconf 84' lang='lat' dir='ltr'><strong>ab</strong></span> <span class='ocrx_word' id='word_1_674' title='bbox 1493 1872 1577 1906; x_wconf 89' lang='lat' dir='ltr'><strong>ipsius</strong></span> <span class='ocrx_word' id='word_1_675' title='bbox 1595 1879 1625 1898; x_wconf 87' lang='lat' dir='ltr'><strong>se</strong></span> <span class='ocrx_word' id='word_1_676' title='bbox 1639 1879 1762 1899; x_wconf 88' lang='lat' dir='ltr'><strong>commu-</strong></span> 
     </span>
    </p>
   </div>
   <div class='ocr_carea' id='block_1_100' title="bbox 977 1915 1758 1954">
    <p class='ocr_par' dir='ltr' id='par_1_100' title="bbox 977 1915 1758 1954">
     <span class='ocr_line' id='line_1_100' title="bbox 977 1915 1758 1954; baseline -0.005 -6"><span class='ocrx_word' id='word_1_677' title='bbox 977 1922 1058 1949; x_wconf 87' lang='lat' dir='ltr'><strong>nione</strong></span> <span class='ocrx_word' id='word_1_678' title='bbox 1075 1920 1256 1951; x_wconf 83' lang='lat' dir='ltr'><strong>abscindunt;</strong></span> <span class='ocrx_word' id='word_1_679' title='bbox 1282 1919 1416 1954; x_wconf 74' lang='lat' dir='ltr'><strong>simulque</strong></span> <span class='ocrx_word' id='word_1_680' title='bbox 1433 1918 1565 1945; x_wconf 84' lang='lat' dir='ltr'><strong>abscessit</strong></span> <span class='ocrx_word' id='word_1_681' title='bbox 1580 1925 1643 1953; x_wconf 89' lang='lat' dir='ltr'><strong>pars</strong></span> <span class='ocrx_word' id='word_1_682' title='bbox 1667 1915 1758 1952; x_wconf 84' lang='lat' dir='ltr'><strong>populi</strong></span> 
     </span>
    </p>
   </div>
   <div class='ocr_carea' id='block_1_101' title="bbox 975 1963 1758 2002">
    <p class='ocr_par' dir='ltr' id='par_1_101' title="bbox 975 1963 1758 2002">
     <span class='ocr_line' id='line_1_101' title="bbox 975 1963 1758 2002; baseline -0.006 -8"><span class='ocrx_word' id='word_1_683' title='bbox 975 1967 1046 1995; x_wconf 84' lang='lat' dir='ltr'><strong>haud</strong></span> <span class='ocrx_word' id='word_1_684' title='bbox 1074 1966 1192 2002; x_wconf 77' lang='lat' dir='ltr'><strong>exigua,</strong></span> <span class='ocrx_word' id='word_1_685' title='bbox 1221 1965 1416 1993; x_wconf 84' lang='lat' dir='ltr'><strong>monachorum</strong></span> <span class='ocrx_word' id='word_1_686' title='bbox 1443 1963 1634 1992; x_wconf 86' lang='lat' dir='ltr'><strong>auctoritatem</strong></span> <span class='ocrx_word' id='word_1_687' title='bbox 1663 1968 1758 1998; x_wconf 83' lang='lat' dir='ltr'><strong>aperte</strong></span> 
     </span>
    </p>
   </div>
   <div class='ocr_carea' id='block_1_102' title="bbox 974 2017 1077 2041">
    <p class='ocr_par' dir='ltr' id='par_1_102' title="bbox 974 2017 1077 2041">
     <span class='ocr_line' id='line_1_102' title="bbox 974 2017 1077 2041; baseline -0.01 0"><span class='ocrx_word' id='word_1_688' title='bbox 974 2017 1077 2041; x_wconf 85' lang='lat' dir='ltr'><strong>secuta.</strong></span> 
     </span>
    </p>
   </div>
   <div class='ocr_carea' id='block_1_103' title="bbox 1010 2157 1759 2196">
    <p class='ocr_par' dir='ltr' id='par_1_103' title="bbox 1010 2157 1759 2196">
     <span class='ocr_line' id='line_1_103' title="bbox 1010 2157 1759 2196; baseline -0.004 -7"><span class='ocrx_word' id='word_1_689' title='bbox 1010 2161 1079 2195; x_wconf 86' lang='lat' dir='ltr'><strong>Quid</strong></span> <span class='ocrx_word' id='word_1_690' title='bbox 1096 2161 1176 2196; x_wconf 78' lang='lat' dir='ltr'><strong>igitur</strong></span> <span class='ocrx_word' id='word_1_691' title='bbox 1197 2160 1242 2188; x_wconf 92' lang='lat' dir='ltr'><strong>hic</strong></span> <span class='ocrx_word' id='word_1_692' title='bbox 1261 2159 1368 2187; x_wconf 91' lang='lat' dir='ltr'><strong>consilii</strong></span> <span class='ocrx_word' id='word_1_693' title='bbox 1393 2159 1466 2192; x_wconf 84' lang='lat' dir='ltr'><strong>capit</strong></span> <span class='ocrx_word' id='word_1_694' title='bbox 1491 2158 1538 2186; x_wconf 85' lang='lat' dir='ltr'><strong>Dei</strong></span> <span class='ocrx_word' id='word_1_695' title='bbox 1562 2165 1657 2186; x_wconf 88' lang='lat' dir='ltr'><strong>servus</strong></span> <span class='ocrx_word' id='word_1_696' title='bbox 1671 2158 1682 2184; x_wconf 78' lang='lat' dir='ltr'><strong>l</strong></span> <span class='ocrx_word' id='word_1_697' title='bbox 1698 2157 1759 2186; x_wconf 81' lang='lat' dir='ltr'><strong>Pri-</strong></span> 
     </span>
    </p>
   </div>
   <div class='ocr_carea' id='block_1_104' title="bbox 976 2204 1761 2241">
    <p class='ocr_par' dir='ltr' id='par_1_104' title="bbox 976 2204 1761 2241">
     <span class='ocr_line' id='line_1_104' title="bbox 976 2204 1761 2241; baseline -0.005 -6"><span class='ocrx_word' id='word_1_698' title='bbox 976 2216 1048 2235; x_wconf 90' lang='lat' dir='ltr'><strong>mum</strong></span> <span class='ocrx_word' id='word_1_699' title='bbox 1064 2207 1232 2235; x_wconf 83' lang='lat' dir='ltr'><strong>orationibus</strong></span> <span class='ocrx_word' id='word_1_700' title='bbox 1250 2211 1278 2234; x_wconf 86' lang='lat' dir='ltr'><strong>et</strong></span> <span class='ocrx_word' id='word_1_701' title='bbox 1297 2206 1396 2241; x_wconf 74' lang='lat' dir='ltr'><strong>vigiliis</strong></span> <span class='ocrx_word' id='word_1_702' title='bbox 1420 2207 1504 2233; x_wconf 90' lang='lat' dir='ltr'><strong>Deum</strong></span> <span class='ocrx_word' id='word_1_703' title='bbox 1520 2205 1628 2240; x_wconf 85' lang='lat' dir='ltr'><strong>placare</strong></span> <span class='ocrx_word' id='word_1_704' title='bbox 1649 2204 1761 2238; x_wconf 86' lang='lat' dir='ltr'><strong>studet,</strong></span> 
     </span>
    </p>
   </div>
   <div class='ocr_carea' id='block_1_105' title="bbox 977 2250 1763 2288">
    <p class='ocr_par' dir='ltr' id='par_1_105' title="bbox 977 2250 1763 2288">
     <span class='ocr_line' id='line_1_105' title="bbox 977 2250 1763 2288; baseline -0.006 -7"><span class='ocrx_word' id='word_1_705' title='bbox 977 2254 1010 2281; x_wconf 84' lang='lat' dir='ltr'><strong>al)</strong></span> <span class='ocrx_word' id='word_1_706' title='bbox 1025 2261 1112 2288; x_wconf 86' lang='lat' dir='ltr'><strong>eoque</strong></span> <span class='ocrx_word' id='word_1_707' title='bbox 1135 2253 1283 2287; x_wconf 87' lang='lat' dir='ltr'><strong>impetrare</strong></span> <span class='ocrx_word' id='word_1_708' title='bbox 1298 2257 1328 2279; x_wconf 88' lang='lat' dir='ltr'><strong>ut</strong></span> <span class='ocrx_word' id='word_1_709' title='bbox 1350 2252 1402 2279; x_wconf 87' lang='lat' dir='ltr'><strong>hoc</strong></span> <span class='ocrx_word' id='word_1_710' title='bbox 1425 2251 1523 2278; x_wconf 88' lang='lat' dir='ltr'><strong>malum</strong></span> <span class='ocrx_word' id='word_1_711' title='bbox 1541 2250 1647 2277; x_wconf 80' lang='lat' dir='ltr'><strong>aboleat</strong></span> <span class='ocrx_word' id='word_1_712' title='bbox 1658 2270 1666 2282; x_wconf 90' lang='lat'><strong>,</strong></span> <span class='ocrx_word' id='word_1_713' title='bbox 1679 2250 1763 2277; x_wconf 74' lang='lat' dir='ltr'><strong>dissi-</strong></span> 
     </span>
    </p>
   </div>
   <div class='ocr_carea' id='block_1_106' title="bbox 977 2296 1759 2334">
    <p class='ocr_par' dir='ltr' id='par_1_106' title="bbox 977 2296 1759 2334">
     <span class='ocr_line' id='line_1_106' title="bbox 977 2296 1759 2334; baseline -0.004 -7"><span class='ocrx_word' id='word_1_714' title='bbox 977 2300 1105 2334; x_wconf 79' lang='lat' dir='ltr'><strong>diumque</strong></span> <span class='ocrx_word' id='word_1_715' title='bbox 1127 2303 1251 2326; x_wconf 73' lang='lat' dir='ltr'><strong>exortum</strong></span> <span class='ocrx_word' id='word_1_716' title='bbox 1268 2298 1395 2326; x_wconf 88' lang='lat' dir='ltr'><strong>cicatrice</strong></span> <span class='ocrx_word' id='word_1_717' title='bbox 1408 2298 1526 2324; x_wconf 88' lang='lat' dir='ltr'><strong>obducat.</strong></span> <span class='ocrx_word' id='word_1_718' title='bbox 1541 2306 1547 2323; x_wconf 89' lang='lat'>:</span> <span class='ocrx_word' id='word_1_719' title='bbox 1567 2296 1759 2330; x_wconf 85' lang='lat' dir='ltr'><strong>silentiumque</strong></span> 
     </span>
    </p>
   </div>
   <div class='ocr_carea' id='block_1_107' title="bbox 978 2342 1763 2376">
    <p class='ocr_par' dir='ltr' id='par_1_107' title="bbox 978 2342 1763 2376">
     <span class='ocr_line' id='line_1_107' title="bbox 978 2342 1763 2376; baseline -0.001 -4"><span class='ocrx_word' id='word_1_720' title='bbox 978 2345 1028 2372; x_wconf 89' lang='lat' dir='ltr'><strong>sibi</strong></span> <span class='ocrx_word' id='word_1_721' title='bbox 1054 2345 1161 2376; x_wconf 83' lang='lat' dir='ltr'><strong>indicit,</strong></span> <span class='ocrx_word' id='word_1_722' title='bbox 1182 2350 1211 2372; x_wconf 93' lang='lat' dir='ltr'><strong>ut</strong></span> <span class='ocrx_word' id='word_1_723' title='bbox 1227 2344 1309 2371; x_wconf 90' lang='lat' dir='ltr'><strong>animi</strong></span> <span class='ocrx_word' id='word_1_724' title='bbox 1331 2343 1489 2370; x_wconf 78' lang='lat' dir='ltr'><strong>mmstitiam</strong></span> <span class='ocrx_word' id='word_1_725' title='bbox 1514 2342 1565 2370; x_wconf 85' lang='lat' dir='ltr'><strong>hac</strong></span> <span class='ocrx_word' id='word_1_726' title='bbox 1581 2344 1688 2369; x_wconf 89' lang='lat' dir='ltr'><strong>ratione</strong></span> <span class='ocrx_word' id='word_1_727' title='bbox 1715 2344 1763 2371; x_wconf 82' lang='lat' dir='ltr'><strong>de-</strong></span> 
     </span>
    </p>
   </div>
   <div class='ocr_carea' id='block_1_108' title="bbox 978 2387 1762 2425">
    <p class='ocr_par' dir='ltr' id='par_1_108' title="bbox 978 2387 1762 2425">
     <span class='ocr_line' id='line_1_108' title="bbox 978 2387 1762 2425; baseline -0.004 -8"><span class='ocrx_word' id='word_1_728' title='bbox 978 2390 1072 2417; x_wconf 85' lang='lat' dir='ltr'><strong>claret.</strong></span> <span class='ocrx_word' id='word_1_729' title='bbox 1087 2389 1184 2417; x_wconf 88' lang='lat' dir='ltr'><strong>Postea</strong></span> <span class='ocrx_word' id='word_1_730' title='bbox 1200 2395 1304 2425; x_wconf 84' lang='lat' dir='ltr'><strong>patrem</strong></span> <span class='ocrx_word' id='word_1_731' title='bbox 1321 2388 1354 2416; x_wconf 91' lang='lat' dir='ltr'><strong>ad</strong></span> <span class='ocrx_word' id='word_1_732' title='bbox 1377 2388 1483 2415; x_wconf 86' lang='lat' dir='ltr'><strong>veniam</strong></span> <span class='ocrx_word' id='word_1_733' title='bbox 1499 2387 1584 2422; x_wconf 57' lang='lat' dir='ltr'><strong>culpae</strong></span> <span class='ocrx_word' id='word_1_734' title='bbox 1597 2387 1741 2422; x_wconf 84' lang='lat' dir='ltr'><strong>petendam</strong></span> <span class='ocrx_word' id='word_1_735' title='bbox 1752 2408 1762 2422; x_wconf 88' lang='lat'><strong>,</strong></span> 
     </span>
    </p>
   </div>
   <div class='ocr_carea' id='block_1_109' title="bbox 1014 2496 1763 2536">
    <p class='ocr_par' dir='ltr' id='par_1_109' title="bbox 1014 2496 1763 2536">
     <span class='ocr_line' id='line_1_109' title="bbox 1014 2496 1763 2536; baseline -0.007 -8"><span class='ocrx_word' id='word_1_736' title='bbox 1014 2501 1072 2536; x_wconf 82' lang='lat'><strong>(96)</strong></span> <span class='ocrx_word' id='word_1_737' title='bbox 1090 2501 1166 2529; x_wconf 87' lang='lat' dir='ltr'><strong>Coll).</strong></span> <span class='ocrx_word' id='word_1_738' title='bbox 1179 2501 1204 2534; x_wconf 81' lang='grc'>1,</span> <span class='ocrx_word' id='word_1_739' title='bbox 1219 2506 1246 2528; x_wconf 86' lang='lat' dir='ltr'><strong>et</strong></span> <span class='ocrx_word' id='word_1_740' title='bbox 1262 2501 1308 2528; x_wconf 87' lang='lat' dir='ltr'><strong>Or.</strong></span> <span class='ocrx_word' id='word_1_741' title='bbox 1322 2500 1400 2528; x_wconf 84' lang='lat' dir='ltr'><strong>codd.</strong></span> <span class='ocrx_word' id='word_1_742' title='bbox 1417 2499 1525 2534; x_wconf 78' lang='grc' dir='ltr'>Ταύτης</span> <span class='ocrx_word' id='word_1_743' title='bbox 1548 2498 1614 2533; x_wconf 85' lang='grc' dir='ltr'>γοῦν</span> <span class='ocrx_word' id='word_1_744' title='bbox 1635 2496 1700 2524; x_wconf 72' lang='grc' dir='ltr'>ἔνιοι</span> <span class='ocrx_word' id='word_1_745' title='bbox 1714 2499 1763 2534; x_wconf 78' lang='grc' dir='ltr'>μὲν</span> 
     </span>
    </p>
   </div>
   <div class='ocr_carea' id='block_1_110' title="bbox 978 2535 1646 2572">
    <p class='ocr_par' dir='ltr' id='par_1_110' title="bbox 978 2535 1646 2572">
     <span class='ocr_line' id='line_1_110' title="bbox 978 2535 1646 2572; baseline -0.006 -9"><span class='ocrx_word' id='word_1_746' title='bbox 978 2537 1061 2572; x_wconf 81' lang='grc' dir='ltr'>φόϐῳ·</span> <span class='ocrx_word' id='word_1_747' title='bbox 1080 2537 1159 2563; x_wconf 78' lang='lat' dir='ltr'><strong>Illius</strong></span> <span class='ocrx_word' id='word_1_748' title='bbox 1175 2537 1254 2571; x_wconf 84' lang='lat' dir='ltr'><strong>igitur</strong></span> <span class='ocrx_word' id='word_1_749' title='bbox 1267 2537 1379 2562; x_wconf 72' lang='lat' dir='ltr'><strong>licentia:</strong></span> <span class='ocrx_word' id='word_1_750' title='bbox 1394 2536 1440 2572; x_wconf 71' lang='lat' dir='ltr'><strong>alii</strong></span> <span class='ocrx_word' id='word_1_751' title='bbox 1454 2535 1646 2572; x_wconf 46' lang='grc' dir='ltr'><strong>ιμιιίίισηιηηιεηιἶ</strong></span> 
     </span>
    </p>
   </div>
   <div class='ocr_carea' id='block_1_111' title="bbox 995 2569 1764 2633">
    <p class='ocr_par' dir='ltr' id='par_1_111' title="bbox 995 2569 1764 2633">
     <span class='ocr_line' id='line_1_111' title="bbox 995 2569 1764 2633; baseline -0.003 -35"><span class='ocrx_word' id='word_1_752' title='bbox 995 2569 1069 2633; x_wconf 78' lang='grc' dir='ltr'><strong>ί(9“Ι)</strong></span> <span class='ocrx_word' id='word_1_753' title='bbox 1086 2572 1114 2599; x_wconf 91' lang='lat' dir='ltr'><strong>In</strong></span> <span class='ocrx_word' id='word_1_754' title='bbox 1130 2569 1194 2600; x_wconf 81' lang='lat' dir='ltr'><strong>edit.</strong></span> <span class='ocrx_word' id='word_1_755' title='bbox 1210 2571 1369 2606; x_wconf 85' lang='lat' dir='ltr'><strong>quidusdum</strong></span> <span class='ocrx_word' id='word_1_756' title='bbox 1383 2571 1453 2597; x_wconf 84' lang='lat' dir='ltr'><strong>sicut</strong></span> <span class='ocrx_word' id='word_1_757' title='bbox 1468 2575 1494 2596; x_wconf 80' lang='lat' dir='ltr'><strong>et</strong></span> <span class='ocrx_word' id='word_1_758' title='bbox 1511 2570 1536 2596; x_wconf 86' lang='lat' dir='ltr'><strong>in</strong></span> <span class='ocrx_word' id='word_1_759' title='bbox 1548 2569 1623 2595; x_wconf 85' lang='lat' dir='ltr'><strong>Colb.</strong></span> <span class='ocrx_word' id='word_1_760' title='bbox 1640 2569 1668 2601; x_wconf 76' lang='grc'>2,</span> <span class='ocrx_word' id='word_1_761' title='bbox 1686 2570 1764 2596; x_wconf 79' lang='grc' dir='ltr'>ἐναν-</span> 
     </span>
     <span class='ocr_line' id='line_1_112' title="bbox 1003 2616 1054 2633; baseline 0 0"><span class='ocrx_word' id='word_1_762' title='bbox 1003 2616 1054 2633; x_wconf 64' lang='lat' dir='ltr'><strong>ou.</strong></span> 
     </span>
    </p>
   </div>
   <div class='ocr_carea' id='block_1_112' title="bbox 975 2615 1763 2677">
    <p class='ocr_par' dir='ltr' id='par_1_112' title="bbox 975 2615 1763 2677">
     <span class='ocr_line' id='line_1_113' title="bbox 975 2615 1763 2677; baseline -0.006 -7"><span class='ocrx_word' id='word_1_763' title='bbox 975 2615 1068 2677; x_wconf 48' lang='lat'><strong>“(29%)</strong></span> <span class='ocrx_word' id='word_1_764' title='bbox 1089 2642 1154 2669; x_wconf 85' lang='lat' dir='ltr'><strong>Cod.</strong></span> <span class='ocrx_word' id='word_1_765' title='bbox 1181 2641 1228 2669; x_wconf 90' lang='lat' dir='ltr'><strong>0r.</strong></span> <span class='ocrx_word' id='word_1_766' title='bbox 1250 2641 1290 2676; x_wconf 84' lang='grc' dir='ltr'>τῷ</span> <span class='ocrx_word' id='word_1_767' title='bbox 1319 2640 1459 2675; x_wconf 81' lang='grc' dir='ltr'>ἀγκίστρῳ</span> <span class='ocrx_word' id='word_1_768' title='bbox 1484 2637 1662 2674; x_wconf 77' lang='grc' dir='ltr'>περι-παρείς,</span> <span class='ocrx_word' id='word_1_769' title='bbox 1687 2638 1763 2665; x_wconf 76' lang='lat' dir='ltr'><strong>homo</strong></span> 
     </span>
    </p>
   </div>
   <div class='ocr_carea' id='block_1_113' title="bbox 983 2677 1135 2710">
    <p class='ocr_par' dir='ltr' id='par_1_113' title="bbox 983 2677 1135 2710">
     <span class='ocr_line' id='line_1_114' title="bbox 983 2677 1135 2710; baseline 0 -7"><span class='ocrx_word' id='word_1_770' title='bbox 983 2677 1135 2710; x_wconf 67' lang='lat' dir='ltr'><strong>transﬁxus.</strong></span> 
     </span>
    </p>
   </div>
   <div class='ocr_carea' id='block_1_114' title="bbox 1016 2710 1328 2747">
    <p class='ocr_par' dir='ltr' id='par_1_114' title="bbox 1016 2710 1328 2747">
     <span class='ocr_line' id='line_1_115' title="bbox 1016 2710 1328 2747; baseline -0.006 -8"><span class='ocrx_word' id='word_1_771' title='bbox 1016 2711 1071 2747; x_wconf 88' lang='lat'><strong>(99)</strong></span> <span class='ocrx_word' id='word_1_772' title='bbox 1087 2712 1152 2739; x_wconf 78' lang='lat' dir='ltr'><strong>Cod.</strong></span> <span class='ocrx_word' id='word_1_773' title='bbox 1169 2712 1215 2738; x_wconf 87' lang='lat' dir='ltr'><strong>Or.</strong></span> <span class='ocrx_word' id='word_1_774' title='bbox 1232 2710 1328 2746; x_wconf 82' lang='grc' dir='ltr'>τούτῳ.</span> 
     </span>
    </p>
   </div>
   <div class='ocr_carea' id='block_1_115' title="bbox 1017 2744 1708 2783">
    <p class='ocr_par' dir='ltr' id='par_1_115' title="bbox 1017 2744 1708 2783">
     <span class='ocr_line' id='line_1_116' title="bbox 1017 2744 1708 2783; baseline -0.006 -9"><span class='ocrx_word' id='word_1_775' title='bbox 1017 2744 1145 2783; x_wconf 67' lang='lat' dir='ltr'><strong>(DC-olli.</strong></span> <span class='ocrx_word' id='word_1_776' title='bbox 1159 2750 1177 2783; x_wconf 23' lang='lat'><strong>71</strong></span> <span class='ocrx_word' id='word_1_777' title='bbox 1194 2751 1224 2783; x_wconf 88' lang='lat' dir='ltr'><strong>et_</strong></span> <span class='ocrx_word' id='word_1_778' title='bbox 1236 2744 1339 2783; x_wconf 17' lang='lat' dir='ltr'><strong>rod.r‘P.</strong></span> <span class='ocrx_word' id='word_1_779' title='bbox 1355 2744 1473 2780; x_wconf 82' lang='grc' dir='ltr'>ἀτεχνῶς</span> <span class='ocrx_word' id='word_1_780' title='bbox 1484 2744 1708 2780; x_wconf 79' lang='grc' dir='ltr'>ὲξακολουθῆσαν.</span> 
     </span>
    </p>
   </div>
   <div class='ocr_carea' id='block_1_116' title="bbox 1027 2781 1388 2816">
    <p class='ocr_par' dir='ltr' id='par_1_116' title="bbox 1027 2781 1388 2816">
     <span class='ocr_line' id='line_1_117' title="bbox 1027 2781 1388 2816; baseline -0.006 -8"><span class='ocrx_word' id='word_1_781' title='bbox 1027 2781 1055 2816; x_wconf 70' lang='lat'><strong>2)</strong></span> <span class='ocrx_word' id='word_1_782' title='bbox 1066 2783 1131 2809; x_wconf 80' lang='lat' dir='ltr'><strong>Cod.</strong></span> <span class='ocrx_word' id='word_1_783' title='bbox 1151 2782 1197 2810; x_wconf 89' lang='lat' dir='ltr'><strong>0r.</strong></span> <span class='ocrx_word' id='word_1_784' title='bbox 1214 2781 1388 2811; x_wconf 84' lang='grc' dir='ltr'>διαστάσεως.</span> 
     </span>
    </p>
   </div>
   <div class='ocr_carea' id='block_1_117' title="bbox 978 2814 1765 2880">
    <p class='ocr_par' dir='ltr' id='par_1_117' title="bbox 978 2814 1765 2880">
     <span class='ocr_line' id='line_1_118' title="bbox 978 2814 1765 2880; baseline -0.004 -36"><span class='ocrx_word' id='word_1_785' title='bbox 978 2852 994 2879; x_wconf 70' lang='lat'><strong><em>6</em></strong></span> <span class='ocrx_word' id='word_1_786' title='bbox 1067 2818 1103 2844; x_wconf 90' lang='lat' dir='ltr'><strong>Ita</strong></span> <span class='ocrx_word' id='word_1_787' title='bbox 1116 2818 1193 2846; x_wconf 90' lang='lat' dir='ltr'><strong>codd.</strong></span> <span class='ocrx_word' id='word_1_788' title='bbox 1211 2817 1258 2844; x_wconf 86' lang='lat' dir='ltr'><strong>0r.</strong></span> <span class='ocrx_word' id='word_1_789' title='bbox 1272 2823 1299 2845; x_wconf 88' lang='lat' dir='ltr'><strong>et</strong></span> <span class='ocrx_word' id='word_1_790' title='bbox 1313 2816 1343 2845; x_wconf 88' lang='lat' dir='ltr'><strong>P.</strong></span> <span class='ocrx_word' id='word_1_791' title='bbox 1357 2816 1394 2843; x_wconf 92' lang='lat' dir='ltr'><strong>ita</strong></span> <span class='ocrx_word' id='word_1_792' title='bbox 1411 2819 1438 2843; x_wconf 88' lang='lat' dir='ltr'><strong>et</strong></span> <span class='ocrx_word' id='word_1_793' title='bbox 1449 2814 1567 2842; x_wconf 83' lang='lat' dir='ltr'><strong>Montac.</strong></span> <span class='ocrx_word' id='word_1_794' title='bbox 1584 2815 1613 2842; x_wconf 92' lang='lat' dir='ltr'><strong>In</strong></span> <span class='ocrx_word' id='word_1_795' title='bbox 1625 2814 1690 2842; x_wconf 84' lang='lat' dir='ltr'><strong>edit.</strong></span> <span class='ocrx_word' id='word_1_796' title='bbox 1700 2821 1765 2850; x_wconf 76' lang='grc' dir='ltr'>συρι-</span> 
     </span>
     <span class='ocr_line' id='line_1_119' title="bbox 999 2861 1101 2880; baseline -0.01 0"><span class='ocrx_word' id='word_1_797' title='bbox 999 2863 1006 2880; x_wconf 95' lang='grc' dir='ltr'><strong>ι</strong></span> <span class='ocrx_word' id='word_1_798' title='bbox 1046 2861 1101 2880; x_wconf 86' lang='grc' dir='ltr'>σαι.</span> 
     </span>
    </p>
   </div>
   <div class='ocr_carea' id='block_1_118' title="bbox 999 2861 1101 2881">
    <p class='ocr_par' dir='ltr' id='par_1_118' title="bbox 999 2861 1101 2881">
     <span class='ocr_line' id='line_1_120' title="bbox 999 2861 1101 2881; baseline 0 -1"><span class='ocrx_word' id='word_1_799' title='bbox 999 2861 1101 2881; x_wconf 86' lang='grc' dir='ltr'>ιυασαι.</span> 
     </span>
    </p>
   </div>
  </div>
