2055 3130
259 1417 269 1508 ί

301 169 355 198 253

850 167 928 194 VITA
949 167 976 193 S.
998 166 1165 194 GREGORII
1191 165 1365 194 THEOLOGl

1881 165 1933 192 26%

302 227 500 261 veritatemque
519 233 586 261 pure
610 231 637 254 et
654 226 761 253 sincere
781 224 959 260 proﬁtendam
971 244 979 256 ,
997 224 1090 251 horta-

1146 232 1199 255 τος,
1211 224 1257 250 καὶ
1271 223 1437 258 ὁμολογῆσαι
1456 222 1584 258 καθαρῶς
1604 232 1633 250 τε
1652 224 1698 250 καὶ
1714 223 1867 259 εἰλικρινῶς
1886 224 1935 259 τὴν

305 278 369 300 tur:
386 277 466 307 alque
479 279 525 300 eos
546 273 591 306 qui
616 275 804 303 secesserant,
827 271 861 297 ad
877 277 1040 297 consensum
1066 275 1093 296 ct

304 319 476 347 concordiam
489 319 600 346 adducit
617 329 622 345 :
647 319 743 353 sicque
759 324 838 344 suum
860 316 989 344 Ecclesia!
1011 323 1092 343 orna-

305 369 361 391 tunt
378 364 477 396 reddit,
491 363 668 391 veneratione
680 364 807 390 nimirum
823 362 863 389 sui
884 367 1015 396 utrosque
1028 369 1096 396 per-

304 417 433 441 movens.
458 414 561 443 patrem
589 417 702 444 nempe,
726 417 759 437 ac
778 409 853 444 pium
877 415 999 443 gregem.
1022 408 1092 440 Quin

303 457 384 484 etiatn
401 456 569 483 orationibus
589 456 622 483 de
637 463 703 490 pace
719 456 820 483 habilis
842 455 1030 482 celebritatem
1046 461 1094 481 ex-

304 503 419 535 hilarat,
437 502 567 529 distracta
589 510 620 530 ac
642 502 727 530 divisa
744 501 866 529 membra
883 501 1090 536 conglutinans,

303 553 330 575 et
353 548 477 576 medendi
495 548 637 576 celeritate
660 548 825 575 oblivionem
849 547 937 574 morbi
963 546 1090 574 aﬂ'erens.

302 595 396 622 Crates
410 594 518 629 quidam
539 594 683 622 Thebanus
703 594 799 621 solitus
823 600 885 621 esse
901 593 989 620 fertur
1009 593 1092 620 dissi-

303 642 398 668 dentes
421 642 515 668 domos
537 641 631 674 adire,
657 641 917 675 controversiasque
937 639 1044 666 lenibus
1067 643 1094 665 et

303 686 424 722 paciﬁcis
439 687 528 714 verbis
547 687 711 721 disceptare.
732 687 766 713 At
783 687 828 714 hic
844 691 938 713 noster
954 685 1032 720 longe
1047 693 1093 712 sn-

304 733 412 767 perior;
433 740 486 760 non
501 733 573 759 enim
588 733 716 768 privatim
731 732 906 768 quihusdam,
925 736 954 759 ut
970 731 1025 762 ille,
1043 731 1091 758 sed

304 778 437 806 universae
464 778 558 813 patria:
586 778 761 806 concordiam
794 779 904 806 reduxit
932 787 939 804 :
967 777 1093 812 quodque

304 823 451 850 niaximum
465 829 524 856 est,
541 832 595 851 non
611 824 644 851 de
658 825 783 859 pecuniis
796 829 843 851 aut
854 823 962 858 injuriis
977 828 1092 851 conten-

305 869 429 896 dentibtts
451 869 582 896 arbitrum
607 877 636 896 se
664 870 778 903 praebuit
806 870 862 904 (ubi
889 876 1010 904 perszepe
1049 869 1092 896 vcl

304 913 371 941 levis
386 916 538 942 cohortatio
555 915 633 943 facile
646 916 780 950 prodest),
795 915 841 943 sed
858 917 891 943 de
905 916 957 943 tide
969 923 1093 951 pugnan-

305 959 388 992 tibus,
398 960 441 987 tibi
456 961 559 987 rixandi
572 961 689 988 studium
705 962 742 988 rei
760 961 1094 996 magnitudinetnaaquare

304 1005 386 1038 solet,
401 1013 432 1032 ac
456 1006 568 1041 proinde
591 1007 768 1040 quantumvis
790 1007 909 1041 prudens
934 1012 961 1033 et
982 1006 1091 1034 erudita

304 1051 392 1078 oratio
415 1052 448 1078 ad
477 1053 661 1086 componenda
687 1052 801 1079 dissidia
830 1059 925 1086 parum
966 1060 1093 1087 aegreque

305 1097 421 1133 prolicit.

339 1143 484 1171 Enimvero
505 1149 647 1179 postquam
675 1145 893 1172 Christianorum
928 1145 1094 1179 perversitas

305 1196 337 1215 ac
363 1188 494 1216 dissoluta
520 1190 645 1223 ignavia,
665 1190 710 1218 Dei
737 1191 984 1225 mandatorumque
1009 1190 1095 1224 ipsius

305 1239 473 1269 contemptu,
495 1235 573 1270 quasi
594 1236 688 1263 morbo
707 1237 825 1270 quodam
843 1235 989 1268 laborans,
1008 1242 1095 1270 eoque

305 1287 444 1314 grassans,
460 1281 653 1315 imperatorem
667 1279 777 1308 Christo
797 1280 930 1308 infensum
946 1281 1024 1308 nobis
1033 1289 1094 1308 sus-

305 1326 399 1353 citavit
413 1325 567 1360 (Juliannm
584 1332 728 1362 tyrannum
742 1327 815 1360 dico,
844 1327 891 1362 qui
905 1328 1004 1354 avitam
1024 1327 1094 1355 Con-

305 1371 419 1398 stantini
443 1371 530 1406 Magni
547 1372 625 1399 ﬁdem
647 1380 680 1399 ac
697 1373 823 1400 virtutem
848 1373 994 1400 contrariis
1019 1373 1094 1401 vitiis

305 1424 433 1452 superare
456 1418 580 1449 studuit,
605 1426 721 1453 eantque
743 1420 777 1446 ob
793 1427 904 1446 causam
922 1419 1095 1447 Christianos

303 1462 430 1490 omnibus
449 1462 519 1497 juris
535 1463 669 1497 praesidiis
686 1464 805 1497 spoliare
820 1485 828 1496 ,
845 1472 898 1491 non
919 1466 1029 1499 quidem
1047 1473 1095 1500 pu-

305 1507 378 1535 blico
394 1507 483 1535 edicto
494 1507 713 1536 Christianorum
736 1510 954 1544 persecutionem
973 1511 1095 1545 promul-

305 1559 373 1584 gans
383 1572 390 1585 ,
404 1553 452 1580 sed
469 1552 606 1580 voluntate
618 1573 625 1584 ,
639 1554 726 1588 iisque
742 1556 823 1581 rebus
833 1574 841 1588 ,
858 1562 926 1590 quas
939 1556 1038 1583 tacitus
1050 1556 1091 1583 ad-

308 1605 402 1626 versus
424 1605 472 1625 eos
491 1599 684 1633 perpetrabat,
701 1599 815 1633 profana
839 1601 995 1629 eruditione
1012 1607 1095 1637 atque

306 1643 429 1670 doctrina
456 1643 522 1678 ipsis
543 1644 728 1678 interdicens).
748 1644 794 1672 Dei
822 1645 913 1680 itaque
933 1647 1095 1681 mquanimio

307 1695 366 1721 tas,
384 1697 444 1724 quae
459 1689 594 1717 nefarium
610 1694 637 1717 et
657 1690 854 1718 exsecrandum
878 1692 1015 1720 hominem
1037 1693 1096 1720 ditt-

305 1737 360 1764 tius
373 1736 463 1764 efferri
478 1741 561 1771 atque
575 1737 738 1764 insolescere
752 1737 928 1772 permiserat,
950 1743 1093 1773 postquam

307 1784 390 1819 ipsius
406 1784 606 1819 improbitatem
619 1783 690 1810 nulla
704 1783 815 1810 omnino
827 1784 990 1818 poenitentia
1007 1785 1095 1820 frangi

307 1830 464 1864 perspexit,
477 1831 596 1866 gladium
610 1831 714 1857 vibrans
726 1829 750 1845 "
760 1849 768 1862 ,
782 1837 851 1865 quas
868 1829 954 1864 ipsius
969 1831 1096 1865 impietas

313 1876 477 1910 merebatur,
506 1884 601 1911 pcenas
624 1877 731 1911 exegit,
748 1876 775 1903 in
792 1876 971 1903 barbarorum
997 1877 1096 1904 ﬁnibus

306 1923 449 1951 barbaram
473 1924 558 1959 ipsius
578 1929 607 1951 et
633 1923 777 1951 belluinam
803 1923 886 1950 vitam
915 1925 1090 1958 abrumpens.

307 1969 367 1996 Mox
382 1977 497 2005 magnus
511 1969 660 2003 Gregorius
675 1969 761 2004 ipsius
775 1970 865 1997 srclus
880 1975 909 1996 et
925 1970 1094 2004 impietatem

307 2016 440 2043 invectiva
455 2016 578 2043 oratione
595 2015 764 2050 proscindit,
780 2023 812 2041 ac
838 2015 1008 2050 Sybariticas
1021 2016 1097 2044 Grae-

307 2069 401 2089 corutn
423 2061 616 2094 obscenitates,
631 2067 795 2095 veteresque
816 2060 939 2093 fabulas,
954 2069 985 2088 ac
1003 2062 1096 2089 multi-

308 2108 386 2142 plicis
401 2108 550 2135 divinitatis
569 2114 690 2135 errorem
709 2108 849 2142 detegens,
869 2112 951 2141 atque
970 2109 1096 2136 omnibus

307 2155 342 2182 ob
363 2154 456 2182 oeulos
481 2161 603 2188 ponens,
629 2161 776 2181 commune
799 2153 947 2180 ludibrium
975 2155 1096 2182 cordatis

306 2202 372 2228 viris
386 2201 537 2236 proposuit.
563 2200 617 2228 Sed
630 2201 695 2235 quid
708 2206 823 2235 magnas
835 2204 862 2226 et
875 2199 998 2228 excelsas
1016 2201 1095 2235 hujus

1145 269 1282 305 ἀλήθειαν,
1303 269 1365 301 τούς
1382 278 1411 295 τε
1425 269 1596 302 ἀποστάντας
1623 269 1794 305 συμϐιϐάσας
1815 270 1852 304 (5)
1867 270 1937 304 πρὸς

1145 315 1348 350 συγκατάϐασιν
1363 316 1411 342 καὶ
1425 316 1561 351 ὁμόνοιαν,
1584 316 1708 343 ἀπέδωκε
1725 315 1770 342 τδν
1786 317 1888 352 κόσμον
1901 317 1935 352 τῇ

1151 362 1308 398 Ἐκκλησία,
1331 362 1473 398 αἰδέσιμος
1489 363 1655 397 ἀμφοτέροις
1677 362 1781 396 φανεὶς,
1804 361 1887 397 πατρί
1904 370 1936 389 τε

1144 408 1191 434 καὶ
1202 408 1319 443 ποιμνίῳ
1335 407 1463 434 θεοσεϐεῖ.
1479 408 1622 444 Φαιδρύνει
1637 409 1665 434 δὲ
1678 408 1767 443 λόγοις
1785 408 1935 443 εἰρηνικοῖς

1144 452 1193 488 τὴν
1210 454 1372 488 πανήγυριν,
1386 453 1507 487 συνάψας
1522 453 1557 479 τὰ
1581 452 1723 485 διεστῶτα,
1739 454 1786 479 καὶ
1799 452 1838 488 τῷ
1857 453 1934 488 τάχει

1143 498 1191 524 τοῦ
1207 498 1320 534 ἰάματος
1334 497 1421 533 λήθην
1435 499 1586 534 ἐμποιήσας
1596 499 1641 526 τοῦ
1657 500 1873 535 ἀρῤωστήματος
1883 500 1932 534 (ί).

1145 546 1256 581 Κράτης
1272 545 1321 580 μὲν
1341 543 1387 572 οὖν
1401 545 1510 580 λέγεται
1525 546 1539 571 ὁ
1554 545 1680 581 Θηϐαῖος,
1700 547 1755 577 τοῖς
1773 546 1935 579 στασιάζου-

1146 599 1188 617 σιν
1202 591 1286 622 οἴκοις
1302 591 1459 626 ἐπιφοιτῶν,
1486 591 1576 625 λόγοις
1591 592 1701 627 εἰρήνης
1725 591 1873 627 διακρίνειν
1885 591 1935 623 τὰς

1145 637 1251 673 ἐριδας·
1278 637 1335 664 ἀλλ’
1362 637 1479 664 ἐνταῦθα
1496 637 1526 663 τὸ
1547 636 1637 672 μεῖζον
1653 637 1814 673 πρόσεστιν·
1832 638 1862 664 οὗ
1878 639 1934 673 γὰρ

1147 684 1198 719 ἰδίᾳ
1213 684 1292 717 τισὶν,
1311 684 1404 719 ὥσπερ
1416 684 1529 716 ἐκεῖνος,
1546 683 1613 710 ἀλλά
1626 685 1701 719 κοινῇ
1716 685 1749 720 τῇ
1766 684 1873 720 πατρίδι
1885 683 1934 719 τὴν

1145 730 1269 764 ὁμόνοιαν
1290 730 1467 764 ἐπανήγαγε·
1486 729 1532 755 καὶ
1554 728 1585 754 τό
1609 737 1640 763 γε
1672 729 1809 764 μέγιστον,
1835 729 1875 755 ὅτι
1900 729 1932 755 οὐ

1146 775 1209 810 περ).
1226 775 1374 810 χρημάτων
1390 774 1406 809 ἢ
1435 774 1539 809 ὕϐρεων
1558 773 1776 809 ἀμφισϐητοῦσιν
1801 773 1933 809 ἐϐράϐευ-

1147 827 1191 845 σεν
1219 819 1294 851 (ὅπου
1305 827 1337 853 γε
1355 819 1393 854 (5)
1408 818 1537 850 πολλάκις
1552 819 1599 845 καὶ
1611 820 1628 854 ἡ
1644 819 1761 854 τυχοῦσα
1774 819 1934 855 παραίνεσις

1148 865 1245 900 ῥᾳδίως
1264 864 1390 900 ὤνησεν),
1409 865 1477 892 ἀλλὰ
1499 865 1567 901 περὶ
1589 865 1707 897 πίστεως
1730 865 1933 900 στασιάζουσιν,

1145 911 1208 938 ἔνθα
1225 911 1296 945 φιλεῖ
1363 911 1471 946 μεγέθει
1486 911 1534 937 τοῦ
1556 911 1716 947 πράγματος
1731 911 1935 945 συνεξισοῖωοσι

1146 958 1193 984 καὶ
1207 958 1238 983 τὸ
1251 957 1411 992 φιλόνεικον,
1440 958 1477 989 ὡς
1493 958 1541 984 καὶ
1556 958 1618 990 τοὺς
1633 958 1703 992 ἄγαν
1720 959 1818 993 σοφοὺς
1839 958 1935 993 λόγους

1147 1003 1244 1039 μικρὸν
1256 1004 1301 1030 καὶ
1319 1003 1396 1038 μόλις
1413 1003 1504 1030 ἀνύειν
1521 1003 1559 1040 (6)
1579 1003 1710 1031 δύνασθαι
1730 1004 1797 1040 πρὸς
1826 1004 1857 1030 τὸ
1872 1013 1934 1030 συν-

1145 1049 1212 1084 άψαι
1223 1048 1257 1075 τὰ
1270 1048 1411 1076 διεστῶτα.

1186 1141 1295 1176 Ἐπειδὴ
1311 1142 1339 1168 δὲ
1355 1142 1421 1178 (7)ή
1443 1143 1614 1178 Χριστιανῶν
1636 1142 1719 1168 κακία
1742 1142 1788 1168 καὶ
1807 1141 1929 1173 ἔκλυσις,

1145 1188 1348 1223 καταιρρόνησιν
1363 1188 1431 1215 Θεοῦ
1447 1189 1494 1215 καὶ
1516 1188 1570 1215 τῶν
1589 1188 1669 1215 αὑτοῦ
1683 1187 1797 1215 ἐντολῶν
1817 1188 1935 1224 νοσήσα-

1146 1234 1181 1259 σόι
1200 1233 1237 1268 (8)
1252 1242 1282 1260 τε
1299 1235 1345 1260 καὶ
1357 1234 1537 1270 μελετήσασα,
1552 1235 1699 1270 ἐπήγειρεν
1714 1235 1780 1271 ἡμῖν
1800 1234 1845 1261 τὸν
1863 1234 1936 1270 μισό-

1145 1287 1255 1315 χριστον
1279 1280 1466 1316 αὐτοκράτορα
1505 1279 1664 1316 (Ἱουλιανὸν
1685 1280 1714 1307 δὲ
1733 1280 1771 1316 (9)
1796 1280 1867 1315 λέγω
1889 1280 1937 1308 τὸν

1145 1324 1286 1360 τύραννον,
1299 1326 1328 1357 ὃς
1341 1326 1390 1362 τὴν
1402 1326 1566 1362 προγονικὴν
1578 1327 1668 1353 πίστιν
1683 1326 1729 1353 καὶ
1743 1327 1842 1362 ἀρετὴν
1856 1327 1936 1354 Κων-

1146 1370 1286 1397 στοιντίνου
1309 1371 1356 1397 τοῦ
1373 1372 1499 1405 Μεγάλου
1521 1374 1578 1404 τοῖς
1599 1372 1731 1403 ἐναντίοις
1754 1371 1935 1408 ὑπερνικῆσοι

1144 1417 1342 1453 ἐφιλονείκησε,
1358 1418 1406 1445 καὶ
1417 1418 1461 1445 διὰ
1473 1418 1552 1445 τοῦτο
1568 1418 1677 1445 πάντων
1691 1418 1803 1445 δικαίων
1819 1418 1937 1445 ἀπεστέ-

1146 1471 1188 1498 ρει
1202 1464 1392 1499 Χριστιανοὺς,
1405 1465 1428 1490 εί
1437 1464 1485 1491 καὶ
1498 1465 1535 1500 μὴ
1546 1464 1667 1500 δημοσίῳ
1678 1463 1935 1500 προστάγματιῌΟ)

1145 1509 1192 1535 τὸν
1207 1510 1261 1536 τῶν
1272 1510 1445 1545 Χριστιανῶν
1465 1510 1586 1546 διωγμὸν
1614 1510 1800 1546 προκηρύξας,
1822 1509 1878 1537 ἀλλ’
1889 1507 1936 1536 οὖν

1145 1555 1183 1591 τῷ
1198 1555 1358 1592 βουλήματι,
1374 1557 1422 1584 καὶ
1431 1555 1471 1589 οἷς
1487 1566 1516 1583 τε
1526 1557 1636 1584 σιωπῶν
1651 1557 1711 1584 κατ’
1727 1557 1815 1584 αὐτῶν
1828 1556 1934 1592 ἔδρασε,

1146 1602 1194 1629 καὶ
1210 1600 1251 1634 οἷς
1268 1603 1462 1639 ἐνομοθέτησεν
1480 1603 1642 1639 Ἑλληνικῶν
1658 1603 1744 1638 λόγων
1763 1603 1811 1630 καὶ
1827 1602 1936 1629 παιδευ-

1148 1648 1240 1684 μάτων
1253 1649 1383 1684 ἀμοίρους
1399 1647 1468 1676 εἶναι
1483 1649 1685 1685 Χριστιανούς).
1698 1649 1729 1675 'H
1739 1646 1784 1676 οὖν
1796 1647 1935 1684 ἀνοχὴτοῦ

1146 1693 1225 1726 Θεοῦ,
1243 1695 1289 1721 ἐπὶ
1303 1696 1369 1722 πολὺ
1383 1695 1428 1722 τὸν
1438 1695 1575 1731 ἀλιτήριον
1586 1695 1640 1731 (11)
1659 1695 1797 1731 ὑψωθῆναι
1812 1703 1939 1731 παραχακ

1147 1740 1265 1775 ρήσασα,
1280 1740 1318 1772 ὡς
1330 1740 1404 1776 ἑώρα
1415 1741 1554 1773 παντελῶς
1565 1740 1647 1768 αὐτοῦ
1660 1740 1710 1777 τὴν
1724 1741 1857 1777 πονηρίαν
1869 1741 1938 1776 ἀμε-

1145 1785 1296 1821 ταμέλητον
1305 1786 1358 1821 (12)
1364 1807 1370 1817 ,
1378 1786 1570 1814 στιλὸώσασα
1579 1787 1799 1822 τὴνρομφαίων,
1805 1786 1882 1819 ἀξίαν
1889 1787 1939 1822 τῆς

1146 1831 1274 1862 ἀσεϐείας
1288 1831 1365 1866 δίκην
1382 1833 1585 1868 εἰσπράττεται,
1596 1833 1625 1859 ὲν
1638 1833 1712 1868 ὅροις
1733 1833 1877 1869 βαρϐάρων
1888 1833 1938 1869 τὴν

1146 1876 1284 1912 βάρϐαρον
1298 1877 1382 1904 αὑτοῦ
1394 1877 1440 1903 καὶ
1456 1877 1574 1914 θηριώδη
1595 1876 1668 1913 ζωὴν
1684 1878 1854 1914 διαρῤήξασα
1869 1878 1936 1913 (15).

1145 1921 1250 1948 Λύτίκα
1263 1923 1276 1948 ὸ
1289 1922 1374 1957 μέγας
1390 1922 1540 1958 Γρηγόριος
1559 1923 1711 1958 στηλιτεύει
1729 1924 1776 1959 μὲν
1792 1923 1874 1950 αὑτοῦ
1889 1925 1939 1960 τὴν

1146 1967 1247 1993 κακίαν
1263 1967 1311 1994 καὶ
1325 1968 1374 2003 τὴν
1389 1968 1527 2000 ἀσέϐειαν,
1541 1968 1591 2000 τὰς
1614 1968 1642 1995 δὲ
1669 1969 1852 2004 Συϐαριτικὰς
1883 1969 1938 2005 (14)

1152 2014 1286 2050 Ἑλλήνων
1305 2015 1505 2050 αἰσχρολογίας,
1522 2016 1569 2041 καὶ
1592 2016 1655 2046 τοὺς
1675 2015 1806 2047 παλαιοὺς
1825 2015 1936 2051 μύθους,

1147 2060 1193 2086 καὶ
1206 2060 1254 2096 τὴν
1267 2061 1396 2087 πολύθεον
1410 2061 1514 2096 πλάνην
1528 2062 1557 2087 ἐν
1568 2062 1626 2093 ταῖς
1637 2061 1765 2088 ἁπάντων
1774 2061 1938 2097 ἀπογυμνώ-

1148 2115 1197 2138 σας
1213 2107 1301 2142 ὅψεσι,
1318 2107 1406 2134 κοινὸν
1419 2108 1475 2139 τοῖς
1495 2107 1661 2143 σωφρονοῦσι
1671 2107 1809 2143 προῦθηκε
1819 2108 1936 2142 γέλωτα.

1153 2151 1233 2178 Ἀλλὰ
1247 2152 1274 2177 τί
1290 2151 1322 2187 δὴ
1329 2152 1363 2178 τὰ
1378 2151 1484 2187 μεγάλα
1491 2151 1540 2178 τοῦ
1552 2152 1648 2188 ἀνδρὸς
1658 2153 1705 2178 καὶ
1719 2153 1859 2188 ὑπέρογκα
1873 2152 1938 2188 βρα-

1147 2200 1190 2233 χεῖ
1204 2198 1276 2233 λόγῳ
1300 2198 1418 2234 ἐγχειρῶ
1432 2198 1620 2233 καθυϐρίζειν,
1636 2199 1683 2225 καὶ
1697 2199 1738 2230 εἰς
1761 2198 1791 2225 τὸ
1816 2200 1938 2228 ἐναντίον

307 2246 358 2272 viri
374 2246 466 2273 laudes
482 2246 616 2274 orationis
633 2246 767 2273 brevitate
782 2245 946 2272 imminuere
966 2253 998 2273 ac
1013 2247 1093 2274 dede-

1149 2244 1218 2271 ίεναι
1228 2244 1275 2270 τοῦ
1293 2244 1442 2276 ἐνεστῶτος
1453 2243 1567 2275 σκοποῦ,
1585 2244 1632 2270 καὶ
1646 2244 1676 2270 ἐν
1689 2243 1778 2280 καιρῷ
1791 2244 1938 2279 ἐγκωμίων

307 2298 372 2318 core
382 2289 489 2317 allicere
502 2291 658 2326 aggredior,
673 2290 805 2326 planeque
819 2289 846 2316 in
863 2289 1031 2316 contrarium
1044 2289 1093 2322 ire,

307 2344 390 2370 quam
405 2336 539 2364 orationis
555 2336 708 2364 institutum
723 2335 812 2366 ferat,
827 2334 907 2368 idque
929 2335 1093 2363 laudationis

308 2387 430 2417 tempore
455 2382 527 2419 (quo
537 2383 707 2418 potissimum
728 2383 754 2410 in
772 2382 823 2410 hoc
835 2382 1030 2410 elaborandum
1041 2387 1094 2414 est,

343 2460 366 2476 "
387 2459 456 2487 Psal.
473 2467 520 2493 vtt,
537 2461 580 2488 15.

342 2537 381 2574 (ι)
397 2537 482 2565 Codd.
502 2538 548 2565 0r.
565 2538 594 2564 Ρ.
613 2537 726 2574 εινϐᾤί),
740 2538 765 2570 1,
782 2538 832 2573 τῆς
847 2537 1014 2574 ἀρρωστίας.

343 2573 381 2608 (5)
396 2574 437 2599 Γε
448 2574 525 2600 deest
541 2573 567 2599 in
579 2573 657 2600 codd.
674 2573 749 2600 Colb.
768 2574 793 2601 1.
808 2575 837 2604 2,
855 2581 882 2600 et
896 2573 944 2600 Or.

343 2607 381 2643 (6)
395 2608 431 2635 Ita
447 2609 525 2636 codd.
539 2607 569 2635 P.
585 2608 695 2641 Colb.l,
710 2608 736 2641 2,
755 2613 781 2635 et
794 2608 841 2635 υτ.
858 2608 979 2636 Coutbef.
990 2607 1018 2635 ln
1027 2608 1093 2636 edit.

306 2644 394 2671 ἀνύει.

343 2680 380 2714 (7)
393 2678 430 2706 Δέ
446 2679 521 2706 deest
541 2678 664 2714 inrcodd.
690 2678 767 2706 Colb.
794 2679 820 2712 1,
845 2678 873 2710 ‘2,
892 2683 918 2706 et
939 2678 985 2706 0r.
1010 2678 1094 2705 Paulo

307 2713 375 2749 post
387 2715 464 2741 iidem
481 2714 559 2749 codd.
569 2713 636 2740 Θεοῦ
650 2722 679 2740 τε
693 2714 748 2741 καί.

343 2750 381 2783 (8)
392 2750 457 2776 Cod.
476 2748 506 2775 P.
523 2750 652 2784 νοήσασα.

344 2786 381 2819 (9)
398 2783 434 2810 Δέ
445 2785 519 2811 deest
533 2783 655 2812 int-odd.
674 2784 752 2812 Colb.
769 2786 795 2815 1.
812 2789 839 2811 et
851 2784 899 2813 0r.

343 2819 398 2853 (tu)
411 2820 485 2846 Colb.
507 2821 532 2850 1,
548 2819 668 2855 δημοσίῳ
681 2821 834 2855 πράγματι.

344 2855 398 2891 (ll)
498 2855 558 2887 0r.,
575 2856 732 2891 ἁλητήριον.

345 2889 400 2924 (12)
416 2889 482 2917 Cod.
500 2891 559 2921 υτ..
581 2889 775 2924 ἀμετανόητον.
789 2891 854 2918 Coti.
870 2890 910 2923 P.,
922 2890 1096 2925 digeram“.-

1148 2290 1216 2325 (15),
1229 2291 1273 2317 ὅτε
1292 2290 1333 2316 δεῖ
1358 2290 1475 2325 μάλιστα
1494 2290 1539 2317 τὸν
1557 2290 1763 2326 ἐπαινούμενον,
1777 2291 1810 2325 τῇ
1829 2289 1938 2325 διεξόδῳ

1147 2336 1204 2370 (16)
1225 2336 1279 2362 τῶν
1294 2336 1499 2371 πεπραγμένων
1515 2336 1701 2372 ὲπιδοξότερον
1722 2336 1859 2371 γίνεσθαι,
1878 2337 1939 2370 ἐξὸν

1147 2383 1294 2418 ἐντυχόντα
1312 2384 1369 2414 τοῖς
1384 2382 1597 2418 στηλιτευτικοίς
1612 2383 1702 2417 λόγοις
1718 2383 1857 2418 θαυμάσαι
1868 2383 1938 2410 τότε

1145 2546 1209 2569 τως.

1181 2574 1237 2608 (15)
1254 2573 1319 2600 Cod.
1342 2574 1603 2610 (11·..ᾴπορῤῄξασα.

1182 2600 1237 2643 (14)
1251 2600 1455 2643 Συϐαριτικὰς.
1469 2600 1572 2636 IMolles
1584 2629 1592 2641 ,
1617 2609 1795 2642 voluptuosmt.
1817 2610 1891 2638 Colb.
1910 2611 1935 2640 L

1145 2644 1194 2675 τὰς
1209 2644 1239 2670 δὲ
1253 2644 1413 2679 ὑϐριστικάς
1430 2643 1574 2679 Ἑλλήνων,
1591 2645 1749 2679 ﬂagitiosus,
1761 2646 1788 2671 in
1802 2646 1937 2672 luxuriam

1146 2680 1338 2714 protrahent“.
1355 2680 1422 2706 Cod.
1450 2680 1497 2707 0r.
1523 2680 1605 2707 habet
1629 2680 1833 2715 Συϐαρητικάς,
1855 2687 1881 2707 et.
1903 2682 1937 2707 :ul

1149 2716 1295 2748 marginem
1317 2715 1413 2751 legitur
1425 2723 1432 2741 :
1445 2715 1609 2750 τρυφηλοὺς,
1626 2715 1800 2751 φιληδόνους,
1823 2717 1938 2750 deliciis,

1149 2750 1251 2775 libidini
1266 2750 1416 2776 servientes.

1186 2786 1241 2820 (lix)
1258 2785 1323 2811 Cod.
1348 2786 1375 2810 l’.
1393 2785 1542 2820 ἐγκωμιου.

1185 2819 1241 2854 (16)
1252 2820 1294 2846 ‘lta
1311 2820 1385 2847 Colb.
1407 2822 1433 2852 t,
1447 2819 1476 2849 2.
1496 2820 1542 2847 0r.
1568 2820 1597 2848 P.
1625 2825 1652 2849 et
1674 2821 1797 2850 Combef.
1819 2828 1869 2849 nec
1885 2828 1940 2850 non

1154 2856 1252 2889 antiqui
1270 2855 1334 2882 edit.
1351 2855 1444 2884 Billius
1456 2855 1548 2891 ἐξόδῳ.
