2055 3130
165 182 219 211 265

676 180 841 211 AUCTORE
861 180 1039 212 (ΞΜ-3801110
1059 182 1302 216 PRESBYTERO.

1736 193 1790 219 2οδ

165 240 266 275 πλῆθος
285 241 335 277 τῆς
349 240 470 278 ἱστορίας
487 241 533 269 καὶ
551 241 599 278 τήν
611 242 754 278 ἁρμονίαν,
771 243 837 279 θοήν
851 251 880 270 τε
894 242 949 280 εἶχε

1003 248 1031 271 ιιι
1047 244 1088 277 is,
1114 245 1191 281 cujus
1212 245 1306 275 laudes
1322 245 1514 282 pradicantur,
1534 253 1625 276 rerum
1653 251 1791 283 gestarum

164 286 210 314 τοῦ
224 286 313 321 λέγειν
326 288 439 323 δύναμιν
450 296 457 320 ;

164 336 420 363 commemoratione
441 335 543 363 clarior
563 335 621 371 fiat)
634 356 642 370 ,
661 343 725 365 cum
750 337 838 365 cuivis
856 336 947 370 liceat,
967 345 1001 366 ex
1027 337 1224 366 invectivarum
1248 338 1403 368 orationum
1428 339 1560 372 lectione.
1586 344 1643 368 tum
1662 340 1792 369 historia-

165 389 224 409 rum
235 381 356 416 copiam,
372 385 428 409 tum
439 381 571 425 orationis
585 383 812 425 concinnitatem,
829 383 943 418 ejusque
958 383 985 411 in
1001 382 1116 411 dicendo
1130 383 1185 411 vim
1198 388 1225 411 et
1240 383 1397 412 facultatem
1417 385 1545 413 admirari
1558 386 1569 413 2

200 429 271 466 Πρὸς
292 429 321 457 δὲ
340 429 388 466 τὴν
406 421 560 466 θαυμασίαν
580 421 628 458 τᾰϋ
644 431 776 468 τυράννου
791 431 954 467 νομοθεσίαν

165 475 213 511 τὴν
228 477 450 512 προστάττουσαν
459 477 496 512 μὴ
506 476 560 503 δεῖν
571 476 752 512 Χριστιανοὺς
764 477 799 504 τὰ
818 476 953 512 Ἑλλήνιον

166 521 292 558 μυεῖσθαι
309 522 467 558 μαθήματα,
497 523 579 558 ὁρᾶτε
594 522 641 550 τοῦ
659 522 795 558 μακαρίου
812 523 861 558 τὴν
878 521 955 549 σύνε-

165 575 215 596 σιν.
228 566 408 603 Χρησάμενος
422 569 553 604 ἡρωϊκοῖς
568 577 598 595 τε
615 568 661 595 καὶ
681 569 817 604 ίαμὸικοίς
831 569 897 604 (Π),
907 568 955 595 καὶ

164 610 303 646 ἐλεγείοις,
317 612 363 638 καὶ
378 612 544 648 τριμέτροις,
562 613 608 639 καὶ
619 612 722 649 ἑτέροις
735 614 851 647 πολλοῖς,
866 622 955 650 χαρα-

164 657 262 693 κτῆρσί
273 666 302 684 τε
309 658 461 693 τραγῳδίας
474 658 520 684 καί
530 658 686 694 κωμῳδίας,
700 660 746 686 καὶ
758 659 868 695 ἁπάσης
883 667 954 693 συγ-

164 703 302 739 γραφικῆς
313 703 383 735 ἰδέας
397 703 464 739 (18),
478 704 569 738 ὀλίγου
577 704 632 731 δεῖν
643 705 696 732 πᾶν
708 703 778 737 εἶδος
788 703 956 741 παιδεύσεως

163 751 220 781 τοῖς
246 749 322 781 ίδίοις
346 748 436 783 λόγοις
455 749 664 782 ἀπετυπώσατο,
692 750 834 782 ὑποθέσεις
863 750 955 777 Oscos-

165 796 223 826 ῦεῖς
241 795 296 831 (19)
309 795 447 831 πανταχοῦ
467 796 815 832 ἐνστησάμενος,ἣάρετῆς
834 796 954 829 ἔπαινον,

164 841 182 877 ἢ
196 841 283 877 ψυχῆς
297 849 328 868 τε
351 841 397 868 καὶ
419 841 545 878 σώματος
565 843 712 879 κάθαρσιν,
739 843 756 878 ἢ
773 842 921 877 θεολογίαν,
936 843 953 878 ἦ

165 889 317 925 προσευχὰς
337 889 405 925 (20),
422 890 438 926 ἦ
451 890 485 916 τὰ
498 889 610 917 τοιαῦτα
629 890 696 917 ἄττα
712 889 767 925 (21)
782 889 954 926 λογογραφή-

165 944 214 968 σας
227 936 389 972 ἐμμέτρως·
417 935 511 971 φυγὼν
535 936 584 972 μὲν
611 936 785 963 παντάπασιν
808 936 952 970 ἀσελγείας

163 990 193 1009 τε
207 982 255 1009 καὶ
273 982 373 1018 λήρους
396 982 499 1018 μύθων,
519 983 566 1009 καὶ
584 981 653 1009 θεῶν
673 983 833 1018 τερατείας,
858 982 952 1018 ὥσπερ

164 1028 246 1060 είκδς,
259 1028 396 1063 πάνσοφον
412 1027 440 1054 δὲ
450 1027 624 1055 διδασκαλίαν
637 1029 811 1063 Χριστιανοῖς
820 1029 952 1064 ἐνστησά-

166 1083 244 1111 μενος
266 1075 338 1110 (εον
354 1073 424 1101 ὥστε
443 1074 526 1111 μηδὲν
547 1073 642 1110 ὄφελος
665 1074 792 1110 δεχθῆναι
816 1074 872 1109 (‘25)
902 1074 953 1109 τῆς

163 1121 210 1148 τοῦ
228 1120 343 1153 ἀσεϐοῦς
367 1120 487 1156 ἀθέσμου
511 1120 682 1157 νομοθεσίας,
711 1121 886 1156 Χριστιανοῖς
905 1120 952 1147 ἐπὶ

164 1166 196 1202 τῇ
225 1165 333 1202 παιδείᾳ.
351 1165 543 1201 βασκαίνοντος
559 1166 628 1202 (Ἡ),
653 1165 721 1192 ἀλλὰ
737 1165 784 1192 καὶ
800 1165 952 1192 τούναντίον

165 1210 266 1237 ἁλῶναι
284 1211 332 1238 καὶ
347 1210 602 1247 προσζημιωθῆναι.
633 1209 760 1237 Τοιοῦτον
785 1209 840 1246 γὰρ
856 1210 870 1236 ὁ
888 1209 952 1245 φθό-

163 1266 208 1291 νος
230 1257 285 1293 (25)
302 1257 387 1294 μικρὰ
401 1257 418 1293 ἢ
437 1257 512 1284 οὐδὲν
536 1256 667 1292 ἀδικήσας
682 1257 744 1289 τοὺς
759 1256 950 1292 φθονηθέντας,

164 1303 290 1340 μεγάλως
303 1303 366 1334 τοὺς
375 1301 455 1329 αὐτὴν
469 1302 652 1338 γεννήσαντας
666 1301 822 1337 ἐλωϐήσατο
831 1300 898 1337 (26).

201 1348 270 1384 Ἤδη
286 1347 370 1375 δὲκαὶ
389 1349 418 1374 ὲν
436 1347 561 1383 Ἀθήναις
576 1347 658 1379 αὑτός
675 1355 705 1374 τε
719 1347 876 1384 διατρίϐων,
892 1356 952 1375 συν-

163 1393 259 1422 έδαλλε
271 1393 311 1429 τῷ
331 1393 466 1428 ’Ῑουλιανῷ
479 1392 577 1429 κομιδῆ
592 1392 649 1428 (27)
669 1392 721 1427 νέῳ
735 1392 802 1424 δντι,
819 1393 865 1419 καὶ
876 1391 952 1419 οὔπω

163 1442 213 1477 τῆς
237 1440 373 1476 βασιλείας
396 1439 604 1475 ὲπειλημμένῳ,
625 1439 683 1466 ἀλλ’
709 1440 749 1471 είς
776 1438 952 1471 διδασκάλους

164 1487 302 1522 φοιτῶντι,
317 1486 365 1513 καὶ
374 1486 429 1517 τοῖς
441 1485 526 1520 φίλοις
540 1484 773 1521 προκατεμήνυεν,
792 1483 908 1510 ὓπουλον
921 1491 952 1509 τε

164 1533 210 1560 καὶ
223 1532 346 1564 ἄπιστον,
361 1530 408 1558 καὶ
431 1530 528 1562 ἀσεὸὲς
553 1529 619 1565 (28),
637 1530 683 1557 καί
698 1529 765 1565 πρὸς
783 1530 881 1556 κακίαν
901 1530 953 1556 πᾶ-

1041 429 1101 458 Jam
1116 431 1252 466 egregiam
1270 431 1342 458 illam
1357 432 1463 467 tyranni
1476 431 1574 466 legem,
1591 439 1644 467 qua
1659 431 1793 461 Christia-

1007 483 1057 504 nos
1077 475 1232 504 Graecorum
1256 476 1405 512 disciplinis
1431 476 1513 504 imbui
1530 481 1668 510 vetuerat,
1688 478 1789 511 videte,

1005 529 1112 556 quaaso,
1128 529 1209 556 quant
1225 521 1293 549 scite
1309 527 1336 549 et
1349 521 1495 557 prudenter
1505 522 1546 550 vir
1561 522 1655 551 beatus
1666 523 1790 553 eluserit.

1003 565 1145 599 lleroicis,
1160 572 1188 595 et.
1206 567 1346 599 iatnbicis,
1364 572 1391 596 et
1414 568 1559 604 elegiacis,
1582 574 1610 597 et
1635 570 1765 598 trimetris
1779 590 1787 602 ,

1004 614 1118 648 aliisque
1133 613 1224 642 multis
1240 614 1362 642 versibus
1375 635 1382 647 ,
1402 619 1430 643 et
1451 615 1590 651 tragoediae
1608 621 1636 644 et
1650 617 1789 645 comoediae

1003 664 1161 692 caractere,
1174 664 1255 694 atque
1279 661 1353 687 omni
1374 661 1582 696 conscriptionis
1597 669 1696 697 genere
1724 670 1790 691 usus

1003 709 1055 736 est,
1072 704 1098 732 in
1115 711 1201 739 eoque
1221 704 1312 732 labore
1325 705 1360 732 ita
1380 711 1410 733 se
1424 705 1518 741 gessit,
1535 711 1565 733 ut
1578 707 1622 733 vix
1637 707 1719 734 ullum
1736 708 1786 735 do-

1003 751 1098 778 ctrinm
1111 750 1147 778 sit
1161 757 1255 785 genus,
1278 750 1355 784 quod
1370 759 1423 779 non
1445 751 1521 780 libris
1532 752 1590 779 suis
1604 753 1788 787 expresserit.

1004 796 1046 830 pia
1063 800 1221 831 argumenta
1237 795 1338 831 ubiqttc
1352 796 1508 829 instituens,
1524 797 1566 825 vel
1580 797 1688 826 laudem
1702 799 1787 826 virtu-

1006 842 1051 873 tis,
1065 842 1108 869 vel
1124 841 1221 869 animae
1233 846 1261 869 et
1273 842 1396 878 corporis
1415 844 1614 878 purgationem,
1629 844 1671 872 vel
1686 845 1788 872 theolo-

970 908 990 935 Β
1004 888 1075 923 giam
1088 907 1096 920 ,
1114 888 1156 915 vel
1177 889 1347 923 precationes
1358 909 1366 921 ,
1388 888 1430 916 vel
1446 889 1498 915 alia
1515 889 1646 925 ejusmodi
1665 890 1790 918 versibus

1004 933 1172 968 complexus,
1183 933 1386 965 obscmnitates,
1398 939 1426 962 et
1441 935 1589 962 rabularum
1602 935 1788 970 deliramenta,

1003 979 1168 1014 deorumque
1183 980 1333 1015 praestigias
1344 981 1467 1011 omnino.
1484 986 1513 1007 ut
1528 988 1578 1016 par
1588 985 1657 1014 erat,
1671 980 1787 1017 fugiens,

1003 1032 1035 1052 ac
1045 1024 1270 1059 sapientissimum
1284 1025 1435 1053 doctrinatn
1447 1025 1610 1053 Christianis
1621 1033 1786 1061 proponens.

1004 1071 1043 1098 Ita
1061 1071 1158 1106 itnpius
1173 1072 1268 1104 homo,
1281 1071 1445 1100 Christianis
1465 1072 1596 1100 doctrina:
1619 1073 1729 1102 nomine
1744 1073 1787 1100 in-

1003 1118 1107 1151 videns,
1119 1124 1151 1145 ex
1167 1118 1297 1145 scelerata
1318 1118 1378 1154 lege
1397 1118 1466 1146 nihil
1488 1117 1617 1147 utilitatis
1633 1124 1675 1147 est
1690 1127 1788 1147 conse-

1004 1169 1101 1192 cutus:
1120 1163 1185 1198 quin
1201 1164 1290 1198 potius
1304 1164 1361 1199 ipse
1376 1169 1519 1199 superatus
1538 1169 1579 1192 est
1590 1185 1598 1198 ,
1613 1165 1788 1201 graviorique

1003 1209 1102 1237 datnno
1113 1209 1234 1238 aii‘ectus.
1250 1209 1407 1244 llujusmodi
1421 1210 1492 1238 enim
1504 1216 1545 1238 est
1558 1210 1659 1238 invidia
1673 1219 1679 1238 :
1693 1218 1788 1246 parum

1003 1260 1050 1283 aut
1064 1255 1132 1283 nihil
1149 1263 1196 1283 eos
1218 1255 1312 1288 laedit,
1330 1263 1400 1290 quos
1421 1255 1546 1289 lacessit,
1566 1263 1676 1291 gravem
1697 1261 1787 1285 autem

1003 1308 1102 1328 noxam
1116 1301 1276 1336 parentibus
1289 1299 1378 1328 aiiert.

1036 1347 1182 1383 Gregorius
1194 1355 1286 1383 porro,
1306 1347 1419 1376 Athenis
1437 1348 1526 1376 adhuc
1540 1356 1634 1383 agens,
1650 1357 1711 1377 cum
1734 1350 1784 1378 Ju-

1003 1392 1074 1419 liano
1088 1393 1231 1420 admodum
1251 1392 1440 1426 adolescente,
1463 1394 1577 1421 necdum
1593 1394 1627 1421 ad
1643 1395 1786 1429 imperium

1002 1443 1106 1470 evecto,
1123 1438 1171 1466 sed
1183 1438 1375 1475 ludimagistris
1389 1447 1500 1474 operam
1517 1439 1600 1467 dante
1614 1448 1789 1475 congressus,

1002 1484 1088 1519 qualis
1108 1484 1255 1519 aliquando
1276 1485 1383 1513 futurus
1407 1490 1489 1519 esset,
1514 1486 1610 1514 amicis
1632 1492 1706 1515 tanto
1725 1493 1789 1515 ante

1003 1527 1182 1565 signiﬁcavit,
1204 1531 1345 1559 subdolum
1371 1531 1511 1565 videlicet,
1537 1537 1565 1560 et
1581 1532 1691 1561 inﬁdum
1709 1538 1790 1569 atque

164 1587 214 1608 σαν
227 1577 347 1610 εὔκολον,
365 1576 503 1613 προλέγων
518 1576 627 1603 ἔσεσθαι
637 1575 668 1602 τὸ
682 1574 833 1611 μειράκιον·
846 1574 950 1610 τεκμή-

1004 1578 1132 1612 impium,
1156 1582 1184 1605 et
1203 1578 1236 1605 ad
1258 1585 1338 1605 omne
1368 1577 1455 1605 scelus
1477 1577 1622 1612 proclivem
1648 1585 1709 1606 ettm
1732 1578 1790 1606 fore

165 1633 212 1661 pta.
229 1623 376 1660 λαμϐάνων
391 1623 566 1659 χαρακτῆρος
591 1623 642 1658 μὲν
658 1621 712 1658 (29)
732 1621 886 1658 ταραχῶδες
902 1629 952 1648 κα-

163 1674 302 1707 τάστημα,
316 1671 363 1698 καὶ
370 1670 476 1705 γέλωτα
488 1670 623 1705 προπετῆ,
642 1668 750 1704 βλέμμα
764 1676 794 1694 τε
810 1667 950 1703 θηριῶδες,

165 1717 211 1743 καὶ
227 1716 300 1743 ἅπαν
312 1715 343 1742 τὺ
356 1714 435 1750 σῶμα
452 1712 533 1750 ᾇττόν
553 1710 610 1749 (50)
624 1722 653 1740 τε
669 1714 715 1740 καὶ
730 1713 889 1749 φερόμενον·
905 1712 952 1739 καὶ

165 1761 256 1797 πλήρη
281 1760 373 1792 ἀνοίας
387 1761 534 1796 ὁρμήματα
549 1759 616 1795 (51),
640 1758 770 1792 διαλέξεις
783 1767 812 1784 τε
827 1757 952 1788 ἀσεὸείας

166 1807 279 1843 μεστὰς,
296 1806 348 1833 κᾶν
372 1807 491 1842 σχήματι
515 1805 669 1841 γυμνασίας
696 1805 776 1840 δῆθεν
796 1803 952 1840 παρεκαλύ-

165 1861 273 1885 πτοντο,
300 1853 348 1880 καὶ
373 1853 414 1879 ὅτι
436 1850 507 1888 ἦσαν
523 1852 597 1887 αὐτῷ
623 1851 737 1887 πονηροί
759 1859 788 1877 τε
807 1850 952 1886 στεργόμε-

165 1909 205 1928 νοι
220 1900 287 1936 (52),
298 1899 346 1926 καὶ
357 1900 382 1927 οι
394 1899 443 1934 τῆς
458 1898 558 1934 ἀρετῆς
572 1897 714 1924 ἐπαινέται
730 1895 954 1932 καταφρονούμε-

166 1956 217 1975 νοι.
237 1947 330 1974 Ταῦτα
355 1945 466 1982 ἐνορῶν,
493 1944 643 1981 προῦλεγεν
668 1943 754 1970 ἅπασι
774 1942 823 1978 τὴν
848 1942 953 1968 ἐκείνου

166 1992 298 2028 κακίστην
320 1992 452 2028 ἐσομένην
481 1986 596 2027 ἓκρηξιν
606 1990 653 2017 καὶ
675 1990 838 2025 φανέρωσιν.
863 1988 954 2014 Δειναὶ

165 2038 220 2074 γὰρ
236 2038 264 2065 αἱ
287 2037 405 2073 καθαραί
421 2036 516 2072 φύσεις
536 2035 726 2071 τεκμηριῶσαι
743 2034 774 2061 τὸ
788 2033 893 2069 μέλλον,
908 2033 954 2060 καὶ

165 2085 223 2115 τοῖς
239 2083 368 2119 ἀμυδρῶς
384 2081 569 2118 δεικνυμένοις
584 2080 710 2116 εὐστοχίᾳ
725 2080 772 2106 καὶ
789 2079 896 2106 συνέσει
906 2078 953 2105 τοῦ

167 2129 297 2165 ἐσομένου
316 2127 581 2164 καταστοχάσασθαι.
604 2126 673 2153 Ἀλλ’
685 2127 698 2152 δ
721 2125 769 2161 μὲν
786 2125 870 2157 κακὸς
883 2125 955 2161 ἁπη-

166 2174 268 2210 λὲγχθη
285 2174 352 2210 (55),
364 2174 502 2209 ἀνομήσας
517 2172 654 2208 διακενῆς,
669 2171 715 2198 καὶ
728 2170 802 2198 οὐδὲν
821 2171 915 2206 ἕτερον
937 2171 954 2206 ἢ

168 2220 234 2256 ὓλην
249 2219 385 2252 κολάσεως
399 2219 487 2255 ἑαυτῷ
498 2218 676 2254 θησαυρίσας.

1004 1623 1168 1658 prmdicens;
1193 1623 1376 1658 conjecturam
1398 1623 1479 1658 hujus
1497 1624 1534 1651 rei
1552 1623 1654 1652 faciens
1677 1631 1709 1651 ex
1725 1632 1787 1659 per-

1004 1669 1119 1697 turbatis
1144 1670 1199 1697 oris
1224 1670 1415 1702 lineamentis,
1445 1673 1471 1697 et
1501 1670 1555 1697 risu
1586 1669 1733 1705 petulanti,
1761 1675 1789 1698 et

1004 1716 1090 1743 ferino
1112 1720 1239 1750 aspectu,
1266 1720 1293 1743 et
1317 1720 1373 1743 toto
1397 1723 1512 1751 corpore
1542 1723 1610 1751 vago
1634 1722 1789 1752 temereque

1003 1759 1185 1793 subsultante,
1202 1760 1333 1787 vecordia:
1346 1759 1432 1794 plenis
1448 1760 1532 1787 animi
1552 1760 1745 1795 agitationibus
1762 1766 1789 1788 et

1004 1804 1163 1836 conatibus,
1189 1804 1274 1838 plenis
1297 1805 1435 1838 impietate
1451 1804 1591 1840 colloquiis
1614 1810 1642 1833 et
1665 1806 1787 1840 disputa-

1005 1849 1133 1881 tionibus,
1150 1849 1231 1877 etiam
1253 1850 1275 1877 si
1292 1850 1337 1876 illa
1352 1851 1556 1879 exercitationis
1571 1856 1701 1885 prmtcxtu
1717 1854 1790 1887 lege-

1004 1899 1113 1928 rentur;
1135 1903 1168 1923 ex
1182 1903 1214 1923 eo
1230 1895 1354 1931 denique,
1376 1897 1447 1931 quod
1467 1896 1604 1931 improbos
1624 1898 1788 1932 complecte-

1005 1945 1090 1973 retnr,
1105 1945 1133 1967 et
1146 1941 1253 1968 virtutis
1269 1941 1423 1969 laudatores
1440 1942 1611 1978 cultoresque
1630 1949 1789 1971 contemne-

1004 1990 1055 2014 ret.
1074 1986 1135 2014 llaec
1150 1986 1194 2013 ille
1210 1987 1386 2022 perspiciens,
1399 1988 1526 2016 omnibtts
1541 1988 1599 2016 fore
1614 1989 1788 2023 praedicebat,

1005 2037 1034 2058 ut
1046 2033 1073 2059 in
1090 2032 1278 2067 gravissimum
1293 2033 1381 2060 scelus
1398 2035 1505 2062 tandem
1525 2039 1688 2070 erumperet,
1709 2041 1790 2070 atque

1007 2078 1032 2105 in
1048 2083 1170 2112 apertum
1186 2079 1315 2114 prodiret.
1328 2079 1405 2107 Pura:
1418 2081 1488 2108 enim
1504 2086 1607 2108 natura:
1622 2082 1690 2108 mira
1706 2081 1788 2108 l’utnri

1005 2124 1164 2160 conjiciendi
1186 2125 1315 2153 facultate
1340 2126 1441 2159 valent,
1463 2127 1617 2162 ingeniique
1639 2128 1788 2162 sagacitate

1006 2173 1086 2203 atque
1102 2169 1215 2197 solertia
1234 2177 1267 2197 ex
1287 2171 1412 2198 obscuris
1429 2171 1510 2198 etiam
1528 2172 1652 2204 indiciis,
1675 2172 1700 2200 id
1719 2173 1789 2206 quod

1005 2221 1165 2243 eventurum
1181 2221 1233 2248 est,
1251 2217 1406 2250 conjectura
1422 2223 1613 2252 assequuntur.
1638 2220 1677 2246 Ac
1703 2219 1790 2246 scele-

168 2274 242 2296 ratus
279 2268 386 2303 quidem
415 2267 458 2294 ille
486 2267 668 2302 deprehensus
701 2270 764 2298 est,
800 2264 953 2300 frustraque
972 2264 1064 2299 inique
1091 2270 1124 2290 ac
1148 2263 1279 2291 scelerate
1298 2272 1327 2292 se
1346 2265 1439 2299 gessit.
1461 2264 1581 2300 nihilque
1602 2265 1674 2293 aliud
1702 2265 1791 2300 profe-

168 2316 215 2345 cit.
230 2322 311 2349 quam
329 2320 358 2341 nt
379 2321 519 2349 ptenarnm
543 2313 683 2341 materiam
703 2313 753 2340 sibi
772 2313 829 2347 ipse
849 2316 1018 2346 congereret.

203 2361 351 2397 Γρηγόριος
363 2360 391 2386 δὲ
407 2360 465 2396 μετ’
478 2359 508 2385 οὐ
527 2358 610 2385 πολὺν
626 2358 721 2394 χρόνον
732 2358 842 2393 στίφους
854 2358 954 2393 αἱρετι-

1043 2355 1188 2391 Gregorius
1203 2360 1292 2382 autem
1307 2356 1378 2383 haud
1393 2358 1475 2384 multo
1487 2362 1546 2392 post
1567 2362 1690 2394 tempore
1706 2359 1792 2386 hare.

205 2526 262 2562 (17)
274 2526 358 2554 Codd.
371 2525 446 2554 Colb.
460 2524 488 2558 2,
504 2529 537 2562 et_
548 2524 596 2552 0r.
617 2523 764 2562 ξῌρωῐκοῖς
783 2523 893 2558 μέτροις
921 2531 951 2549 τε

169 2558 216 2589 καί
228 2558 374 2597 ἰᾱμόιγπῖςς
390 2562 504 2597 deestin
645 2558 784 2597 gls‘rffqtﬁ;

203 2592 264 2631 (tsi
274 2597 340 2624 Cod.
355 2595 402 2624 or.
421 2594 591 2631 ειδέας.ιιοι
606 2594 681 2622 uoto.
700 2593 728 2626 ε,
740 2593 830 2626 ὀλίγου
847 2592 896 2619 δεῖ.

204 2629 262 2666 (l9)
280 2632 346 2660 Cod.
365 2631 394 2658 P.
411 2629 575 2666 θεοσεϐείας.

215 2663 261 2699 20)
274 2667 357 2699 Codd.
374 2666 404 2693 P.
420 2664 496 2692 Colb.
513 2665 538 2696 1,
551 2664 578 2697 2,
589 2668 617 2692 et
631 2663 677 2691 Or.
694 2663 710 2699 ἦ
724 2663 890 2699 προσευχήν.

215 2701 259 2730 ii)
278 2701 344 2730 Cod.
358 2702 387 2729 P.
399 2701 469 2728 τινά.

271 2737 381 2775 (ξοιίηρ.
391 2735 629 2775 ἀναστησάμενος.
735 2769 751 2775 Δ.
793 2769 800 2775 _
847 2769 864 2775 ’θ

205 2769 262 2808 (Ξὸ)
277 2772 361 2808 codd.
387 2771 435 2799 0r.
457 2769 544 2798 et'P.‘
558 2778 607 2797 nec
627 2777 679 2796 non
697 2769 800 2804 antiqui
821 2769 887 2797 edit.
908 2776 954 2796 vo-

169 2806 227 2836 lunt
239 2806 387 2843 δειχθῆναι,

216 2843 261 2876 24)
278 2838 345 2870 Cod.
361 2841 393 2870 P.
413 2842 438 2867 in
453 2845 509 2867 not.
526 2847 611 2876 marg.
627 2838 819 2876 φθονήσαντος.

277 2877 352 2905 Colla.
371 2877 398 2908 1,
416 2875 526 2903 Τοιοῦτο
538 2873 594 2910 γὰρ
606 2875 620 2901 ὁ
631 2873 739 2910 φθόνος.

217 2879 251 2906 25
277 2879 352 2905 Colla.
371 2879 398 2908 1,
416 2879 526 2903 Τοιουτο
538 2879 592 2910 γὰρ
606 2879 620 2901 ο
633 2879 739 2908 φθονος,

217 2879 262 2948 ‘26)
278 2912 346 2940 Cod.
363 2911 392 2939 P.
410 2911 436 2938 in
455 2916 511 2937 not.
524 2918 608 2944 marg.
624 2909 750 2943 ἔϐλαψεν.

352 2960 488 2991 ΡΑτιιοι.
509 2958 567 2989 Gtt.
591 2956 722 2988 XXXV.

1021 2522 1096 2563 _(27)
1108 2523 1144 2551 ita
1166 2523 1243 2551 codd.
1262 2522 1292 2551 P.
1317 2522 1394 2552 Coll).
1413 2524 1442 2557 2,
1460 2530 1487 2552 et
1502 2523 1551 2552 0r.
1568 2522 1598 2551 ltt
1618 2523 1695 2556 edit.,
1715 2533 1792 2560 κομι-

1005 2558 1098 2629 auras)
1109 2593 1175 2629 Curi.
1191 2592 1238 2621 Or.
1255 2593 1377 2625 ἀσθενές.

1041 2627 1097 2664 (29)
1110 2627 1173 2664 Μέι·
1187 2633 1246 2656 erat
1261 2629 1291 2664 in
1303 2630 1369 2657 edit.
1386 2628 1432 2656 sed
1448 2629 1519 2655 delet
1533 2628 1650 2655 Montac.
1672 2635 1721 2655 nec
1738 2636 1790 2655 non

1006 2667 1033 2690 et
1052 2666 1112 2690 cod.
1127 2663 1175 2690 υτ.
1200 2665 1261 2691 cod.
1277 2663 1308 2691 P.
1327 2664 1352 2690 in
1371 2668 1429 2692 nol.
1447 2671 1533 2699 marg.
1562 2664 1674 2698 σημεῖα,
1694 2665 1791 2697 στοχα-

1008 2705 1109 2733 σματα.

1044 2734 1100 2769 (50)
1114 2733 1180 2760 Cod.
1195 2733 1226 2760 P.
1244 2733 1270 2760 in
1286 2737 1341 2760 not.
1357 2732 1597 2769 tnarg.archwtat.

1045 2768 1219 2804 (5011.11)”;
1246 2768 1364 2804 ἀνοίας,
1379 2767 1550 2804 ὁρμήμάτα,
1577 2768 1658 2796 vertit
1684 2767 1792 2802 Biliius.

1007 2805 1186 2838 preat-auibus
1200 2805 1326 2831 recordite
1339 2803 1432 2838 plenis.

1045 2839 1102 2875 (δῇ)
1115 2839 1190 2875 Qoil).
1204 2838 1234 2875 ιζ.
1252 2839 1279 2865 in
1292 2844 1346 2875 not.
1359 2846 1444 2875 marg.
1460 2838 1649 2875 ἀγαπώμενοι.

1045 2847 1102 2873 (0:)
1115 2847 1190 2866 non).
1204 2847 1234 2865 ι’.
1252 2847 1279 2865 ιιι
1292 2847 1346 2865 not.
1359 2847 1444 2872 marg.
1460 2847 1478 2866 α
1498 2847 1526 2866 ατ

1043 2874 1100 2910 (55)
1117 2873 1194 2902 Coll).
1208 2873 1236 2907 2,
1251 2873 1343 2905 κακῶς
1356 2847 1526 2910 ἀπηλέγχθη.

1578 2965 1597 2997 9
