2055 3130
269 177 322 206 οιιπ

830 175 914 207 ’Vl'l‘A
928 178 962 207 S.
978 177 1143 208 GREGOMI
1162 173 1338 205 THEOLOGI

1842 175 1895 203 263

269 237 388 264 ticorum
402 235 510 270 agmine
525 234 676 263 Caesaream
694 234 848 269 populante,
869 235 986 262 Eusebio
999 234 1054 269 qni-

1108 232 1163 260 κῶν
1185 230 1406 268 καταδραμόντος
1422 230 1472 266 τῆς
1490 230 1663 266 Καισαρέων,
1689 228 1820 256 Εὑσεϐίου
1844 230 1895 265 μὲν

270 281 343 314 dem,
371 281 415 316 pio
434 281 512 313 viro,
536 280 623 308 adhuc
647 280 805 313 metropolis
825 279 930 306 clavum
958 279 1056 314 guber-

271 330 506 359 nante,-c:eterum
524 332 585 352 cum
607 332 704 359 magno
720 323 831 357 Basilio,
853 324 899 359 qui
918 324 1057 359 presbyter

269 377 341 406 erat,
367 377 448 408 atque
471 371 497 399 in
522 370 611 398 Ponto
628 370 880 406 philosophabatur,
901 369 1056 397 inimicitias

270 423 391 453 gerente,
415 417 600 446 haereticorum
622 416 760 451 coniurata
777 423 852 443 arma
874 416 1057 451 impetumque

270 464 462 496 reformidans,
482 463 554 498 quod
582 462 696 491 antistes
722 463 807 492 aciem
829 468 924 490 contra
941 462 1057 489 educere

269 515 323 536 non
345 514 437 544 posset
458 507 626 543 (quanquam
650 508 722 535 enim
748 508 794 535 ille
815 507 877 535 vitae
901 506 1056 542 integritate

269 555 424 590 praestabat,
436 554 575 589 theologia
589 558 677 582 tamen
691 554 766 581 rudis
779 558 839 581 erat
851 558 879 581 et
891 551 1054 588 imperitus),

268 603 303 630 ad
324 602 462 634 Basilium,
478 600 583 628 illustre
605 599 670 627 illud
689 599 785 633 sidus,
809 599 919 631 scribit,
940 605 1057 633 eumque

269 650 431 681 obtestatur,
441 655 475 675 ne
485 647 566 675 ullam
582 645 783 674 inimicitiarum
797 645 928 673 rationem
943 645 1054 676 haheat,

275 696 321 722 sed
335 695 485 722 animarum
501 691 647 727 periculum
661 694 752 718 mente
767 695 907 725 reputans,
922 695 1056 724 metropo-

268 740 358 767 litanze
381 738 506 767 Ecclesiae
531 738 591 765 sine
619 737 671 764 ulla
699 744 773 763 mora
802 736 940 771 suppetias
961 735 1029 762 ferat
1045 744 1054 762 :

268 785 349 812 simul
363 784 444 812 etiam
459 791 488 810 se
508 782 663 814 affuturum,
682 781 797 816 bellique
815 781 973 808 societatem
993 787 1054 806 cum

264 838 302 859 eo
320 830 464 858 -coiturum
496 829 646 863 pollicetur.
682 827 741 861 Qua
770 827 893 854 oratione
924 826 1053 853 eximium

268 876 364 904 ducem
385 875 417 903 ad
436 873 534 902 bellum
548 873 748 907 suscipiendum
766 872 889 907 impellit.
913 870 1054 899 Profectus

268 921 352 957 igitur
377 920 435 956 ipse
458 926 576 954 quoque,
597 922 777 953 susceptaque
805 925 867 945 cum
891 924 924 945 eo
947 917 1055 952 expedi-
1070 910 1091 938 Β

269 968 352 999 tione,
366 966 393 993 in
403 965 590 993 haereticorum
603 963 758 998 praesidium
773 966 801 990 et
814 970 905 990 arcem
918 962 1054 997 irrumpit,

267 1012 437 1047 concisisque
446 1010 587 1043 impiorum
599 1009 737 1036 hominum
748 1016 780 1037 ac
791 1008 938 1045 proﬂigatis
947 1010 1055 1044 dogma-

269 1060 341 1087 tibus
362 1062 490 1093 tropteum
508 1057 586 1084 simul
608 1064 666 1083 cum
693 1055 790 1082 Basilio
820 1055 917 1091 erigit,
932 1055 1055 1082 hostibus

268 1105 384 1141 ignaviae
398 1112 454 1132 sua:
473 1102 721 1137 imbecillitatisque
737 1102 901 1130 conscientia
917 1101 943 1128 in
964 1101 1053 1136 fugam

268 1151 368 1179 versis.
391 1151 431 1178 Ac
453 1150 515 1177 talia
542 1149 611 1176 Dorus
629 1156 676 1183 per
695 1155 790 1175 servos
811 1147 892 1175 eiIiclt
908 1156 914 1174 :
932 1147 1053 1183 quicum

268 1197 412 1226 immodice
429 1199 632 1224 excrescentem
655 1200 736 1229 atque
760 1195 941 1222 exundantem
965 1194 1054 1221 homi-

268 1250 334 1271 num
361 1241 527 1277 iniqnitatem
550 1240 646 1272 cernit,
668 1240 882 1275 prmstantissimi
896 1244 977 1275 atque
991 1240 1054 1267 cha-

268 1287 371 1316 rissimi
384 1286 504 1322 ﬁgmenti
520 1285 697 1313 miseratione
713 1290 865 1320 permotus.
882 1285 956 1313 viros
966 1285 1054 1312 omni-

267 1335 318 1362 bus
342 1333 450 1361 virtutis
475 1331 595 1359 numeris
612 1331 752 1359 absolutos
776 1330 896 1363 excitat,
924 1330 1053 1358 auxilium

268 1380 401 1415 quoddam
417 1377 642 1412 disciplinamque
664 1377 707 1408 iis,
722 1384 837 1412 quorum
853 1375 927 1404 salus
948 1376 1054 1411 pericli-

267 1431 352 1458 tatur,
386 1430 550 1459 procurans;
586 1430 620 1450 ne
648 1422 755 1450 fulturae
783 1427 865 1457 atque
897 1420 1052 1448 adminiculi

268 1471 380 1506 penuria
397 1471 543 1497 humanum
560 1475 644 1504 genus
661 1475 758 1495 noxam
774 1467 916 1494 contrahat
936 1470 963 1494 et
980 1466 1054 1493 labe-

269 1515 653 1550 factetur:quemadmodum
683 1518 739 1540 tum
766 1520 871 1548 quoque
898 1512 973 1544 fecit.
1004 1512 1055 1539 hos

268 1564 344 1592 viros
363 1562 501 1594 excitans,
522 1568 554 1588 ac
579 1560 651 1588 velut
668 1558 809 1594 coagulum
836 1557 970 1593 quoddam
990 1558 1053 1586 lacti

1106 277 1152 304 τοῦ
1164 278 1237 305 ὁσίου
1253 277 1292 304 ἔτι
1309 276 1553 312 πηδαλιουχοῦντος
1567 277 1615 312 τὴν
1630 275 1805 312 μητρόπολιν,
1827 276 1896 312 πρὸς

1105 324 1134 351 δὲ
1150 323 1196 351 τὸν
1213 323 1301 359 μέγαν
1317 322 1456 349 Βασίλειον
1468 321 1653 358 πρεσϐύτερον
1665 322 1740 354 ὂντα,
1755 322 1802 348 καὶ
1814 322 1842 349 ὲν
1855 321 1894 357 τῷ

1105 369 1199 403 Πόντῳ
1210 367 1418 404 φιλοσοφοῦντα,
1436 367 1534 403 ἔχθραν
1545 367 1728 403 ἀνῃρημένου,
1741 366 1833 399 δείσας
1839 366 1895 393 τῶν

1105 414 1250 449 αίρετικῶν
1258 413 1304 441 τὸν
1322 413 1520 448 συνασπισμὸν,
1539 412 1587 439 καὶ
1603 412 1652 447 τὴν
1666 412 1760 446 ἔφοδον
1770 412 1817 438 τοῦ
1832 420 1896 448 προς

1104 459 1221 492 εστῶτος
1236 460 1274 496 μὴ
1288 459 1427 491 σθένοντος
1439 458 1657 494 παρατάττεσθαι
1671 458 1739 494 (54),
1753 456 1797 494 (ἦν
1809 457 1831 484 δ’
1847 455 1893 485 οὖ-

1105 514 1160 537 τος,
1184 506 1207 531 εί
1220 505 1320 532 καὶτὸν
1337 505 1393 540 βίον
1408 504 1516 540 σεμνὸς,
1538 504 1594 531 ἀλλ’
1607 502 1654 531 οὖν
1671 503 1741 540 πρὸς
1756 503 1895 538 θεολογίαν

1105 551 1299 588 ἀγύμναστος),
1318 551 1468 578 ἐπιστέλλει
1485 550 1627 586 Βασιλείῳ,
1644 550 1682 586 τῷ
1697 551 1829 586 φωστῆρι,
1844 550 1895 586 τῆς

1106 599 1204 635 ἔχθρας
1220 599 1268 634 μὲν
1280 598 1337 634 (55)
1355 598 1502 625 ἀντιὸολῶν
1513 598 1656 634 ἀλογῆσαι,
1674 597 1719 624 τὸν
1732 598 1852 625 κίνδυνον
1865 597 1894 624 δὲ

1104 645 1158 672 τῶν
1172 645 1266 680 ψυχῶν
1287 645 1452 681 ἐννοήσαντα
1468 645 1579 680 ταχεῖαν
1594 644 1754 679 ἐπικουρίαν
1763 643 1817 678 (56)
1830 644 1894 670 ἐαυ-

1104 690 1150 717 τὸν
1166 690 1278 725 κομίσαι
1293 691 1326 726 τῇ
1344 690 1492 726 Ἐκκλησία
1499 690 1549 726 τῆς
1563 689 1763 726 μητροπόλεως·
1773 690 1831 725 ἅμα
1846 690 1895 717 καὶ

1105 736 1153 772 τὴν
1169 736 1225 771 (57)
1249 736 1346 763 ἑαυτοῦ
1363 737 1516 772 παρουσίαν
1530 737 1577 763 καὶ
1599 736 1756 772 συμμαχίαν
1777 736 1894 772 ὑποσχό⁴

1107 790 1195 817 μενος.
1211 781 1305 808 Ταῦτα
1327 781 1424 815 εἰπὼν,
1447 781 1536 808 πείθει
1549 782 1594 808 τὸν
1617 782 1728 817 ἄριστον
1741 781 1892 817 στρατηγὸν

1105 828 1247 855 ἀνελέσθαι
1267 827 1313 854 τὸν
1336 828 1466 864 πόλεμον.
1487 828 1586 855 Ἐλθὼν
1602 826 1648 855 οὖν
1669 829 1717 855 καὶ
1730 828 1821 860 αὐτὸς,
1844 827 1894 855 καὶ

1106 874 1355 910 συνεκστρατεύσας
1367 874 1421 910 (58)
1438 874 1522 910 αὐτῷ,
1539 875 1580 906 εις
1594 875 1624 901 τὸ
1636 874 1766 910 ὀχύρωμα
1781 873 1834 901 τῶν
1847 875 1892 901 αἱ-

1105 919 1221 956 ρετικῶν
1236 920 1404 956 παραδύεται
1413 919 1481 955 (59),
1492 920 1540 947 καὶ
1550 919 1585 946 τὰ
1592 919 1646 946 τῶν
1654 919 1760 946 ἀσεϐῶν
1770 919 1893 955 δόγματα

1103 963 1280 998 κατατέμνων
1299 962 1346 989 καὶ
1369 962 1496 996 διαλύων,
1519 963 1672 998 συνεγείρει
1697 962 1727 989 τὸ
1749 962 1892 998 τρόπαιον,

1104 1008 1226 1043 φυγάδας
1239 1007 1390 1042 ἀπελέγξας
1402 1009 1467 1040 τοὺς
1479 1008 1635 1043 πολεμίους,
1654 1009 1704 1044 τῆς
1716 1008 1805 1035 αὐτῶν
1812 1009 1892 1035 ἀνανο

1103 1054 1179 1090 δρίας
1193 1054 1324 1086 λαϐόντας
1335 1053 1524 1089 συναίσθησιν.
1536 1054 1656 1082 Τοιαῦτα
1669 1054 1714 1081 διὰ
1725 1054 1778 1081 τῶν
1793 1054 1890 1082 ἑαυτοῦ

1104 1101 1277 1136 θεραπόντων
1292 1101 1359 1133 Θεὸς
1376 1101 1585 1137 κατεργάζεται·
1604 1101 1643 1133 ὃς,
1655 1102 1717 1128 ὅταν
1731 1101 1774 1137 ῐδῃ
1792 1101 1892 1137 πολλὴν

1104 1146 1320 1180 ἐπιπολάζουσαν
1347 1147 1401 1174 τῶν
1423 1147 1573 1183 ἀνθρώπων
1599 1148 1782 1183 παρανομίαν,
1808 1148 1893 1183 οἴκτῳ

1103 1193 1150 1220 τοῦ
1160 1194 1324 1229 τιμιωτάτου
1340 1193 1498 1229 πλάσματος
1514 1194 1646 1230 ὲξεγείρει
1663 1194 1779 1226 τελείους
1792 1194 1892 1229 ἄνδρας

1104 1239 1262 1276 ἐπικουρίαν
1275 1240 1337 1266 τινὰ
1352 1240 1400 1267 καὶ
1427 1240 1615 1275 παιδαγωγίαν
1637 1241 1693 1271 τοῖς
1708 1239 1893 1266 κινδυνεύουσι

1105 1283 1340 1320 προμηθούμενος,
1359 1284 1402 1311 ἵνα
1415 1284 1453 1320 μὴ
1466 1283 1512 1311 τοῦ
1525 1284 1723 1320 στηρίζοντοςή
1740 1284 1841 1320 ἀπορία
1861 1284 1894 1311 τὸ

1104 1329 1181 1363 γένος
1198 1327 1359 1365 λυμήνηταὺ
1387 1329 1458 1357 καθά
1477 1331 1523 1357 καὶ
1544 1330 1605 1356 τότε
1620 1331 1764 1366 πεποίηκε,
1781 1329 1892 1362 τούτους

1104 1374 1295 1409 διαναστήσας,
1318 1375 1365 1401 καὶ
1390 1371 1445 1402 οἷόν
1465 1384 1528 1402 τινα
1544 1376 1610 1402 όπὸν
1630 1375 1675 1402 τὸν
1693 1376 1894 1414 ἐμϐαλλόμενον

1105 1421 1220 1455 γάλακτι
1238 1421 1348 1453 τούτους
1366 1422 1406 1453 είς
1425 1421 1507 1457 μέσον
1521 1422 1606 1453 τιθεὶς
1631 1421 1687 1457 (40)
1707 1424 1770 1455 τοὺς
1790 1425 1823 1461 τῇ
1844 1433 1894 1451 πο-

1104 1467 1224 1503 λυσχιδεί
1250 1468 1367 1504 πονηρίᾳ
1394 1468 1440 1494 καὶ
1473 1468 1587 1504 ἀσεϐείᾳ
1618 1469 1745 1497 πλεῖστον
1771 1470 1893 1506 ἀλλήλων

1104 1514 1292 1550 ἀφεστηκότας
1307 1515 1364 1550 (Μ)
1387 1515 1427 1546 είς
1454 1514 1518 1550 μίαν
1536 1515 1626 1543 συνδεῖ
1646 1516 1737 1551 φιλίαν
1752 1517 1797 1544 καὶ
1809 1518 1893 1553 ἁομο-

1104 1560 1175 1587 νίαν.

268 1612 397 1646 injectum
412 1610 439 1637 in
458 1609 575 1637 medium
596 1615 720 1643 ponens;
747 1612 828 1641 atque
857 1607 892 1633 ita
916 1613 963 1634 eos
997 1608 1042 1642 qui
1075 1609 1207 1637 multifida
1234 1609 1408 1645 improbitate
1432 1614 1460 1638 et
1494 1610 1632 1645 impietate
1664 1610 1810 1646 plurimum
1824 1612 1895 1639 inter

269 1667 299 1687 se
310 1657 395 1686 dissiti
410 1661 500 1689 erant,
518 1655 545 1683 in
561 1662 641 1682 uuam
658 1653 805 1681 amicitiam
824 1653 1054 1688 concordiamque
1072 1656 1270 1692 constringens.

305 1706 363 1734 Non
387 1704 499 1732 multum
520 1702 647 1738 temporis
666 1702 871 1733 intercesserat,
897 1708 959 1728 cum
983 1709 1053 1736 prte-

1142 1704 1179 1730 Οὑ
1197 1704 1265 1731 πολὺ
1276 1704 1307 1731 τὸ
1315 1705 1344 1732 ὲν
1357 1703 1445 1740 μέσῳ.
1459 1704 1508 1730 καὶ
1521 1704 1536 1730 ὁ
1548 1704 1599 1739 μὲν
1612 1704 1755 1740 εἰρημένος
1766 1705 1895 1740 πρόεδρος

269 1752 358 1781 dictus
379 1751 438 1785 ejus
459 1749 587 1777 Ecclesiae
615 1747 727 1775 antistes
749 1748 782 1774 ad
805 1748 943 1775 meliorem
968 1748 1052 1776 vitam

270 1797 406 1833 migravit.
430 1794 542 1830 Magnus
558 1801 639 1829 porro
655 1794 732 1821 labor
746 1792 877 1829 Gregorio
896 1793 1053 1821 subeundus

269 1844 332 1876 fuit,
341 1848 395 1871 tum
407 1841 531 1877 privatim
546 1841 716 1876 quibusdam,
731 1844 785 1867 tum
802 1840 909 1875 publice
920 1841 1056 1868 universis

273 1890 347 1918 urbis
366 1888 470 1916 civibus
490 1887 632 1919 scribenti,
655 1891 746 1921 atque,
773 1890 800 1913 et
823 1886 929 1921 patris,
955 1890 984 1914 et
1007 1895 1056 1914 suo

271 1935 381 1962 nomine
397 1932 521 1961 suadenti
545 1937 575 1959 ut
600 1931 729 1959 Basilium
757 1932 783 1959 in
802 1932 1056 1968 archiepiscopatus

271 1981 370 2008 throno
382 1979 557 2008 collocarent.
575 1978 708 2006 Praeclare
730 1978 757 2006 id
779 1986 887 2014 quoque
901 1984 983 2015 atque
996 1987 1059 2014 per-

271 2026 351 2053 fecte.
370 2024 553 2061 Neque‘enim
571 2028 600 2051 ut
618 2024 699 2052 amici
716 2023 867 2053 commodis
890 2025 1033 2054 inserviret
1049 2046 1056 2059 ,

273 2072 344 2100 hanc
358 2074 475 2106 operam'
485 2070 646 2106 suscipiebat
659 2090 668 2104 ,
694 2071 742 2098 sed
764 2076 795 2098 ut
814 2070 929 2106 publica
948 2073 1058 2100 utilitati

273 2118 450 2153 prospiceret.
471 2117 553 2144 Norat
571 2116 643 2143 enim
663 2116 806 2152 perspicue
818 2137 827 2151 ,
849 2122 929 2146 norat
943 2119 1060 2154 opitula-

275 2169 361 2192 torem
378 2163 481 2198 Spiritu
496 2166 591 2190 sancto
604 2162 715 2197 dignum
733 2170 741 2190 :
757 2163 792 2190 ob
809 2171 924 2199 eamque
949 2172 1058 2192 causam

273 2218 328 2238 non
341 2215 404 2237 ante
416 2210 545 2244 impetum
566 2209 680 2241 remisit,
696 2216 791 2243 quam,
812 2209 885 2244 quod
900 2214 975 2238 recte
997 2217 1060 2245 pro-

273 2262 411 2292 posuerat,
442 2257 476 2284 ad
506 2256 608 2284 exitum
631 2256 815 2291 perduxisset,
832 2257 1058 2291 quemadmodum

274 2303 357 2331 etiam
374 2302 509 2338 perduxit.
525 2303 564 2329 Ac
588 2301 705 2329 Basilius
727 2302 835 2337 quidem
852 2302 1058 2330 Caesariensium

275 2348 458 2384 gubernacula
474 2349 592 2375 tenebat.
607 2348 710 2375 Invidia
731 2353 834 2380 autem,
850 2348 1059 2384 dominandique

1105 1749 1186 1785 τῆσδε
1206 1750 1367 1786 Ἐκκλησίας
1386 1750 1443 1785 (42)
1462 1750 1530 1786 πρὸς
1549 1751 1598 1786 τὴν
1624 1751 1730 1786 ἀμείνω
1744 1752 1896 1786 μετανέστη

1106 1794 1179 1830 ζωήν
1194 1795 1260 1830 (45)·
1277 1796 1361 1828 πολὺς
1376 1796 1406 1822 δὲ
1428 1796 1508 1828 πόνος
1519 1796 1558 1832 τῷ
1574 1797 1716 1833 Γρηγορίῳ
1735 1797 1896 1825 καθίσταται

1106 1841 1239 1877 γράφοντι
1255 1842 1324 1878 πρὸς
1347 1842 1397 1878 τὴν
1411 1842 1498 1877 πόλιν,
1524 1843 1572 1869 καὶ
1588 1843 1641 1879 ἰδίᾳ
1665 1844 1732 1875 τισὶ,
1758 1845 1895 1880 καὶκοινῇ

1107 1888 1185 1920 πᾶσι,
1200 1887 1247 1914 καὶ
1261 1887 1382 1915 πείθοντι
1396 1888 1432 1915 τὰ
1446 1888 1495 1924 μὲν
1508 1888 1553 1915 διὰ
1574 1888 1622 1915 τοῦ
1635 1888 1749 1924 πατρὸς,
1767 1889 1802 1915 τὰ
1821 1889 1849 1916 δὲ
1861 1890 1895 1916 δι’

1107 1932 1204 1961 ἑαυτοῦ
1230 1933 1270 1969 τῷ
1294 1933 1381 1969 θρόνῳ
1403 1934 1452 1970 τῆς
1474 1934 1680 1971 ἀρχιερωσύνης
1703 1935 1897 1971 ἐγκαθιδρῦσαι

1108 1978 1259 2006 Βασίλειονο
1281 1978 1340 2006 λίαν
1361 1980 1407 2006 καὶ
1426 1979 1505 2006 τοῦτο
1519 1979 1642 2012 τελείως.
1659 1980 1697 2008 Οὐ
1713 1980 1814 2017 γὰρώς
1827 1981 1897 2017 φίλῳ

1108 2025 1285 2061 χαριζόμενος
1310 2024 1455 2060 ἔπραττεν,
1479 2025 1547 2053 ἀλλά
1569 2025 1619 2052 τοῦ
1644 2026 1734 2054 κοινοῦ
1764 2026 1895 2062 προνοῶν.

1111 2072 1188 2108 ’ῌδει
1212 2071 1277 2108 γὰρ,
1301 2071 1358 2107 ᾔδει
1386 2071 1480 2106 σαφῶς
1498 2071 1544 2099 τὸν
1566 2071 1614 2099 τοῦ
1636 2072 1795 2108 Πνεύματος
1822 2072 1896 2105 ἀξιον

1109 2118 1300 2154 παραστάτην·
1319 2118 1363 2145 διὰ
1377 2118 1457 2145 τοῦτο
1473 2118 1524 2145 οὐκ
1547 2118 1643 2154 ἀνῆκε,
1666 2118 1735 2154 πρὶν
1758 2120 1798 2151 είς
1820 2119 1897 2151 τέλος

1109 2165 1199 2201 ἀγάγῃ
1216 2164 1271 2200 (ιι)
1283 2164 1312 2191 τὸ
1327 2164 1521 2200 προσηκόντως
1537 2164 1756 2199 βεϐουλευμένον·
1769 2164 1818 2191 καὶ
1832 2164 1897 2200 μέν·

1109 2218 1151 2237 τοι
1163 2210 1211 2237 καὶ
1221 2211 1335 2246 ἤγαγεν.
1355 2211 1385 2237 '0
1402 2210 1452 2245 μὲν
1468 2208 1515 2237 οὖν
1531 2209 1671 2242 Βασίλειος
1690 2208 1747 2245 εἶχε
1765 2210 1815 2245 τῆς
1829 2210 1898 2236 Και-

1111 2256 1217 2292 σαρέων
1230 2257 1293 2288 τοὺς
1304 2256 1409 2289 οἴακας.
1425 2256 1523 2284 Φθόνου
1534 2256 1563 2283 δὲ
1583 2256 1631 2283 καὶ
1647 2255 1792 2291 φιλαρχίας
1811 2256 1898 2285 ἐπαυ-

1112 2301 1257 2337 ξηθέντων,
1273 2302 1417 2337 διαιρεῖται
1434 2302 1473 2333 εἰς
1488 2301 1534 2327 δύο
1548 2301 1564 2336 ἡ
1581 2299 1784 2331 Καππαδοκῶν,
1818 2299 1898 2335 μέχρι

1111 2348 1171 2374 τότε
1190 2347 1238 2383 μία
1258 2347 1326 2379 τέως
1342 2347 1397 2382 (45)
1414 2346 1613 2383 γνωριζομένη·
1629 2345 1677 2372 καὶ
1692 2345 1898 2381 ἀντιδιαιρεῐται

275 2382 423 2428 cupiditate
449 2393 635 2429 gliscentibus,
659 2393 841 2429 Cappadocia,
861 2401 921 2429 quae
944 2382 1056 2421 anterid

1111 2396 1160 2430 τῆς
1174 2382 1335 2429 Καισαρέων
1346 2394 1381 2420 τὰ
1394 2382 1496 2426 Τύανα,
1507 2392 1546 2425 ὼς
1556 2393 1648 2419 λοιπὸν
1659 2391 1824 2419 ἑκδικεῖσθαι
1835 2392 1898 2428 παρ’

276 2444 383 2475 tempus
396 2447 448 2466 una
462 2440 670 2474 agnoscebatur,
695 2441 722 2466 in
752 2441 819 2468 duas
845 2441 930 2468 divisa
950 2445 1001 2474 est,
1026 2447 1059 2467 ac

311 2544 368 2580 (54)
380 2543 419 2571 lta
438 2542 498 2580 cod.
511 2542 543 2570 Ρ.
556 2548 596 2580 et_
608 2543 811 2580 sic_legendrum
831 2548 920 2571 monet
943 2542 1059 2580 Montac.

276 2578 327 2607 nec
342 2578 395 2607 non
409 2583 437 2606 et
450 2578 571 2606 Contbei‘.
587 2578 616 2605 In
631 2578 696 2606 edit.
713 2579 885 2613 quibusdam,
905 2579 1061 2614 σπαράττε-

277 2614 442 2683 σθῗτῖὲμιιέν
460 2649 536 2675 deest
559 2648 591 2683 in,
607 2649 685 2676 codd.
707 2647 782 2676 Colb.
808 2649 842 2680 2,
859 2653 888 2675 et
911 2648 970 2681 οη,
986 2656 1063 2676 mox-

276 2682 459 2745 qtlt‘gﬁql‘bert.
478 2684 510 2716 i,
533 2689 561 2710 et
577 2682 624 2711 0r.
646 2684 759 2718 legunt,
780 2683 924 2720 ἀλογῆσαι,
948 2685 995 2711 καὶ
1017 2684 1063 2711 τὸν

311 2754 366 2791 (ἕρ)
382 2754 447 2791 cod.
462 2754 521 2791 04m,
535 2755 633 2791 ταχείᾳ
645 2754 803 2791 ἐπικουρία.

312 2782 369 2836 ἐέῐὶ
384 2789 503 2836 ῐὲξξῑέξπῖι
515 2782 546 2836 ἐι.
556 2782 602 2836 93:-
618 2782 717 2836 ἀιιξὲξ
730 2782 851 2836 amv-

277 2824 369 2884 péfaii)
384 2824 460 2852 Coih.
473 2824 485 2851 i
499 2845 507 2857 ,
522 2831 550 2853 et
563 2826 611 2854 0r.
638 2824 739 2853 Ἐλθὼν
756 2824 802 2853 οὖν
818 2824 869 2854 ’καὶ
899 2834 1065 2862 συνεκστραη

283 2872 308 2885 ,ε
329 2866 343 2884 ς
363 2867 387 2890 ς.

314 2893 370 2928 (59)
384 2892 458 2922 Coll).
473 2894 498 2927 ί,
514 2895 668 2924 ἀποδύεται.

1113 2439 1274 2476 ἀμφοτέρων
1287 2440 1356 2474 (46),
1374 2439 1420 2466 καὶ
1434 2439 1484 2471 τὰς
1500 2438 1628 2474 πολίχνας
1642 2437 1899 2474 ἀμφισϐητούντων,

1147 2543 1203 2579 (40)
1218 2543 1293 2571 Coib.
1307 2543 1338 2579 72.
1352 2549 1379 2570 et
1395 2543 1454 2574 0r.,
1469 2544 1507 2574 εἰς
1524 2543 1606 2579 μέσον
1621 2544 1687 2576 θείς.

1148 2578 1205 2613 (Μ)
1219 2579 1285 2614 Coti.
1305 2578 1348 2612 P.,
1363 2578 1495 2614 πλείστων
1517 2578 1639 2614 ἀλλήλων
1652 2579 1823 2613 ἐφεστάντων.

1133 2613 1295 2680 Γ(22)(3011).
1317 2614 1346 2646 i,
1367 2615 1401 2646 2,
1422 2619 1451 2641 et
1470 2613 1517 2640 0r.
1533 2612 1606 2646 cod,
1620 2612 1702 2650 τῆσδε
1716 2615 1765 2650 τῆς
1785 2612 1902 2649 Ἐκκλη-

1114 2658 1205 2720 σιῗῖδ)
1222 2684 1298 2725 Qolb.
1312 2684 1339 2716 1,
1354 2684 1470 2720 μετέστη
1485 2683 1569 2720 ζωήν,
1581 2691 1614 2711 αα
1633 2685 1767 2712 meliorem
1786 2684 1902 2712 transla-

1115 2726 1155 2746 lus
1171 2726 1208 2746 εει
1222 2725 1309 2746 vitam.

1151 2754 1206 2790 (Μ)
1223 2755 1289 2790 cod.
1301 2755 1344 2787 P.,
1357 2754 1467 2788 ἀγάγει.
1480 2753 1547 2790 Cod.
1564 2753 1623 2788 Or.,
1641 2754 1767 2789 ἀγαγεῖν.

1149 2788 1205 2824 (45)
1220 2788 1294 2822 Τέως
1309 2790 1384 2816 deest
1400 2791 1425 2817 in
1441 2789 1517 2816 Coib.
1530 2788 1557 2816 2.

1150 2825 1205 2860 (46)
1220 2825 1258 2851 Ita
1277 2825 1416 2856 legendum
1437 2824 1659 2858 monentantiqui
1671 2824 1755 2857 editi;
1770 2824 1806 2860 ita
1820 2823 1901 2860 etiam

1115 2858 1236 2887 codd.'P.
1248 2865 1276 2886 ct
1290 2860 1336 2887 0r.
1349 2860 1424 2887 Colb.
1443 2860 1460 2885 2
1483 2859 1563 2886 habet
1578 2860 1744 2887 ὲκδικεῖσθαι
1760 2858 1815 2887 τῶν
1839 2858 1902 2893 παρ’

1114 2895 1286 2928 ἀμφοτέρων.
1306 2894 1397 2923 Billius
1414 2895 1477 2923 ὲκδτι
1483 2894 1602 2924 μεῖσθαι.
