2055 3130
159 189 213 218 269

671 187 836 216 AUCTORE
852 187 1031 217 GREGORIO
1046 188 1286 219 PRESBYTERO.

1729 191 1784 219 270

160 246 255 274 ὁποίαν
279 247 413 284 ἑκατέρας
427 243 495 274 εἶναι
515 246 615 284 χρεών.
636 245 725 284 Πολλὴ
746 246 812 282 γοῦν
826 247 950 275 ἐντεῦθεν

1008 247 1152 284 l‘yanensis
1178 249 1275 278 civitas
1300 257 1314 277 a
1343 250 1466 279 Casarea
1497 249 1668 283 distrahitur,
1703 250 1785 286 eique

161 292 260 329 ἐξήχθη
287 293 344 329 (ιτ)
364 293 526 329 φιλονεικία,
551 293 688 329 πρόφασιν
714 293 764 328 μὲν
787 293 885 328 ἔχουσα
903 294 949 320 πί-

161 346 219 365 στιν
233 338 293 372 ,(48)
314 339 361 366 καὶ
375 338 425 374 τὴν
439 338 534 374 ψυχῶν
548 338 628 374 δῆθεν
642 338 816 374 κηδεμονίαν,
831 338 950 374 σπουδὴν

161 383 190 411 δὲ
204 384 362 417 πλεονεξίαν
376 385 423 411 καὶ
432 384 586 420 φιλαρχίαν,
597 385 708 420 σεμναῖς
721 383 833 419 κλήσεσι
850 392 952 420 πειρω-

163 429 250 465 μένων
261 430 465 467 κατακρύπτειν
475 431 510 458 τὰ
524 430 617 466 αῐσχη.

999 294 1167 329 opponitur:
1186 295 1253 324 adeo
1273 301 1303 324 ut
1326 295 1454 331 deinceps
1479 296 1514 324 de
1543 296 1649 331 oppidis
1675 303 1784 331 quoque

1000 341 1070 367 inter
1099 344 1228 376 utrosque
1254 342 1438 370 controversia
1469 347 1634 375 moveretur,
1658 341 1732 370 inter
1756 349 1785 370 se

1002 386 1214 419 contendentes.
1231 387 1285 415 utri
1308 387 1397 423 potius
1421 386 1562 422 metropoli
1584 394 1616 414 ea
1636 387 1785 415 asserenda

1002 435 1105 459 essent.
1120 431 1210 466 Atque
1225 433 1289 460 hinc
1306 432 1443 460 contentio
1454 436 1549 460 exorta
1568 437 1611 459 est
1629 441 1636 459 :
1651 432 1702 460 hoc
1726 431 1787 466 qni—

163 476 223 504 dem
234 477 346 504 obtentu
364 483 395 504 ac
411 481 556 511 pratextu,
572 474 648 510 quasi
664 475 726 502 iidei
742 474 850 509 negotio
866 478 948 509 atque
965 475 1117 503 animarum
1135 484 1199 504 cura
1211 482 1400 505 moverentur:
1412 484 1440 505 re
1454 481 1542 503 autem
1576 476 1644 511 ipsa,
1676 480 1786 512 propter

163 523 303 550 avaritiam
343 522 553 558 dominandique
595 522 751 556 libidinem;
789 522 941 550 hominibus
961 522 1088 551 nimirum
1113 531 1156 551 res
1176 529 1268 560 turpes
1293 529 1320 552 et
1360 524 1446 552 {aedas
1472 524 1593 551 honestis
1628 523 1784 551 nominibus

164 569 288 597 obrelare
302 569 474 598 conantibus.

197 616 452 652 Καινοτομούμενος
474 615 514 648 δὲ,
532 615 580 642 καὶ
593 614 647 642 τῶν
663 614 772 642 οἰκείων
784 614 951 651 ἀποστερού-

166 670 247 698 μενος
268 661 324 696 (49)
333 663 348 688 ὁ
361 661 447 697 μέγας
456 661 607 693 Βασίλειος,
619 661 704 687 ὲννοεῖ
716 661 884 697 καταστῆσαι
895 661 951 691 τοῖς

165 707 294 743 Σασίμοις
326 707 485 739 ἐπίσκοπον,
527 706 581 738 ἵνα,
618 707 808 742 κοινοποιῆσας
840 706 895 742 (50)
921 707 952 733 τὸ

166 750 279 786 σχίσμα,
303 750 353 786 τὴν
379 750 489 778 ἄλλοθεν
513 750 587 786 αὐτῷ
612 751 834 787 παραγενομένην
851 752 953 787 ζημίαν

166 796 290 824 ἐντεῦθεν
316 797 435 833 ἰάσηται·
459 797 506 824 καὶ
524 797 582 833 ἅμα
604 798 654 833 τὴν
678 797 771 833 χώραν
794 797 953 829 ἐπισκόποις

166 842 392 875 καταπυκνώσας.
409 843 568 880 ἐπιμέλειαν
584 846 645 876 ταῖς
664 843 838 878 Ἐκκλησίαις
855 843 953 879 μᾶλλον

1039 614 1074 642 At
1096 621 1160 642 vero
1180 622 1292 649 magnus
1311 613 1434 647 Basilius,
1458 622 1527 642 novo
1555 619 1635 649 atque
1659 612 1788 641 inusitato

1005 660 1128 695 exemplo
1142 660 1199 687 suis
1214 659 1319 695 oppidis
1334 659 1482 694 spoliatus,
1503 660 1658 695 episcopum
1675 658 1789 686 Sasimis

1005 706 1171 733 constituere
1201 706 1337 741 proponit,
1371 710 1418 736 ut.
1444 705 1516 741 quod
1544 706 1694 733 abscissum
1719 710 1787 737 erat,
1831 705 1833 742 l

1005 758 1148 780 commune
1161 752 1276 786 faciens’,
1302 752 1495 780 detrimentum
1516 750 1632 779 ‘aliunde
1648 757 1790 788 acceptum

1006 798 1057 825 hac
1077 798 1181 825 ratione
1208 798 1342 831 sarciret;
1365 797 1500 832 simulque
1519 797 1630 833 regione
1655 797 1790 833 episcopis
1834 807 1836 829 δ

1006 843 1175 875 obﬁrmata,
1211 842 1392 870 Ecclesiarum
1428 841 1657 870 administrationi
1692 843 1789 870 melius

166 890 322 925 χαρίσηται.
335 890 428 922 Οὐδεὶς
440 889 487 917 οὖν
505 890 592 918 ἐδόκει
607 890 737 926 Βασιλείῳ
749 889 954 926 χρησιμώτερος

1008 888 1169 916 consuleret.
1189 887 1275 916 Nemo
1293 895 1375 923 porro
1391 889 1415 915 ei
1433 889 1466 916 ad
1483 888 1660 916 moderandas
1683 889 1790 924 episco-

165 935 213 962 τοῦ
231 936 392 973 Γρηγορίου,
413 936 461 963 καὶ
480 936 653 973 ἰσχυρότερος
667 937 820 972 ἐπισκοπῆς
830 945 956 971 καινουρ-

167 980 296 1016 γηθείσης
320 980 512 1009 ἀντιλαϐέσθαι
534 981 599 1017 (51).
627 981 712 1008 Τοῦτο
742 981 956 1017 βουλευσάμενος

169 1026 238 1061 μετά
257 1025 305 1053 τοῦ
326 1027 431 1063 πατρὸς
455 1027 606 1064 Γρηγορίου
626 1027 673 1054 τοῦ
696 1027 859 1063 θαυμασίου,
873 1036 957 1063 προσ-

167 1072 228 1105 άγει
249 1071 412 1107 βιασάμενος
435 1073 469 1108 τῇ
486 1073 639 1110 χειροτονίᾳ
660 1073 716 1108 (52)
738 1073 784 1099 τὸν
799 1073 892 1109 ἄνδρα·
911 1072 957 1100 κα).

165 1117 197 1144 τὺ
209 1118 258 1153 μὲν
271 1117 351 1154 ἔργον
376 1117 433 1154 εἷχε
445 1119 531 1150 τέλος.
549 1118 578 1145 ’0
594 1119 633 1151 δὲ,
654 1119 726 1146 καθὰ
740 1119 869 1151 πολλάκις
882 1119 958 1154 είρή-

167 1171 266 1198 καμεν,
299 1164 399 1191 σκοπὸν
425 1164 495 1200 ἔχων
519 1165 635 1201 ἡσυχίας
657 1174 687 1191 τε
715 1165 764 1192 καὶ
788 1166 957 1201 πραγμάτων

167 1208 334 1244 ἐλευθερίας,
351 1211 457 1246 ἠνιᾶτο,
472 1210 627 1248 ἐδυσφόρει,
650 1211 738 1246 ἑαυτῷ
751 1211 895 1247 προσέχειν
911 1212 958 1238 καὶ

169 1253 282 1286 ιδιάζειν
306 1255 454 1291 ἀναγκαῖον
481 1254 550 1284 εῖναι
574 1257 706 1292 οἰόμενος.
722 1257 793 1293 Πρὸς
809 1257 902 1284 δὲκαὶ
928 1257 958 1284 τὸ

168 1300 277 1336 χωρίον,
288 1301 323 1328 τὰ
336 1302 444 1338 Σάσιμα
461 1303 543 1337 λέγω,
557 1300 591 1339 ἦν
604 1303 679 1338 αὐτῷ
691 1303 889 1339 ἀνεπιτήδειον,
914 1300 957 1330 οἷα

168 1347 253 1382 ζάλης
266 1356 296 1375 τε
310 1348 358 1376 καὶ
371 1349 492 1377 ἀστικῶν
504 1349 627 1386 θορύϐων
645 1349 872 1386 πεπληρωμένον.
885 1350 959 1377 Azm-

169 1394 252 1431 φόρου
271 1394 327 1430 (55)
351 1394 407 1431 γὰρ
426 1395 570 1431 βασιλικῆς
587 1396 668 1431 μέσον
687 1396 823 1431 κείμενον,
840 1396 887 1423 καὶ
911 1396 957 1422 τοῦ

168 1439 299 1475 δημοσίου
318 1440 419 1476 δρόμου
447 1440 508 1476 ἔχον
530 1441 564 1468 τὰ
581 1441 757 1474 ἱπποστάσια,
774 1441 889 1468 δονεῖται
903 1443 959 1474 τοῖς

169 1485 286 1522 παροῦσι
303 1486 371 1522 (54),
387 1486 488 1522 πολλὴν
505 1487 553 1523 μὲν
565 1487 643 1514 ἀνίαν
654 1487 737 1522 φέρον
753 1489 810 1519 τοῖς
824 1487 957 1523 ὴσυχίοις,

167 1530 320 1558 ἀπόλαυσιν
332 1531 359 1558 δὲ
372 1532 389 1568 ἢ
412 1532 548 1567 ὠφέλειαν
560 1532 621 1559 οὐδὲ
637 1533 688 1568 τὴν
704 1532 839 1568 τυχοῦσαν
866 1533 957 1568 σχεδὸν

1005 940 1085 970 palus
1102 943 1197 963 recens
1217 936 1303 963 creati
1329 936 1450 963 habenas
1474 935 1606 970 Gregorio
1625 937 1791 964 commodior

976 1020 980 1024 ⁴
1007 981 1189 1017 ﬁriniorisqne
1208 982 1291 1009 animi
1307 981 1460 1009 videbatur.
1486 981 1525 1008 Ac
1542 981 1654 1015 proinde
1677 982 1792 1010 consilio

1006 1037 1068 1056 cum
1079 1029 1131 1056 viri
1147 1028 1297 1056 admirandi
1315 1034 1392 1063 patre
1409 1028 1512 1061 habito,
1529 1027 1640 1056 invitum
1655 1028 1791 1056 hominem

1007 1082 1039 1102 ac
1054 1079 1249 1109 repugnantem
1261 1073 1407 1109 pontiﬁcali
1421 1074 1506 1109 gratia
1520 1078 1719 1107 consecratum,
1735 1074 1795 1109 ejus

1008 1119 1135 1147 Ecclesia:
1148 1119 1226 1147 clavo
1244 1119 1384 1151 admovet;
1403 1126 1434 1146 ac
1451 1126 1493 1146 res
1514 1119 1623 1154 quidem
1637 1126 1718 1155 opere
1732 1126 1794 1154 per-

1009 1166 1106 1192 ﬁcitur.
1117 1165 1251 1193 Caeterum
1269 1164 1325 1198 ille,
1345 1169 1375 1192 ut
1388 1172 1460 1199 saepe
1473 1164 1602 1198 diximus,
1617 1164 1796 1200 tranquillita~

1008 1215 1074 1243 tem.
1092 1210 1316 1246 negotiorumque
1336 1210 1534 1238 immunitatem
1553 1210 1605 1238 sibi
1623 1210 1792 1246 propositam

1008 1256 1121 1288 habens,
1131 1255 1280 1291 angebatur
1290 1256 1391 1288 animo,
1403 1255 1618 1290 permolesteque
1630 1263 1687 1283 rem
1698 1255 1796 1291 hujus-

1009 1302 1081 1330 modi
1096 1301 1213 1334 ferebat,
1223 1301 1274 1329 sibi
1291 1301 1340 1337 ipsi
1356 1301 1476 1329 animum
1491 1305 1627 1329 attentum
1640 1301 1752 1334 habere,
1762 1309 1796 1329 ac

1009 1348 1141 1381 privatam
1154 1347 1240 1374 vitam
1255 1346 1344 1374 colere
1355 1346 1540 1374 necessarium
1551 1353 1612 1374 esse
1622 1347 1795 1374 existimans.

1011 1393 1067 1421 lluc
1080 1393 1226 1421 accedebat
1240 1392 1290 1421 loci
1308 1393 1517 1421 incommoditas
1533 1412 1543 1426 ,
1563 1397 1656 1428 utpote
1670 1393 1797 1429 procellis

1010 1439 1163 1474 urbicisque
1177 1439 1337 1467 tumultibus
1350 1439 1433 1474 pleni.
1448 1438 1618 1466 Sasimorum
1630 1439 1701 1466 enim
1718 1438 1797 1474 Oppi-

1009 1483 1073 1510 dum
1102 1483 1128 1510 in
1157 1483 1239 1518 regia:
1261 1489 1285 1511 et
1310 1484 1438 1511 militaris
1464 1484 1516 1512 viae
1528 1485 1622 1512 medio
1641 1484 1742 1517 situm,
1765 1491 1798 1512 ac

1010 1529 1213 1557 veredariorum
1240 1537 1371 1564 equorum
1396 1530 1528 1558 stationes
1552 1530 1666 1563 habens,
1682 1535 1798 1565 praeter-

169 1577 366 1613 παρεχόμενον.
386 1578 478 1605 Ταῦτα
492 1577 585 1606 ἐνιδὼν
611 1578 680 1614 (55),
698 1579 738 1610 είς
754 1580 958 1615 φροντιστήριον

1012 1575 1132 1603 euntium
1160 1577 1320 1605 tumultibus
1350 1577 1469 1612 undique
1492 1577 1637 1612 perstrepit
1662 1583 1691 1605 et
1712 1578 1798 1611 agita-

168 1623 290 1650 ἀσθενῶν
303 1623 484 1659 καταφεύγει,
508 1624 632 1660 διακονίᾳ
647 1633 677 1651 τε
696 1625 744 1651 καὶ
759 1624 849 1659 λόγοις
862 1633 962 1660 πατρι-

169 1671 227 1702 κοῖς
237 1669 268 1696 τδ
280 1670 409 1703 δυσαλθὲς
436 1670 492 1706 (56)
509 1671 561 1706 τῆς
585 1671 663 1697 νόσου
689 1670 900 1706 καταπραθνων,
914 1670 963 1697 καὶ

171 1716 327 1751 φιλοσοφίας
345 1717 389 1743 τὸν
404 1717 499 1752 καιρὸν
519 1717 575 1753 (57)
595 1717 831 1753 ὲγγυμναστήριον
846 1716 961 1744 τίθεται.

169 1762 285 1796 Λέγεται
302 1760 410 1798 οὗν(58)
427 1762 493 1798 μηδὲ
507 1763 665 1798 προσφορὰν
679 1762 696 1798 ἦ
715 1761 880 1798 χειροτονίαν
895 1761 962 1796 (59),

171 1809 188 1844 ἢ
209 1808 303 1843 ἔτερόν
322 1816 348 1834 τι
372 1807 428 1835 τῶν
448 1808 569 1844 συνήθων
584 1809 640 1840 τοῖς
655 1808 826 1840 ἐπισκόποις,
850 1808 878 1834 ὲν
906 1808 962 1839 τοῖς

172 1853 302 1889 Σασίμοις
314 1853 370 1889 (60)
385 1853 552 1886 ἐπιτελέσαι,
566 1853 624 1880 ἀλλ’
639 1852 697 1889 ἃμα
705 1854 738 1889 τῇ
753 1852 905 1888 χειροτονίᾳ
914 1852 961 1880 τὸν

171 1897 293 1935 δρασμὸν
313 1899 368 1935 (61)
382 1900 516 1935 ἐννοῆσαι.

1012 1627 1075 1656 tur;
1091 1627 1173 1658 atque
1196 1623 1331 1659 ingentem
1347 1624 1456 1659 quidem
1472 1624 1623 1652 molestiam
1644 1624 1800 1652 hominibus

1016 1669 1167 1705 tranquillae
1196 1670 1259 1698 vita:
1286 1671 1413 1698 studiosis
1439 1670 1534 1706 gignit,
1564 1670 1680 1698 fructum
1708 1673 1800 1697 autem

1014 1720 1096 1750 atque
1108 1715 1253 1744 utilitatem
1274 1724 1309 1744 ne
1321 1717 1461 1744 minimam
1481 1715 1588 1750 quidem
1605 1716 1802 1750 propemodum

1014 1761 1103 1789 affert.
1121 1761 1197 1796 Quod
1223 1770 1284 1790 cum
1305 1763 1351 1791 ille
1374 1763 1552 1797 perspiceret,
1581 1761 1614 1788 ad
1637 1765 1801 1796 aegrotorum

1015 1806 1181 1835 domicilium
1196 1808 1328 1844 confugit,
1346 1809 1498 1836 ministerio
1515 1808 1659 1842 verbisque
1680 1807 1803 1842 paternis

1014 1855 1102 1882 morbi
1137 1855 1322 1883 diﬂicuitalem
1359 1855 1573 1890 gravitatemque
1602 1855 1707 1883 leniens
1734 1863 1742 1882 ι
1770 1861 1802 1880 ac

1013 1901 1193 1936 philosophia
1228 1900 1469 1929 esercitamentum
1510 1906 1616 1937 tempus
1648 1901 1713 1929 illud
1750 1900 1802 1928 sibi

171 1946 322 1974 constituit.
353 1945 455 1973 Ferunt
481 1949 570 1972 autem
591 1951 674 1977 enm,
705 1951 755 1972 nec
779 1943 956 1975 oblationem.
975 1952 1026 1972 nec
1060 1945 1274 1978 ordinationem,
1301 1953 1387 1981 neque
1411 1946 1558 1982 quidquam
1599 1947 1670 1975 aliud
1705 1954 1799 1974 eorum

173 2000 232 2028 quite
247 1993 316 2028 apud
330 1993 473 2027 episcopos
486 1991 609 2019 consueti
626 1990 710 2018 munii
737 1994 800 2018 sunt
811 2009 819 2022 .
840 1988 955 2018 Sasimis
974 1991 1112 2026 peregisse
1129 2000 1137 2019 :
1151 1999 1244 2020 verum
1259 1991 1339 2019 simul
1372 1996 1453 2027 atque
1470 1993 1628 2034 episcopus
1660 1993 1802 2022 ordinatus

172 2043 224 2072 est,
241 2039 331 2073 fugam
344 2038 436 2065 animo
451 2037 619 2072 concepisse.

213 2086 242 2113 '0
260 2085 298 2112 δὲέ
313 2084 405 2121 πατὴρ
427 2082 494 2110 πολὺ
511 2082 561 2118 μὲν
575 2079 609 2117 ἦν
629 2081 777 2109 ἀντιϐολῶν
806 2081 888 2108 αὐτὸν
904 2081 961 2117 (62)

171 2132 207 2159 τὰ
221 2132 327 2166 Σάσιμα
346 2129 481 2165 δέχεσθαι·
506 2128 564 2156 ἀλλ’
587 2127 681 2164 ἐπειδὴ
710 2127 757 2154 τοῦ
783 2126 884 2155 σκοποῦ
909 2129 962 2155 ὰπ-

173 2176 315 2212 ετύτχανε,
332 2175 458 2211 δεύτερον
475 2175 592 2200 ποιεῖται
610 2172 669 2200 ἀνθ’
681 2172 777 2200 ἑαυτοῦ
798 2173 902 2200 ἐκεῖνον
911 2173 962 2208 τῆς

179 2222 341 2258 Ἐκκλησίας
357 2221 412 2257 (65)
420 2218 572 2253 Ναζιανζοῦ
581 2218 723 2246 ἀνελέσθαι
733 2219 781 2255 τὴν
790 2219 963 2254 ἐπιμέλειαν.

174 2271 229 2297 Καὶ
251 2269 331 2296 τοῦτο
352 2268 485 2304 ἔπραττεν
505 2267 536 2293 οὐ
560 2265 687 2302 νουθεσίᾳ
715 2265 806 2301 μόνον,
822 2265 878 2293 ἀλλ’
910 2266 960 2302 ἤδη

210 2381 266 2418 (Π)
278 2379 346 2407 Cod.
363 2376 411 2405 0r.
426 2376 458 2405 P.
469 2381 497 2404 et
507 2376 583 2404 Colb.
595 2375 621 2408 ί,
634 2374 759 2402 ἐντεῦθεν
773 2375 887 2411 ὲξήψθη,
901 2376 963 2403 hinc
977 2380 1001 2407 D

174 2425 282 2445 urceum
297 2421 345 2443 εει.

211 2453 266 2488 (48)
286 2453 394 2480 Πίστιν
413 2449 588 2488 σεθιιοῑνλεορ
610 2451 637 2478 in
659 2450 783 2478 versione
796 2449 961 2488 “suaABillius

175 2485 309 2521 restituit;
325 2489 365 2516 sic
379 2486 472 2514 volunt
489 2486 533 2513 alii
548 2486 612 2513 edit.
628 2492 743 2513 necnon
754 2491 781 2513 et
791 2485 877 2514 Codd.
888 2485 919 2513 P.
934 2492 961 2514 et

173 2523 249 2551 ﬂolb.
266 2523 292 2551 1.

221 2559 266 2593 49)
278 2558 306 2586 in
319 2558 380 2585 cod.
399 2557 431 2585 P.
448 2556 547 2584 desunt
572 2555 630 2582 haec
654 2557 757 2584 verba:
778 2557 826 2583 καὶ
851 2556 904 2582 τῶν
922 2557 961 2583 oi-

173 2592 261 2622 κείων(
268 2595 368 2630 ἀποστε
373 2592 418 2630 ρού
423 2600 512 2630 μενος.

209 2630 266 2665 (50)
285 2629 352 2657 Cod.
372 2625 428 2665 0r;
441 2629 540 2665 habere
554 2625 660 2654 videtur
676 2628 879 2663 καινοποιήσας,
897 2627 958 2661 reﬁ-

174 2662 336 2701 riensﬁcod.
350 2665 380 2701 1)ζ
396 2663 427 2690 τὸ
434 2662 550 2701 σχῆμα..
618 2695 631 2701 _

220 2700 266 2732 51)
282 2700 348 2728 Cod.
367 2700 397 2725 P.
407 2696 576 2732 οιὶιιῖιζπλὴν
585 2696 632 2723 τοῦ
647 2696 807 2732 Γρηγορίου.

221 2700 251 2728 51
282 2700 348 2728 Cod.
367 2700 397 2725 P.
407 2700 490 2727 addit,
506 2700 576 2732 πλὴν
585 2700 632 2723 τοῦ
648 2700 807 2732 Γρηγορίου.

221 2700 266 2770 52)
278 2733 429 2770 Προσάγει
443 2732 617 2770 χειροτονία·
633 2733 718 2770 reddit
734 2733 836 2764 Billius,
852 2731 959 2770 electio-

175 2772 201 2799 ni
213 2767 348 2802 'atlinoret,
360 2767 430 2803 quod
440 2769 505 2794 nihil
514 2767 959 2803 ecclesiasticumsntiat55ic7pas-

175 2810 223 2834 sint
239 2814 288 2842 per
302 2801 470 2841 χειροτονίαν
487 2802 638 2842 electionem
658 2801 800 2842 intelligit;
822 2802 960 2842 Gombeﬁ-

175 2844 229 2869 sius
240 2837 320 2873 "vero,"
331 2837 410 2875 quem
429 2838 577 2872 sequimur,
604 2837 959 2873 munuum_[imposilionem,

176 2878 405 2906 consecratiuuem.
677 2888 679 2890 -

210 2912 266 2948 (55)
281 2911 346 2940 Cod.
363 2911 382 2938 Ρ
397 2932 404 2946 ,
418 2912 563 2948 λαοφόρον,

1051 2081 1100 2109 Hie
1113 2089 1178 2110 vero
1200 2087 1277 2117 pater
1290 2083 1405 2110 multum
1424 2082 1532 2118 quidem
1553 2083 1653 2118 diuque
1676 2092 1749 2116 eum,
1772 2090 1801 2112 ut

1016 2128 1122 2156 Sasima
1135 2133 1248 2162 teneret,
1266 2129 1430 2158 obsecravit.
1453 2130 1518 2158 Cum
1536 2135 1626 2158 autem
1642 2131 1713 2165 quod
1734 2138 1801 2166 pru-

1015 2175 1132 2209 ponebat
1146 2175 1256 2203 minime
1268 2177 1374 2212 assequi
1399 2180 1501 2211 posset.
1522 2177 1574 2204 hoc
1596 2177 1715 2204 secundo
1733 2177 1802 2213 egit,

1016 2226 1044 2247 ut
1060 2228 1108 2255 pro
1119 2228 1149 2248 se
1168 2221 1212 2248 ille
1234 2220 1362 2249 Ecclesiae
1378 2221 1556 2248 Nazianzenze
1572 2229 1664 2249 curam
1680 2221 1799 2249 admini-

1016 2266 1231 2301 strationemque
1259 2267 1420 2301 susciperet.
1449 2267 1491 2293 Ad
1515 2274 1629 2302 eamque
1657 2275 1724 2300 rem,
1747 2275 1801 2295 non

1050 2377 1106 2414 (51)
1121 2377 1253 2405 dor-sitat
1267 2376 1335 2414 Ῑοῖς
1352 2377 1498 2414 παροῦσι,
1509 2376 1566 2414 haec
1581 2378 1661 2404 verba
1673 2379 1798 2414 restitui-

1015 2420 1075 2454 [nos
1091 2412 1124 2440 ex
1146 2415 1206 2441 cod.
1227 2412 1303 2440 Colb.
1320 2412 1338 2439 2
1352 2420 1411 2447 (ινιτ
1427 2413 1542 2440 reddidit
1559 2413 1586 2439 in
1609 2413 1734 2441 versione
1754 2421 1804 2442 sua

1015 2447 1200 2519 Β¹ί¹ἐ¹ὲῗίοοιιλ
1225 2483 1256 2517 ι,
1278 2489 1306 2511 et
1328 2483 1389 2512 cod.
1408 2481 1455 2510 0r.
1474 2482 1556 2509 Ταῦτ’
1576 2482 1650 2512 ίδὼν.
1668 2483 1804 2519 Comber,

1008 2519 1085 2546 ταῦτ’
1100 2518 1146 2547 οὖν
1162 2519 1233 2546 ἰδών.

1046 2555 1102 2582 (56γ
1119 2555 1195 2583 Colb.
1221 2555 1248 2586 1,
1277 2554 1308 2581 τὸ
1338 2551 1478 2584 δυσανθές.
1503 2552 1570 2580 Cod.
1597 2553 1657 2586 0r.,
1684 2553 1714 2580 τὸ
1742 2553 1804 2580 δυσ-

1010 2590 1102 2627 αχθές.

1046 2626 1103 2660 (57)
1116 2625 1193 2653 Colb.
1212 2625 1251 2657 P.,
1272 2623 1431 2660 φιλοσοφίαν
1450 2623 1504 2660 τῷν
1519 2623 1632 2660 καιρῶν]

1046 2658 1102 2697 (58)
1113 2661 1188 2688 Colb.
1204 2661 1215 2688 1
1231 2666 1257 2688 et
1272 2658 1300 2693 Ξ,
1315 2658 1431 2694 Λέγεται
1445 2658 1521 2693 γοῦν.
1533 2658 1599 2685 Cod.
1612 2658 1672 2691 0r.,
1687 2658 1803 2692 Λέγεται

1012 2696 1034 2723 δ’
1047 2695 1103 2725 οὖν,

1049 2733 1106 2767 (59)
1117 2731 1298 2769 εξεηθοᾳηοις.
1312 2731 1338 2757 in
1355 2729 1420 2756 edit.
1434 2727 1643 2769 χειρονοτονςαν.

1050 2762 1104 2803 (60)
1125 2767 1200 2794 Colb.
1212 2767 1229 2792 2
1243 2767 1323 2793 habet
1337 2762 1502 2792 tantum”.th
1520 2763 1642 2800 συνήθων
1654 2764 1709 2796 τοῖς
1721 2762 1802 2793 Σαςί-

1016 2811 1106 2874 El0:31)
1120 2837 1203 2864 Codd.
1217 2836 1265 2874 0;.
1285 2841 1312 2864 et
1323 2836 1353 2874 ι),
1367 2835 1398 2862 τδ
1408 2834 1536 2874 egeam.

1051 2869 1106 2907 (62)
1125 2873 1224 2900 Αὐτόν
1239 2873 1314 2899 deest
1325 2871 1352 2898 in
1367 2869 1426 2907 eod.
1441 2869 1488 2897 Or.

1054 2903 1108 2946 (65)
1126 2908 1310 2944 Ἐκκλησιάς
1325 2907 1399 2935 deest
1417 2906 1443 2933 in
1461 2905 1522 2935 cod.
1534 2903 1583 2934 0r.
