2055 3130
258 183 316 211 ’271

810 178 891 207 ἯΤᾹ
912 178 942 206 S.
961 177 1127 206 GBEGORII
1144 176 1320 205 THEOLOGI

1833 177 1886 205 273

266 237 476 266 admonitionem
503 241 607 264 tantum
624 240 652 263 et
672 236 886 264 cobortalionem
909 236 1046 269 ,κω-εδει,

1101 234 1148 261 καὶ
1164 235 1233 269 ἀράν
1245 244 1306 262 τινα
1323 236 1492 271 προσμιγνὺς
1506 235 1538 262 ἐκ
1555 234 1740 271 πρεσϐυτικῆς
1759 235 1886 270 ὁρμωμέ-

266 284 313 311 sed
323 283 378 318 jam
390 283 472 310 etiam
484 281 704 317 imprecationem
716 282 859 317 quamdam
871 282 1049 316 admiscebat,

265 337 298 357 ex
314 328 461 357 senectutis
477 332 632 362 contemptu
648 327 878 362 prolicisceutem.
896 327 945 355 Hie
958 331 1048 355 autem

265 373 345 401 simul
359 373 467 407 quidem
483 377 510 399 et
523 372 607 398 vitam
626 371 706 398 nullis
720 372 946 406 occupationibus
961 372 1050 399 inter-

265 418 390 453 pellatam
411 418 462 445 sibi
482 424 643 452 procurans.
667 421 696 444 et
718 418 807 452 magni
833 419 962 445 momenti
991 425 1048 445 rem

262 471 324 492 esse
339 470 454 491 censens
473 470 575 490 morem
592 462 660 498 patri
682 469 786 498 gerere,
815 463 858 491 his
879 463 969 491 verbis
983 471 1045 491 eutn

263 509 411 543 alloquitur
426 515 434 534 ι
453 517 463 535 ‹
474 507 566 540 Pater,
583 508 690 536 tametsi
707 508 772 535 mihi
786 509 899 536 molesta
915 514 976 536 sunt
987 517 1047 543 qua:

263 556 392 588 imperas,
402 554 428 581 in
438 554 552 589 gratiam
565 558 655 582 tamen
669 554 705 581 tui
719 553 927 589 haudquaquam
940 563 1045 582 recuso.

263 599 391 626 Nazianzi
410 605 503 626 curam
519 598 647 633 suscipio.
663 598 718 625 lloc
740 602 829 625 tamen
847 598 928 625 velim
954 603 1046 626 sancta

265 652 309 673 tua
334 645 592 679 religiosissimaque
619 644 761 678 prudentia
786 649 942 679 cognoscat,
968 644 1040 670 nulla

263 691 371 718 ratione
379 690 440 717 ﬁeri
459 696 549 724 posse,
566 693 596 715 ut
612 693 637 715 te
651 695 684 715 ex
699 688 749 714 hac
765 687 818 714 vita
837 687 978 714 subtracto
994 687 1044 713 Ec-

263 735 372 763 clesiam
386 735 529 762 retineam.
544 742 555 760 ι
573 732 744 760 Ριτεινειιίρηε
761 732 843 767 igitur
856 737 933 766 pater
950 742 957 760 :
977 741 987 759 ι
1008 731 1046 760 lta

263 787 340 813 sane,
356 780 454 814 inquit,
467 787 484 806 o
496 779 544 811 (ili,
565 778 630 805 mihi
646 778 746 805 virenti
761 778 889 813 scipiouis
907 778 965 806 vice
977 784 1046 812 esto,

1099 288 1149 315 νην
1168 279 1323 315 ὀλιγωρίας.
1348 281 1378 306 '0
1404 282 1442 313 δὲ,
1469 280 1500 307 τό
1525 289 1555 307 τε
1576 280 1780 315 ἀπερίσπαστον
1799 280 1886 314 ἑαυτῷ

1098 325 1292 361 διοικούμενος,
1302 327 1349 353 καὶ
1364 326 1403 362 τῷ
1416 327 1499 362 πατρὶ
1510 326 1669 362 πειθαρχεῖν
1682 325 1753 361 μέγα
1775 325 1886 361 κρίνων.

1100 371 1166 406 φησι
1187 371 1255 407 πρὸς
1266 372 1356 399 αὐτόν·
1373 381 1383 399 ι
1401 371 1436 399 Ὠ
1452 372 1552 408 πάτερ,
1573 371 1626 398 κᾶν
1645 372 1686 399 ὅτι
1701 371 1820 407 δυσχερῆ
1841 379 1886 406 μοι

1098 418 1132 444 τὰ
1148 417 1380 453 προσταττόμενα,
1402 419 1475 453 ὅμως
1495 418 1521 445 δὲ
1533 418 1581 454 σὴν
1597 418 1677 454 χάριν
1692 418 1741 445 οὐκ
1754 417 1885 444 ἀνανεὺω.

1099 463 1216 498 Δέχομαι
1224 463 1272 500 τὴν
1283 464 1410 499 φροντίδα
1419 463 1582 496 Ναζιανζοῦ.
1595 463 1754 490 Γινωσκέτω
1767 463 1796 490 δέ
1810 471 1858 489 σου
1869 463 1885 497 ή

1101 509 1161 544 ἱερὰ
1179 510 1227 535 καὶ
1240 509 1364 545 θεοφιλὴς
1376 509 1493 541 σύνεσις,
1503 510 1540 541 ὡς
1551 510 1600 544 οὺχ
1611 506 1666 536 οἷόν
1680 509 1710 535 τέ
1725 517 1768 544 με,
1785 507 1832 534 σοῦ
1839 506 1886 534 τοῦ

1100 555 1163 590 τῇδε
1173 554 1230 589 βίου
1239 555 1435 591 χωριζομένου.
1449 556 1499 591 τῆς
1513 555 1675 591 Ἑκκλησίας
1690 554 1857 589 ἀντέχεσθαι.
1874 563 1884 579 ι

1105 600 1281 635 Ὑποφθάσας
1302 599 1349 628 οὖν
1361 602 1376 628 ὁ
1392 601 1493 637 πατὴρ.
1507 610 1517 627 ι
1541 601 1617 636 Ἐμοὶ
1629 601 1689 637 μὲν,
1703 601 1766 636 ἔφη,
1783 596 1806 626 ὦ
1827 599 1885 629 παῖ.

1099 642 1180 677 ζῶντι
1193 646 1328 683 βακτηρία
1341 647 1433 682 γενοῦ,
1446 648 1475 674 τὸ
1494 648 1584 683 γῆρας
1606 647 1808 682 ὑποστηρίζων,
1839 645 1887 672 καὶ

1099 694 1158 724 ταῖς
1172 695 1317 730 πατρικαῖς
1336 694 1429 729 εὐχαῖς
1446 694 1646 729 στηριζόμενος.
1673 693 1888 729 Τελευτήσαντος

1099 738 1137 769 δὲ,
1171 738 1209 770 ὼς
1229 739 1263 766 ἂν
1330 747 1371 767 σοι
1394 740 1481 775 φίλον,
1506 740 1642 766 ὂιατίθεσο
1666 739 1722 775 (64)
1747 739 1782 766 τὰ
1800 739 1888 775 πράγ-

1102 790 1186 817 ματα.
1208 792 1218 810 ι

263 831 431 854 senectutem
446 832 534 852 meam
549 824 716 857 sullulcicus,
731 825 906 859 paternisque
940 826 1066 860 precibus
1086 829 1205 857 vicissim
1239 831 1333 858 fultus.
1358 831 1424 858 Cum
1448 837 1537 859 autent
1554 839 1570 860 ε
1589 832 1643 859 vita
1664 838 1817 863 excessero.
1838 838 1887 866 pro

263 873 346 900 animi
361 873 493 900 arbitratu
507 879 550 899 res
566 877 626 899 tuas
643 872 789 899 constitue.
807 881 818 898 ι

297 930 346 958 llis
359 930 468 962 auditis,
483 928 609 957 assiduus
624 928 676 964 ipsi
700 929 852 957 adluerehat
862 949 870 962 ,
891 930 1045 965 prmelaris-

1131 932 1239 959 Τούτων
1261 932 1389 964 ἀκούσας,
1415 931 1566 968 προσέμενε
1578 930 1740 966 γηροκομῶν
1751 930 1807 967 (65)
1821 930 1884 966 ἄρι-

262 978 331 1005 sime
346 985 445 1005 curans
459 981 514 1004 tum
533 976 618 1011 ipsius
635 976 761 1003 canitiem
773 995 781 1008 ,
801 976 857 1011 jam
875 976 907 1003 ad
928 978 1045 1005 centesi-

263 1032 336 1051 mum
357 1031 457 1051 annum
478 1022 642 1053 accedentis,
666 1027 721 1050 tum
745 1022 839 1049 matris
863 1028 1046 1058 senectutem,

262 1077 316 1096 non
327 1069 439 1096 multum
454 1068 488 1096 ab
499 1075 530 1095 ea
546 1072 626 1095 :etale
638 1067 784 1100 distantis;
798 1075 911 1102 quorum
923 1073 1046 1104 uterque,

262 1122 292 1145 ut
314 1117 456 1153 probabile
474 1121 526 1150 est,
543 1123 639 1152 magna
659 1123 725 1143 cura
747 1121 774 1142 et
797 1123 812 1142 τι
838 1115 931 1143 labore
955 1117 1048 1152 requie

261 1171 331 1199 opus
345 1164 470 1196 habebat,
492 1163 643 1198 praesertim
658 1162 714 1198 jam
734 1162 863 1190 defuncto
883 1163 1008 1194 Ctesario.
1020 1167 1048 1190 et

262 1210 399 1246 Gnrgouia
412 1216 506 1238 sorore
520 1209 690 1237 sanctissima
706 1209 818 1242 lemina,
828 1213 909 1244 atque
917 1209 1047 1236 ambobus

262 1257 295 1283 ad
312 1257 395 1282 vitam
410 1255 478 1283 senii
497 1260 635 1289 expertem
654 1259 839 1290 aeternamque
855 1255 1046 1283 beatitudinem

262 1300 414 1333 translatis,
427 1308 496 1336 quos
511 1301 594 1328 etiam
609 1300 768 1329 funebribus
784 1301 953 1330 orationibus
967 1303 1048 1329 deco-

262 1345 343 1377 ravit,
357 1345 431 1373 solus
443 1345 553 1373 relictus
567 1346 716 1373 senectutis
728 1345 867 1377 solatium,
877 1345 1048 1372 iulirmitalis

263 1391 410 1423 medicina,
430 1391 534 1425 piorum
563 1395 718 1424 parentum,
745 1391 767 1418 si
792 1391 828 1417 ita
849 1391 920 1427 loqui
939 1391 978 1418 l'as
993 1395 1046 1424 est,

265 1437 360 1465 melior
375 1436 521 1469 successio,
540 1435 701 1470 abundeque
715 1436 803 1470 ampla
825 1436 974 1471 majoribus
990 1435 1047 1463 suis

264 1482 348 1517 gloria
364 1482 397 1510 ad
411 1481 612 1517 propagandam
627 1489 721 1509 eorum
742 1483 915 1514 memoriam,
941 1487 968 1510 et
985 1490 1046 1509 cum

264 1528 338 1556 orbis
360 1527 488 1555 incolumi
510 1532 582 1556 statu
602 1528 803 1564 porrigendam.
833 1528 932 1564 Ecquis
957 1532 1047 1555 autem

264 1573 359 1607 maiori
381 1572 491 1607 pietatis
512 1573 592 1601 laude
611 1573 767 1601 domesticis
790 1573 913 1608 prmfuit,
935 1573 1046 1601 scientia

1100 986 1160 1005 στα·
1183 978 1264 1005 αὐτόν
1285 987 1315 1005 τε
1338 979 1390 1014 ἤδη
1409 979 1506 1005 ἑκατὸν
1527 978 1599 1004 ἔτεσι
1623 977 1820 1012 πλησιάσαντα,
1839 977 1886 1003 καὶ

1098 1024 1147 1059 τὴν
1161 1024 1265 1060 μητέρα
1276 1024 1378 1051 τούτων
1396 1024 1482 1060 βραχὺ
1497 1031 1523 1049 τι
1537 1023 1712 1054 ἀποδέουσαν,
1729 1021 1837 1057 πολλῆς,
1849 1020 1886 1052 ὡς

1099 1069 1182 1102 είκδς,
1210 1069 1359 1105 θεραπείας
1380 1070 1427 1096 καὶ
1455 1068 1634 1099 ἀναπαύσεως
1655 1068 1814 1103 χρῄζοντας,
1839 1066 1887 1093 καὶ

1099 1115 1217 1150 μάλιστα
1233 1115 1282 1151 ἢδη
1310 1115 1461 1150 Καισαρίου
1481 1115 1526 1141 τὸν
1545 1114 1600 1150 βίον
1617 1112 1805 1149 μετειληχότος
1819 1111 1886 1148 (66),

1099 1162 1145 1189 καὶ
1167 1162 1313 1198 Γοργονίας
1338 1163 1385 1198 τῆς
1401 1162 1553 1196 δσιωτάτης
1577 1161 1606 1187 ὲν
1622 1159 1743 1194 γυναιξὶν
1759 1159 1885 1193 ἀδελφῆς,

1098 1208 1261 1244 ἀμφοτέρων
1277 1207 1479 1243 μετατεθέντων
1493 1207 1561 1243 πρὸς
1574 1207 1623 1242 τὴν
1637 1206 1734 1241 ἀγήρω
1755 1204 1827 1240 ζωὴν
1841 1204 1889 1231 καὶ

1099 1255 1214 1290 ἄληκτον
1228 1255 1410 1290 εὐδαιμονίαν,
1425 1253 1473 1286 οὓς
1493 1253 1539 1280 καὶ
1556 1252 1645 1286 λόγοις
1663 1250 1816 1286 ἐπιταφίοις
1832 1249 1889 1276 έτί-

1100 1309 1180 1336 μησε,
1211 1301 1290 1336 μόνος
1313 1299 1486 1334 ἀπολειφθεὶς
1514 1298 1569 1334 (67)
1598 1299 1690 1334 γήρως
1715 1295 1885 1333 παραμυθία.

1098 1345 1239 1378 ἀσθενείας
1266 1346 1382 1381 ἰατρεία,
1400 1346 1501 1379 γονέων
1520 1343 1648 1375 εὐσεδῶν,
1667 1342 1692 1368 εί
1708 1341 1745 1377 μὴ
1761 1340 1831 1376 μέγα
1850 1339 1887 1366 εί-

1098 1394 1170 1425 πεῖν,
1191 1392 1310 1428 ἀμείνων
1324 1391 1443 1426 διαδοχὴ,
1460 1391 1507 1417 καὶ
1525 1388 1649 1425 ἀρκοῦσα
1662 1389 1719 1419 τοῖς
1742 1385 1885 1422 προγόνοις

1099 1439 1220 1470 εὔκλεια,
1237 1438 1307 1465 ὥστε
1319 1437 1409 1465 αὐτῶν
1417 1436 1563 1472 δολιχεύειν
1573 1434 1627 1470 (68)
1641 1433 1690 1470 τὴν
1708 1434 1828 1469 μνήμην,
1840 1431 1887 1458 καὶ

1097 1486 1131 1520 τῇ
1149 1484 1276 1511 συστάσει
1289 1483 1336 1510 τοῦ
1357 1482 1458 1511 κόσμου
1470 1477 1824 1517 συμπαρεκτείνεσθαι(69).
1839 1476 1887 1508 Τίς

1100 1531 1149 1566 μὲν
1169 1528 1215 1557 οὖν
1230 1529 1437 1564 θεοσεϐέστερον
1461 1527 1569 1554 οίκείων
1589 1526 1726 1562 προέστη,
1748 1522 1886 1558 ἐπιστήμῃ

1098 1575 1257 1612 οἰκονομῶν,
1275 1576 1322 1602 καὶ
1347 1573 1470 1609 φιλοοεῖᾳ
1492 1573 1538 1599 τὸν
1559 1569 1633 1599 οἷκον
1647 1570 1713 1606 (70),
1729 1569 1823 1604 ὥσπερ
1845 1575 1887 1598 τις

263 1625 291 1647 et
307 1619 408 1654 pietate
436 1619 544 1646 domum
567 1618 724 1651 moderans,
745 1619 820 1646 velut
837 1619 955 1653 optimus
975 1619 1046 1653 quis-

1098 1623 1208 1658 ἀριστος
1220 1620 1370 1656 οἰκονόμος,
1381 1619 1488 1654 ἑκάστῳ
1503 1618 1593 1653 νέμων
1609 1616 1644 1643 τὰ
1656 1616 1808 1651 πρόσφορα,
1823 1621 1888 1647 συγ-

262 1665 334 1700 piam
346 1669 518 1699 procurator,
531 1672 589 1699 qua:
601 1664 698 1699 cuique
709 1664 849 1691 commoda
860 1669 947 1695 erant,
955 1665 1049 1692 distri-

264 1711 360 1742 buens,
372 1710 503 1745 cognatis,
521 1710 628 1742 amicis,
644 1709 762 1741 famulis,
780 1710 931 1744 hospitibus
947 1718 954 1736 :
968 1714 1049 1744 atque

265 1757 302 1784 ita
319 1764 414 1784 rursus
432 1755 560 1784 Ecclesia:
578 1756 686 1791 negotia
708 1756 912 1788 administrans,
936 1760 965 1783 ut
989 1757 1048 1791 ejus

264 1802 390 1836 pascendi
407 1803 497 1837 gregis
514 1802 583 1829 ratio
604 1802 732 1830 omnibus
749 1801 823 1829 velut
844 1807 917 1829 recta
931 1803 1047 1830 amussis

264 1847 403 1882 proposita
421 1847 512 1874 esset?
528 1847 676 1875 Commode
700 1852 789 1874 autem
815 1854 830 1874 a
848 1847 931 1874 l’aulo
947 1848 1046 1874 dictum

262 1897 303 1918 est
328 1902 334 1918 :
359 1891 388 1918 Si
412 1892 470 1925 quis
499 1893 647 1919 domesticis
662 1900 773 1926 prmus
795 1892 891 1925 nescit,
919 1892 1047 1926 quomodo

264 1935 389 1963 Ecclesia!
405 1937 452 1964 Dei
473 1945 563 1964 curam
589 1938 692 1964 habebit
703 1937 746 1964 "‘l
761 1937 865 1965 Etenim
889 1938 933 1973 qui
965 1946 1046 1965 unum

263 1983 410 2016 prudenter
433 1984 545 2017 rexerit,
573 1983 618 2010 ltic
641 1984 732 2019 utique
761 1989 789 2011 et
804 1984 912 2012 domum
935 1992 1047 2012 servare

262 2034 344 2063 queat
359 2038 365 2055 :
383 2028 429 2063 qui
445 2034 534 2056 autem
547 2029 669 2061 domum,
688 2030 757 2057 idem
777 2035 805 2057 et
823 2029 970 2057 Ecclesium
982 2037 989 2056 :
1001 2030 1047 2064 qui

263 2081 360 2102 rursus
375 2074 536 2103 Ecclesiam.
553 2075 576 2101 is
591 2079 619 2102 et
634 2075 783 2103 civitatem.
806 2075 874 2102 Nam
897 2081 925 2103 et
941 2076 1046 2108 domus,

262 2123 402 2146 contracta
417 2119 542 2153 quaedam
564 2119 715 2154 respublica
729 2125 792 2148 est:
810 2125 837 2148 et
859 2121 966 2154 civitas,
986 2128 1047 2156 per-

263 2164 367 2192 fectior-
383 2166 505 2200 quaedam
532 2166 629 2194 domus
647 2167 802 2202 descriptio.
827 2167 952 2202 Ejusdem
973 2168 1045 2195 enim

262 2211 382 2239 scientia:
399 2217 452 2245 est,
471 2216 498 2239 et
518 2212 628 2245 multos,
647 2217 675 2241 et
689 2220 808 2248 paucos,
828 2218 874 2241 aut
886 2221 967 2240 unum
987 2221 1045 2240 ser-

262 2263 327 2284 vare
341 2265 348 2284 :
363 2265 413 2284 nec
428 2258 453 2284 iu
470 2262 555 2285 totum
568 2263 596 2286 et
608 2259 782 2291 universum.
803 2259 850 2286 sed
865 2259 922 2286 sola
939 2259 1046 2294 quanti-

263 2301 325 2328 tatis
341 2302 444 2330 ratione
461 2303 612 2338 hujusmodi
629 2311 672 2331 res
685 2304 756 2332 inter
767 2311 797 2332 se
811 2304 949 2332 diﬂ‘erunt.

295 2347 439 2376 Enimvero
463 2356 525 2376 cum
549 2348 695 2386 Gregorius
718 2356 795 2386 pater
817 2351 871 2386 (sic
895 2350 968 2379 enim
992 2350 1050 2386 ipse

295 2446 318 2462 "
338 2446 348 2474 1
364 2445 436 2474 Tim.
450 2455 492 2481 tu,
508 2447 536 2476 5.

294 2543 351 2580 (σι)
365 2543 449 2580 (Eadd.
467 2543 514 2572 0r.
529 2542 559 2572 P.
573 2548 601 2570 et
619 2543 695 2580 CQIb.
707 2544 735 2576 1.
745 2544 869 2572 διατίθει.

306 2579 350 2615 65)
367 2579 489 2616 gombel‘.
501 2577 682 2616 γηρωκομῷν.

296 2613 349 2650 [66)
365 2614 432 2641 Cod.
445 2615 490 2642 ον.
563 2619 591 2641 et
604 2613 685 2650 βου).
707 2613 734 2646 1.
753 2614 968 2650 μετηλλαχότος,
984 2622 1043 2641 cum

257 2648 396 2682 defunctus
417 2650 496 2683 fuerit
510 2648 653 2680 Cmarius,
666 2649 708 2676 vel
724 2648 803 2677 vitam
816 2648 964 2677 inuitauerit.

293 2685 349 2720 (οἵ)
362 2684 400 2711 lta
413 2686 490 2720 codd.
502 2685 548 2713 0r.
563 2689 590 2711 et
600 2684 648 2717 9.;
664 2684 689 2710 in
700 2685 764 2713 edit.
778 2683 954 2720 ἀποληφθείς.

293 2719 350 2754 (68)
365 2719 432 2747 Cod.
450 2719 480 2747 P.
499 2721 526 2748 in
540 2723 596 2748 not.
607 2726 692 2754 marg.
709 2719 862 2754 xuxiet’aztv,
875 2719 920 2747 διὰ
937 2719 1041 2756 μακρόι

258 2753 304 2780 θεν
315 2755 449 2780 γυοεύειν.

273 2761 304 2780 εν
315 2762 449 2782 γυρευειν.

294 2762 304 2780 ν
315 2762 449 2790 γυρευειν.

359 2790 425 2828 god.
483 2792 761 2828 συμπαρατείνεσθαι.

294 2823 351 2859 (70)
365 2825 429 2851 Cod.
444 2826 490 2852 0r.
509 2823 562 2853 τῶν
575 2823 668 2855 οἴκων.

295 2859 351 2898 (71)
367 2859 433 2898 god.
447 2860 486 2898 _P.
509 2864 716 2898 προσεικόντως,
736 2867 765 2890 et
783 2862 810 2890 in
824 2866 880 2892 not.
901 2867 988 2898 mari-
999 2859 1046 2896 ἐφ’

260 2893 358 2929 ὁμοίως
373 2894 390 2927 ἢ
402 2895 516 2929 πρέπον.

1098 1667 1198 1702 γενέσι,
1212 1667 1309 1701 φίλοις,
1326 1666 1456 1696 οίκέταις,
1471 1663 1567 1697 ξένοις·
1595 1662 1628 1689 τὰ
1652 1661 1680 1688 δὲ
1696 1661 1746 1696 τῆς
1774 1659 1887 1694 Ἐκκλη-

1099 1713 1160 1745 σίας
1172 1712 1268 1744 οὕτως,
1284 1713 1322 1744 ὡς
1338 1712 1438 1738 κανόνα
1453 1707 1723 1746 προκεῖσθαιδίκαιον
1740 1706 1824 1734 ἆπασι
1838 1704 1886 1739 τὴν

1098 1756 1203 1783 ἐκείνου
1227 1755 1424 1791 ποιμαντικὴνς
1441 1753 1637 1789 Προσηκόντως
1653 1751 1710 1787 (71)
1733 1751 1761 1778 δὲ
1780 1751 1886 1785 εἴρηται

1097 1801 1136 1838 τῷ
1149 1801 1214 1838 θείῳ
1231 1801 1339 1836 Παύλῳ·
1353 1801 1388 1828 ει
1403 1800 1437 1827 δέ
1454 1808 1500 1833 τις
1514 1799 1573 1826 τῶν
1591 1798 1708 1826 οἰκείων
1732 1797 1788 1831 (7‘2)
1813 1804 1886 1830 προ-

1098 1847 1209 1882 στῆναι
1220 1848 1276 1874 οὐκ
1290 1845 1363 1881 οἶδε,
1380 1845 1443 1879 πῶς
1462 1845 1646 1878 Ἐκκλησίας
1659 1843 1733 1871 Θεοῦ
1747 1841 1887 1876 ἐπιμελή-

1097 1901 1200 1924 aetat;
1213 1892 1241 1919 '0
1247 1892 1302 1927 γὰρ
1309 1892 1356 1918 ἕνα
1367 1891 1423 1927 (75)
1436 1890 1647 1925 παιδαγωγήσας
1662 1889 1731 1924 μετὰ
1742 1887 1885 1918 συνέσεως,

1097 1935 1174 1970 οὗτος
1196 1937 1281 1972 δήπου
1305 1936 1352 1963 καὶ
1367 1934 1440 1962 οἷκον
1454 1935 1565 1962 σώσειεν
1587 1934 1652 1970 (74)·
1668 1936 1682 1961 ό
1698 1934 1725 1960 δὲ
1738 1931 1822 1964 οἷκον,
1839 1933 1886 1959 καὶ

1103 1984 1273 2019 Ἐκκλησίαν·
1288 1984 1302 2009 ὁ
1315 1982 1344 2008 δὲ
1357 1981 1529 2018 Ἐκκλησίαν,
1541 1981 1586 2008 καὶ
1600 1981 1684 2008 πόλιν.
1698 1978 1778 2011 Οἴκός
1786 1987 1816 2006 τε
1831 1979 1885 2014 γάρ

1097 2031 1156 2057 ἐστι
1175 2029 1297 2057 πολιτεία
1314 2027 1525 2063 συνεσταλμένη’
1550 2028 1597 2054 καὶ
1611 2027 1687 2058 πόλις
1703 2026 1737 2053 ἂν
1752 2025 1794 2061 εἴη
1810 2024 1885 2052 οἴκου

1096 2074 1248 2111 τελεωτέρα
1262 2074 1319 2110 (75)
1331 2073 1499 2110 περιγραφή.
1515 2073 1571 2108 Τῆς
1585 2072 1613 2099 δὲ
1630 2071 1714 2107 αὐτῆς
1731 2070 1884 2105 ἐπιστήμης

1097 2119 1211 2152 πολλούς
1230 2128 1261 2146 τι
1286 2119 1383 2151 σώζειν
1405 2120 1452 2146 καὶ
1470 2118 1587 2154 ὀλίγους,
1611 2118 1628 2153 ἢ
1657 2117 1715 2148 ἕνα.
1733 2116 1781 2143 καὶ
1797 2115 1827 2142 οὐ
1845 2115 1884 2150 τῷ

1097 2166 1150 2201 ὅλῳ
1169 2167 1216 2193 καὶ
1230 2167 1321 2199 παντὶ,
1335 2165 1402 2193 ἀλλὰ
1419 2165 1457 2202 τῷ
1474 2165 1550 2200 ποσῷ
1564 2164 1636 2200 μόνῳ
1652 2163 1707 2200 (76)
1721 2161 1842 2197 διαφέρει
1850 2160 1884 2188 τὰ

1096 2221 1217 2240 τοιαυτα.

1133 2351 1186 2377 Τοῦ
1202 2350 1230 2377 δὲ
1247 2352 1346 2386 πατρδς
1360 2349 1434 2385 αὐτῷ
1459 2348 1517 2385 (77)
1539 2358 1549 2374 ι
1561 2348 1689 2384 ρηγορίου
1717 2346 1814 2378 (οὕτως
1829 2346 1882 2380 -ὰρ

1132 2543 1190 2578 (72)
1203 2543 1271 2571 Cod.
1285 2543 1402 2579 Orﬁdii:
1417 2545 1500 2578 ἰδίων,
1512 2545 1629 2579 privatas
1642 2551 1691 2571 res.
1717 2543 1783 2572 Cod.
1807 2543 1840 2573 P.
1857 2545 1883 2571 εἰ

1094 2578 1123 2605 δέ
1134 2587 1170 2608 τι,
1181 2577 1230 2605 τὸν
1241 2579 1306 2606 ἴδιον
1317 2577 1401 2607 οἷκον.

1144 2613 1188 2649 73)
1204 2614 1268 2649 Cod.
1284 2614 1331 2641 υτ.
1350 2614 1379 2641 ’0
1390 2615 1419 2642 δὲ
1429 2615 1488 2649 ἱνα.

1142 2648 1185 2683 74)
1200 2648 1338 2676 Σὼσειεν’
1357 2651 1373 2676 ὀ
1398 2649 1433 2676 δὲ
1453 2648 1538 2677 οἶκον
1556 2649 1605 2677 καὶ
1625 2649 1803 2683 ἐκκλησίαν·
1820 2650 1838 2677 ό
1848 2648 1882 2676 δὲ

1094 2685 1264 2718 ἐκκλησίαν
1286 2684 1335 2711 καὶ
1350 2685 1451 2712 πόλιν.
1478 2684 1541 2713 Hice
1565 2686 1717 2712 reddiderat
1741 2684 1843 2714 Billius.
1855 2691 1882 2711 et

1095 2719 1265 2746 restitui-nus
1282 2727 1315 2746 ex
1341 2728 1476 2748 consensu
1501 2721 1674 2756 antiquorum
1691 2720 1757 2748 edit.
1775 2723 1805 2748 et
1822 2726 1882 2747 om-

1094 2755 1173 2782 nium
1190 2755 1269 2781 codd.
1286 2762 1408 2782 manusc.

1119 2762 1173 2781 lllm
1190 2762 1269 2781 COtld.
1286 2762 1408 2782 ntanusc.

1131 2789 1189 2826 (75)
1201 2788 1267 2826 βοά.
1324 2789 1489 2826 τελεωτέρα.

1131 2822 1188 2858 (76)
1204 2823 1232 2851 In
1254 2825 1320 2852 edit.
1340 2825 1430 2860 πόνῳ,
1446 2822 1498 2852 'sed
1519 2826 1580 2855 cod.
1608 2833 1702 2854 omnes
1722 2822 1814 2852 volunt
1834 2823 1883 2861 μό-

1095 2868 1188 2931 νῳ(τι)
1199 2893 1265 2922 Cod.
1281 2893 1328 2923 0r.
1344 2895 1423 2922 habet
1437 2894 1528 2923 αὐτοῦ.
