2055 3130
191 183 246 213 275

702 188 869 216 AUCTORE
887 187 1063 217 GREGORIO
1081 186 1320 215 PRESBYTERO.

1760 185 1815 214 ετι

192 243 239 268 καὶ
264 240 345 273 αὐτὸς
360 240 528 277 ὠνομάζετο)
544 241 590 269 τὸν
619 241 674 277 βίον
702 243 926 278 μεταλλάξαντος,
941 253 967 271 τι

1032 241 1193 276 vocabatur)
1205 248 1237 269 ex
1250 241 1301 269 hac
1311 240 1366 268 vita
1380 240 1535 275 migrasset,
1548 239 1670 268 funebris
1683 241 1814 269 orationis

192 286 283 321 μήσας
300 285 345 313 τὸν
357 287 465 322 ποτέρα
477 286 566 321 λόγοις
580 288 742 323 ἐπιταφίοις,
757 289 806 325 τήν
821 298 852 316 τε
868 290 978 326 θεοφιλῆ

193 332 298 368 μητέρα
322 332 426 360 Νόνναν
450 334 628 369 ὲγκωμιάσας
657 335 698 362 ἐτι
722 335 826 367 ζῶσανυ
856 337 919 363 ὅσιά
945 345 984 370 γε·

191 378 276 405 ποιῶν
301 378 348 405 καὶ
359 376 404 405 οἷσ-
418 378 491 410 εῐκδς
514 379 559 405 τὸν
574 379 742 416 φιλοπάτορά
752 389 783 407 τε
798 380 844 407 καὶ
861 381 976 418 φιλομή-

190 432 264 460 τορα.
281 424 329 451 καὶ
344 423 526 460 φιλόχριστον,
552 425 599 452 καὶ
614 426 877 462 ἀντιλαμϐανόμενος
893 427 978 463 αὐτῆς

190 470 218 496 ιν
235 469 332 505 χηρείᾳ.
348 470 394 496 καὶ
417 470 497 505 πολιᾷ
515 470 610 507 βαθείᾳ.
630 471 759 508 δεομένης
774 473 933 508 ἐπικουρίας
947 482 976 500 τε

190 515 236 541 καὶ
259 515 387 547 ἀνέσεως,
405 516 472 551 μετὰ
488 517 537 552 τὴν
553 517 637 552 αὐτῆς
651 518 778 553 τελευτὴν
792 518 842 553 τῆς
862 519 976 555 Ἐκκλη-

190 560 250 593 σίας
266 561 461 598 ὕπανεχὼρησε
473 570 479 576 ’
504 563 550 589 καὶ
564 563 724 590 καταλαϐὼν
741 564 791 599 τὴν
804 564 974 597 Σελεύκειαν,

189 607 228 643 τῷ
239 608 391 644 παρθενῶνι
403 609 452 644 τῆς
464 610 602 643 πανάγννω
617 608 721 645 Θέκλης
731 611 895 638 ἐνδιαιτᾶται
908 612 974 646 (78),

189 655 284 690 καιρὸν
314 654 432 686 ἐνδιδοὺς
459 655 515 690 (79)
545 655 693 682 ἐπίσκοπόν
718 664 779 682 τινα
808 657 975 692 καταστῆναι

188 700 352 732 Ναζιανζοῦ.
375 701 418 732 '0;
439 700 468 727 δὲ
485 700 658 736 ὑποστρέψας
682 702 711 727 ὲν
726 702 780 733 τοῖς
807 702 910 736 ὁμοίοις
929 699 977 737 ἦν,

189 747 258 782 μήτε
272 746 400 782 ποιμένος
414 747 622 782 προῦληθέντος,
641 747 687 774 καὶ
704 747 751 774 τοῦ
765 747 829 774 λαοῦ
845 747 914 784 μετὰ
927 748 975 776 δα-

187 791 278 827 κρύων
304 791 386 818 αὐτὸν
404 792 591 823 ἱκετευόντων,
617 793 648 818 οὐ
667 792 822 827 κάμπτεται
844 793 912 828 πρὸς
926 794 974 829 τὴν

186 837 304 872 αἴτησιν,
320 837 377 864 ἀλλ’
390 837 487 873 ἔμενεν
505 838 628 871 ἀκλινὴς,
646 839 695 874 οὐχ
705 836 787 874 ἦττον
806 839 822 875 ἢ
840 839 905 874 δρῦς
918 839 974 875 (80)

188 884 256 919 πρὸς
266 883 385 919 ἐμϐολὰς
399 884 506 920 ἀνέμων
522 885 676 916 ἀτίνακτος.

222 1019 256 1045 '0
272 1019 300 1046 δὲ
324 1015 358 1046 αὖ
391 1020 490 1056 μικροῦ
512 1020 567 1057 (81)
585 1021 743 1062 παρέδραμε
762 1021 818 1058 (82)
838 1022 888 1058 τὴν
902 1022 971 1058 ἐμὴν

185 1065 306 1100 μνήμην,
323 1065 449 1100 μέγιστον
474 1066 514 1099 ὃν,
542 1067 621 1094 τοῦτο
633 1068 697 1103 ὑμῖν
711 1068 884 1104 διηγήσομαι,
899 1069 972 1095 ἐκεί.

183 1117 221 1144 νῳ
233 1118 264 1144 γε
283 1111 323 1142 εἰς
333 1111 471 1146 εὐφημίαν
485 1112 534 1138 οὐκ
551 1111 661 1140 ἔλαττον
681 1113 697 1149 ἦ
714 1114 779 1148 ὑμῖν
796 1114 837 1146 είς
858 1115 970 1150 εὐεργεο

183 1155 255 1182 σίαν.
271 1156 328 1182 Πᾶν
341 1156 396 1192 γὰρ
417 1157 497 1184 καλὸν
511 1158 558 1184 καὶ
577 1158 696 1194 ζηλωτὸν
707 1160 793 1195 δήπου
804 1167 810 1175 ·
829 1160 859 1187 τὸ
874 1161 902 1188 δὲ
919 1160 970 1197 ζη-

181 1200 266 1228 λωτὸν
278 1202 325 1229 καὶ
340 1203 498 1238 ποριστικὸν
517 1204 619 1240 ἀρετῆς
629 1214 636 1221 ·
654 1206 670 1241 ή
687 1205 716 1232 δὲ
732 1206 800 1242 πρὸς
815 1206 881 1234 Θεὸν
892 1208 970 1243 φέρει

180 1248 244 1279 τοὺς
258 1248 416 1283 ἑπομένους.
437 1249 523 1286 Ὁρῶν
549 1251 564 1276 ὁ
581 1251 668 1286 μέγας
683 1252 821 1284 Βασίλειος
843 1253 906 1285 τοὺς
918 1254 970 1281 λωο

180 1292 327 1328 ὣυμένους
339 1294 394 1329 (83)
413 1295 544 1330 ἀδελφοὺς
559 1295 618 1323 λίαν
631 1297 680 1332 μὲν
695 1297 828 1330 ἐλεεινοὺς
839 1300 886 1326 καὶ
900 1308 968 1336 συμ-

180 1339 296 1371 παθείας
311 1340 414 1372 ἀξίους,
432 1341 532 1375 ἥκιστα
552 1341 608 1377 (84)
631 1342 659 1369 δὲ
673 1344 901 1379 οἰκτειρομένους,
922 1346 971 1373 καὶ

179 1384 217 1416 ὡς
235 1385 301 1419 ἄγος
313 1385 369 1420 (85)
385 1394 422 1417 τι,
438 1386 486 1413 καὶ
513 1387 631 1423 μίασμα,
646 1389 693 1415 καὶ
711 1389 895 1425 ἀποτρόπαιον
913 1393 970 1424 τοῖς

179 1429 287 1462 πολλοῖς
298 1431 376 1464 ὄντας
388 1432 422 1459 δι’
435 1433 570 1468 ἀμάθειαν
583 1434 629 1461 καὶ
644 1435 860 1470 μισανθρωπίαν,
870 1437 917 1463 καὶ
929 1437 970 1469 είς

178 1475 282 1504 ἔννοιαν
294 1477 345 1512 τῆς
360 1477 468 1512 φύσεως
485 1478 581 1510 ἐλθὼν,
600 1479 697 1516 βουλὴν
720 1482 877 1517 προτίθεται
889 1483 968 1510 εὐσε-

177 1521 223 1558 σῆκ
236 1523 284 1549 καὶ
296 1524 347 1560 τῆς
365 1525 470 1552 ἐκείνου
487 1526 662 1561 φιλαδελφίας
673 1527 759 1559 ἀξίαν.
781 1528 878 1562 Οἰκους
891 1538 968 1566 παμ-

178 1569 305 1627 plagast:
316 1571 542 1627 ἀναδειμάμενος,
562 1573 609 1600 καὶ
625 1574 772 1609 προσόδους
787 1575 897 1611 ἐτησίας
911 1577 967 1613 (86)
980 1597 1002 1627 c

175 1615 269 1649 τάξας,
284 1616 317 1648 ἃς
342 1617 374 1644 ὲκ
394 1618 447 1644 τῶν
467 1618 591 1653 εὐπόρων
611 1621 832 1657 περιεποιήσατο,
849 1622 965 1658 προτρέ-

173 1660 229 1696 ψας
241 1662 375 1695 συνέσεως
391 1663 481 1697 λόγοις
499 1665 568 1700 πρὸς
579 1665 629 1700 τὴν
642 1665 770 1699 ἐπίδοσιν,
789 1668 891 1700 πάντας
903 1669 964 1701 τοὺς

174 1708 299 1740 ἀσθενεῖς
311 1710 351 1741 είς
366 1710 465 1737 ταύτὸν
476 1710 597 1747 ἤθροισε,
618 1715 812 1749 φροντιστήρια
825 1714 910 1741 ταῦτα
919 1724 967 1742 κα-

174 1753 257 1786 λέσας
278 1755 403 1790 πτωχῶν.
427 1756 536 1784 Τούτων
548 1758 677 1793 συνεργὸς
703 1759 750 1786 καὶ
762 1761 965 1797 συναγωνιστὴς

175 1800 281 1836 ὑπῆρχε
293 1801 452 1837 Γρηγόριος,
476 1803 547 1830 καθὰ
567 1804 644 1839 δηλοῖ
663 1805 678 1831 ὁ
692 1805 756 1841 περὶ
780 1806 964 1842 φιλοπτωχίας

173 1845 262 1880 λόγος,
275 1847 342 1880 ὅσην
357 1848 423 1884 περ).
450 1847 480 1875 τὸ
500 1849 617 1884 πρᾶγμα
641 1850 761 1886 σπουδὴν
776 1851 908 1888 Βασιλειῳ
924 1853 964 1889 τῷ

174 1891 284 1928 μεγάλῳ
304 1893 528 1927 συγκατεϐἀλετο,
552 1895 684 1931 μεγίστην
705 1896 795 1930 δείξας
807 1898 862 1924 τῶν
887 1899 963 1926 ἐντο-

172 1937 227 1964 λῶν
241 1940 458 1975 πτωχοτροφίαν,
478 1941 526 1967 καὶ
542 1942 592 1976 τῆς
604 1942 651 1969 τοῦ
667 1941 735 1970 Θεοῦ
753 1944 962 1979 μεγαλειότητος

173 1983 220 2010 καὶ
233 1983 436 2020 φιλανθρωπίας
453 1985 543 2017 ἀξίαν.
565 1987 645 2014 Ἀλλὰ
657 1987 735 2015 τοῦτο
749 1989 799 2024 μὲν
815 1991 855 2022 εἰς
869 1991 963 2018 τοσοῦ-

172 2038 226 2061 τον,
240 2030 300 2058 ὅσον
312 2031 359 2058 τοῦ
375 2031 412 2067 μὴ
426 2031 498 2064 δόξαι
523 2032 734 2069 παραλελεῖφθαι
755 2036 880 2063 τοσοῦτον
893 2046 960 2065 κατ-

171 2075 295 2112 όρθωμα.

1031 298 1093 319 eum
1108 291 1210 317 honore
1223 288 1330 320 affecit,
1346 286 1455 322 Deoque
1470 287 1596 315 dilectam
1611 292 1725 315 matrem
1738 286 1813 315 Non-

1029 343 1090 363 nam
1110 335 1198 362 adhuc
1218 334 1354 362 viventem
1374 332 1499 360 laudibus
1516 337 1676 368 prosecutus
1688 337 1748 366 est;
1770 334 1814 367 pie

1028 384 1055 411 id
1073 383 1181 418 quidem
1197 381 1316 412 faciens,
1338 385 1419 415 atque
1435 385 1464 407 ut
1480 379 1616 407 hominem
1638 379 1769 412 decebat,
1785 385 1813 407 et

1027 430 1121 465 patris,
1136 433 1164 456 et
1179 427 1286 459 tnatris,
1302 431 1328 455 et
1345 426 1390 454 Dei
1406 430 1553 458 amantem,
1567 425 1705 460 ipsittsque
1719 433 1811 452 curam

1027 475 1204 509 amplectens,
1220 475 1246 500 in
1262 473 1392 500 viduitate
1404 477 1431 499 et
1446 471 1579 506 profunda
1596 471 1696 498 canitie
1706 478 1811 498 summa

1026 529 1077 556 ope
1090 525 1118 547 et
1133 521 1225 554 quieto
1241 526 1308 554 opus
1330 517 1467 546 habentis.
1492 516 1556 544 Post
1570 517 1646 551 cujus
1669 523 1810 543 excessum

1026 574 1058 593 cx
1074 565 1195 593 Ecclesia
1215 572 1244 593 se
1261 563 1415 599 proripuit,
1438 562 1643 596 Seleuciamque
1657 561 1810 596 profectus,

1026 614 1053 640 in
1065 611 1226 639 caSIissimze
1240 610 1354 645 virginis
1370 609 1477 637 Tltech
1500 608 1667 644 parthenone
1689 615 1811 635 commo-

1026 664 1102 686 ratus
1116 663 1158 686 est
1174 665 1181 684 :
1198 663 1227 685 ιιι
1250 657 1396 689 videlicet,
1412 657 1520 683 interim
1538 655 1602 682 dum
1616 655 1672 689 ipse
1686 653 1809 688 abesset,

1027 705 1169 739 episcopus
1179 703 1289 738 quidam
1305 703 1481 730 Nazianzenae
1497 701 1556 730 urbi
1570 700 1761 736 praeficeretur.
1775 699 1811 728 Ut

1026 755 1115 777 autem
1131 750 1296 778 Nazianzum
1313 756 1438 776 reversus
1454 752 1504 781 est,
1521 748 1614 775 eodem
1632 751 1701 774 statu
1719 747 1809 774 omnia

1027 797 1139 831 reperit,
1153 803 1204 823 nec
1217 801 1351 830 pastorem
1372 794 1454 821 ullum
1481 794 1631 821 institutum
1646 802 1652 820 :
1668 800 1700 820 ac
1714 800 1810 828 quam-

1027 843 1068 870 vis
1082 842 1158 877 plebs
1173 850 1233 869 cum
1248 841 1377 877 lacrymis
1394 841 1481 875 ipsum
1497 840 1671 872 obsecraret,
1682 838 1810 874 precibus

1026 893 1114 916 tamen
1133 888 1244 915 minitne
1257 886 1428 917 flectebatur,
1444 885 1490 913 sed
1507 885 1599 912 firmus
1613 889 1641 912 et
1663 884 1808 912 immobilis

985 923 1006 951 Β
1023 934 1160 966 manebat,
1177 942 1231 961 non
1245 941 1325 961 secus
1335 940 1367 959 ac
1379 938 1496 966 quercus
1510 938 1569 966 qua:
1580 929 1653 958 nullo
1666 935 1808 957 ventorum

1023 981 1123 1014 impetu
1139 980 1247 1008 concuti
1266 984 1364 1014 potest.

1060 1027 1135 1061 Quod
1150 1031 1239 1054 autem
1253 1025 1318 1053 mihi
1335 1032 1403 1059 pene
1417 1023 1547 1052 memoria
1560 1022 1673 1056 cﬂluxit,
1688 1023 1740 1050 hoc
1751 1022 1807 1056 iatn

1022 1072 1253 1105 commemorabo,
1261 1076 1354 1106 utpote
1364 1070 1510 1098 maximum
1521 1074 1683 1097 momentum
1692 1068 1806 1100 habens,

1022 1125 1078 1147 tant
1097 1120 1134 1147 illi
1151 1121 1184 1146 ad
1202 1119 1319 1152 laudem,
1333 1124 1414 1152 quam
1425 1116 1503 1144 vobis
1513 1116 1545 1143 ad
1558 1115 1712 1142 utilitatem.
1724 1114 1807 1148 Quid-

1021 1166 1090 1201 quid
1104 1166 1177 1193 enim
1196 1165 1338 1192 honestutn
1356 1168 1384 1190 et
1400 1162 1558 1198 prteclarutn
1576 1165 1635 1192 est,
1655 1161 1681 1188 id
1699 1168 1807 1196 quoque

1022 1213 1224 1240 aemulationem
1238 1211 1323 1247 gignit
1337 1220 1345 1239 :
1363 1212 1435 1246 quod
1451 1215 1541 1238 autem
1556 1208 1735 1237 aemulationis
1749 1213 1806 1236 stn-

1020 1260 1094 1287 dium
1114 1259 1211 1294 gignit,
1229 1259 1299 1285 idem
1312 1258 1395 1286 etiam
1409 1257 1442 1285 ad
1457 1256 1666 1291 comparandam
1680 1255 1805 1282 virtutem

1020 1306 1128 1334 confert
1141 1314 1148 1334 :
1162 1306 1250 1333 virtus
1265 1312 1346 1340 porro
1360 1304 1402 1332 sui
1417 1304 1554 1331 studiosos
1573 1303 1606 1329 ad
1622 1303 1705 1330 Deum
1721 1301 1804 1328 ducit.

1020 1352 1132 1387 Magnus
1156 1352 1246 1386 itaque
1266 1351 1383 1378 Basilius
1403 1350 1501 1378 fratres
1520 1349 1600 1384 lepra:
1617 1348 1662 1376 lue
1680 1347 1805 1378 inlectos,

1021 1398 1083 1426 licet
1104 1398 1247 1426 admodum
1271 1397 1442 1424 calamitosos
1457 1401 1485 1424 et.
1505 1395 1743 1423 commiseratione
1765 1393 1804 1420 di-

1019 1452 1087 1480 gnos
1098 1464 1106 1476 ,
1122 1444 1234 1471 minima
1251 1448 1340 1470 tamen
1357 1443 1530 1470 miseratione
1545 1442 1650 1469 animos
1664 1440 1804 1468 hominum

1018 1497 1196 1526 permovere,
1211 1491 1265 1518 imo
1281 1489 1362 1516 etiam
1376 1488 1524 1522 plerisque,
1540 1495 1592 1523 qua
1609 1491 1688 1515 erant
1701 1486 1804 1514 stolidi-

1020 1541 1076 1564 tate
1092 1542 1119 1564 et
1133 1536 1319 1568 immanitate,
1334 1535 1409 1563 velut
1426 1534 1502 1562 nefas
1517 1533 1651 1569 quoddam
1667 1537 1695 1561 et
1713 1534 1804 1567 piacu-

1019 1584 1086 1616 lum,
1099 1583 1317 1617 horrendumque
1328 1581 1511 1617 spectaculum
1522 1580 1613 1608 haberi
1626 1579 1803 1615 perspiciens,

1019 1635 1178 1664 naturaeque
1196 1629 1322 1656 humanae
1342 1628 1525 1656 conditionem
1550 1627 1640 1654 animo
1663 1630 1802 1661 reputans.

1014 1675 1088 1710 pium
1105 1674 1247 1702 consilium
1260 1674 1425 1709 dignumque
1440 1673 1524 1708 ipsius
1534 1673 1668 1700 charitate
1684 1672 1803 1699 destinat

1014 1727 1041 1749 et
1063 1723 1200 1757 proponit.
1219 1721 1403 1757 Atnplissimis
1427 1721 1500 1748 enim
1517 1720 1621 1748 adibus
1636 1718 1800 1751 exstructis,

1015 1768 1169 1802 annuisque
1182 1768 1358 1802 proventibus
1378 1766 1545 1798 constitutis,
1561 1773 1629 1801 quos
1644 1773 1660 1792 a
1675 1764 1802 1793 divitibus

1016 1818 1044 1842 et
1063 1814 1180 1848 copiasis
1203 1813 1360 1841 hominibus
1376 1813 1472 1840 solerti
1490 1812 1612 1840 oratione
1629 1811 1662 1838 ad
1680 1810 1800 1845 largitio-

1015 1867 1077 1887 nem
1096 1859 1219 1894 impulsis
1234 1859 1399 1894 collegerat,
1413 1863 1529 1893 :egrotos
1552 1864 1647 1885 omnes
1669 1857 1695 1884 in
1717 1864 1799 1883 unum

1018 1906 1124 1941 coegit,
1139 1913 1286 1940 pauperum
1304 1905 1445 1940 gymnasia
1463 1911 1495 1931 ac
1510 1911 1603 1931 sacras
1625 1903 1718 1931 domos
1742 1902 1800 1929 btet:

1017 1953 1075 1980 loca
1101 1951 1248 1986 appellans.
1273 1950 1342 1978 Huic
1363 1958 1396 1978 ea
1417 1951 1444 1978 in
1468 1958 1498 1978 re
1520 1949 1627 1984 adjutor
1645 1948 1799 1984 laborisque

1012 1996 1148 2032 particeps
1170 1995 1220 2023 fuit
1244 1995 1403 2030 Gregorius.
1422 1995 1460 2022 Ex
1483 2002 1515 2022 ea
1537 1994 1653 2029 quippe,
1669 2001 1748 2028 quam
1766 1995 1799 2021 de

1012 2049 1158 2077 pauperum
1173 2049 1266 2069 amore
1279 2041 1382 2074 habuit,
1394 2041 1516 2068 oratione
1528 2040 1596 2075 (88),
1612 2039 1712 2074 liquido
1730 2046 1798 2066 con-

1011 2092 1066 2115 stat
1079 2092 1181 2123 quaato
1193 2087 1281 2115 studio
1294 2087 1320 2114 itt
1333 2095 1393 2115 eatn
1408 2095 1465 2114 rem
1477 2094 1537 2114 cutn
1557 2085 1657 2113 Basilio
1669 2085 1798 2112 incubue-

171 2123 216 2154 rit,
231 2123 376 2150 maximum
389 2124 508 2151 omnium
534 2125 723 2153 mandatorum
736 2134 795 2155 esse
819 2130 975 2163 Ostendcns.
995 2132 1150 2161 alendorum
1179 2141 1325 2168 pauperum
1342 2133 1478 2165 studium,
1500 2132 1601 2166 Deique
1621 2131 1809 2166 magniﬁcen'--

171 2171 207 2196 tia
219 2175 246 2198 et
258 2171 425 2207 benignitate
437 2172 558 2207 dignum.
587 2173 677 2208 Atque
707 2174 765 2204 haec
793 2177 900 2211 quidem
933 2179 1064 2209 hactenus
1079 2191 1087 2209 :
1107 2189 1141 2209 ne
1155 2182 1222 2210 adeo
1236 2181 1395 2216 praeclarum
1413 2180 1517 2207 facinus
1532 2179 1738 2214 praetermisisse
1752 2178 1794 2206 vi.

169 2218 290 2245 dcamur.

207 2274 262 2309 Τῆς
274 2274 303 2301 δὲ
321 2275 349 2301 Ἀ
356 2277 494 2312 ρειανικῆς
513 2277 568 2313 (87)
584 2277 716 2313 αἱρέσεως
730 2279 762 2306 ἐκ
776 2280 882 2308 πολλῶν
897 2283 960 2318 χρό-

1053 2283 1154 2310 Ariana
1172 2289 1236 2309 vero
1251 2281 1347 2308 haeresi
1368 2281 1527 2316 jampridem
1542 2280 1688 2309 Ecclesiam
1701 2282 1795 2317 oppri-

170 2319 223 2347 νῶν
237 2320 384 2358 πιεζούσης
407 2322 456 2359 τὴν
477 2323 650 2360 Ἐκκλησίαν,
664 2326 710 2351 καὶ
735 2325 860 2363 βασιλικῇ
888 2330 960 2366 χειρὶ

169 2368 425 2404 καταστρεφομένης
445 2369 479 2396 τὰ
494 2369 539 2397 τοῦ
555 2370 623 2397 Θεοῦ
644 2371 820 2408 ὀχυρώματα,
838 2373 877 2410 τῷ
891 2375 958 2410 πρὸς

167 2413 293 2440 ἀσέϐειαν
318 2414 527 2443 ὑποσπάσασθαι
551 2417 614 2448 τοὺς
635 2417 846 2454 ἁπλουστέρους,
871 2420 958 2455 μέγαν

166 2467 194 2488 ιε
207 2459 272 2486 Θεὸν
285 2460 331 2487 τὸν
347 2461 455 2497 Πατέρα
468 2462 514 2488 καὶ
529 2463 626 2498 μικρὸν
641 2463 687 2490 τὸν
706 2463 780 2496 Υἱδν,
796 2465 842 2492 καὶ
855 2466 957 2502 κτίσμα

168 2504 194 2531 εδ
219 2505 296 2540 ἅγιον
311 2506 423 2542 Πνεῦμα
449 2508 675 2544 δογματιζούσης,
700 2509 816 2546 ἐπεφύη,
844 2508 900 2538 οἷον
922 2512 955 2544 ἐξ

165 2550 246 2587 ὕδρας
256 2552 327 2584 τινος
341 2553 468 2589 νεοθαλὴς
482 2554 597 2590 κεφαλὴ,
615 2555 670 2581 τῶν
685 2557 918 2592 πνευματομάχων
933 2559 950 2594 ἡ

165 2597 281 2644 ιζρεσις,
303 2598 366 2633 περὶ
392 2599 441 2634 μὲν
457 2599 501 2626 τὸν
516 2599 581 2626 Υἱὺν
598 2600 817 2636 εὐγνωμονοῦσα,
834 2603 880 2629 καὶ
895 2602 951 2630 ἴσον

196 2707 255 2744 (78)
267 2709 333 2737 Cod.
349 2710 370 2737 P
396 2711 573 2738 ὲνδιαττεται.

196 2744 254 2784 (ἕξ)
267 2745 495 2784 (Ξοιξιιηςζοψηίἱ
506 2747 534 2774 Ρ.
547 2753 575 2774 et
590 2746 636 2775 0r.
654 2748 749 2784 καιρὸν
762 2748 860 2781 διδούς.

197 2780 253 2817 (ἕρ)
270 2780 337 2817 (Em!-
352 2782 399 2817 Οτι
414 2781 430 2817 ἦ
447 2781 513 2817 δρῦς
525 2791 577 2814 τις.

195 2814 253 2852 (ἓέ)
269 2814 337 2852 120d,-
358 2816 389 2852 !’-
407 2814 515 2852 μἰκρὁν.

196 2849 254 2887 (82)
271 2849 337 2887 Cod.
354 2849 574 2887 οι·.’προέδοαμε
584 2861 645 2882 mox
661 2856 688 2882 in
700 2854 761 2883 cod.
776 2849 843 2883 cod.‘
851 2862 878 2884 et
888 2858 947 2884 cod.

160 2883 191 2911 P.
202 2883 288 2924 ages:
305 2883 488 2924 μέγιστονξδν.

195 2919 252 2955 (83)
267 2919 397 2950 ιωνωιω.
418 2922 492 2951 Colb.
508 2923 531 2956 l,
547 2923 573 2955 3,
592 2928 617 2953 el
631 2924 677 2952 0r.
697 2924 723 2953 ln
741 2925 803 2953 edit.
816 2924 950 2952 λελωϐου-

1011 2335 1112 2361 mente,
1129 2328 1358 2364 imperatoriaque
1373 2335 1453 2354 manu
1467 2334 1499 2353 ac
1513 2328 1643 2361 potentia,
1662 2328 1707 2356 Dei
1723 2335 1792 2363 prm-

1009 2375 1077 2402 sidia
1094 2374 1271 2402 subvertente
1286 2374 1328 2409 (ea
1343 2373 1445 2401 scilicet
1459 2373 1564 2401 ratione
1577 2393 1584 2406 ,
1600 2373 1670 2408 quod
1686 2373 1792 2409 simpli-

1008 2421 1095 2448 ciores
1108 2420 1140 2448 ad
1155 2420 1320 2455 impietatetn
1334 2419 1425 2447 furtim
1441 2419 1633 2454 abstraheret),
1651 2427 1793 2454 magnum-

1010 2473 1062 2501 que
1074 2465 1157 2493 Dcum
1171 2465 1278 2493 Patrem
1289 2487 1296 2499 ,
1311 2469 1339 2493 et
1355 2473 1467 2500 parvum
1482 2464 1580 2492 Filium
1591 2486 1598 2498 ,
1617 2468 1645 2492 et
1660 2465 1792 2500 Spiritum

1008 2517 1132 2539 sanctum
1151 2516 1302 2539 creaturam
1318 2510 1469 2538 aﬂirmante
1481 2519 1489 2543 ;
1503 2515 1627 2538 exortum
1643 2514 1702 2542 est,
1719 2511 1801 2538 velut.

1006 2565 1037 2585 ex
1053 2557 1136 2593 hydra
1150 2557 1282 2592 quadam,
1299 2565 1398 2584 novum
1413 2563 1513 2592 caput,
1535 2558 1651 2585 hostium
1675 2557 1791 2592 Spiritus

1007 2603 1094 2630 sancti
1110 2603 1232 2637 haeresis,
1245 2602 1278 2630 de
1291 2602 1359 2630 Filio
1369 2603 1478 2639 quidem
1493 2603 1606 2631 candide
1617 2603 1746 2636 sentiens,
1758 2610 1791 2632 ae

1001 2715 1238 2758 Féy2?§.n(:0.d.np.
1251 2715 1439 2758 _).p;6et_ap£vou;
1454 2718 1501 2744 καὶ
1513 2715 1727 2753 βλαπτομένους.

1110 2752 1176 2788 ςοό.
1231 2751 1368 2788 οὐδαμῶς.

1034 2786 1092 2823 (ξεί)
1111 2786 1176 2823 [ἴοιΙ.
1191 2787 1224 2823 Ρ.
1241 2786 1388 2823 βδέλυγμα.

1037 2821 1092 2855 (86)
1107 2821 1171 2849 Cod.
1186 2821 1233 2849 Or.
1247 2821 1381 2857 αἰτησίόις.

1035 2857 1091 2894 (gl;
1104 2857 1187 2894 (Eadd.
1201 2858 1246 2884 0r.
1265 2863 1289 2884 et
1307 2857 1501 2894 [ᾖτνῖᾼρειανῆς.

1036 2891 1092 2927 (88)
1105 2892 1180 2920 Orat.
1200 2900 1255 2926 nv,
1271 2900 1296 2927 p.
1310 2893 1374 2920 257.
