2055 3130
259 175 313 204 275

821 181 903 210 VITA
924 182 953 210 S.
974 182 1139 212 GREGORll
1158 184 1330 213 THEOLOGI

1831 183 1883 212 276

263 237 382 266 Verbum
398 237 472 266 Patri
488 238 622 275 coatquale
633 243 765 274 statuens,
778 245 905 269 creterum
917 233 1047 278 Spiritum

1102 244 1138 280 τῷ
1150 245 1237 281 Πατρὶ
1253 237 1382 280 τιθεμένη
1393 244 1438 272 τὸν
1448 245 1542 281 Λόγον,
1558 247 1588 275 τὸ
1600 248 1629 276 δὲ
1641 248 1753 285 Πνεῦμα
1765 248 1796 277 eo
1810 249 1887 284 ἅγιον

263 289 386 312 sanctum
413 284 578 319 blasphemis
594 285 686 313 verbis
706 286 838 320 impetens
849 308 856 320 ,
883 289 964 323 idque
979 290 1048 317 bifa-

263 329 342 355 riam.
357 329 407 356 Alii
420 330 491 357 enim
505 335 657 358 creaturam
669 338 762 367 aperte
771 332 859 368 ipsum
871 335 1046 364 asserebant:

262 374 307 401 alii
322 382 372 402 nec
385 381 538 404 creaturam
548 396 557 408 ,
580 384 630 404 nec
652 377 736 405 Deum
747 399 755 411 ,
776 379 822 406 sed
835 379 965 413 liberum,
980 389 1048 415 quos

263 421 375 453 proinde
397 421 582 451 Semiarianos
601 424 644 452 ille
669 425 803 456 vocabat.
823 434 921 454 nomen
945 428 1049 455 scilicet

262 473 357 494 eorum
376 468 496 502 opinioni
512 477 660 505 congruum
676 476 703 498 et
718 473 872 506 appositum
887 473 952 508 ipsis
965 474 1050 510 impo-

263 519 347 545 nens;
369 514 468 550 quippe
484 515 584 550 qui'ita
603 515 701 544 Filium
729 517 756 544 in
781 517 882 546 honore
899 519 1047 553 baberent,

264 562 293 584 ιιι
308 558 417 587 interim
435 560 566 595 Spiritum
581 567 703 590 sanctum
722 570 942 598 aspernarentur.

301 603 388 638 Igitur
410 605 561 641 huiusmodi
579 609 752 637 contentione
768 617 817 644 per
833 615 916 637 totam
934 611 1048 638 Romani

264 650 370 685 imperii
389 651 517 680 ditionem
534 653 675 688 gliscente,
692 655 831 690 magisque
850 656 930 683 etiam
945 656 1049 692 Byzan—

264 696 295 724 tii
310 696 417 733 vigente
428 706 461 726 ae
475 700 626 731 obtinente,
646 701 716 727 Dens
727 708 784 734 eos,
800 702 845 736 qui
860 702 986 736 pestifera
999 703 1050 731 hac

265 743 387 772 doctrina
401 745 654 780 exstinguebantur,
668 748 812 776 miseratus
822 768 830 780 ,
848 753 967 775 tunctum
983 748 1050 776 Gre-

265 789 333 824 gorii
351 789 481 826 Theologi
497 792 621 826 spiritum
636 794 736 821 excitat
747 793 781 826 ³⁸,
799 801 831 820 ac
846 794 917 821 velut
933 794 965 821 ad
977 794 1051 830 Moy-

263 842 320 862 sem
335 836 426 864 ait”:
443 836 539 865 Viden;
553 838 606 865 vidi
620 839 781 874 aﬂlictionem
792 839 881 874 populi
894 839 954 872 mei,
969 840 1049 873 quiin

263 878 382 915 Egypto
402 885 441 908 est
465 882 474 914 (
485 881 620 917 £gyptns
635 888 725 910 autem
750 883 923 910 llebrmorum
939 884 1048 917 quidem

1100 290 1310 326 βλασφημοῠσα,
1331 291 1379 318 καὶ
1393 291 1472 319 τοῦτο
1487 292 1578 328 διχῶς.
1601 295 1634 322 0i
1650 294 1700 330 μὲν
1718 295 1772 331 γὰρ
1784 295 1882 330 κτίσμα

1100 336 1225 373 φανερῶς
1235 337 1423 372 ἐδογμάτιζον,
1446 338 1471 364 οι
1491 338 1520 365 δὲ
1537 338 1599 366 οὔτε
1621 339 1723 376 κτίσμα
1735 339 1797 368 οὔτε
1807 340 1882 373 Θεὸν,

1098 382 1155 409 ἀλλ’
1171 382 1328 418 ἐλεύθεροι·
1347 382 1394 415 οὓς
1411 382 1584 420 Ἦμιαρείους
1593 384 1648 421 (89)
1665 386 1767 418 ἐκεῖνος
1779 386 1884 422 ὠνόμα-

1098 428 1139 460 ζε,
1156 427 1315 463 πρέπουσαν
1328 429 1364 463 τῇ
1378 427 1442 465 δόξῃ
1457 428 1546 456 αὐτῶν
1556 430 1606 465 τὴν
1617 431 1799 467 προσηγορίαν
1813 432 1885 458 ἐπει-

1099 473 1158 499 πών
1168 482 1175 488 ·
1192 473 1231 505 ὡς
1246 473 1347 508 τιμῶσι
1368 474 1418 509 μὲν
1432 473 1488 509 (90)
1499 474 1545 501 τὸν
1562 474 1627 502 Υίδν
1649 475 1681 503 τὸ
1694 475 1842 512 δὲΠνεῦμα
1853 476 1883 503 τὸ

1100 520 1177 555 ἅγιον
1189 520 1364 555 ἀτιμάζουσι.

1133 610 1190 645 Τῆς
1201 608 1247 637 οὖν
1261 611 1389 646 τοιαύτης
1409 610 1497 646 ἔριδος
1523 611 1613 638 πᾶσαν
1628 611 1816 648 ὕπολαϐοὑσης
1835 613 1883 648 τὴν

1100 655 1152 681 ὑπὸ
1173 654 1325 691 Ῥωμαίους
1348 655 1402 691 (91)
1415 656 1512 692 ἀρχὴν,
1526 656 1605 684 πλέον
1623 657 1651 684 δὲ
1668 657 1714 684 τοῦ
1740 657 1884 689 Βυζαντίου

1100 699 1335 736 κατακρατούσης.
1368 701 1508 735 ἐξεγείρει
1527 702 1542 728 ὁ
1564 701 1632 734 Θεδς
1656 702 1691 730 τὸ
1717 703 1833 738 πνεῦμα
1851 703 1885 731 τὸ

1099 743 1185 779 ἅγιον
1200 744 1351 781 Γρηγορίου
1372 745 1419 772 τοῦ
1435 745 1577 779 Θεολὸγου,
1599 747 1714 783 ἐλεήσας
1724 749 1787 780 τοὺς
1803 749 1885 776 ἀπολ-

1099 789 1231 825 λυμένους
1244 790 1296 817 ὑπὸ
1306 790 1355 826 τῆς
1368 791 1532 827 φθοροποιοῦ
1545 792 1625 828 τῆσδε
1635 793 1808 826 διδασκαλίας
1817 803 1824 810 ·
1838 795 1885 822 καὶ

1099 832 1154 861 οἷον
1171 834 1238 870 πρὸς
1256 835 1376 862 Μωῠσέα
1389 836 1472 872 φησιν
1484 844 1491 851 ”
1515 836 1600 864 Ἰδὼν
1622 835 1703 865 εἶδον
1714 838 1772 873 τὴν
1789 839 1885 866 κάκω-

1101 886 1152 906 σιν
1173 879 1228 906 τοῦ
1239 880 1317 907 λαοῦ
1330 889 1391 915 μου
1403 880 1457 907 τοῦ
1481 881 1516 908 ἐν
1538 882 1674 916 Αίγύπτῳ
1696 884 1816 917 (σκότος
1828 884 1856 911 δὲ
1867 884 1886 920 ἡ

264 926 357 961 lingua
372 927 492 954 tenebrat
509 915 606 961 sonat,
628 935 699 956 nunc
717 936 781 956 vero
803 928 916 956 oﬂusam
932 915 963 957 ac
980 929 1049 958 deti-

1102 925 1237 960 Δῖγυπτος
1252 925 1362 960 λέγεται
1386 928 1420 962 τῇ
1440 928 1515 963 φωνῇ
1538 915 1593 954 τῶν
1612 915 1758 966 Ἐϐραίων
1773 915 1885 965 δηλοϊδί

265 976 374 999 nentem
391 973 524 1000 haeres-um
540 974 683 1007 caliginem
703 974 859 1009 Signiﬁcat),
879 980 904 1002 et
926 976 1048 1010 gemitum

263 1025 354 1044 eorum
377 1018 467 1044 audivi
484 1038 491 1051 ,
520 1024 597 1053 atque
614 1019 649 1045 ad
672 1026 715 1045 eos
739 1018 887 1045 liberandos
914 1018 1046 1046 descendi.

265 1062 395 1095 Quocirca
410 1071 479 1090 nunc
496 1064 571 1095 veni;
586 1064 613 1090 in
627 1063 771 1099 [Egi/ptum
788 1069 813 1091 te
830 1065 941 1091 mittam.
961 1064 1049 1099 Atque

265 1109 315 1135 hac
329 1109 518 1136 cohortatione
533 1108 882 1145 perniotum,_Spiritusque
897 1110 983 1137 sancti
1000 1117 1049 1137 nu-

265 1155 338 1182 rnine
359 1154 515 1189 impletum,
533 1154 691 1190 Byzantium
709 1155 808 1186 mittit.
830 1160 859 1182 ut
880 1163 929 1190 pro
947 1155 1047 1190 Spiritu

264 1200 418 1228 dimicaret.
438 1200 568 1228 Protinus
585 1202 666 1236 igitur
681 1201 736 1233 ille,
751 1209 849 1237 magno
865 1202 910 1230 illo
923 1202 1047 1230 luminari

265 1246 365 1274 Basilio
387 1247 472 1282 ipsius
497 1247 638 1282 cupiditati
668 1248 857 1282 alacritatique
880 1249 956 1283 quasi
977 1250 1049 1277 faces

264 1292 395 1327 quasdam
414 1293 560 1324 subdente,
579 1297 659 1328 alque
682 1294 715 1320 ad
735 1294 884 1328 spiritualia
902 1295 1048 1322 certamina

265 1338 352 1372 ipsum
370 1338 515 1372 inungente
527 1357 535 1370 ,
549 1338 666 1373 aliisque
690 1339 874 1373 compluribus
897 1339 1029 1375 episcopis
1039 1358 1048 1372 ,

267 1384 452 1419 principisque
467 1384 542 1411 urbis
559 1385 673 1418 civibus,
687 1384 748 1412 ﬁdei
761 1384 861 1419 pietate
872 1385 1003 1419 prmditis,
1015 1385 1049 1412 ab

264 1438 300 1457 eo
317 1431 418 1458 obnixe
433 1431 676 1463 contendentibus,
701 1435 731 1459 ut
746 1431 812 1466 ipsis
829 1432 929 1459 auxilio
944 1433 1049 1466 egenti-

265 1475 317 1502 lius
332 1475 463 1503 malorum
476 1483 506 1503 se
525 1475 693 1511 depulsorem
707 1477 848 1511 praeberet,
861 1476 1050 1504 Constantino-

265 1522 348 1556 polim
362 1522 444 1554 venit,
460 1527 568 1550 terrena
579 1522 687 1557 quidem
701 1523 774 1550 omni
787 1523 936 1550 substantia
947 1527 973 1551 et
985 1522 1048 1550 luxu

263 1575 298 1596 ac
315 1567 418 1595 divitiis
432 1575 545 1601 carens,
565 1573 694 1595 emterum
714 1567 816 1603 Spiritu
835 1567 938 1602 plenus.
962 1563 1048 1596 Exce-

264 1619 328 1650 plus
341 1619 430 1641 autem
447 1622 463 1642 a
480 1613 652 1648 quibusdam,
679 1618 705 1641 et
721 1613 828 1648 generis
841 1618 868 1640 et
883 1613 990 1647 pietatis
1007 1613 1050 1641 af-

264 1660 372 1687 ﬁnitate
385 1667 446 1687 cum
462 1667 495 1686 eo
504 1659 669 1694 conjunctis.
682 1658 830 1686 Eeclesiam
841 1657 963 1691 olfendit,
975 1659 1050 1694 quasi

266 1706 365 1733 malum
381 1706 455 1733 navis
472 1706 499 1732 in
516 1711 615 1737 monte,
630 1712 675 1733 aut
688 1705 763 1740 quasi
776 1705 880 1740 signum
893 1705 920 1732 in
933 1705 1009 1738 colle,
1022 1709 1051 1732 ut

264 1753 421 1788 prophetat‘
435 1752 526 1780 verbis
537 1757 598 1779 utar
607 1772 616 1786 ,
630 1753 680 1780 hoc
691 1757 744 1783 est,
756 1758 868 1778 numero
879 1751 1049 1786 perexiguam

267 1805 348 1833 atque
361 1798 504 1826 obscuram
527 1798 616 1833 (quod
638 1797 761 1824 videlicet
783 1797 837 1831 piis
857 1796 924 1823 viris
940 1796 1050 1824 libertas

265 1846 355 1873 omnis
367 1846 400 1872 ab
414 1853 446 1872 eo
461 1845 508 1880 qui
530 1844 671 1879 imperium
694 1843 811 1876 tenebat,
831 1842 933 1871 sublata
949 1841 1049 1878 esset),

267 1899 361 1918 sacras
374 1891 456 1918 etiam
470 1897 565 1917 omnes
577 1894 684 1924 ereptas
695 1889 776 1922 aedes,
789 1896 822 1916 ac
838 1896 887 1923 per
900 1889 955 1916 vim
970 1896 1052 1916 occu-

266 1941 354 1971 patos.
367 1935 425 1964 Una
436 1941 538 1964 sanetae
548 1935 696 1964 Anastasio:
706 1934 817 1962 aedicula
831 1934 989 1962 ortliodoxis
1005 1942 1052 1969 pa-

268 1984 342 2009 tebat
356 2003 364 2013 ,
386 1982 502 2010 fortasse
520 1982 600 2009 etiam
619 1982 681 2016 quia
699 1986 807 2016 propter
823 1980 940 2008 ambitus
956 1985 983 2008 et
998 1982 1051 2008 cir-

1100 971 1148 998 νῦν
1168 971 1222 998 τῶν
1235 972 1369 1007 αἱρέσεων
1384 973 1430 1000 τὸν
1445 974 1615 1010 κατασχόντα
1631 974 1740 1009 ζόφον),
1757 975 1806 1003 καί
1833 975 1886 1002 τοῦ

1101 1017 1271 1052 στεναγμοῦ
1283 1016 1382 1046 αὐτῶν
1403 1018 1523 1052 ἤκουσα
1535 1027 1542 1034 ·
1558 1019 1606 1046 καὶ
1620 1020 1748 1054 κατέϐην
1759 1020 1812 1048 τοῦ
1829 1020 1885 1056 (9‘2)

1101 1062 1260 1094 ἐξελέσθαι
1282 1065 1403 1098 αὐτούς.
1421 1065 1475 1092 Καὶ
1486 1065 1545 1092 νῦν
1556 1065 1644 1100 δεῦρο
1668 1065 1827 1093 ἀποστελῶ
1848 1075 1885 1093 σε

1100 1110 1145 1142 είς
1154 1109 1316 1143 Αιγυπτον.
1335 1110 1391 1137 Καὶ
1411 1109 1521 1146 τοιαύτῃ
1545 1111 1742 1147 παρακελεύσει
1773 1112 1886 1146 κινήσας

1100 1155 1146 1181 τὸν
1166 1155 1259 1192 ἄνδρα,
1285 1157 1326 1187 εἰς
1348 1156 1379 1182 τὸ
1394 1156 1539 1188 Βυζάντιον
1562 1156 1720 1183 ἀποστέλλει
1742 1157 1886 1193 πληρώσας

1101 1200 1252 1236 Πνεύματι,
1276 1202 1320 1228 ἵνα
1345 1202 1529 1238 ὑπερμαχήσῃ
1549 1201 1596 1229 τοῦ
1616 1203 1782 1238 Πνεύματος.
1813 1204 1842 1230 '0
1858 1204 1886 1230 δὲ

1100 1246 1208 1280 αὐτίκα,
1221 1247 1361 1274 Βασιλείου
1378 1247 1424 1274 τοῦ
1441 1247 1559 1283 μεγάλου
1575 1248 1718 1284 φωστῆρος
1736 1249 1785 1285 τὴν
1799 1248 1886 1285 ὁρμὴν

1101 1293 1176 1328 αὐτῷ
1190 1294 1429 1327 συνεπιτείνοντος,
1456 1295 1504 1322 καὶ
1520 1295 1588 1331 πρὸς
1607 1295 1670 1326 τοὺς
1686 1296 1887 1330 πνευματικοὺς

1101 1340 1209 1375 ἀγῶνας
1222 1341 1389 1374 ἀλείφοντος,
1416 1341 1503 1368 ἄλλων
1529 1349 1558 1368 τε
1574 1341 1708 1368 πλείστων
1726 1341 1884 1378 ἀρχιερέων,

1101 1387 1148 1414 καὶ
1163 1387 1217 1414 τῶν
1235 1387 1340 1414 πιστῶν
1356 1386 1406 1422 τῆς
1420 1386 1550 1422 βασιλίδος
1569 1387 1779 1416 ἀντιβολούντων
1796 1388 1887 1420 αὐτοῖς

1100 1433 1261 1466 ἀλεξίκακον
1276 1432 1331 1468 (95)
1351 1432 1476 1467 γενέσθαι
1503 1432 1648 1469 χρῄζουσιν
1667 1433 1824 1469 ἐπικουρίας
1851 1435 1883 1469 cf

1103 1477 1217 1513 βασιλίδι
1231 1477 1323 1514 παρῆν
1334 1486 1343 1494 ο
1362 1477 1427 1513 ὕλης
1443 1478 1492 1513 μὲν
1516 1478 1635 1514 ἁπάσης,
1656 1479 1702 1505 καὶ
1718 1478 1824 1514 τρυφῆς
1839 1478 1888 1504 καὶ

1102 1523 1218 1551 πλουτου
1231 1524 1343 1560 ἄπορος,
1353 1523 1420 1550 ἀλλὰ
1431 1523 1587 1559 Πνεύματος
1601 1523 1716 1560 πλήρης.
1738 1522 1887 1558 ’Υπεδέχθη

1101 1570 1129 1597 δὲ
1144 1570 1217 1606 παρὰ
1233 1569 1371 1605 συγγενῶν
1392 1570 1439 1596 καὶ
1466 1570 1495 1596 τὸ
1510 1569 1590 1605 σῶμα
1603 1571 1650 1597 καὶ
1675 1570 1724 1604 τὴν
1736 1569 1885 1600 εὐσέϐειαν,

1103 1614 1166 1651 εὗρε
1177 1616 1207 1643 δὲ
1219 1616 1268 1652 τὴν
1292 1614 1466 1651 Ἐκκλησίαν,
1486 1615 1526 1648 ὡς
1544 1615 1631 1642 ἱστὸν
1643 1615 1689 1641 ἐπ’
1703 1614 1801 1649 ὅρους,
1813 1614 1833 1648 ἦ
1846 1615 1888 1648 ὼς

1103 1663 1236 1697 σημαίαν
1251 1662 1300 1688 ἐπὶ
1313 1661 1441 1694 βουνοῦ,
1450 1661 1626 1697 προφητικῶς
1637 1662 1735 1693 εἰπεῖν,
1748 1661 1886 1696 βραχεῖαν,

1105 1708 1152 1734 καὶ
1177 1707 1370 1744 εὐαρίθμητον,
1387 1707 1436 1734 καὶ
1465 1707 1658 1739 λανθάνουσαν,
1687 1706 1731 1733 διὰ
1752 1705 1784 1732 to
1797 1705 1888 1741 πάσης

1105 1753 1261 1788 παρρησίας
1284 1752 1337 1779 ὑπὸ
1362 1752 1408 1779 τοῦ
1424 1752 1541 1788 κράτους
1558 1750 1780 1786 ἀποστερεῖσθαιο
1797 1750 1887 1782 οἰκους

1101 1799 1130 1826 δὲ
1147 1799 1235 1835 ἱεροὺς
1244 1799 1367 1830 ἅπαντας
1376 1799 1605 1835 διηρπασμένους,
1619 1798 1665 1825 καὶ
1683 1797 1728 1833 βίᾳ
1738 1797 1886 1832 κατεχομέ-

1101 1853 1174 1876 νους.
1195 1844 1272 1880 Μόνη
1293 1845 1322 1871 δὲ
1346 1845 1362 1880 ὴ
1389 1844 1455 1879 ἁγία
1476 1844 1638 1872 Ἀναστασία
1665 1845 1721 1875 τοῖς
1739 1842 1887 1878 ὸρθοδόξοις

1102 1891 1192 1918 ἀνεῖτο
1203 1899 1210 1905 ·
1223 1890 1294 1925 τάχα
1311 1890 1360 1925 μὲν
1373 1891 1421 1917 καὶ
1436 1889 1506 1925 αὕτη
1523 1889 1758 1925 καταφρονηθεῖσα
1771 1887 1816 1915 διὰ
1825 1896 1890 1923 σμμ

1104 1935 1224 1971 κρότητα
1235 1935 1420 1972 περιγραφῆς,
1434 1935 1472 1968 ὡς
1482 1936 1577 1962 εἰδεῖεν
1594 1935 1626 1962 ἂν
1644 1935 1669 1961 oi.
1681 1934 1842 1970 θεασάμενοι
1858 1933 1889 1960 τὸ

1105 1981 1220 2009 παλαιὸν
1233 1981 1318 2016 αὐτῆς
1328 1982 1451 2017 τέμενος.

268 2028 489 2064 cumscriptionis
510 2026 662 2063 angustiam
683 2026 849 2061 contemptui
873 2026 1024 2054 habebatur
1044 2035 1051 2054 :
1071 2028 1299 2062 quemadmodum
1336 2032 1450 2060 norunt,
1469 2027 1514 2062 qui
1535 2032 1614 2055 vetus
1648 2027 1699 2056 hoc
1714 2026 1805 2054 fanum
1821 2033 1888 2054 con-

267 2081 393 2103 802161⁵⁵8-

301 2083 393 2102 exere.

285 2083 453 2151 pConfestim
469 2121 562 2157 itaque
577 2121 636 2156 ipse
648 2141 655 2154 ,
683 2121 790 2148 Davidis
804 2121 943 2156 erijusdam
959 2129 1033 2149 more
1045 2141 1052 2153 ,

269 2170 303 2197 ad
317 2168 437 2204 pra'lium
455 2176 483 2195 se
498 2173 649 2202 comparat,
664 2167 803 2202 ﬁrmisque
817 2175 849 2195 ac
865 2168 957 2195 solidis
972 2176 1054 2202 argu-

1142 2122 1232 2154 Εὐθὺς
1243 2119 1289 2149 οὖν
1305 2121 1397 2154 αὐτὸς,
1413 2121 1506 2157 ὥσπερ
1515 2129 1557 2153 τις
1568 2121 1659 2152 Δαΰὶδ.
1671 2121 1870 2157 παρατάττεται
1880 2129 1888 2136 ·

1108 2167 1155 2194 καὶ
1173 2167 1303 2203 σφενδονᾷ
1316 2167 1350 2194 τὰ
1364 2166 1499 2202 ἀλλόφυλα
1511 2166 1634 2201 δόγματα
1646 2165 1731 2200 λόγων
1744 2165 1889 2202 στερρότη-

273 2214 390 2248 mentis,
411 2214 488 2249 quasi
508 2213 589 2240 funda
607 2218 694 2240 rotato
707 2213 814 2247 lapide,
833 2213 988 2240 Philistliaa
1004 2214 1050 2240 do-

1106 2223 1142 2247 n,
1171 2214 1285 2245 καὶτοῖς
1303 2213 1410 2245 πιστοῖς
1434 2212 1537 2244 πιστῶς
1564 2212 1694 2246 ἐπανάγει
1717 2211 1766 2247 τὴν
1785 2212 1891 2247 παρρη-
1912 2237 1914 2240 ,

270 2267 362 2296 gmata
376 2266 480 2296 petens,
490 2260 542 2295 piis
552 2260 707 2287 hominibus
719 2259 763 2294 pie
774 2259 926 2287 libertatem
940 2259 1052 2290 reducit,

268 2306 392 2341 quotidie
413 2313 509 2333 novam
536 2306 654 2340 aliquam
671 2305 812 2339 copiarum
837 2312 946 2332 suarum
962 2311 1053 2332 acces-

271 2354 374 2380 sionem
391 2353 504 2384 laeiens,
521 2351 629 2388 Deoque
642 2359 700 2384 eos,
712 2352 757 2387 qui
769 2351 899 2379 adversus
913 2351 1054 2378 veritatem

272 2398 343 2425 male
366 2398 585 2429 insurrexerant,
599 2397 720 2432 captivos
741 2397 888 2424 adducens.
907 2397 1055 2432 Perexiguo

270 2443 364 2476 itaque
387 2443 514 2476 temporis
536 2448 634 2470 exacto
654 2443 791 2471 curriculo
813 2447 916 2470 tantum
939 2443 1057 2470 multitu-

269 2489 326 2516 dini
346 2489 542 2516 incrementum
561 2490 650 2516 attulit
663 2510 670 2522 ,
690 2494 720 2516 ut.
735 2490 807 2517 trulla
820 2489 876 2523 jam
895 2497 954 2516 cum
971 2489 1053 2523 priori

267 2543 362 2563 rerum
386 2539 459 2562 statu
483 2534 649 2570 comparatio
675 2534 891 2570 relinqueretur;
916 2539 997 2569 atque
1011 2535 1054 2562 hic

302 2603 328 2619 ³⁸
343 2603 410 2631 Dan.
426 2610 474 2630 xm
485 2623 493 2637 ,
508 2603 554 2630 L5.
591 2602 614 2619 "
629 2602 715 2629 Exod.
729 2610 758 2630 Ill
770 2623 778 2635 ,
790 2603 806 2630 7
821 2608 848 2630 et
859 2610 917 2638 seq.

1108 2260 1179 2292 σίαν,
1208 2259 1268 2286 καθ’
1281 2259 1389 2295 ἡμέραν
1414 2257 1640 2294 προσλαμῦάνων,
1667 2256 1714 2284 καὶ
1725 2255 1891 2293 αἰχμαλωτίο

1104 2305 1158 2337 ζων
1173 2304 1212 2339 τῷ
1238 2303 1298 2339 Θεῷ
1313 2305 1376 2336 τοὺς
1389 2304 1482 2336 κακῶς
1505 2303 1709 2336 ὲπαναστάντας
1719 2305 1752 2340 τῇ
1767 2303 1888 2339 ἀληθείᾳ.

1110 2350 1218 2384 Ὀλίγου
1243 2350 1334 2377 τοίνυν
1361 2350 1457 2385 χρόνου
1474 2349 1665 2386 διαδραμόντος
1680 2350 1746 2385 (οι),
1758 2350 1890 2385 τοσαύτην

1102 2395 1151 2423 τοῦ
1168 2395 1289 2432 πλήθους
1309 2395 1359 2430 τὴν
1385 2395 1504 2422 ἐπίδοσιν
1528 2396 1685 2431 ἐποιήσατο,
1699 2395 1739 2428 ὡς
1758 2395 1795 2432 μὴ
1821 2393 1891 2422 εἶναι

1103 2441 1190 2469 ταῦτα
1207 2441 1262 2477 (95)
1276 2441 1432 2477 συγκρίνειν
1444 2442 1500 2473 τοῖς
1517 2441 1648 2478 πρότερον
1658 2449 1666 2456 ·
1682 2440 1818 2468 κάνταῦθα
1834 2439 1890 2475 (96)

1106 2486 1137 2513 τδ
1150 2486 1221 2522 ἱερὸν
1231 2486 1398 2513 τελειοῦσθαι
1414 2486 1547 2522 γράμμα·
1570 2486 1600 2512 '0
1611 2484 1694 2519 οἶκος
1714 2485 1801 2513 dum
1821 2485 1891 2513 ἐπο-

1103 2533 1219 2566 ρεύετο.
1235 2531 1284 2559 καὶ
1303 2532 1501 2567 ἐμεγαλύνετο
1512 2540 1519 2546 ·
1538 2533 1554 2559 ό
1567 2531 1601 2558 δὲ
1613 2531 1694 2565 οἶκος
1708 2531 1805 2559 Σαοὺλ
1820 2531 1891 2558 exo-

955 2603 963 2618 ¹
977 2602 1030 2630 lsa.
1044 2608 1109 2634 uit.
1128 2602 1170 2630 Π.

302 2681 362 2717 (89)
373 2681 457 2708 Codd.
475 2680 522 2717 0r.
534 2685 562 2717 et
581 2679 612 2717 Ρ,
633 2680 737 2717 ἑκείνος
754 2680 882 2717 ἐτοίμῳςζ
899 2679 976 2717 Cplb.
992 2679 1019 2717 ί,
1034 2686 1049 2706 e

1109 2679 1260 2717 ἀποστείλω
1276 2689 1315 2717 σεΣ

267 2714 373 2753 canui.
383 2716 543 2753 ήμιαρείους
553 2716 669 2751 ἑτοίμως
678 2714 817 2750 ὼνόμαζεί
827 2715 903 2743 Colb.
913 2715 941 2746 2.
953 2714 1062 2750 ἐτύμως

268 2751 395 2786 ὠνόμαζε
400 2771 406 2777 .

308 2784 364 2818 (90)
378 2786 445 2813 Cod.
463 2785 495 2813 P.
513 2785 609 2812 εἰπών.
621 2785 681 2812 Mox
691 2785 729 2816 ὡς
742 2785 816 2813 deest
827 2785 853 2812 in
866 2785 926 2812 cod.
942 2784 990 2812 0r.

309 2819 364 2853 (91)
375 2820 412 2847 Ita
430 2821 509 2848 codd.
524 2821 552 2848 P.
572 2822 618 2850 Or.
634 2827 661 2848 et
677 2821 774 2848 Colb.l
798 2826 825 2848 et
840 2820 868 2847 ‘2.
884 2819 912 2848 In
928 2820 991 2847 edit.
1012 2819 1063 2855 τὴν

269 2854 326 2883 τῶν
339 2855 492 2889 Ῥωμαίων.

307 2889 364 2927 (92)
378 2890 442 2917 Τοῦ.
462 2890 538 2918 Deest
552 2891 577 2918 in
590 2890 666 2919 Cnlb.
681 2891 707 2924 l;
727 2898 788 2919 mox
811 2890 878 2919 idem
895 2895 921 2918 et
937 2889 996 2918 cod.
1013 2889 1060 2918 0r.

1145 2715 1200 2750 (95)
1220 2716 1286 2743 Cod.
1304 2715 1334 2742 P.
1347 2715 1372 2741 in
1390 2719 1445 2741 not.
1457 2722 1541 2748 marg.
1554 2713 1757 2750 ἀποκωλυτικδν
1772 2712 1827 2750 jr'uri
1835 2721 1890 2750 _xa~

1111 2749 1179 2782 κῶν,
1192 2748 1265 2784 ipso:
1281 2759 1298 2776 α
1314 2749 1391 2776 utalia
1404 2750 1560 2784 prohiberet.
1572 2749 1663 2775 Billius
1676 2750 1756 2775 vertit
1767 2748 1890 2780 ἀλεξίκα-

1111 2793 1169 2815 κον,
1177 2786 1252 2819 quasi
1259 2785 1395 2811 Herculem
1405 2784 1544 2818 quemdam
1551 2784 1718 2810 Aluicacum
1726 2784 1890 2818 teprcberet.

1147 2819 1204 2855 (94)
1214 2821 1279 2847 Cod.
1289 2820 1318 2855 Ρ.
1331 2819 1564 2855 παραδραμόντος.

1146 2852 1203 2890 (95)
1221 2855 1296 2890 Coll).
1307 2854 1334 2884 2.
1348 2852 1470 2890 ὥστεμῇ
1484 2852 1553 2890 εἶναι
1563 2852 1656 2880 ταῦτα.

1145 2888 1201 2925 (96)
1217 2889 1293 2918 Colb.
1312 2890 1338 2922 1,
1352 2889 1417 2916 ἁὶλὰ
1432 2888 1481 2916 κᾶν
1500 2888 1592 2916 ταῦτα.
