2055 3130
192 170 246 198 977

707 180 872 210 AUCTORE
891 182 1068 212 GBEGORIO
1087 183 1327 213 PRESBYTERO.

1766 187 1819 216 278

191 228 305 280 petiero,
317 230 381 280 fat
398 230 530 280 ἠσθέκει.
546 230 600 262 Ἦν
614 235 680 272 ὸρᾷν
701 235 748 265 οὖν
772 239 899 275 ποικίλην
921 240 978 268 τινὰ

1035 240 1097 268 illud
1112 242 1261 278 Scriptus-ae
1279 242 1457 280 impleretur:
1472 242 1571 271 Domus
1584 243 1668 272 David
1679 244 1732 272 ibat
1743 250 1767 272 et
1778 246 1818 273 in-

193 273 248 322 τῶν
274 275 435 322 σωζομένων
457 277 505 313 τὴν
523 279 649 313 εὐταξίαν
664 281 729 318 (97).
749 284 846 319 Οἰιμὲν
860 273 913 321 γάρ
930 286 980 322 ἤδη

192 319 423 358 ἒσαγηνεύθησαν,
436 325 460 350 οἱ
470 325 498 351 δὲ
512 325 623 361 ἔμελλον
636 337 643 343 ·
660 329 685 355 οί
703 329 741 363 δὲ,
761 331 812 366 ἠδη
826 319 980 359 τελειωθένί

192 373 248 398 τες,
266 366 354 394 ἀλλων
371 365 442 404 ἦσαν
454 369 583 406 θηρευταὶ
598 373 645 400 καὶ
660 365 824 403 διδάσκαλοι.
845 377 981 404 Ἑπὶντούδ

193 419 250 458 τοις
262 411 303 444 τίς
317 413 350 440 ἂν
375 414 468 450 ἕτερος
490 417 588 453 ἤνεγκε
605 420 659 446 τῶν
686 415 735 456 μὲν
767 423 911 456 Ἀρειανῶν
930 424 979 458 τὴν

192 457 286 494 ὀργὴν,
313 459 367 486 τῶν
387 460 415 487 δὲ
427 462 515 495 πέλας
526 465 577 500 τὴν
593 466 761 500 βασκανίαν;
782 469 896 500 Οῗτινες,
920 457 979 496 δέον

192 502 357 539 ἔπικουρεῖν,
385 507 432 533 καὶ
445 508 638 546 ἀγωνιζομένῳ
665 513 906 546 συναγωνίζεσθαι,
923 516 979 547 τοῖς

191 548 400 585 κατορθώμασιν
412 553 495 580 αὐτοῦ
507 554 696 591 ἐδυσχέραινον
711 557 776 593 (98),
799 558 910 594 ἔξαμμα
930 560 977 587 τοῦ

191 595 287 628 φθόνου
300 596 351 632 τῆς
372 598 535 635 Ἐκκλησίας
549 602 706 637 ποιούμενοι
722 604 771 639 τὴν
785 604 916 638 ἐπίδοσιν,
932 606 980 632 καὶ

190 641 246 672 τοῖς
258 640 325 673 ίσοις
338 645 449 678 κρατεῖν
461 645 510 672 οὐκ
521 647 668 682 ἰσχύοντες,
679 648 696 684 ἢ
708 648 739 675 οὐ
756 648 911 684 βουλόμενοι
922 649 978 686 (99)

189 685 274 722 κακίᾳ
288 687 336 722 τὴν
347 688 447 725 ἀρετὴν
463 691 627 727 ὑπερϐαλεῖν
638 693 838 729 ἡμιλλήθησαν.

1034 287 1182 321 crescebat;
1206 289 1299 316 domus
1316 294 1409 315 autem
1428 288 1495 319 Saul
1506 290 1569 317 'ibat
1582 294 1610 317 et
1620 289 1787 318 decrescebat
1795 290 1817 318 '.

1033 332 1074 360 Ac
1087 333 1192 359 varium
1207 334 1352 368 quemdam
1370 341 1475 368 eorum,
1487 335 1532 370 qui
1546 335 1660 363 salutem
1672 342 1818 369 conseque-

1033 379 1142 411 bantur,
1164 379 1281 414 lepidum
1305 381 1428 408 ordinem
1452 389 1563 409 cernere
1576 386 1643 409 erat.
1668 382 1729 411 Alii,
1744 382 1817 409 enim

1030 426 1086 460 jam
1102 434 1202 461 sagena
1214 427 1311 455 inclusi
1323 429 1493 460 tenebantur,
1508 428 1553 455 alii
1569 427 1677 463 iamjam
1693 425 1817 461 capiendi

1032 477 1112 498 erant
1127 481 1134 500 :
1149 471 1194 499 alii
1212 473 1294 500 etiam
1309 473 1365 509 jam
1379 473 1572 509 perfectionem
1585 472 1685 510 adepti,
1701 472 1816 499 aliorum

1031 521 1176 544 venatores
1197 517 1368 553 ac-magisui
1384 522 1471 546 erant.
1489 519 1586 546 Verum
1601 518 1739 545 enimvero
1756 517 1817 552 quis

1031 561 1099 588 alius
1112 562 1176 589 hinc
1193 563 1356 591 Arianorum
1371 564 1439 591 iram
1449 584 1457 597 ,
1471 564 1533 592 hinc
1548 564 1759 600 propinquorum
1774 563 1816 590 in-

1032 607 1131 634 vidiam
1147 607 1217 636 ferre
1231 610 1387 643 potuisset?
1401 610 1451 644 Qui
1463 610 1582 645 quidem,
1599 617 1661 638 cum
1674 609 1725 644 ipsi
1738 615 1816 644 opem

1032 651 1104 680 ferre
1117 660 1147 680 ac
1159 653 1343 681 decertantem
1357 654 1484 688 adjuvare
1499 654 1637 686 deberent,
1649 653 1733 688 ipsius
1745 657 1816 680 recte

1032 696 1111 724 factis
1128 696 1350 732 olfendehantnr,
1369 699 1497 726 Ecclesia:
1513 699 1708 726 incrementum
1722 696 1816 724 livoris

191 731 277 760 facem
291 739 317 762 et
332 734 495 764 incentivum
509 738 641 767 facientes
653 749 660 767 :
671 745 697 768 et
712 748 772 767 cum
789 741 883 769 iisdem
895 742 976 770 rebus
993 744 1146 772 superiores
1160 745 1218 780 ipso
1231 753 1292 774 esse
1308 746 1349 773 vel
1380 747 1535 781 nequirent,
1571 746 1613 772 vel
1629 745 1743 779 nollent,
1757 744 1814 771 vir-

190 783 274 806 tutem
291 781 394 809 scelere
406 791 536 818 superare
553 787 759 815 contendebant.

225 825 308 854 Οὔπω
326 828 355 854 δὲ
369 829 463 857 τούτου
478 830 654 868 λωφήσαντος
665 834 712 861 τοῦ
721 836 818 868 κακοῦ,
836 836 979 871 ἐπιφύεται

1065 835 1188 865 Noudum
1203 837 1255 865 hoc
1275 837 1373 864 malum
1395 837 1516 864 sedatum
1532 841 1607 868 erat,
1626 843 1687 864 cum
1703 839 1814 862 exortus

187 872 299 919 £21590;
322 875 534 912 Ἀπολλινάριος,
561 879 628 906 ἰδίαν
649 880 710 908 τι.νά
729 882 857 915 καινίζων
872 883 978 910 κακοδο-

1030 883 1212 918 Apollinarius
1234 882 1319 918 Syrus
1337 883 1497 918 peculiarem
1516 882 1659 918 quamdam
1676 886 1702 909 et
1718 887 1815 909 novam

190 917 258 953 ξίαν.
280 919 334 956 Τὴν
362 921 416 958 γὰρ
440 924 645 962 ὲνανθρὼπησιν
664 926 751 963 ἀληθῆ
781 929 819 964 μὴ
848 928 975 963 δοξάζων,

189 964 289 1010 σαρκὸς
306 967 457 1003 πρόσληψιν
472 969 519 997 καὶ
528 970 617 1006 ψυχῆς
628 971 726 1008 ἀλόγου
741 974 825 1010 μόνην
844 975 976 1007 ἐδίδασκε,

187 1009 277 1046 ψυχῆς
291 1014 387 1048 νοερᾶς
396 1014 451 1050 -τὴν
461 1017 617 1052 οἰκονομίαν
633 1009 864 1056 ἀποτεμνόμενος.
889 1021 978 1048 Ἐλλὸ-

189 1063 269 1090 γιμος
294 1057 374 1085 δὲ·ὣν
386 1059 437 1095 τὴν
465 1061 519 1087 τῶν
541 1062 673 1098 Ἑλλήνων
688 1066 839 1099 παίδευσιν,
866 1067 978 1095 κλέπτει

189 1101 304 1135 πολλοὺς
319 1106 352 1140 τῇ
367 1107 489 1143 ποικιλίᾳ
501 1108 556 1135 τῶν
574 1108 671 1144 λόγων.
684 1111 815 1148 Παρῆσαν
834 1110 880 1140 οὖν
892 1114 979 1144 ἁπαν-

187 1149 270 1183 ταχοῦ
295 1150 346 1186 γῆς
375 1153 494 1189 μαθηταὶ
520 1157 570 1192 τῆς
594 1157 737 1194 αἱρέσεως,
761 1158 886 1191 ἕλκοντες
913 1160 977 1192 τοὺς

188 1194 313 1240 ἀμαθεῖς,
329 1197 422 1235 ὣσπερ
444 1201 602 1238 ἀγκίστροις
627 1205 667 1236 εἰς
688 1204 739 1240 τὴν
758 1205 905 1233 ἀπώλειαν.
921 1205 976 1233 Αὖ-

188 1238 230 1272 θις
243 1239 289 1267 οὖν
299 1242 385 1276 ἀγῶνι
395 1243 524 1281 δυσμάχῳ
534 1247 678 1284 συνείχετο,
694 1238 822 1286 ἐλέγχων,
830 1252 974 1288 ἐπιτιμῶν,

187 1288 367 1322 παρακαλῶν,
377 1291 441 1322 τοὺς
457 1292 506 1326 μὲν
520 1294 549 1320 έν
559 1296 592 1330 τῇ
605 1296 694 1323 πίστει
702 1296 904 1331 διαφυλάττων,
914 1300 976 1332 τοὺς

187 1333 380 1382 δὲιὲπανάγων,
393 1336 454 1364 ὅθεν
470 1339 608 1372 ἐξέπεσον.
626 1339 677 1369 Οἷα
693 1343 715 1369 δ’
726 1341 772 1370 οὖν
786 1344 891 1379 πέφυκε
908 1353 974 1382 συμ-

187 1378 297 1428 πίπτειν
312 1381 341 1407 ἐν
356 1383 412 1414 τοῖς
423 1383 563 1418 τοιούτοις,
573 1386 645 1422 ήτῆς
653 1388 758 1420 τελείας
767 1378 896 1425 ὁμολογία
910 1378 976 1428 σαρ-

187 1424 299 1470 κώσεως
330 1427 371 1460 εἰς
392 1428 440 1456 δύο
471 1431 545 1463 υἰοὺς
570 1432 699 1470 ἐνομίσθη
725 1424 789 1467 τοῖς
805 1424 976 1469 ἀπαιδεύτοις

185 1468 326 1505 ὣαίρεσις.
346 1472 401 1505 Ἀεὶ
416 1471 462 1501 οὖν
478 1475 517 1510 τῷ
542 1468 622 1513 δήμῳ
646 1468 908 1516 προσ-καθεζομένων
921 1468 975 1510 τῶν

187 1516 320 1565 φθιτητῶν
341 1517 553 1565 Ἀπολλιναρίου,
576 1523 623 1550 καὶ
637 1525 723 1552 ταῦτα
733 1525 780 1552 τοῦ
802 1518 875 1554 ὁσίου
891 1536 975 1565 καί-η⁵

1028 931 1153 960 h:eresim
1169 931 1196 958 in
1215 931 1302 959 lucem
1320 929 1408 958 effert.
1433 929 1570 958 Christum
1587 930 1658 956 enim
1675 928 1815 962 haudqua-

1027 983 1107 1011 quam
1126 975 1305 1003 vere.factum
1321 975 1458 1002 hominem
1473 974 1607 1006 sentiens,
1625 979 1734 1001 carnem
1752 977 1813 999 tan-

1027 1026 1083 1049 tum
1097 1022 1269 1056 animamque
1285 1021 1397 1048 rationis
1407 1025 1545 1055 expertem
1557 1020 1590 1046 ab
1603 1026 1635 1047 eo
1647 1022 1824 1053 assumptam.

1026 1075 1086 1095 esse
1108 1068 1238 1099 docebat.
1273 1068 1392 1095 animam
1414 1065 1590 1100 intelligentia
1611 1065 1750 1100 pmditam
1778 1063 1825 1092 ab.

1030 1113 1114 1148 Ipsius
1130 1113 1296 1140 humanitate
1311 1112 1486 1140 abscindens.
1498 1111 1619 1146 Cumque
1631 1110 1741 1144 profana
1752 1116 1818 1137 erus

1026 1160 1127 1187 ditione
1149 1158 1312 1193 excelleret,
1339 1159 1438 1186 multos
1462 1158 1606 1186 verborum
1629 1156 1763 1184 lenocinio
1785 1155 1820 1182 in

1027 1205 1150 1232 fraudem
1165 1204 1319 1232 inducebat.
1335 1204 1453 1231 Aderant
1467 1203 1549 1238 igitur
1564 1203 1664 1237 ubique
1680 1207 1813 1229 terrarum

1026 1251 1139 1279 iuet-esis
1163 1250 1307 1284 discipuli,
1329 1250 1452 1277 indoctos
1476 1247 1599 1276 homines
1624 1248 1700 1283 quasi
1725 1247 1813 1275 hamis

1025 1297 1186 1332 quibusdam
1203 1296 1230 1325 in
1245 1296 1358 1324 exitium
1375 1295 1524 1323 trahentes.
1547 1295 1650 1322 Rursus
1664 1294 1745 1328 igitur
1758 1293 1812 1320 dif-

1025 1342 1089 1370 ficili
1117 1341 1268 1370 certamine
1292 1341 1456 1369 constrictus
1480 1339 1622 1368 tenebatur
1645 1339 1812 1374 Gregorius,

1024 1386 1491 1422 arguens,increpans.ohsecrans',
1503 1386 1571 1414 alios
1581 1386 1608 1413 in
1620 1386 1670 1413 fide
1681 1385 1829 1419 retinens...

1025 1433 1093 1460 alios
1118 1440 1151 1461 eo
1162 1433 1232 1460 unde
1245 1433 1402 1460 exciderant
1420 1432 1559 1460 reducens.
1573 1432 1609 1461 Ut
1621 1437 1709 1460 autem
1726 1432 1752 1459 in
1765 1431 1820 1460 hu.

1022 1478 1139 1514 jusmodi
1152 1479 1233 1508 rebus
1249 1479 1373 1507 accidere
1386 1478 1465 1511 solet,
1478 1479 1604 1514 perfecta:
1618 1477 1831 1506 incarnationis,

1024 1525 1159 1554 confessio
1179 1525 1214 1553 ab
1233 1525 1369 1560 imperitis
1385 1525 1422 1552 ita
1439 1529 1549 1559 accepta
1564 1529 1605 1552 est
1616 1545 1623 1556 ,
1637 1524 1714 1560 quasi
1732 1524 1812 1552 Chri-

185 1561 349 1597 γορούντων,
376 1564 485 1600 ἰσχυσεν
509 1567 525 1602 ή
550 1568 676 1604 ὲπήρεια.
700 1569 791 1603 Ῥανὶς
803 1571 858 1607 γὰρ
874 1561 976 1600 ἐνδελε‹

1027 1577 1085 1599 stus
1098 1571 1124 1599 in
1138 1571 1206 1599 duos
1219 1571 1291 1599 tilios
1306 1571 1481 1599 divideretur.
1500 1571 1538 1598 Ac
1550 1570 1663 1606 proinde
1675 1570 1817 1606 Apollina-.

187 1607 273 1641 χοῦσα
288 1609 417 1638 κοιλαίνει
443 1612 557 1649 πέτραν.
568 1614 625 1641 Καὶ
640 1615 734 1652 ἐπειδὴ
748 1616 783 1644 τὰ
797 1618 908 1646 τοιαῦτα
927 1619 978 1656 τῆς

185 1653 241 1680 τῶν
257 1654 360 1682 πολλῶν
374 1656 460 1693 ἀκοῆς
473 1658 638 1695 ὑψηλότερα,
663 1661 700 1697 μὴ
711 1655 871 1698 δυναμένων
886 1653 975 1692 συνιέ-

185 1709 233 1747 ναι
243 1701 293 1736 τῆς
307 1703 462 1739 οἰκονομίας
472 1705 503 1731 τὺ
523 1705 613 1740 βάθος,
631 1707 707 1735 λύκοι
720 1709 770 1747 μὲν
786 1710 958 1738 ἐπιστεύοντο
968 1721 976 1728 ι

186 1746 200 1790 ό
213 1745 242 1772 δὲ
259 1748 362 1783 ποιμὴν
375 1749 495 1785 ὑπῆρχεν
507 1751 536 1777 ὲν
549 1751 662 1789 ὑποψίᾳ,
676 1753 726 1790 τὴν
737 1745 870 1790 ’ἀλήθειαν
879 1756 977 1784 ἐκπαι-

184 1789 280 1837 εεύων.
298 1792 330 1818 Oi
349 1790 395 1819 οὖν
419 1794 469 1829 τῆς
486 1795 590 1828 Ἀρείου
610 1796 689 1832 δόξης
704 1789 868 1834 ὖπέρμαχοι,
882 1800 976 1837 ὥσπερ

186 1836 250 1868 σύες
265 1837 303 1872 (1)
317 1838 407 1874 ἄγριοι
424 1841 495 1867 κατὰ
513 1841 560 1868 τοῦ
575 1842 648 1870 ὁσίου
664 1843 748 1871 πάλαι
761 1845 811 1881 τὴν
822 1846 907 1882 ὀργὴν
924 1836 977 1874 πα-

187 1882 352 1918 ραθήγοντες
365 1884 413 1919 (2),
435 1886 635 1922 προσλαϐόντες
658 1889 686 1915 δὲ
700 1890 748 1917 καὶ
759 1891 808 1927 τὴν
824 1892 976 1920 ἐπαναστᾶ-

186 1935 236 1954 σαν
248 1928 322 1964 αὑτῷ
334 1930 456 1966 ταραχὴν
475 1931 522 1957 καὶ
539 1935 722 1968 συκοφαντίαν
739 1935 772 1962 ἐκ
785 1935 840 1962 τῶν
854 1936 977 1970 δοξαζὰν-

183 1981 239 2000 των
256 1973 291 2001 τὰ
309 1975 524 2012 ’Δπολλιναρίου,
545 1978 694 2013 ἐξάψαντες
706 1979 752 2007 τὸν
769 1980 854 2017 δῆμον
867 1973 976 2017 ψευδέσι

184 2018 285 2054 λόγοις,
300 2020 383 2052 λίθοις
410 2022 460 2057 μὲν
477 2023 522 2049 τὸν
546 2023 632 2060 ἄνδρα
655 2025 829 2059 κατέλευσαν,
859 2027 897 2060 ὥς
911 2037 976 2056 ποτε

191 2066 312 2093 Ἰουδαῖοι
331 2067 376 2094 τὸν
390 2068 526 2102 Στέφανον
537 2077 544 2084 ·
567 2070 637 2105 πλήν
655 2079 688 2106 γε
705 2071 814 2108 ἀστοκοι
829 2074 918 2101 αὐτῶν
934 2084 977 2110 γε·

185 2112 279 2147 γόνασι
292 2113 320 2139 αι
336 2113 413 2148 βολαὶ
428 2114 478 2150 (5),
490 2114 558 2142 Θεοῦ
573 2116 721 2149 σκέποντος
738 2118 783 2145 τδν
798 2119 894 2147 ἑαυτοῦ
909 2121 977 2157 πρό-

186 2167 284 2194 μαχον.

1026 1616 1059 1644 rii
1071 1615 1212 1651 discipulis
1222 1623 1360 1652 nunquam
1373 1624 1425 1644 non
1437 1616 1506 1651 plebi
1518 1616 1713 1650 assidentibus,
1725 1615 1829 1650 pium-_

1026 1669 1078 1696 que
1090 1661 1176 1690 virum
1189 1662 1393 1695 accusantibus,
1405 1662 1459 1689 vim
1472 1661 1565 1689 habuit
1575 1661 1719 1688 calumnia.
1732 1660 1813 1688 Gutta

1024 1708 1096 1735 enim
1112 1708 1282 1735 continenter
1298 1707 1426 1735 decidens
1446 1711 1526 1735 cavat
1548 1707 1674 1742 lapidem.
1697 1706 1730 1733 Et
1745 1712 1813 1741 quo-

1026 1756 1098 1781 niam
1115 1753 1268 1789 hujusmodi
1280 1754 1480 1788 disputationes
1495 1752 1565 1788 vulgi
1578 1757 1657 1787 captu
1671 1751 1814 1779 sublimio-

1026 1809 1069 1828 res
1083 1805 1180 1832 erant,
1202 1801 1301 1836 quippe
1323 1799 1394 1834 quod
1418 1799 1614 1828 incarnationis
1634 1798 1731 1826 divlnaa
1748 1806 1812 1834 pro-

1026 1845 1186 1873 funditatem
1201 1846 1308 1880 assequi
1325 1854 1377 1872 non
1395 1850 1510 1880 posset:
1526 1845 1628 1873 idcirco
1644 1844 1699 1879 lupi
1717 1844 1769 1871 [ide
1785 1849 1814 1871 ct

1026 1892 1187 1920 auctoritate
1212 1892 1283 1927 apud
1308 1891 1509 1919 multitudinem
1533 1891 1661 1919 valebant
1685 1899 1692 1919 :
1721 1895 1814 1926 pastor

1025 1943 1133 1970 contra,
1145 1938 1286 1965 veritatem
1299 1938 1399 1966 docens
1413 1937 1567 1973 suspicione
1577 1937 1727 1965 laborabat.
1741 1937 1814 1971 Quo-

1026 1984 1097 2012 circa
1123 1985 1231 2012 Arianae
1253 1986 1395 2013 sententiae
1419 1990 1648 2021 propugnatores,
1671 1985 1717 2020 qui
1740 1984 1815 2012 velut

1026 2031 1084 2065 apri
1100 2031 1246 2059 truculenti
1262 2032 1329 2059 iram
1343 2031 1591 2066 suamjampridem
1608 2033 1738 2059 adversus
1750 2038 1813 2058 san-

1025 2082 1098 2104 ctum
1114 2082 1255 2111 acnerant,
1269 2077 1415 2105 accedente
1425 2077 1481 2111 jam
1495 2085 1527 2104 eo
1544 2066 1658 2104 tumultu
1670 2082 1698 2103 et
1709 2075 1814 2103 calum-

1025 2123 1068 2150 nia
1083 2142 1091 2156 ,
1113 2131 1173 2158 quae
1188 2124 1238 2159 ipsi
1255 2124 1289 2151 ab
1308 2123 1466 2158 Apollinarii
1483 2123 1595 2151 asseclis
1609 2122 1724 2151 conﬂata
1741 2127 1812 2154 erat,

1024 2168 1100 2196 falsis
1113 2169 1285 2197 sermonibus
1300 2169 1464 2198 inﬂammata
1478 2169 1566 2204 plebe,
1581 2168 1715 2203 lapidibus
1727 2167 1826 2196 homim

186 2213 264 2250 nem,
279 2206 503 2240 quemadmodum
525 2208 588 2236 olim
605 2208 689 2237 Judaei
708 2211 909 2247 Stephanum";
925 2213 1104 2243 insectantur.
1123 2215 1221 2244 Verum
1250 2217 1306 2244 Deo
1326 2217 1439 2244 militem
1473 2224 1552 2244 suum
1584 2223 1729 2250 causasque
1756 2214 1826 2244 sua!

185 2249 357 2277 defensorem
372 2255 496 2286 tegente,
516 2252 617 2281 frustra
637 2255 662 2282 in
684 2262 746 2283 eum
767 2264 831 2284 saxa
849 2259 1036 2294 conjecerunt.

221 2297 418 2345 Συλλαϐόμενοι
428 2299 457 2326 δὲ
471 2300 563 2334 αὐτὸν,
573 2301 612 2337 τῷ
626 2302 672 2330 τοῦ
682 2304 815 2331 ὑπατικοῦ
833 2307 972 2342 παρέστη-

1065 2307 1133 2336 Tum
1147 2299 1213 2336 vero
1226 2314 1378 2345 correptum
1395 2310 1481 2345 ipsum
1496 2309 1528 2338 ad
1541 2309 1683 2338 consulare
1695 2310 1830 2340 tribunai‘

185 2351 236 2371 σαν
247 2343 359 2380 βήματι,
371 2344 409 2376 ὥς
420 2354 481 2373 τινα
493 2347 620 2383 ταραχῶν
634 2348 681 2375 καί
693 2350 813 2377 στάσεων
828 2351 922 2378 αἴτιον.
943 2353 975 2379 Ὢ

185 2390 234 2425 τῆς
251 2389 417 2426 ἀναλγησίας
428 2392 433 2419 !
445 2392 468 2418 ὢ
485 2393 625 2430 ἰσχύοςμ)
636 2395 682 2422 τοῦ
693 2395 807 2430 ψεύδους
818 2419 824 2430 ,
840 2399 864 2424 εἰ
876 2399 975 2434 Γρηγό-

187 2444 243 2471 ριος
253 2437 317 2472 περὶ
325 2438 451 2465 τοιούτων
458 2439 589 2475 ἐκρίνετο,
598 2441 612 2468 ὁ
619 2442 723 2477 καὶτῆς
732 2443 786 2469 τῶν
794 2444 881 2472 ἄλλων
891 2445 976 2482 ὀργῆς

193 2490 224 2512 τε
237 2482 284 2509 καὶ
295 2483 407 2515 ἀταξίας
419 2484 573 2519 ἠπιώτατος
588 2487 690 2522 ἰατρὸς,
705 2489 718 2514 ὁ
731 2489 780 2524 τῆς
789 2489 899 2526 εἰρήνης
908 2489 976 2526 βρα-

184 2527 292 2564 ϐευτὴς,
303 2529 318 2556 ὁ
336 2529 454 2565 Χριστοῦ
477 2531 610 2567 μαθητὴς,
625 2533 671 2560 τοῦ
681 2534 766 2570 πρᾴου
787 2536 834 2562 καὶ
846 2536 975 2563 ταπεινοῦ

184 2575 230 2602 καὶ
246 2574 454 2610 νομοθετοῦντος
468 2577 518 2612 τὴν
534 2579 684 2606 ἐπιείκειαν
697 2580 704 2606 !
717 2580 802 2613 Δὺτὺς
822 2581 860 2614 δὲ,
875 2582 977 2619 καίπερ

217 2672 225 2690 ι
245 2667 268 2694 ll
285 2667 351 2703 Reg.
367 2675 407 2700 tn,
447 2668 490 2696 ³11
503 2668 575 2697 Tim.
591 2676 628 2702 tv,
641 2669 668 2696 Ξ.
716 2669 727 2686 ⁸
741 2669 800 2698 Act.
813 2678 863 2704 vn,
881 2670 927 2698 58.

290 2754 366 2792 Qolb.
376 2756 408 2792 Α,
422 2757 470 2792 τὴν
484 2757 605 2792 ἀταξίαν.

291 2790 357 2829 god:
370 2790 418 2829 ρι’.
432 2789 618 2829 ἐδυσχέραινον.

291 2802 665 2866 ξῇἷσέξῗῖἷῖμῗέζηι,
682 2829 828 2864 superiores
849 2829 904 2866 ipso
920 2839 974 2860 me

187 2864 321 2896 nequirent
330 2864 463 2896 quomodo
475 2864 577 2891 uellent.

223 2894 261 2931 (1)
274 2894 342 2926 Cod.
357 2896 388 2926 P.
405 2894 462 2932 ὗες,
476 2903 502 2927 et
518 2900 544 2928 in
557 2907 612 2931 not.
628 2910 714 2940 marg.
729 2903 828 2940 χοῖροι.

1029 2354 1144 2388 sistunt,
1168 2355 1241 2382 velut
1265 2356 1407 2391 quemdam
1432 2355 1593 2383 tumulluum
1608 2359 1635 2383 et
1650 2355 1816 2384 seditionum

1027 2405 1175 2429 auctorem.
1188 2401 1211 2430 0
1223 2407 1362 2436 stuporem
1375 2402 1577 2430 admirandum!
1588 2409 1605 2430 ο
1614 2403 1668 2430 vim
1679 2402 1816 2430 mendacii;

1027 2446 1171 2482 insignem,
1189 2448 1210 2475 si
1230 2447 1377 2483 Gregorius
1389 2448 1422 2475 de
1437 2448 1480 2476 bis
1494 2448 1575 2476 rebus
1589 2456 1698 2476 causam
1717 2449 1812 2476 dicen—

1027 2492 1089 2520 dum
1103 2492 1237 2532 habebat;
1254 2493 1309 2527 ille,
1322 2493 1443 2528 inquam,
1457 2494 1538 2521 etiam
1550 2495 1645 2522 aliena:
1657 2493 1703 2522 irae
1715 2499 1740 2522 et
1751 2501 1812 2529 per-

1028 2539 1190 2566 turbationis
1205 2539 1360 2568 lenissimus
1373 2540 1511 2573 modicus,
1536 2540 1583 2568 ille
1604 2541 1678 2576 pacis
1697 2541 1811 2573 arbiter,

1027 2584 1072 2613 ille
1085 2584 1202 2619 Christi,
1225 2585 1359 2615 mansueti
1374 2591 1402 2615 et
1415 2587 1544 2621 humilis,
1565 2587 1813 2615 mansuetudinem-

1064 2761 1102 2797 (2)
1115 2761 1182 2797 Cod.
1194 2760 1228 2797 P._
1235 2762 1442 2797 παροξύνοντες.

1027 2796 1103 2859 "(1(5)
1114 2795 1237 2824 Combef.
1251 2795 1282 2823 αί
1294 2797 1398 2832 βουλαί,
1416 2796 1492 2825 irrita
1504 2798 1610 2833 [uerunt
1620 2806 1710 2826 eorum
1728 2800 1819 2828 comi--

1068 2852 1106 2907 ἱι)
1123 2871 1189 2902 Cod.
1207 2869 1253 2900 0r.
1268 2869 1290 2899 ὦ
1305 2870 1354 2907 τῆς
1370 2870 1478 2908 ισχύοςι
