2055 3130
252 159 306 189 279

813 158 893 188 ἭΤΔ
916 161 945 189 S.
967 160 1132 190 GREGORII
1149 161 1321 190 THEOLOGI

1819 164 1873 189 £30

251 225 305 253 que
325 217 403 246 nobis
426 216 479 245 lata
503 216 561 254 lege
579 217 796 254 promulgantis,
814 219 981 255 discipulus!
1002 219 1036 246 At

1094 218 1255 255 τηλικούτοις
1267 219 1393 254 χαλεποῖς
1407 218 1598 254 συνεχόμενος,
1621 218 1711 246 ἐκεῖνα
1723 219 1831 255 ἑφρόνει
1842 227 1875 246 τι

252 270 318 291 vero
337 262 406 298 ipse,
421 263 529 291 tametsi
541 268 580 290 tot
590 263 727 298 tantisque
741 271 830 291 rerum
842 264 1038 292 acerbitatibus

253 313 432 343 premeretur,
459 308 516 336 haec
534 313 622 336 tamen
650 309 782 337 sentiebat
807 317 838 338 ac
860 310 1036 346 proloqueba-

253 359 297 380 tur
311 358 420 388 propter
435 361 531 380 nomen
553 357 637 383 tuum.
653 354 758 383 Christe
771 363 778 382 :
796 354 908 382 Etiasi
923 356 1039 383 antbula-

253 407 314 427 ιιι-ο
329 400 355 426 in
371 399 454 426 medio
468 400 569 428 umbrae
583 400 684 433 martis,
699 409 750 428 non
764 402 858 429 timebo
871 401 958 435 mala,
974 410 1039 436 quo-

255 446 324 472 niam
338 450 366 472 tu
381 454 479 472 mecum
494 453 520 473 es
530 446 552 473 '.
569 445 637 474 Hinc
653 447 734 482 igitur
747 455 762 474 a
772 447 862 482 judice
876 448 936 476 sine
950 448 1040 475 verbe-

255 491 329 518 ribus
341 496 368 518 et
386 491 526 518 tormentis
540 491 666 519 dimissus
683 497 737 524 est.
751 498 854 527 martyr
865 493 923 520 sine
933 493 1037 528 pericu-

253 536 307 568 lis,
330 541 358 564 et
381 537 439 564 sine
461 537 594 565 vibicibus
614 537 772 570 laureatos,
795 546 856 566 cum
881 539 931 566 hoc
957 546 1037 565 unum

253 580 436 617 prastitisset,
449 586 478 608 ut
489 589 520 609 ea
535 582 626 610 animo
638 588 664 609 et
675 583 812 610 voluntate
824 583 966 618 perferret,
979 591 1039 619 quae

254 629 343 663 ipsum
356 628 410 663 pati
429 627 555 656 Christus
568 629 678 655 minime
694 629 826 663 permisit.

290 673 449 708 Huiusmodi
464 675 555 709 itaque
566 675 760 702 certaminibus
772 674 921 701 clarissime
932 674 1040 709 perfusi-

255 724 325 752 ctusI
340 719 395 752 iam
411 720 482 754 apud
498 727 592 748 omnes
611 719 700 747 clarus
713 725 788 753 erat,
802 719 967 755 beatusque,
984 726 1039 747 tum

255 766 291 792 ob
303 765 414 793 liberam
432 773 502 793 vera:
516 766 647 794 doctrina:
663 766 916 802 promulgationem,
935 772 990 793 tum
1006 768 1040 794 ob

255 811 401 844 virtutem,
419 815 511 846 totque
527 812 679 839 exantlatos
695 812 802 839 labores
814 812 994 839 censebatur:
1010 812 1040 838 il-

257 854 349 882 lustris
371 855 452 882 etiam
477 860 504 883 et
525 856 685 891 conspicuus
699 857 733 884 ob
750 857 877 884 Ecclesia:
896 856 1042 884 multitudi-

255 908 328 928 nem.
342 902 400 935 Quo
413 901 512 929 factum
524 908 563 930 cst
572 908 601 930 ut
610 903 716 934 Petrus.
729 910 830 938 magnae
841 903 916 930 urbis
928 903 1040 930 Alenn-
1057 897 1077 925 Β

256 947 342 976 drina
355 948 515 984 episcopus,
529 949 684 984 egregiique
705 949 776 976 illius
795 949 934 977 Athanasii
952 949 978 976 in
994 956 1042 984 pa-

257 994 350 1021 storali
373 1002 485 1022 munere
509 1002 659 1028 successor,
681 996 713 1023 ad
737 995 896 1030 Gregorium
917 994 1040 1030 Magnum

257 1039 396 1075 scripserit
407 1060 415 1073 ,
431 1041 737 1076 Constantinopolitanae
753 1042 879 1069 Ecclesia;
899 1041 1041 1075 imperium

258 1086 283 1114 ei
298 1087 472 1116 conﬁrmans.
494 1087 525 1114 Et
545 1088 652 1123 quidem
668 1089 819 1116 rectissime
832 1093 859 1116 et
873 1089 1041 1124 mqnissime,

258 1140 320 1160 eum
336 1134 490 1168 episcopatu
503 1141 564 1162 esse
574 1154 581 1166 ,
597 1135 643 1170 qui
664 1134 771 1162 labores
787 1139 850 1163 ante
865 1135 1042 1169 impenderat,

261 1186 341 1214 quam
357 1179 390 1206 ad
408 1179 564 1215 dignitatem
580 1180 752 1215 perveniret.
769 1181 968 1215 thronumque,
989 1189 1042 1209 non

259 1225 378 1252 humano
393 1225 494 1258 favore,
514 1226 560 1254 sed
586 1234 634 1262 pro
650 1227 779 1254 sudorum
806 1227 918 1261 praemio
935 1231 962 1255 et
977 1235 1044 1254 mer-

258 1271 324 1298 cede
339 1276 491 1307 acceperat.
514 1272 673 1305 Quanquam
690 1277 779 1300 autem
798 1281 887 1300 rerum
904 1274 938 1301 ab
952 1281 984 1301 eo
1000 1280 1043 1308 ge-

258 1322 360 1344 starant
379 1318 456 1352 copia
472 1323 581 1352 repente
595 1318 621 1345 in
637 1319 755 1346 animum
780 1319 889 1347 subiens
913 1319 1043 1347 orationis

258 1363 357 1390 seriem
373 1363 533 1398 perturbat,
557 1372 590 1391 ac
612 1363 685 1391 velut
710 1364 736 1391 in
759 1365 896 1398 reciproca
915 1364 1042 1393 ﬂuctuum

258 1408 418 1444 agitatione,
433 1410 603 1444 sequentium
619 1409 735 1444 impetus
747 1411 835 1445 priora
850 1411 960 1438 obruit:
976 1417 1043 1445 quo-

259 1454 331 1481 niam
349 1458 437 1481 tamen
452 1455 485 1481 ad
500 1454 642 1481 dicendum
657 1455 740 1483 semel
755 1463 897 1491 aggressus
910 1463 980 1489 sum,
991 1463 1042 1483 non

259 1501 335 1535 prius
349 1500 494 1528 abscedam
509 1507 589 1535 quant
604 1500 636 1527 ad
650 1501 729 1528 tinem
745 1508 906 1535 pervenero,
922 1501 1042 1536 Gregorii

261 1547 346 1574 Deum
360 1546 526 1573 iuﬁt‘mitalis
544 1553 609 1574 mem
620 1546 810 1580 opitulatorem
828 1554 987 1580 assumens,
1003 1555 1043 1575 νε·
1057 1565 1078 1593 c

260 1597 399 1626 stramque
412 1591 606 1619 humanitatem
622 1597 648 1618 ct
664 1592 818 1619 facilitatem
838 1593 954 1621 intuens.

296 1637 361 1665 Erat
374 1638 400 1664 in
416 1637 488 1671 regia
510 1637 620 1664 civitate
643 1637 775 1665 Maximus
796 1638 925 1672 quidam,
944 1645 1042 1674 genere

261 1682 414 1719 Egyptius,
429 1683 550 1710 moribus
563 1682 712 1716 barbarus,
728 1691 814 1710 novus
829 1684 963 1718 quispiam
979 1683 1045 1711 Jan-

259 1736 308 1756 nes
324 1729 345 1761 ⁶,
360 1727 489 1756 adversus
502 1727 673 1763 Gregorium,
687 1729 759 1755 \‘elut
773 1729 902 1756 adversus
916 1729 1043 1765 Moysem,

259 1774 344 1801 aciem
363 1774 508 1800 instruens.
531 1773 590 1805 Hic,
618 1781 678 1800 cum
699 1773 821 1809 cynicam
847 1774 1043 1809 philosophiam

260 1818 400 1854 amplexus
412 1823 494 1849 esset.
513 1818 665 1852 baculoque
681 1823 708 1846 et
725 1825 802 1844 coma
815 1823 842 1845 et
857 1818 938 1852 pallio
953 1818 1042 1852 gravi—

259 1867 323 1894 tatis
343 1866 459 1900 speciem
479 1873 534 1900 prze
557 1873 586 1892 se
601 1864 685 1892 ferret
699 1884 706 1897 ,
725 1865 910 1899 hactenusque
929 1864 1046 1899 philoso-

260 1913 407 1947 pharetur;
424 1917 552 1939 caeterum
565 1911 682 1946 ingluvie
697 1915 723 1937 et
735 1911 884 1945 cupiditate
900 1915 983 1946 atque
998 1911 1044 1938 im-

260 1957 386 1992 prudentia
408 1957 483 1984 canis
504 1957 594 1991 potius
616 1964 696 1991 quam
724 1957 836 1992 cynicus
856 1962 945 1988 esset,
970 1957 1046 1984 Anti-

261 2003 366 2029 sthenis
378 2002 560 2029 sectatoribus
584 2001 747 2034 contrarius,
772 2002 889 2037 talisque
904 2023 912 2035 ,
937 2003 1044 2037 qualem

261 2047 402 2083 Scriptura
419 2047 502 2074 Nabal
526 2046 696 2074 describit':
719 2047 753 2074 ad
778 2054 884 2075 sacrum
909 2053 1044 2081 pastorem

262 2094 386 2126 accedit,
402 2097 484 2128 atque
507 2093 540 2120 ab
560 2101 593 2120 eo
618 2093 678 2120 ildei
698 2093 860 2120 Christiana:
884 2094 1046 2120 rudimentis

261 2140 382 2168 imbutus
393 2159 401 2172 ,
420 2139 585 2174 impietatem
604 2139 754 2171 detliscens,
770 2146 833 2173 pars
847 2138 977 2167 Ecclesia:
990 2139 1047 2166 clIi-

263 2187 336 2214 citur
356 2193 434 2214 sacro
457 2185 618 2219 baptismate
647 2190 774 2218 renatus;
801 2185 916 2220 ﬁctaque
939 2186 1047 2218 pictatis

1089 265 1136 292 καὶ
1149 265 1299 300 ἐφθέγγετο
1314 265 1353 301 (5)
1367 265 1459 292 ἕνεκεν
1475 265 1523 293 τοῦ
1540 265 1670 301 ὀνόματός
1686 273 1744 298 σου,
1756 265 1873 301 Χριατέ·

1094 311 1166 338 Ἐὰν
1191 311 1241 339 καὶ
1269 310 1404 346 πορευθῶ
1426 312 1462 339 ἐν
1474 311 1558 347 μέσῳ
1572 311 1662 344 σκιᾶς
1681 311 1821 343 θανάτου,
1838 311 1875 339 οὐ

1087 356 1294 392 φοϐηθήσομαι
1315 359 1402 390 κακὰ,
1418 357 1462 387 ὅτι
1475 357 1515 385 σὺ
1529 357 1592 393 μετ’
1609 357 1683 392 ἐμοῦ
1698 355 1736 384 εἴ.
1755 356 1877 384 Κάντεῦ-

1089 401 1134 428 θεν
1145 401 1209 436 γοῦν
1226 402 1263 437 (6)
1279 403 1420 438 μαστίγων
1447 402 1494 430 καὶ
1514 402 1606 434 αἰκίας
1626 402 1709 437 χωρὶς
1731 401 1874 433 ἀπελύετο,

1090 447 1194 483 μάρτις
1210 448 1273 475 ἄνευ
1299 448 1429 476 κινδύνων
1449 448 1500 484 (7),
1521 449 1567 475 καὶ
1579 447 1640 483 δίχα
1658 447 1799 483 μωλώπων
1814 456 1876 474 στε-

1089 493 1253 529 φανηφόρος,
1270 494 1395 521 τοσοῦτον
1424 493 1503 530 μόνον
1533 493 1707 528 εἰσενεγκὼν,
1732 494 1794 520 ὅσον
1808 493 1874 520 ὐπο-

1090 540 1180 574 μεῖναι
1193 541 1225 566 τῆ
1241 539 1412 575 προαιρέσει,
1431 539 1449 567 ἃ
1466 540 1503 576 μὴ
1520 539 1615 568 παθεῖν
1631 539 1746 575 Χριστὸς
1758 538 1875 575 συνεχώο

1090 593 1166 621 ρησε.

1125 677 1260 708 Toto-iret;
1283 685 1329 703 ουν
1353 676 1391 712 (8)
1418 677 1572 712 διαλάμψας
1596 676 1712 711 ἅγῶσινί
1727 676 1776 712 ἤδη
1795 678 1876 704 πᾶσιν

1091 722 1196 758 ὑπῆρχε
1223 723 1381 759 καταφανής
1394 730 1400 737 ·
1422 722 1541 758 ζηλωτὸς
1559 723 1608 758 μὲν
1627 724 1659 758 τῇ
1676 722 1814 759 παῤῥνησία
1827 723 1875 758 τῆς

1090 768 1229 804 ἀληθείας.
1246 768 1365 804 ζηλωτὸς
1377 769 1406 795 δὲ
1419 770 1452 805 τῇ
1463 770 1547 805 ἀρετῇ
1558 769 1604 795 καὶ
1616 770 1673 800 τοῖς
1689 768 1824 801 τοσούτοις
1836 768 1875 803 (9)

1091 814 1197 846 πόνοις·
1216 814 1385 846 ἀπόδλεπτος
1412 815 1440 841 δὲ
1458 814 1497 849 τῷ
1520 814 1615 850 πλήθει
1640 813 1688 849 τῆς
1705 813 1875 849 Ἐκκλησίας.

1092 860 1172 888 Ὥστε
1185 861 1231 887 καὶ
1245 861 1358 895 Πέτρον,
1373 861 1520 887 ἐπίσκοπον
1533 861 1597 888 ὅντα
1617 861 1665 896 τῆς
1685 859 1878 895 Ἀλεξανδρέων

1094 907 1309 943 μεγαλοπόλεως,
1337 906 1497 934 Ἀθανασίου
1516 906 1562 933 τοῦ
1577 907 1648 933 πάνυ
1668 906 1717 942 τὴν
1734 914 1877 941 ποιμαντι-

1092 953 1143 988 κὴν
1162 952 1340 987 ἐκδεξάμενον
1362 951 1428 985 (10),
1445 951 1595 978 ἐπιστεῖλαι
1610 951 1752 986 Γρηγορίῳ
1773 950 1812 986 τῷ
1827 958 1877 986 με-

1092 998 1166 1034 γάλῳ
1194 998 1242 1033 τὴν
1257 998 1461 1024 Κωνσταντίνου
1486 997 1589 1029 πόλεως
1606 997 1692 1033 ἀρχὴν
1720 996 1877 1031 βεόαιοῦντα

1094 1044 1160 1078 (11).
1173 1044 1229 1070 Kal.
1244 1043 1304 1070 λίαν
1317 1052 1348 1078 γε
1360 1043 1449 1079 ὀρθῶς
1469 1043 1517 1069 καὶ
1529 1043 1648 1074 δικαίως,
1660 1042 1753 1069 τοῦτον
1766 1041 1876 1069 ἐπίσκο-

1094 1098 1142 1116 πον
1156 1089 1212 1124 (12)
1228 1086 1309 1121 εἶναι,
1324 1089 1370 1115 τὸν
1384 1089 1448 1120 τοὺς
1462 1088 1560 1121 πόνους
1575 1087 1817 1124 προεισενεγκόντα
1829 1086 1877 1114 τοῦ

1093 1133 1259 1169 ἀξιώματος,
1273 1134 1318 1160 καὶ
1335 1133 1430 1169 μισθὸν
1450 1132 1569 1169 ἱδρώτων
1582 1133 1626 1160 τὸν
1639 1133 1743 1168 θρόνον,
1759 1132 1826 1160 ἀλλὰ
1841 1133 1877 1168 μὴ

1093 1181 1172 1216 χάριν
1190 1179 1363 1216 ἀνθρωπίνην
1384 1179 1618 1215 ἀπενεγκάμενον.
1638 1178 1675 1205 Τὸ
1690 1179 1739 1214 μὲν
1753 1176 1798 1205 οὖν
1812 1178 1880 1213 πλῆ-

1093 1226 1138 1257 θος
1149 1225 1202 1252 τῶν
1225 1226 1429 1261 πεπραγμένων
1446 1224 1521 1260 αὐτῷ
1545 1225 1662 1260 ἀθρόως,
1688 1225 1807 1251 ὲπεισιόν
1828 1233 1878 1260 μου

1092 1273 1126 1307 τῇ
1142 1270 1255 1307 διανοίᾳ,
1269 1272 1365 1307 συγχεῖ
1379 1270 1426 1306 τὴν
1452 1270 1621 1301 ἀκολουθίαν,
1649 1269 1697 1296 καὶ
1712 1269 1836 1304 καθάπερ
1850 1270 1879 1296 ἐν

1094 1317 1222 1352 κυμάτων
1241 1316 1424 1342 ἐπαναστάσει
1444 1315 1498 1342 τῶν
1514 1315 1647 1351 δευτέρων
1667 1316 1684 1351 ἡ
1705 1315 1775 1351 φορὰ
1797 1314 1880 1342 καλύο

1094 1370 1156 1388 πτει
1171 1361 1204 1388 τὰ
1215 1361 1365 1395 φθάσαντα.
1387 1360 1456 1387 Ἀλλ’
1477 1358 1523 1388 οὖν
1536 1360 1609 1393 ἅπαξ
1626 1360 1762 1392 καταστὰς
1782 1361 1821 1392 εἰς
1834 1359 1879 1386 τδν

1093 1407 1182 1442 λόγον,
1195 1407 1226 1434 οὗ
1240 1407 1481 1442 προαποστήσομαι
1493 1405 1540 1432 τοῦ
1554 1405 1656 1438 τέλους,
1675 1406 1719 1433 τδν
1730 1405 1880 1442 Γρηγορίου

1094 1453 1160 1480 Θεὸν
1179 1452 1325 1488 λαμϐάνων
1341 1452 1391 1487 τῆς
1419 1452 1561 1484 ἀσθενείας
1585 1451 1640 1487 (15)
1664 1452 1817 1488 ἐπίκουρον,
1831 1451 1880 1478 καὶ

1095 1500 1134 1530 εἰς
1162 1499 1192 1525 τὸ
1222 1499 1382 1534 σύγγνωμον
1410 1497 1520 1532 ἀφορῶν
1551 1497 1601 1534 τῆς
1628 1497 1762 1534 ὑμετέρας
1789 1499 1878 1524 ἐπιει-

1095 1546 1182 1577 κείας.

1136 1637 1260 1672 Ἐγένετό
1279 1646 1321 1669 τις
1344 1637 1374 1664 ἐν
1390 1638 1422 1673 τῇ
1448 1635 1562 1672 βασιλίδι
1589 1635 1725 1671 Μάξιμος.
1747 1635 1779 1662 τδ
1803 1635 1882 1670 γένος

1094 1683 1254 1718 Αἰγύπτιος.
1274 1683 1318 1709 τὸν
1342 1682 1440 1718 τρόπον
1458 1682 1605 1718 βάρΰαρος,
1625 1681 1728 1716 Ἰαννῆς
1745 1689 1786 1713 τις
1809 1680 1897 1718 νέος,¹

1095 1726 1150 1756 οἷον
1166 1728 1237 1755 κατὰ
1252 1728 1299 1754 τοῦ
1316 1727 1458 1759 Μωῡσέως
1473 1727 1615 1763 Γρηγορίῳ
1628 1725 1881 1762 παραταττόμενος’

1095 1770 1171 1806 οὗτος
1197 1773 1341 1808 φιλόσοφος
1370 1772 1408 1799 ὢν
1423 1772 1534 1804 κυνικὸς
1558 1774 1590 1808 τῇ
1616 1771 1758 1808 βακτηρίᾳ,
1781 1771 1828 1798 καὶ
1848 1771 1881 1806 τῇ

1095 1821 1178 1857 κόμῃ,
1202 1820 1250 1847 καὶ
1278 1819 1317 1855 τῷ
1344 1819 1456 1856 τρίϐωνι
1484 1818 1696 1854 σεμνυνόμενος,
1727 1817 1774 1844 καὶ
1801 1816 1882 1852 μέχρι

1094 1867 1188 1894 τούτου
1205 1866 1259 1901 (14)
1278 1866 1346 1901 ἔχων
1362 1865 1391 1892 τὸ
1410 1865 1581 1900 φιλοσοφεῖν·
1598 1864 1647 1900 τὴν
1663 1863 1692 1889 δὲ
1713 1870 1884 1897 γαστριμαρ-

1095 1913 1167 1949 γίαν,
1187 1913 1235 1940 καὶ
1252 1912 1305 1947 τὴν
1319 1911 1484 1944 πλεονεξίαν,
1510 1910 1558 1938 καὶ.
1579 1910 1628 1945 τὴν
1646 1908 1782 1936 ἀναίδειαν
1811 1906 1883 1934 κύων

1098 1961 1197 1996 μᾶλλον
1216 1958 1367 1995 ἢκυνικὺς,
1388 1959 1435 1985 καὶ
1458 1957 1513 1984 τῶν
1536 1955 1719 1986 Ἀντισθένους
1739 1953 1884 1990 γνωρίμων

1096 2006 1247 2038 ἀντίθετος-
1267 2005 1313 2032 καὶ
1335 2001 1389 2031 οἷον
1418 2004 1463 2031 τὸν
1487 2002 1590 2034 Νάϐαλ,
1614 2001 1749 2037 ἀκούομεν
1769 1999 1884 2036 προσελ·

1097 2053 1150 2080 θὼν
1165 2052 1204 2088 τῷ
1221 2051 1285 2087 ἱερῷ
1300 2051 1421 2087 ποιμένι,
1440 2050 1487 2078 καὶ
1512 2050 1577 2085 παρ’
1598 2048 1680 2075 αὑτοῦ
1707 2046 1884 2082 κατηχηθεὶς,

1098 2098 1263 2135 μεταμαθὼν
1282 2098 1330 2134 τὴν
1345 2097 1450 2128 ἀθεῖαν,
1468 2097 1549 2133 μέρος
1564 2095 1613 2131 τῆς
1641 2093 1804 2128 Ἐκκλησίας
1818 2091 1884 2119 καθ-

1098 2146 1214 2177 ίσταται,
1234 2143 1424 2180 ἀναγεννηθεὶς
1439 2143 1478 2178 τῷ
1500 2142 1677 2178 βαπτίσματι.
1694 2139 1843 2167 Εὺλάδειαν
1855 2137 1884 2165 δὲ

1098 2189 1320 2225 ὑποκρινόμενος,
1336 2187 1482 2223 ὀμορόψιος
1497 2186 1552 2222 (15)
1569 2186 1615 2213 καὶ
1629 2183 1816 2221 ὁμοτράπεζος
1836 2181 1883 2209 τοῦ

262 2232 353 2266 specie
368 2231 404 2258 ita
417 2231 572 2265 episcopum
589 2232 671 2265 cepit,
688 2235 716 2257 ut
731 2231 827 2258 eadem
839 2238 901 2258 cum
919 2239 952 2258 eo
966 2231 1044 2259 domo

1099 2235 1250 2270 ἀρχιερέως
1268 2234 1441 2265 καθίσταται,
1457 2234 1547 2260 πάντα
1560 2231 1634 2267 αὑτῷ
1649 2229 1718 2258 εἶναι
1733 2229 1788 2265 (16)
1811 2237 1886 2264 νομι-

262 2277 410 2311 eademque
429 2284 520 2304 mensa
541 2281 672 2310 uteretur,
690 2281 770 2312 atque
793 2277 843 2312 ipsi
864 2277 971 2312 quidvis
985 2285 1047 2305 esse

263 2328 430 2357 censeretur,
444 2323 566 2350 sincerus
580 2323 713 2356 minister,
729 2323 864 2351 doctrinae
878 2330 1046 2351 sermonum-

1103 2279 1226 2315 ζόμενος,
1246 2278 1356 2313 γνήσιος
1375 2277 1531 2313 ὑπηρέτης,
1555 2276 1640 2311 λόγων
1663 2275 1817 2310 ἐπαινέτης.
1841 2271 1885 2299 εὖ·

1101 2333 1164 2356 νους
1178 2325 1351 2360 Χριστιανοῖς
1366 2323 1434 2359 (17),
1446 2323 1476 2350 οὐ
1494 2321 1670 2357 φαυλότατος.
1688 2322 1732 2353 Ὠς
1748 2320 1776 2347 δὲ
1788 2320 1885 2354 πεῖραν

299 2415 309 2431 ¹
323 2413 394 2442 Psal.
410 2421 474 2444 ειη.
493 2414 518 2441 4.
560 2413 570 2429 ¹
586 2413 659 2441 Exod
679 2421 707 2445 ll,
725 2414 768 2446 11;
788 2412 810 2440 11
831 2413 900 2442 Tim.
915 2422 955 2446 ut,
972 2413 998 2441 8.
1039 2414 1044 2429 ’

1099 2413 1162 2447 lteg.
1177 2420 1240 2445 xxv,
1254 2413 1271 2439 5
1285 2420 1344 2447 sqq.

300 2491 338 2526 (5)
352 2492 417 2518 Cod.
433 2490 462 2526 ΡΣ
479 2491 627 2518 ἐδίδασκεν.

299 2527 432 2567 (6)Gpdd.
446 2525 494 2567 0r.
504 2526 629 2567 ἐξιίέρὼἶ
683 2526 844 2567 Τοιγαροῦγ.
857 2525 931 2553 Colb.
950 2526 976 2553 1.
989 2526 1050 2554 τοι..

262 2560 339 2597 γοῧνζ
357 2561 415 2590 Mox
427 2563 491 2597 food.
504 2561 535 2588 P.
547 2561 594 2587 καὶ
602 2560 701 2597 αίτίας,
717 2560 775 2589 εἰπέ
785 2561 871 2594 culpa.

311 2597 338 2663 7)
350 2597 414 2640 Cod.
425 2596 454 2624 P.
467 2597 530 2623 ἄνευ
546 2596 699 2639 μαστίγων.

311 2633 326 2658 8
349 2632 425 2660 Colb.
436 2633 462 2663 Ι,
475 2639 611 2662 τοσουτοις
626 2636 699 2663 ουν,ι

311 2629 337 2663 8)
349 2632 462 2663 Colb.1,
475 2629 611 2662 τοσούτοις
626 2629 682 2663 οὖν,
694 2630 774 2657 tantis
787 2631 877 2664 igitur.

301 2665 338 2703 (9)
347 2667 385 2694 Ita
395 2668 455 2695 cod.
467 2667 580 2698 Colb.1,
588 2667 615 2699 2,
623 2667 669 2695 0r.
681 2671 707 2693 et
717 2666 840 2693 Combel'.
851 2666 876 2693 In
886 2666 950 2693 edit.
960 2665 1046 2693 τοιοὺ-

263 2711 356 2770 τοιῗθ)
377 2736 422 2765 Sic
437 2736 512 2764 Colb.
528 2737 555 2770 2,
575 2742 603 2765 et
625 2737 745 2765 Combei'.
765 2743 826 2764 cum
847 2736 965 2770 antiquis
981 2734 1047 2763 edit.

262 2772 328 2799 Cod.
346 2773 392 2800 Or.
420 2772 617 2808 εἰσδεξάμενον.
645 2773 671 2800 In
697 2771 1048 2808 εάίιζὲκδεξαμένουηεθᾱ

263 2814 422 2842 perperam;
438 2805 504 2834 nam
515 2805 634 2841 Petrum,
651 2809 683 2835 de
693 2815 747 2842 quo
759 2805 904 2841 Gregorius
918 2805 1046 2842 loquitur,

264 2840 367 2882 certum
381 2848 422 2882 est
442 2847 502 2876 post
524 2840 711 2873 Athanasium—
728 2842 937 2871 Alexandrinam
957 2840 1048 2868 Eccle-

263 2885 330 2905 llillll
347 2884 457 2904 I'OSISSB.

1153 2489 1296 2525 11)‘Codd.
1310 2490 1342 2518 P.
1361 2490 1435 2518 Colb.
1456 2489 1470 2517 1
1491 2494 1519 2518 et
1539 2490 1567 2522 2.
1589 2489 1792 2526 ἅρχιιρωοῷνην
1812 2486 1886 2522 αὓτῷ

1103 2524 1274 2561 βεϐαιοῦντα,
1293 2534 1422 2554 summum
1436 2524 1650 2561 sacerdotium'fi
1666 2524 1822 2558 conﬁrmans

1139 2560 1194 2595 (12)
1208 2561 1291 2589 Codd.
1306 2561 1352 2588 0r.
1368 2561 1397 2587 Ρ.
1413 2566 1439 2587 et
1453 2560 1528 2587 Colb.
1543 2561 1570 2593 1,
1587 2560 1680 2587 τοῦτον
1699 2559 1866 2587 ἐπισκοπεῖν.

1137 2595 1191 2630 (15)
1207 2595 1273 2623 Cod.
1287 2596 1334 2624 0r.
1347 2595 1398 2630 τῆς
1413 2595 1550 2630 ἀληθείας.

1137 2618 1192 2665 ms
1206 2618 1280 2666 eam.
1290 2618 1543 2666 ma'éiizrau-‘ajr.

1136 2665 1193 2701 (15)
1206 2665 1281 2701 Cle.
1295 2666 1323 2696 2,
1335 2665 1480 2701 ὁμορόφιός
1490 2673 1531 2697 τε,
1547 2665 1669 2701 εοάηοιι.
1688 2665 1850 2701 ὀμόρροφοι.

1140 2699 1195 2735 (16⁷)
1210 2699 1286 2727 Εἶναι
1302 2699 1374 2728 deest
1388 2699 1494 2728 in'cod.
1510 2701 1557 2728 0r.
1570 2705 1598 2727 et
1614 2700 1643 2727 P.

1137 2736 1192 2771 (17)
1206 2736 1272 2763 Cod.
1296 2735 1344 2764 0r.
1369 2736 1539 2771 Χριστιανός,
1554 2743 1614 2762 cum
1631 2743 1682 2769 qua
1702 2734 1815 2761 lectione
1828 2739 1887 2759 ver-

1102 2772 1210 2798 tendum
1223 2775 1305 2798 esset.
1328 2779 1477 2798 sermonum
1500 2770 1625 2798 laudator
1641 2769 1790 2798 benevolus.
1809 2767 1887 2795 Chri-

1102 2775 1210 2798 tendum
1223 2775 1305 2802 esset.
1328 2779 1477 2798 sermonum
1500 2775 1625 2798 laudator
1641 2775 1790 2798 benevolus.
1809 2775 1887 2795 enn-

1101 2805 1203 2845 s_ti£izus
1219 2814 1270 2833 non
1287 2805 1411 2845 uulgaris.
1439 2806 1486 2845 lta_
1503 2810 1530 2845 et
1680 2811 1788 2845 omnem
1808 2802 1891 2845 solvit

1101 2839 1294 2902 diillc’tttsltatem,
1307 2837 1368 2869 dum
1382 2841 1408 2868 in
1426 2848 1458 2868 eo
1479 2840 1576 2877 legitur
1588 2840 1625 2867 ὀὑ
1646 2839 1810 2875 φαυλότατος
1822 2837 1888 2873 Χρι-

1102 2883 1169 2902 στια·
1194 2885 1216 2902 ς.
1251 2899 1255 2902 .

1102 2883 1216 2907 στιανος.
1251 2899 1255 2902 .
