2055 3130
259 165 314 194 285

812 166 889 194 VlTA
911 167 940 194 S.
959 166 1124 196 GREGORH
1144 165 1319 195 THEOLOGI

1838 168 1892 196 284

260 223 332 251 Urbs
346 228 428 258 porro
444 222 484 250 ira
497 226 635 256 aastnans,
651 222 704 250 dici
726 229 778 250 non
797 228 885 258 potest
899 227 964 258 quot
981 231 1047 251 con-

1100 223 1195 258 ἠξίους
1222 222 1444 260 Περιέστηιγοῦν
1463 221 1538 259 αὐτῷ
1553 221 1706 257 κάνταῦθα,
1730 223 1771 254 είς
1794 224 1893 252 ἀπολο-

260 270 392 296 viciorum
412 269 532 303 plaustra
549 268 575 296 in
591 268 737 296 Maximum
753 269 893 302 effuderit.
912 270 962 304 ipsi
978 277 1046 304 quo-

260 323 314 349 que
331 314 461 350 Gregorio
478 321 658 345 succensens,
684 314 730 349 qui
754 319 830 342 tanta
857 314 1044 343 benevolentia

260 366 288 388 et
303 360 487 387 familiaritate
503 359 636 387 nefarium
651 360 789 386 hominem
807 360 965 394 complexus
982 360 1044 387 fuis-

1099 270 1161 303 γίας
1185 269 1240 305 (29)
1263 269 1356 303 ἀγῶνα
1374 269 1405 295 τὸ
1425 269 1528 305 δρᾶμα.
1553 269 1705 305 Τοιγαροῦν
1728 269 1776 296 τοῦ
1804 270 1892 306 δήμου

1098 315 1129 342 τὸ
1145 315 1312 351 φλεγμαῖνον
1330 316 1364 351 τῇ
1379 315 1539 350 φαρμακείᾳ
1555 315 1610 342 τῶν
1624 314 1712 350 λόγων
1727 315 1783 351 (30)
1804 325 1891 343 κατα-

1098 363 1238 397 πραΰνων.
1254 362 1321 397 φησὶ
1334 362 1403 396 πρὸς
1416 361 1514 393 αὐτούς
1525 370 1533 376 ·

260 412 312 435 set.
326 406 419 441 itaque
430 406 486 440 jam
502 413 535 432 eo
552 412 595 432 res
612 405 662 440 ipsi
677 405 809 432 reciderat
823 426 831 439 ,
848 410 877 432 ut
889 411 917 432 et
929 406 985 440 ipse
999 407 1041 433 sui
1062 407 1192 442 purgandi
1220 407 1340 434 laborem
1373 407 1467 434 subire
1478 412 1631 442 cogeretur.
1659 408 1700 436 Ac
1719 407 1844 444 proinde,
1862 413 1892 437 ut

259 453 429 480 exulceratos
451 451 538 488 plebis
560 452 665 480 animos
685 452 818 480 orationis
844 453 1042 481 medicamento
1060 454 1169 487 leniret,
1186 454 1222 481 ita
1238 461 1286 482 eos
1297 453 1395 481 allatus
1410 457 1453 481 est
1471 462 1478 480 :

297 531 306 548 ι
323 521 427 552 Nolite,
449 528 466 548 ο
480 520 542 552 viri,
556 520 621 547 mihi
638 520 706 554 patri
722 524 814 547 vestro
828 528 1000 549 succensere.
1019 521 1048 548 Si

260 568 333 595 cnim
358 574 425 602 ego,
451 566 522 601 quod
546 573 589 594 me
613 566 759 602 benignum
786 566 824 593 illi
849 574 882 595 ac
906 567 1046 597 liberalem

259 613 431 648 prmbuerim,
443 613 528 647 cnlpte
539 612 674 640 obnoxius
687 621 757 644 sum.
769 613 834 648 quia
847 613 977 640 malitiam
993 622 1045 642 non

258 659 381 695 ιιι-αεεείνὶ
398 668 404 687 :
421 659 485 694 quid
507 660 616 687 tandem
634 659 678 686 ille
701 659 797 692 fuerit,
815 659 861 693 qui
878 659 1046 694 benignitate

259 714 316 733 mea
330 705 498 733 etbeneticio
513 713 588 737 usus.
605 704 675 732 hanc
689 705 754 732 mihi
769 705 886 740 gratiam
902 705 1045 740 rependit,

259 757 288 778 nt
299 752 359 779 Viue
371 759 439 779 meae
450 751 563 780 insidias
577 751 716 778 strueret?
730 751 823 787 Neque
837 752 909 778 enim
925 751 1046 779 fraudem

259 805 313 824 non
341 797 517 832 praevidisse,
545 796 655 825 crimini
683 797 741 824 dari
766 797 869 824 debet:
894 797 946 825 hoc
974 796 1046 824 enim

260 842 344 869 solius
363 842 409 869 Dei
425 846 477 870 est.
491 842 529 869 Ac
542 847 678 877 praeterea
690 842 757 877 legis
770 842 928 877 praescripto
942 843 1046 870 viscera

259 888 387 914 mnnibns
412 887 518 922 aperire
541 887 681 922 jubetnur,
708 892 875 922 paternoque
895 887 993 916 affectu
1019 893 1047 915 et

260 932 444 960 benevolentia
458 940 516 964 eos,
531 932 578 967 qui
597 932 649 961 fide
663 933 767 967 praediti
783 938 858 964 sunt.
873 933 998 967 amplecti
1013 941 1045 960 ac
1064 952 1086 979 Β

261 978 341 1006 tueri.
370 978 439 1005 Eum
457 979 544 1010 enim,
558 978 603 1011 qui
625 979 691 1005 venit
719 979 753 1007 ad
773 979 890 1012 me,.ait
905 978 1046 1012 Christus,

261 1033 311 1051 non
327 1025 432 1058 eiiciam
452 1024 524 1058 foras
535 1024 560 1052 ⁸.
580 1024 705 1058 Magnum
730 1025 856 1059 quiddam
884 1025 948 1052 mihi
968 1029 1046 1057 erat,

260 1071 393 1098 Maximus
409 1077 424 1097 a
441 1070 595 1098 Graecorum
613 1071 807 1105 superstitione
829 1071 862 1098 ad
878 1070 1043 1106 baptismum

261 1117 410 1149 accedens,
437 1121 465 1144 et
486 1115 648 1143 Trinitatem
676 1115 802 1144 Herculis
831 1116 892 1144 loco
918 1116 1046 1144 adorans.

1141 521 1208 557 ιΜή
1229 529 1286 557 μοι,
1308 517 1330 548 ὦ
1357 521 1462 556 ἄνδρες,
1482 521 1522 556 τῷ
1539 521 1625 557 πατρὶ
1651 521 1842 556 χαλεπαίνητε.
1858 521 1891 549 El

1100 567 1155 602 γὰρ
1172 567 1238 602 ἐγὼ,
1255 567 1374 603 χρηστὸς
1391 566 1488 602 ἐκείνῳ
1512 567 1615 601 φανεὶς,
1631 567 1722 599 αἰτίας
1736 567 1836 602 ἔνοχος,
1852 567 1889 604 μὴ

1100 615 1235 650 προγνοὺς
1253 614 1302 650 τὴν
1321 613 1432 648 κακίαν,
1450 613 1477 640 τί
1497 614 1556 640 ποτ’
1571 613 1603 640 ἂν
1618 613 1661 649 εἴη
1676 615 1691 640 ὁ
1709 613 1759 649 τῆς
1775 614 1889 651 χρηστό-

1098 669 1179 696 τητος
1199 660 1366 693 ἀπολαύσας,
1385 661 1434 688 καὶ
1455 660 1612 692 ἐπιϐουλαῖς
1632 659 1835 696 ἀμειψάμενοςς
1851 661 1888 688 Οὐ

1098 707 1152 743 γὰρ
1165 707 1196 734 τὸ
1214 707 1252 743 μὴ
1267 706 1424 742 προϊδέσθαι
1443 706 1492 742 τὴν
1509 706 1608 733 κακίαν
1624 706 1791 734 ὑπεύθυνον·
1811 706 1890 734 τοῦτο

1097 753 1152 788 γὰρ
1173 753 1254 789 μόνου
1280 752 1358 780 Θεοῦ.
1387 752 1459 787 Πρὸς
1482 751 1511 778 δὲ
1544 752 1591 779 καὶ
1614 751 1697 788 νόμος
1730 753 1795 788 ἡμῖν
1815 753 1890 779 ἐστιν

1097 799 1198 826 ἆπασιν
1218 799 1337 833 ἀνοίγειν
1353 799 1387 825 τὰ
1406 797 1563 834 σπλάγχνα,
1583 798 1631 825 καὶ
1649 800 1750 835 στοργῇ
1770 800 1888 835 πατρικῇ

1096 844 1150 878 τῷν
1175 845 1357 871 πιστευόντων
1382 843 1644 879 ἀντιλαμϐάνεσθαι,
1659 844 1720 875 Τὸν,
1735 844 1791 879 γὰρ
1806 845 1890 880 ἐρχό-

1097 899 1190 925 μενον
1217 891 1291 925 πρὸς
1312 890 1371 926 μὲ,
1395 890 1630 926 Χριστόςηφησιν,
1652 890 1689 916 οὐ
1705 889 1749 925 μὴ
1772 889 1890 918 ἐκϐάλω

1095 936 1166 971 ἔξω.
1185 937 1264 970 Μέγα
1284 945 1329 971 μοι
1350 934 1591 971 ἦνὲξῇΕλλήνων
1617 935 1743 971 Μάξιμος
1761 935 1889 971 βαπτιζό-

1102 991 1193 1018 μενος,
1211 982 1259 1009 καὶ
1275 982 1378 1019 Τριάδα
1391 981 1529 1018 λατρεύων
1544 981 1601 1009 ἀνθ’
1619 981 1796 1018 Ἡρακλέους.
1811 982 1891 1018 Μέγα

1102 1038 1147 1065 μοι
1160 1026 1193 1064 ἦν
1217 1029 1287 1065 ἀνὴρ
1308 1028 1542 1064 μεταποιούμενος
1556 1025 1668 1064 ἀρετῆς,
1684 1030 1709 1055 εί
1728 1029 1775 1056 καὶ
1791 1030 1819 1056 ὲν
1834 1031 1891 1062 τοῖς

1100 1075 1262 1107 τελευταίοις
1286 1075 1368 1108 ἔδειξε
1391 1075 1441 1110 τὴν
1463 1075 1493 1102 ὲν
1516 1075 1573 1106 τοῖς
1590 1075 1709 1111 πρώτοις
1735 1075 1888 1111 ὑπόκρισιν.

1107 1121 1176 1147 Ἀλλ’
1189 1121 1238 1156 οὐχ
1255 1120 1333 1156 ἡμῶν
1355 1120 1513 1155 δοκιμάζειν
1528 1119 1626 1146 ταῦτα.
1645 1120 1683 1147 Οὐ
1698 1119 1752 1156 γὰρ
1772 1120 1891 1157 ἐνθυμή-

260 1163 385 1198 Amplum
412 1170 444 1190 ac
472 1162 631 1197 praclarum
658 1162 823 1195 videbatur,
843 1162 928 1191 homo
954 1163 1047 1190 virtuti

1103 1175 1186 1203 μασιν
1208 1166 1405 1202 ὲμὸατεύομεν,
1417 1166 1478 1193 οὐδὲ
1495 1166 1524 1192 τὸ
1543 1165 1638 1201 μέλλον
1653 1166 1732 1201 ίσμεν
1748 1166 1817 1202 πλὴν
1835 1168 1892 1196 ἐπι-

260 1210 371 1237 studens
384 1229 392 1241 ,
409 1209 514 1236 etiamsi
541 1209 568 1236 in
592 1210 739 1244 postremis
766 1209 845 1236 rebus
865 1209 965 1243 prioris
986 1209 1047 1236 vita:

1103 1212 1227 1250 φροσύνῃ
1249 1213 1305 1247 (51)
1331 1211 1398 1238 Θεοῦ
1425 1212 1505 1239 τοῦτο
1532 1211 1685 1247 χαρίσαιτο.
1711 1211 1806 1246 Ἡμεῖς
1831 1212 1892 1247 μὲν

261 1255 426 1290 bypocrisim
451 1255 603 1282 luculenter
621 1256 740 1282 ostendit
777 1255 829 1282 Sed
852 1261 972 1282 nostrum
991 1263 1042 1282 non

1100 1255 1157 1284 οὖν
1169 1256 1283 1291 ὁρῶμεν
1300 1258 1343 1289 εἰς
1357 1257 1521 1290 πρόσωπον
1530 1264 1536 1271 ·
1555 1256 1626 1289 Θεὸς
1643 1255 1678 1282 δὲ
1695 1254 1749 1290 ὁρᾷ
1762 1257 1805 1290 είς
1819 1264 1892 1290 καρ-

259 1307 302 1329 est
315 1303 372 1329 inec
391 1301 545 1335 explorare.
569 1301 631 1328 Non
651 1302 723 1329 enim
740 1302 765 1329 in
788 1301 928 1328 hominum
943 1301 1044 1336 cogita-

1100 1302 1179 1333 δίαν,
1214 1301 1282 1337 ὅπερ
1320 1301 1467 1335 ἠκούσατε.
1490 1310 1499 1328 ι
1525 1301 1636 1332 Τούτοις
1658 1300 1802 1335 τοιγαροῦν
1824 1310 1890 1327 κατ-

261 1350 347 1375 tiones
361 1353 545 1382 pemtramus,
565 1355 614 1375 nec
629 1347 736 1376 futuros
750 1352 865 1376 eventus
887 1352 1044 1383 perspectos

1100 1346 1198 1382 εστάλη
1213 1346 1244 1373 τὸ
1254 1346 1367 1382 πλῆθος,
1383 1346 1430 1377 καὶ
1444 1347 1478 1382 τῇ
1494 1346 1585 1382 εὐνοίᾳ
1597 1346 1697 1383 μᾶλλον
1713 1346 1752 1382 τῷ
1768 1346 1891 1383 ἀρχιερεῖ

260 1394 405 1426 habemus,
437 1393 486 1420 nisi
514 1393 716 1428 sapientissimo
742 1393 788 1421 Dei
815 1394 929 1422 consilio
961 1400 1045 1428 atque

1100 1393 1313 1428 προσετέθησαν.

260 1447 373 1468 nmnere
400 1440 426 1467 id
452 1439 531 1467 nobis
554 1440 696 1466 tribuatur.
719 1438 774 1467 Nos
790 1440 858 1466 enim
878 1439 994 1467 videmur
1009 1440 1038 1466 in
1056 1439 1149 1473 [aciem
1164 1446 1178 1467 :.
1193 1438 1263 1466 Deus
1296 1443 1384 1467 autem
1411 1447 1457 1465 cor
1475 1439 1559 1474 ipsum
1580 1440 1698 1466 intuetur
1711 1440 1733 1472 ',
1747 1439 1891 1474 quemad-

262 1488 372 1513 modum
390 1486 513 1514 audistis.
536 1495 547 1513 ›
575 1485 631 1513 llac
654 1486 777 1514 oratione
792 1486 973 1515 multitudinis
994 1486 1135 1514 iracundia
1151 1487 1244 1515 sedata
1275 1491 1355 1521 atque
1396 1494 1520 1521 repressa
1554 1491 1607 1519 est,
1624 1487 1775 1523 tnajorique
1808 1486 1891 1514 bene-

265 1532 381 1559 volentia
398 1532 517 1567 pontifici
535 1532 671 1567 adjuncta.

295 1599 355 1627 Jarn
377 1607 442 1627 vero
459 1600 621 1635 imperaturo
640 1600 795 1629 Theodosio
809 1622 816 1635 ,
836 1602 881 1638 qni
906 1609 991 1637 genus
1013 1610 1045 1629 cx

1134 1598 1187 1625 Τοῦ
1213 1598 1241 1625 δὲ
1267 1597 1399 1633 βασιλέως
1413 1597 1565 1630 Θεοδοσίου,
1588 1597 1618 1629 ὃς
1635 1597 1759 1633 ὑπῆρχεν
1784 1604 1817 1622 εκ
1841 1596 1891 1631 τῆς

263 1645 392 1679 Hispania
418 1645 555 1679 (lucebat,
579 1646 604 1672 in
629 1645 813 1673 Macedoniam
836 1654 898 1673 cum
925 1647 1047 1673 exercitu

261 1691 392 1724 profecto,
411 1690 565 1725 bellumque
580 1698 641 1718 cum
656 1690 875 1718 Occidentalibus
886 1691 1046 1726 quibusdam

262 1737 384 1764 barbaris
395 1742 520 1772 gerente,
531 1736 676 1770 Maximus,
689 1736 878 1773 Egyptiorum
888 1737 1045 1772 praesulum.

260 1791 276 1809 a
291 1783 388 1818 quibus
404 1783 547 1818 episcopus
563 1783 722 1817 designatus
738 1784 844 1816 fuerat,
862 1790 957 1817 agmen
973 1783 1047 1810 acci-

263 1830 357 1862 piens,
384 1837 416 1857 ac
439 1829 660 1857 Thessalonicam
689 1829 828 1862 profectus
856 1829 1047 1864 imperatorem

261 1875 336 1907 adit,
352 1879 433 1908 atque
446 1879 568 1910 augustae
584 1875 661 1903 urbis
679 1875 863 1910 episcopatum
880 1875 913 1903 ab
927 1883 958 1902 eo
970 1876 1047 1910 petit.

261 1920 393 1953 Quoniam
417 1921 489 1948 enim
518 1921 545 1947 in
571 1919 675 1956 legibus
698 1920 939 1955 sanctionibusqne
961 1920 1048 1948 eccle-

259 1966 383 1994 siasticis
405 1966 474 1993 nihil
491 1966 609 1994 habebat
625 1974 682 2001 quo
704 1967 850 1997 niteretur.
875 1966 1049 2001 imperatorio

263 2013 354 2040 edicto
370 2012 556 2039 sacerdotium
570 2012 709 2039 vindicare
724 2012 870 2047 cogitabat,
888 2017 917 2039 ιιι
932 2013 980 2047 qui
995 2020 1047 2039 non

261 2058 447 2090 sacerdotem,
473 2057 520 2085 sed
546 2063 688 2093 tyrannum
715 2066 795 2094 agere
813 2060 840 2086 in
860 2058 981 2086 animum
1006 2059 1047 2086 in-

262 2104 393 2131 duxisset.
406 2102 506 2131 Verum
519 2103 593 2131 illinc
606 2103 763 2139 ejiciuntur,
777 2104 940 2139 imperatore
952 2112 999 2132 eos
1010 2105 1050 2132 ira

262 2150 398 2184 minisque
432 2149 639 2177 vehementibus
670 2149 832 2177 insectante.
861 2149 931 2183 Quid
969 2150 1050 2185 igitur

263 2195 396 2222 Maximus
411 2195 477 2230 (vix
491 2196 563 2223 enim
581 2195 668 2231 frangi
683 2201 710 2224 et
727 2195 878 2231 expugnari
894 2201 981 2231 potest
993 2204 1050 2223 am-

262 2239 577 2274 bitio)?Alexandriam
603 2241 666 2268 navi
691 2241 781 2276 petit,
811 2248 926 2276 cumque
954 2241 1050 2269 iisdem

1105 1644 1240 1675 Ἱσπανίας
1258 1644 1290 1670 τὺ
1305 1644 1394 1678 γένος,
1421 1644 1450 1670 ὲν
1463 1645 1497 1678 τῇ
1521 1643 1675 1678 Μακεδονίᾳ
1696 1640 1892 1678 στρατοπεδεύ-

1101 1698 1210 1721 σαντος,
1227 1689 1274 1716 καί
1293 1697 1348 1716 τισι
1363 1689 1417 1715 τῶν
1435 1688 1571 1724 ἐσπερίων
1588 1687 1771 1723 πολεμοῦντος
1786 1686 1892 1722 ﬁade-

1101 1744 1164 1772 ρων,
1202 1734 1293 1761 λαϐὼν
1320 1733 1446 1770 Μάξιμος
1475 1733 1506 1760 τὸ
1535 1734 1629 1767 στῖφος
1653 1732 1709 1759 τῶν
1735 1731 1892 1766 Αἰγυπτίων

1099 1780 1269 1812 ἐπισκόπων,
1288 1779 1343 1806 τῶν
1366 1778 1623 1815 προχειρισαμένων
1644 1777 1725 1804 αὑτὸν
1745 1778 1785 1808 είς
1805 1777 1891 1812 ἱερέα,

1100 1825 1185 1852 ἐλθὼν
1198 1826 1239 1857 είς
1252 1824 1463 1860 Θεσσαλονίκην,
1478 1823 1518 1859 τῷ
1537 1823 1721 1860 αὐτοκράτορι
1738 1823 1890 1858 πρόσεισιν,
1908 1835 1911 1837 -

1098 1871 1182 1898 αἰτῶν
1218 1871 1267 1907 τῆς
1294 1870 1429 1906 βασιλίδος
1447 1869 1497 1906 τὴν
1517 1870 1679 1905 ὲπισκοπήν.
1701 1869 1748 1896 Ἐκ
1770 1867 1891 1904 γὰρθε-

1101 1916 1178 1952 σμῶν
1199 1915 1433 1951 ὲκκλησιαστικῶν
1447 1915 1477 1942 τὺ
1497 1914 1599 1950 ἰσχύειν
1615 1915 1666 1941 οὐκ
1680 1914 1761 1949 ἔχων,
1774 1914 1891 1949 προστά-

1099 1970 1185 1997 γματι
1208 1961 1340 1997 βασιλικῷ
1374 1960 1525 1997 ἱερατεύειν
1550 1960 1707 1997 διενοήθηπ
1721 1959 1816 1996 ὥστπρ
1840 1961 1892 1995 οὐχ

1100 2007 1260 2044 ἱερατεύειν,
1280 2007 1349 2035 ἀλλὰ
1363 2009 1504 2044 τυραννεῐν
1522 2007 1662 2043 ᾑρημένος
1672 2006 1749 2042 (5-2).
1766 2005 1887 2033 ’Δτι-ελαύ-

1100 2062 1191 2081 νονται
1206 2053 1234 2079 δὲ
1255 2053 1370 2086 ἐκεῖθεν,
1383 2052 1431 2079 τοῦ
1447 2052 1580 2088 βασιλέως
1595 2052 1693 2084 αὐτοὺς
1710 2051 1779 2088 ὀργῇ
1796 2059 1825 2078 τε
1844 2052 1891 2078 καὶ

1101 2098 1226 2130 ἀπειλαῖς
1252 2099 1382 2134 σφοδραῖς
1411 2097 1596 2131 ἑκδιώξαντος.
1625 2097 1658 2124 Τί
1674 2095 1721 2124 οὖν
1736 2098 1750 2123 ὁ
1767 2096 1891 2132 Μάξιμος

1101 2144 1254 2180 (δύσμαχον
1269 2144 1324 2179 γὰρ
1337 2144 1354 2179 ἠ
1369 2143 1527 2180 φιλαρχία);
1547 2143 1607 2170 Ἐπὶ
1622 2143 1672 2180 τὴν
1689 2142 1892 2178 ’Δλεξάνδρειαν

1102 2192 1194 2225 ἔπλει,
1214 2192 1261 2219 καὶ
1283 2193 1340 2223 τοῖς
1358 2192 1450 2223 αὐτοῖς
1468 2191 1648 2227 ἐγχειρήμασι
1670 2200 1746 2225 τινας
1769 2191 1824 2218 τῶν
1848 2192 1890 2218 οι,

1102 2238 1184 2264 κείων
1207 2237 1254 2264 τοῦ
1279 2236 1381 2273 Πέτρου
1400 2237 1554 2272 ὑποκλέψας
1584 2237 1698 2273 χρυσίῳ,
1719 2236 1837 2272 κάκείνῳ
1859 2237 1892 2264 ἐι

262 2286 366 2314 technis
378 2287 508 2320 quosdam
524 2286 597 2314 Petri
611 2286 786 2313 familiarium
801 2293 868 2314 auro
881 2286 1045 2321 pellexiSSet,

1100 2283 1148 2318 τῆς
1174 2282 1234 2319 ἴσης
1261 2283 1411 2319 μοχθηρίας
1444 2283 1639 2318 προσφέρεται.
1665 2293 1674 2310 t
1690 2283 1725 2310 Ἣ
1745 2283 1802 2319 γάρ
1828 2291 1890 2319 μοι,

262 2334 348 2367 ipsum
372 2334 479 2367 quoque
503 2334 560 2367 pari
580 2333 754 2368 improbitate
769 2333 935 2368 aggreditur.
963 2341 971 2357 ι
995 2333 1048 2359 Aut

259 2377 334 2403 enim
351 2377 435 2411 mihi,
457 2377 562 2412 inquit,
579 2382 699 2413 augustae
719 2378 837 2406 civitatis
862 2377 1048 2412 episcopatum

261 2429 369 2454 assere,
383 2427 429 2448 aut
443 2428 459 2448 a
482 2427 527 2450 tuo
552 2430 606 2450 non
623 2423 777 2452 abstinebo.
798 2433 808 2449 ι
836 2423 870 2450 Ει
884 2422 993 2458 quidem
1019 2422 1046 2450 in

268 2473 384 2504 apertum
409 2468 508 2496 malum
532 2468 619 2496 audax
639 2469 756 2498 hominis
778 2469 883 2497 facinus
907 2468 1041 2501 desiisset,

295 2569 306 2584 ⁸
319 2568 397 2597 Joan.
413 2577 451 2602 vt,
468 2569 513 2596 37.
550 2569 561 2585 ⁹
579 2569 586 2596 |
603 2569 668 2604 Reg.
685 2577 742 2601 XVI,
764 2569 788 2596 7.

299 2672 356 2715 e9)
379 2672 533 2715 ςιυάδ-ηιλ.
554 2672 679 2715 e!._C°"3:
712 2671 740 2715 4...
758 2671 816 2715 sis.
833 2669 1049 2715 ἀπολφπιψξξ

262 2705 368 2743 ἀγῶνα,
381 2710 416 2735 ita
433 2708 534 2743 antiqui
549 2708 639 2735 edit...
657 2707 744 2735 Vertit
758 2706 869 2735 Billius:
883 2713 910 2733 ut
927 2706 993 2741 facti
1007 2705 1049 2732 sui

264 2744 448 2778 purgationem
463 2743 632 2777 quaerendam
649 2743 763 2770 haberet.

299 2779 354 2813 (50)
373 2779 440 2805 Cod.
455 2779 501 2807 0r.
514 2778 561 2805 τοῦ
574 2778 664 2812 λόγου.

302 2810 358 2848 (si)
379 2813 424 2840 Sic
440 2814 530 2848 legunt
545 2810 647 2845 antiqui
663 2813 731 2841 edit.
749 2817 776 2840 et
788 2820 848 2840 con.
867 2811 943 2840 Coll).
958 2811 983 2839 2.
998 2810 1049 2837 Alii

267 2849 320 2889 alio
335 2848 425 2889 tngdg,
440 2848 560 2889 C_omli_e‘f.
577 2849 774 2889 ὲπευφροσύνῃ,
793 2850 852 2875 cod.
870 2848 917 2889 0r.
938 2848 1051 2887 ἐπιφρο-

267 2884 343 2919 σύνῃ.
359 2883 434 2912 Coll).
453 2884 478 2916 l,
500 2883 568 2920 πλὴν
588 2884 614 2911 εί
629 2883 672 2919 μοι
691 2883 757 2911 Θεοῦ
783 2883 943 2919 σωφροσύνῃ
963 2883 1049 2909 τοῦτο-

1103 2329 1181 2363 φησὶ,
1205 2327 1256 2363 τῆς
1274 2328 1409 2363 βασιλίδος
1432 2329 1482 2365 τὴν
1500 2329 1653 2366 ἐπισκοπὴν
1669 2330 1856 2365 περιποίησαι,
1871 2330 1889 2365 ἢ

1101 2374 1151 2410 τῆς
1167 2373 1219 2409 σῆς
1240 2374 1290 2401 οὐκ
1310 2374 1456 2410 ἀφέξομαι.
1471 2383 1480 2400 ι
1508 2375 1564 2402 Καὶ
1584 2374 1617 2411 δὴ
1637 2375 1670 2402 ἂν
1688 2376 1728 2407 είς
1753 2373 1892 2411 προῦπτον

1101 2420 1186 2447 κακὸν
1212 2419 1389 2456 ἐτελεύτησεν
1407 2422 1424 2456 ἡ
1439 2421 1538 2456 τόλμα,
1560 2421 1585 2447 εί
1610 2421 1648 2457 μὴ
1669 2422 1683 2448 ὸ
1701 2421 1752 2457 τῆς
1769 2421 1894 2453 Ἀλεξανο

1101 2465 1195 2502 δρείας
1218 2466 1339 2502 ὕπαρχος
1366 2466 1420 2494 δέει
1442 2467 1562 2499 στάσεως
1587 2467 1635 2493 καὶ
1653 2467 1741 2502 φόνων
1766 2467 1824 2503 (55)
1846 2467 1892 2494 τὸν

1099 2667 1166 2704 god.
1181 2667 1211 2695 P.
1228 2667 1297 2704 πλὴν
1309 2667 1378 2704 Θεοῦ
1397 2665 1576 2704 ἐπιφροσύνῃ,
1590 2665 1692 2704 _Bil|ius
1707 2665 1787 2694 vertit
1800 2673 1814 2704 :_
1831 2664 1892 2704 Nisi

1100 2702 1148 2738 Dei
1162 2701 1301 2738 prudentia
1316 2708 1340 2729 et
1353 2701 1475 2738 bene/icio
1488 2702 1536 2729 hoc
1551 2701 1624 2728 nobis
1636 2709 1788 2728 concessum
1799 2701 1890 2735 fuerit.

1101 2737 1131 2764 In
1150 2737 1270 2776 ξᾳίιεὲπὶ
1285 2737 1458 2776 σωφροσύνῃ.
1600 2769 1619 2776 η

1140 2773 1197 2806 (52)
1212 2773 1249 2799 Ita
1263 2773 1322 2800 cod.
1332 2770 1497 2799 'o'nmes'nec
1511 2779 1564 2798 non
1577 2770 1641 2799 edit.
1657 2775 1712 2798 ant.
1725 2770 1789 2798 olim
1805 2777 1892 2806 προῃ-

1105 2808 1231 2843 ρημένος.
1247 2808 1313 2843 Cod.
1326 2807 1355 2834 P.
1363 2807 1505 2843 (οἰόμενος.

1141 2840 1197 2878 (55)
1213 2843 1279 2871 Cod.
1295 2842 1342 2870 0r.
1359 2840 1549 2874 δέείστάσεως
1562 2841 1608 2868 καὶ
1628 2840 1718 2877 φόνου.
