2055 3130
174 176 231 206 οδε

686 173 850 203 AUCTOBE
870 174 1047 203 GREGORIO
1069 175 1310 204 PRESBYTERO.

1748 177 1801 205 286

175 231 304 268 Μάξιμον
321 231 372 267 τῆς
394 231 500 264 πόλεως
518 231 628 268 ἤλασεν.
646 230 675 258 '0
699 231 749 259 μὲν
769 229 817 259 οὖν
836 230 891 266 (51)
905 230 964 263 ἀξια

1020 232 1071 260 nisi
1099 232 1269 260 Alexandria:
1293 231 1437 268 prazl'ectus
1467 231 1607 261 seditionis
1632 235 1659 260 et
1687 232 1800 261 cadium

175 277 222 304 τοῦ
240 276 357 313 θράσους
371 277 479 311 ἐδέξατο
491 277 526 304 τὰ
545 277 683 313 ἐπίχειρα.

210 368 360 405 Γρηγόριος
371 368 410 401 δὲ,
422 368 461 404 τῷ
474 368 572 404 πλήθει
584 368 637 395 τῶν
653 368 743 396 πόνων
760 368 880 400 πιεσθεὶς
895 368 962 403 (55),

178 414 223 440 καὶ
243 413 403 449 ἀπειρηκὼς
417 414 484 449 πρὸς
497 412 547 445 τὰς
565 413 690 445 ποικίλας
705 413 856 449 φροντίδας,
873 412 964 439 οἴκαδε

176 461 240 490 ῐετο,
262 460 297 486 τὰ
313 459 436 495 ὲξιτήρια.
456 459 495 494 τῷ
512 458 569 494 λαῷ
590 458 858 494 προσφθεγξάμενος,
874 459 965 486 νουθε-

175 507 260 542 τήσας
276 507 374 538 αὐτοὺς
397 507 492 542 τηρεῖν
507 505 557 541 τὴν
577 505 678 537 πίστιν,
698 505 731 540 ἥν
754 506 963 541 παρειλήφασιν,

174 552 339 588 ἐργάζεσθαι
354 551 404 587 τὴν
418 551 528 587 ἀρετὴν,
541 551 575 586 ἣν
595 551 686 582 αὐτοῖς
701 551 755 586 (56)
777 551 850 586 ἔργῳ
864 560 893 578 τε
917 553 965 579 καὶ

175 599 248 634 λόγῳ
264 598 414 631 ὑπέδειξεν.
434 598 543 634 Ἐπειδὴ
561 597 663 624 τούτων
680 598 799 632 ἥκουσαν
817 598 917 634 κλῆρός
935 607 965 626 τε

176 646 224 673 καὶ
247 645 327 678 λαὸς,
348 645 398 680 μία
427 645 475 680 βοὴ
493 643 548 679 (57)
575 643 652 679 παρὰ
674 643 782 670 πάντων
801 643 891 679 ἤρθη,
916 643 965 679 τὴν

177 691 310 726 ἐκδημίαν
333 690 381 717 τοῦ
414 690 542 725 ποιμένος
569 688 754 725 ὀδυρομένων·
784 687 819 724 ἦν
846 698 876 716 τε
902 690 966 716 ίδεῖν

175 736 291 763 ἐλεεινὸν
317 736 422 771 θέαμα,
441 735 549 770 ἄνδρας,
570 736 712 768 γυναῖκας,
729 734 786 768 (58)
805 735 898 768 νέους,
921 735 967 769 γέ-

176 791 282 818 ροντας,
297 781 454 816 ἐλλογίμους
469 782 515 808 καὶ
535 781 659 818 ἀμαθεῖς,
679 781 822 817 ἄρχοντας,
845 779 964 812 ἰδιώτας,

176 829 298 860 ἅπαντας
320 829 427 864 οίμωγῇ
451 827 589 864 συμφώνῳ
608 828 824 864 κατεχομένους,
847 827 895 854 καὶ
918 827 966 863 τὴν

174 874 305 909 ὀρφανίαν
316 874 346 901 οὐ
358 874 489 910 φέροντας
497 883 504 889 θ
515 873 585 901 ὥστε
596 875 668 907 τινὰ,
684 874 733 910 τὴν
748 873 838 909 φωνὴν
849 873 965 909 ἄραντα,

175 920 307 956 τολμῆσαι
340 920 445 947 εἰπεῖν·
470 917 528 946 ιὮ
549 919 664 957 Πάτερ,
689 918 883 950 συνεκϐάλλεις
917 927 962 944 σε-

175 965 250 1000 αυτῷ
270 966 325 1001 (59)
347 965 396 1001 τὴν
411 965 524 1000 Τριάδα.
539 974 548 991 ι
565 965 673 1001 Ταύτης
695 964 814 996 ἀκούσας
832 963 882 999 τῆς
905 972 961 999 φω-

174 1011 249 1047 νῆςό
263 1010 405 1045 γεννάδας,
425 1010 548 1046 ἐλώφησε
567 1011 618 1046 τῆς
638 1010 741 1046 ὁρμῆς,
763 1010 811 1036 καὶ
829 1009 962 1044 ὑπέσχετο

181 1056 406 1093 συμπαραμένειν
425 1057 526 1088 αὐτοῖς,
550 1057 646 1092 μέχρις
665 1056 697 1083 ἂν
716 1056 873 1082 ἐπισκόπων
893 1063 963 1090 παρ-

178 1104 257 1130 ουσία
273 1103 331 1138 (καὶ
356 1103 411 1138 γὰρ
431 1100 466 1138 ἦν
496 1102 671 1138 ὲλπιζομένη)
699 1101 884 1137 προῦἀλληται
905 1099 961 1135 (40)

177 1156 239 1176 τινα
253 1149 302 1184 τῆς
314 1149 466 1183 ἐπισκοπῆς
482 1147 566 1181 ἀξιον,
581 1147 610 1180 ὃς
625 1147 705 1174 αὑτὸν
723 1146 869 1183 φροντίδων
888 1145 963 1172 ἐλευ-

176 1194 301 1230 θερώσει,
324 1194 465 1231 ἐπιτρέψει
489 1203 518 1220 τε
535 1194 593 1230 ἃμα
608 1194 658 1229 τὴν
681 1193 780 1225 ἔξοδον.
802 1192 895 1223 οὕτως
915 1189 962 1219 οὖν

176 1240 336 1276 διελύθησαν
358 1240 561 1277 τῇ-ὑποσχὲσει
588 1240 786 1275 θαρρήσαντες,
813 1239 888 1274 ὅρκῳ
914 1239 962 1275 μὲν

176 1288 206 1313 ού
221 1286 276 1322 (41)
297 1286 502 1321 βεϐαιωθέντες,
516 1286 555 1322 τῷ
569 1285 597 1312 δὲ
611 1285 704 1322 παγίῳ
725 1285 773 1311 τοῦ
794 1285 894 1321 τρόπου
913 1294 964 1312 κα-

176 1339 415 1363 ταπιστευσαντες.

213 1376 272 1404 Τῶν
288 1375 333 1404 οὖν
351 1376 445 1404 δεινῶν
463 1375 602 1409 εἰξάντων,
627 1375 672 1402 καὶ
693 1375 790 1414 σχολῆς
811 1375 963 1411 ἐνδοθείσης

176 1424 232 1455 τοῖς
256 1423 425 1459 πράγμασιν,
450 1420 528 1453 αὖθις
552 1421 691 1457 ἀνέλαμπε
721 1422 771 1457 τῆς
794 1421 908 1457 Τριάδος
931 1421 963 1448 τὸ

176 1468 275 1504 δόγμα,
291 1468 450 1503 διδασκαλίᾳ
469 1468 516 1495 καὶ
537 1468 629 1499 πόνοις
646 1467 693 1494 τοῦ
711 1467 847 1504 μακαρίου
863 1467 963 1494 πλατυ-

176 1514 292 1550 νομὲνης
306 1515 346 1546 είς
361 1514 464 1546 πάντας
483 1513 534 1548 τῆς
556 1513 684 1545 πίστεως,
699 1514 732 1549 ἣν
749 1513 880 1549 ἐγεώργει
899 1513 964 1541 κάλ-

177 1560 257 1587 λιστά
277 1569 307 1586 τε
326 1561 375 1587 καὶ
395 1560 446 1594 τῆς
463 1559 524 1586 Νῶε
541 1559 679 1594 γεωργίας
698 1559 875 1595 τιμιωτέραν.
894 1559 962 1595 Γεη-

176 1606 265 1635 ¹ιτονῶν
278 1605 332 1641 γὰρ
342 1606 392 1640 τῆς
410 1605 569 1640 Ἐκκλησίας
580 1606 628 1641 τὴν
639 1605 768 1642 ἄρουραν,
779 1605 829 1637 τὰς
846 1605 895 1640 μὲν
906 1605 963 1641 (42)

175 1651 265 1687 ψυχὰς
282 1648 336 1677 οἷον
360 1651 474 1686 ὴροτρία
495 1650 548 1676 τῶν
571 1649 697 1676 ἀκανθῶν
713 1649 894 1676 ἀπαλλάττων
913 1650 963 1684 τῆς

175 1695 314 1727 ἁσεὸείας,
331 1695 380 1728 τὰς
397 1695 425 1722 δὲ
451 1695 583 1730 ὡμάλιςε,
601 1695 778 1731 προφητικῶς
797 1696 893 1724 εἰπεῖν.
915 1695 964 1722 άλ-

176 1742 237 1774 λιις
258 1742 369 1777 ἔσπειρε
383 1742 427 1768 τὸν
446 1741 518 1768 θεῖον
536 1741 632 1775 λόγον·
646 1742 675 1767 αἱ
688 1741 716 1767 δὲ
732 1741 833 1776 ἀρτίως
850 1741 964 1776 seems

176 1797 206 1816 τε
224 1788 271 1814 καὶ
300 1787 469 1824 ἑρριζοῦντο·
486 1789 513 1814 αἰ
534 1787 563 1814 δὲ
582 1787 633 1823 ἢδη
662 1787 777 1819 ὲπόαζόν
792 1795 821 1813 τε
843 1788 890 1814 καὶ
910 1784 965 1813 οἷον

176 1834 272 1869 γόνασι
302 1833 494 1865 διεζώννυντο*
518 1832 597 1859 ἄλλαι
628 1833 696 1868 πρὸς
733 1832 831 1868 στάχυν
864 1833 966 1859 ἀπετυ-

178 1879 289 1906 ποῦντο·
307 1878 400 1914 ἕτεραι
426 1878 454 1905 δὲ
479 1877 673 1907 ὲπεπαίνοντο.
698 1878 744 1904 καὶ
769 1877 839 1914 πρὸς
861 1877 966 1913 ἀμητὸν

176 1923 247 1960 ἦσαν
261 1925 451 1960 ἑτοιμότεραιο
468 1924 517 1955 τὰς
531 1923 559 1950 δὲ
575 1923 646 1956 ἅλως
669 1921 736 1959 εἶχε,
755 1923 805 1956 τὰς
820 1923 848 1950 δὲ
870 1922 965 1958 θημών

175 1978 236 2002 τις’
261 1969 338 1997 ἄλλαι
360 1971 393 2005 τῇ
413 1969 542 2004 λικμήσει
565 1968 596 1995 τὸ
620 1969 757 2004 ἁχυρῶδες
786 1969 831 1995 καὶ
857 1968 967 2002 ἀλογίας

177 2015 252 2049 ἄξιον
266 2015 320 2042 τῶν
347 2015 490 2050 δογμάτων
512 2014 664 2041 ἀπέϐαλλον
688 2015 756 2049 (45),
778 2014 889 2049 Χριστῷ
916 2023 966 2041 κα-

178 2061 354 2096 θαιρόμεναι·
379 2060 473 2096 ἕτεραι
492 2059 521 2086 δὲ
544 2058 614 2096 ἦσαν
640 2059 712 2087 ἔνδον
735 2059 789 2086 τῶν
820 2059 967 2095 ἀποθηκῶν

180 2108 270 2141 ἄξιαι·
284 2108 313 2135 αἱ
326 2107 355 2134 δὲ
375 2106 456 2143 ἄρτος
469 2107 520 2142 ἤδη
540 2106 784 2142 κατειργασμένος.
808 2105 893 2133 Τοῦτο
914 2105 967 2142 γὰρ

180 2155 267 2189 πέρας
278 2154 328 2189 τῆς
340 2154 487 2190 γεωργίας,
501 2154 600 2180 σκοπὸν
610 2153 725 2188 ἐχούσης
737 2152 787 2187 τῆς
797 2152 900 2187 τροφῆς
911 2152 967 2186 (ιι)

180 2200 228 2235 τὴν
245 2199 404 2236 μετάληψιν,
420 2200 467 2227 καὶ
490 2199 534 2227 διὰ
558 2199 636 2226 τοῦτο
659 2198 792 2234 πονούσης
807 2207 837 2225 τε
853 2199 900 2225 καὶ
922 2198 967 2226 τὸν

180 2245 286 2282 ἆμητὸν
298 2245 424 2281 εὐθύμως
436 2245 629 2282 κομιζομένης.

221 2337 291 2363 Ἀλλ’
305 2338 318 2364 ό
339 2337 389 2372 μὲν
417 2337 498 2373 ἱδρὼς
525 2336 563 2372 τῷ
591 2336 728 2372 ἀνθρώπῳ
753 2337 807 2372 (45)
831 2336 878 2363 τοῦ
902 2335 970 2363 Θεοῦ

228 2437 249 2452 ⁸³
269 2437 336 2463 Gen.
358 2444 397 2468 ix,
413 2434 458 2462 οι).
498 2435 518 2451 ¹¹
531 2435 580 2462 Isa.
598 2443 642 2466 χι,
660 2434 686 2461 4.
732 2425 735 2427 ’

197 2515 272 2565 ⁷(ἓξ)
291 2516 366 2543 Colb.
390 2515 416 2542 l.
437 2515 466 2542 ’0
484 2513 534 2550 μὲν
555 2512 601 2541 οὖν
615 2511 703 2545 οὗτος,
724 2521 782 2540 eoa.
803 2512 850 2541 Or.
872 2514 901 2540 '0
920 2514 969 2549 μὲν

181 2560 227 2577 ουν
239 2559 335 2582 ουτως.

217 2585 274 2619 (55)
294 2586 332 2612 Ita
351 2585 465 2612 Montac.
482 2589 508 2611 et
524 2584 643 2611 Cotnltel'.
663 2585 688 2610 iIt
705 2583 770 2610 edil.
786 2583 915 2614 πεισθείς.

216 2618 273 2655 (56)
291 2620 356 2647 Cod.
371 2620 417 2655 Qr.
431 2620 465 2654 ἢν
483 2618 573 2650 αὐτὸς.

218 2654 274 2689 (57)
291 2656 356 2682 Cod.
372 2654 418 2682 Or.
436 2655 486 2689 μία
499 2654 585 2689 φωνή.

218 2688 275 2723 (58)
293 2690 355 2716 Haec
370 2688 462 2717 volunt
477 2689 542 2716 edit.
565 2688 680 2723 antiqui,
698 2688 754 2715 haec
767 2688 845 2714 codd.
864 2695 969 2719 omnes.

182 2725 242 2752 lucc
253 2722 334 2751 etiam
349 2724 406 2757 ipse
423 2724 534 2756 Billius;
557 2723 618 2752 licet
633 2722 664 2750 in
685 2724 748 2751 edit.
764 2723 843 2750 verba
859 2722 970 2758 ἄνδρας,

187 2760 314 2793 γυναῖκας
326 2760 461 2787 deessent.

219 2794 274 2829 (59)
289 2795 324 2821 Ita
338 2794 455 2821 Montac.
470 2798 496 2822 et
511 2793 565 2825 alii,
582 2801 632 2821 nec
645 2800 698 2821 non
709 2793 769 2820 cod.
782 2791 858 2820 Colb.
876 2792 886 2820 l
901 2797 927 2820 et
939 2792 966 2820 2.

183 2829 210 2856 In
227 2829 299 2865 edit.
306 2829 406 2865 ἑαυτῷ.

220 2864 275 2899 (lii)
294 2861 409 2892 Montac.
426 2868 454 2891 et
465 2863 509 2890 alii
525 2863 616 2890 volunt
632 2863 847 2899 προϐαλλομένη,
858 2866 889 2899 et
897 2861 965 2899 huic

184 2897 293 2927 lectioni
315 2900 487 2927 consentiunt
509 2907 602 2926 oumes
626 2897 705 2926 codd.
731 2897 921 2933 manuscripti;
936 2903 963 2925 at

1014 283 1085 306 metu
1104 278 1248 306 Maximum
1264 278 1331 306 urbe
1344 278 1524 306 enurbasset.
1534 278 1623 313 Atque
1632 278 1677 306 ille
1691 279 1798 314 quidem

1013 324 1126 358 praemia
1142 324 1295 351 temeritate
1311 323 1391 358 digna
1409 323 1481 351 tulit.

1055 369 1201 405 Gregorius
1215 374 1304 396 autem
1319 368 1441 396 laborum
1455 368 1625 397 multitudine
1641 375 1798 404 oppressus,

1015 414 1152 448 variisque
1167 413 1240 441 curis
1257 413 1396 440 confectus
1408 420 1440 440 ac
1456 412 1623 443 debilitatus,
1638 412 1667 439 in
1681 411 1798 447 patriam

1015 460 1130 487 reditum
1142 459 1264 494 parabat,
1277 458 1382 493 plebem
1394 463 1546 486 extremum
1563 457 1707 489 allocutus,
1721 461 1802 491 atque

1015 507 1137 533 hortatus
1153 509 1182 532 ut
1199 505 1291 537 ﬁdem,
1306 512 1387 540 quam
1403 508 1584 539 acceperant,.
1595 508 1800 536 conservareut,

1015 557 1042 579 et
1066 557 1096 579 ut
1121 552 1250 579 virtutem
1262 571 1270 584 ,
1287 558 1366 586 quam
1393 551 1460 586 ipsis
1477 558 1558 585 opere
1579 550 1678 586 pariter
1695 557 1727 578 ac
1743 557 1802 578 ser-

1015 605 1095 626 mone
1112 597 1292 631 ostenderat,
1312 597 1445 624 colerent.
1462 595 1527 630 Qua:
1542 604 1603 624 cum
1618 600 1645 624 et
1668 595 1755 623 clerus
1772 599 1799 623 et

1015 643 1130 680 populus
1144 643 1294 669 audiissent
1307 662 1316 675 ,
1334 650 1405 668 unus
1419 642 1542 669 omnium
1558 641 1662 669 clamor
1681 641 1804 675 sublatus

1016 695 1058 717 est
1069 688 1188 723 pastoris
1202 687 1354 714 discessum
1372 686 1520 721 lugentium
1535 695 1542 713 ε
1560 694 1592 713 ac
1608 686 1685 713 triste
1696 689 1801 721 specta-

1016 735 1104 762 culum
1122 741 1236 761 cernere
1253 737 1313 760 erat
1325 753 1335 764 ,
1351 732 1425 759 viros
1439 736 1466 759 et
1480 731 1607 760 mulieres
1620 752 1628 765 ,
1644 731 1756 766 juvenes
1774 736 1802 759 et

1016 787 1106 812 senes.
1120 779 1241 807 eruditos
1264 783 1291 805 et
1314 777 1451 810 indoctos,
1468 777 1603 812 principes
1619 781 1646 805 et
1668 777 1801 812 privatos,

1016 833 1114 853 omnes
1127 824 1254 852 cencordi
1267 823 1390 851 detentus
1407 822 1470 850 ﬂetu
1485 830 1536 850 nec
1551 823 1696 851 orbitatem
1711 823 1802 850 feren-

1017 877 1068 904 tcs,
1083 871 1150 898 adeo
1164 875 1192 898 ut
1205 871 1340 906 quispiam
1352 869 1457 898 sublata
1471 877 1536 898 voce
1551 870 1642 897 dicere
1651 877 1705 897 nun
1721 869 1801 897 dubi-

1016 922 1098 944 taret:
1111 926 1120 943 ι
1132 916 1154 943 0
1166 916 1256 946 Pater,
1270 914 1428 943 Trinitatem
1444 919 1530 942 tecum
1545 914 1632 949 ejicis.
1644 924 1654 942 ι
1663 914 1718 948 Qua
1733 923 1801 944 vooo

1014 963 1105 990 audita
1121 963 1161 989 vir
1182 961 1306 997 egregius
1326 959 1484 988 discedendi
1501 960 1678 994 cupiditatem
1694 968 1800 996 repres-

1015 1009 1064 1041 sit,
1086 1008 1273 1042 tantisperque
1292 1014 1322 1034 se
1346 1006 1417 1041 apud
1441 1013 1487 1033 eos
1505 1013 1662 1034 mansurum
1679 1007 1805 1042 recepit.

1015 1054 1102 1089 quoad
1116 1052 1253 1088 episcopi,
1269 1059 1382 1086 quorum
1401 1051 1533 1078 adventus
1549 1051 1575 1078 in
1595 1059 1642 1086 spe
1658 1057 1684 1080 et
1703 1060 1801 1088 exspe-

1013 1100 1132 1127 ctatione
1142 1103 1211 1132 erat,
1225 1098 1343 1133 aliquem
1353 1098 1509 1132 episcopatu
1523 1098 1631 1133 dignum
1642 1098 1799 1135 elegissent,

1015 1145 1122 1179 sibique
1148 1144 1219 1173 curis
1247 1144 1361 1171 liberato
1388 1143 1543 1170 laeuitatem
1572 1144 1688 1172 abeundi
1716 1145 1798 1174 fecis-

1014 1194 1085 1217 sent.
1103 1190 1192 1223 Atque
1217 1189 1255 1215 ita
1281 1187 1387 1215 dimissi
1405 1192 1488 1220 sunt,
1509 1188 1575 1215 nihil
1593 1189 1703 1218 omnino
1722 1190 1800 1218 dubi-

1017 1239 1119 1268 tantes,
1133 1236 1197 1269 quin
1215 1233 1259 1261 ille
1273 1240 1321 1268 pro
1338 1239 1386 1260 sua
1399 1233 1542 1268 gravitate,
1560 1241 1717 1269 morumque
1731 1243 1799 1263 con-

1014 1282 1124 1312 stantia,
1144 1281 1269 1315 promissi
1285 1280 1325 1307 sui
1343 1279 1420 1306 lidetu
1433 1296 1441 1309 ,
1457 1278 1521 1306 licet
1535 1279 1608 1307 nullo
1624 1280 1801 1315 iureiurando

1014 1326 1157 1356 ﬁrmatam.
1171 1326 1302 1360 expleret.

1051 1372 1172 1408 Depuisis
1188 1373 1280 1406 itaque
1296 1372 1439 1408 periculis,
1459 1377 1487 1401 et
1508 1373 1598 1408 quiete
1622 1372 1703 1400 rebus
1721 1372 1801 1400 resti-

1015 1423 1070 1446 tuta
1084 1439 1091 1451 ,
1111 1418 1254 1446 Trinitatis
1271 1419 1367 1452 dogma
1387 1427 1483 1447 rursus
1497 1418 1642 1454 cliulgcbat
1654 1437 1663 1451 ,
1677 1425 1709 1446 ac
1726 1418 1799 1446 beati

1016 1465 1065 1492 viri
1080 1465 1202 1492 doctrina
1219 1469 1246 1492 et
1269 1464 1408 1492 laboribus
1431 1465 1498 1493 fides
1514 1465 1547 1492 ad
1561 1471 1656 1492 omnes
1673 1464 1800 1500 porrige-

1016 1511 1116 1540 batur:
1139 1519 1220 1546 quam
1236 1511 1420 1546 pulcherrime
1433 1511 1573 1539 excolebat
1586 1531 1594 1543 ,
1614 1511 1803 1545 praestantius-

1015 1565 1078 1592 quc,
1098 1565 1177 1592 quam
1192 1562 1222 1584 ut
1234 1557 1401 1592 agricultura
1415 1555 1471 1584 Noe
1485 1556 1506 1572 ¹⁶
1522 1564 1582 1583 cum
1598 1563 1630 1584 ea
1647 1555 1800 1591 comparari

1016 1603 1110 1638 possit.
1138 1602 1266 1630 Ecclesia:
1291 1602 1365 1630 enim
1395 1610 1490 1630 arvum
1521 1602 1666 1634 excoleris,
1697 1601 1801 1629 animas

1015 1650 1147 1684 quasdam
1167 1648 1239 1676 velut
1252 1654 1344 1676 aratro
1359 1648 1549 1683 proscindebat
1561 1668 1569 1681 ,
1586 1648 1731 1684 impietatis
1744 1649 1802 1683 spi-

1016 1694 1057 1720 nis
1067 1701 1112 1721 eas
1123 1693 1250 1725 liberans.
1263 1693 1342 1724 alias,
1356 1699 1385 1720 tit
1398 1692 1534 1728 propheta:
1549 1693 1631 1721 verbo
1642 1698 1712 1726 utar,
1728 1700 1801 1721 cam-

1016 1739 1187 1773 planabat”,
1211 1740 1270 1767 aliis
1292 1739 1413 1766 diviuutn
1439 1739 1551 1766 verbum
1569 1739 1725 1772 inserebat,
1742 1740 1802 1767 alia

1017 1793 1113 1813 recens
1132 1786 1340 1818 enascebantur,
1357 1786 1514 1820 radicesque
1529 1786 1656 1822 agebant,
1670 1786 1730 1814 alia:
1743 1786 1801 1820 jam

1017 1832 1229 1862 ltcrbescebant.
1251 1839 1283 1859 ac
1308 1832 1381 1859 Velut
1401 1832 1532 1867 geniculis
1555 1832 1800 1868 praecingebautur.

1017 1879 1076 1905 alite
1086 1877 1118 1906 ad
1131 1878 1248 1905 culmum
1264 1878 1489 1911 inl'ormabantur,
1501 1878 1560 1905 alia:
1572 1879 1800 1912 maturescebant,

1017 1928 1098 1957 atque
1123 1923 1156 1949 ad
1181 1930 1295 1950 messem
1312 1923 1464 1958 paratiores
1478 1927 1576 1956 erant,
1603 1922 1662 1950 alia:
1683 1924 1710 1950 in
1736 1930 1802 1951 areu

1017 1973 1109 2001 erant,
1126 1968 1185 1996 aliae
1202 1969 1227 1995 in
1251 1975 1349 1995 acervo
1366 1968 1498 2002 quodam,
1520 1968 1597 2001 alite,
1621 1976 1680 2003 quae
1692 1967 1803 1996 Chrislo

1019 2020 1214 2050 purgarentur,
1231 2015 1297 2042 viles
1311 2019 1338 2041 et
1359 2016 1570 2043 contemnendas
1583 2015 1737 2050 dogmatum
1755 2022 1804 2050 pa-

1018 2061 1074 2087 leas
1089 2067 1137 2095 per
1157 2060 1360 2089 ventilationem
1377 2061 1571 2094 excutiebant,
1587 2060 1646 2088 alia:
1657 2061 1711 2096 jam
1729 2061 1802 2087 domi

1018 2106 1124 2134 horreis
1137 2106 1225 2141 digna:
1239 2112 1336 2139 erant,
1352 2106 1411 2133 alim
1426 2107 1542 2141 denique
1555 2107 1631 2141 panis
1643 2106 1697 2141 jam
1713 2105 1805 2133 confe-

1017 2158 1077 2178 ctus
1091 2157 1179 2179 erant.
1203 2151 1252 2178 llic
1270 2152 1344 2180 enim
1360 2152 1533 2187 agriculturae
1549 2153 1609 2179 linis
1624 2156 1665 2179 est
1676 2169 1686 2185 ,
1703 2151 1803 2186 quippe

1019 2205 1079 2232 quae
1097 2198 1152 2225 cibi
1175 2197 1355 2233 sumptionem
1374 2206 1422 2233 pro
1440 2205 1524 2233 scopo
1539 2198 1654 2229 habeat,
1674 2197 1708 2224 ob
1721 2197 1801 2232 idque

981 2256 1006 2285 ι)
1021 2242 1129 2269 labores
1149 2242 1298 2277 suscipiat,
1320 2249 1494 2276 messemque
1517 2240 1598 2268 alacri
1624 2240 1714 2267 animo
1735 2247 1801 2266 cou-

1039 2293 1106 2316 erat.

1039 2296 1106 2316 erat.

1020 2296 1037 2323 Β
1061 2335 1099 2361 At:
1112 2334 1187 2362 labor
1200 2334 1310 2370 quidem
1331 2333 1448 2362 hominis
1475 2331 1521 2360 Dei
1541 2336 1630 2359 tantus
1652 2336 1707 2359 erat
1722 2351 1729 2363 ,
1743 2336 1802 2358 tan-

1019 2514 1092 2541 Cnlh.
1111 2514 1122 2540 1
1147 2513 1184 2540 sic
1199 2512 1301 2539 habet:
1322 2511 1536 2547 προϐαλλομένη
1555 2510 1615 2547 τινὰ
1630 2511 1680 2546 τῆς
1699 2512 1806 2547 ἐπισκο-

1021 2549 1074 2583 τιῆς
1092 2549 1166 2582 ἄξιον
1177 2568 1184 2580 ,
1200 2547 1280 2583 αὑτὸν
1299 2545 1447 2583 φροντίδων
1464 2545 1806 2583 ἐλευθερώσῃ,⁷ὲπιτρέψῃ

1019 2576 1146 2610 τεΪΜυῖι.
1159 2576 1218 2610 cod.
1234 2582 1263 2609 P.
1279 2576 1328 2616 pro
1342 2582 1431 2614 ἔξοδον
1448 2584 1525 2609 habet
1538 2576 1577 2612 είς
1588 2576 1655 2608 όδὸν.

1055 2619 1111 2652 (41)
1128 2619 1194 2645 Cod.
1211 2617 1240 2644 Ρ.
1254 2615 1348 2653 Ὀρκῳ
1364 2615 1481 2653 μὲνοῦν.

1057 2653 1113 2689 (42)
1130 2653 1205 2689 Coll).
1218 2653 1246 2689 _l.
1259 2651 1308 2689 τὰς
1323 2651 1371 2687 μὲν
1385 2652 1439 2689 τῶν
1452 2651 1554 2689 ψυχῶνἲ

1067 2682 1112 2721 45)
1131 2689 1167 2715 Ita
1178 2682 1254 2715 Colli.
1267 2687 1283 2714 2
1298 2682 1329 2714 et:
1339 2689 1401 2714 cod.
1417 2682 1464 2714 Or.-
1482 2682 1508 2713 lii
1523 2687 1586 2713 edit.
1605 2682 1749 2712 ἀπέϐαλον.

1067 2724 1112 2758 44)
1129 2723 1196 2750 Cod.
1212 2721 1259 2750 0r.
1277 2722 1327 2758 τῆς
1337 2722 1452 2758 τρυφῆς.

1066 2754 1110 2794 15)
1128 2754 1332 2794 Sicrlcgendu'm
1350 2754 1479 2794 proponit
1501 2755 1619 2794 Montaeﬁ.
1641 2754 1704 2794 licet
1726 2762 1804 2788 repu-

1017 2789 1107 2828 gnettt'
1122 2793 1200 2820 codd.
1218 2789 1395 2826 utanttscripti
1409 2789 1513 2828 praeter
1526 2790 1585 2828 cod.
1601 2789 1659 2828 P.__:
1678 2790 1747 2828 ha_nc
1762 2796 1804 2828 ta-

1017 2824 1077 2855 men
1097 2828 1238 2856 lectionem
1252 2824 1366 2854 secutus
1379 2824 1424 2854 est?
1439 2826 1542 2853 Billius.
1559 2824 1587 2851 lu
1606 2825 1672 2853 edit.
1686 2824 1740 2851 τῶν
1756 2825 1803 2851 ἀνά

1016 2863 1140 2890 θοώπων.
