2055 3130
240 247 243 343 1

221 362 240 618 j/

266 196 316 227 ΞΜ

833 192 912 222 VITA
928 192 963 221 S.
982 191 1149 221 GREGORII
1168 191 1340 219 TIIEOLOGI

1834 193 1887 220 ΞΩ

268 264 312 285 tus
325 261 352 283 et
365 255 494 289 gestiens.
507 255 544 282 Ac
561 260 616 282 tum
632 254 785 290 pontificem
807 254 980 290 Gregorium,
997 261 1046 289 pro

1103 253 1145 280 καὶ
1168 253 1316 289 τηνικαῦτα
1346 253 1544 288 προσδέξασθαι
1564 253 1610 280 τδν
1631 254 1760 290 ἀρχιερεα
1783 253 1887 290 Γρηγό-

267 311 302 331 eo
325 309 357 330 ac
372 301 511 328 laboribus
537 300 607 327 illius
624 301 733 335 dignum
750 304 818 332 erat,
843 300 990 328 honoriﬁce
1012 307 1055 328 ac-

268 350 348 383 cepit,
379 348 572 383 prolixiorique
597 347 714 381 alloquio
742 355 817 374 snam
841 354 905 382 erga
928 355 988 374 cum
1007 347 1054 374 be-

268 393 444 422 nevolentiam
475 393 610 426 animique
632 392 798 419 alacritatem
825 392 989 424 declaravit;
1021 399 1053 418 ac

270 445 406 474 postremo
415 439 472 466 lucc
488 438 522 466 ad
535 445 595 465 eum
607 438 687 465 verba
698 438 806 465 habuit:
819 447 828 463 ι
845 437 867 465 0
878 437 966 470 Pater,
984 438 1053 465 Deus

269 485 328 516 tibi,
350 484 456 518 tuisque
472 484 627 515 sudoribus,
641 491 689 518 per
708 491 751 510 mc
764 483 912 510 Ecclesiam
926 483 1052 511 commit-

268 530 311 557 tit.
328 529 366 557 En
381 537 486 557 sacram
501 530 585 557 aedem
607 533 634 556 et
650 529 777 556 thronum
790 529 837 555 tibi
857 529 946 556 trado.
962 538 971 554 ›
984 528 1053 556 Bea-

267 580 312 603 tus
327 572 407 610 porro
421 575 583 610 Gregorius,
598 569 826 602 ntirilica'laatitia
844 574 980 609 perfusus,
990 582 1052 601 cum

269 622 458 656 imperatorem
472 621 629 653 salutasset,
644 627 675 647 ac
693 619 763 646 votis
776 619 955 653 precibusque
968 627 1054 646 remu-

268 672 380 694 neratus
399 671 492 698 esset,
510 666 605 700 pedem
621 665 682 692 aula
696 665 803 693 extulit.
826 665 920 692 Ariani
940 671 1031 692 autem
1043 686 1051 699 ,

267 712 314 746 qui
328 712 362 739 ad
378 711 435 739 hoc
457 719 542 746 usque
557 716 661 746 tempus
688 716 890 738 sacrosanctam
906 711 992 738 aedem
1016 716 1053 737 te-

268 762 386 785 nuerant
401 778 409 791 ,
431 758 590 785 sicariorum
603 764 711 784 manum
727 756 868 791 parabant,
883 763 932 791 pro
945 763 977 783 ea
991 764 1052 784 cum

269 805 348 832 beato
359 804 418 831 viro
433 803 516 830 armis
531 803 679 830 decernere
689 802 895 829 constituentes.
916 801 1008 837 Itaque
1018 803 1052 830 ab

267 850 434 884 imperatore
451 848 559 882 quidem
575 847 701 882 precibus
714 848 926 880 contendebant,
940 855 974 876 ne
989 853 1053 875 tem-

267 895 341 931 plum
356 894 408 922 sibi
425 893 526 922 auferri
540 894 660 925 sineret,
675 893 747 927 quod
762 893 887 920 videlicet
907 893 992 928 ipsius
1005 894 1052 920 iiii-

1106 307 1163 335 ριον
1179 299 1295 334 ἐντίμως
1309 307 1338 325 τε
1354 299 1400 326 καὶ
1417 299 1471 325 τῶν
1488 298 1570 326 αὐτοῦ
1587 299 1674 326 πόνων
1689 299 1822 331 ἐπαξίως,
1840 299 1880 326 κα·

1104 344 1217 377 διαλέξει
1234 344 1390 381 πλατυτέρα
1404 345 1434 371 τὸ
1448 344 1512 380 περὶ
1531 344 1611 371 αὑτὸν
1631 344 1794 377 ἐνδείξασθαι
1815 345 1886 379 πρό-

1105 390 1201 425 θυμον,
1225 390 1272 416 καὶ
1290 390 1365 422 τέλος
1393 391 1495 416 εἰπεῖν·
1519 399 1527 416 ι
1550 388 1586 416 Ὠ
1606 390 1702 425 πάτερ,
1719 389 1760 416 σοί
1786 397 1816 416 τε
1840 390 1884 416 καὶ

1103 438 1159 468 τοῖς
1174 437 1266 472 ἱδρῶσι
1280 438 1336 468 τοῖς
1351 438 1406 468 σοῖς
1421 437 1454 463 δι’
1470 437 1548 473 ἡμῶν
1565 438 1579 464 ὁ
1592 437 1658 469 Θεὸς
1679 436 1824 473 ἐγχειρίζει
1839 437 1886 473 τὴν

1109 482 1282 518 Ἐκκλησίαν.
1306 483 1370 510 Ἰδοὺ
1381 483 1476 519 δίδωμί
1494 491 1534 510 σοι
1550 483 1594 510 τὸν
1608 480 1682 510 οἶκον
1695 482 1741 509 τὸν
1755 482 1826 518 ἱερὸν
1841 483 1887 509 καὶ

1103 528 1148 555 τὸν
1165 527 1268 564 θρόνον.
1293 538 1302 555 ι
1325 529 1353 555 '0
1368 529 1396 556 δὲ
1419 529 1566 564 μακάριος,
1588 528 1766 565 περιχαρείας
1779 528 1888 564 πληρω-

1103 574 1159 606 θεὶς
1182 574 1255 610 (66),
1277 575 1469 610 ἀσπασάμενος
1486 574 1532 601 τὸν
1553 574 1756 610 αὐτοκράτορα,
1772 575 1819 600 καὶ
1832 574 1887 601 εὐ-

1102 622 1165 655 χαῖς
1183 620 1384 656 ἀμειψάμενος.
1401 620 1473 655 ἐξῄει
1500 620 1554 656 (67)
1571 620 1625 647 τῶν
1645 619 1794 655 βασιλείων.
1812 621 1842 646 Oi
1857 619 1886 646 δὲ

1109 666 1240 702 ’Λρειανοὶ
1252 665 1344 702 (μέχρι
1359 665 1411 702 γὰρ
1424 666 1470 692 τοῦ
1483 667 1577 702 χρόνου
1589 665 1663 692 τοῦδε
1678 665 1722 693 τὸν
1737 665 1808 700 ἱερὸν
1823 673 1887 692 κατ-

1102 712 1174 746 εῖχον
1202 709 1296 746 οἷκον)
1319 712 1517 748 παρετάττοντο
1554 712 1691 748 ξιφήρεις,
1713 711 1783 746 ὑπὲρ
1804 709 1884 737 αύτοῦ

1102 756 1230 791 πολεμεῖν
1246 757 1377 793 ᾑρημένοι
1390 757 1463 793 me;
1483 757 1528 784 τὸν
1545 758 1687 793 μακάριον.
1703 758 1759 784 Καὶ
1775 757 1820 783 τὸν
1837 757 1886 792 μὲν

1103 801 1215 838 βασιλέα
1232 803 1352 829 ἱκέτευον
1370 803 1406 838 μὴ
1422 803 1601 839 ἀφαιρεθῆναι
1619 803 1674 838 (68)
1688 802 1733 829 τὸν
1746 800 1828 834 οἷκον,
1844 802 1887 828 δε-

1101 847 1220 880 δοικότες
1233 848 1396 875 ἀντιϐαίνειν
1410 849 1448 884 τῷ
1465 850 1560 885 κράτει
1570 858 1577 864 ·
1591 849 1630 884 τῷ
1644 848 1671 875 δὲ
1690 848 1756 883 ὁσίῳ
1771 848 1817 875 καὶ
1831 849 1887 879 τοῖς

1105 893 1163 928 μετ’
1185 893 1267 920 αὐτοῦ
1291 894 1405 921 θάνατον
1430 894 1603 930 ἐπηπείλουν,
1624 894 1740 929 δημοσίᾳ
1761 901 1791 920 τε
1811 893 1888 920 ὁπλι-

269 925 347 974 perio
370 940 498 967 resistere
511 943 671 966 vererentur
687 947 695 965 :
711 941 840 966 ueterum
856 939 900 972 pio
913 938 983 972 viro,
1005 939 1051 966 iis-

1103 925 1220 971 σθέντες,
1235 939 1282 966 καὶ
1300 939 1353 976 ίδίᾳ
1363 940 1416 966 τινὶ
1431 925 1601 976 ὑποθέμενοι,
1615 925 1702 975 λάθρα
1715 925 1886 975 προσελθόντι

267 991 320 1019 que
337 984 383 1020 qui
397 983 518 1018 partibus
533 983 617 1018 ipsius
637 983 802 1014 studebant,
819 982 914 1011 mortis
942 987 1045 1010 metum

268 1029 447 1061 intentabant.
464 1033 520 1056 tum
534 1027 642 1062 publice
664 1026 747 1054 armis
764 1027 909 1060 instructi,
926 1032 980 1056 tum
999 1028 1052 1064 pri—

1101 983 1145 1011 διὰ
1159 984 1213 1011 τῶν
1232 985 1392 1021 σπλάγχνων
1413 985 1459 1012 τοῦ
1483 985 1632 1022 ἀρχιερέως
1649 985 1729 1012 ὠθεῖν
1751 985 1782 1011 τὸ
1799 985 1886 1019 ξίφος.

1101 1029 1156 1057 Καὶ
1167 1031 1184 1066 ἠ
1198 1031 1247 1066 μὲν
1263 1030 1390 1062 σύστασις
1406 1031 1460 1058 τῶν
1476 1031 1612 1066 πολεμίων
1626 1031 1742 1066 τοσαύτη

268 1075 351 1102 vatim
370 1075 517 1102 subornato
539 1073 666 1108 quodam,
681 1072 728 1108 qui
751 1073 784 1102 ad
816 1073 971 1108 pontiﬁcem
1005 1074 1161 1109 accederet,
1191 1075 1304 1112 ejusque
1337 1082 1430 1112 pectus
1452 1084 1517 1104 ense
1541 1076 1689 1111 trajiceret.
1713 1077 1800 1112 Atque
1829 1077 1887 1104 haec

267 1128 328 1150 erat
339 1122 456 1150 hostium
473 1121 644 1156 conspiratio.

304 1167 382 1195 Mane
397 1167 502 1202 itaque,
518 1174 579 1194 cum
599 1166 713 1202 populus
730 1166 778 1195 Dei
796 1166 876 1196 simul
888 1175 948 1195 cum
962 1173 1051 1203 pasto-

267 1221 298 1241 re
309 1214 341 1240 ad
355 1220 460 1241 sacram
473 1212 557 1240 aedem
568 1212 759 1248 (recipiendam
777 1213 960 1248 perrexissent
970 1235 978 1248 ,
997 1222 1050 1241 non

268 1259 358 1286 minus
372 1257 472 1294 gravis,
487 1265 567 1292 quam
585 1258 607 1285 si
623 1258 721 1286 civitas
738 1259 829 1286 hostili
850 1259 951 1294 impetu
964 1267 1049 1294 expu-

266 1309 408 1340 gnaretur,
422 1303 551 1331 tumultus
563 1304 698 1332 excitatus
711 1310 763 1337 est,
787 1304 879 1333 multis
897 1306 1050 1333 hominibus

268 1351 296 1377 in
312 1351 379 1378 vicis
395 1355 422 1378 et
433 1350 545 1385 distegis
555 1357 587 1378 ac
602 1351 723 1386 tristegis
734 1359 796 1378 cum
807 1352 892 1379 armis
906 1353 1049 1386 stantibus,

269 1396 481 1431 mulieribusque
502 1400 530 1423 et
553 1396 644 1431 pueris
662 1404 771 1431 gravem
788 1397 917 1432 cjulatum
950 1399 1051 1433 peruti-

267 1441 330 1468 stim
347 1441 497 1468 edentibus.
510 1441 568 1475 Ipse
581 1447 687 1476 quoque
702 1441 848 1476 imperator
861 1442 988 1477 templum
999 1450 1051 1470 una

268 1495 329 1514 cum
344 1487 424 1514 beato
438 1487 569 1520 Gregorio
586 1487 725 1521 ingressus
739 1492 791 1515 est.
808 1487 843 1515 Ut
862 1494 951 1515 autem
967 1489 1051 1516 multa

268 1534 295 1560 in
311 1533 391 1559 rebus
405 1532 529 1559 humanis
553 1539 618 1559 casu
633 1533 741 1560 evenire
755 1533 851 1566 solent,
880 1533 995 1562 nubibus
1008 1542 1053 1562 so-

1139 1168 1248 1204 Πρωΐας
1262 1167 1291 1195 δὲ
1310 1168 1507 1204 γενομένηςμδ
1526 1167 1590 1199 λαὸς
1610 1167 1656 1194 τοῦ
1677 1166 1744 1194 Θεοῦ
1769 1167 1826 1202 ἅμα
1849 1165 1888 1202 τῷ

1103 1214 1210 1250 ποιμένι
1224 1215 1307 1250 ᾔεσαν
1321 1214 1378 1251 (69)
1392 1215 1438 1241 τὸν
1454 1214 1525 1250 ἱερὸν
1537 1212 1611 1241 οἷκον
1624 1214 1838 1250 ἀποληψόμενον
1853 1211 1888 1248 ἦν

1103 1258 1150 1287 οὖν
1167 1260 1248 1296 θροῦς
1260 1269 1290 1287 τε
1307 1260 1390 1292 πολὺς
1405 1261 1451 1287 καὶ
1464 1261 1592 1296 τάραχος,
1607 1261 1656 1296 οὺχ
1665 1259 1772 1296 ἦττονῆ
1786 1259 1887 1292 πόλεως

1103 1304 1291 1340 πορθουμένης
1305 1306 1336 1332 ὲκ
1351 1305 1486 1340 πολεμίων
1499 1305 1605 1339 ἐφόδου,
1618 1304 1722 1332 πολλῶν
1732 1304 1889 1340 ὁπλοφόρων

1103 1352 1133 1378 ὲν
1148 1351 1288 1383 πλατείαις
1302 1359 1331 1378 τε
1345 1351 1391 1378 καὶ
1404 1351 1547 1386 διωρόφοις
1561 1350 1609 1377 καὶ
1620 1351 1782 1387 τριωρόφοις
1793 1350 1888 1383 ὄντων,

1103 1397 1202 1432 πολλῆς
1218 1406 1248 1423 τε
1262 1397 1384 1433 οίμωγῆς
1400 1397 1535 1431 γυναικῶν
1551 1396 1599 1424 καὶ
1619 1396 1721 1423 παίδων
1737 1404 1889 1432 συμμιγνυ-

1104 1443 1197 1479 μένης.
1222 1443 1315 1479 Είσῄει
1338 1443 1394 1478 (70)
1415 1443 1438 1469 δ’
1462 1441 1509 1470 οὖν
1525 1443 1574 1470 καὶ
1593 1444 1608 1470 ὁ
1624 1442 1749 1478 βασιλεὺς
1769 1442 1827 1477 ἅμα
1850 1440 1890 1476 τῷ

1105 1489 1231 1525 μακαρίῳ
1241 1490 1281 1521 είς
1292 1489 1338 1515 τὸν
1349 1488 1426 1516 νεών.
1439 1485 1490 1515 Οἴα
1502 1489 1530 1516 δὲ
1540 1488 1626 1515 πολλὰ
1639 1488 1779 1524 συμϐαίνει
1792 1488 1821 1515 ὲν
1832 1488 1889 1523 (7|)

1103 1534 1283 1570 ἀνθρωπίνοις
1301 1535 1460 1570 πράγμασι,
1479 1535 1585 1570 πρωῒας
1607 1535 1690 1570 οὔσης
1705 1534 1808 1568 γίνεται
1825 1534 1891 1560 σκό-

268 1577 302 1604 lis
327 1577 420 1604 orbem
441 1577 492 1603 sub
516 1584 642 1604 auroram
657 1577 835 1605 subeuntibus
849 1597 858 1611 ,
878 1580 997 1608 tenebrat
1010 1588 1051 1607 re-

1103 1590 1156 1614 τος,
1170 1582 1284 1617 νεφέλης
1296 1581 1341 1608 τὸν
1355 1581 1468 1616 ἡλιακὸν
1482 1581 1580 1608 κύκλον
1595 1580 1804 1617 ὑποδραμούσης
1821 1580 1889 1616 (7‘2).

267 1627 348 1658 pente
376 1627 477 1650 coortte
491 1627 566 1650 sunt.
580 1623 646 1656 Quae
659 1631 712 1656 res,
727 1628 757 1652 ut
771 1632 785 1650 a
802 1625 873 1652 festo
887 1626 1054 1661 hujusmodi-

209 1664 213 1668 ’
267 1677 322 1704 que
339 1669 476 1696 hilaritate
491 1668 588 1701 aliena,
605 1669 725 1697 Arianos
742 1670 872 1705 majorem
893 1672 918 1698 in
943 1672 1052 1699 modum

269 1715 420 1746 recreabat,
433 1714 549 1749 perinde
555 1721 591 1742 ac
602 1715 624 1741 si
640 1715 710 1742 Deus
721 1723 806 1743 sacrae
817 1716 881 1743 aadis
903 1717 1053 1744 translatio-

266 1768 330 1788 nem
351 1760 440 1788 minus
465 1764 567 1795 gratam
591 1761 723 1789 haberet:
739 1761 854 1789 ﬁdelium
883 1767 974 1789 contra
994 1763 1051 1790 aui-

267 1813 327 1833 ntas
340 1806 518 1834 intolerabilis
532 1806 609 1834 dolor
631 1807 781 1835 cruciabat.
800 1807 898 1836 Verum
911 1809 991 1836 sinml
1011 1815 1051 1835 at-

265 1860 322 1887 que
341 1853 483 1888 episcopus
497 1857 526 1879 et
543 1853 691 1887 imperator
706 1861 801 1881 sacras
817 1854 910 1881 valvas
935 1855 1052 1888 ingressi

267 1903 340 1930 sunt,
355 1903 436 1933 atque
460 1905 554 1925 omnes
579 1906 660 1925 unam
686 1899 864 1935 eamdemque
889 1899 1053 1927 laudationis

267 1951 361 1972 vocem
377 1944 554 1977 sustulerunt,
573 1951 722 1979 manusque
733 1952 794 1973 eum
810 1945 937 1981 lacrymis
960 1950 1053 1973 exten-

267 1990 374 2021 derunt.
387 1989 542 2022 confestim,
555 1989 601 2017 Dei
618 1991 795 2024 providentia,
816 1990 947 2018 subducta
965 1991 1046 2023 nube.

267 2034 401 2070 fulgentes
417 2035 482 2062 solis
496 2035 564 2063 radii
580 2042 687 2063 sacram
702 2035 811 2062 domum
829 2036 971 2069 splendore
990 2043 1052 2071 per-

267 2080 411 2113 fuderunt;
435 2087 552 2114 aereque
567 2080 724 2108 collustrato
737 2081 862 2108 homines
874 2081 956 2108 animi
983 2089 1051 2109 mae—

267 2132 358 2153 rorem
377 2125 404 2152 in
422 2124 542 2152 laetitiam
559 2129 778 2158 eommularunt.
804 2130 887 2160 atque
904 2125 1052 2160 imperato-

265 2177 337 2204 rem,
350 2175 379 2198 ut
394 2171 552 2206 episcopum
577 2171 603 2197 in
624 2170 723 2198 throno
736 2170 894 2202 collocaret,
907 2170 1052 2199 obsecrare

268 2220 352 2251 atque
373 2215 505 2243 obtestari
526 2219 678 2250 coeperunt.
697 2214 732 2242 At
747 2214 897 2249 Gregorius
910 2235 918 2249 ,
937 2222 997 2242 cum
1017 2216 1051 2242 ab

1104 1629 1158 1655 Καὶ
1172 1628 1202 1654 τὸ
1219 1628 1340 1663 συμϐὰν,
1358 1628 1455 1663 ἑορτῆς
1470 1636 1500 1654 τε
1514 1627 1562 1654 καὶ
1574 1627 1751 1663 φαιδρότητος
1764 1627 1890 1662 τοιαύτης

1103 1673 1223 1708 ὑπάρχον
1240 1673 1376 1709 ἀλλότριον
1388 1694 1394 1705 ,
1409 1674 1473 1705 τοὺς
1487 1673 1535 1708 μὲν
1557 1673 1712 1709 Ἀρειανοὺς
1727 1672 1813 1699 ἐποίει
1828 1681 1890 1707 φαι-

1102 1714 1254 1751 δροτέρους,
1268 1716 1305 1747 ὡς
1318 1715 1365 1742 τοῦ
1380 1715 1449 1742 Θεοῦ
1466 1715 1502 1750 μὴ
1519 1714 1689 1747 εὐδοκοῦντος
1701 1716 1733 1750 τῇ
1747 1715 1890 1750 μεταθέσει

1103 1761 1149 1788 τοῦ
1168 1762 1261 1788 οἴκου·
1291 1761 1380 1796 ψυχὰς
1410 1761 1438 1788 δὲ
1467 1761 1570 1788 πιστῶν
1602 1761 1665 1788 ἀνία
1692 1760 1800 1793 ἐπίεζεν
1825 1761 1890 1788 ὑπο-

1103 1807 1243 1842 σμύχουσα
1251 1807 1317 1843 (75).
1335 1807 1378 1838 Ὠς
1389 1807 1416 1834 δὲ
1427 1807 1477 1842 τῆς
1492 1808 1567 1843 ἱερᾶς
1582 1807 1718 1841 κιγκλίδος
1728 1807 1742 1834 ὅ
1751 1815 1780 1833 τε
1789 1806 1890 1842 ποιμὴν

1103 1852 1150 1878 καὶ
1163 1853 1177 1878 ό
1193 1851 1321 1886 βασιλεὺς
1341 1852 1405 1878 εἵσω
1422 1852 1576 1887 παρέδυσαν
1597 1851 1652 1887 (74)
1663 1871 1670 1882 .
1683 1851 1753 1888 ἤρθη
1767 1860 1797 1878 τε
1814 1852 1890 1888 φωνὴ

1103 1897 1152 1933 μία
1177 1898 1252 1933 παρά
1270 1898 1378 1924 πάντων
1398 1896 1538 1929 αἰνέσεως,
1553 1896 1658 1934 δάκρυά
1677 1905 1708 1923 τε
1729 1898 1775 1924 καὶ
1791 1896 1890 1933 χειρῶν

1101 1943 1221 1975 ἔκτασις,
1240 1943 1356 1979 Ἀθρόως
1375 1943 1421 1970 τοῦ
1447 1943 1543 1978 νέφους
1570 1942 1760 1975 ὑπεξελθόντος
1779 1942 1889 1978 προνοίᾳ

1101 1989 1180 2022 Θεοῦ,
1201 1989 1343 2024 ἑκλάμψαν
1365 1989 1421 2026 (75)
1439 1989 1550 2025 ἡλιακὸν
1568 1989 1648 2021 σέλας
1665 1988 1711 2015 τὸν
1731 1989 1802 2024 ἱερὸν
1817 1986 1890 2015 οἶκον

1101 2035 1256 2070 κατηύγασε
1268 2043 1275 2050 ·
1293 2035 1340 2062 καὶ
1357 2035 1395 2071 τῷ
1415 2035 1476 2071 ἀέρι
1491 2035 1652 2068 φωτισθέντι
1669 2035 1697 2061 αἱ
1713 2034 1767 2061 τῶν
1786 2033 1890 2070 ἀνθρώ-

1101 2089 1161 2108 πων
1172 2081 1288 2108 διάνοιαι
1299 2081 1348 2117 τὴν
1362 2080 1512 2116 δυσθυμίαν
1523 2080 1579 2115 (76)
1593 2080 1633 2112 εις
1646 2079 1811 2116 φαιδρότητα
1823 2088 1878 2115 συμ

1103 2126 1265 2162 μετέϐαλον,
1301 2127 1347 2154 τόν
1373 2135 1402 2153 τε
1432 2126 1544 2162 βασιλέα
1571 2126 1692 2152 ἱκέτευον
1729 2124 1890 2160 ἐγκαθιδρῦ-

1103 2181 1147 2198 σαι
1161 2173 1216 2207 (77)
1233 2172 1278 2198 τὸν
1292 2172 1424 2208 ἀρχιερέα
1436 2171 1474 2208 τῷ
1487 2171 1582 2208 θρόνῳ.
1603 2172 1632 2198 'O
1646 2171 1674 2198 δὲ
1690 2171 1834 2206 μακάριος,
1851 2170 1889 2206 μὴ

1102 2217 1264 2253 βουλόμενος
1275 2218 1365 2244 ἐκεῖσε
1380 2217 1602 2253 καθιδρυνθῆναι,
1619 2217 1701 2248 αὐτὸς
1713 2217 1743 2243 ὲν
1757 2216 1890 2248 τοσούτοις

267 2262 314 2289 illa
328 2261 394 2288 sede
409 2261 590 2294 abhorreret,
605 2267 656 2288 nec
670 2268 725 2296 prae
739 2260 802 2287 vita:
818 2260 984 2287 continentia
999 2279 1007 2293 ,
1023 2265 1051 2287 et

1103 2263 1234 2297 ὲκφωνεῖν
1251 2262 1305 2289 ὑπὸ
1316 2263 1366 2298 τῆς
1380 2263 1545 2298 ἐγκρατείας
1560 2263 1607 2289 καὶ
1619 2261 1670 2297 τῆς
1682 2261 1824 2293 ἀσθενείας
1842 2262 1890 2297 οὐγ

267 2308 390 2342 corporis
409 2306 578 2340 inﬁrmitate,
599 2314 694 2335 vocem
711 2306 737 2333 in
755 2309 829 2333 tanto
845 2306 984 2334 hominum
1002 2314 1051 2333 nu-

267 2360 343 2380 mero
356 2353 452 2380 eﬂerre
467 2357 557 2387 posset
571 2372 580 2385 ,
592 2360 640 2387 per
654 2352 798 2387 quemdam
816 2351 858 2379 his
871 2351 961 2379 verbis
978 2352 1049 2378 mul-

268 2397 409 2425 titudinem
423 2396 519 2424 aﬂ‘atur
532 2406 540 2424 :
559 2406 569 2422 ι
585 2397 607 2425 0
622 2397 668 2424 lilii
679 2417 687 2429 ,
700 2404 772 2424 nunc
784 2400 892 2432 tempus
906 2401 947 2424 est
962 2401 991 2423 ut
1002 2397 1051 2424 be-

268 2443 357 2471 neﬁcii
387 2450 531 2475 memores,
551 2443 585 2470 ob
601 2450 632 2470 ea
657 2449 716 2477 qua:
739 2441 834 2477 largita
850 2441 972 2470 Trinitas
995 2447 1048 2474 est,

313 2540 357 2576 66)
372 2539 485 2576 Montac.
497 2543 528 2576 et
539 2539 581 2576 alii
596 2539 662 2566 edit.
678 2539 772 2568 volunt
786 2539 909 2576 πληθείς.

314 2573 358 2611 67)
373 2575 439 2602 Cod.
458 2574 505 2602 0r.
521 2573 596 2606 ἐξίει.

302 2609 358 2648 (68)
378 2610 430 2648 Sic
441 2611 533 2637 volunt
551 2610 653 2644 antiqui
670 2609 735 2637 edit.
756 2615 784 2638 et
806 2611 883 2638 codd.
905 2611 1002 2638 nostri.
1024 2612 1051 2638 ln

266 2645 330 2676 edit.
346 2645 489 2681 ἀφεθῆναι.

301 2679 435 2744 (69))ἰὶούζ
450 2681 496 2708 Or.
510 2681 585 2708 ἵεσαν
599 2689 606 2696 ·
623 2687 685 2707 mox
702 2679 778 2707 Colb.
789 2679 817 2711 2,
833 2679 1045 2716 ἁπολειψόμενοι.

301 2722 330 2744 ηι.
370 2736 378 2744 .
392 2715 597 2744 κατεογόμενοι.
615 2717 649 2742 ad
660 2723 764 2742 sacram
782 2716 888 2741 domum
904 2716 1045 2743 descendis

266 2715 330 2744 Coit.
348 2715 378 2744 P.
392 2715 597 2752 κατερχόμενοι,
615 2717 764 2752 adsuerant
778 2716 888 2752 domum
904 2716 1054 2743 descendis.

267 2757 331 2780 seut.
353 2753 380 2779 In
393 2749 552 2786 quibusdam
565 2752 630 2778 edit.
643 2749 873 2786 ἀποκληψόμενοι.

302 2787 357 2815 ι70)
371 2787 437 2814 Cod.
452 2786 499 2814 Or.
511 2792 538 2813 et
551 2787 581 2814 P.
597 2786 687 2814 εἰσίει.

302 2821 357 2856 (Ἠ)
374 2822 423 2848 Ἑν
439 2823 514 2849 deest
529 2822 555 2849 in
571 2823 631 2849 cod.
650 2821 697 2848 Or.

302 2855 358 2892 (72)
373 2857 411 2892 Ita
425 2861 541 2883 montac.
555 2862 582 2883 et
595 2856 638 2883 alii
653 2857 718 2883 edit.
737 2863 786 2885 nec
800 2863 851 2885 non
865 2863 959 2885 omnes
969 2855 1050 2884 codd.

267 2890 362 2923 ιοὲιιῑ.
388 2890 416 2918 III
428 2892 493 2920 edit.
507 2891 738 2928 περιδραμούσης.

1102 2305 1157 2339 οἶός
1172 2315 1202 2334 τε
1217 2307 1271 2340 ὣν,
1293 2310 1448 2344 προσφωνεῖ
1469 2308 1508 2344 τῷ
1532 2308 1629 2344 πλήθει
1653 2308 1698 2335 διά
1713 2316 1784 2340 τινος
1805 2307 1892 2342 λέγων

1103 2354 1193 2386 αὐτοῖς
1203 2362 1211 2369 ·
1232 2363 1240 2379 ι
1262 2351 1297 2380 Ὦ
1309 2354 1401 2386 τέκνα,
1418 2353 1466 2380 νῦν
1479 2353 1574 2390 καιρὸς
1591 2352 1826 2388 εὐγνωμονοῶτας
1841 2354 1889 2388 τὴν

1102 2398 1182 2433 χάριν
1192 2398 1330 2433 ὁμολογεῖν
1343 2399 1385 2434 ἐφ’
1396 2396 1437 2431 οἷς
1449 2399 1594 2434 ἐχαρίσατο
1608 2400 1700 2434 ἡμῖνή
1713 2399 1807 2435 Τριάς.
1824 2399 1880 2432 ΙΙερ

1102 2444 1131 2471 δὲ
1145 2444 1191 2471 τοῦ
1209 2445 1304 2481 θρόνου
1317 2445 1436 2476 εἰσαῦθις
1452 2443 1648 2480 ἀναλαϐώμεθα
1660 2444 1726 2480 (78).
1747 2454 1756 2470 ι
1771 2442 1864 2470 Ταῦτα
1875 2451 1888 2469 ι

1138 2542 1193 2578 (75)
1218 2542 1293 2570 llanc
1315 2543 1457 2571 lectionem
1485 2543 1615 2571 exhibent
1636 2542 1714 2570 codd.
1741 2542 1789 2578 Or.
1813 2543 1890 2570 Coll}.

1102 2577 1116 2604 ι
1136 2585 1164 2605 et
1179 2577 1206 2608 2.
1230 2586 1279 2606 nec
1301 2586 1352 2606 non
1380 2579 1499 2606 Combei.
1524 2579 1552 2605 In
1577 2579 1642 2606 edit.
1663 2577 1761 2604 ἀνίατα
1783 2577 1891 2608 ἐπίεζεν

1103 2613 1271 2649 ὑποσμῦχον.

1140 2647 1197 2682 (74)
1215 2647 1260 2675 Sic
1274 2655 1369 2676 omnes
1385 2647 1462 2675 codd.
1484 2647 1580 2675 nostri.
1599 2647 1626 2674 ln
1643 2647 1710 2676 edit.
1726 2647 1889 2682 παρέδοσαν.

1139 2683 1195 2719 (75)
1213 2684 1249 2710 lla
1261 2683 1376 2719 Montac.
1390 2688 1417 2710 et
1429 2690 1522 2710 omnes
1535 2682 1613 2710 codd.
1624 2683 1710 2710 nostri
1722 2690 1754 2710 ac
1767 2683 1889 2710 Combef.

1103 2718 1132 2745 ln
1150 2720 1215 2745 edit.
1229 2718 1381 2753 ὲλλάμψαν.

1139 2753 1196 2820 (ῖς-5)
1211 2754 1277 2797 (ξολ.
1293 2753 1340 2780 0r.
1352 2752 1520 2793 δυσφημίαν.

1157 2793 1195 2820 ιι)
1210 2789 1276 2816 Lod.
1294 2788 1340 2815 Or.
1357 2788 1516 2820 καθιδρυσαι

1152 2787 1195 2822 77)
1210 2789 1276 2816 Cod.
1294 2788 1340 2815 Or.
1357 2787 1528 2823 καθιδρῦσαι.

1140 2819 1196 2859 (7⁵8)
1211 2824 1295 2851 Codd.
1313 2823 1389 2851 Coll).
1405 2823 1417 2850 1
1436 2819 1463 2850 et
1480 2823 1508 2857 2,
1522 2823 1642 2855 εἰσαῦθις
1662 2819 1890 2858 ἀναϐαλλὼμιθα,

1103 2860 1130 2887 in
1142 2866 1272 2893 posterum
1285 2859 1446 2892 (ii/feramus.
