2055 3130
148 196 202 225 295

660 192 827 222 AUCTORE
841 191 1019 221 GREGORIO
1037 189 1279 220 PRESBYTERO.

1718 193 1772 218 230

149 253 200 290 μὲν
213 251 277 284 λαδς
288 251 442 287 δεξάμενος,
458 249 618 286 ἐπραΰνετο·
632 249 647 276 ὁ
659 249 837 286 αὐτοκράτωρ
851 249 878 276 δὲ
890 251 940 285 τῆς

999 250 1091 285 gratias
1106 249 1266 278 referamus.
1278 247 1316 275 De
1327 246 1425 275 throno
1437 249 1528 274 autem
1542 245 1612 275 alias
1625 254 1746 283 agemus.
1760 261 1770 277 ι

151 298 329 335 μετριότητος
357 296 414 332 (79)
443 295 492 322 τοῦ
519 294 616 331 ἀνδρὸς
646 294 856 330 κατεπλήττετο.
885 294 940 321 Καὶ

150 343 237 377 οὓτως
265 343 314 380 μὲν
339 343 357 379 ἡ
383 342 535 378 πανήγυρις
563 340 682 376 διελύθη,
714 339 883 376 εὐφροσύνην
910 348 939 366 τε

150 390 279 426 πλείστην
290 390 499 426 παρασχομένου
510 387 629 424 Χριστοῦ
642 388 688 414 καὶ
700 387 859 421 ἀσφάλειαν,
870 385 940 413 ὥστε

152 435 367 471 κατευνασθῆναι
384 433 439 460 τῶν
461 442 491 460 τε
514 432 604 459 ὃπλων
625 432 674 468 τὴν
701 431 877 468 παρασκευὴν
893 431 941 458 καὶ

151 483 201 518 τῆς
222 481 319 517 μανίας
344 479 376 507 τὸ
397 480 471 512 ζοέον·
496 479 525 505 ἓν
542 479 570 506 δὲ
594 478 674 514 μόνον
699 477 843 514 γυμνωθὲν
866 471 942 511 ξῒφος

152 527 287 564 ἀναιμωτὶ
303 526 385 554 πάλιν
401 525 571 562 ὲμὸληθῆναι
584 526 617 560 τῇ
639 524 782 560 ξιφοθήκῃ.

188 663 262 700 Πλήν
278 672 311 698 γε
324 664 374 690 οὐκ
395 663 436 695 εἰς
451 663 528 694 τέλος
543 662 718 698 συνεχωρήθη
737 661 774 698 μὴ
787 661 944 698 ἐνιδρυνθῆ-

155 717 198 736 ναι
212 708 250 744 τῷ
269 708 367 744 θρόνῳ.
382 709 492 744 Καίπερ
510 707 565 744 γὰρ
579 708 630 734 οὐκ
650 707 784 740 ἐθέλοντα,
800 707 847 734 καὶ
868 708 942 742 ἰσχυ-

156 755 210 791 ρῶς
229 754 403 791 ἀναινόμενον
414 775 421 787 ,
436 755 512 790 ὅμως
529 754 651 790 ἐνίδρυσε
669 753 721 788 τῆς
739 753 943 790 ἀρχιερωσύνης

155 802 211 832 τοῖς
237 799 335 832 θώκοις
358 800 510 836 ἀρχιερέων
538 799 653 836 πληθύς.
681 798 773 827 Ταῦτα
799 799 944 835 δὲ.μικρὺν

157 846 278 882 ὕστερον.
306 846 335 873 '0
357 846 407 882 μὲν
430 844 476 873 οὖν
501 845 628 882 βασιλεὺς
649 844 689 881 τῷ
713 845 789 881 ἀνδρὶ
806 845 943 881 ὲγεγήθει,

156 890 259 927 πατρὸς
275 889 350 926 αὐτῷ
373 890 455 927 τιμὴν
481 891 528 918 καὶ
547 889 613 917 αἰδῶ
633 890 787 925 ἀπονέμων.
810 890 867 916 Καὶ
890 890 944 927 γὰρ

156 935 201 973 ἧν,
213 921 310 963 ἐίνκαὶ
330 921 497 969 παιδεύσεως
518 936 642 972 ἄμοιρος,
666 921 725 963 an;
741 933 787 962 οὖν
801 921 915 974 εὺσεὸης
959 921 980 948 Β

158 981 226 1018 ἀνὴρ
239 981 285 1008 καὶ
300 982 397 1018 πρᾷος,
411 982 438 1008 at
447 990 500 1017 περ
518 981 573 1017 (80)
587 990 629 1012 τις
640 981 728 1013 ἀλλος.
743 981 829 1013 Αὐτὸς
842 980 871 1007 δὲ
885 980 945 1016 Θεῷ

159 1027 298 1063 σχολάζειν
318 1027 417 1063 μᾶλλον
435 1027 451 1062 ἢ
469 1027 577 1062 βασιλεῖ
596 1026 650 1053 τῶν
667 1026 757 1054 καλῶν
773 1024 842 1053 εἷναι
857 1026 946 1062 οἰόμε-

158 1082 212 1106 νος,
231 1073 262 1100 οὐ
280 1072 384 1108 ωχνῶς
401 1072 498 1108 ὡμίλει
515 1074 571 1105 τοῖς
589 1072 744 1108 βασιλείοις.
763 1072 946 1108 Φιλαργυρίαν

158 1118 187 1145 δὲ
203 1119 266 1150 τοὺς
284 1117 504 1154 παρισταμένους
521 1117 560 1153 τῷ
581 1117 687 1153 βασιλεῖ
700 1118 844 1151 νοσοῦντας
863 1118 945 1154 ὁρῶν,

160 1164 206 1191 καὶ
218 1164 281 1196 τοὺς
292 1164 368 1200 δῶρα
383 1163 579 1199 χαριζομένους
591 1164 817 1200 ἀποδεχομένους,
830 1163 886 1190 τῶν
906 1163 944 1196 δὲ,

159 1207 215 1242 οἷος
233 1207 269 1245 ἦν
290 1209 370 1241 αὐτὸς
392 1209 461 1245 (81),
477 1209 549 1246 μάλα
572 1210 826 1246 καταφρονοῦνταςο
841 1209 885 1237 διά
905 1218 945 1236 τοι

163 1255 247 1282 ταῦτα
266 1256 324 1287 ταῖς
341 1256 504 1291 προσευχαῖς
521 1254 569 1282 καὶ
579 1255 744 1291 ἀγρυπνίαις
759 1256 806 1283 καὶ
819 1255 946 1282 διδασκα-

163 1301 233 1333 λίαις
249 1303 388 1337 προσεῖχε,
401 1301 448 1329 καὶ
460 1301 580 1328 ἀσθενῶν
597 1302 756 1337 θεραπείαις
775 1302 822 1328 καὶ
841 1302 948 1328 ἐπισκέ-

162 1347 218 1381 ψει,
234 1346 293 1382 Θεῷ
314 1347 419 1379 τούτοις
439 1347 578 1383 καθαίρων
593 1347 689 1375 ἑαυτὸν
706 1347 753 1374 καὶ
767 1347 796 1374 τὸ
811 1347 946 1383 ποίμνιον·

161 1393 227 1420 ποτὲ
245 1393 273 1420 δὲ
287 1393 334 1420 καὶ
355 1393 424 1429 πρὸς
441 1394 544 1430 ἀγροὺς
556 1393 744 1430 ὑπανεχώρει,
765 1394 814 1429 τὴν
833 1395 947 1430 ἡσυχίαν

163 1438 262 1472 ποθῶν,
288 1439 335 1466 καὶ
360 1439 390 1466 τδ
409 1440 518 1475 συνεχὲς
541 1440 594 1466 τῶν
616 1440 703 1466 πόνων
723 1440 807 1476 ταύτῃ
825 1439 946 1475 ἰώμενος,

163 1485 201 1517 ὡς
219 1485 254 1512 ἃν
265 1484 343 1520 αὑτῷ
360 1485 390 1512 τὸ
411 1485 490 1521 σῶμα
510 1485 578 1520 πρὸς
591 1486 654 1518 τοὺς
667 1485 768 1521 ἐφεξῆς
790 1486 887 1518 πόνους
910 1487 948 1522 μὴ

164 1531 312 1567 ἀποκάμοι.
320 1531 420 1563 Αὑλαῖς
430 1531 458 1558 δὲ
471 1531 612 1567 βασιλείων
620 1531 735 1567 χρονίως
744 1531 869 1558 ἐνέϐαλλε
881 1531 948 1568 (82),

163 1577 193 1603 τὸ
206 1577 256 1612 τῆς
280 1577 433 1613 Παροιμίας
449 1575 478 1604 εὖ
496 1577 544 1604 καὶ
565 1577 725 1613 πρεπόντως
743 1577 928 1614 ἐκμελετήσας
939 1586 946 1592 ”
962 1591 983 1620 c

165 1621 296 1649 Σπάνιον
309 1622 412 1657 εἴσαγε
430 1622 490 1650 σὸν
506 1623 585 1649 πόδα
604 1623 679 1657 πρὸς
698 1623 758 1650 σὸν
774 1623 876 1658 φίλων,
898 1624 950 1652 ἵνα

163 1667 204 1703 μὴ
218 1668 364 1702 πλησθείς
375 1675 432 1695 σου
444 1668 500 1704 (85)
514 1668 633 1704 μισήσῃ
646 1677 691 1696 σε.

199 1712 338 1749 Τοσαύτης
352 1713 380 1740 δὲ
393 1714 494 1749 ποιμὴν
519 1713 683 1750 Ἐκκλησίας
699 1713 887 1750 ἀποδειχθεὶς,
903 1714 951 1741 καὶ

165 1757 330 1794 παραλαϐὼν
346 1758 489 1794 προσόδους
502 1767 531 1785 τε
549 1760 595 1786 καὶ
613 1759 790 1786 παντοδαπῶν
803 1759 951 1796 κειμηλίων

166 1804 278 1840 πλῆθος,
302 1803 366 1840 μίαν
387 1804 510 1841 δραχμὴν
532 1805 656 1833 ἐντεῦθεν
679 1805 709 1832 οὑ
733 1807 950 1842 προσεκτήσατο”

166 1850 253 1877 καίτοι
275 1857 307 1884 γε
329 1849 482 1885 βουλομένῳ
503 1850 550 1877 καὶ
572 1849 711 1877 ταλάντων
730 1850 860 1886 ἀφθονίαν
879 1849 953 1886 αὐτῷ

167 1892 366 1928 περιποιεῖσθαι
386 1892 419 1919 ἂν
436 1893 588 1927 ἐξεγένετο,
609 1895 640 1921 οὺ
656 1894 802 1930 λογισμοὺς
815 1895 952 1931 προσόδων

167 1940 215 1966 καὶ
232 1939 390 1975 διοικήσεως
407 1939 463 1975 (84)
485 1940 561 1976 παρὰ
587 1940 640 1967 τῶν
663 1941 899 1977 οῑκονομησάντων
919 1941 953 1968 τὰ

168 1985 216 2020 τῆς
233 1985 396 2021 Ἐκκλησίας
411 1986 588 2021 ἐπεζήτησεν,
606 1987 656 2013 οὐκ
669 1987 830 2023 ἀναγραφὴν
849 1986 954 2014 σκευῶν

170 2031 260 2066 ιερῶν,
275 2032 434 2068 καπηλικῶν
455 2031 554 2068 μᾶλλον
572 2033 588 2069 ἢ
603 2032 836 2069 ἑκκλησιαστικῶν
851 2032 954 2068 ἀνδρῶν

169 2077 198 2103 τὺ
217 2076 297 2113 ἔργον
316 2077 370 2113 (85)
392 2078 471 2105 τοῦτο
490 2077 647 2111 ὑπολαᾶῖον,
673 2079 721 2106 καὶ
742 2079 880 2115 ἀρχόντων
904 2079 955 2106 οὐκ

169 2123 340 2150 ἐπισκόπων·
360 2123 464 2155 τούτοις
487 2125 609 2156 ἅπαντας
629 2124 797 2152 ὲκπαιδεύων
818 2124 877 2160 Θεῷ
897 2124 954 2161 (86)

170 2168 343 2205 καθαρότητα
366 2169 532 2206 προσφέρειν
552 2171 602 2206 τῆς
632 2170 826 2206 συνειδήσεως,
848 2171 896 2198 καὶ
917 2170 956 2207 μὴ

171 2213 328 2250 ἀνθρώπους
342 2215 488 2251 πειρᾶσθαι
502 2216 712 2249 λονοθετοῦντας
722 2217 837 2244 πείθειν.

990 295 1054 323 Haec
1066 296 1147 323 verba
1162 295 1274 322 audiens
1287 293 1402 328 populus
1429 293 1605 327 mitescebat;
1626 293 1774 329 imperator

990 348 1055 368 vero
1071 340 1190 368 hominis
1204 339 1363 367 modestiam
1377 339 1409 366 ad
1425 343 1562 374 s‘tnpomn
1585 347 1672 375 usque
1693 342 1760 369 mira

990 387 1082 414 batur.
1111 385 1158 413 Sic
1188 385 1283 414 concio
1310 385 1398 412 soluta
1424 389 1488 417 est,
1518 385 1631 413 Christo
1653 385 1771 415 laetitiam

991 439 1123 460 summam
1144 433 1372 466 securitatemque
1401 430 1547 464 atl'crente;
1575 433 1611 459 ita
1631 437 1662 460 ut
1680 438 1709 460 et
1730 441 1772 460 ar-

991 485 1096 506 morum
1123 482 1270 512 apparatus
1297 477 1455 511 consopitus
1484 477 1588 510 fuerit,
1614 482 1642 505 et
1675 477 1772 507 furoris

991 525 1073 552 ardor
1087 525 1238 552 exstinctus
1251 544 1258 555 ,
1277 529 1359 558 atque
1373 531 1441 551 unus
1455 524 1586 552 duntaxat
1609 525 1682 553 ensis
1699 533 1766 553 exer

993 575 1036 598 tus
1054 571 1114 599 sine
1132 570 1184 598 ulla
1199 571 1306 599 cruoris
1327 570 1457 599 effusione
1474 579 1569 599 rursus
1588 572 1685 608 vagina
1704 579 1775 600 con-

992 618 1076 645 ditus.

1028 662 1160 691 Caeterum
1177 663 1202 690 ei
1231 663 1265 690 ad
1291 667 1442 691 extremum
1459 670 1546 698 usque
1563 663 1698 691 obsistere
1722 669 1776 691 non
1803 676 1804 685 ς

992 707 1080 742 licuit,
1091 708 1239 743 quominus
1257 708 1283 736 in
1301 709 1397 736 throno
1411 709 1600 737 collocaretur.
1616 709 1776 737 Pontificum

993 754 1065 782 enim
1077 754 1221 783 multitudo
1235 762 1309 787 eum,
1327 756 1452 790 quamvis
1469 755 1608 783 nolentem
1633 756 1777 783 vehemen-

995 805 1090 836 terque
1105 805 1275 829 recusantem
1289 821 1296 835 ,
1312 801 1339 828 in
1353 801 1578 836 arcliiepiscopali
1596 801 1660 829 sede
1674 801 1776 829 consti-
1816 815 1817 823 ι

995 847 1058 874 tuit.
1079 845 1132 874 Sed
1145 846 1202 874 hare
1224 847 1365 882 aliquanto
1376 847 1522 882 posterius.
1535 847 1641 874 interea
1658 847 1776 882 impera-

996 894 1038 916 tor
1053 889 1171 917 hominis
1185 890 1380 918 consuetudine
1395 891 1590 926 delectabatur,
1603 899 1719 927 eumque
1727 900 1780 927 pro

995 939 1108 970 parente
1131 934 1248 963 colebat.
1269 936 1399 969 Quamvis
1423 937 1498 964 enim
1524 937 1653 965 doctrinae
1681 945 1779 972 expers

994 985 1076 1013 esset,
1089 981 1148 1016 pius
1165 985 1253 1008 tamen
1271 982 1312 1009 vir
1327 986 1396 1014 erat,
1412 990 1570 1016 morumque
1585 982 1694 1011 lenitate
1710 990 1779 1018 prae-

995 1026 1067 1054 ditus
1079 1046 1087 1059 ,
1103 1031 1132 1053 ut
1146 1026 1169 1054 si
1187 1027 1321 1062 quispiam
1339 1027 1420 1056 alius.
1435 1028 1533 1056 Verum
1549 1029 1696 1064 Gregorius
1710 1030 1775 1062 Deo,

995 1079 1074 1107 quam
1094 1073 1272 1107 imperatori,
1288 1080 1398 1109 operam
1422 1074 1489 1102 dare
1510 1075 1666 1110 praeclarius
1684 1076 1779 1103 existi-

995 1125 1085 1151 mans,
1107 1118 1180 1146 haud
1195 1118 1352 1152 frequenter
1365 1120 1392 1147 in
1412 1120 1472 1147 aula
1484 1121 1655 1154 versabatur,
1671 1128 1719 1149 eos
1733 1122 1778 1156 qni

995 1163 1166 1198 imperatoris
1181 1163 1252 1192 latus
1267 1165 1422 1200 cingebant,
1438 1166 1560 1194 avaritiae
1576 1167 1670 1194 morbo
1682 1167 1780 1200 teneri.

997 1214 1077 1244 atque
1092 1214 1122 1236 ut
1136 1217 1183 1238 eos
1196 1211 1241 1245 qui
1266 1217 1378 1238 munera
1393 1210 1553 1243 all'erebant.
1574 1219 1652 1239 caros
1669 1212 1780 1244 habere,

997 1255 1033 1282 ita
1062 1255 1103 1282 sui
1131 1255 1234 1283 similes
1259 1256 1403 1284 admodum
1434 1257 1575 1291 aspernari
1599 1258 1776 1292 perspiciens.

997 1301 1131 1335 Quocirca
1143 1301 1347 1337 precationibus
1366 1307 1393 1330 et
1403 1303 1564 1338 pervigiliis,
1583 1310 1664 1339 atque
1678 1303 1782 1332 doctri-

998 1346 1050 1379 nis,
1068 1347 1233 1382 argrotisque
1246 1347 1375 1374 curandis
1389 1351 1418 1375 et
1433 1346 1582 1375 invisendis
1596 1348 1781 1382 incumbebat,

997 1391 1052 1420 Deo
1063 1399 1124 1420 sese
1138 1391 1181 1419 liis
1206 1393 1287 1419 rebus
1304 1400 1467 1428 gregemque
1482 1400 1601 1429 purgans
1618 1402 1625 1421 :
1643 1395 1778 1422 interdum

997 1439 1081 1466 etiam
1099 1437 1155 1465 ruri
1170 1437 1331 1471 secedebat,
1348 1438 1520 1467 solitudinem
1539 1445 1683 1475 expetens.
1696 1448 1784 1476 eaque

998 1483 1135 1519 perpetuis
1166 1483 1306 1511 laboribus
1340 1483 1468 1512 amictum
1499 1493 1601 1520 corpus
1631 1493 1780 1519 recreans.

999 1536 1033 1558 ne
1064 1529 1097 1557 ad
1129 1533 1274 1564 sequentes
1308 1530 1414 1559 labores
1447 1530 1598 1559 fatisceret.
1625 1531 1666 1560 Ad
1695 1532 1784 1559 aulam

1000 1579 1091 1602 autem
1116 1581 1179 1602 raro
1209 1574 1400 1609 commeabat,
1428 1575 1492 1603 illud
1514 1575 1722 1604 Proverbiorum
1740 1585 1784 1604 re-

999 1621 1043 1644 cte
1063 1625 1236 1653 congrueque
1254 1620 1449 1654 permeditatus
1470 1629 1477 1648 :
1499 1620 1570 1648 Raro
1592 1622 1683 1655 pedem
1708 1627 1782 1649 tuum

1000 1662 1071 1698 infer
1086 1664 1120 1690 ad
1135 1664 1260 1696 amicum,
1275 1673 1307 1691 ne
1318 1664 1387 1698 forte
1401 1665 1512 1693 satiatur
1524 1666 1611 1694 aderit
1625 1671 1649 1694 te
1663 1667 1696 1693 ¹⁶.

1037 1709 1129 1736 Tanta:
1144 1717 1224 1744 porro
1239 1709 1369 1738 Ecclesiae
1384 1712 1484 1745 praesul
1500 1711 1657 1746 institutus,
1670 1719 1786 1746 proven-

1003 1758 1100 1788 tusque
1114 1759 1142 1781 et
1159 1753 1292 1782 inﬁnitam
1306 1755 1396 1782 omnis
1406 1756 1516 1790 generis
1541 1756 1723 1792 eximiamque
1736 1765 1784 1784 su-

1002 1799 1162 1834 pellectilem
1179 1804 1354 1833 consecutus,
1377 1807 1411 1827 ne
1426 1801 1505 1828 unica
1518 1800 1628 1836 quidem
1654 1801 1783 1829 drachma

1003 1844 1067 1872 hinc
1091 1843 1232 1872 facultates
1248 1852 1311 1873 suas
1336 1846 1412 1872 auxit
1428 1854 1435 1872 :
1450 1853 1511 1873 cum
1526 1851 1615 1873 tamen
1637 1847 1786 1874 maximam

1005 1890 1165 1918 talentorum
1181 1892 1287 1926 c0piam
1301 1911 1309 1925 ,
1325 1891 1348 1918 si
1364 1892 1400 1918 ita
1421 1891 1506 1926 ipsius
1519 1891 1644 1920 voluntas
1658 1892 1765 1920 tulisset
1777 1913 1787 1925 ,

1003 1937 1132 1971 colligere
1150 1937 1294 1972 potuisset.
1321 1936 1362 1965 Ne
1380 1937 1514 1965 redituum
1531 1938 1639 1973 quidem
1661 1943 1689 1966 et
1705 1939 1791 1967 admi-

1005 1982 1173 2010 nistrationis
1188 1982 1321 2010 rationem
1343 1983 1441 2016 abiis,
1456 1984 1502 2019 qui
1526 1984 1654 2012 Ecclesiae
1678 1985 1787 2020 negotia

1005 2033 1207 2063 procurassent,
1231 2028 1371 2063 repetivit,
1389 2036 1440 2057 nec
1454 2029 1628 2065 supellectilis
1640 2037 1727 2059 sacrae
1742 2031 1790 2059 de-

1006 2075 1180 2110 scriptionem
1196 2082 1349 2111 cauponum
1363 2075 1466 2108 verius,
1478 2083 1560 2110 quam
1585 2076 1790 2105 ecclesiastico-

1005 2129 1065 2148 rum
1094 2121 1213 2149 virorum
1224 2141 1232 2154 .
1260 2122 1286 2149 id
1302 2129 1364 2149 esse
1391 2126 1525 2154 statuens,
1540 2129 1574 2149 ac
1589 2122 1790 2156 praefectorum.

1006 2175 1060 2196 non
1074 2168 1262 2202 episcoporum
1277 2177 1285 2195 :
1302 2172 1383 2203 atque
1395 2168 1437 2196 his
1449 2168 1530 2196 rebus
1541 2175 1636 2196 omnes
1651 2167 1792 2201 erudiens.

1007 2217 1036 2240 ut
1047 2212 1218 2240 conscientia
1232 2214 1377 2247 puritatem
1391 2213 1481 2248 potius
1495 2213 1549 2241 Deo
1565 2214 1703 2248 oﬂ'errent,
1712 2222 1792 2250 quam
1837 2235 1841 2238 .

970 2265 997 2296 ι)
1008 2263 1037 2286 ut
1050 2258 1200 2286 rationibus
1219 2258 1367 2286 referendis
1381 2259 1501 2287 muneris
1518 2260 1560 2287 sui
1579 2261 1795 2290 administratio-

205 2352 335 2388 Συνεχείᾳ
349 2353 377 2379 δὲ
392 2353 488 2385 πόνων,
502 2353 576 2389 γήρᾳ
586 2361 615 2380 τε
632 2353 679 2380 καὶ
694 2352 819 2388 ἀσθενείᾳ
828 2352 879 2388 ἤδη
890 2361 959 2387 καμ-

176 2398 320 2432 πτόμενος,
345 2399 525 2434 ἀρρωστήσας
539 2399 585 2425 siti.
607 2398 654 2425 τοῦ
671 2397 820 2433 σκίμποδος
835 2395 881 2432 ἦν.
905 2397 960 2424 Καὶ

175 2442 204 2478 δὴ
215 2442 262 2469 τοῦ
276 2442 363 2478 δήμου
379 2442 480 2478 πλῆθος
494 2442 598 2478 ἀθρόως
614 2442 759 2478 ἐπεισῆλθε
768 2442 807 2477 τῷ
818 2441 958 2477 δωματίῳ,

175 2487 237 2515 ἔνθα
263 2488 412 2515 κατέκειτο.
443 2489 471 2515 '0
495 2489 534 2522 δὲ,
559 2486 602 2515 οἵα
626 2488 696 2523 φιλεί
725 2488 883 2523 συμϐαίνειν
905 2489 961 2520 τοῖς

178 2535 349 2570 κτοουμένοις
377 2535 443 2571 (87),
473 2535 638 2570 ἐπιστρέψας
662 2534 709 2561 ἐπὶ
736 2533 783 2561 τοῦ
812 2533 959 2569 σκίμποδος

178 2581 236 2612 τοὺς
256 2580 347 2615 πόδας,
362 2582 402 2612 είς
417 2580 547 2615 τοῦδαῳος
566 2581 665 2608 οὑτωσὶ
683 2579 837 2613 ἐκαθέζετο,
853 2579 880 2606 τί
898 2579 961 2614 βού-

210 2636 233 2652 ¹⁶
247 2636 328 2664 Prov.
343 2644 406 2669 xxv,
422 2637 465 2664 17.

223 2692 266 2727 79)
281 2693 358 2720 Colb.
373 2694 400 2726 1,
413 2693 462 2729 τὴν
477 2694 649 2730 μετριότητα.

223 2729 266 2760 80)
282 2728 348 2756 Cod.
361 2728 390 2755 P.
403 2729 428 2755 el
442 2729 488 2755 καί
502 2738 555 2760 τις.

211 2747 267 2797 ἒὲἷὶ
283 2747 372 2790 Εἴ)ὂὶιῖ
382 2747 607 2796 ἐῶυῗέξὲῖὀτ.
625 2761 712 2795 οὗτος.

212 2797 268 2834 (82)
286 2798 420 2834 Itaicodd.
436 2799 511 2826 Colb.
527 2800 555 2828 ‘2.
574 2804 602 2825 et
619 2799 665 2827 0r.
681 2799 707 2826 ln
722 2799 786 2825 edit.
801 2798 925 2834 ἐνέὸαλε.

211 2832 341 2869 (85)(Σοῦ
357 2834 431 2860 deest
446 2834 471 2860 in
485 2834 560 2869 colb.
575 2834 602 2866 2,
621 2835 664 2861 ἵνα
676 2835 702 2861 in
719 2835 779 2861 cod.
795 2832 841 2861 0r.
855 2835 900 2869 qui
913 2834 962 2861 ha-

179 2867 325 2904 betfpllqv,
340 2869 437 2904 μήπως
452 2868 574 2904 πληθείς,

214 2902 270 2940 (84)
287 2901 431 2931 ϐοιιίιζοτ.
445 2908 472 2931 et
485 2901 514 2931 l‘.
526 2903 694 2941 διοικήσεων,
709 2911 771 2933 mox
783 2903 843 2932 cod.
857 2902 888 2931 P.
903 2903 962 2939 tCﬁ~
978 2944 981 2947 _

1009 2312 1070 2331 nem
1085 2304 1237 2332 hominibus
1257 2305 1373 2340 probare
1388 2304 1548 2332 niterentur.

1044 2349 1163 2377 Tandem
1180 2349 1295 2377 assiduis
1307 2349 1456 2384 laboribus,
1471 2356 1498 2378 et
1514 2352 1602 2385 senio,
1617 2353 1796 2388 corporisque

1011 2397 1192 2424 imbecillitate
1219 2397 1340 2432 fractus,
1370 2403 1481 2433 urgente
1509 2399 1534 2425 vi
1569 2399 1665 2431 morbi,
1683 2399 1796 2433 grabato

1010 2451 1039 2470 se
1056 2443 1174 2471 tenebat.
1187 2443 1225 2470 Ac
1241 2444 1385 2471 multitudo
1405 2444 1495 2479 populi
1513 2444 1607 2480 ingens
1620 2464 1628 2478 ,
1641 2445 1796 2473 cubiculum

1011 2489 1038 2516 in
1052 2496 1105 2524 quo
1115 2488 1225 2522 iacebat
1241 2494 1350 2525 repente
1374 2492 1494 2526 ingressa
1515 2495 1566 2518 est.
1586 2490 1644 2525 Ipse
1659 2490 1750 2525 igitur,
1767 2496 1797 2516 nt

1010 2533 1097 2560 solent
1119 2533 1164 2568 qui
1179 2534 1292 2568 strepitu
1308 2533 1409 2569 aliquo.
1421 2539 1637 2567 commoventur,
1651 2534 1686 2560 ad
1701 2541 1730 2561 se
1744 2533 1799 2560 col-

1009 2580 1088 2607 lectis
1104 2580 1130 2607 in
1146 2579 1210 2607 sella
1222 2580 1344 2615 pedibus,
1360 2580 1387 2607 in
1401 2588 1462 2608 eum
1477 2580 1584 2608 modum
1596 2580 1623 2607 in
1640 2579 1796 2614 pavimento

1010 2701 1102 2762 τηῧῗὲ)
1122 2727 1157 2754 Τὸ
1171 2726 1261 2762 ἔργον
1276 2728 1351 2756 deest
1368 2728 1394 2755 in
1410 2728 1470 2755 cod.
1490 2727 1537 2756 0r.

1047 2762 1104 2797 (86)
1118 2761 1155 2788 lla
1168 2761 1284 2790 Montac.
1301 2763 1367 2790 Cod.
1380 2763 1410 2789 P.
1422 2768 1449 2790 et
1459 2762 1580 2790 Contbcl‘.
1595 2762 1623 2789 In
1639 2762 1704 2790 edit.
1719 2761 1800 2789 Θεοῦ.

1046 2798 1101 2833 (87)
1119 2797 1165 2824 Sic
1183 2798 1275 2824 volunt
1293 2797 1409 2825 Montac.
1424 2798 1513 2833 codd,
1525 2798 1570 2825 0r.
1587 2797 1617 2833 Β.
1635 2802 1661 2825 et
1675 2797 1800 2824 Combel.

1009 2832 1080 2871 hanc
1098 2833 1240 2871 lectionem
1261 2838 1371 2871 secutus
1388 2837 1442 2871 εει
1466 2832 1570 2871 Billius.
1595 2832 1715 2871 ln__edit_.
1741 2834 1802 2871 qui:

1009 2867 1088 2895 busd.
1106 2867 1287 2904 ποιουμένοις.
1307 2867 1365 2904 Mox
1385 2866 1462 2894 Colb.
1489 2867 1515 2899 1,
1533 2867 1684 2904 ἐπιτρέψας
1702 2868 1734 2904 ὲκ
1751 2866 1801 2894 τοῦ

1011 2902 1168 2939 σκιμποδος.
1189 2902 1280 2931 Billius
1292 2903 1384 2937 vertit,
1405 2903 1535 2932 convertis
1556 2903 1583 2932 in
1598 2902 1666 2935 uua
1681 2903 1800 2939 pedibus.
