2055 3130
185 163 239 192 297
252 146 254 148 ’

699 167 864 198 AUCTORE
883 169 1059 199 GREGORIO
1079 172 1322 206 PRESBYTERO.

1761 191 1815 221 298

181 224 284 260 τήσειε,
299 223 409 256 δυνατὸς
426 223 536 252 ἔσεσθαι
547 224 595 257 τὰς
607 227 635 252 ὲν
649 227 741 263 κύκλῳ
753 229 804 264 τῆς
815 229 959 267 οἰκουμένη

182 270 272 286 ζει-ξιιμ
310 269 404 286 ,τουσι-οη
433 269 486 286 ᾒ-λ.
515 272 630 286 »ιιι-,Ε-
650 281 723 286 -...,.-
746 283 835 286 ..---Α.
844 283 863 286 ._.
875 276 914 286 n.5,
949 285 952 286 ν

1010 254 1014 262 λ
1029 240 1092 260 num
1106 235 1224 263 animum
1240 237 1363 271 haberet,
1380 240 1470 276 gregis
1485 246 1574 271 tamen
1591 252 1694 282 amore,
1709 254 1735 277 et
1749 252 1813 286 quia

181 270 282 305 ἐριδας,
310 269 404 306 ὥσπερ
432 269 487 296 ἀπὸ
515 272 630 303 σκοπιᾶς
650 281 723 304 τινος
746 276 974 310 καταμανθάνων,

180 315 309 346 διαλύειν,
336 316 383 342 καὶ
406 315 474 351 πρὸς
493 316 589 344 ἕνωσιν
601 318 701 353 ἀμφοῖν
714 321 775 346 ταῖν
786 322 876 355 χεροῖν
899 322 975 356 ἄγειν

179 359 328 391 διεστώσας
342 361 392 392 τὰς
409 361 580 397 Ἑκκλησίας,
600 363 686 390 εἵλετο
699 363 825 397 δέξασθαι
841 366 892 402 τὴν
915 368 975 394 ἐπι-

183 406 298 441 σκοπήν.

214 541 268 568 Τοῦ
285 541 313 568 δὲ
331 542 404 569 ὁσίου
427 543 559 570 Μελετίου
574 545 783 582 τελευτήσαντος
805 548 850 575 τὸν
871 549 927 584 βίον
943 551 973 576 ὲν

178 588 211 622 τῇ
226 587 349 622 βασιλίδι,
360 588 464 621 γίνεται
481 589 555 625 αὐτῷ
565 591 632 626 τιμὴ
649 594 887 630 προπεμπτήριος,
902 594 972 622 ὥστε

178 634 267 660 πᾶσαν
284 635 327 659 ἐπ’
352 634 426 669 αὐτῷ
445 635 592 671 ἐκχυθῆναι
612 637 660 673 τὴν
678 637 810 673 βασιλίδα,
827 640 912 667 πολλὰ
942 641 971 667 δὲ

178 681 343 714 καταγαγεῖν
358 680 474 717 δάκρυα,
492 683 539 708 καὶ
552 684 703 718 τηνικαῦτα
717 686 746 712 ὲν
763 686 893 722 πρώτοις,
908 688 970 715 ὅσον

176 726 220 760 εἴη
242 726 344 761 πλῆθος
360 727 563 763 ἐπιγνωσθῆναι
579 729 626 756 τοῦ
651 731 767 763 ἄστεως.
791 731 874 765 Αὖθις
901 734 972 768 φιλο-

178 772 264 799 νεικία
281 773 345 808 περὶ
357 773 404 800 τοῦ
423 773 529 810 Θρόνου,
547 777 594 802 καὶ
608 777 675 812 πρὸς
689 778 820 814 ἀλλήλους
832 780 969 816 ὲζυγομά-

176 825 240 852 χουν
266 818 421 846 ἐπίσκοποι.
443 820 497 846 Καὶ
514 821 539 847 οἱ
562 821 611 856 μὲν
631 822 666 848 τὰ
680 823 850 858 ψηφισθέντα
873 825 968 852 δίκαια

176 860 243 888 εἶναι
271 863 420 898 κρίνοντες,
442 863 538 899 βέϐαια
560 867 648 900 μεῖναι
663 867 749 894 ταῦτα
773 869 923 897 ἐϐούλοντιν
943 871 968 897 οἱ

174 907 202 934 δὲ
219 907 380 934 ἁντέπιπτον
395 909 462 945 πρὸς
478 909 512 936 τὰ
528 910 579 945 ἤδη
601 911 748 947 δεδογμένα
770 915 870 946 καλῶς.
893 916 922 942 Ὁ
938 916 967 942 δὲ
982 909 1004 936 Β

174 952 332 988 Γρηγόριος,
346 953 383 985 ὡς
398 954 437 989 (‘2)
450 955 523 987 ἅπαξ
538 956 587 991 τὴν
599 957 732 994 καθέδραν
739 959 896 994 δεξάμενος,
907 970 968 996 μετ-

173 999 290 1025 εποιεῖτο
323 999 420 1034 αὐτῆς,
445 999 512 1035 πρὸς
527 1000 626 1033 αὐτοὺς
643 1002 783 1038 χρώμενος
801 1005 915 1032 τοιοῖσδε
925 1006 969 1033 λό-

175 1050 239 1076 γοις·
258 1051 267 1067 ι
291 1042 372 1077 Ἐγὼ,
388 1043 516 1078 ποιμένες
531 1046 598 1080 ἱεροὶ
611 1047 659 1074 καὶ
682 1047 777 1083 τίμιοι,
808 1050 858 1085 τὴν
879 1051 966 1087 ἀρχὴν

172 1088 221 1114 οὐκ
244 1088 337 1123 ἤθελον
354 1089 403 1124 τῆς
419 1089 554 1124 βασιλίδος
582 1092 744 1127 ἡγήσασθαι’
774 1095 844 1122 ἀλλά
869 1097 915 1123 καὶ
941 1099 966 1125 ει

174 1132 263 1164 πόνοις
286 1141 316 1159 τε
334 1134 382 1160 καὶ
409 1135 518 1170 ἱδρῶσιν
544 1137 621 1172 ἐμοῖς
637 1138 726 1174 ἐπάγη
749 1148 779 1166 τε
801 1142 848 1168 καὶ
862 1142 966 1178 ηὐξήθη

171 1177 224 1204 τῶν
236 1178 298 1214 τῇδε
325 1179 342 1214 ὴ
357 1180 516 1216 Ἐκκλησία,
532 1182 611 1218 ἤρκει
630 1191 674 1217 μοι
691 1184 776 1211 ταῦτα
790 1185 829 1221 τῷ
845 1186 904 1222 Θεῷ
918 1188 966 1223 θη-

171 1224 308 1259 σαυρίζειν
325 1226 390 1259 παρ’
402 1225 485 1252 αὑτοῦ
497 1227 546 1262 τὴν
561 1228 693 1255 ἀντίδοσιν
705 1230 876 1265 ὰναμένοντι.
888 1233 964 1260 Ἐπεὶ

169 1269 197 1295 δὲ
213 1269 294 1301 πόθος
307 1278 337 1296 τε
348 1271 463 1306 ποίμνης
488 1273 534 1298 καὶ
550 1272 627 1308 ὑμῶν
641 1275 716 1311 κοινὴ
729 1275 818 1311 ψῆφος
835 1277 963 1309 δέξασθαι

171 1322 206 1349 με
216 1315 265 1350 τὴν
274 1316 312 1350 (ὅ)
325 1315 460 1352 καθέδραν
474 1317 644 1352 ἐξεϐιάσατο,
663 1320 694 1347 οὗ
714 1330 758 1356 μοι
770 1322 873 1349 δοκεῖτε
885 1324 964 1352 τοῦτο

168 1361 256 1395 ὀρθῶς
277 1360 325 1388 νῦν
349 1362 488 1397 πράττειν,
503 1363 702 1400 ἀνατρέποντες
724 1366 757 1393 τὰ
777 1369 864 1395 οἰκεῖα
893 1371 962 1405 πρὸς

169 1406 207 1441 τῷ
222 1406 259 1441 (4)
276 1407 342 1442 μηδὲ
365 1407 488 1440 ἅπαντας
506 1413 672 1445 συμφωνείψ
686 1413 754 1439 ἀλλὰ
770 1415 827 1446 τοῖς
857 1416 906 1449 μὲν
920 1415 962 1442 δο-

168 1454 226 1480 κεῖν
254 1453 390 1488 κρατῆσαι
409 1454 442 1481 τε
470 1455 519 1491 ἤδη
547 1456 671 1490 δόξαντα,
689 1460 746 1490 τοῖς
763 1459 791 1485 δὲ
812 1461 842 1486 οὐ
860 1462 958 1490 δοκεῖν.

173 1498 243 1533 Ἐγὼ
264 1499 293 1525 δὲ
308 1499 338 1525 οὺ
362 1499 488 1533 πλούτου,
503 1502 564 1528 οὐδὲ
583 1503 688 1539 ὑψηλῆς
717 1506 858 1541 ἐφιέμενος
876 1508 958 1535 καοέι

165 1543 241 1579 δρας,
266 1544 328 1570 τάδε
346 1546 428 1580 φημὶ,
454 1546 515 1572 οὐδὲ
539 1547 674 1582 βασιλίδος
697 1552 876 1586 χρηματίζειν
899 1555 959 1581 ἐπί-

166 1597 276 1620 σκοπος·
302 1590 369 1616 ἀλλὰ
386 1591 493 1626 πρῶτον
518 1594 566 1628 μὲν
581 1594 714 1630 ὀρφανίαν
737 1598 839 1626 τέκνων
866 1601 958 1636 φέρειν

164 1635 278 1667 ἀπαθῶς
294 1636 516 1672 δυσχερέστατον,
532 1641 578 1666 καὶ
592 1641 702 1676 ἠλιθίων
715 1643 744 1669 τὸ
762 1635 960 1677 πάθος-ἔπειτα

167 1681 203 1716 μὴ
218 1681 312 1717 δόξητε
329 1683 407 1718 ὑμεῖς
416 1683 504 1720 φθόνῳ
523 1686 578 1712 τινὶ
591 1686 608 1721 ἧ
621 1688 767 1724 κουφότητι
779 1690 859 1726 ἕτερα
869 1694 956 1727 πράτ-

164 1734 220 1754 τειν
232 1728 287 1754 τῶν
309 1728 404 1764 πρώην
419 1731 608 1766 ἐγνωσμένων.
632 1734 663 1760 El
680 1734 708 1760 δὲ
720 1737 783 1771 νικᾷ
797 1738 863 1773 παρ’
893 1739 957 1774 ὑμῖν

163 1772 197 1800 τὰ
226 1773 284 1806 νῦν,
305 1775 351 1801 καὶ
374 1775 407 1803 τὰ
424 1777 520 1812 πρώην
535 1778 572 1809 ὡς
592 1779 663 1806 ἕωλα
684 1784 892 1817 καταφρονεῖται
909 1784 958 1819 (5),

163 1819 274 1851 ἀλύπως
286 1821 335 1856 τῆς
349 1821 503 1858 ἐπισκοπῆς
519 1824 673 1861 ἐξίσταμαι,
689 1827 862 1862 Βουλεύεσοε,
877 1832 960 1866 πράτ-

163 1873 223 1891 τετε
235 1865 268 1891 τὰ
280 1867 341 1893 καθ’
359 1868 482 1900 ἑαυτοὺς,
497 1868 532 1895 τὰ
546 1871 746 1906 παριστάμενα.
762 1873 839 1909 Ἐμοὶ
854 1875 882 1901 δὲ
891 1865 959 1909 ἀγα-

162 1910 248 1945 πητὸν
261 1912 278 1946 ὴ
294 1911 395 1948 ἐρημία
409 1914 456 1940 καὶ
472 1914 555 1941 πάλαι
571 1916 618 1942 καὶ
632 1917 688 1944 νῦν.
703 1918 739 1944 Οὐ
760 1919 813 1955 γὰρ
833 1920 879 1947 καὶ
888 1921 955 1948 θεοῦ

162 1954 296 1989 εἴρξουσιν
312 1957 337 1982 oi.
352 1957 396 1984 τὸν
410 1957 504 1992 Θρόνον
519 1960 762 1997 ἀποστερήσοντες.
785 1973 795 1989 ι

161 2006 233 2033 sunt,
246 2010 279 2030 ac
294 2010 336 2030 res
357 2004 426 2031 haud
447 2005 551 2040 pridem
569 2009 729 2036 constitutas
748 2010 820 2038 velut
839 2011 976 2040 obsoielas

160 2054 272 2087 scopatu
302 2058 345 2078 me
372 2051 479 2080 abdico.
507 2053 656 2082 Consilium
681 2056 759 2090 inite,

160 2083 268 2130 quidem
284 2096 400 2125 solitudo
413 2104 440 2126 ct
454 2099 517 2127 olim
530 2101 613 2128 chara
627 2102 688 2136 fuit,

160 2142 274 2169 abiaturi
291 2149 364 2170 sunt.
381 2153 390 2169 ν

1027 277 1145 307 futurum
1152 281 1339 315 existimabat,
1351 289 1380 312 ut
1392 286 1415 312 si
1427 287 1519 315 urbem
1542 296 1683 326 augustam
1699 277 1813 330 tene‘ret,

1025 325 1213 354 contentiones
1227 335 1275 362 per
1288 329 1381 357 orbem
1396 336 1531 361 terrarum
1552 337 1706 368 oborientes
1719 361 1726 373 ,
1743 343 1816 371 velut

1025 376 1041 396 e
1055 371 1165 403 specula
1188 374 1305 407 quadam
1324 383 1490 412 perspectas,
1515 371 1807 420 exstingueret,-dissi-
1841 401 1846 411 λ

1024 414 1173 452 dentesque
1197 418 1333 448 Ecclesias
1348 423 1487 457 ambabus,
1504 432 1533 453 ut
1555 428 1665 464 dicitur,
1687 434 1811 462 manibus
1840 465 1844 471 ἕ

1025 462 1057 488 ad
1071 463 1198 491 unionem
1219 468 1445 504 concordiamque
1459 472 1613 508 adduceret,
1627 477 1809 511 cpiscooatum

1025 507 1149 541 accipere
1166 517 1218 536 non
1237 513 1381 541 recusavit.

1059 552 1170 580 Atvero
1187 554 1310 584 Meletius
1331 564 1461 588 extremo
1483 568 1544 591 vum
1559 565 1600 593 die
1622 566 1812 599 Constantino-

1022 596 1074 630 poli
1090 598 1247 631 perfunctus
1259 622 1266 634 ,
1281 603 1348 629 adeo
1363 604 1462 634 celebri
1485 613 1567 644 atque
1592 611 1741 642 honorifico
1765 617 1809 644 fu-

1024 649 1088 669 nere
1099 643 1222 678 effertur,
1246 652 1274 673 ut
1298 649 1331 675 ad
1349 650 1435 685 ipsum
1452 643 1591 684 urbs’tota
1614 665 1673 686 sese
1688 660 1808 691 effunde-

1022 691 1075 718 ret,
1103 689 1302 726 maximamque
1330 693 1509 732 lacrymarum
1528 701 1581 727 vim
1607 704 1760 740 emitteret,
1776 716 1808 737 ac

1022 735 1077 757 tum
1094 733 1237 767 imprimis,
1254 743 1352 771 quanta
1365 741 1464 768 civium
1479 745 1620 775 multitudo
1632 755 1714 784 esset,
1728 759 1810 786 agno-

1020 784 1152 807 sceretur.
1173 781 1277 811 Rursus
1301 785 1394 821 itaque
1416 789 1449 816 de
1463 789 1559 818 throno
1573 797 1710 825 contentio
1735 800 1807 826 exei-

1021 829 1075 851 tata
1091 831 1141 858 est,
1162 833 1242 863 atque
1257 830 1328 859 inter
1351 840 1380 860 se
1399 834 1600 867 altercabantur
1613 842 1740 878 episcopi.
1753 845 1806 873 Alii

1019 869 1101 903 enim,
1116 879 1175 906 quae
1186 874 1320 911 suﬂragiis
1330 883 1429 907 statuta
1443 881 1560 915 fuerant,
1572 885 1646 921 justa
1663 895 1722 916 esse
1735 890 1805 924 judi-

1018 921 1120 949 cantes,
1136 919 1212 946 tirma
1229 929 1259 948 ea
1276 931 1385 951 manere
1401 927 1536 957 volebant.
1548 931 1601 958 Alii
1616 932 1660 965 iis,
1677 941 1736 969 quae
1748 936 1804 970 jam

1021 967 1094 990 recte
1106 964 1214 993 decreta
1229 967 1347 1002 fuerant,
1364 972 1587 1003 adversabantur.
1600 978 1633 1005 At
1645 964 1802 1015 Gregorius,

1020 1009 1106 1042 utqui
1120 1012 1202 1038 semel
1218 1014 1375 1042 cathedram
1388 1018 1549 1052 admisisset,
1564 1030 1622 1049 eam
1640 1025 1803 1060 vindicabat,

1018 1053 1168 1088 bujusmodi
1183 1057 1216 1085 ad
1228 1065 1275 1086 eos
1289 1062 1414 1091 oratione
1439 1069 1515 1093 utens
1531 1077 1537 1094 :
1558 1077 1567 1094 ι
1588 1068 1661 1104 Ego,
1681 1078 1803 1106 pastores

1017 1100 1087 1126 sacri
1110 1105 1137 1128 et
1161 1103 1337 1137 venerabiles,
1356 1108 1472 1140 primum
1497 1118 1618 1145 augusta:
1642 1115 1716 1143 urbis
1731 1124 1802 1151 prte-

1017 1144 1146 1173 fecturam
1160 1149 1282 1184 accipere
1296 1153 1453 1182 recusabant
1466 1165 1473 1182 :
1488 1164 1518 1184 ac
1535 1158 1596 1185 licet
1614 1161 1671 1188 hare
1681 1161 1801 1191 Ecclesia

1015 1189 1154 1220 laboribus
1185 1195 1382 1232 sudoribusque
1410 1202 1477 1228 meis
1502 1211 1686 1238 coagmentata
1719 1213 1801 1243 atque

1015 1237 1176 1272 ampliticata
1194 1239 1299 1275 fuisset,
1318 1245 1382 1272 mihi
1401 1251 1489 1275 tamen
1511 1251 1577 1277 satis
1592 1260 1726 1289 superque
1739 1262 1799 1283 erat

1014 1281 1071 1309 hwc
1089 1283 1142 1311 Deo
1169 1286 1353 1316 thesaurizare
1365 1311 1372 1322 ,
1391 1297 1472 1326 atque
1488 1295 1521 1321 ab
1537 1302 1570 1323 eo
1586 1300 1735 1327 mercedem
1748 1309 1798 1329 ex-

1012 1333 1143 1361 spectare.
1162 1330 1306 1367 Postquam
1320 1340 1409 1363 autem
1426 1341 1552 1374 et'gregis
1567 1349 1668 1376 amore,
1685 1350 1711 1372 et
1724 1354 1799 1374 cotu-

1013 1375 1138 1403 munibus
1151 1379 1250 1405 vestris
1270 1379 1391 1413 calculis,
1411 1385 1567 1413 cathedram
1595 1390 1716 1424 accipere
1734 1400 1797 1421 coa-

1012 1423 1071 1447 ctus
1086 1427 1155 1453 sunr,
1171 1424 1236 1451 mihi
1251 1426 1460 1462 haudquaquam
1480 1436 1552 1459 recte
1565 1436 1644 1468 agere
1654 1423 1794 1472 videmini,

1011 1465 1067 1499 qui,
1083 1469 1153 1500 quod
1170 1469 1219 1504 ipsi
1233 1471 1352 1506 let-istis,
1368 1476 1518 1504 couvellitis
1535 1484 1616 1514 atque
1629 1482 1767 1517 abrogatis
1786 1495 1794 1513 :

1011 1515 1040 1538 ut
1057 1511 1165 1540 interim
1182 1519 1284 1544 taceam
1297 1539 1304 1551 ,
1327 1521 1397 1554 quod
1419 1530 1452 1549 ne
1466 1523 1544 1550 .inter
1570 1533 1663 1555 omnes
1687 1531 1794 1563 quidem

972 1583 996 1615 ο
1011 1559 1077 1586 satis
1093 1562 1236 1596 convenit;
1256 1572 1348 1593 verum
1376 1567 1420 1594 alii
1441 1577 1471 1596 ea
1499 1578 1557 1604 qun:
1575 1572 1630 1607 jam
1649 1577 1794 1606 constituta

1011 1609 1084 1637 sunt,
1102 1611 1158 1632 rata
1174 1615 1234 1635 esse
1253 1610 1351 1638 debere
1372 1620 1498 1648 censent;
1514 1616 1573 1644 aliis
1585 1626 1663 1646 secus
1678 1621 1790 1649 videtur.

1009 1648 1063 1675 Nec
1078 1658 1143 1679 vero
1160 1653 1216 1681 inec
1230 1662 1244 1681 a
1263 1664 1304 1684 me
1320 1665 1352 1684 eo
1367 1659 1504 1693 dicuntur,
1518 1664 1589 1697 quod
1607 1665 1647 1692 vel
1661 1674 1734 1701 opes,
1752 1670 1792 1696 Vel

1007 1696 1148 1724 sublimem
1164 1701 1319 1729 cathedram
1341 1710 1482 1739 expetam.
1510 1709 1549 1735 vel
1574 1717 1695 1745 augusta:
1717 1715 1791 1741 urbis

1006 1741 1149 1777 episcopus
1174 1746 1307 1774 nominari
1333 1752 1533 1785 concupiscant.
1559 1753 1610 1782 Sed
1627 1758 1740 1790 primum
1762 1762 1792 1785 li-

1011 1785 1108 1814 liorum
1136 1791 1279 1819 orbitatem
1301 1796 1446 1829 tranquillo
1471 1799 1560 1826 animo
1580 1800 1649 1828 ferre
1666 1803 1791 1832 diilicilli-

1011 1839 1085 1859 mum
1103 1839 1154 1867 est,
1171 1843 1219 1863 nec
1236 1837 1286 1863 nisi
1301 1841 1423 1867 vecordia
1436 1843 1585 1884 'cuiuspiam
1604 1847 1719 1876 hominis
1734 1851 1790 1884 pla-

1009 1884 1099 1911 neque
1113 1880 1222 1914 stupidi.
1239 1881 1339 1911 Deinde
1357 1885 1420 1913 iliud
1436 1876 1623 1923 'metuendum,
1640 1900 1673 1920 ne
1689 1876 1790 1924 invidia

1008 1924 1121 1956 quadam
1143 1930 1189 1952 aut
1204 1926 1311 1955 levitate
1339 1938 1382 1958 res
1402 1939 1488 1967 nuper
1509 1935 1633 1964 decretas
1648 1938 1790 1968 immutare

1008 1969 1160 1998 videamini.
1183 1971 1259 2005 Quod
1283 1976 1306 2002 si
1333 1977 1409 2004 vobis
1438 1983 1578 2014 praesentia
1604 1985 1688 2019 magis
1713 1987 1789 2015 cordi

1009 2019 1037 2042 et
1054 2015 1165 2046 frivolas
1185 2021 1376 2056 contemnitis,
1408 2024 1479 2053 haud
1512 2033 1610 2056 maesto
1625 2031 1715 2058 animo
1729 2033 1788 2067 epi-

795 2066 838 2087 res
863 2064 968 2088 vestras
988 2062 1074 2097 agite,
1093 2069 1121 2092 et
1150 2067 1280 2102 quidquid
1300 2071 1375 2098 vobis
1398 2072 1424 2099 in
1441 2079 1557 2102 mentem
1582 2079 1697 2106 venerit.
1721 2080 1786 2109 Mihi

702 2108 729 2131 et
744 2112 814 2133 nunc
827 2109 878 2134 est.
905 2106 963 2134 Non
983 2109 1056 2136 enim
1084 2120 1099 2138 a
1129 2112 1183 2140 Deo
1209 2122 1317 2150 quoque
1341 2125 1389 2144 nos
1417 2122 1562 2154 arcebant,
1591 2124 1634 2158 qui
1660 2126 1785 2156 thronum

192 2188 284 2216 Ταῦτα
297 2189 392 2223 είπὲιν,
407 2193 453 2219 καὶ
462 2193 621 2229 αἰσθόμενος
639 2196 703 2227 τοὺς
720 2197 834 2229 πολλοὺς
847 2199 948 2235 προδο-

231 2234 253 2244 ι*
261 2234 269 2244 \
399 2237 410 2244 α
418 2238 424 2244 ι
434 2238 446 2244 ι-
568 2240 574 2244 .
597 2240 603 2244 .
659 2242 665 2244 .
708 2242 714 2244 μ
762 2242 767 2244 .
826 2243 830 2244 ν

1035 2201 1093 2230 llac
1117 2204 1239 2231 oratione
1261 2204 1363 2239 habita,
1380 2214 1440 2234 cum
1461 2208 1602 2244 plerosque
1624 2212 1650 2238 in
1674 2213 1786 2242 alterius

157 2233 206 2269 λὴν
227 2234 307 2261 ἀλλον
327 2237 534 2271 σπουδάζοντας,
545 2240 634 2272 αὐτὸς,
650 2237 794 2269 ἀπολιπὼν
808 2243 853 2270 τὸν
862 2241 945 2278 οἷκον,

157 2281 221 2307 ἔνθα
244 2281 402 2317 κατέμενεν,
421 2284 500 2311 ἄλλον
519 2289 682 2322 περισκοπεῖ
696 2288 788 2324 πόρρω
808 2289 859 2324 τῆς
885 2290 946 2316 Ἐκ-

157 2326 280 2362 κλησίας,
306 2329 370 2360 τούς
390 2338 420 2356 τε
448 2331 576 2367 θορύϐους
602 2332 806 2368 ἀποδιδράσκων
834 2336 880 2362 καὶ
900 2336 948 2368 τὰς

155 2371 281 2408 ὀχλήσεις
303 2374 357 2401 τῶν
368 2376 558 2404 συνελεύσεων.
575 2378 671 2405 Πολλοὶ
686 2379 751 2414 γοῦν
763 2379 809 2406 τοῦ
825 2380 889 2407 λαοῦ
909 2381 947 2417 (6)

155 2418 245 2445 ἐκεῖσε
263 2420 419 2456 συνέρρεον,
438 2422 612 2458 δακρύοντες,
641 2425 817 2458 ἱκετεύοντες,
841 2428 947 2455 ἀντιϐο-

154 2463 263 2496 λοῦντες
279 2466 386 2501 ἐλεῆσαι
403 2467 433 2494 τὸ
455 2470 590 2504 ποίμνιον,
604 2470 618 2497 ὃ
631 2471 722 2503 πόνοις
743 2481 772 2498 τε
789 2473 836 2499 καὶ
852 2473 945 2509 ἱδρῶσι

153 2510 290 2543 τοσούτοις
301 2512 428 2548 ἐξέθρεψέ
452 2523 480 2540 τε
505 2516 552 2542 καὶ
565 2515 678 2551 ηὔξησε.
703 2527 712 2542 ι
726 2517 775 2549 Δὸς
791 2518 840 2554 τὴν
850 2519 942 2554 χάριν,

154 2552 254 2587 ἔλεγον,
282 2556 339 2587 τοῖς
354 2558 410 2588 σοῖς
432 2558 580 2592 φιλτάτοις,
598 2561 644 2587 καὶ
658 2559 699 2592 οἷς
711 2561 741 2588 τὸ
757 2562 875 2597 ἀκμαῐόν
896 2573 943 2590 σου

152 2599 200 2634 τῆς
215 2599 288 2636 ζωῆς
302 2604 496 2638 προαναλώσας
519 2607 595 2641 ἡμῖν,
610 2606 730 2642 δώρησαι.
743 2609 788 2635 καὶ
803 2608 833 2635 τὸ
853 2608 943 2637 λειπό-

153 2653 242 2678 μενον·
256 2647 289 2673 ἶν’
303 2647 411 2684 ἔχοιμεν
427 2650 463 2685 (7)
478 2651 604 2686 λείψανον
614 2652 644 2679 τὸ
657 2654 702 2680 σὺν
718 2654 808 2689 σῶμα,
819 2656 843 2681 οἱ
859 2658 892 2691 τῇ
910 2659 941 2692 σῇ

150 2689 308 2728 διδασκαλίᾳ
323 2697 533 2731 πεφωτισμένοι.
551 2707 560 2723 ι
583 2698 706 2733 Τούτοις,
722 2697 767 2727 οἷα
788 2689 943 2735 φιλότεκνος

195 2781 224 2813 2)
245 2782 292 2816 Ὠς
305 2782 379 2811 deest
393 2784 420 2811 in
435 2784 496 2812 eod.
511 2785 557 2813 0r.

195 2816 223 2851 ὅ)
238 2817 275 2844 lta
292 2818 370 2845 codd.
390 2819 437 2846 Or.
458 2825 483 2846 et
510 2821 537 2846 l'.
556 2821 582 2848 In
601 2823 667 2849 edit.
685 2828 789 2851 tantum
806 2824 933 2858 δέξασθαι

236 2886 301 2914 Cod.
320 2886 367 2915 0r.
383 2888 451 2922 πρὸς
465 2889 495 2915 τό

325 2934 462 2965 Ρλτιιοῐι.
484 2935 542 2967 Gn.
566 2936 697 2968 XXXV.

1001 2246 1118 2282 episcopi
1133 2248 1298 2277 creationem
1323 2251 1444 2279 studiose
1465 2253 1621 2283 incumbere
1643 2258 1782 2292 sensisset,

1000 2293 1057 2326 ipse
1075 2293 1155 2321 domo
1174 2301 1216 2325 ca,
1235 2294 1261 2321 in
1283 2303 1334 2328 qua
1354 2299 1491 2331 manebat,
1517 2300 1621 2332 relicta,
1642 2302 1721 2329 aliam
1749 2304 1784 2331 ab

997 2337 1118 2366 Ecclesia
1139 2339 1232 2373 procul
1251 2340 1373 2368 dissilam
1389 2342 1595 2377 circumspectat
1608 2365 1615 2378 ,
1635 2351 1664 2373 ut
1683 2349 1782 2375 tumul-

999 2388 1051 2417 tus,
1069 2383 1252 2419 moiestosquc
1271 2391 1298 2413 et
1316 2386 1485 2421 importtlnos
1501 2391 1639 2430 hominum
1654 2401 1782 2429 congres-

997 2436 1044 2455 sus
1070 2428 1211 2464 emlgeret.
1230 2431 1358 2458 l’ermulti
1383 2434 1481 2468 quippe
1506 2443 1537 2462 ex
1563 2428 1668 2471 plebeio
1685 2428 1782 2468 ordine

995 2475 1058 2502 illuc
1073 2475 1255 2509 conﬂuebant,
1271 2484 1332 2505 cum
1354 2478 1480 2515 lacrymis
1499 2488 1560 2508 emn
1579 2489 1688 2512 orantes
1700 2490 1782 2519 atque

993 2521 1171 2555 obtestantes,
1192 2528 1221 2549 ut
1236 2524 1344 2559 gregis,
1370 2533 1449 2560 quem
1466 2531 1505 2554 tot
1522 2529 1656 2564 tantisque
1677 2531 1778 2558 labori-

993 2566 1044 2594 bus
1064 2575 1096 2594 ac
1115 2568 1260 2596 sudoribus
1277 2570 1383 2597 aluerat
1404 2577 1484 2606 atque
1500 2580 1674 2607 provexerat,
1693 2577 1777 2604 mise-

993 2618 1109 2641 reretur.
1128 2621 1137 2639 ι
1156 2612 1193 2640 Da
1221 2615 1272 2642 hoc
1288 2616 1457 2645 clmrissimis
1482 2619 1527 2646 tibi
1546 2620 1699 2648 hominibus
1711 2641 1719 2654 ,
1736 2624 1778 2648 iu-

992 2656 1132 2691 quiebant,
1148 2663 1174 2684 et
1187 2659 1286 2691 quibus
1303 2660 1365 2687 vita:
1386 2666 1437 2688 tua:
1449 2662 1568 2696 vigorem
1586 2663 1659 2698 prius
1674 2664 1777 2699 impen-

993 2703 1066 2737 disti,
1085 2703 1180 2731 iisdem
1194 2711 1312 2740 quoque,
1331 2707 1403 2740 quod
1420 2707 1482 2734 vitae
1499 2714 1634 2742 superest,
1653 2708 1751 2745 largire
1766 2718 1776 2738 ι

1026 2792 1062 2836 (5)
1175 2794 1221 2836 ρι’.
1237 2793 1309 2836 etp-1
1323 2797 1527 2836 καταρρρνεῖεε.

1026 2829 1064 2862 (6)
1076 2829 1159 2855 Codd.
1178 2829 1224 2856 0r.
1246 2835 1274 2856 et
1291 2830 1319 2857 l'.
1333 2832 1364 2856 ἐκ
1376 2829 1422 2857 τοῦ
1432 2831 1507 2858 λαοῦ.

1023 2862 1060 2898 i7)
1076 2863 1158 2891 Codd.
1176 2865 1223 2892 Or.
1239 2870 1266 2892 et
1283 2864 1359 2892 Coll).
1381 2866 1406 2899 1,
1423 2865 1536 2900 ἕχωαεν.

1556 2944 1593 2975 10
