2055 3130
253 165 308 194 999

818 159 899 188 νιΤΑ
919 160 949 187 S.
967 158 1131 188 GREGORII
1150 156 1322 185 THEOLOGI

1821 155 1874 186 500

253 222 344 258 utqui
361 221 483 250 doctrina
511 225 555 249 tua
584 220 736 248 collustrati
762 227 866 252 sumus,
894 219 930 247 tui
953 219 1035 247 etiam

1087 217 1186 253 πατὴρ,
1211 216 1381 252 ἐμαλάσσετο
1397 215 1456 251 μὲν,
1473 214 1571 250 ἠπόρει
1587 214 1616 241 δὲ
1627 215 1642 241 6
1666 222 1691 241 τι
1701 214 1809 249 δράσειε
1824 216 1874 250 (8),

253 269 377 304 corporis
396 267 522 302 reliquias
537 266 695 294 habeamus.
715 275 726 292 ι
755 265 804 294 His
820 266 911 294 verbis
932 265 1037 293 mollie-

1090 263 1190 290 καὶτὸν
1200 262 1266 289 Θεὸν
1279 261 1433 296 ὲξελιπάρει
1445 260 1475 287 τὸ
1486 260 1559 295 αὐτῷ
1571 259 1675 295 πρέπον
1687 260 1872 295 οἰκονομῆσαι.

251 314 333 343 batur
344 315 451 349 quidem
467 312 714 347 indulgentissimus
732 311 831 344 Pater;
848 315 973 339 caterum
989 318 1035 337 nn-

1090 309 1198 335 Τούτων
1209 308 1324 344 ἐχόντων
1333 307 1378 334 τὸν
1392 306 1491 342 τρόπον
1506 305 1609 338 τοῦτον,
1623 305 1749 340 παρῆσαν
1765 306 1875 332 ἐπίσκο-

254 361 344 395 cipitis
361 364 420 386 erat
445 358 528 385 animi
555 357 620 393 quid
642 362 744 393 ageret,
769 357 908 392 Deumque
925 355 1037 390 supplex

253 407 347 434 orabat
365 409 403 439 ut,
423 405 494 440 quod
523 404 573 431 sibi
592 404 710 431 maxime
726 403 894 434 conveniret,
909 402 1037 434 dispone-

253 456 304 479 ret.
320 450 384 484 Quae
393 457 454 478 cum
469 450 507 476 ita
522 456 552 476 se
567 449 708 481 baberent,
722 448 826 475 aﬂuere
838 448 966 482 episcopi.
979 451 1036 474 tum

252 504 286 523 ex
301 496 429 531 Egypto,
448 499 503 522 tum
516 502 550 522 ex
567 494 733 526 Macedonia,
751 493 910 530 Byzantium
928 493 1013 520 vocati
1028 513 1036 526 ,

251 549 313 569 cum
324 542 412 569 adhuc
426 541 580 575 supradicta
596 540 716 574 synodus
735 539 762 567 in
779 540 846 567 urbe
860 539 1031 567 consisteret.

252 585 284 613 Et
297 586 404 620 quidem
416 584 463 618 illi,
479 584 605 619 quoniam
616 583 765 618 Gregorius
780 583 847 610 citra
866 589 958 610 eorum
972 589 1034 608 sen-

251 630 361 657 tentiam
390 630 486 656 throno
513 628 656 663 impositus
673 627 776 661 fuerat,
801 628 920 655 humano
937 625 1034 653 atl‘ectu

249 675 364 708 obsessi,
384 675 492 703 decreto
507 674 694 709 repugnabant
711 683 719 700 :
738 681 791 701 non
805 673 876 707 quod
896 681 956 700 eum
972 672 1034 700 odio

250 721 381 748 haberent
406 719 645 756 (quemadmodum
658 719 773 747 occultis
796 719 821 746 ei
836 718 1036 754 signiﬁcationi-

249 768 299 794 bus
315 766 532 799 conﬁrmabant).
551 764 599 792 sed
614 768 644 791 ut
655 771 701 791 eos
714 783 722 796 ,
736 764 782 799 qui
802 764 889 798 ipsum
908 763 1035 798 praefece-

248 816 322 843 rant,
339 810 534 838 ulciscerentur
552 818 559 836 :
578 812 608 836 ut
629 808 676 843 qui
700 809 760 836 sine
783 815 876 836 eorum
902 808 1033 835 sententia

1090 363 1136 381 ποι
1159 353 1321 389 κεκλημένοι
1344 353 1376 379 ἐκ
1387 361 1417 378 τε
1432 351 1570 386 Αἰγύπτου
1593 351 1639 377 καί
1651 350 1818 382 Μακεδονίας
1835 352 1875 383 εἰς

1087 398 1118 424 τὸ
1131 398 1286 430 Βυζάντιον,
1302 397 1341 423 ἔτι
1353 397 1402 431 τῆς
1415 395 1563 432 εἰρημένης
1575 395 1742 430 ἐνδημούσης
1753 396 1873 422 συνόδου.

1088 443 1143 469 Καὶ
1161 443 1192 478 δή
1200 439 1283 476 οὗτοι,
1299 443 1336 474 ὼς
1349 443 1433 478 χωρὶς
1445 442 1495 476 τῆς
1509 441 1598 468 αὐτῶν
1608 441 1720 476 γνώμης
1736 441 1875 476 καθιδρυν-

1087 489 1180 520 θέντος
1203 488 1250 515 τοῦ
1266 488 1401 524 μακαρίου
1425 487 1585 523 Γρηγορίου,
1609 486 1689 513 πάθει
1713 487 1875 523 ἀνθρωπίνῳ

1088 535 1310 570 κατασχεθέντες,
1327 533 1469 568 ἀντέλεγον
1482 535 1515 569 τῇ
1531 533 1623 568 ψήφῳ·
1641 533 1700 568 οὑχί
1726 533 1874 569 Γρηγόριον

1089 580 1229 615 μισοῦντες
1243 581 1289 616 (ὡς
1300 580 1380 606 αὑτὸν
1400 579 1555 606 συνέπειθον
1570 579 1607 614 (9)
1621 578 1746 614 κρυφίοις
1752 578 1875 614 δηλώμα-

1088 627 1150 661 σιν),
1167 627 1235 653 ἀλλά
1248 627 1310 659 τοὺς
1325 626 1538 662 καθιδρύσαντας
1560 625 1734 661 ἀμυνόμενοι,
1754 626 1793 657 ὡς
1812 625 1874 661 δίχα

1086 672 1199 708 γνώμης
1215 672 1271 707 (10)
1289 672 1378 699 αὐτῶν
1387 672 1536 704 δεδωκότας
1553 672 1599 698 τὸν
1616 672 1720 707 Θρόνον.
1740 671 1769 698 '0
1783 671 1812 698 δὲ
1821 680 1873 707 μα-

1087 717 1182 754 κάριος
1195 719 1240 744 ἐπὶ
1253 718 1283 745 τὺ
1297 718 1362 744 αὐτὸ
1378 718 1484 745 πάντων
1495 717 1550 753 (11)
1562 716 1807 752 συναθροισθέντων
1818 716 1874 742 τῶν

1087 765 1253 796 ἐπισκόπων,
1265 763 1404 796 καταστὰς
1420 764 1448 790 ὲν
1462 764 1537 799 μέσῳ
1543 763 1583 798 τῷ
1594 763 1714 798 συλλόγῳ
1728 762 1795 799 (12),
1808 762 1874 789 τάδε

1087 811 1162 845 φησί·

250 855 472 890 archiepiscopali
505 855 568 882 sede
584 854 744 889 Gregorium
766 853 923 880 douassent.
944 852 981 880 At
997 853 1037 880 vir
1055 853 1160 888 beatus,
1174 855 1299 883 omnibus
1322 854 1455 890 episcopis
1474 853 1501 881 in
1523 862 1604 882 unum
1623 855 1735 886 coactis.
1748 853 1774 881 in
1785 853 1874 881 medio

241 903 366 932 concilio
382 906 468 934 stans,
483 901 515 929 ad
530 901 602 929 hunc
616 901 725 928 modum
745 901 826 927 verba
839 900 905 927 facit
919 908 926 927 :

287 971 298 988 ι
315 960 373 989 V'iri
387 959 505 994 collegae,
518 963 546 986 et
559 962 746 994 compastores
765 957 928 985 sacrosancti
944 958 1033 993 gregis

1121 966 1130 982 ι
1151 956 1264 992 Ἀνδρες
1277 955 1464 991 συμποιμένες
1472 955 1521 991 τῆς
1529 956 1605 992 ἱερᾶς
1619 955 1736 991 ποίμνης
1743 954 1872 990 Χριστοῦ,

247 1006 363 1039 Christi,
380 1009 459 1040 turpe
477 1004 575 1037 fuerit,
591 1010 754 1038 prorsusque
767 1011 781 1030 a
800 1003 877 1030 vobis
900 1002 1033 1035 alienum,

250 1052 284 1085 si,
300 1052 346 1087 qui
357 1051 391 1078 ad
408 1057 502 1086 pacem
519 1050 587 1078 alios
603 1049 729 1083 eruditis,
743 1049 902 1076 intestinum
913 1048 961 1083 ipsi
979 1048 1035 1076 bel—

250 1097 307 1124 lum
328 1097 399 1123 inter
423 1093 764 1129 vos.excitetis.5Quonam
781 1093 852 1121 enim
877 1093 956 1121 modo
970 1093 1035 1120 alios

251 1140 285 1167 ad
315 1140 487 1167 concordiam
513 1138 700 1170 adduxeritis,
720 1138 771 1173 ipsi
789 1138 862 1166 circa
888 1138 1035 1166 sententias

250 1188 358 1212 vestras
379 1189 407 1212 et
423 1184 532 1212 decreta
549 1183 752 1218 discrepantes?
763 1183 801 1210 Ac
815 1190 863 1210 vos
884 1190 932 1218 per
944 1182 1034 1210 Trini-

252 1234 334 1257 tatem
349 1229 434 1263 ipsam
449 1228 573 1262 obsecro,
589 1232 620 1256 ut
634 1232 725 1255 vestra
739 1228 845 1262 negotia
868 1227 996 1262 praeclare
1009 1232 1036 1256 et

249 1275 364 1311 paciﬁce
388 1275 460 1302 inter
481 1283 529 1303 vos
550 1275 717 1310 transigatis.
736 1275 812 1308 Quod
840 1275 864 1302 si
880 1275 957 1303 vobis
981 1275 1035 1303 ullo

250 1321 329 1349 modo
343 1321 449 1349 dissidii
473 1328 554 1348 causa
581 1328 655 1353 sum,
677 1320 773 1348 Jonam
800 1321 959 1356 prophetam
973 1322 1036 1350 vitae

250 1367 409 1402 integritate
421 1374 473 1394 non
502 1374 614 1401 supero.
642 1366 738 1394 Mittite
752 1375 792 1394 me
806 1367 833 1393 in
846 1375 930 1400 mare,
944 1371 969 1393 et
984 1375 1036 1394 m-

249 1412 318 1439 utbt't
339 1421 356 1440 α
374 1413 444 1439 vobis
459 1411 620 1439 tumultuum
632 1411 747 1447 procella
757 1411 788 1439 ".
809 1411 945 1446 Quidquid
961 1412 1036 1440 vobis

250 1458 337 1486 visum
349 1457 443 1490 fuerit,
463 1458 571 1485 tametsi
586 1465 601 1484 a
616 1458 693 1492 culpa
710 1457 846 1491 immunis,
863 1462 960 1485 vestra:
971 1465 1036 1486 con-

251 1503 352 1530 cordiae
363 1509 456 1535 causa,
467 1503 582 1530 libenter
594 1502 741 1537 perpetiar.
757 1502 868 1530 Throno
882 1503 1034 1535 exturbato,

251 1547 318 1574 urbe
332 1546 434 1581 ejicitc.
475 1545 587 1574 Tantum
602 1548 771 1574 ueritatemet
793 1555 895 1581 pacem,
921 1552 951 1574 ut
974 1555 1035 1574 cum

250 1591 383 1620 Zacharia
397 1592 503 1626 loquar,
530 1591 632 1627 diligite
644 1592 677 1619 η.
693 1592 796 1625 Valete,
819 1592 889 1620 sacri
903 1597 1035 1627 pastores.

1085 1001 1198 1038 αἰσχρὸν
1216 1002 1264 1037 μὲν
1283 1002 1325 1037 εἰη
1350 1001 1406 1037 (15)
1426 1001 1473 1028 καὶ
1499 1001 1638 1033 παντελῶς
1662 1002 1711 1036 οὺχ
1731 1001 1817 1037 ὑμῶν,
1835 1003 1872 1033 εἰ,

1084 1049 1147 1080 τοὺς
1162 1047 1258 1079 ἄλλους
1274 1047 1387 1083 εἰρήνην
1413 1047 1594 1078 παιδεύοντες,
1613 1048 1690 1074 αὐτοὶ
1705 1047 1773 1083 πρὸς
1788 1047 1872 1083 ἀλλή-

1085 1094 1146 1125 λους
1169 1093 1288 1128 πόλεμον
1304 1092 1418 1128 ήρασθε.
1441 1093 1505 1124 Πῶς
1519 1092 1542 1119 δ’
1566 1093 1599 1120 ἂν
1625 1093 1747 1129 ὁμονοεῖν
1764 1093 1875 1130 ἑτέρους

1088 1140 1201 1174 πείσητε
1218 1138 1286 1175 (14),
1299 1138 1377 1165 αὐτοὶ
1391 1138 1468 1170 ὖντες
1482 1138 1547 1174 περὶ
1560 1138 1595 1165 τὰ
1609 1138 1738 1165 δοκοῦντα
1747 1138 1876 1173 ἀσύμφω-

1085 1192 1142 1216 νοι;
1161 1183 1232 1210 Ἀλλ’
1258 1183 1372 1210 ἱκετεύω
1392 1183 1464 1219 ὑμᾶς
1481 1183 1549 1219 πρὸς
1578 1184 1628 1218 τῆς
1653 1184 1766 1220 Τριάδος
1789 1183 1874 1219 αὐτῆς

1085 1229 1174 1261 καλῶς
1190 1238 1220 1256 τε
1233 1230 1280 1256 καὶ
1290 1230 1435 1265 εἰρηνικῶς
1451 1230 1590 1257 διαθέσθαι
1605 1230 1639 1257 τὰ
1654 1230 1721 1266 πρὸς
1732 1229 1873 1265 ἀλλήλους.

1085 1276 1116 1302 Εἰ
1132 1275 1161 1302 δέ
1179 1284 1206 1301 τι
1223 1276 1286 1311 ὑμῖν
1313 1275 1368 1310 ἐγὼ
1385 1275 1434 1311 τῆς
1451 1275 1617 1307 διαστάσεως
1640 1276 1735 1308 αἴτιος,
1753 1275 1802 1302 οὐκ
1815 1275 1874 1310 εἰμί

1086 1321 1247 1358 σεμνότερος
1267 1321 1344 1348 Ἰωνᾶ
1353 1321 1400 1348 τοῦ
1418 1322 1569 1357 προφήτου.
1585 1321 1698 1348 Βάλετὲ
1711 1330 1750 1355 με
1760 1322 1803 1354 εἰς
1817 1321 1876 1353 τὴν

1086 1367 1255 1399 θάλασσαν,
1269 1367 1318 1394 καὶ
1334 1367 1480 1394 παύσεται
1492 1367 1542 1401 ἀφ’
1552 1366 1636 1401 ὑμῶν
1649 1368 1665 1393 d
1683 1366 1802 1393 κλύδων
1815 1366 1875 1392 τῶν

1085 1413 1222 1448 ταραχῶν
1236 1413 1303 1449 (15).
1335 1412 1471 1449 Δίροῦμαι
1485 1412 1581 1439 παθεῖν
1600 1412 1614 1438 ὃ
1636 1420 1663 1438 τι
1679 1411 1711 1438 ἂν
1731 1411 1873 1447 βούλησθε,

1085 1459 1184 1494 καίπερ
1196 1458 1282 1490 ἁθῶος
1292 1458 1339 1490 ὢν,
1357 1459 1407 1493 τῆς
1419 1457 1496 1493 ὑμῶν
1510 1457 1603 1484 ἕνεκεν
1621 1457 1755 1492 ὁμονοίας.
1772 1457 1875 1492 Θρόνου

1086 1503 1215 1537 ἐξώσατε,
1229 1504 1331 1536 πόλεως
1354 1503 1518 1530 ἀπελάσατε.
1540 1503 1640 1530 Μόνον
1661 1503 1719 1537 τὴν
1731 1502 1876 1536 ἀλήθειαν

1086 1549 1136 1576 καί
1148 1549 1205 1584 τὴν
1214 1549 1348 1585 εἰρήνην,
1357 1549 1395 1582 ὡς
1408 1550 1423 1576 ό
1437 1550 1574 1585 Ζαχαρίας
1583 1550 1675 1584 φησὶν,
1687 1549 1873 1583 ἀγαπήσατε.

1089 1595 1240 1631 Ἔρρωσθε,
1256 1596 1323 1631 ἱεροί
1336 1595 1473 1630 ποιμένες,
1489 1596 1535 1622 καλ⁴
1550 1595 1604 1621 τῶν
1616 1595 1690 1630 ἐμῶν
1708 1595 1796 1621 πόνων
1808 1603 1876 1630 μνη-

251 1645 372 1665 meorum
383 1637 504 1665 laborum
516 1638 673 1665 memoriam
684 1642 841 1673 perpetuam
852 1643 1016 1665 conservate.
1024 1647 1033 1663 ι

1088 1630 1255 1676 μονεύοντες,
1274 1641 1311 1676 μὴ
1322 1641 1485 1676 ἀπολήξητε.
1507 1649 1516 1666 ι
1533 1640 1625 1667 Ταῦτα
1641 1641 1773 1673 εἰπόντος,
1793 1640 1875 1672 αἰδώς

251 1682 314 1710 Haec
324 1690 356 1711 eo
374 1683 525 1718 prolocuta,
540 1685 641 1718 pudore
655 1684 770 1719 quodam
792 1684 842 1719 ipsi
861 1684 1035 1716 tenebantur,

251 1729 310 1764 ejus
328 1729 449 1757 oratione
459 1729 623 1763 compuncti.
636 1729 704 1757 Tum
720 1729 778 1764 ipse
795 1731 821 1757 in
836 1729 1034 1764 Cappadociam

252 1779 427 1810 perrecturus
442 1782 457 1802 e
470 1775 586 1802 concilio
599 1776 726 1808 excessit,
743 1775 881 1810 voluptate
907 1775 986 1803 simul
1010 1780 1037 1802 et

252 1827 369 1848 mcerore
381 1820 494 1848 allectus
507 1831 512 1848 :
528 1821 592 1848 illud
605 1841 614 1854 ,
629 1822 700 1857 quod
721 1821 843 1850 laborum
856 1823 976 1857 requiem
996 1822 1038 1849 in-

252 1865 392 1896 venisset;
423 1865 495 1898 hoc,
519 1869 628 1901 propter
658 1873 786 1901 gregem,
817 1873 934 1900 quonam
958 1867 1037 1895 modo

252 1911 338 1946 ipsum
357 1911 532 1946 relinqueret.

289 1968 318 1996 In
333 1968 422 1996 aulam
448 1973 537 1996 autem
550 1969 699 2004 profectus,
715 1969 876 1997 beneﬁcam
901 1970 935 1997 ab
952 1969 1038 2004 impe-

254 2018 346 2041 ratore
378 2014 546 2049 postulabat,
565 2015 607 2042 his
636 2015 727 2043 verbis
753 2016 828 2050 prius
838 2023 899 2043 eum
920 2015 1035 2042 aﬂ‘atus:

256 2068 266 2085 ι
285 2058 344 2086 Tibi
358 2059 477 2094 quidem,
490 2067 507 2086 ο
520 2059 678 2094 Imperator,
691 2067 739 2094 pro
755 2061 807 2087 tuis
817 2067 880 2094 erga
891 2059 1037 2087 Ecclesia.)

255 2105 361 2132 meritis
378 2105 509 2132 retribuat
524 2105 649 2132 Christus
668 2105 695 2132 in
714 2105 758 2132 die
776 2105 972 2131 retributionis.
986 2104 1038 2132 Βε-

255 2151 380 2177 nelicium
397 2155 485 2177 autem
497 2171 504 2184 ,
516 2151 587 2186 quod
604 2158 675 2178 nunc
691 2159 705 2178 a
724 2156 750 2178 te
760 2155 838 2185 peto,
851 2150 1038 2184 potentissimo

253 2195 381 2230 princeps
392 2215 401 2229 ,
417 2195 483 2223 dare
509 2204 542 2224 ne
557 2196 688 2230 graveris.
714 2195 773 2222 Non
794 2203 843 2230 pro
860 2196 980 2229 pecuniis
992 2196 1038 2222 tibi

255 2249 315 2269 sum
341 2242 470 2277 supplex;
497 2250 549 2270 noti
583 2243 699 2278 pretiosa
728 2241 853 2269 altarium
885 2246 1037 2276 tegumenta

1086 1695 1127 1718 τις
1143 1685 1312 1722 αὐτοὺςείχε
1325 1688 1382 1719 τοῖς
1402 1687 1558 1722 εἰρημένοις
1583 1687 1784 1721 κατανυγέντας
1807 1686 1875 1721 (16).

1092 1732 1121 1757 ’0
1131 1732 1180 1766 μὲν
1189 1729 1235 1758 οὖν
1242 1731 1288 1758 ἐπὶ
1298 1731 1347 1767 τὴν
1355 1732 1546 1758 Καππαδοκῶν
1561 1731 1651 1767 βαδιοὺ
1655 1732 1812 1768 μενοςηὲξῄει
1820 1733 1829 1767 (
1833 1733 1841 1758 1
1848 1733 1875 1764 Τ)

1085 1777 1132 1804 τοῦ
1146 1777 1286 1809 συλλόγου,
1309 1777 1448 1812 συμμιγὴς
1464 1778 1535 1813 χαρᾷ
1558 1786 1588 1804 τε
1606 1777 1654 1804 καί
1674 1778 1819 1814 κατηφείᾳ·
1845 1778 1877 1803 τὺ

1089 1822 1148 1857 μὲν,
1161 1823 1201 1848 ὅτι
1214 1822 1268 1848 τῶν
1287 1823 1374 1849 πόνων
1386 1823 1545 1850 ἀνάπαυλαν
1558 1823 1660 1858 ηὕρατο
1674 1823 1740 1858 (18),
1751 1823 1784 1849 τὺ
1793 1823 1820 1849 δὲ
1829 1823 1875 1849 τοῦ

1087 1868 1210 1904 ποιμνίου
1228 1868 1317 1904 χάριν,
1335 1869 1408 1900 ὅπως
1425 1869 1490 1896 αὐτὸ
1503 1869 1700 1903 καταλείψειεν.

1130 1963 1229 1991 Ἐλθὼν
1243 1964 1272 1990 δὲ
1287 1966 1327 1996 εἰς
1347 1965 1379 1992 τὰ
1398 1965 1529 2000 βασίλεια,
1559 1966 1618 2002 ᾔτει
1633 1966 1713 2002 χάριν
1737 1967 1784 1994 τὸν
1798 1967 1877 1993 αὺτο-

1088 2010 1219 2045 κράτορα,
1236 2012 1323 2038 τοιάδε
1334 2011 1418 2038 εἰπὼν
1429 2013 1568 2047 πρότερον
1579 2021 1590 2038 ι
1600 2013 1635 2039 Σὺ
1652 2013 1712 2048 μὲν,
1723 2009 1745 2039 ὦ
1753 2012 1874 2047 βασιλεῦ,

1088 2053 1126 2083 ὧν
1139 2057 1188 2091 τὴν
1210 2057 1372 2092 Ἐκκλησίαν
1398 2058 1596 2093 εὐηργέτησας,
1617 2059 1813 2094 ἀντιμετρήσαι
1836 2067 1877 2085 σοι

1088 2103 1205 2138 Χριστὸς
1217 2104 1245 2129 ὲν
1258 2103 1349 2139 ἡμέρᾳ
1361 2104 1574 2136 ἁνταποδόσεως·
1596 2105 1627 2140 ἣν
1639 2104 1666 2130 δὲ
1681 2104 1728 2131 νῦν
1744 2105 1811 2131 αἰτῶ
1826 2105 1878 2140 7f!-

1091 2157 1143 2184 ριν,
1159 2145 1181 2175 ὦ
1193 2148 1332 2184 κράτιστε,
1349 2149 1440 2176 δοῦναι
1458 2149 1494 2184 μὴ
1511 2150 1666 2185 ἀπαρνήσῃ.
1684 2150 1721 2176 Οὐ
1734 2150 1797 2186 περί
1808 2159 1873 2186 χρη-

1091 2194 1182 2230 μάτων
1204 2194 1327 2220 ἰκετεύω·
1347 2194 1408 2221 οὐδὲ
1432 2195 1507 2221 ποθῶ
1530 2194 1661 2229 πολυτελῆ
1680 2195 1878 2231 θυσιαστηρίων

1091 2241 1280 2276 σκεπάσματα,
1305 2241 1335 2267 οὐ
1352 2241 1490 2275 συγγενῶν
1509 2241 1605 2277 ἀρχάς
1624 2241 1680 2268 ἀλλ’
1694 2241 1807 2268 ἱκετεύω
1821 2242 1877 2267 τῶν

256 2287 432 2322 concupisco;
445 2295 498 2314 non
516 2287 638 2322 cognatis
651 2287 795 2321 dignitates
816 2286 923 2319 ambio;
940 2286 996 2318 sed,
1011 2290 1035 2312 ul

1091 2286 1179 2313 πόνων
1197 2285 1334 2322 ἀνεθῆναι.
1344 2287 1457 2321 Ληγὲτω
1469 2287 1497 2313 δὲ
1509 2287 1555 2313 κα)⁸
1566 2287 1620 2322 (19)
1630 2287 1735 2321 φθόνος,
1747 2286 1880 2322 εἰρηνευέι

256 2330 394 2358 laboribus
421 2331 530 2363 liberer,
555 2332 678 2360 obsecro.
703 2331 797 2358 Cesset
823 2330 906 2358 etiam
921 2330 1039 2362 invidia;

256 2384 348 2410 pacem
363 2376 453 2403 colant
477 2377 615 2412 episcopi;
633 2382 658 2404 tu
677 2377 793 2405 maxime
808 2377 836 2404 in
847 2384 907 2404 eam
919 2383 976 2403 rem
991 2376 1040 2402 ad-

258 2424 343 2450 »itcre
356 2431 363 2455 ;
379 2423 550 2451 sacerdotum
563 2425 662 2452 bellum
675 2424 836 2459 comprime,
854 2423 900 2458 qui
913 2423 1041 2451 barbam-

289 2527 312 2542 "
329 2526 389 2554 Ion.
406 2535 414 2553 t
440 2527 483 2554 12.
523 2527 544 2543 ¹⁸
557 2527 640 2554 Zach.
656 2534 713 2560 vnt,
726 2527 771 2555 19.

290 2627 330 2663 (8)
349 2628 414 2655 eoa.
426 2627 473 2655 ογ.
491 2627 595 2663 δράσει.

290 2662 329 2698 (9)
341 2663 409 2690 Cod.
425 2663 470 2690 0r.
491 2662 608 2688 ἔπειθον.

292 2696 348 2733 (10)
363 2699 401 2726 Ita
414 2698 493 2725 codd.
508 2698 553 2733 Or.
572 2697 647 2724 (Julii.
662 2697 686 2729 1,
702 2701 729 2724 et
742 2697 769 2724 2.
783 2697 811 2724 In
827 2697 892 2725 edit.
907 2696 1023 2733 γνώμων
1033 2704 1039 2711 ·

255 2741 316 2760 mox
333 2734 359 2760 iu
382 2733 483 2760 eisdem
509 2732 664 2764 δεδωκότες,
692 2733 739 2760 sed
755 2733 899 2760 lectionem
916 2734 975 2760 cod.
991 2732 1038 2759 0r.

256 2767 451 2801 amplectimur.

293 2806 315 2837 (t
327 2805 347 2835 I)
361 2802 483 2829 Πάντων
500 2802 574 2829 deest
589 2803 615 2828 in
632 2802 691 2830 cod.
709 2801 756 2829 0r.

293 2839 348 2871 (l2)
365 2838 429 2864 Cod.
449 2838 477 2864 P.
492 2837 545 2864 τῶν
560 2837 705 2871 συλλόγων.

294 2864 348 2907 (15)
367 2873 432 2900 Cod.
448 2872 485 2900 Οι-
509 2873 618 2908 αἰοχρὸν
633 2864 683 2908 μὲν
698 2872 730 2900 ἂν
746 2871 798 2907 εἰη.

1089 2341 1179 2358 τωσαν
1196 2332 1221 2358 οἰ
1237 2332 1390 2363 ἐπίσκοποι,
1401 2333 1447 2358 σοῦ
1458 2332 1574 2367 μάλιστα
1585 2332 1663 2359 τοῦτο
1672 2332 1877 2364 σπουδάζοντος.

1090 2377 1197 2403 Παῦσον
1209 2377 1263 2403 τῶν
1277 2377 1371 2412 ἱερέων
1384 2377 1429 2404 τὸν
1446 2377 1573 2413 πόλεμον,
1589 2378 1603 2404 ὁ
1618 2379 1718 2413 στήσας
1736 2377 1880 2413 βαρϐάρων

1090 2423 1198 2459 Θράσος·
1214 2423 1248 2450 τὰ
1264 2423 1381 2458 μέγιστα
1396 2423 1513 2458 τρόπαια
1524 2423 1571 2450 τοῦ
1583 2423 1630 2449 σοῦ
1640 2423 1757 2459 κράτους
1774 2423 1815 2450 ἐνὶ
1833 2422 1880 2449 κό-

1131 2624 1187 2660 (14)
1200 2624 1276 2652 Coll).
1294 2624 1318 2660 l,
1333 2624 1463 2660 πείσοιτε.

1145 2658 1189 2694 15)
1199 2660 1283 2687 Codd.
1301 2659 1348 2686 0r.
1367 2659 1396 2686 Ρ.
1409 2659 1484 2686 Colb.
1501 2659 1514 2685 1
1532 2663 1558 2685 el
1576 2659 1604 2689 2,
1619 2658 1673 2684 τῶν
1688 2658 1845 2693 συμφορῶν.

1145 2661 1189 2694 15)
1199 2661 1283 2687 Codd.
1301 2661 1348 2686 υτ.
1367 2661 1396 2686 Ρ.
1409 2661 1484 2686 Colb.
1501 2661 1514 2685 1
1532 2663 1558 2685 el
1576 2661 1604 2689 2,
1619 2661 1673 2684 τῶν
1688 2661 1845 2693 συμφορῶν.

1203 2695 1269 2722 Cod.
1295 2694 1341 2720 0r.
1369 2694 1577 2728 κατανυγέντες.
1597 2695 1671 2726 μοι).
1698 2694 1727 2720 1⁸.
1756 2702 1883 2721 κατανθι-

1093 2738 1201 2764 γεντας.

1131 2765 1187 2800 (17)
1198 2764 1264 2800 (god.
1280 2764 1327 2791 Or.
1343 2763 1419 2800 ἐξιει.

1093 2835 1108 2861 φ
1129 2797 1185 2834 (18)
1203 2798 1270 2828 Cod.
1290 2799 1337 2827 0r.
1362 2798 1471 2835 εὕρατο,
1494 2798 1570 2826 Colb.
1593 2798 1619 2825 1.
1645 2798 1750 2834 εὕρετο.
1766 2799 1832 2826 (ῗοί.
1849 2797 1881 2825 Ρ.

1104 2843 1188 2869 έρατο.
1555 2868 1563 2869 7

1104 2860 1118 2870 ”
1131 2860 1187 2905 (191
1204 2868 1240 2896 Δὲ
1256 2869 1307 2896 καί
1321 2869 1414 2897 desunt
1430 2869 1456 2897 iu
1472 2869 1531 2896 cod.
1550 2868 1595 2896 0r.
