  <div class='ocr_page' id='page_1' title='image "/cluster/home/n/w/nwhite01/storage/ocr_20150623/35/njp.32101077772554/161.png"; bbox 0 0 2055 3130; ppageno 0'>
   <div class='ocr_carea' id='block_1_1' title="bbox 263 183 315 212">
    <p class='ocr_par' dir='ltr' id='par_1_1' title="bbox 263 183 315 212">
     <span class='ocr_line' id='line_1_1' title="bbox 263 183 315 212; baseline -0.019 0"><span class='ocrx_word' id='word_1_1' title='bbox 263 183 315 212; x_wconf 68' lang='grc' dir='ltr'><strong>ὖθΰ</strong></span> 
     </span>
    </p>
   </div>
   <div class='ocr_carea' id='block_1_2' title="bbox 826 180 1344 210">
    <p class='ocr_par' dir='ltr' id='par_1_2' title="bbox 826 180 1344 210">
     <span class='ocr_line' id='line_1_2' title="bbox 826 180 1344 210; baseline 0 -1"><span class='ocrx_word' id='word_1_2' title='bbox 826 181 904 210; x_wconf 76' lang='grc' dir='ltr'>νιτΑ</span> <span class='ocrx_word' id='word_1_3' title='bbox 919 180 954 210; x_wconf 74' lang='lat' dir='ltr'><strong>‘S.</strong></span> <span class='ocrx_word' id='word_1_4' title='bbox 975 181 1140 210; x_wconf 77' lang='lat' dir='ltr'><strong>GREGORII</strong></span> <span class='ocrx_word' id='word_1_5' title='bbox 1161 181 1344 210; x_wconf 86' lang='lat' dir='ltr'><strong>THEOLOGI.</strong></span> 
     </span>
    </p>
   </div>
   <div class='ocr_carea' id='block_1_3' title="bbox 1837 185 1891 214">
    <p class='ocr_par' dir='ltr' id='par_1_3' title="bbox 1837 185 1891 214">
     <span class='ocr_line' id='line_1_3' title="bbox 1837 185 1891 214; baseline 0 -1"><span class='ocrx_word' id='word_1_6' title='bbox 1837 185 1891 214; x_wconf 65' lang='lat'><strong>304</strong></span> 
     </span>
    </p>
   </div>
   <div class='ocr_carea' id='block_1_4' title="bbox 264 239 1048 277">
    <p class='ocr_par' dir='ltr' id='par_1_4' title="bbox 264 239 1048 274">
     <span class='ocr_line' id='line_1_4' title="bbox 264 239 1048 274; baseline -0.001 -5"><span class='ocrx_word' id='word_1_7' title='bbox 264 249 324 269; x_wconf 89' lang='lat' dir='ltr'><strong>rum</strong></span> <span class='ocrx_word' id='word_1_8' title='bbox 341 239 540 274; x_wconf 72' lang='lat' dir='ltr'><strong>ordinationes,</strong></span> <span class='ocrx_word' id='word_1_9' title='bbox 552 245 581 267; x_wconf 87' lang='lat' dir='ltr'><strong>ut</strong></span> <span class='ocrx_word' id='word_1_10' title='bbox 594 239 713 268; x_wconf 75' lang='lat' dir='ltr'><strong>nefarias</strong></span> <span class='ocrx_word' id='word_1_11' title='bbox 732 244 760 268; x_wconf 91' lang='lat' dir='ltr'><strong>et</strong></span> <span class='ocrx_word' id='word_1_12' title='bbox 774 241 808 268; x_wconf 83' lang='lat' dir='ltr'><strong>ab</strong></span> <span class='ocrx_word' id='word_1_13' title='bbox 824 240 947 268; x_wconf 82' lang='lat' dir='ltr'><strong>Ecclesia</strong></span> <span class='ocrx_word' id='word_1_14' title='bbox 957 241 1048 269; x_wconf 86' lang='lat' dir='ltr'><strong>Catho-</strong></span> 
     </span>
    </p>
   </div>
   <div class='ocr_carea' id='block_1_5' title="bbox 1100 239 1890 277">
    <p class='ocr_par' dir='ltr' id='par_1_5' title="bbox 1103 239 1890 277">
     <span class='ocr_line' id='line_1_5' title="bbox 1103 239 1890 277; baseline 0.003 -10"><span class='ocrx_word' id='word_1_15' title='bbox 1103 240 1210 267; x_wconf 76' lang='grc' dir='ltr'><strong>ἀθετεῖν</strong></span> <span class='ocrx_word' id='word_1_16' title='bbox 1223 240 1278 267; x_wconf 83' lang='grc' dir='ltr'><strong>τῶν</strong></span> <span class='ocrx_word' id='word_1_17' title='bbox 1299 239 1555 275; x_wconf 75' lang='grc' dir='ltr'>’Δπολλιναριστῶν,</span> <span class='ocrx_word' id='word_1_18' title='bbox 1569 241 1606 273; x_wconf 86' lang='grc' dir='ltr'><strong>ὼς</strong></span> <span class='ocrx_word' id='word_1_19' title='bbox 1623 240 1759 277; x_wconf 78' lang='grc' dir='ltr'><strong>ἀθέσμους</strong></span> <span class='ocrx_word' id='word_1_20' title='bbox 1778 242 1825 268; x_wconf 78' lang='grc' dir='ltr'>κα¹ι</span> <span class='ocrx_word' id='word_1_21' title='bbox 1840 241 1890 269; x_wconf 66' lang='lat' dir='ltr'><strong>at.</strong></span> 
     </span>
    </p>
   </div>
   <div class='ocr_carea' id='block_1_6' title="bbox 264 285 1051 321">
    <p class='ocr_par' dir='ltr' id='par_1_6' title="bbox 264 285 1051 321">
     <span class='ocr_line' id='line_1_6' title="bbox 264 285 1051 321; baseline 0 -7"><span class='ocrx_word' id='word_1_22' title='bbox 264 287 316 315; x_wconf 85' lang='lat' dir='ltr'><strong>lica</strong></span> <span class='ocrx_word' id='word_1_23' title='bbox 344 286 459 319; x_wconf 83' lang='lat' dir='ltr'><strong>alienas,</strong></span> <span class='ocrx_word' id='word_1_24' title='bbox 480 293 529 321; x_wconf 89' lang='lat' dir='ltr'><strong>pro</strong></span> <span class='ocrx_word' id='word_1_25' title='bbox 545 285 633 314; x_wconf 82' lang='lat' dir='ltr'><strong>irritis</strong></span> <span class='ocrx_word' id='word_1_26' title='bbox 652 285 796 313; x_wconf 83' lang='lat' dir='ltr'><strong>haberent.</strong></span> <span class='ocrx_word' id='word_1_27' title='bbox 819 286 873 314; x_wconf 81' lang='lat' dir='ltr'><strong>Nec</strong></span> <span class='ocrx_word' id='word_1_28' title='bbox 893 295 958 314; x_wconf 83' lang='lat' dir='ltr'><strong>vero</strong></span> <span class='ocrx_word' id='word_1_29' title='bbox 983 287 1051 315; x_wconf 86' lang='lat' dir='ltr'><strong>satis</strong></span> 
     </span>
    </p>
   </div>
   <div class='ocr_carea' id='block_1_7' title="bbox 264 332 1049 366">
    <p class='ocr_par' dir='ltr' id='par_1_7' title="bbox 264 332 1049 366">
     <span class='ocr_line' id='line_1_7' title="bbox 264 332 1049 366; baseline -0.001 -5"><span class='ocrx_word' id='word_1_30' title='bbox 264 333 381 361; x_wconf 80' lang='lat' dir='ltr'><strong>habebat</strong></span> <span class='ocrx_word' id='word_1_31' title='bbox 395 333 463 360; x_wconf 83' lang='lat' dir='ltr'><strong>nuda</strong></span> <span class='ocrx_word' id='word_1_32' title='bbox 483 336 510 360; x_wconf 93' lang='lat' dir='ltr'><strong>et</strong></span> <span class='ocrx_word' id='word_1_33' title='bbox 524 332 638 366; x_wconf 84' lang='lat' dir='ltr'><strong>simplici</strong></span> <span class='ocrx_word' id='word_1_34' title='bbox 656 332 856 360; x_wconf 90' lang='lat' dir='ltr'><strong>contestatione</strong></span> <span class='ocrx_word' id='word_1_35' title='bbox 878 334 912 360; x_wconf 92' lang='lat' dir='ltr'><strong>ad</strong></span> <span class='ocrx_word' id='word_1_36' title='bbox 927 341 974 360; x_wconf 87' lang='lat' dir='ltr'><strong>eos</strong></span> <span class='ocrx_word' id='word_1_37' title='bbox 992 334 1049 360; x_wconf 87' lang='lat' dir='ltr'><strong>uti:</strong></span> 
     </span>
    </p>
   </div>
   <div class='ocr_carea' id='block_1_8' title="bbox 265 378 1051 414">
    <p class='ocr_par' dir='ltr' id='par_1_8' title="bbox 265 378 1051 414">
     <span class='ocr_line' id='line_1_8' title="bbox 265 378 1051 414; baseline -0.001 -7"><span class='ocrx_word' id='word_1_38' title='bbox 265 387 357 407; x_wconf 89' lang='lat' dir='ltr'><strong>verum</strong></span> <span class='ocrx_word' id='word_1_39' title='bbox 381 379 485 414; x_wconf 90' lang='lat' dir='ltr'><strong>plenius</strong></span> <span class='ocrx_word' id='word_1_40' title='bbox 504 378 667 412; x_wconf 83' lang='lat' dir='ltr'><strong>uberiusque</strong></span> <span class='ocrx_word' id='word_1_41' title='bbox 685 378 832 410; x_wconf 80' lang='lat' dir='ltr'><strong>scribebat,</strong></span> <span class='ocrx_word' id='word_1_42' title='bbox 851 378 954 413; x_wconf 83' lang='lat' dir='ltr'><strong>singula</strong></span> <span class='ocrx_word' id='word_1_43' title='bbox 971 381 1051 406; x_wconf 84' lang='lat' dir='ltr'><strong>abor—</strong></span> 
     </span>
    </p>
   </div>
   <div class='ocr_carea' id='block_1_9' title="bbox 267 424 1051 460">
    <p class='ocr_par' dir='ltr' id='par_1_9' title="bbox 267 424 1051 460">
     <span class='ocr_line' id='line_1_9' title="bbox 267 424 1051 460; baseline -0.001 -7"><span class='ocrx_word' id='word_1_44' title='bbox 267 427 327 453; x_wconf 66' lang='lat' dir='ltr'><strong>tivae</strong></span> <span class='ocrx_word' id='word_1_45' title='bbox 341 424 498 460; x_wconf 82' lang='lat' dir='ltr'><strong>Apollinarii</strong></span> <span class='ocrx_word' id='word_1_46' title='bbox 522 424 631 450; x_wconf 67' lang='lat' dir='ltr'><strong>haeresis</strong></span> <span class='ocrx_word' id='word_1_47' title='bbox 647 424 848 458; x_wconf 76' lang='lat' dir='ltr'><strong>impietatisque</strong></span> <span class='ocrx_word' id='word_1_48' title='bbox 865 425 952 458; x_wconf 85' lang='lat' dir='ltr'><strong>capita</strong></span> <span class='ocrx_word' id='word_1_49' title='bbox 974 433 1051 452; x_wconf 78' lang='lat' dir='ltr'><strong>ever-</strong></span> 
     </span>
    </p>
   </div>
   <div class='ocr_carea' id='block_1_10' title="bbox 265 470 1052 505">
    <p class='ocr_par' dir='ltr' id='par_1_10' title="bbox 265 470 1052 505">
     <span class='ocr_line' id='line_1_10' title="bbox 265 470 1052 505; baseline -0.001 -6"><span class='ocrx_word' id='word_1_50' title='bbox 265 477 324 499; x_wconf 90' lang='lat' dir='ltr'><strong>tcns</strong></span> <span class='ocrx_word' id='word_1_51' title='bbox 335 476 417 505; x_wconf 86' lang='lat' dir='ltr'><strong>atque</strong></span> <span class='ocrx_word' id='word_1_52' title='bbox 430 470 830 505; x_wconf 85' lang='lat' dir='ltr'><strong>opprimens,quemadmodum</strong></span> <span class='ocrx_word' id='word_1_53' title='bbox 845 470 945 505; x_wconf 88' lang='lat' dir='ltr'><strong>liquido</strong></span> <span class='ocrx_word' id='word_1_54' title='bbox 959 476 1052 498; x_wconf 86' lang='lat' dir='ltr'><strong>osten-</strong></span> 
     </span>
    </p>
   </div>
   <div class='ocr_carea' id='block_1_11' title="bbox 266 516 1051 551">
    <p class='ocr_par' dir='ltr' id='par_1_11' title="bbox 266 516 1051 551">
     <span class='ocr_line' id='line_1_11' title="bbox 266 516 1051 551; baseline -0.003 -5"><span class='ocrx_word' id='word_1_55' title='bbox 266 520 331 547; x_wconf 88' lang='lat' dir='ltr'><strong>dunt</strong></span> <span class='ocrx_word' id='word_1_56' title='bbox 358 524 413 546; x_wconf 87' lang='lat' dir='ltr'><strong>tum</strong></span> <span class='ocrx_word' id='word_1_57' title='bbox 439 519 498 545; x_wconf 61' lang='lat' dir='ltr'><strong>duas</strong></span> <span class='ocrx_word' id='word_1_58' title='bbox 521 518 573 544; x_wconf 72' lang='lat' dir='ltr'><strong>illa:</strong></span> <span class='ocrx_word' id='word_1_59' title='bbox 598 517 632 544; x_wconf 84' lang='lat' dir='ltr'><strong>ad</strong></span> <span class='ocrx_word' id='word_1_60' title='bbox 660 516 817 544; x_wconf 85' lang='lat' dir='ltr'><strong>Cledonium</strong></span> <span class='ocrx_word' id='word_1_61' title='bbox 841 516 973 551; x_wconf 65' lang='lat' dir='ltr'><strong>epistolae.</strong></span> <span class='ocrx_word' id='word_1_62' title='bbox 995 523 1051 544; x_wconf 88' lang='lat' dir='ltr'><strong>tum</strong></span> 
     </span>
    </p>
   </div>
   <div class='ocr_carea' id='block_1_12' title="bbox 266 562 1050 600">
    <p class='ocr_par' dir='ltr' id='par_1_12' title="bbox 266 562 1050 600">
     <span class='ocr_line' id='line_1_12' title="bbox 266 562 1050 600; baseline -0.005 -8"><span class='ocrx_word' id='word_1_63' title='bbox 266 565 401 600; x_wconf 66' lang='lat' dir='ltr'><strong>praecipue</strong></span> <span class='ocrx_word' id='word_1_64' title='bbox 419 569 549 592; x_wconf 80' lang='lat' dir='ltr'><strong>tractatus</strong></span> <span class='ocrx_word' id='word_1_65' title='bbox 564 563 662 598; x_wconf 82' lang='lat' dir='ltr'><strong>poetici</strong></span> <span class='ocrx_word' id='word_1_66' title='bbox 674 583 682 595; x_wconf 83' lang='lat'><strong>,</strong></span> <span class='ocrx_word' id='word_1_67' title='bbox 696 571 764 598; x_wconf 91' lang='lat' dir='ltr'><strong>quos</strong></span> <span class='ocrx_word' id='word_1_68' title='bbox 786 562 904 598; x_wconf 82' lang='lat' dir='ltr'><strong>reliquit.</strong></span> <span class='ocrx_word' id='word_1_69' title='bbox 922 562 1006 589; x_wconf 83' lang='lat' dir='ltr'><strong>Porro</strong></span> <span class='ocrx_word' id='word_1_70' title='bbox 1024 563 1050 589; x_wconf 88' lang='lat' dir='ltr'><strong>in</strong></span> 
     </span>
    </p>
   </div>
   <div class='ocr_carea' id='block_1_13' title="bbox 266 608 1050 646">
    <p class='ocr_par' dir='ltr' id='par_1_13' title="bbox 266 608 1050 646">
     <span class='ocr_line' id='line_1_13' title="bbox 266 608 1050 646; baseline -0.006 -7"><span class='ocrx_word' id='word_1_71' title='bbox 266 612 377 646; x_wconf 77' lang='lat' dir='ltr'><strong>poeticis</strong></span> <span class='ocrx_word' id='word_1_72' title='bbox 392 609 636 640; x_wconf 81' lang='lat' dir='ltr'><strong>lucubrationibus,</strong></span> <span class='ocrx_word' id='word_1_73' title='bbox 648 616 763 643; x_wconf 80' lang='lat' dir='ltr'><strong>quantm</strong></span> <span class='ocrx_word' id='word_1_74' title='bbox 781 609 862 636; x_wconf 85' lang='lat' dir='ltr'><strong>etiam</strong></span> <span class='ocrx_word' id='word_1_75' title='bbox 880 612 942 635; x_wconf 83' lang='lat' dir='ltr'><strong>ante</strong></span> <span class='ocrx_word' id='word_1_76' title='bbox 955 608 1050 635; x_wconf 88' lang='lat' dir='ltr'><strong>memi-</strong></span> 
     </span>
    </p>
   </div>
   <div class='ocr_carea' id='block_1_14' title="bbox 266 653 1051 690">
    <p class='ocr_par' dir='ltr' id='par_1_14' title="bbox 266 653 1051 690">
     <span class='ocr_line' id='line_1_14' title="bbox 266 653 1051 690; baseline -0.006 -6"><span class='ocrx_word' id='word_1_77' title='bbox 266 657 303 690; x_wconf 94' lang='lat' dir='ltr'><strong>ni,</strong></span> <span class='ocrx_word' id='word_1_78' title='bbox 329 656 426 690; x_wconf 80' lang='lat' dir='ltr'><strong>duplex</strong></span> <span class='ocrx_word' id='word_1_79' title='bbox 452 655 489 682; x_wconf 91' lang='lat' dir='ltr'><strong>illi</strong></span> <span class='ocrx_word' id='word_1_80' title='bbox 517 661 615 689; x_wconf 75' lang='lat' dir='ltr'><strong>scapus</strong></span> <span class='ocrx_word' id='word_1_81' title='bbox 637 653 792 689; x_wconf 87' lang='lat' dir='ltr'><strong>propositus</strong></span> <span class='ocrx_word' id='word_1_82' title='bbox 816 658 874 680; x_wconf 78' lang='lat' dir='ltr'><strong>erat</strong></span> <span class='ocrx_word' id='word_1_83' title='bbox 896 660 903 679; x_wconf 89' lang='lat'><strong>:</strong></span> <span class='ocrx_word' id='word_1_84' title='bbox 924 653 1008 684; x_wconf 83' lang='lat' dir='ltr'><strong>alter,</strong></span> <span class='ocrx_word' id='word_1_85' title='bbox 1022 657 1051 680; x_wconf 84' lang='lat' dir='ltr'><strong>ut</strong></span> 
     </span>
    </p>
   </div>
   <div class='ocr_carea' id='block_1_15' title="bbox 266 699 1050 737">
    <p class='ocr_par' dir='ltr' id='par_1_15' title="bbox 266 699 1050 737">
     <span class='ocr_line' id='line_1_15' title="bbox 266 699 1050 737; baseline -0.005 -8"><span class='ocrx_word' id='word_1_86' title='bbox 266 702 375 737; x_wconf 83' lang='lat' dir='ltr'><strong>impiam</strong></span> <span class='ocrx_word' id='word_1_87' title='bbox 399 702 507 736; x_wconf 83' lang='lat' dir='ltr'><strong>tyranni</strong></span> <span class='ocrx_word' id='word_1_88' title='bbox 534 699 633 727; x_wconf 80' lang='lat' dir='ltr'><strong>Juliani</strong></span> <span class='ocrx_word' id='word_1_89' title='bbox 662 699 767 734; x_wconf 79' lang='lat' dir='ltr'><strong>legem,</strong></span> <span class='ocrx_word' id='word_1_90' title='bbox 791 706 844 734; x_wconf 85' lang='lat' dir='ltr'><strong>qua</strong></span> <span class='ocrx_word' id='word_1_91' title='bbox 863 699 1010 726; x_wconf 85' lang='lat' dir='ltr'><strong>Christiani</strong></span> <span class='ocrx_word' id='word_1_92' title='bbox 1034 707 1050 726; x_wconf 91' lang='lat' dir='ltr'><strong>a</strong></span> 
     </span>
    </p>
   </div>
   <div class='ocr_carea' id='block_1_16' title="bbox 264 744 1050 783">
    <p class='ocr_par' dir='ltr' id='par_1_16' title="bbox 264 744 1050 783">
     <span class='ocr_line' id='line_1_16' title="bbox 264 744 1050 783; baseline -0.006 -7"><span class='ocrx_word' id='word_1_93' title='bbox 264 748 385 783; x_wconf 81' lang='lat' dir='ltr'><strong>profanls</strong></span> <span class='ocrx_word' id='word_1_94' title='bbox 402 746 553 781; x_wconf 84' lang='lat' dir='ltr'><strong>disciplinis</strong></span> <span class='ocrx_word' id='word_1_95' title='bbox 580 745 755 777; x_wconf 79' lang='lat' dir='ltr'><strong>arcebantur,</strong></span> <span class='ocrx_word' id='word_1_96' title='bbox 772 745 901 780; x_wconf 85' lang='lat' dir='ltr'><strong>puerilem</strong></span> <span class='ocrx_word' id='word_1_97' title='bbox 914 749 995 779; x_wconf 91' lang='lat' dir='ltr'><strong>atque</strong></span> <span class='ocrx_word' id='word_1_98' title='bbox 1007 744 1050 771; x_wconf 91' lang='lat' dir='ltr'><strong>in-</strong></span> 
     </span>
    </p>
   </div>
   <div class='ocr_carea' id='block_1_17' title="bbox 264 791 1051 826">
    <p class='ocr_par' dir='ltr' id='par_1_17' title="bbox 264 791 1051 826">
     <span class='ocr_line' id='line_1_17' title="bbox 264 791 1051 826; baseline -0.005 -5"><span class='ocrx_word' id='word_1_99' title='bbox 264 795 369 822; x_wconf 81' lang='lat' dir='ltr'><strong>ﬁrmant</strong></span> <span class='ocrx_word' id='word_1_100' title='bbox 382 798 409 821; x_wconf 88' lang='lat' dir='ltr'><strong>ct</strong></span> <span class='ocrx_word' id='word_1_101' title='bbox 422 793 563 820; x_wconf 81' lang='lat' dir='ltr'><strong>ridiculam</strong></span> <span class='ocrx_word' id='word_1_102' title='bbox 578 799 639 819; x_wconf 86' lang='lat' dir='ltr'><strong>csse</strong></span> <span class='ocrx_word' id='word_1_103' title='bbox 649 791 820 819; x_wconf 85' lang='lat' dir='ltr'><strong>ostenderet:</strong></span> <span class='ocrx_word' id='word_1_104' title='bbox 833 791 910 823; x_wconf 87' lang='lat' dir='ltr'><strong>alter,</strong></span> <span class='ocrx_word' id='word_1_105' title='bbox 924 791 1051 826; x_wconf 89' lang='lat' dir='ltr'><strong>quoniam</strong></span> 
     </span>
    </p>
   </div>
   <div class='ocr_carea' id='block_1_18' title="bbox 264 836 1050 873">
    <p class='ocr_par' dir='ltr' id='par_1_18' title="bbox 264 836 1050 873">
     <span class='ocr_line' id='line_1_18' title="bbox 264 836 1050 873; baseline -0.004 -7"><span class='ocrx_word' id='word_1_106' title='bbox 264 838 457 873; x_wconf 80' lang='lat' dir='ltr'><strong>Apollinarium</strong></span> <span class='ocrx_word' id='word_1_107' title='bbox 484 837 584 865; x_wconf 84' lang='lat' dir='ltr'><strong>multos</strong></span> <span class='ocrx_word' id='word_1_108' title='bbox 601 836 685 864; x_wconf 89' lang='lat' dir='ltr'><strong>libros</strong></span> <span class='ocrx_word' id='word_1_109' title='bbox 698 837 783 863; x_wconf 82' lang='lat' dir='ltr'><strong>variis</strong></span> <span class='ocrx_word' id='word_1_110' title='bbox 803 837 954 863; x_wconf 81' lang='lat' dir='ltr'><strong>carminum</strong></span> <span class='ocrx_word' id='word_1_111' title='bbox 970 843 1050 871; x_wconf 76' lang='lat' dir='ltr'><strong>gene-</strong></span> 
     </span>
    </p>
   </div>
   <div class='ocr_carea' id='block_1_19' title="bbox 266 881 1049 917">
    <p class='ocr_par' dir='ltr' id='par_1_19' title="bbox 266 881 1049 917">
     <span class='ocr_line' id='line_1_19' title="bbox 266 881 1049 917; baseline -0.004 -6"><span class='ocrx_word' id='word_1_112' title='bbox 266 885 341 912; x_wconf 82' lang='lat' dir='ltr'><strong>ribus</strong></span> <span class='ocrx_word' id='word_1_113' title='bbox 357 884 485 915; x_wconf 88' lang='lat' dir='ltr'><strong>tcxuisse,</strong></span> <span class='ocrx_word' id='word_1_114' title='bbox 511 883 613 916; x_wconf 83' lang='lat' dir='ltr'><strong>iisque,</strong></span> <span class='ocrx_word' id='word_1_115' title='bbox 632 886 726 917; x_wconf 88' lang='lat' dir='ltr'><strong>utpote</strong></span> <span class='ocrx_word' id='word_1_116' title='bbox 744 881 879 908; x_wconf 88' lang='lat' dir='ltr'><strong>eruditum</strong></span> <span class='ocrx_word' id='word_1_117' title='bbox 902 881 1049 914; x_wconf 87' lang='lat' dir='ltr'><strong>hominem,</strong></span> 
     </span>
    </p>
   </div>
   <div class='ocr_carea' id='block_1_20' title="bbox 1102 286 1891 324">
    <p class='ocr_par' dir='ltr' id='par_1_20' title="bbox 1102 286 1891 324">
     <span class='ocr_line' id='line_1_20' title="bbox 1102 286 1891 324; baseline 0.001 -11"><span class='ocrx_word' id='word_1_118' title='bbox 1102 286 1211 322; x_wconf 82' lang='grc' dir='ltr'>λοτρίας</span> <span class='ocrx_word' id='word_1_119' title='bbox 1225 287 1274 322; x_wconf 80' lang='grc' dir='ltr'>τῆς</span> <span class='ocrx_word' id='word_1_120' title='bbox 1286 286 1432 322; x_wconf 81' lang='grc' dir='ltr'>καθολικῆς</span> <span class='ocrx_word' id='word_1_121' title='bbox 1451 286 1623 321; x_wconf 83' lang='grc' dir='ltr'>Ἐκκλησίας.</span> <span class='ocrx_word' id='word_1_122' title='bbox 1637 286 1707 322; x_wconf 82' lang='grc' dir='ltr'><strong>Ἤδη</strong></span> <span class='ocrx_word' id='word_1_123' title='bbox 1719 286 1749 314; x_wconf 67' lang='grc' dir='ltr'>δὲ</span> <span class='ocrx_word' id='word_1_124' title='bbox 1761 288 1792 314; x_wconf 81' lang='grc' dir='ltr'>οὐ</span> <span class='ocrx_word' id='word_1_125' title='bbox 1810 288 1891 324; x_wconf 84' lang='grc' dir='ltr'>μέχρι</span> 
     </span>
    </p>
   </div>
   <div class='ocr_carea' id='block_1_21' title="bbox 1101 332 1891 368">
    <p class='ocr_par' dir='ltr' id='par_1_21' title="bbox 1101 332 1891 368">
     <span class='ocr_line' id='line_1_21' title="bbox 1101 332 1891 368; baseline 0.003 -9"><span class='ocrx_word' id='word_1_126' title='bbox 1101 333 1148 359; x_wconf 80' lang='grc' dir='ltr'>τοῦ</span> <span class='ocrx_word' id='word_1_127' title='bbox 1161 333 1225 368; x_wconf 78' lang='grc' dir='ltr'>ψιλῇ</span> <span class='ocrx_word' id='word_1_128' title='bbox 1242 333 1426 368; x_wconf 74' lang='grc' dir='ltr'><strong>διαμαρτυρίᾳ</strong></span> <span class='ocrx_word' id='word_1_129' title='bbox 1448 332 1516 368; x_wconf 78' lang='grc' dir='ltr'>πρὸς</span> <span class='ocrx_word' id='word_1_130' title='bbox 1530 333 1628 364; x_wconf 75' lang='grc' dir='ltr'>αὐτοὺς</span> <span class='ocrx_word' id='word_1_131' title='bbox 1642 333 1805 368; x_wconf 67' lang='grc' dir='ltr'>χρήσασθαι,</span> <span class='ocrx_word' id='word_1_132' title='bbox 1823 334 1891 361; x_wconf 82' lang='grc' dir='ltr'>ἀλλὰ</span> 
     </span>
    </p>
   </div>
   <div class='ocr_carea' id='block_1_22' title="bbox 1101 378 1892 415">
    <p class='ocr_par' dir='ltr' id='par_1_22' title="bbox 1101 378 1892 415">
     <span class='ocr_line' id='line_1_22' title="bbox 1101 378 1892 415; baseline 0.003 -10"><span class='ocrx_word' id='word_1_133' title='bbox 1101 378 1149 405; x_wconf 75' lang='grc' dir='ltr'>καὶ</span> <span class='ocrx_word' id='word_1_134' title='bbox 1172 379 1390 414; x_wconf 72' lang='grc' dir='ltr'><strong>διεξοδικώτερον</strong></span> <span class='ocrx_word' id='word_1_135' title='bbox 1411 379 1530 415; x_wconf 69' lang='grc' dir='ltr'>ἔγραφε,</span> <span class='ocrx_word' id='word_1_136' title='bbox 1552 379 1611 406; x_wconf 87' lang='grc' dir='ltr'>καθ’</span> <span class='ocrx_word' id='word_1_137' title='bbox 1635 379 1663 405; x_wconf 81' lang='grc' dir='ltr'>ἓν</span> <span class='ocrx_word' id='word_1_138' title='bbox 1679 379 1840 415; x_wconf 76' lang='grc' dir='ltr'>ἀνατρέπων</span> <span class='ocrx_word' id='word_1_139' title='bbox 1857 381 1892 407; x_wconf 79' lang='grc' dir='ltr'>τὰ</span> 
     </span>
    </p>
   </div>
   <div class='ocr_carea' id='block_1_23' title="bbox 1102 424 1891 462">
    <p class='ocr_par' dir='ltr' id='par_1_23' title="bbox 1102 424 1891 462">
     <span class='ocr_line' id='line_1_23' title="bbox 1102 424 1891 462; baseline 0.003 -11"><span class='ocrx_word' id='word_1_140' title='bbox 1102 424 1151 459; x_wconf 77' lang='grc' dir='ltr'>τῆς</span> <span class='ocrx_word' id='word_1_141' title='bbox 1175 425 1302 457; x_wconf 79' lang='grc' dir='ltr'>ἀσεϐείας</span> <span class='ocrx_word' id='word_1_142' title='bbox 1330 425 1532 462; x_wconf 76' lang='grc' dir='ltr'>’Ᾱπολλιναρίου</span> <span class='ocrx_word' id='word_1_143' title='bbox 1552 425 1735 460; x_wconf 72' lang='grc' dir='ltr'>ἀμϐλώματα.</span> <span class='ocrx_word' id='word_1_144' title='bbox 1753 426 1838 453; x_wconf 71' lang='grc' dir='ltr'>Τοῦτο</span> <span class='ocrx_word' id='word_1_145' title='bbox 1860 426 1891 453; x_wconf 82' lang='grc' dir='ltr'>δὲ</span> 
     </span>
    </p>
   </div>
   <div class='ocr_carea' id='block_1_24' title="bbox 1101 470 1890 506">
    <p class='ocr_par' dir='ltr' id='par_1_24' title="bbox 1101 470 1890 506">
     <span class='ocr_line' id='line_1_24' title="bbox 1101 470 1890 506; baseline 0.003 -10"><span class='ocrx_word' id='word_1_146' title='bbox 1101 470 1251 497; x_wconf 72' lang='grc' dir='ltr'><strong>δεικνύουσι</strong></span> <span class='ocrx_word' id='word_1_147' title='bbox 1268 471 1361 505; x_wconf 75' lang='grc' dir='ltr'>σαφῶς</span> <span class='ocrx_word' id='word_1_148' title='bbox 1377 471 1408 497; x_wconf 82' lang='grc' dir='ltr'>αἴ</span> <span class='ocrx_word' id='word_1_149' title='bbox 1425 480 1454 498; x_wconf 86' lang='grc' dir='ltr'><strong>τε</strong></span> <span class='ocrx_word' id='word_1_150' title='bbox 1478 471 1545 506; x_wconf 76' lang='grc' dir='ltr'>πρὸς</span> <span class='ocrx_word' id='word_1_151' title='bbox 1559 471 1704 506; x_wconf 74' lang='grc' dir='ltr'>Κληδόνων</span> <span class='ocrx_word' id='word_1_152' title='bbox 1722 471 1767 497; x_wconf 81' lang='grc' dir='ltr'>δύο</span> <span class='ocrx_word' id='word_1_153' title='bbox 1782 472 1890 504; x_wconf 75' lang='grc' dir='ltr'>ἐπιστο-</span> 
     </span>
    </p>
   </div>
   <div class='ocr_carea' id='block_1_25' title="bbox 1101 515 1890 552">
    <p class='ocr_par' dir='ltr' id='par_1_25' title="bbox 1101 515 1890 552">
     <span class='ocr_line' id='line_1_25' title="bbox 1101 515 1890 552; baseline 0.001 -10"><span class='ocrx_word' id='word_1_154' title='bbox 1101 515 1155 547; x_wconf 66' lang='grc' dir='ltr'>λαὶ,</span> <span class='ocrx_word' id='word_1_155' title='bbox 1173 517 1222 551; x_wconf 83' lang='grc' dir='ltr'>οὺχ</span> <span class='ocrx_word' id='word_1_156' title='bbox 1236 517 1336 551; x_wconf 76' lang='grc' dir='ltr'>ἥκιστα</span> <span class='ocrx_word' id='word_1_157' title='bbox 1352 516 1379 543; x_wconf 70' lang='grc' dir='ltr'>δὲ</span> <span class='ocrx_word' id='word_1_158' title='bbox 1393 517 1440 543; x_wconf 84' lang='grc' dir='ltr'>καὶ</span> <span class='ocrx_word' id='word_1_159' title='bbox 1452 517 1477 543; x_wconf 79' lang='lat' dir='ltr'><strong>oi</strong></span> <span class='ocrx_word' id='word_1_160' title='bbox 1493 517 1625 552; x_wconf 81' lang='grc' dir='ltr'>ἑμμετροι</span> <span class='ocrx_word' id='word_1_161' title='bbox 1641 517 1723 551; x_wconf 79' lang='grc' dir='ltr'>λόγοι,</span> <span class='ocrx_word' id='word_1_162' title='bbox 1743 516 1790 549; x_wconf 76' lang='grc' dir='ltr'><strong>οὓς</strong></span> <span class='ocrx_word' id='word_1_163' title='bbox 1807 525 1890 544; x_wconf 84' lang='grc' dir='ltr'>κατα-</span> 
     </span>
    </p>
   </div>
   <div class='ocr_carea' id='block_1_26' title="bbox 1101 560 1890 598">
    <p class='ocr_par' dir='ltr' id='par_1_26' title="bbox 1101 560 1890 598">
     <span class='ocr_line' id='line_1_26' title="bbox 1101 560 1890 598; baseline 0.003 -11"><span class='ocrx_word' id='word_1_164' title='bbox 1101 561 1208 588; x_wconf 85' lang='grc' dir='ltr'>λέλοιπε</span> <span class='ocrx_word' id='word_1_165' title='bbox 1226 562 1292 597; x_wconf 78' lang='grc'>(55).</span> <span class='ocrx_word' id='word_1_166' title='bbox 1309 562 1376 598; x_wconf 78' lang='grc' dir='ltr'>Περὶ</span> <span class='ocrx_word' id='word_1_167' title='bbox 1399 563 1427 589; x_wconf 78' lang='grc' dir='ltr'>δὲ</span> <span class='ocrx_word' id='word_1_168' title='bbox 1449 563 1502 589; x_wconf 81' lang='grc' dir='ltr'>τῶν</span> <span class='ocrx_word' id='word_1_169' title='bbox 1519 562 1673 598; x_wconf 77' lang='grc' dir='ltr'>ἐμμέτρων,</span> <span class='ocrx_word' id='word_1_170' title='bbox 1690 560 1728 590; x_wconf 82' lang='grc' dir='ltr'>ὧν</span> <span class='ocrx_word' id='word_1_171' title='bbox 1751 563 1890 598; x_wconf 74' lang='grc' dir='ltr'>ἐμνήσθην</span> 
     </span>
    </p>
   </div>
   <div class='ocr_carea' id='block_1_27' title="bbox 1102 608 1890 644">
    <p class='ocr_par' dir='ltr' id='par_1_27' title="bbox 1102 608 1890 644">
     <span class='ocr_line' id='line_1_27' title="bbox 1102 608 1890 644; baseline 0.001 -10"><span class='ocrx_word' id='word_1_172' title='bbox 1102 609 1149 635; x_wconf 78' lang='grc' dir='ltr'>καὶ</span> <span class='ocrx_word' id='word_1_173' title='bbox 1169 609 1274 644; x_wconf 84' lang='grc' dir='ltr'>πρώην,</span> <span class='ocrx_word' id='word_1_174' title='bbox 1290 608 1378 641; x_wconf 80' lang='grc' dir='ltr'>διττὸς</span> <span class='ocrx_word' id='word_1_175' title='bbox 1396 609 1471 644; x_wconf 77' lang='grc' dir='ltr'>αὐτῷ</span> <span class='ocrx_word' id='word_1_176' title='bbox 1485 610 1595 643; x_wconf 79' lang='grc' dir='ltr'>γέγονεν</span> <span class='ocrx_word' id='word_1_177' title='bbox 1611 611 1625 636; x_wconf 86' lang='grc' dir='ltr'>ὁ</span> <span class='ocrx_word' id='word_1_178' title='bbox 1647 609 1747 640; x_wconf 79' lang='grc' dir='ltr'>σκοπός</span> <span class='ocrx_word' id='word_1_179' title='bbox 1757 617 1763 624; x_wconf 87' lang='grc'><strong>·</strong></span> <span class='ocrx_word' id='word_1_180' title='bbox 1782 609 1890 644; x_wconf 69' lang='grc' dir='ltr'>πρῶτος</span> 
     </span>
    </p>
   </div>
   <div class='ocr_carea' id='block_1_28' title="bbox 1103 654 1889 691">
    <p class='ocr_par' dir='ltr' id='par_1_28' title="bbox 1103 654 1889 691">
     <span class='ocr_line' id='line_1_28' title="bbox 1103 654 1889 691; baseline -0.001 -10"><span class='ocrx_word' id='word_1_181' title='bbox 1103 655 1151 690; x_wconf 82' lang='grc' dir='ltr'>μὲν</span> <span class='ocrx_word' id='word_1_182' title='bbox 1170 655 1236 690; x_wconf 74' lang='grc'>(54),</span> <span class='ocrx_word' id='word_1_183' title='bbox 1252 655 1326 687; x_wconf 76' lang='grc' dir='ltr'>ὅπως</span> <span class='ocrx_word' id='word_1_184' title='bbox 1339 655 1389 691; x_wconf 87' lang='grc' dir='ltr'>τὴν</span> <span class='ocrx_word' id='word_1_185' title='bbox 1401 655 1519 690; x_wconf 76' lang='grc' dir='ltr'><strong>ἄθεσμον</strong></span> <span class='ocrx_word' id='word_1_186' title='bbox 1536 654 1679 682; x_wconf 84' lang='grc' dir='ltr'>Ἰουλιανοῦ</span> <span class='ocrx_word' id='word_1_187' title='bbox 1693 654 1739 682; x_wconf 80' lang='grc' dir='ltr'>τοῦ</span> <span class='ocrx_word' id='word_1_188' title='bbox 1757 655 1889 690; x_wconf 71' lang='grc' dir='ltr'>τυράννου</span> 
     </span>
    </p>
   </div>
   <div class='ocr_carea' id='block_1_29' title="bbox 1101 700 1890 737">
    <p class='ocr_par' dir='ltr' id='par_1_29' title="bbox 1101 700 1890 737">
     <span class='ocr_line' id='line_1_29' title="bbox 1101 700 1890 737; baseline 0 -11"><span class='ocrx_word' id='word_1_189' title='bbox 1101 700 1259 735; x_wconf 77' lang='grc' dir='ltr'><strong>νομοθεσίαν</strong></span> <span class='ocrx_word' id='word_1_190' title='bbox 1277 700 1444 736; x_wconf 74' lang='grc' dir='ltr'>μειρακιώδη</span> <span class='ocrx_word' id='word_1_191' title='bbox 1459 701 1505 727; x_wconf 80' lang='grc' dir='ltr'>καὶ</span> <span class='ocrx_word' id='word_1_192' title='bbox 1521 701 1665 736; x_wconf 86' lang='grc' dir='ltr'>ἀνίσχυρον</span> <span class='ocrx_word' id='word_1_193' title='bbox 1679 700 1825 737; x_wconf 81' lang='grc' dir='ltr'>ἀπελέγξῃ,</span> <span class='ocrx_word' id='word_1_194' title='bbox 1842 709 1890 727; x_wconf 83' lang='grc' dir='ltr'>κε.-</span> 
     </span>
    </p>
   </div>
   <div class='ocr_carea' id='block_1_30' title="bbox 1100 746 1891 782">
    <p class='ocr_par' dir='ltr' id='par_1_30' title="bbox 1100 746 1891 782">
     <span class='ocr_line' id='line_1_30' title="bbox 1100 746 1891 782; baseline 0 -10"><span class='ocrx_word' id='word_1_195' title='bbox 1100 746 1230 772; x_wconf 74' lang='grc' dir='ltr'>λεύουσαν</span> <span class='ocrx_word' id='word_1_196' title='bbox 1260 746 1297 782; x_wconf 85' lang='grc' dir='ltr'>μὴ</span> <span class='ocrx_word' id='word_1_197' title='bbox 1331 748 1451 782; x_wconf 79' lang='grc' dir='ltr'>μετεῖναι</span> <span class='ocrx_word' id='word_1_198' title='bbox 1478 747 1650 782; x_wconf 75' lang='grc' dir='ltr'>Χριστιανοῖς</span> <span class='ocrx_word' id='word_1_199' title='bbox 1675 746 1725 781; x_wconf 82' lang='grc' dir='ltr'><strong>τῆς</strong></span> <span class='ocrx_word' id='word_1_200' title='bbox 1757 746 1891 782; x_wconf 79' lang='grc' dir='ltr'>Ἐλλήνων</span> 
     </span>
    </p>
   </div>
   <div class='ocr_carea' id='block_1_31' title="bbox 1102 791 1889 828">
    <p class='ocr_par' dir='ltr' id='par_1_31' title="bbox 1102 791 1889 828">
     <span class='ocr_line' id='line_1_31' title="bbox 1102 791 1889 828; baseline 0 -10"><span class='ocrx_word' id='word_1_201' title='bbox 1102 792 1238 824; x_wconf 75' lang='grc' dir='ltr'>παιδείας·</span> <span class='ocrx_word' id='word_1_202' title='bbox 1257 792 1382 827; x_wconf 84' lang='grc' dir='ltr'>δεύτερος</span> <span class='ocrx_word' id='word_1_203' title='bbox 1397 792 1425 819; x_wconf 85' lang='grc' dir='ltr'>δὲ</span> <span class='ocrx_word' id='word_1_204' title='bbox 1437 792 1502 827; x_wconf 79' lang='lat'><strong>(55),</strong></span> <span class='ocrx_word' id='word_1_205' title='bbox 1518 792 1579 818; x_wconf 72' lang='grc' dir='ltr'>ἐπεὶ</span> <span class='ocrx_word' id='word_1_206' title='bbox 1595 791 1670 827; x_wconf 78' lang='grc' dir='ltr'>ὲῴρα</span> <span class='ocrx_word' id='word_1_207' title='bbox 1688 791 1889 828; x_wconf 83' lang='grc' dir='ltr'>Ἀπολλινάριον</span> 
     </span>
    </p>
   </div>
   <div class='ocr_carea' id='block_1_32' title="bbox 1102 837 1885 874">
    <p class='ocr_par' dir='ltr' id='par_1_32' title="bbox 1102 837 1885 874">
     <span class='ocr_line' id='line_1_32' title="bbox 1102 837 1885 874; baseline 0.003 -10"><span class='ocrx_word' id='word_1_208' title='bbox 1102 837 1225 872; x_wconf 63' lang='grc' dir='ltr'>ράψαντα</span> <span class='ocrx_word' id='word_1_209' title='bbox 1241 838 1297 872; x_wconf 77' lang='grc'><strong>(56)</strong></span> <span class='ocrx_word' id='word_1_210' title='bbox 1317 837 1494 873; x_wconf 79' lang='grc' dir='ltr'>πολυστίχους</span> <span class='ocrx_word' id='word_1_211' title='bbox 1516 837 1623 873; x_wconf 80' lang='grc' dir='ltr'>βίϐλους</span> <span class='ocrx_word' id='word_1_212' title='bbox 1641 839 1673 864; x_wconf 81' lang='grc' dir='ltr'>ἐκ</span> <span class='ocrx_word' id='word_1_213' title='bbox 1685 837 1821 874; x_wconf 79' lang='grc' dir='ltr'>διαφόρων</span> <span class='ocrx_word' id='word_1_214' title='bbox 1837 839 1885 874; x_wconf 79' lang='grc' dir='ltr'><strong>μέ-</strong></span> 
     </span>
    </p>
   </div>
   <div class='ocr_carea' id='block_1_33' title="bbox 1101 883 1889 922">
    <p class='ocr_par' dir='ltr' id='par_1_33' title="bbox 1101 883 1889 922">
     <span class='ocr_line' id='line_1_33' title="bbox 1101 883 1889 922; baseline 0.003 -12"><span class='ocrx_word' id='word_1_215' title='bbox 1101 892 1188 920; x_wconf 82' lang='grc' dir='ltr'>τρων,</span> <span class='ocrx_word' id='word_1_216' title='bbox 1213 883 1259 910; x_wconf 80' lang='grc' dir='ltr'><strong>καὶ</strong></span> <span class='ocrx_word' id='word_1_217' title='bbox 1282 884 1386 915; x_wconf 76' lang='grc' dir='ltr'>τούτοις</span> <span class='ocrx_word' id='word_1_218' title='bbox 1402 884 1539 919; x_wconf 64' lang='grc' dir='ltr'>κλέψαντα</span> <span class='ocrx_word' id='word_1_219' title='bbox 1559 885 1622 916; x_wconf 69' lang='grc' dir='ltr'>τοὺς</span> <span class='ocrx_word' id='word_1_220' title='bbox 1640 884 1753 916; x_wconf 79' lang='grc' dir='ltr'>πολλοὺς</span> <span class='ocrx_word' id='word_1_221' title='bbox 1775 886 1815 917; x_wconf 75' lang='grc' dir='ltr'><strong>εἰς</strong></span> <span class='ocrx_word' id='word_1_222' title='bbox 1839 885 1889 922; x_wconf 82' lang='grc' dir='ltr'>τὴν</span> 
     </span>
    </p>
   </div>
   <div class='ocr_carea' id='block_1_34' title="bbox 265 926 1048 967">
    <p class='ocr_par' dir='ltr' id='par_1_34' title="bbox 265 926 1048 964">
     <span class='ocr_line' id='line_1_34' title="bbox 265 926 1048 964; baseline -0.003 -7"><span class='ocrx_word' id='word_1_223' title='bbox 265 930 425 964; x_wconf 83' lang='lat' dir='ltr'><strong>dicendique</strong></span> <span class='ocrx_word' id='word_1_224' title='bbox 442 928 569 956; x_wconf 76' lang='lat' dir='ltr'><strong>facultate</strong></span> <span class='ocrx_word' id='word_1_225' title='bbox 591 932 774 962; x_wconf 72' lang='lat' dir='ltr'><strong>praestantem,</strong></span> <span class='ocrx_word' id='word_1_226' title='bbox 801 926 898 954; x_wconf 85' lang='lat' dir='ltr'><strong>multos</strong></span> <span class='ocrx_word' id='word_1_227' title='bbox 912 927 945 954; x_wconf 84' lang='lat' dir='ltr'><strong>ad</strong></span> <span class='ocrx_word' id='word_1_228' title='bbox 963 927 1048 955; x_wconf 63' lang='lat' dir='ltr'><strong>hiare-</strong></span> 
     </span>
    </p>
   </div>
   <div class='ocr_carea' id='block_1_35' title="bbox 1100 926 1889 967">
    <p class='ocr_par' dir='ltr' id='par_1_35' title="bbox 1101 929 1889 967">
     <span class='ocr_line' id='line_1_35' title="bbox 1101 929 1889 967; baseline 0.003 -11"><span class='ocrx_word' id='word_1_229' title='bbox 1101 929 1217 965; x_wconf 84' lang='grc' dir='ltr'>αἴρεσιν,</span> <span class='ocrx_word' id='word_1_230' title='bbox 1240 930 1278 961; x_wconf 86' lang='grc' dir='ltr'>ὡς</span> <span class='ocrx_word' id='word_1_231' title='bbox 1297 929 1438 965; x_wconf 78' lang='grc' dir='ltr'>ἐλλόγιμον</span> <span class='ocrx_word' id='word_1_232' title='bbox 1464 930 1561 966; x_wconf 77' lang='grc' dir='ltr'>δῆθεν,</span> <span class='ocrx_word' id='word_1_233' title='bbox 1581 931 1728 965; x_wconf 84' lang='grc' dir='ltr'>ἀναγκαῖον</span> <span class='ocrx_word' id='word_1_234' title='bbox 1750 931 1837 967; x_wconf 79' lang='grc' dir='ltr'>ᾠήθη,</span> <span class='ocrx_word' id='word_1_235' title='bbox 1858 932 1889 959; x_wconf 85' lang='grc' dir='ltr'>ὲν</span> 
     </span>
    </p>
   </div>
   <div class='ocr_carea' id='block_1_36' title="bbox 265 972 1051 1009">
    <p class='ocr_par' dir='ltr' id='par_1_36' title="bbox 265 972 1051 1009">
     <span class='ocr_line' id='line_1_36' title="bbox 265 972 1051 1009; baseline -0.005 -7"><span class='ocrx_word' id='word_1_236' title='bbox 265 975 316 1003; x_wconf 87' lang='lat' dir='ltr'><strong>sim</strong></span> <span class='ocrx_word' id='word_1_237' title='bbox 330 983 406 1002; x_wconf 88' lang='lat' dir='ltr'><strong>suant</strong></span> <span class='ocrx_word' id='word_1_238' title='bbox 425 975 544 1002; x_wconf 70' lang='lat' dir='ltr'><strong>illexisse</strong></span> <span class='ocrx_word' id='word_1_239' title='bbox 562 974 758 1009; x_wconf 81' lang='lat' dir='ltr'><strong>perspiciebat.</strong></span> <span class='ocrx_word' id='word_1_240' title='bbox 774 973 929 1000; x_wconf 77' lang='lat' dir='ltr'><strong>necessario</strong></span> <span class='ocrx_word' id='word_1_241' title='bbox 944 973 994 999; x_wconf 87' lang='lat' dir='ltr'><strong>sibi</strong></span> <span class='ocrx_word' id='word_1_242' title='bbox 1011 972 1051 999; x_wconf 83' lang='lat' dir='ltr'><strong>fa-</strong></span> 
     </span>
    </p>
   </div>
   <div class='ocr_carea' id='block_1_37' title="bbox 265 1019 1050 1059">
    <p class='ocr_par' dir='ltr' id='par_1_37' title="bbox 265 1019 1050 1059">
     <span class='ocr_line' id='line_1_37' title="bbox 265 1019 1050 1059; baseline -0.003 -11"><span class='ocrx_word' id='word_1_243' title='bbox 265 1021 390 1049; x_wconf 87' lang='lat' dir='ltr'><strong>ciendum</strong></span> <span class='ocrx_word' id='word_1_244' title='bbox 420 1021 535 1059; x_wconf 53' lang='lat' dir='ltr'><strong>putavit,</strong></span> <span class='ocrx_word' id='word_1_245' title='bbox 560 1025 589 1046; x_wconf 89' lang='lat' dir='ltr'><strong>ut</strong></span> <span class='ocrx_word' id='word_1_246' title='bbox 613 1019 723 1046; x_wconf 80' lang='lat' dir='ltr'><strong>Arianzi</strong></span> <span class='ocrx_word' id='word_1_247' title='bbox 750 1024 811 1054; x_wconf 86' lang='lat' dir='ltr'><strong>post</strong></span> <span class='ocrx_word' id='word_1_248' title='bbox 835 1019 950 1046; x_wconf 90' lang='lat' dir='ltr'><strong>reditum</strong></span> <span class='ocrx_word' id='word_1_249' title='bbox 971 1026 1050 1046; x_wconf 90' lang='lat' dir='ltr'><strong>suum</strong></span> 
     </span>
    </p>
   </div>
   <div class='ocr_carea' id='block_1_38' title="bbox 263 1064 1051 1103">
    <p class='ocr_par' dir='ltr' id='par_1_38' title="bbox 263 1064 1051 1103">
     <span class='ocr_line' id='line_1_38' title="bbox 263 1064 1051 1103; baseline -0.004 -8"><span class='ocrx_word' id='word_1_250' title='bbox 263 1067 418 1103; x_wconf 84' lang='lat' dir='ltr'><strong>quiescens,</strong></span> <span class='ocrx_word' id='word_1_251' title='bbox 434 1071 516 1101; x_wconf 86' lang='lat' dir='ltr'><strong>atque</strong></span> <span class='ocrx_word' id='word_1_252' title='bbox 533 1066 566 1093; x_wconf 91' lang='lat' dir='ltr'><strong>ab</strong></span> <span class='ocrx_word' id='word_1_253' title='bbox 580 1066 709 1093; x_wconf 90' lang='lat' dir='ltr'><strong>omnibus</strong></span> <span class='ocrx_word' id='word_1_254' title='bbox 733 1064 850 1100; x_wconf 75' lang='lat' dir='ltr'><strong>negotiis</strong></span> <span class='ocrx_word' id='word_1_255' title='bbox 865 1064 1051 1100; x_wconf 88' lang='lat' dir='ltr'><strong>occupationi-</strong></span> 
     </span>
    </p>
   </div>
   <div class='ocr_carea' id='block_1_39' title="bbox 249 1111 1049 1148">
    <p class='ocr_par' dir='ltr' id='par_1_39' title="bbox 249 1111 1049 1148">
     <span class='ocr_line' id='line_1_39' title="bbox 249 1111 1049 1148; baseline -0.003 -8"><span class='ocrx_word' id='word_1_256' title='bbox 249 1127 251 1130; x_wconf 73' lang='grc' dir='ltr'><strong>ι</strong></span> <span class='ocrx_word' id='word_1_257' title='bbox 264 1114 368 1148; x_wconf 80' lang='lat' dir='ltr'><strong>hosque</strong></span> <span class='ocrx_word' id='word_1_258' title='bbox 379 1112 501 1144; x_wconf 76' lang='lat' dir='ltr'><strong>feriatus,</strong></span> <span class='ocrx_word' id='word_1_259' title='bbox 511 1111 642 1140; x_wconf 88' lang='lat' dir='ltr'><strong>cudendis</strong></span> <span class='ocrx_word' id='word_1_260' title='bbox 649 1111 772 1139; x_wconf 87' lang='lat' dir='ltr'><strong>versibus</strong></span> <span class='ocrx_word' id='word_1_261' title='bbox 782 1111 901 1138; x_wconf 88' lang='lat' dir='ltr'><strong>animum</strong></span> <span class='ocrx_word' id='word_1_262' title='bbox 911 1111 1049 1146; x_wconf 68' lang='lat' dir='ltr'><strong>adiiceret.</strong></span> 
     </span>
    </p>
   </div>
   <div class='ocr_carea' id='block_1_40' title="bbox 247 1157 1050 1193">
    <p class='ocr_par' dir='ltr' id='par_1_40' title="bbox 247 1157 1050 1193">
     <span class='ocr_line' id='line_1_40' title="bbox 247 1157 1050 1193; baseline -0.002 -8"><span class='ocrx_word' id='word_1_263' title='bbox 247 1180 250 1181; x_wconf 45' lang='grc' dir='ltr'><em>ν</em></span> <span class='ocrx_word' id='word_1_264' title='bbox 264 1158 352 1193; x_wconf 80' lang='lat' dir='ltr'><strong>Atque</strong></span> <span class='ocrx_word' id='word_1_265' title='bbox 365 1158 428 1185; x_wconf 89' lang='lat' dir='ltr'><strong>hinc</strong></span> <span class='ocrx_word' id='word_1_266' title='bbox 445 1158 582 1185; x_wconf 88' lang='lat' dir='ltr'><strong>uberrima</strong></span> <span class='ocrx_word' id='word_1_267' title='bbox 606 1157 673 1185; x_wconf 89' lang='lat' dir='ltr'><strong>mihi</strong></span> <span class='ocrx_word' id='word_1_268' title='bbox 690 1157 770 1191; x_wconf 83' lang='lat' dir='ltr'><strong>hujus</strong></span> <span class='ocrx_word' id='word_1_269' title='bbox 793 1157 924 1184; x_wconf 84' lang='lat' dir='ltr'><strong>orationis</strong></span> <span class='ocrx_word' id='word_1_270' title='bbox 938 1157 1050 1185; x_wconf 91' lang='lat' dir='ltr'><strong>materia</strong></span> 
     </span>
    </p>
   </div>
   <div class='ocr_carea' id='block_1_41' title="bbox 248 1203 440 1232">
    <p class='ocr_par' dir='ltr' id='par_1_41' title="bbox 248 1203 440 1232">
     <span class='ocr_line' id='line_1_41' title="bbox 248 1203 440 1232; baseline 0.005 -1"><span class='ocrx_word' id='word_1_271' title='bbox 248 1219 250 1221; x_wconf 65' lang='grc'><strong>›</strong></span> <span class='ocrx_word' id='word_1_272' title='bbox 264 1203 373 1232; x_wconf 88' lang='lat' dir='ltr'><strong>collecta</strong></span> <span class='ocrx_word' id='word_1_273' title='bbox 388 1209 440 1232; x_wconf 89' lang='lat' dir='ltr'><strong>est.</strong></span> 
     </span>
    </p>
   </div>
   <div class='ocr_carea' id='block_1_42' title="bbox 299 1249 1050 1285">
    <p class='ocr_par' dir='ltr' id='par_1_42' title="bbox 299 1249 1050 1285">
     <span class='ocr_line' id='line_1_42' title="bbox 299 1249 1050 1285; baseline -0.003 -7"><span class='ocrx_word' id='word_1_274' title='bbox 299 1250 365 1278; x_wconf 88' lang='lat' dir='ltr'><strong>Cum</strong></span> <span class='ocrx_word' id='word_1_275' title='bbox 377 1255 465 1278; x_wconf 84' lang='lat' dir='ltr'><strong>autem</strong></span> <span class='ocrx_word' id='word_1_276' title='bbox 481 1249 741 1285; x_wconf 87' lang='lat' dir='ltr'><strong>nonnihiltemporis</strong></span> <span class='ocrx_word' id='word_1_277' title='bbox 755 1249 810 1277; x_wconf 87' lang='lat' dir='ltr'><strong>illic</strong></span> <span class='ocrx_word' id='word_1_278' title='bbox 822 1249 961 1277; x_wconf 88' lang='lat' dir='ltr'><strong>solitarius</strong></span> <span class='ocrx_word' id='word_1_279' title='bbox 977 1249 1050 1284; x_wconf 75' lang='lat' dir='ltr'><strong>egis-</strong></span> 
     </span>
    </p>
   </div>
   <div class='ocr_carea' id='block_1_43' title="bbox 263 1296 1049 1331">
    <p class='ocr_par' dir='ltr' id='par_1_43' title="bbox 263 1296 1049 1331">
     <span class='ocr_line' id='line_1_43' title="bbox 263 1296 1049 1331; baseline -0.003 -7"><span class='ocrx_word' id='word_1_280' title='bbox 263 1301 322 1328; x_wconf 84' lang='lat' dir='ltr'><strong>set,</strong></span> <span class='ocrx_word' id='word_1_281' title='bbox 347 1297 486 1331; x_wconf 77' lang='lat' dir='ltr'><strong>vitataque</strong></span> <span class='ocrx_word' id='word_1_282' title='bbox 517 1296 687 1331; x_wconf 84' lang='lat' dir='ltr'><strong>philosophia</strong></span> <span class='ocrx_word' id='word_1_283' title='bbox 722 1300 880 1331; x_wconf 73' lang='lat' dir='ltr'><strong>purgasset,</strong></span> <span class='ocrx_word' id='word_1_284' title='bbox 900 1303 933 1323; x_wconf 84' lang='lat' dir='ltr'><strong>ac</strong></span> <span class='ocrx_word' id='word_1_285' title='bbox 955 1296 1049 1331; x_wconf 82' lang='lat' dir='ltr'><strong>majori</strong></span> 
     </span>
    </p>
   </div>
   <div class='ocr_carea' id='block_1_44' title="bbox 265 1342 1050 1377">
    <p class='ocr_par' dir='ltr' id='par_1_44' title="bbox 265 1342 1050 1377">
     <span class='ocr_line' id='line_1_44' title="bbox 265 1342 1050 1377; baseline -0.001 -8"><span class='ocrx_word' id='word_1_286' title='bbox 265 1342 485 1377; x_wconf 79' lang='lat' dir='ltr'><strong>contemplationi</strong></span> <span class='ocrx_word' id='word_1_287' title='bbox 497 1342 616 1369; x_wconf 84' lang='lat' dir='ltr'><strong>animum</strong></span> <span class='ocrx_word' id='word_1_288' title='bbox 630 1342 786 1373; x_wconf 86' lang='lat' dir='ltr'><strong>addixisset,</strong></span> <span class='ocrx_word' id='word_1_289' title='bbox 807 1342 833 1369; x_wconf 91' lang='lat' dir='ltr'><strong>in</strong></span> <span class='ocrx_word' id='word_1_290' title='bbox 849 1347 971 1369; x_wconf 81' lang='lat' dir='ltr'><strong>extrema</strong></span> <span class='ocrx_word' id='word_1_291' title='bbox 989 1346 1050 1369; x_wconf 85' lang='lat' dir='ltr'><strong>tan-</strong></span> 
     </span>
    </p>
   </div>
   <div class='ocr_carea' id='block_1_45' title="bbox 262 1386 1050 1415">
    <p class='ocr_par' dir='ltr' id='par_1_45' title="bbox 262 1386 1050 1415">
     <span class='ocr_line' id='line_1_45' title="bbox 262 1386 1050 1415; baseline 0 -1"><span class='ocrx_word' id='word_1_292' title='bbox 262 1386 324 1414; x_wconf 89' lang='lat' dir='ltr'><strong>dem</strong></span> <span class='ocrx_word' id='word_1_293' title='bbox 349 1391 490 1414; x_wconf 87' lang='lat' dir='ltr'><strong>senectute</strong></span> <span class='ocrx_word' id='word_1_294' title='bbox 513 1387 642 1414; x_wconf 86' lang='lat' dir='ltr'><strong>caducam</strong></span> <span class='ocrx_word' id='word_1_295' title='bbox 667 1386 739 1414; x_wconf 90' lang='lat' dir='ltr'><strong>hanc</strong></span> <span class='ocrx_word' id='word_1_296' title='bbox 755 1387 837 1414; x_wconf 83' lang='lat' dir='ltr'><strong>vitam</strong></span> <span class='ocrx_word' id='word_1_297' title='bbox 864 1394 925 1414; x_wconf 88' lang='lat' dir='ltr'><strong>cum</strong></span> <span class='ocrx_word' id='word_1_298' title='bbox 946 1387 1050 1415; x_wconf 87' lang='lat' dir='ltr'><strong>meliori</strong></span> 
     </span>
    </p>
   </div>
   <div class='ocr_carea' id='block_1_46' title="bbox 262 1433 1049 1468">
    <p class='ocr_par' dir='ltr' id='par_1_46' title="bbox 262 1433 1049 1468">
     <span class='ocr_line' id='line_1_46' title="bbox 262 1433 1049 1468; baseline 0 -8"><span class='ocrx_word' id='word_1_299' title='bbox 262 1438 292 1460; x_wconf 84' lang='lat' dir='ltr'><strong>et</strong></span> <span class='ocrx_word' id='word_1_300' title='bbox 318 1433 468 1460; x_wconf 79' lang='lat' dir='ltr'><strong>sublimiori</strong></span> <span class='ocrx_word' id='word_1_301' title='bbox 497 1441 588 1460; x_wconf 88' lang='lat' dir='ltr'><strong>rerum</strong></span> <span class='ocrx_word' id='word_1_302' title='bbox 611 1437 704 1465; x_wconf 81' lang='lat' dir='ltr'><strong>statu,</strong></span> <span class='ocrx_word' id='word_1_303' title='bbox 727 1433 803 1468; x_wconf 80' lang='lat' dir='ltr'><strong>cujus</strong></span> <span class='ocrx_word' id='word_1_304' title='bbox 833 1433 878 1461; x_wconf 91' lang='lat' dir='ltr'><strong>hic</strong></span> <span class='ocrx_word' id='word_1_305' title='bbox 902 1437 1049 1468; x_wconf 90' lang='lat' dir='ltr'><strong>pertenues</strong></span> 
     </span>
    </p>
   </div>
   <div class='ocr_carea' id='block_1_47' title="bbox 262 1478 1050 1514">
    <p class='ocr_par' dir='ltr' id='par_1_47' title="bbox 262 1478 1050 1514">
     <span class='ocr_line' id='line_1_47' title="bbox 262 1478 1050 1514; baseline -0.001 -8"><span class='ocrx_word' id='word_1_306' title='bbox 262 1478 345 1506; x_wconf 86' lang='lat' dir='ltr'><strong>etiam</strong></span> <span class='ocrx_word' id='word_1_307' title='bbox 358 1478 463 1512; x_wconf 80' lang='lat' dir='ltr'><strong>species</strong></span> <span class='ocrx_word' id='word_1_308' title='bbox 482 1478 526 1505; x_wconf 86' lang='lat' dir='ltr'><strong>vix</strong></span> <span class='ocrx_word' id='word_1_309' title='bbox 542 1479 655 1513; x_wconf 84' lang='lat' dir='ltr'><strong>reperiri</strong></span> <span class='ocrx_word' id='word_1_310' title='bbox 672 1483 788 1514; x_wconf 87' lang='lat' dir='ltr'><strong>queant,</strong></span> <span class='ocrx_word' id='word_1_311' title='bbox 807 1479 981 1513; x_wconf 84' lang='lat' dir='ltr'><strong>permutavit.</strong></span> <span class='ocrx_word' id='word_1_312' title='bbox 1002 1479 1050 1505; x_wconf 81' lang='lat' dir='ltr'><strong>At-</strong></span> 
     </span>
    </p>
   </div>
   <div class='ocr_carea' id='block_1_48' title="bbox 263 1523 1048 1559">
    <p class='ocr_par' dir='ltr' id='par_1_48' title="bbox 263 1523 1048 1559">
     <span class='ocr_line' id='line_1_48' title="bbox 263 1523 1048 1559; baseline 0.003 -10"><span class='ocrx_word' id='word_1_313' title='bbox 263 1530 316 1558; x_wconf 90' lang='lat' dir='ltr'><strong>que</strong></span> <span class='ocrx_word' id='word_1_314' title='bbox 329 1523 442 1550; x_wconf 91' lang='lat' dir='ltr'><strong>ornandi</strong></span> <span class='ocrx_word' id='word_1_315' title='bbox 456 1523 564 1557; x_wconf 86' lang='lat' dir='ltr'><strong>quidem</strong></span> <span class='ocrx_word' id='word_1_316' title='bbox 577 1523 699 1559; x_wconf 79' lang='lat' dir='ltr'><strong>Gregorii</strong></span> <span class='ocrx_word' id='word_1_317' title='bbox 717 1531 829 1551; x_wconf 85' lang='lat' dir='ltr'><strong>munere</strong></span> <span class='ocrx_word' id='word_1_318' title='bbox 843 1531 893 1558; x_wconf 90' lang='lat' dir='ltr'><strong>pro</strong></span> <span class='ocrx_word' id='word_1_319' title='bbox 907 1523 976 1551; x_wconf 90' lang='lat' dir='ltr'><strong>virili</strong></span> <span class='ocrx_word' id='word_1_320' title='bbox 990 1531 1048 1551; x_wconf 90' lang='lat' dir='ltr'><strong>mea</strong></span> 
     </span>
    </p>
   </div>
   <div class='ocr_carea' id='block_1_49' title="bbox 263 1568 1047 1603">
    <p class='ocr_par' dir='ltr' id='par_1_49' title="bbox 263 1568 1047 1603">
     <span class='ocr_line' id='line_1_49' title="bbox 263 1568 1047 1603; baseline 0.003 -9"><span class='ocrx_word' id='word_1_321' title='bbox 263 1568 423 1603; x_wconf 68' lang='lat' dir='ltr'><strong>pet-iunctus</strong></span> <span class='ocrx_word' id='word_1_322' title='bbox 432 1575 504 1601; x_wconf 86' lang='lat' dir='ltr'><strong>sum,</strong></span> <span class='ocrx_word' id='word_1_323' title='bbox 518 1573 648 1603; x_wconf 88' lang='lat' dir='ltr'><strong>quantttm</strong></span> <span class='ocrx_word' id='word_1_324' title='bbox 660 1570 692 1595; x_wconf 88' lang='lat' dir='ltr'><strong>ad</strong></span> <span class='ocrx_word' id='word_1_325' title='bbox 707 1568 734 1595; x_wconf 90' lang='lat' dir='ltr'><strong>id</strong></span> <span class='ocrx_word' id='word_1_326' title='bbox 745 1568 889 1601; x_wconf 84' lang='lat' dir='ltr'><strong>attinebat,</strong></span> <span class='ocrx_word' id='word_1_327' title='bbox 904 1573 934 1596; x_wconf 88' lang='lat' dir='ltr'><strong>ut</strong></span> <span class='ocrx_word' id='word_1_328' title='bbox 947 1574 975 1596; x_wconf 87' lang='lat' dir='ltr'><strong>et</strong></span> <span class='ocrx_word' id='word_1_329' title='bbox 985 1569 1047 1596; x_wconf 90' lang='lat' dir='ltr'><strong>boni</strong></span> 
     </span>
    </p>
   </div>
   <div class='ocr_carea' id='block_1_50' title="bbox 263 1613 1047 1649">
    <p class='ocr_par' dir='ltr' id='par_1_50' title="bbox 263 1613 1047 1649">
     <span class='ocr_line' id='line_1_50' title="bbox 263 1613 1047 1649; baseline -0.001 -8"><span class='ocrx_word' id='word_1_330' title='bbox 263 1613 352 1642; x_wconf 78' lang='lat' dir='ltr'><strong>Patris</strong></span> <span class='ocrx_word' id='word_1_331' title='bbox 365 1619 392 1641; x_wconf 87' lang='lat' dir='ltr'><strong>et</strong></span> <span class='ocrx_word' id='word_1_332' title='bbox 406 1621 512 1646; x_wconf 74' lang='lat' dir='ltr'><strong>eorum,</strong></span> <span class='ocrx_word' id='word_1_333' title='bbox 527 1613 573 1648; x_wconf 89' lang='lat' dir='ltr'><strong>qui</strong></span> <span class='ocrx_word' id='word_1_334' title='bbox 595 1614 678 1641; x_wconf 88' lang='lat' dir='ltr'><strong>vitam</strong></span> <span class='ocrx_word' id='word_1_335' title='bbox 692 1614 762 1641; x_wconf 89' lang='lat' dir='ltr'><strong>illius</strong></span> <span class='ocrx_word' id='word_1_336' title='bbox 779 1614 872 1641; x_wconf 87' lang='lat' dir='ltr'><strong>audire</strong></span> <span class='ocrx_word' id='word_1_337' title='bbox 886 1613 1047 1649; x_wconf 76' lang='lat' dir='ltr'><strong>gestiebant,</strong></span> 
     </span>
    </p>
   </div>
   <div class='ocr_carea' id='block_1_51' title="bbox 263 1659 1049 1695">
    <p class='ocr_par' dir='ltr' id='par_1_51' title="bbox 263 1659 1049 1695">
     <span class='ocr_line' id='line_1_51' title="bbox 263 1659 1049 1695; baseline -0.001 -7"><span class='ocrx_word' id='word_1_338' title='bbox 263 1661 334 1688; x_wconf 89' lang='lat' dir='ltr'><strong>votis</strong></span> <span class='ocrx_word' id='word_1_339' title='bbox 346 1659 548 1692; x_wconf 75' lang='lat' dir='ltr'><strong>satisfacerem,</strong></span> <span class='ocrx_word' id='word_1_340' title='bbox 561 1664 643 1694; x_wconf 89' lang='lat' dir='ltr'><strong>atque</strong></span> <span class='ocrx_word' id='word_1_341' title='bbox 658 1663 687 1687; x_wconf 86' lang='lat' dir='ltr'><strong>ut</strong></span> <span class='ocrx_word' id='word_1_342' title='bbox 702 1659 826 1695; x_wconf 77' lang='lat' dir='ltr'><strong>exiguam</strong></span> <span class='ocrx_word' id='word_1_343' title='bbox 845 1659 991 1694; x_wconf 82' lang='lat' dir='ltr'><strong>quamdam</strong></span> <span class='ocrx_word' id='word_1_344' title='bbox 1008 1660 1049 1687; x_wconf 91' lang='lat' dir='ltr'><strong>vi-</strong></span> 
     </span>
    </p>
   </div>
   <div class='ocr_carea' id='block_1_52' title="bbox 261 1705 1048 1741">
    <p class='ocr_par' dir='ltr' id='par_1_52' title="bbox 261 1705 1048 1741">
     <span class='ocr_line' id='line_1_52' title="bbox 261 1705 1048 1741; baseline -0.003 -7"><span class='ocrx_word' id='word_1_345' title='bbox 261 1711 297 1734; x_wconf 75' lang='lat' dir='ltr'><strong>ta:</strong></span> <span class='ocrx_word' id='word_1_346' title='bbox 310 1706 524 1741; x_wconf 86' lang='lat' dir='ltr'><strong>descriptionem</strong></span> <span class='ocrx_word' id='word_1_347' title='bbox 545 1706 663 1734; x_wconf 86' lang='lat' dir='ltr'><strong>breviter</strong></span> <span class='ocrx_word' id='word_1_348' title='bbox 686 1705 907 1741; x_wconf 85' lang='lat' dir='ltr'><strong>comprehensam</strong></span> <span class='ocrx_word' id='word_1_349' title='bbox 931 1705 1048 1733; x_wconf 85' lang='lat' dir='ltr'><strong>habere-</strong></span> 
     </span>
    </p>
   </div>
   <div class='ocr_carea' id='block_1_53' title="bbox 263 1751 1048 1785">
    <p class='ocr_par' dir='ltr' id='par_1_53' title="bbox 263 1751 1048 1785">
     <span class='ocr_line' id='line_1_53' title="bbox 263 1751 1048 1785; baseline -0.004 -6"><span class='ocrx_word' id='word_1_350' title='bbox 263 1759 334 1779; x_wconf 85' lang='lat' dir='ltr'><strong>mus.</strong></span> <span class='ocrx_word' id='word_1_351' title='bbox 351 1751 417 1778; x_wconf 82' lang='lat' dir='ltr'><strong>Nam</strong></span> <span class='ocrx_word' id='word_1_352' title='bbox 437 1759 532 1780; x_wconf 85' lang='lat' dir='ltr'><strong>omnes</strong></span> <span class='ocrx_word' id='word_1_353' title='bbox 553 1751 625 1779; x_wconf 86' lang='lat' dir='ltr'><strong>illius</strong></span> <span class='ocrx_word' id='word_1_354' title='bbox 649 1751 741 1779; x_wconf 86' lang='lat' dir='ltr'><strong>laudes</strong></span> <span class='ocrx_word' id='word_1_355' title='bbox 758 1751 873 1785; x_wconf 79' lang='lat' dir='ltr'><strong>vitaeque</strong></span> <span class='ocrx_word' id='word_1_356' title='bbox 888 1754 1048 1778; x_wconf 87' lang='lat' dir='ltr'><strong>ornamenta</strong></span> 
     </span>
    </p>
   </div>
   <div class='ocr_carea' id='block_1_54' title="bbox 261 1794 1047 1832">
    <p class='ocr_par' dir='ltr' id='par_1_54' title="bbox 261 1794 1047 1832">
     <span class='ocr_line' id='line_1_54' title="bbox 261 1794 1047 1832; baseline -0.005 -8"><span class='ocrx_word' id='word_1_357' title='bbox 261 1804 408 1831; x_wconf 69' lang='lat' dir='ltr'><strong>exponere,</strong></span> <span class='ocrx_word' id='word_1_358' title='bbox 424 1801 470 1824; x_wconf 90' lang='lat' dir='ltr'><strong>aut</strong></span> <span class='ocrx_word' id='word_1_359' title='bbox 485 1804 534 1832; x_wconf 90' lang='lat' dir='ltr'><strong>pro</strong></span> <span class='ocrx_word' id='word_1_360' title='bbox 556 1796 594 1824; x_wconf 87' lang='lat' dir='ltr'><strong>rei</strong></span> <span class='ocrx_word' id='word_1_361' title='bbox 615 1797 746 1832; x_wconf 78' lang='lat' dir='ltr'><strong>dignitate</strong></span> <span class='ocrx_word' id='word_1_362' title='bbox 765 1800 893 1828; x_wconf 81' lang='lat' dir='ltr'><strong>tractare,</strong></span> <span class='ocrx_word' id='word_1_363' title='bbox 909 1795 977 1822; x_wconf 88' lang='lat' dir='ltr'><strong>adeo</strong></span> <span class='ocrx_word' id='word_1_364' title='bbox 994 1794 1047 1822; x_wconf 80' lang='lat' dir='ltr'><strong>dif-</strong></span> 
     </span>
    </p>
   </div>
   <div class='ocr_carea' id='block_1_55' title="bbox 263 1840 1049 1877">
    <p class='ocr_par' dir='ltr' id='par_1_55' title="bbox 263 1840 1049 1877">
     <span class='ocr_line' id='line_1_55' title="bbox 263 1840 1049 1877; baseline -0.001 -8"><span class='ocrx_word' id='word_1_365' title='bbox 263 1843 332 1870; x_wconf 82' lang='lat' dir='ltr'><strong>ﬁcile</strong></span> <span class='ocrx_word' id='word_1_366' title='bbox 354 1847 436 1877; x_wconf 85' lang='lat' dir='ltr'><strong>atque</strong></span> <span class='ocrx_word' id='word_1_367' title='bbox 457 1842 570 1870; x_wconf 89' lang='lat' dir='ltr'><strong>arduum</strong></span> <span class='ocrx_word' id='word_1_368' title='bbox 595 1842 689 1875; x_wconf 81' lang='lat' dir='ltr'><strong>fuerit,</strong></span> <span class='ocrx_word' id='word_1_369' title='bbox 708 1847 738 1870; x_wconf 88' lang='lat' dir='ltr'><strong>ut</strong></span> <span class='ocrx_word' id='word_1_370' title='bbox 757 1841 828 1870; x_wconf 83' lang='lat' dir='ltr'><strong>haud</strong></span> <span class='ocrx_word' id='word_1_371' title='bbox 853 1841 910 1869; x_wconf 85' lang='lat' dir='ltr'><strong>scio</strong></span> <span class='ocrx_word' id='word_1_372' title='bbox 926 1848 960 1868; x_wconf 90' lang='lat' dir='ltr'><strong>an</strong></span> <span class='ocrx_word' id='word_1_373' title='bbox 973 1840 1049 1875; x_wconf 88' lang='lat' dir='ltr'><strong>quis-</strong></span> 
     </span>
    </p>
   </div>
   <div class='ocr_carea' id='block_1_56' title="bbox 261 1887 1048 1923">
    <p class='ocr_par' dir='ltr' id='par_1_56' title="bbox 261 1887 1048 1923">
     <span class='ocr_line' id='line_1_56' title="bbox 261 1887 1048 1923; baseline -0.004 -7"><span class='ocrx_word' id='word_1_374' title='bbox 261 1896 353 1923; x_wconf 85' lang='lat' dir='ltr'><strong>quam,</strong></span> <span class='ocrx_word' id='word_1_375' title='bbox 369 1896 463 1916; x_wconf 86' lang='lat' dir='ltr'><strong>eorum</strong></span> <span class='ocrx_word' id='word_1_376' title='bbox 483 1889 563 1915; x_wconf 86' lang='lat' dir='ltr'><strong>etiam</strong></span> <span class='ocrx_word' id='word_1_377' title='bbox 583 1889 628 1922; x_wconf 91' lang='lat' dir='ltr'><strong>qui</strong></span> <span class='ocrx_word' id='word_1_378' title='bbox 645 1895 780 1915; x_wconf 80' lang='lat' dir='ltr'><strong>summam</strong></span> <span class='ocrx_word' id='word_1_379' title='bbox 802 1887 963 1914; x_wconf 85' lang='lat' dir='ltr'><strong>eruditionis</strong></span> <span class='ocrx_word' id='word_1_380' title='bbox 990 1887 1048 1913; x_wconf 91' lang='lat' dir='ltr'><strong>lau-</strong></span> 
     </span>
    </p>
   </div>
   <div class='ocr_carea' id='block_1_57' title="bbox 260 1933 1046 1969">
    <p class='ocr_par' dir='ltr' id='par_1_57' title="bbox 260 1933 1046 1969">
     <span class='ocr_line' id='line_1_57' title="bbox 260 1933 1046 1969; baseline -0.003 -8"><span class='ocrx_word' id='word_1_381' title='bbox 260 1935 322 1962; x_wconf 86' lang='lat' dir='ltr'><strong>dem</strong></span> <span class='ocrx_word' id='word_1_382' title='bbox 335 1935 474 1963; x_wconf 86' lang='lat' dir='ltr'><strong>consecuti</strong></span> <span class='ocrx_word' id='word_1_383' title='bbox 495 1940 568 1968; x_wconf 87' lang='lat' dir='ltr'><strong>sunt,</strong></span> <span class='ocrx_word' id='word_1_384' title='bbox 586 1935 636 1962; x_wconf 89' lang='lat' dir='ltr'><strong>hoc</strong></span> <span class='ocrx_word' id='word_1_385' title='bbox 652 1940 782 1969; x_wconf 58' lang='lat' dir='ltr'><strong>praestare</strong></span> <span class='ocrx_word' id='word_1_386' title='bbox 800 1933 895 1968; x_wconf 88' lang='lat' dir='ltr'><strong>possit.</strong></span> <span class='ocrx_word' id='word_1_387' title='bbox 911 1933 951 1960; x_wconf 91' lang='lat' dir='ltr'><strong>Tu</strong></span> <span class='ocrx_word' id='word_1_388' title='bbox 963 1940 1026 1960; x_wconf 89' lang='lat' dir='ltr'><strong>vero</strong></span> <span class='ocrx_word' id='word_1_389' title='bbox 1037 1952 1046 1965; x_wconf 84' lang='lat'><strong>,</strong></span> 
     </span>
    </p>
   </div>
   <div class='ocr_carea' id='block_1_58' title="bbox 259 1979 1047 2016">
    <p class='ocr_par' dir='ltr' id='par_1_58' title="bbox 259 1979 1047 2016">
     <span class='ocr_line' id='line_1_58' title="bbox 259 1979 1047 2016; baseline -0.005 -8"><span class='ocrx_word' id='word_1_390' title='bbox 259 1980 342 2009; x_wconf 84' lang='lat' dir='ltr'><strong>Pater</strong></span> <span class='ocrx_word' id='word_1_391' title='bbox 357 1981 447 2013; x_wconf 88' lang='lat' dir='ltr'><strong>beate,</strong></span> <span class='ocrx_word' id='word_1_392' title='bbox 471 1981 574 2016; x_wconf 67' lang='lat' dir='ltr'><strong>verique</strong></span> <span class='ocrx_word' id='word_1_393' title='bbox 597 1981 668 2008; x_wconf 86' lang='lat' dir='ltr'><strong>illius</strong></span> <span class='ocrx_word' id='word_1_394' title='bbox 693 1979 856 2006; x_wconf 80' lang='lat' dir='ltr'><strong>tabernaculi</strong></span> <span class='ocrx_word' id='word_1_395' title='bbox 866 1979 886 1994; x_wconf 84' lang='lat'>&quot;</span> <span class='ocrx_word' id='word_1_396' title='bbox 910 1979 1047 2012; x_wconf 88' lang='lat' dir='ltr'><strong>inspector</strong></span> 
     </span>
    </p>
   </div>
   <div class='ocr_carea' id='block_1_59' title="bbox 260 2023 1046 2058">
    <p class='ocr_par' dir='ltr' id='par_1_59' title="bbox 260 2023 1046 2058">
     <span class='ocr_line' id='line_1_59' title="bbox 260 2023 1046 2058; baseline -0.004 -5"><span class='ocrx_word' id='word_1_397' title='bbox 260 2031 289 2053; x_wconf 87' lang='lat' dir='ltr'><strong>et</strong></span> <span class='ocrx_word' id='word_1_398' title='bbox 306 2027 416 2054; x_wconf 89' lang='lat' dir='ltr'><strong>conscie</strong></span> <span class='ocrx_word' id='word_1_399' title='bbox 427 2046 437 2058; x_wconf 82' lang='lat'><strong>.</strong></span> <span class='ocrx_word' id='word_1_400' title='bbox 453 2026 498 2053; x_wconf 89' lang='lat' dir='ltr'><strong>ubi</strong></span> <span class='ocrx_word' id='word_1_401' title='bbox 521 2025 706 2053; x_wconf 70' lang='lat' dir='ltr'><strong>cuuilatiom’:</strong></span> <span class='ocrx_word' id='word_1_402' title='bbox 724 2029 749 2052; x_wconf 72' lang='lat' dir='ltr'><strong>et</strong></span> <span class='ocrx_word' id='word_1_403' title='bbox 774 2025 867 2052; x_wconf 69' lang='lat' dir='ltr'><strong>salutis</strong></span> <span class='ocrx_word' id='word_1_404' title='bbox 893 2032 942 2051; x_wconf 68' lang='lat' dir='ltr'><strong>vos;</strong></span> <span class='ocrx_word' id='word_1_405' title='bbox 953 2024 976 2039; x_wconf 73' lang='grc' dir='ltr'>’θ</span> <span class='ocrx_word' id='word_1_406' title='bbox 988 2023 1046 2051; x_wconf 89' lang='lat' dir='ltr'><strong>lau-</strong></span> 
     </span>
    </p>
   </div>
   <div class='ocr_carea' id='block_1_60' title="bbox 260 2071 1044 2106">
    <p class='ocr_par' dir='ltr' id='par_1_60' title="bbox 260 2071 1044 2106">
     <span class='ocr_line' id='line_1_60' title="bbox 260 2071 1044 2106; baseline -0.003 -8"><span class='ocrx_word' id='word_1_407' title='bbox 260 2072 380 2100; x_wconf 90' lang='lat' dir='ltr'><strong>dantium</strong></span> <span class='ocrx_word' id='word_1_408' title='bbox 411 2071 495 2099; x_wconf 85' lang='lat' dir='ltr'><strong>Deum</strong></span> <span class='ocrx_word' id='word_1_409' title='bbox 523 2071 678 2106; x_wconf 68' lang='lat' dir='ltr'><strong>angelorum</strong></span> <span class='ocrx_word' id='word_1_410' title='bbox 705 2071 806 2105; x_wconf 83' lang='lat' dir='ltr'><strong>pariter</strong></span> <span class='ocrx_word' id='word_1_411' title='bbox 822 2077 855 2098; x_wconf 87' lang='lat' dir='ltr'><strong>ac</strong></span> <span class='ocrx_word' id='word_1_412' title='bbox 878 2074 1044 2102; x_wconf 85' lang='lat' dir='ltr'><strong>sanctorum,</strong></span> 
     </span>
    </p>
   </div>
   <div class='ocr_carea' id='block_1_61' title="bbox 259 2114 1045 2152">
    <p class='ocr_par' dir='ltr' id='par_1_61' title="bbox 259 2114 1045 2152">
     <span class='ocr_line' id='line_1_61' title="bbox 259 2114 1045 2152; baseline -0.004 -8"><span class='ocrx_word' id='word_1_413' title='bbox 259 2117 382 2152; x_wconf 75' lang='lat' dir='ltr'><strong>Gregorii</strong></span> <span class='ocrx_word' id='word_1_414' title='bbox 398 2117 449 2150; x_wconf 87' lang='lat' dir='ltr'><strong>tui,</strong></span> <span class='ocrx_word' id='word_1_415' title='bbox 472 2115 517 2152; x_wconf 82' lang='lat' dir='ltr'><strong>qui</strong></span> <span class='ocrx_word' id='word_1_416' title='bbox 535 2117 661 2152; x_wconf 76' lang='lat' dir='ltr'><strong>exiguam</strong></span> <span class='ocrx_word' id='word_1_417' title='bbox 686 2115 756 2143; x_wconf 89' lang='lat' dir='ltr'><strong>hanc</strong></span> <span class='ocrx_word' id='word_1_418' title='bbox 772 2115 972 2142; x_wconf 86' lang='lat' dir='ltr'><strong>oratiunculam</strong></span> <span class='ocrx_word' id='word_1_419' title='bbox 989 2114 1045 2142; x_wconf 91' lang='lat' dir='ltr'><strong>ela-</strong></span> 
     </span>
    </p>
   </div>
   <div class='ocr_carea' id='block_1_62' title="bbox 259 2159 1045 2194">
    <p class='ocr_par' dir='ltr' id='par_1_62' title="bbox 259 2159 1045 2194">
     <span class='ocr_line' id='line_1_62' title="bbox 259 2159 1045 2194; baseline -0.003 -6"><span class='ocrx_word' id='word_1_420' title='bbox 259 2161 377 2193; x_wconf 80' lang='lat' dir='ltr'><strong>boravit,</strong></span> <span class='ocrx_word' id='word_1_421' title='bbox 392 2168 496 2189; x_wconf 88' lang='lat' dir='ltr'><strong>memor</strong></span> <span class='ocrx_word' id='word_1_422' title='bbox 508 2165 576 2189; x_wconf 86' lang='lat' dir='ltr'><strong>esto.</strong></span> <span class='ocrx_word' id='word_1_423' title='bbox 600 2160 729 2194; x_wconf 84' lang='lat' dir='ltr'><strong>Quamvis</strong></span> <span class='ocrx_word' id='word_1_424' title='bbox 749 2160 821 2187; x_wconf 89' lang='lat' dir='ltr'><strong>enim</strong></span> <span class='ocrx_word' id='word_1_425' title='bbox 833 2159 868 2187; x_wconf 87' lang='lat' dir='ltr'><strong>ob</strong></span> <span class='ocrx_word' id='word_1_426' title='bbox 882 2159 977 2187; x_wconf 89' lang='lat' dir='ltr'><strong>virium</strong></span> <span class='ocrx_word' id='word_1_427' title='bbox 993 2160 1045 2186; x_wconf 94' lang='lat' dir='ltr'><strong>im-</strong></span> 
     </span>
    </p>
   </div>
   <div class='ocr_carea' id='block_1_63' title="bbox 1107 976 1892 1013">
    <p class='ocr_par' dir='ltr' id='par_1_63' title="bbox 1107 976 1892 1013">
     <span class='ocr_line' id='line_1_63' title="bbox 1107 976 1892 1013; baseline 0.003 -11"><span class='ocrx_word' id='word_1_428' title='bbox 1107 976 1256 1012; x_wconf 80' lang='grc' dir='ltr'>’Λριανςοῖς</span> <span class='ocrx_word' id='word_1_429' title='bbox 1273 976 1418 1011; x_wconf 82' lang='grc' dir='ltr'><strong>ἡσυχάζων</strong></span> <span class='ocrx_word' id='word_1_430' title='bbox 1437 977 1506 1011; x_wconf 80' lang='grc' dir='ltr'>μετὰ</span> <span class='ocrx_word' id='word_1_431' title='bbox 1517 977 1567 1012; x_wconf 85' lang='grc' dir='ltr'>τὴν</span> <span class='ocrx_word' id='word_1_432' title='bbox 1582 977 1753 1013; x_wconf 82' lang='grc' dir='ltr'>ὑποστροφὴν</span> <span class='ocrx_word' id='word_1_433' title='bbox 1765 978 1812 1004; x_wconf 76' lang='grc' dir='ltr'><strong>καὶ</strong></span> <span class='ocrx_word' id='word_1_434' title='bbox 1828 986 1892 1013; x_wconf 68' lang='lat' dir='ltr'><strong>axo-</strong></span> 
     </span>
    </p>
   </div>
   <div class='ocr_carea' id='block_1_64' title="bbox 1100 1019 1890 1058">
    <p class='ocr_par' dir='ltr' id='par_1_64' title="bbox 1100 1019 1890 1058">
     <span class='ocr_line' id='line_1_64' title="bbox 1100 1019 1890 1058; baseline 0.003 -10"><span class='ocrx_word' id='word_1_435' title='bbox 1100 1021 1149 1057; x_wconf 85' lang='grc' dir='ltr'>λὴν</span> <span class='ocrx_word' id='word_1_436' title='bbox 1163 1022 1236 1056; x_wconf 79' lang='grc' dir='ltr'>ἄγων</span> <span class='ocrx_word' id='word_1_437' title='bbox 1250 1021 1318 1056; x_wconf 77' lang='grc'>(57),</span> <span class='ocrx_word' id='word_1_438' title='bbox 1338 1019 1382 1048; x_wconf 73' lang='grc' dir='ltr'><strong>οἷα</strong></span> <span class='ocrx_word' id='word_1_439' title='bbox 1397 1022 1569 1058; x_wconf 83' lang='grc' dir='ltr'>πραγμάτων</span> <span class='ocrx_word' id='word_1_440' title='bbox 1582 1023 1800 1058; x_wconf 79' lang='grc' dir='ltr'>ἀπηλλαγμένος,</span> <span class='ocrx_word' id='word_1_441' title='bbox 1815 1031 1890 1058; x_wconf 76' lang='grc' dir='ltr'>τηνι-</span> 
     </span>
    </p>
   </div>
   <div class='ocr_carea' id='block_1_65' title="bbox 1101 1067 1891 1104">
    <p class='ocr_par' dir='ltr' id='par_1_65' title="bbox 1101 1067 1891 1104">
     <span class='ocr_line' id='line_1_65' title="bbox 1101 1067 1891 1104; baseline 0.001 -10"><span class='ocrx_word' id='word_1_442' title='bbox 1101 1067 1190 1095; x_wconf 82' lang='grc' dir='ltr'>καῦτα</span> <span class='ocrx_word' id='word_1_443' title='bbox 1215 1067 1320 1103; x_wconf 73' lang='grc' dir='ltr'>γράψαι</span> <span class='ocrx_word' id='word_1_444' title='bbox 1345 1067 1379 1094; x_wconf 83' lang='grc' dir='ltr'><strong>τὰ</strong></span> <span class='ocrx_word' id='word_1_445' title='bbox 1407 1067 1546 1104; x_wconf 74' lang='grc' dir='ltr'>ἔμμετρα,</span> <span class='ocrx_word' id='word_1_446' title='bbox 1577 1068 1638 1095; x_wconf 77' lang='grc' dir='ltr'>ὅθεν</span> <span class='ocrx_word' id='word_1_447' title='bbox 1665 1077 1710 1104; x_wconf 84' lang='grc' dir='ltr'><strong>μοι</strong></span> <span class='ocrx_word' id='word_1_448' title='bbox 1734 1068 1847 1104; x_wconf 74' lang='grc' dir='ltr'>εὕρηται</span> <span class='ocrx_word' id='word_1_449' title='bbox 1869 1069 1891 1104; x_wconf 71' lang='grc' dir='ltr'><strong>ἠ</strong></span> 
     </span>
    </p>
   </div>
   <div class='ocr_carea' id='block_1_66' title="bbox 1102 1114 1626 1150">
    <p class='ocr_par' dir='ltr' id='par_1_66' title="bbox 1102 1114 1626 1150">
     <span class='ocr_line' id='line_1_66' title="bbox 1102 1114 1626 1150; baseline 0.002 -10"><span class='ocrx_word' id='word_1_450' title='bbox 1102 1114 1215 1150; x_wconf 77' lang='grc' dir='ltr'>πλείστη</span> <span class='ocrx_word' id='word_1_451' title='bbox 1231 1114 1280 1140; x_wconf 70' lang='lat' dir='ltr'><strong>ibim</strong></span> <span class='ocrx_word' id='word_1_452' title='bbox 1295 1114 1375 1150; x_wconf 77' lang='grc' dir='ltr'>τῆσδε</span> <span class='ocrx_word' id='word_1_453' title='bbox 1388 1114 1437 1150; x_wconf 83' lang='grc' dir='ltr'>τῆς</span> <span class='ocrx_word' id='word_1_454' title='bbox 1447 1115 1626 1149; x_wconf 63' lang='grc' dir='ltr'>ὑποθέσεως»</span> 
     </span>
    </p>
   </div>
   <div class='ocr_carea' id='block_1_67' title="bbox 1141 1249 1892 1286">
    <p class='ocr_par' dir='ltr' id='par_1_67' title="bbox 1141 1249 1892 1286">
     <span class='ocr_line' id='line_1_67' title="bbox 1141 1249 1892 1286; baseline -0.001 -9"><span class='ocrx_word' id='word_1_455' title='bbox 1141 1250 1270 1277; x_wconf 82' lang='grc' dir='ltr'>Ἐνταῦθα</span> <span class='ocrx_word' id='word_1_456' title='bbox 1287 1251 1429 1286; x_wconf 78' lang='grc' dir='ltr'>ὴρεμήσας</span> <span class='ocrx_word' id='word_1_457' title='bbox 1448 1251 1554 1286; x_wconf 78' lang='grc' dir='ltr'>χρόνον,</span> <span class='ocrx_word' id='word_1_458' title='bbox 1567 1250 1614 1277; x_wconf 74' lang='grc' dir='ltr'>καὶ</span> <span class='ocrx_word' id='word_1_459' title='bbox 1631 1249 1754 1284; x_wconf 79' lang='grc' dir='ltr'>καθάρας</span> <span class='ocrx_word' id='word_1_460' title='bbox 1771 1250 1816 1276; x_wconf 71' lang='grc' dir='ltr'><strong>τὸν</strong></span> <span class='ocrx_word' id='word_1_461' title='bbox 1830 1249 1892 1284; x_wconf 77' lang='grc' dir='ltr'>βίον</span> 
     </span>
    </p>
   </div>
   <div class='ocr_carea' id='block_1_68' title="bbox 1101 1295 1886 1332">
    <p class='ocr_par' dir='ltr' id='par_1_68' title="bbox 1101 1295 1886 1332">
     <span class='ocr_line' id='line_1_68' title="bbox 1101 1295 1886 1332; baseline 0 -10"><span class='ocrx_word' id='word_1_462' title='bbox 1101 1296 1255 1332; x_wconf 74' lang='grc' dir='ltr'>φιλοσοφίᾳ,</span> <span class='ocrx_word' id='word_1_463' title='bbox 1275 1296 1419 1331; x_wconf 80' lang='grc' dir='ltr'>γενόμενός</span> <span class='ocrx_word' id='word_1_464' title='bbox 1435 1305 1464 1323; x_wconf 87' lang='grc' dir='ltr'><strong>τε</strong></span> <span class='ocrx_word' id='word_1_465' title='bbox 1485 1297 1514 1322; x_wconf 79' lang='grc' dir='ltr'>ὲν</span> <span class='ocrx_word' id='word_1_466' title='bbox 1531 1295 1632 1332; x_wconf 68' lang='grc' dir='ltr'>θεωρίᾳ</span> <span class='ocrx_word' id='word_1_467' title='bbox 1645 1295 1759 1331; x_wconf 76' lang='grc' dir='ltr'>μείζονι,</span> <span class='ocrx_word' id='word_1_468' title='bbox 1776 1296 1886 1331; x_wconf 86' lang='grc' dir='ltr'>μετατί-</span> 
     </span>
    </p>
   </div>
   <div class='ocr_carea' id='block_1_69' title="bbox 1100 1341 1889 1377">
    <p class='ocr_par' dir='ltr' id='par_1_69' title="bbox 1100 1341 1889 1377">
     <span class='ocr_line' id='line_1_69' title="bbox 1100 1341 1889 1377; baseline -0.001 -9"><span class='ocrx_word' id='word_1_469' title='bbox 1100 1343 1176 1369; x_wconf 81' lang='grc' dir='ltr'>θεται</span> <span class='ocrx_word' id='word_1_470' title='bbox 1196 1342 1246 1377; x_wconf 85' lang='grc' dir='ltr'>τὴν</span> <span class='ocrx_word' id='word_1_471' title='bbox 1269 1342 1400 1377; x_wconf 75' lang='grc' dir='ltr'>ἐπίκηρον</span> <span class='ocrx_word' id='word_1_472' title='bbox 1421 1341 1498 1377; x_wconf 82' lang='grc' dir='ltr'>τήνδε</span> <span class='ocrx_word' id='word_1_473' title='bbox 1514 1341 1585 1377; x_wconf 81' lang='grc' dir='ltr'>ζωὴν</span> <span class='ocrx_word' id='word_1_474' title='bbox 1601 1342 1631 1367; x_wconf 80' lang='grc' dir='ltr'>ὲν</span> <span class='ocrx_word' id='word_1_475' title='bbox 1646 1341 1743 1376; x_wconf 78' lang='grc' dir='ltr'><strong>βαθείᾳ.</strong></span> <span class='ocrx_word' id='word_1_476' title='bbox 1757 1342 1789 1376; x_wconf 81' lang='grc' dir='ltr'><strong>τῇ</strong></span> <span class='ocrx_word' id='word_1_477' title='bbox 1808 1341 1889 1377; x_wconf 70' lang='grc' dir='ltr'>πολιᾷ.</span> 
     </span>
    </p>
   </div>
   <div class='ocr_carea' id='block_1_70' title="bbox 1099 1384 1888 1423">
    <p class='ocr_par' dir='ltr' id='par_1_70' title="bbox 1099 1384 1888 1423">
     <span class='ocr_line' id='line_1_70' title="bbox 1099 1384 1888 1423; baseline -0.001 -9"><span class='ocrx_word' id='word_1_478' title='bbox 1099 1388 1168 1423; x_wconf 80' lang='grc' dir='ltr'>πρὸς</span> <span class='ocrx_word' id='word_1_479' title='bbox 1181 1387 1229 1422; x_wconf 80' lang='grc' dir='ltr'>τὴν</span> <span class='ocrx_word' id='word_1_480' title='bbox 1242 1387 1346 1422; x_wconf 79' lang='grc' dir='ltr'>ἀμείνω</span> <span class='ocrx_word' id='word_1_481' title='bbox 1361 1387 1408 1414; x_wconf 74' lang='grc' dir='ltr'><strong>καὶ</strong></span> <span class='ocrx_word' id='word_1_482' title='bbox 1421 1386 1589 1423; x_wconf 81' lang='grc' dir='ltr'>ὑψηλοτέραν</span> <span class='ocrx_word' id='word_1_483' title='bbox 1604 1387 1781 1418; x_wconf 83' lang='grc' dir='ltr'>κατάστασιν,</span> <span class='ocrx_word' id='word_1_484' title='bbox 1799 1384 1832 1423; x_wconf 80' lang='grc' dir='ltr'><strong>ἧς</strong></span> <span class='ocrx_word' id='word_1_485' title='bbox 1845 1387 1888 1413; x_wconf 81' lang='grc' dir='ltr'><strong>ὲν-</strong></span> 
     </span>
    </p>
   </div>
   <div class='ocr_carea' id='block_1_71' title="bbox 1099 1432 1876 1468">
    <p class='ocr_par' dir='ltr' id='par_1_71' title="bbox 1099 1432 1876 1468">
     <span class='ocr_line' id='line_1_71' title="bbox 1099 1432 1876 1468; baseline 0 -9"><span class='ocrx_word' id='word_1_486' title='bbox 1099 1433 1187 1460; x_wconf 83' lang='grc' dir='ltr'><strong>ταῦθα</strong></span> <span class='ocrx_word' id='word_1_487' title='bbox 1208 1433 1285 1468; x_wconf 86' lang='grc' dir='ltr'>μόλις</span> <span class='ocrx_word' id='word_1_488' title='bbox 1307 1433 1362 1467; x_wconf 83' lang='grc'><strong>(58)</strong></span> <span class='ocrx_word' id='word_1_489' title='bbox 1390 1432 1422 1460; x_wconf 83' lang='grc' dir='ltr'>ἂν</span> <span class='ocrx_word' id='word_1_490' title='bbox 1443 1432 1566 1468; x_wconf 71' lang='grc' dir='ltr'>εὑρεθείη</span> <span class='ocrx_word' id='word_1_491' title='bbox 1593 1433 1640 1459; x_wconf 73' lang='grc' dir='ltr'>καὶ</span> <span class='ocrx_word' id='word_1_492' title='bbox 1666 1433 1702 1459; x_wconf 80' lang='grc' dir='ltr'>τὰ</span> <span class='ocrx_word' id='word_1_493' title='bbox 1728 1432 1876 1468; x_wconf 74' lang='grc' dir='ltr'>ἰνδάλματα</span> 
     </span>
    </p>
   </div>
   <div class='ocr_carea' id='block_1_72' title="bbox 1106 1476 1889 1514">
    <p class='ocr_par' dir='ltr' id='par_1_72' title="bbox 1106 1476 1889 1514">
     <span class='ocr_line' id='line_1_72' title="bbox 1106 1476 1889 1514; baseline 0.001 -10"><span class='ocrx_word' id='word_1_494' title='bbox 1106 1478 1183 1513; x_wconf 79' lang='grc' dir='ltr'>Ἐμοὶ</span> <span class='ocrx_word' id='word_1_495' title='bbox 1198 1478 1248 1512; x_wconf 82' lang='grc' dir='ltr'>μὲν</span> <span class='ocrx_word' id='word_1_496' title='bbox 1269 1476 1315 1504; x_wconf 78' lang='grc' dir='ltr'>οὖν</span> <span class='ocrx_word' id='word_1_497' title='bbox 1331 1477 1386 1512; x_wconf 74' lang='grc'><strong>(59)</strong></span> <span class='ocrx_word' id='word_1_498' title='bbox 1403 1478 1452 1513; x_wconf 84' lang='grc' dir='ltr'><strong>τῆς</strong></span> <span class='ocrx_word' id='word_1_499' title='bbox 1468 1479 1508 1510; x_wconf 84' lang='grc' dir='ltr'>είς</span> <span class='ocrx_word' id='word_1_500' title='bbox 1523 1477 1605 1505; x_wconf 75' lang='grc' dir='ltr'>αὑτὸν</span> <span class='ocrx_word' id='word_1_501' title='bbox 1617 1479 1699 1514; x_wconf 83' lang='grc' dir='ltr'>τιμῆς</span> <span class='ocrx_word' id='word_1_502' title='bbox 1717 1479 1757 1509; x_wconf 84' lang='grc' dir='ltr'><strong>είς</strong></span> <span class='ocrx_word' id='word_1_503' title='bbox 1773 1478 1889 1514; x_wconf 80' lang='grc' dir='ltr'>δύναμιν</span> 
     </span>
    </p>
   </div>
   <div class='ocr_carea' id='block_1_73' title="bbox 1099 1522 1886 1559">
    <p class='ocr_par' dir='ltr' id='par_1_73' title="bbox 1099 1522 1886 1559">
     <span class='ocr_line' id='line_1_73' title="bbox 1099 1522 1886 1559; baseline 0 -9"><span class='ocrx_word' id='word_1_504' title='bbox 1099 1522 1258 1557; x_wconf 66' lang='grc' dir='ltr'>ἀφωσίωται</span> <span class='ocrx_word' id='word_1_505' title='bbox 1277 1523 1339 1549; x_wconf 81' lang='grc' dir='ltr'>ὅσον</span> <span class='ocrx_word' id='word_1_506' title='bbox 1361 1523 1406 1549; x_wconf 77' lang='grc' dir='ltr'>τὸν</span> <span class='ocrx_word' id='word_1_507' title='bbox 1422 1523 1503 1550; x_wconf 81' lang='grc' dir='ltr'>πόθον</span> <span class='ocrx_word' id='word_1_508' title='bbox 1517 1522 1716 1559; x_wconf 83' lang='grc' dir='ltr'>ἀποπληρῶσαι</span> <span class='ocrx_word' id='word_1_509' title='bbox 1732 1523 1838 1559; x_wconf 82' lang='grc' dir='ltr'>Πατρός</span> <span class='ocrx_word' id='word_1_510' title='bbox 1857 1533 1886 1550; x_wconf 81' lang='grc' dir='ltr'><strong>τε</strong></span> 
     </span>
    </p>
   </div>
   <div class='ocr_carea' id='block_1_74' title="bbox 1099 1568 1888 1603">
    <p class='ocr_par' dir='ltr' id='par_1_74' title="bbox 1099 1568 1888 1603">
     <span class='ocr_line' id='line_1_74' title="bbox 1099 1568 1888 1603; baseline 0.001 -8"><span class='ocrx_word' id='word_1_511' title='bbox 1099 1568 1201 1603; x_wconf 76' lang='grc' dir='ltr'>ἀγαθοῦ</span> <span class='ocrx_word' id='word_1_512' title='bbox 1220 1569 1266 1596; x_wconf 73' lang='grc' dir='ltr'>καὶ</span> <span class='ocrx_word' id='word_1_513' title='bbox 1281 1569 1334 1595; x_wconf 81' lang='grc' dir='ltr'>τῶν</span> <span class='ocrx_word' id='word_1_514' title='bbox 1349 1568 1383 1595; x_wconf 85' lang='grc' dir='ltr'><strong>τὰ</strong></span> <span class='ocrx_word' id='word_1_515' title='bbox 1401 1569 1504 1595; x_wconf 79' lang='grc' dir='ltr'>ἐκείνου</span> <span class='ocrx_word' id='word_1_516' title='bbox 1519 1568 1682 1601; x_wconf 80' lang='grc' dir='ltr'>ποθούντων,</span> <span class='ocrx_word' id='word_1_517' title='bbox 1695 1569 1742 1595; x_wconf 75' lang='grc' dir='ltr'>καὶ</span> <span class='ocrx_word' id='word_1_518' title='bbox 1759 1569 1838 1601; x_wconf 81' lang='grc' dir='ltr'>ὥστε,</span> <span class='ocrx_word' id='word_1_519' title='bbox 1855 1570 1888 1596; x_wconf 77' lang='grc' dir='ltr'>ὲν</span> 
     </span>
    </p>
   </div>
   <div class='ocr_carea' id='block_1_75' title="bbox 1098 1613 1884 1650">
    <p class='ocr_par' dir='ltr' id='par_1_75' title="bbox 1098 1613 1884 1650">
     <span class='ocr_line' id='line_1_75' title="bbox 1098 1613 1884 1650; baseline 0.001 -10"><span class='ocrx_word' id='word_1_520' title='bbox 1098 1614 1180 1650; x_wconf 87' lang='grc' dir='ltr'>ὀλίγῳ</span> <span class='ocrx_word' id='word_1_521' title='bbox 1201 1613 1414 1650; x_wconf 76' lang='grc' dir='ltr'>συνειληφότας,</span> <span class='ocrx_word' id='word_1_522' title='bbox 1442 1614 1514 1649; x_wconf 79' lang='grc' dir='ltr'>ἔχειν</span> <span class='ocrx_word' id='word_1_523' title='bbox 1537 1614 1666 1650; x_wconf 83' lang='grc' dir='ltr'>βραχεῖάν</span> <span class='ocrx_word' id='word_1_524' title='bbox 1686 1623 1747 1642; x_wconf 81' lang='grc' dir='ltr'>τινα</span> <span class='ocrx_word' id='word_1_525' title='bbox 1761 1615 1808 1641; x_wconf 69' lang='grc' dir='ltr'>τοῦ</span> <span class='ocrx_word' id='word_1_526' title='bbox 1827 1615 1884 1650; x_wconf 67' lang='grc' dir='ltr'>βίον</span> 
     </span>
    </p>
   </div>
   <div class='ocr_carea' id='block_1_76' title="bbox 1097 1659 1888 1696">
    <p class='ocr_par' dir='ltr' id='par_1_76' title="bbox 1097 1659 1888 1696">
     <span class='ocr_line' id='line_1_76' title="bbox 1097 1659 1888 1696; baseline 0 -10"><span class='ocrx_word' id='word_1_527' title='bbox 1097 1660 1268 1696; x_wconf 78' lang='grc' dir='ltr'>ἀναγραφήν.</span> <span class='ocrx_word' id='word_1_528' title='bbox 1284 1659 1321 1686; x_wconf 83' lang='grc' dir='ltr'><strong>Τὸ</strong></span> <span class='ocrx_word' id='word_1_529' title='bbox 1350 1660 1401 1695; x_wconf 80' lang='grc' dir='ltr'><strong>γὰρ</strong></span> <span class='ocrx_word' id='word_1_530' title='bbox 1426 1660 1532 1686; x_wconf 74' lang='grc' dir='ltr'>ἅπαντα</span> <span class='ocrx_word' id='word_1_531' title='bbox 1557 1660 1751 1695; x_wconf 79' lang='grc' dir='ltr'>ἐκδιηγεῖσθαι,</span> <span class='ocrx_word' id='word_1_532' title='bbox 1775 1660 1791 1695; x_wconf 86' lang='grc' dir='ltr'>ἢ</span> <span class='ocrx_word' id='word_1_533' title='bbox 1817 1661 1888 1696; x_wconf 67' lang='grc' dir='ltr'><strong>πρὸς</strong></span> 
     </span>
    </p>
   </div>
   <div class='ocr_carea' id='block_1_77' title="bbox 1097 1704 1885 1742">
    <p class='ocr_par' dir='ltr' id='par_1_77' title="bbox 1097 1704 1885 1742">
     <span class='ocr_line' id='line_1_77' title="bbox 1097 1704 1885 1742; baseline 0 -10"><span class='ocrx_word' id='word_1_534' title='bbox 1097 1706 1184 1738; x_wconf 76' lang='grc' dir='ltr'>ἀξίαν,</span> <span class='ocrx_word' id='word_1_535' title='bbox 1201 1706 1252 1733; x_wconf 74' lang='grc' dir='ltr'>οὐκ</span> <span class='ocrx_word' id='word_1_536' title='bbox 1265 1704 1325 1733; x_wconf 81' lang='grc' dir='ltr'>οἶδα</span> <span class='ocrx_word' id='word_1_537' title='bbox 1337 1706 1365 1733; x_wconf 71' lang='grc' dir='ltr'>εἰ</span> <span class='ocrx_word' id='word_1_538' title='bbox 1376 1715 1419 1738; x_wconf 85' lang='grc' dir='ltr'>τις</span> <span class='ocrx_word' id='word_1_539' title='bbox 1437 1707 1485 1732; x_wconf 77' lang='grc' dir='ltr'><strong>καὶ</strong></span> <span class='ocrx_word' id='word_1_540' title='bbox 1502 1705 1557 1733; x_wconf 86' lang='grc' dir='ltr'>τῶν</span> <span class='ocrx_word' id='word_1_541' title='bbox 1577 1707 1646 1740; x_wconf 77' lang='grc' dir='ltr'>ἄταν</span> <span class='ocrx_word' id='word_1_542' title='bbox 1656 1707 1702 1733; x_wconf 76' lang='grc' dir='ltr'>ἐπὶ</span> <span class='ocrx_word' id='word_1_543' title='bbox 1719 1707 1800 1742; x_wconf 70' lang='grc' dir='ltr'>σοφίᾳ.</span> <span class='ocrx_word' id='word_1_544' title='bbox 1819 1707 1885 1733; x_wconf 77' lang='grc' dir='ltr'>θαυ-</span> 
     </span>
    </p>
   </div>
   <div class='ocr_carea' id='block_1_78' title="bbox 1098 1748 1885 1786">
    <p class='ocr_par' dir='ltr' id='par_1_78' title="bbox 1098 1748 1885 1786">
     <span class='ocr_line' id='line_1_78' title="bbox 1098 1748 1885 1786; baseline 0.003 -10"><span class='ocrx_word' id='word_1_545' title='bbox 1098 1750 1258 1786; x_wconf 81' lang='grc' dir='ltr'>μαζομένων</span> <span class='ocrx_word' id='word_1_546' title='bbox 1279 1751 1389 1785; x_wconf 83' lang='grc' dir='ltr'>ποιῆσαι</span> <span class='ocrx_word' id='word_1_547' title='bbox 1407 1751 1558 1786; x_wconf 83' lang='grc' dir='ltr'>ίσχύσειεν·</span> <span class='ocrx_word' id='word_1_548' title='bbox 1578 1751 1609 1778; x_wconf 80' lang='grc' dir='ltr'>σὺ</span> <span class='ocrx_word' id='word_1_549' title='bbox 1631 1751 1661 1777; x_wconf 82' lang='grc' dir='ltr'>δέ</span> <span class='ocrx_word' id='word_1_550' title='bbox 1678 1759 1733 1786; x_wconf 86' lang='grc' dir='ltr'>μοι,</span> <span class='ocrx_word' id='word_1_551' title='bbox 1751 1748 1774 1778; x_wconf 84' lang='grc' dir='ltr'>ὧ</span> <span class='ocrx_word' id='word_1_552' title='bbox 1798 1752 1885 1786; x_wconf 78' lang='grc' dir='ltr'>μακά-</span> 
     </span>
    </p>
   </div>
   <div class='ocr_carea' id='block_1_79' title="bbox 1098 1796 1887 1832">
    <p class='ocr_par' dir='ltr' id='par_1_79' title="bbox 1098 1796 1887 1832">
     <span class='ocr_line' id='line_1_79' title="bbox 1098 1796 1887 1832; baseline -0.001 -9"><span class='ocrx_word' id='word_1_553' title='bbox 1098 1805 1140 1832; x_wconf 87' lang='grc' dir='ltr'><strong>ριε</strong></span> <span class='ocrx_word' id='word_1_554' title='bbox 1156 1796 1258 1832; x_wconf 77' lang='grc' dir='ltr'>Πάτερ,</span> <span class='ocrx_word' id='word_1_555' title='bbox 1274 1797 1322 1823; x_wconf 78' lang='grc' dir='ltr'>καὶ</span> <span class='ocrx_word' id='word_1_556' title='bbox 1341 1796 1395 1831; x_wconf 78' lang='grc' dir='ltr'><strong>τῆς</strong></span> <span class='ocrx_word' id='word_1_557' title='bbox 1408 1796 1525 1831; x_wconf 78' lang='grc' dir='ltr'>σκηνῆς</span> <span class='ocrx_word' id='word_1_558' title='bbox 1541 1796 1596 1831; x_wconf 78' lang='grc' dir='ltr'><strong>τῆς</strong></span> <span class='ocrx_word' id='word_1_559' title='bbox 1611 1796 1759 1831; x_wconf 78' lang='grc' dir='ltr'>ἀληθινῆς</span> <span class='ocrx_word' id='word_1_560' title='bbox 1781 1797 1887 1824; x_wconf 66' lang='grc' dir='ltr'>ἐπόπται</span> 
     </span>
    </p>
   </div>
   <div class='ocr_carea' id='block_1_80' title="bbox 1097 1841 1880 1877">
    <p class='ocr_par' dir='ltr' id='par_1_80' title="bbox 1097 1841 1880 1877">
     <span class='ocr_line' id='line_1_80' title="bbox 1097 1841 1880 1877; baseline 0 -9"><span class='ocrx_word' id='word_1_561' title='bbox 1097 1841 1145 1869; x_wconf 78' lang='grc' dir='ltr'>καὶ</span> <span class='ocrx_word' id='word_1_562' title='bbox 1158 1842 1256 1877; x_wconf 84' lang='grc' dir='ltr'>μύστα,</span> <span class='ocrx_word' id='word_1_563' title='bbox 1272 1842 1335 1869; x_wconf 74' lang='grc' dir='ltr'>ἔνθα</span> <span class='ocrx_word' id='word_1_564' title='bbox 1348 1841 1432 1877; x_wconf 72' lang='grc' dir='ltr'>φωνὴ</span> <span class='ocrx_word' id='word_1_565' title='bbox 1445 1842 1652 1877; x_wconf 58' lang='grc' dir='ltr'>ἀγαλλιάσεως</span> <span class='ocrx_word' id='word_1_566' title='bbox 1664 1843 1713 1869; x_wconf 80' lang='grc' dir='ltr'>καὶ</span> <span class='ocrx_word' id='word_1_567' title='bbox 1726 1842 1880 1876; x_wconf 78' lang='grc' dir='ltr'>σωτηρίας,</span> 
     </span>
    </p>
   </div>
   <div class='ocr_carea' id='block_1_81' title="bbox 1097 1888 1889 1924">
    <p class='ocr_par' dir='ltr' id='par_1_81' title="bbox 1097 1888 1889 1924">
     <span class='ocr_line' id='line_1_81' title="bbox 1097 1888 1889 1924; baseline 0 -10"><span class='ocrx_word' id='word_1_568' title='bbox 1097 1888 1252 1923; x_wconf 76' lang='grc' dir='ltr'>ὑμνούντων</span> <span class='ocrx_word' id='word_1_569' title='bbox 1267 1888 1332 1915; x_wconf 78' lang='grc' dir='ltr'>Θεὸν</span> <span class='ocrx_word' id='word_1_570' title='bbox 1345 1888 1468 1923; x_wconf 79' lang='grc' dir='ltr'>ἀγγέλων</span> <span class='ocrx_word' id='word_1_571' title='bbox 1480 1897 1509 1914; x_wconf 87' lang='grc' dir='ltr'><strong>τε</strong></span> <span class='ocrx_word' id='word_1_572' title='bbox 1524 1888 1572 1915; x_wconf 77' lang='grc' dir='ltr'>καὶ</span> <span class='ocrx_word' id='word_1_573' title='bbox 1583 1889 1667 1923; x_wconf 80' lang='grc' dir='ltr'>ἁγίων</span> <span class='ocrx_word' id='word_1_574' title='bbox 1679 1889 1744 1924; x_wconf 64' lang='grc'><strong>(40),</strong></span> <span class='ocrx_word' id='word_1_575' title='bbox 1763 1889 1889 1924; x_wconf 74' lang='grc' dir='ltr'>μέμνησο</span> 
     </span>
    </p>
   </div>
   <div class='ocr_carea' id='block_1_82' title="bbox 1097 1932 1885 1969">
    <p class='ocr_par' dir='ltr' id='par_1_82' title="bbox 1097 1932 1885 1969">
     <span class='ocr_line' id='line_1_82' title="bbox 1097 1932 1885 1969; baseline 0.001 -11"><span class='ocrx_word' id='word_1_576' title='bbox 1097 1932 1246 1968; x_wconf 85' lang='grc' dir='ltr'>Γρηγορίου</span> <span class='ocrx_word' id='word_1_577' title='bbox 1262 1933 1308 1960; x_wconf 82' lang='grc' dir='ltr'>τοῦ</span> <span class='ocrx_word' id='word_1_578' title='bbox 1328 1933 1393 1966; x_wconf 84' lang='grc' dir='ltr'>σοῦ,</span> <span class='ocrx_word' id='word_1_579' title='bbox 1418 1933 1523 1969; x_wconf 79' lang='grc' dir='ltr'>βραχέα</span> <span class='ocrx_word' id='word_1_580' title='bbox 1540 1942 1580 1960; x_wconf 83' lang='grc' dir='ltr'><strong>σοι</strong></span> <span class='ocrx_word' id='word_1_581' title='bbox 1602 1934 1666 1961; x_wconf 79' lang='grc' dir='ltr'>τάδε</span> <span class='ocrx_word' id='word_1_582' title='bbox 1688 1933 1885 1968; x_wconf 66' lang='grc' dir='ltr'>φιλοσοφήσαν-</span> 
     </span>
    </p>
   </div>
   <div class='ocr_carea' id='block_1_83' title="bbox 1096 1978 1886 2015">
    <p class='ocr_par' dir='ltr' id='par_1_83' title="bbox 1096 1978 1886 2015">
     <span class='ocr_line' id='line_1_83' title="bbox 1096 1978 1886 2015; baseline 0.001 -10"><span class='ocrx_word' id='word_1_583' title='bbox 1096 1987 1151 2010; x_wconf 77' lang='grc' dir='ltr'>τος.</span> <span class='ocrx_word' id='word_1_584' title='bbox 1170 1979 1202 2005; x_wconf 86' lang='grc' dir='ltr'>Εί</span> <span class='ocrx_word' id='word_1_585' title='bbox 1218 1979 1272 2014; x_wconf 69' lang='grc' dir='ltr'><strong>γὰρ</strong></span> <span class='ocrx_word' id='word_1_586' title='bbox 1287 1979 1335 2006; x_wconf 71' lang='grc' dir='ltr'><strong>καὶ</strong></span> <span class='ocrx_word' id='word_1_587' title='bbox 1349 1979 1400 2014; x_wconf 86' lang='grc' dir='ltr'>τῆς</span> <span class='ocrx_word' id='word_1_588' title='bbox 1413 1979 1554 2015; x_wconf 80' lang='grc' dir='ltr'>δυνάμεως</span> <span class='ocrx_word' id='word_1_589' title='bbox 1568 1979 1664 2006; x_wconf 77' lang='grc' dir='ltr'>ἐνδέων</span> <span class='ocrx_word' id='word_1_590' title='bbox 1676 1979 1731 2015; x_wconf 66' lang='grc'><strong>(41)</strong></span> <span class='ocrx_word' id='word_1_591' title='bbox 1744 1979 1794 2014; x_wconf 77' lang='grc' dir='ltr'><strong>τῆς</strong></span> <span class='ocrx_word' id='word_1_592' title='bbox 1809 1978 1886 2010; x_wconf 76' lang='grc' dir='ltr'>ἀξίας</span> 
     </span>
    </p>
   </div>
   <div class='ocr_carea' id='block_1_84' title="bbox 1098 2024 1883 2060">
    <p class='ocr_par' dir='ltr' id='par_1_84' title="bbox 1098 2024 1883 2060">
     <span class='ocr_line' id='line_1_84' title="bbox 1098 2024 1883 2060; baseline 0 -10"><span class='ocrx_word' id='word_1_593' title='bbox 1098 2024 1333 2059; x_wconf 81' lang='grc' dir='ltr'>ἀπολιμπάνομαι,</span> <span class='ocrx_word' id='word_1_594' title='bbox 1347 2025 1393 2051; x_wconf 71' lang='grc' dir='ltr'><strong>καὶ</strong></span> <span class='ocrx_word' id='word_1_595' title='bbox 1404 2024 1459 2058; x_wconf 64' lang='grc'><strong>(49)</strong></span> <span class='ocrx_word' id='word_1_596' title='bbox 1477 2025 1562 2051; x_wconf 77' lang='grc' dir='ltr'>ταῦτα</span> <span class='ocrx_word' id='word_1_597' title='bbox 1580 2025 1644 2060; x_wconf 77' lang='grc' dir='ltr'>περὶ</span> <span class='ocrx_word' id='word_1_598' title='bbox 1659 2025 1706 2051; x_wconf 85' lang='grc' dir='ltr'>σοῦ</span> <span class='ocrx_word' id='word_1_599' title='bbox 1719 2025 1775 2060; x_wconf 69' lang='grc'><strong>(43)</strong></span> <span class='ocrx_word' id='word_1_600' title='bbox 1786 2024 1883 2058; x_wconf 67' lang='grc' dir='ltr'>λέγων.</span> 
     </span>
    </p>
   </div>
   <div class='ocr_carea' id='block_1_85' title="bbox 1098 2069 1882 2108">
    <p class='ocr_par' dir='ltr' id='par_1_85' title="bbox 1098 2069 1882 2108">
     <span class='ocr_line' id='line_1_85' title="bbox 1098 2069 1882 2108; baseline 0.001 -12"><span class='ocrx_word' id='word_1_601' title='bbox 1098 2069 1156 2096; x_wconf 72' lang='grc' dir='ltr'>ἀλλ’</span> <span class='ocrx_word' id='word_1_602' title='bbox 1168 2070 1198 2097; x_wconf 85' lang='grc' dir='ltr'>οὺ</span> <span class='ocrx_word' id='word_1_603' title='bbox 1216 2071 1312 2107; x_wconf 69' lang='grc' dir='ltr'>μέμψῃ</span> <span class='ocrx_word' id='word_1_604' title='bbox 1331 2071 1365 2106; x_wconf 78' lang='grc' dir='ltr'>τῇ</span> <span class='ocrx_word' id='word_1_605' title='bbox 1382 2070 1531 2108; x_wconf 76' lang='grc' dir='ltr'>προθυμίᾳ.</span> <span class='ocrx_word' id='word_1_606' title='bbox 1548 2071 1586 2105; x_wconf 79' lang='grc' dir='ltr'>Σὴ</span> <span class='ocrx_word' id='word_1_607' title='bbox 1602 2071 1656 2107; x_wconf 78' lang='grc' dir='ltr'>γάρ</span> <span class='ocrx_word' id='word_1_608' title='bbox 1670 2072 1744 2098; x_wconf 82' lang='grc' dir='ltr'>ἐστιν</span> <span class='ocrx_word' id='word_1_609' title='bbox 1760 2071 1850 2106; x_wconf 82' lang='grc' dir='ltr'>ἐκείνη</span> <span class='ocrx_word' id='word_1_610' title='bbox 1865 2077 1882 2106; x_wconf 86' lang='grc' dir='ltr'><strong>η</strong></span> 
     </span>
    </p>
   </div>
   <div class='ocr_carea' id='block_1_86' title="bbox 1099 2114 1885 2152">
    <p class='ocr_par' dir='ltr' id='par_1_86' title="bbox 1099 2114 1885 2152">
     <span class='ocr_line' id='line_1_86' title="bbox 1099 2114 1885 2152; baseline 0.004 -12"><span class='ocrx_word' id='word_1_611' title='bbox 1099 2114 1159 2150; x_wconf 79' lang='grc' dir='ltr'>ιερὰ</span> <span class='ocrx_word' id='word_1_612' title='bbox 1180 2115 1272 2151; x_wconf 86' lang='grc' dir='ltr'>φωνὴ,</span> <span class='ocrx_word' id='word_1_613' title='bbox 1291 2117 1338 2143; x_wconf 73' lang='grc' dir='ltr'><strong>καὶ</strong></span> <span class='ocrx_word' id='word_1_614' title='bbox 1359 2117 1418 2152; x_wconf 83' lang='grc' dir='ltr'><strong>Θεῷ</strong></span> <span class='ocrx_word' id='word_1_615' title='bbox 1440 2117 1556 2151; x_wconf 78' lang='grc' dir='ltr'>λέγουσα</span> <span class='ocrx_word' id='word_1_616' title='bbox 1573 2117 1648 2152; x_wconf 80' lang='grc' dir='ltr'>φίλον</span> <span class='ocrx_word' id='word_1_617' title='bbox 1670 2114 1740 2144; x_wconf 79' lang='grc' dir='ltr'>εἶναι</span> <span class='ocrx_word' id='word_1_618' title='bbox 1759 2116 1791 2143; x_wconf 83' lang='grc' dir='ltr'>τὸ</span> <span class='ocrx_word' id='word_1_619' title='bbox 1813 2116 1885 2143; x_wconf 73' lang='grc' dir='ltr'>κατὰ</span> 
     </span>
    </p>
   </div>
   <div class='ocr_carea' id='block_1_87' title="bbox 1096 2159 1290 2197">
    <p class='ocr_par' dir='ltr' id='par_1_87' title="bbox 1096 2159 1290 2197">
     <span class='ocr_line' id='line_1_87' title="bbox 1096 2159 1290 2197; baseline 0.015 -11"><span class='ocrx_word' id='word_1_620' title='bbox 1096 2159 1211 2196; x_wconf 86' lang='grc' dir='ltr'>δύναμιν</span> <span class='ocrx_word' id='word_1_621' title='bbox 1224 2161 1290 2197; x_wconf 70' lang='grc' dir='ltr'><strong>(Η).</strong></span> 
     </span>
    </p>
   </div>
   <div class='ocr_carea' id='block_1_88' title="bbox 259 2208 1884 2249">
    <p class='ocr_par' dir='ltr' id='par_1_88' title="bbox 259 2208 1884 2249">
     <span class='ocr_line' id='line_1_88' title="bbox 259 2208 1884 2249; baseline 0.001 -14"><span class='ocrx_word' id='word_1_622' title='bbox 259 2208 435 2249; x_wconf 79' lang='lat' dir='ltr'><strong>becillitatern</strong></span> <span class='ocrx_word' id='word_1_623' title='bbox 453 2209 599 2236; x_wconf 86' lang='lat' dir='ltr'><strong>virtutibus</strong></span> <span class='ocrx_word' id='word_1_624' title='bbox 624 2209 677 2236; x_wconf 83' lang='lat' dir='ltr'><strong>tuis</strong></span> <span class='ocrx_word' id='word_1_625' title='bbox 699 2215 792 2243; x_wconf 85' lang='lat' dir='ltr'><strong>parem</strong></span> <span class='ocrx_word' id='word_1_626' title='bbox 819 2208 971 2235; x_wconf 80' lang='lat' dir='ltr'><strong>orationem</strong></span> <span class='ocrx_word' id='word_1_627' title='bbox 991 2215 1043 2234; x_wconf 92' lang='lat' dir='ltr'><strong>non</strong></span> <span class='ocrx_word' id='word_1_628' title='bbox 1065 2208 1215 2242; x_wconf 82' lang='lat' dir='ltr'><strong>attulerint,</strong></span> <span class='ocrx_word' id='word_1_629' title='bbox 1231 2210 1313 2245; x_wconf 88' lang='lat' dir='ltr'><strong>idque</strong></span> <span class='ocrx_word' id='word_1_630' title='bbox 1346 2211 1379 2239; x_wconf 89' lang='lat' dir='ltr'><strong>de</strong></span> <span class='ocrx_word' id='word_1_631' title='bbox 1397 2216 1423 2238; x_wconf 84' lang='lat' dir='ltr'><strong>te</strong></span> <span class='ocrx_word' id='word_1_632' title='bbox 1441 2211 1521 2239; x_wconf 76' lang='lat' dir='ltr'><strong>verba</strong></span> <span class='ocrx_word' id='word_1_633' title='bbox 1545 2212 1665 2244; x_wconf 78' lang='lat' dir='ltr'><strong>faciens;</strong></span> <span class='ocrx_word' id='word_1_634' title='bbox 1696 2210 1884 2247; x_wconf 89' lang='lat' dir='ltr'><strong>promptitudi-</strong></span> 
     </span>
    </p>
   </div>
   <div class='ocr_carea' id='block_1_89' title="bbox 260 2251 1884 2290">
    <p class='ocr_par' dir='ltr' id='par_1_89' title="bbox 260 2251 1884 2290">
     <span class='ocr_line' id='line_1_89' title="bbox 260 2251 1884 2290; baseline 0.002 -11"><span class='ocrx_word' id='word_1_635' title='bbox 260 2260 320 2280; x_wconf 88' lang='lat' dir='ltr'><strong>nem</strong></span> <span class='ocrx_word' id='word_1_636' title='bbox 350 2259 439 2282; x_wconf 91' lang='lat' dir='ltr'><strong>tamen</strong></span> <span class='ocrx_word' id='word_1_637' title='bbox 470 2255 552 2281; x_wconf 88' lang='lat' dir='ltr'><strong>animi</strong></span> <span class='ocrx_word' id='word_1_638' title='bbox 582 2254 791 2288; x_wconf 86' lang='lat' dir='ltr'><strong>haudquaquam</strong></span> <span class='ocrx_word' id='word_1_639' title='bbox 816 2251 970 2280; x_wconf 86' lang='lat' dir='ltr'><strong>accusabis.</strong></span> <span class='ocrx_word' id='word_1_640' title='bbox 986 2251 1043 2278; x_wconf 79' lang='lat' dir='ltr'><strong>Tua</strong></span> <span class='ocrx_word' id='word_1_641' title='bbox 1063 2253 1134 2279; x_wconf 91' lang='lat' dir='ltr'><strong>enim</strong></span> <span class='ocrx_word' id='word_1_642' title='bbox 1149 2261 1199 2281; x_wconf 93' lang='lat' dir='ltr'><strong>vox</strong></span> <span class='ocrx_word' id='word_1_643' title='bbox 1216 2254 1260 2282; x_wconf 86' lang='lat' dir='ltr'><strong>illa</strong></span> <span class='ocrx_word' id='word_1_644' title='bbox 1276 2262 1353 2283; x_wconf 84' lang='lat' dir='ltr'><strong>sacra</strong></span> <span class='ocrx_word' id='word_1_645' title='bbox 1373 2262 1425 2288; x_wconf 87' lang='lat' dir='ltr'><strong>est,</strong></span> <span class='ocrx_word' id='word_1_646' title='bbox 1445 2256 1500 2283; x_wconf 84' lang='lat' dir='ltr'><strong>Deo</strong></span> <span class='ocrx_word' id='word_1_647' title='bbox 1517 2256 1542 2282; x_wconf 86' lang='lat' dir='ltr'><strong>id</strong></span> <span class='ocrx_word' id='word_1_648' title='bbox 1567 2262 1673 2290; x_wconf 81' lang='lat' dir='ltr'><strong>gratum</strong></span> <span class='ocrx_word' id='word_1_649' title='bbox 1709 2263 1781 2288; x_wconf 84' lang='lat' dir='ltr'><strong>esse,</strong></span> <span class='ocrx_word' id='word_1_650' title='bbox 1811 2253 1884 2289; x_wconf 82' lang='lat' dir='ltr'><strong>quod</strong></span> 
     </span>
    </p>
   </div>
   <div class='ocr_carea' id='block_1_90' title="bbox 260 2299 530 2334">
    <p class='ocr_par' dir='ltr' id='par_1_90' title="bbox 260 2299 530 2334">
     <span class='ocr_line' id='line_1_90' title="bbox 260 2299 530 2334; baseline 0.011 -10"><span class='ocrx_word' id='word_1_651' title='bbox 260 2299 361 2326; x_wconf 82' lang='lat' dir='ltr'><strong>virihus</strong></span> <span class='ocrx_word' id='word_1_652' title='bbox 377 2300 530 2334; x_wconf 77' lang='lat' dir='ltr'><strong>respondet.</strong></span> 
     </span>
    </p>
   </div>
   <div class='ocr_carea' id='block_1_91' title="bbox 294 2379 835 2415">
    <p class='ocr_par' dir='ltr' id='par_1_91' title="bbox 294 2379 835 2415">
     <span class='ocr_line' id='line_1_91' title="bbox 294 2379 835 2415; baseline 0.002 -7"><span class='ocrx_word' id='word_1_653' title='bbox 294 2381 316 2397; x_wconf 86' lang='grc'><strong>¹⁹</strong></span> <span class='ocrx_word' id='word_1_654' title='bbox 332 2380 416 2410; x_wconf 87' lang='lat' dir='ltr'><strong>llebr.</strong></span> <span class='ocrx_word' id='word_1_655' title='bbox 429 2388 491 2414; x_wconf 83' lang='lat' dir='ltr'><strong>vnt,</strong></span> <span class='ocrx_word' id='word_1_656' title='bbox 507 2381 534 2407; x_wconf 77' lang='grc'><strong>2.</strong></span> <span class='ocrx_word' id='word_1_657' title='bbox 572 2380 595 2398; x_wconf 85' lang='lat'><strong>&#39;°</strong></span> <span class='ocrx_word' id='word_1_658' title='bbox 608 2379 679 2409; x_wconf 87' lang='lat' dir='ltr'><strong>Psal.</strong></span> <span class='ocrx_word' id='word_1_659' title='bbox 697 2381 835 2415; x_wconf 59' lang='lat' dir='ltr'><strong>“an5.</strong></span> 
     </span>
    </p>
   </div>
   <div class='ocr_carea' id='block_1_92' title="bbox 294 2458 1040 2496">
    <p class='ocr_par' dir='ltr' id='par_1_92' title="bbox 294 2458 1040 2496">
     <span class='ocr_line' id='line_1_92' title="bbox 294 2458 1040 2496; baseline -0.003 -9"><span class='ocrx_word' id='word_1_660' title='bbox 294 2459 475 2496; x_wconf 46' lang='grc' dir='ltr'>(ῧδχΜοιηιεο.</span> <span class='ocrx_word' id='word_1_661' title='bbox 489 2466 517 2487; x_wconf 87' lang='lat' dir='ltr'><strong>et</strong></span> <span class='ocrx_word' id='word_1_662' title='bbox 530 2459 574 2496; x_wconf 81' lang='lat' dir='ltr'><strong>alii</strong></span> <span class='ocrx_word' id='word_1_663' title='bbox 586 2460 650 2488; x_wconf 86' lang='lat' dir='ltr'><strong>edit.</strong></span> <span class='ocrx_word' id='word_1_664' title='bbox 663 2459 816 2496; x_wconf 67' lang='lat' dir='ltr'><strong>sicvolunt,</strong></span> <span class='ocrx_word' id='word_1_665' title='bbox 827 2465 876 2486; x_wconf 93' lang='lat' dir='ltr'><strong>nec</strong></span> <span class='ocrx_word' id='word_1_666' title='bbox 888 2465 940 2486; x_wconf 92' lang='lat' dir='ltr'><strong>non</strong></span> <span class='ocrx_word' id='word_1_667' title='bbox 962 2458 1040 2486; x_wconf 87' lang='lat' dir='ltr'><strong>codd.</strong></span> 
     </span>
    </p>
   </div>
   <div class='ocr_carea' id='block_1_93' title="bbox 257 2494 775 2525">
    <p class='ocr_par' dir='ltr' id='par_1_93' title="bbox 257 2494 775 2525">
     <span class='ocr_line' id='line_1_93' title="bbox 257 2494 775 2525; baseline -0.004 -3"><span class='ocrx_word' id='word_1_668' title='bbox 257 2496 288 2525; x_wconf 86' lang='lat' dir='ltr'><strong>P.</strong></span> <span class='ocrx_word' id='word_1_669' title='bbox 299 2494 332 2521; x_wconf 16' lang='lat' dir='ltr'><strong>vet</strong></span> <span class='ocrx_word' id='word_1_670' title='bbox 344 2495 420 2522; x_wconf 89' lang='lat' dir='ltr'><strong>Colh.</strong></span> <span class='ocrx_word' id='word_1_671' title='bbox 436 2495 464 2522; x_wconf 74' lang='grc'><strong>2.</strong></span> <span class='ocrx_word' id='word_1_672' title='bbox 481 2495 581 2523; x_wconf 72' lang='lat' dir='ltr'><strong>laedit.</strong></span> <span class='ocrx_word' id='word_1_673' title='bbox 602 2494 775 2522; x_wconf 82' lang='grc' dir='ltr'>καταλέλιπε.</span> 
     </span>
    </p>
   </div>
   <div class='ocr_carea' id='block_1_94' title="bbox 293 2529 668 2565">
    <p class='ocr_par' dir='ltr' id='par_1_94' title="bbox 293 2529 668 2565">
     <span class='ocr_line' id='line_1_94' title="bbox 293 2529 668 2565; baseline -0.005 -8"><span class='ocrx_word' id='word_1_674' title='bbox 293 2530 348 2563; x_wconf 62' lang='lat' dir='ltr'><strong>(3i)</strong></span> <span class='ocrx_word' id='word_1_675' title='bbox 366 2530 431 2557; x_wconf 79' lang='lat' dir='ltr'><strong>Cod.</strong></span> <span class='ocrx_word' id='word_1_676' title='bbox 483 2529 592 2565; x_wconf 77' lang='grc' dir='ltr'>πρῶτον</span> <span class='ocrx_word' id='word_1_677' title='bbox 607 2530 668 2565; x_wconf 78' lang='grc' dir='ltr'>μέν.</span> 
     </span>
    </p>
   </div>
   <div class='ocr_carea' id='block_1_95' title="bbox 291 2564 658 2599">
    <p class='ocr_par' dir='ltr' id='par_1_95' title="bbox 291 2564 658 2599">
     <span class='ocr_line' id='line_1_95' title="bbox 291 2564 658 2599; baseline 0 -8"><span class='ocrx_word' id='word_1_678' title='bbox 291 2565 346 2599; x_wconf 71' lang='lat'><strong>(35)</strong></span> <span class='ocrx_word' id='word_1_679' title='bbox 361 2564 428 2592; x_wconf 81' lang='lat' dir='ltr'><strong>Cod.</strong></span> <span class='ocrx_word' id='word_1_680' title='bbox 441 2564 471 2591; x_wconf 84' lang='lat' dir='ltr'><strong>P.</strong></span> <span class='ocrx_word' id='word_1_681' title='bbox 483 2564 608 2599; x_wconf 82' lang='grc' dir='ltr'>δεύτερον</span> <span class='ocrx_word' id='word_1_682' title='bbox 619 2564 658 2591; x_wconf 79' lang='grc' dir='ltr'><strong>δέ.</strong></span> 
     </span>
    </p>
   </div>
   <div class='ocr_carea' id='block_1_96' title="bbox 292 2598 1041 2634">
    <p class='ocr_par' dir='ltr' id='par_1_96' title="bbox 292 2598 1041 2634">
     <span class='ocr_line' id='line_1_96' title="bbox 292 2598 1041 2634; baseline -0.001 -7"><span class='ocrx_word' id='word_1_683' title='bbox 292 2601 348 2634; x_wconf 73' lang='lat'><strong>(56)</strong></span> <span class='ocrx_word' id='word_1_684' title='bbox 361 2599 477 2627; x_wconf 76' lang='lat' dir='ltr'><strong>Montac.</strong></span> <span class='ocrx_word' id='word_1_685' title='bbox 493 2606 520 2627; x_wconf 86' lang='lat' dir='ltr'><strong>et</strong></span> <span class='ocrx_word' id='word_1_686' title='bbox 533 2598 578 2626; x_wconf 81' lang='lat' dir='ltr'><strong>alii</strong></span> <span class='ocrx_word' id='word_1_687' title='bbox 590 2600 655 2626; x_wconf 88' lang='lat' dir='ltr'><strong>edit.</strong></span> <span class='ocrx_word' id='word_1_688' title='bbox 671 2606 703 2626; x_wconf 86' lang='lat' dir='ltr'><strong>ac</strong></span> <span class='ocrx_word' id='word_1_689' title='bbox 729 2599 808 2627; x_wconf 89' lang='lat' dir='ltr'><strong>codd.</strong></span> <span class='ocrx_word' id='word_1_690' title='bbox 823 2598 898 2626; x_wconf 87' lang='lat' dir='ltr'><strong>Colh.</strong></span> <span class='ocrx_word' id='word_1_691' title='bbox 913 2599 940 2632; x_wconf 75' lang='lat'><strong>2,</strong></span> <span class='ocrx_word' id='word_1_692' title='bbox 959 2604 986 2627; x_wconf 90' lang='lat' dir='ltr'><strong>et</strong></span> <span class='ocrx_word' id='word_1_693' title='bbox 1010 2599 1041 2626; x_wconf 83' lang='lat' dir='ltr'><strong>P.</strong></span> 
     </span>
    </p>
   </div>
   <div class='ocr_carea' id='block_1_97' title="bbox 256 2635 410 2672">
    <p class='ocr_par' dir='ltr' id='par_1_97' title="bbox 256 2635 410 2672">
     <span class='ocr_line' id='line_1_97' title="bbox 256 2635 410 2672; baseline 0.013 -2"><span class='ocrx_word' id='word_1_694' title='bbox 256 2635 410 2672; x_wconf 50' lang='lat' dir='ltr'><strong>wom-</strong></span> 
     </span>
    </p>
   </div>
   <div class='ocr_carea' id='block_1_98' title="bbox 293 2667 1199 2730">
    <p class='ocr_par' dir='ltr' id='par_1_98' title="bbox 293 2667 1199 2730">
     <span class='ocr_line' id='line_1_98' title="bbox 293 2667 1199 2730; baseline -0.002 -34"><span class='ocrx_word' id='word_1_695' title='bbox 293 2667 347 2730; x_wconf 38' lang='grc' dir='ltr'>γει)</span> <span class='ocrx_word' id='word_1_696' title='bbox 368 2671 405 2696; x_wconf 86' lang='lat' dir='ltr'><strong>Ita</strong></span> <span class='ocrx_word' id='word_1_697' title='bbox 426 2668 543 2696; x_wconf 80' lang='lat' dir='ltr'><strong>Montac.</strong></span> <span class='ocrx_word' id='word_1_698' title='bbox 561 2674 589 2696; x_wconf 86' lang='lat' dir='ltr'><strong>et</strong></span> <span class='ocrx_word' id='word_1_699' title='bbox 605 2668 649 2696; x_wconf 80' lang='lat' dir='ltr'><strong>alii</strong></span> <span class='ocrx_word' id='word_1_700' title='bbox 665 2668 742 2710; x_wconf 80' lang='lat' dir='ltr'><strong>edit.,</strong></span> <span class='ocrx_word' id='word_1_701' title='bbox 763 2675 813 2695; x_wconf 86' lang='lat' dir='ltr'><strong>nec</strong></span> <span class='ocrx_word' id='word_1_702' title='bbox 831 2676 882 2696; x_wconf 90' lang='lat' dir='ltr'><strong>non</strong></span> <span class='ocrx_word' id='word_1_703' title='bbox 895 2669 975 2697; x_wconf 79' lang='lat' dir='ltr'><strong>codd.</strong></span> <span class='ocrx_word' id='word_1_704' title='bbox 996 2669 1042 2702; x_wconf 81' lang='lat' dir='ltr'><strong>P.,</strong></span> <span class='ocrx_word' id='word_1_705' title='bbox 1092 2667 1199 2730; x_wconf 49' lang='lat' dir='ltr'><strong>pergin.</strong></span> 
     </span>
     <span class='ocr_line' id='line_1_99' title="bbox 293 2703 1199 2730; baseline 0 0"><span class='ocrx_word' id='word_1_706' title='bbox 293 2706 332 2730; x_wconf 40' lang='lat' dir='ltr'><strong>ib.</strong></span> <span class='ocrx_word' id='word_1_707' title='bbox 348 2705 373 2730; x_wconf 83' lang='grc'><strong>1.</strong></span> <span class='ocrx_word' id='word_1_708' title='bbox 389 2705 416 2730; x_wconf 77' lang='grc'><strong>2.</strong></span> <span class='ocrx_word' id='word_1_709' title='bbox 427 2712 458 2730; x_wconf 85' lang='lat' dir='ltr'><strong>ac</strong></span> <span class='ocrx_word' id='word_1_710' title='bbox 471 2703 593 2730; x_wconf 81' lang='lat' dir='ltr'><strong>Combef.</strong></span> <span class='ocrx_word' id='word_1_711' title='bbox 604 2704 630 2730; x_wconf 91' lang='lat' dir='ltr'><strong>In</strong></span> <span class='ocrx_word' id='word_1_712' title='bbox 647 2705 711 2730; x_wconf 80' lang='lat' dir='ltr'><strong>edit.</strong></span> <span class='ocrx_word' id='word_1_713' title='bbox 729 2703 803 2730; x_wconf 77' lang='grc' dir='ltr'>άγων</span> <span class='ocrx_word' id='word_1_714' title='bbox 815 2704 899 2730; x_wconf 88' lang='lat' dir='ltr'><strong>deest.</strong></span> <span class='ocrx_word' id='word_1_715' title='bbox 1138 2703 1199 2730; x_wconf 66' lang='lat' dir='ltr'><strong>un</strong></span> 
     </span>
    </p>
   </div>
   <div class='ocr_carea' id='block_1_99' title="bbox 257 2703 899 2738">
    <p class='ocr_par' dir='ltr' id='par_1_99' title="bbox 257 2703 899 2738">
     <span class='ocr_line' id='line_1_100' title="bbox 257 2703 899 2738; baseline 0 -6"><span class='ocrx_word' id='word_1_716' title='bbox 257 2703 373 2736; x_wconf 48' lang='lat' dir='ltr'><strong>Culbﬁi,</strong></span> <span class='ocrx_word' id='word_1_717' title='bbox 389 2705 416 2735; x_wconf 75' lang='lat'><strong>2,</strong></span> <span class='ocrx_word' id='word_1_718' title='bbox 427 2712 458 2732; x_wconf 86' lang='lat' dir='ltr'><strong>ac</strong></span> <span class='ocrx_word' id='word_1_719' title='bbox 471 2703 593 2731; x_wconf 86' lang='lat' dir='ltr'><strong>Combet&#39;.</strong></span> <span class='ocrx_word' id='word_1_720' title='bbox 604 2704 630 2731; x_wconf 92' lang='lat' dir='ltr'><strong>In</strong></span> <span class='ocrx_word' id='word_1_721' title='bbox 647 2705 711 2732; x_wconf 86' lang='lat' dir='ltr'><strong>edit.</strong></span> <span class='ocrx_word' id='word_1_722' title='bbox 729 2703 803 2738; x_wconf 77' lang='grc' dir='ltr'>ἄγων</span> <span class='ocrx_word' id='word_1_723' title='bbox 815 2704 899 2732; x_wconf 83' lang='lat' dir='ltr'><strong>deesL</strong></span> 
     </span>
    </p>
   </div>
   <div class='ocr_carea' id='block_1_100' title="bbox 292 2739 767 2775">
    <p class='ocr_par' dir='ltr' id='par_1_100' title="bbox 292 2739 767 2775">
     <span class='ocr_line' id='line_1_101' title="bbox 292 2739 767 2775; baseline -0.004 -7"><span class='ocrx_word' id='word_1_724' title='bbox 292 2740 347 2775; x_wconf 72' lang='lat'><strong>(58}</strong></span> <span class='ocrx_word' id='word_1_725' title='bbox 362 2740 447 2767; x_wconf 79' lang='lat' dir='ltr'><strong>Codd.</strong></span> <span class='ocrx_word' id='word_1_726' title='bbox 462 2739 539 2767; x_wconf 81' lang='lat' dir='ltr'><strong>Colh.</strong></span> <span class='ocrx_word' id='word_1_727' title='bbox 559 2740 572 2767; x_wconf 76' lang='grc' dir='ltr'><strong>ί</strong></span> <span class='ocrx_word' id='word_1_728' title='bbox 591 2739 646 2767; x_wconf 58' lang='lat' dir='ltr'><strong>eti</strong></span> <span class='ocrx_word' id='word_1_729' title='bbox 678 2739 767 2773; x_wconf 79' lang='grc' dir='ltr'>μόγις.</span> 
     </span>
    </p>
   </div>
   <div class='ocr_carea' id='block_1_101' title="bbox 1132 2454 1879 2493">
    <p class='ocr_par' dir='ltr' id='par_1_101' title="bbox 1132 2454 1879 2493">
     <span class='ocr_line' id='line_1_102' title="bbox 1132 2454 1879 2493; baseline -0.001 -8"><span class='ocrx_word' id='word_1_730' title='bbox 1132 2458 1189 2493; x_wconf 78' lang='lat'><strong>(39)</strong></span> <span class='ocrx_word' id='word_1_731' title='bbox 1200 2457 1277 2493; x_wconf 77' lang='lat' dir='ltr'><strong>Colh.</strong></span> <span class='ocrx_word' id='word_1_732' title='bbox 1292 2457 1304 2483; x_wconf 76' lang='grc'><strong>1</strong></span> <span class='ocrx_word' id='word_1_733' title='bbox 1323 2461 1349 2484; x_wconf 90' lang='lat' dir='ltr'><strong>et</strong></span> <span class='ocrx_word' id='word_1_734' title='bbox 1358 2457 1395 2493; x_wconf 17' lang='lat'><strong>72.</strong></span> <span class='ocrx_word' id='word_1_735' title='bbox 1409 2463 1441 2493; x_wconf 80' lang='lat' dir='ltr'><strong>ac</strong></span> <span class='ocrx_word' id='word_1_736' title='bbox 1455 2454 1577 2483; x_wconf 79' lang='lat' dir='ltr'><strong>Combef.</strong></span> <span class='ocrx_word' id='word_1_737' title='bbox 1595 2455 1695 2483; x_wconf 84' lang='lat' dir='ltr'><strong>habent</strong></span> <span class='ocrx_word' id='word_1_738' title='bbox 1709 2455 1744 2483; x_wconf 78' lang='grc' dir='ltr'>τὰ</span> <span class='ocrx_word' id='word_1_739' title='bbox 1761 2455 1811 2491; x_wconf 78' lang='grc' dir='ltr'><strong>τῆς</strong></span> <span class='ocrx_word' id='word_1_740' title='bbox 1827 2455 1879 2488; x_wconf 79' lang='grc' dir='ltr'><strong>εις.</strong></span> 
     </span>
    </p>
   </div>
   <div class='ocr_carea' id='block_1_102' title="bbox 1095 2491 1511 2526">
    <p class='ocr_par' dir='ltr' id='par_1_102' title="bbox 1095 2491 1511 2526">
     <span class='ocr_line' id='line_1_103' title="bbox 1095 2491 1511 2526; baseline -0.007 -6"><span class='ocrx_word' id='word_1_741' title='bbox 1095 2491 1155 2520; x_wconf 82' lang='lat' dir='ltr'><strong>Mox</strong></span> <span class='ocrx_word' id='word_1_742' title='bbox 1177 2491 1238 2520; x_wconf 81' lang='lat' dir='ltr'><strong>cod.</strong></span> <span class='ocrx_word' id='word_1_743' title='bbox 1251 2492 1281 2519; x_wconf 84' lang='lat' dir='ltr'><strong>P.</strong></span> <span class='ocrx_word' id='word_1_744' title='bbox 1299 2492 1369 2519; x_wconf 76' lang='grc' dir='ltr'>κατὰ</span> <span class='ocrx_word' id='word_1_745' title='bbox 1386 2491 1511 2526; x_wconf 81' lang='grc' dir='ltr'>δύναμιν,</span> 
     </span>
    </p>
   </div>
   <div class='ocr_carea' id='block_1_103' title="bbox 1132 2526 1556 2562">
    <p class='ocr_par' dir='ltr' id='par_1_103' title="bbox 1132 2526 1556 2562">
     <span class='ocr_line' id='line_1_104' title="bbox 1132 2526 1556 2562; baseline -0.002 -7"><span class='ocrx_word' id='word_1_746' title='bbox 1132 2528 1177 2562; x_wconf 73' lang='grc'><strong>(40</strong></span> <span class='ocrx_word' id='word_1_747' title='bbox 1205 2527 1271 2554; x_wconf 89' lang='lat' dir='ltr'><strong>Cod.</strong></span> <span class='ocrx_word' id='word_1_748' title='bbox 1284 2527 1314 2553; x_wconf 86' lang='lat' dir='ltr'><strong>P.</strong></span> <span class='ocrx_word' id='word_1_749' title='bbox 1334 2527 1381 2553; x_wconf 72' lang='grc' dir='ltr'><strong>καὶ</strong></span> <span class='ocrx_word' id='word_1_750' title='bbox 1395 2526 1556 2562; x_wconf 76' lang='grc' dir='ltr'>ἀνθρώπων.</span> 
     </span>
    </p>
   </div>
   <div class='ocr_carea' id='block_1_104' title="bbox 1130 2560 1592 2598">
    <p class='ocr_par' dir='ltr' id='par_1_104' title="bbox 1130 2560 1592 2598">
     <span class='ocr_line' id='line_1_105' title="bbox 1130 2560 1592 2598; baseline -0.004 -8"><span class='ocrx_word' id='word_1_751' title='bbox 1130 2560 1185 2598; x_wconf 77' lang='grc' dir='ltr'><strong>(Η)</strong></span> <span class='ocrx_word' id='word_1_752' title='bbox 1209 2562 1424 2598; x_wconf 27' lang='grc' dir='ltr'>Ἐνδέωνγᾶεεξι</span> <span class='ocrx_word' id='word_1_753' title='bbox 1439 2560 1466 2588; x_wconf 79' lang='lat' dir='ltr'><strong>in</strong></span> <span class='ocrx_word' id='word_1_754' title='bbox 1486 2562 1544 2589; x_wconf 91' lang='lat' dir='ltr'><strong>cod.</strong></span> <span class='ocrx_word' id='word_1_755' title='bbox 1562 2560 1592 2588; x_wconf 83' lang='lat' dir='ltr'><strong>P.</strong></span> 
     </span>
    </p>
   </div>
   <div class='ocr_carea' id='block_1_105' title="bbox 1141 2597 1477 2624">
    <p class='ocr_par' dir='ltr' id='par_1_105' title="bbox 1141 2597 1477 2624">
     <span class='ocr_line' id='line_1_106' title="bbox 1141 2597 1477 2624; baseline 0 0"><span class='ocrx_word' id='word_1_756' title='bbox 1141 2597 1186 2624; x_wconf 70' lang='grc'><strong>421</strong></span> <span class='ocrx_word' id='word_1_757' title='bbox 1200 2598 1277 2624; x_wconf 87' lang='lat' dir='ltr'><strong>Orat.</strong></span> <span class='ocrx_word' id='word_1_758' title='bbox 1297 2598 1322 2623; x_wconf 93' lang='lat' dir='ltr'><strong>in</strong></span> <span class='ocrx_word' id='word_1_759' title='bbox 1336 2597 1477 2624; x_wconf 83' lang='lat' dir='ltr'><strong>Basihum.</strong></span> 
     </span>
    </p>
   </div>
   <div class='ocr_carea' id='block_1_106' title="bbox 1140 2629 1883 2668">
    <p class='ocr_par' dir='ltr' id='par_1_106' title="bbox 1140 2629 1883 2668">
     <span class='ocr_line' id='line_1_107' title="bbox 1140 2629 1883 2668; baseline -0.005 -9"><span class='ocrx_word' id='word_1_760' title='bbox 1140 2629 1277 2667; x_wconf 69' lang='grc'><strong>45)(2011».</strong></span> <span class='ocrx_word' id='word_1_761' title='bbox 1291 2631 1321 2664; x_wconf 77' lang='grc'>2,</span> <span class='ocrx_word' id='word_1_762' title='bbox 1341 2632 1410 2668; x_wconf 81' lang='grc' dir='ltr'>ὑπὲρ</span> <span class='ocrx_word' id='word_1_763' title='bbox 1426 2631 1484 2659; x_wconf 80' lang='grc' dir='ltr'>σοῦ.</span> <span class='ocrx_word' id='word_1_764' title='bbox 1501 2630 1565 2659; x_wconf 81' lang='lat' dir='ltr'><strong>Mox</strong></span> <span class='ocrx_word' id='word_1_765' title='bbox 1584 2630 1645 2658; x_wconf 90' lang='lat' dir='ltr'><strong>cod.</strong></span> <span class='ocrx_word' id='word_1_766' title='bbox 1657 2629 1688 2657; x_wconf 80' lang='grc' dir='ltr'><strong>Ρ.</strong></span> <span class='ocrx_word' id='word_1_767' title='bbox 1705 2629 1766 2658; x_wconf 68' lang='grc' dir='ltr'>αλλ’</span> <span class='ocrx_word' id='word_1_768' title='bbox 1782 2634 1830 2657; x_wconf 83' lang='grc' dir='ltr'>οὐν</span> <span class='ocrx_word' id='word_1_769' title='bbox 1848 2630 1883 2656; x_wconf 81' lang='grc' dir='ltr'><strong>οὺ.</strong></span> 
     </span>
    </p>
   </div>
   <div class='ocr_carea' id='block_1_107' title="bbox 1138 2696 1883 2737">
    <p class='ocr_par' dir='ltr' id='par_1_107' title="bbox 1138 2696 1883 2737">
     <span class='ocr_line' id='line_1_108' title="bbox 1138 2696 1883 2737; baseline -0.003 -7"><span class='ocrx_word' id='word_1_770' title='bbox 1138 2696 1263 2734; x_wconf 64' lang='grc' dir='ltr'><strong>όλῖϐοιιί</strong></span> <span class='ocrx_word' id='word_1_771' title='bbox 1274 2701 1304 2729; x_wconf 82' lang='grc' dir='ltr'><strong>Ρ.</strong></span> <span class='ocrx_word' id='word_1_772' title='bbox 1315 2701 1398 2734; x_wconf 84' lang='lat' dir='ltr'><strong>addit,</strong></span> <span class='ocrx_word' id='word_1_773' title='bbox 1411 2702 1454 2730; x_wconf 77' lang='grc' dir='ltr'>ὅτι</span> <span class='ocrx_word' id='word_1_774' title='bbox 1465 2700 1540 2737; x_wconf 80' lang='grc' dir='ltr'>αὐτῷ</span> <span class='ocrx_word' id='word_1_775' title='bbox 1554 2700 1642 2737; x_wconf 56' lang='lat' dir='ltr'><strong>asas;</strong></span> <span class='ocrx_word' id='word_1_776' title='bbox 1651 2701 1691 2732; x_wconf 85' lang='grc' dir='ltr'>είς</span> <span class='ocrx_word' id='word_1_777' title='bbox 1703 2700 1767 2733; x_wconf 78' lang='grc' dir='ltr'>τοὺς</span> <span class='ocrx_word' id='word_1_778' title='bbox 1779 2699 1883 2733; x_wconf 76' lang='grc' dir='ltr'>αἰῶνας</span> 
     </span>
    </p>
   </div>
   <div class='ocr_carea' id='block_1_108' title="bbox 1092 2736 1391 2773">
    <p class='ocr_par' dir='ltr' id='par_1_108' title="bbox 1092 2736 1391 2773">
     <span class='ocr_line' id='line_1_109' title="bbox 1092 2736 1391 2773; baseline -0.003 -7"><span class='ocrx_word' id='word_1_779' title='bbox 1092 2736 1147 2765; x_wconf 77' lang='grc' dir='ltr'>τῶν</span> <span class='ocrx_word' id='word_1_780' title='bbox 1156 2738 1271 2766; x_wconf 74' lang='grc' dir='ltr'>αἰώνων.</span> <span class='ocrx_word' id='word_1_781' title='bbox 1295 2736 1391 2773; x_wconf 75' lang='grc' dir='ltr'>Ἀμήν.</span> 
     </span>
    </p>
   </div>
  </div>
