2055 3130
181 218 236 246 305

625 220 794 252 VETERUM
812 223 856 252 ET
878 223 1128 256 RECENTIORUM
1148 224 1366 255 TESTIMONIA.

1756 229 1814 256 306

198 295 1799 317 Ἦ

482 382 739 429 SELECTA
777 385 1071 431 VETERUM
1108 361 1502 433 TESTIMO'NIA'.

716 480 757 512 IN
770 481 926 512 LAUDEM
938 482 1070 514 SANCTI
1083 482 1279 514 GREGORII.

973 568 1010 575 .—

818 641 874 672 Ex
887 642 1006 674 Basilio
1023 643 1124 684 (epist.
1137 643 1179 686 8).

219 700 320 733 Σκεῦας
337 701 453 736 ἐκλογῆς
473 702 521 729 καὶ
537 702 626 739 φρέαρ
639 703 708 739 βαθύ
718 712 725 720 ·
748 704 821 740 λέγω
835 705 864 732 δὲ
882 704 914 732 τὺ
926 705 972 732 τοῦ

1063 706 1118 735 Vas
1133 705 1286 739 electionis,
1298 709 1326 735 et
1339 711 1437 742 puteus
1448 707 1606 742 profundus,
1617 715 1648 737 os
1663 709 1724 737 dico
1731 709 1812 738 Chri-

181 749 303 784 Χριστοῦ
316 751 404 786 στόμα
417 751 577 788 Γρηγόριον.

1025 753 1061 782 sti
1077 752 1250 788 Gregorium;

342 806 397 837 Ea:
410 807 612 847 Hieronymo,
628 809 770 850 Catalogo
785 812 891 852 script.
906 812 1031 850 eccles.,
1046 820 1080 842 η.
1093 819 1190 848 cxvu,
1202 814 1276 841 tom.
1289 809 1342 848 IV,
1354 814 1439 850 part.
1451 819 1484 849 II,
1492 820 1569 852 pag.
1587 811 1652 842 126.

219 855 377 891 Gregorius,
398 857 515 891 primum
544 857 723 894 Sasimorum,
739 861 838 890 deinde
857 861 972 889 Nazian-

183 908 268 928 zenus
289 901 444 937 episcopus,
468 903 510 929 vir
535 903 788 940 eloquentissimus,
817 912 970 942 praeceptor

185 956 272 982 incus,
294 955 310 976 a
325 956 378 984 quo
403 949 561 985 Scripturas
582 951 746 986 explanante
763 952 856 986 didici,
879 953 912 980 ad
929 953 973 980 tri-

183 994 257 1029 ginta
278 994 361 1022 millia
379 1002 507 1023 versuum
529 997 618 1024 omnia
641 1004 722 1032 opera
744 1005 792 1025 sua
809 999 971 1034 composuit,

181 1047 200 1067 e
215 1040 312 1074 quibus
330 1040 374 1068 illa
393 1045 475 1069 sunt:
496 1041 535 1069 De
547 1046 632 1069 morte
642 1043 736 1077 fratris
753 1043 883 1077 Cwsarii;
902 1044 972 1080 Περὶ

181 1087 398 1122 φιλοπτωχίαςι
412 1087 517 1116 Laudes
534 1088 746 1117 Machabmorum
760 1089 881 1123 ;Laudes
891 1091 974 1119 Atha-

183 1133 271 1166 nasii;
288 1133 392 1161 Laudes
414 1133 526 1162 Maximi
542 1135 699 1170 philosophi.
715 1141 775 1171 post
787 1137 913 1164 exsilium
930 1144 973 1165 re-

182 1179 274 1212 versi,
287 1187 366 1213 quem
393 1179 460 1208 falso
484 1181 594 1208 nomine
611 1181 720 1216 quidam
743 1182 859 1210 Heronis
875 1190 972 1218 super-

182 1223 351 1259 scripserunt
366 1233 373 1252 :
391 1225 453 1259 quia
467 1230 509 1252 est
521 1231 549 1253 et
562 1226 632 1254 alius
650 1225 720 1254 liber
744 1226 971 1262 vituperationem

181 1269 302 1306 ejusdem
319 1270 427 1298 Maximi
441 1272 601 1305 continens;
616 1272 694 1308 quasi
708 1279 761 1300 non
777 1272 884 1300 licuerit
896 1279 973 1300 eum-

1024 861 1084 889 dem
1096 866 1122 888 et
1138 860 1250 887 laudare
1259 863 1285 887 et
1302 859 1459 894 vituperare
1478 868 1529 896 pro
1550 866 1681 896 tempore.
1696 861 1729 888 Et
1745 861 1814 890 liber

1021 906 1179 934 hexametro
1201 912 1293 938 versu,
1308 904 1473 940 virginitatis
1497 910 1525 933 et
1541 905 1696 940 nuptiarum
1716 910 1811 934 contra

1022 959 1051 980 se
1067 951 1273 979 disserentium.
1293 951 1439 978 Adversum
1455 951 1615 978 Eunomium
1640 951 1710 979 liber
1723 959 1812 985 unus;

1022 996 1061 1024 De
1073 996 1176 1031 Spiritu
1190 1001 1282 1024 sancto
1297 996 1367 1024 liber
1384 1004 1467 1031 unus;
1481 1001 1573 1024 contra
1586 996 1722 1024 lulianum
1733 997 1813 1032 impe-

1022 1047 1135 1069 ratorem
1152 1041 1214 1069 libri
1232 1041 1295 1069 duo.
1322 1041 1439 1070 Secut‘us
1456 1046 1497 1070 est
1520 1047 1613 1069 autem
1636 1041 1812 1070 Polemonem

1025 1087 1132 1115 dicendi
1149 1091 1289 1115 caractere
1306 1098 1313 1116 :
1331 1087 1448 1123 vivoque
1468 1095 1497 1116 se
1523 1089 1680 1123 episcopum
1699 1089 1726 1116 in
1753 1088 1813 1116 loco

1023 1141 1073 1162 suo
1101 1134 1250 1166 ordinans,
1273 1133 1331 1161 ruri
1356 1133 1440 1162 vitam
1463 1134 1587 1162 monachi
1609 1134 1740 1162 exercuit.
1761 1133 1814 1162 De-

1023 1180 1160 1215 cessitque
1172 1183 1235 1207 ante
1246 1178 1299 1207 hoc
1315 1178 1400 1207 ferme
1422 1180 1578 1215 triennium,
1595 1181 1646 1209 sub
1662 1180 1814 1209 Theodosio

1023 1226 1153 1262 principe.

486 1331 540 1362 Ea:
551 1331 675 1371 Ruﬁno.
687 1332 822 1372 Prolago
836 1332 870 1363 in
885 1335 965 1363 orat.
977 1332 1132 1372 Gregorii,
1147 1342 1224 1373 quas
1234 1333 1343 1364 Latine
1353 1332 1505 1363 reddidit.

216 1380 382 1416 Gregorius,
402 1383 444 1409 vir
471 1390 518 1417 per
541 1384 632 1411 omnia
664 1384 905 1419 incomparabilis,
928 1384 974 1419 qui
987 1386 1012 1417 Β
1026 1385 1112 1412 veniri
1125 1389 1225 1420 potest,
1241 1389 1334 1419 utpote
1353 1384 1398 1419 qui
1421 1383 1496 1411 solus
1514 1382 1594 1410 sitde
1610 1381 1688 1417 cujus
1703 1381 1755 1409 fide
1779 1386 1814 1408 ne

182 1426 265 1455 verbo
284 1432 312 1454 et
325 1427 453 1461 operibus
479 1428 586 1462 clarus,
605 1429 850 1465 splendidissimum
878 1430 971 1457 lumen

181 1472 304 1500 scientiae
329 1473 431 1501 Christi
457 1474 588 1502 Ecclesiis
612 1476 742 1510 praebuit,
758 1477 823 1504 dum
837 1483 868 1504 ea
881 1476 973 1504 docuit

180 1527 242 1555 quae
265 1520 340 1553 fecit,
360 1527 411 1548 nec
433 1520 551 1556 seipsum
570 1521 762 1549 condemnavit
786 1523 890 1558 agendo
904 1529 970 1550 con-

182 1565 265 1593 traria
287 1573 368 1601 quam
386 1566 510 1594 docebat.
532 1567 567 1594 Ει
592 1568 680 1595 multis
700 1568 843 1603 interjeclit
860 1577 869 1596 :
887 1569 971 1603 Hujus

182 1618 270 1645 neque
294 1612 348 1639 vita
374 1612 477 1646 aliquid
497 1612 662 1647 probabilius
685 1618 712 1640 et
731 1615 868 1647 sanctius,
883 1623 971 1650 neque

181 1657 335 1692 eloquentia
361 1658 462 1686 claritts
480 1663 508 1686 et
525 1659 656 1686 illustrius
669 1679 677 1692 ,
693 1667 780 1694 neque
797 1661 849 1688 fide
877 1662 970 1696 purius

181 1708 209 1731 et
229 1705 341 1736 rectius.
356 1711 444 1740 neque
468 1705 583 1733 scientia
603 1705 709 1739 plenius
728 1711 754 1732 et
770 1706 916 1740 perfectius
930 1708 971 1734 in-

1025 1430 1191 1458 dissidentes
1207 1430 1316 1466 quidem
1329 1429 1399 1457 inter
1414 1435 1445 1456 se
1461 1428 1502 1464 (ut
1517 1427 1576 1456 ﬁeri
1589 1427 1668 1462 solet)
1682 1430 1772 1461 partes
1783 1430 1811 1454 et

1024 1476 1113 1504 studia
1130 1476 1270 1512 disputare
1283 1476 1442 1511 potuerint:
1459 1474 1507 1503 sed
1521 1474 1548 1502 id
1567 1472 1716 1502 obtinuerit
1739 1471 1810 1507 apud

1025 1522 1169 1551 Dominum
1186 1527 1213 1550 et
1227 1522 1363 1551 Ecclesias
1377 1521 1426 1549 Dei
1440 1520 1541 1553 meriti,
1555 1523 1586 1548 ut
1599 1519 1754 1554 quicunque
1765 1525 1812 1544 au—

1024 1576 1072 1596 sus
1088 1568 1171 1596 fuerit
1184 1567 1318 1596 doctrinae
1329 1568 1388 1603 ejus
1399 1567 1425 1594 in
1443 1566 1534 1601 aliquo
1551 1564 1694 1600 refragari,
1712 1571 1746 1590 ex
1762 1563 1813 1590 hoc

1024 1615 1083 1649 ipso
1099 1615 1162 1649 quia
1177 1614 1235 1649 ipse
1249 1614 1333 1649 magis
1351 1614 1386 1641 sit
1403 1612 1548 1640 haereticus
1561 1614 1700 1646 arguatur.
1718 1608 1805 1636 Mani-

1023 1660 1121 1688 festum
1136 1667 1252 1695 namque
1267 1659 1395 1687 indicium
1418 1663 1471 1691 est,
1493 1665 1546 1685 non
1571 1664 1631 1684 esse
1646 1659 1726 1683 recta:
1749 1654 1812 1681 ﬁdei

1024 1706 1173 1738 hominem,
1190 1706 1236 1740 qui
1254 1706 1281 1732 in
1307 1704 1358 1732 fide
1371 1704 1502 1739 Gregorio
1520 1710 1572 1730 non
1585 1700 1740 1729 concordat.

477 1763 531 1793 Ex
549 1763 710 1794 Theodoro
727 1763 866 1793 Studita.
877 1763 978 1794 Iamb.
989 1773 1088 1802 LXVII,
1103 1773 1176 1804 pag.
1194 1762 1264 1801 766,
1280 1762 1353 1792 edil.
1369 1760 1541 1792 Sirmondi.

251 1815 391 1848 Βροντῶν
406 1814 442 1841 τὰ
462 1815 524 1842 θεῖα
541 1815 579 1849 τῇ
596 1815 659 1849 ,ϐοῇ
675 1815 734 1841 τῶν
751 1815 918 1850 δογμάτων,

251 1851 390 1884 Ἤχησας
407 1850 500 1882 ὅντως
516 1850 573 1884 τὴν
590 1850 787 1884 ὑπουράνιον.
803 1851 918 1885 μάκαρ·

250 1886 306 1912 Καὶ
320 1885 422 1918 πάσας
436 1885 527 1918 ἀπρὶξ
538 1885 679 1919 μωρὰν-ας
692 1886 747 1919 τὰς
761 1886 903 1919 αἱρέσεις,

253 1921 308 1948 Τὸν
325 1922 442 1955 κόσμον
455 1920 617 1955 ἐστιζριξας
632 1921 667 1947 ἐν
682 1921 745 1954 τοῖς
760 1921 827 1954 σοῖς
841 1921 952 1956 λόγοις.

1098 1816 1164 1847 Qua:
1180 1820 1208 1841 tu
1226 1815 1324 1850 paleiin
1339 1821 1398 1850 voce
1417 1812 1511 1847 [udiati
1528 1816 1621 1850 tonans

1094 1846 1337 1882 Orncula,mirtitis,
1364 1846 1432 1879 dive,
1458 1847 1572 1873 mundus
1591 1846 1702 1872 audiit:

1095 1886 1282 1918 Perimensque
1295 1889 1403 1910 cunctas
1416 1883 1528 1909 hwreses
1548 1881 1686 1912 radicitus,

1098 1920 1193 1947 Orbem
1212 1917 1360 1946 universum
1375 1926 1460 1944 sermo
1478 1917 1592 1952 [irritavit
1610 1920 1679 1942 tuus.

488 1975 575 2006 Idem
588 1976 666 2007 ibid.
676 1977 891 2007 Antirrhetico
906 1978 1086 2009 nadvcrsus
1103 1977 1343 2013 iconomachos,
1358 1985 1431 2016 pag.
1446 1975 1512 2005 123.

215 2027 271 2053 Καὶ
286 2027 325 2062 ξδὴ
341 2027 516 2062 ἀκουσόμεθα
527 2027 582 2054 τῶν
596 2030 819 2063 κορυφαιοτάτων
832 2029 971 2064 Πατέρων,
987 2034 1009 2064 C

180 2073 330 2109 Γρηγορίου
347 2075 395 2109 μὲν
410 2074 456 2100 τοῦ
468 2074 610 2109 Θεολόγου.
633 2095 640 2102 .
663 2095 671 2102 .
694 2094 700 2102 λ
725 2075 865 2102 Βασιλείου
879 2075 907 2102 δὲ
923 2076 970 2103 τοῦ

179 2119 315 2154 Μεγάλου.

448 2166 476 2192 ‘E
479 2175 496 2192 κ
515 2165 572 2193 τῶν
591 2166 710 2193 Σουΐὸα.

213 2213 381 2250 Γρηγόριος,
400 2212 554 2246 Ναζιανζοῦ
578 2213 727 2245 ἐπίσκοπος
759 2212 769 2244 (
786 2213 906 2249 σταθμὸς
940 2214 968 2242 δέ

179 2259 253 2286 ἔστιν
277 2256 354 2290 οὗτος
376 2259 616 2293 Καππαδοκίας),
641 2259 711 2295 ἀνὴρ
737 2259 965 2295 ἐλλογιμώτατος,

178 2307 326 2341 ἀναγκαῖος
343 2305 419 2340 φίλος
438 2305 578 2332 Βασιλείου
592 2305 639 2331 τοῦ
656 2306 705 2340 τῆς
719 2306 887 2341 Καισαρείας
907 2307 967 2332 ὲπι-

180 2352 293 2384 σκόπου,
310 2351 361 2386 τῆς
377 2352 406 2378 ἐν
422 2351 613 2386 Καππαδοκίᾳ.
630 2349 715 2382 Οὗτος
731 2352 761 2378 οὐ
781 2352 860 2386 μόνον
877 2360 969 2388 γραμ-

180 2397 294 2432 ματικὸς
314 2398 360 2423 καὶ
375 2396 410 2425 τὰ
429 2397 457 2428 ἐς
472 2397 521 2431 τὴν
545 2397 653 2433 ποίησιν
670 2397 773 2429 δεξιὸς,
789 2398 856 2424 ἀλλὰ
880 2399 970 2434 πολλῷ

179 2443 269 2469 πλεῖον
285 2442 333 2469 καὶ
356 2444 396 2474 είς
420 2442 577 2477 φιλοσοφίαν
601 2443 744 2478 egeam-.0,
763 2444 810 2470 καὶ
828 2444 919 2480 ῥήτωρ
935 2443 970 2480 ἦν

177 2488 345 2524 ἀμφιδέξιος.
366 2484 451 2520 Οὗτος
470 2488 573 2524 ἔγραψε
593 2489 781 2524 καταλογάδην
802 2490 897 2517 πολλά.
921 2491 969 2523 Είς

178 2534 232 2570 γὰρ
256 2535 332 2570 τρεῖς
354 2534 488 2569 μυριάδας
513 2534 610 2570 στίχων
631 2536 665 2562 τὰ
686 2536 864 2570 συντάγματα
885 2537 967 2563 αὐτοῦ

179 2579 342 2613 συνέθηκεν·
357 2579 403 2614 ἀφ’
420 2576 457 2606 ὧν
481 2581 534 2606 εισι
549 2580 628 2607 τάδε·
654 2581 724 2615 Περὶ
745 2581 800 2615 τῆς
825 2582 969 2616 τελευτῆς

176 2624 231 2653 τοῦ
249 2625 383 2659 ἀδελφοῦ
397 2626 587 2660 Καισαρείου,
603 2627 744 2661 ἐπιτάφιος
758 2628 797 2658 εἰς
812 2627 857 2654 τὸν
872 2627 971 2655 ἑαυτοῦ

177 2670 293 2706 πατέρα,
311 2671 405 2706 ἕτερος
419 2672 460 2703 εἰς
474 2671 522 2707 τὴν
536 2672 652 2707 ἀδελφὴν
666 2673 822 2706 Γοργονίαν,
839 2674 906 2707 Περὶ
922 2682 968 2707 φι-
985 2667 1006 2694 D

176 2717 363 2752 λοπτωχίας,
381 2718 519 2745 Ἕπαινοι
534 2719 594 2745 τῶν
608 2719 815 2751 Μακκαϐαίων,
831 2721 968 2746 Ἐπαινοι

176 2763 360 2796 Κυπριανοῦ,
376 2764 512 2791 Ἐπαινοι
530 2764 715 2798 Ἀθανασίου,
729 2766 865 2792 Ἔπαινοι
881 2766 968 2799 Ἡρω-

176 2815 231 2839 νος
253 2808 441 2841 φιλοσόφου·
463 2809 544 2835 Κατὰ
563 2808 731 2837 Ἰουλιανοὗ
746 2810 799 2837 τοῦ
815 2810 968 2843 βασιλέως

176 2852 251 2888 λόγοι
275 2853 339 2886 δύο,
356 2855 425 2889 Περὶ
444 2856 497 2882 τοῦ
518 2856 605 2890 ἁγίου
627 2857 800 2891 Πνεύματος
814 2857 892 2891 λόγος
914 2855 964 2890 εἷς,

177 2901 361 2936 πανηγυρικοὶ
383 2900 457 2935 λόγοι
479 2901 553 2934 δέκα,
578 2903 624 2929 καὶ
644 2903 732 2937 ἕτεροι
757 2903 888 2936 πλεῖστοι,
919 2904 966 2930 καὶ

177 2945 246 2973 πᾶσι
265 2945 411 2982 γνώριμοι.
436 2947 615 2984 Ἠκολούθησε
633 2949 662 2976 δὲ
677 2949 716 2978 τῶ
738 2950 898 2983 Πολέμωνος
920 2957 968 2981 γα-

1060 2030 1209 2056 Audientus
1222 2034 1295 2056 certe
1313 2029 1385 2063 ipsos
1401 2027 1510 2054 Patrum
1530 2026 1699 2060 coryplia'os,
1713 2024 1812 2059 Gregov

1024 2077 1092 2102 rium
1112 2075 1286 2108 Tlteologuut.
1351 2094 1357 2101 .
1373 2093 1379 2099 .
1400 2072 1528 2099 Basiliqu
1547 2079 1654 2106 quoque
1672 2071 1810 2106 Magnum.

1123 2167 1166 2194 Ea;
1180 2167 1276 2198 Suida,
1305 2165 1398 2193 Lexic.
1423 2169 1486 2192 (om.
1503 2164 1533 2197 1,
1551 2172 1612 2199 pag.
1628 2163 1690 2191 496.

1057 2212 1217 2247 Gregorius,
1232 2212 1375 2245 episcopus
1386 2209 1572 2236 Nazianzenus
1590 2208 1642 2242 (est
1653 2212 1741 2235 autem
1757 2207 1811 2235 Na-

1022 2261 1130 2286 zianzus
1140 2259 1222 2286 statio
1230 2256 1427 2292 Cappadociae),
1438 2256 1478 2282 vir
1489 2254 1811 2289 eloquentissimus,sum-

1024 2313 1082 2332 mus
1098 2305 1201 2332 amicus
1215 2303 1306 2330 Basilii
1324 2303 1453 2329 Cmsnrea:
1468 2301 1644 2336 Cappadociae
1663 2300 1738 2328 urbis
1753 2301 1811 2336 epi-

1022 2351 1107 2386 scopi.
1124 2350 1174 2378 llic
1191 2358 1243 2378 non
1258 2350 1336 2377 modo
1352 2348 1534 2383 grammaticae
1549 2347 1722 2382 poeticesque
1733 2347 1811 2375 laude

1022 2397 1147 2430 florebat,
1162 2397 1209 2424 sed
1225 2396 1309 2423 multo
1326 2395 1414 2430 magis
1432 2394 1629 2429 philosophiam
1643 2393 1809 2426 excoluerat,

1022 2448 1101 2478 atque
1115 2443 1142 2470 iu
1162 2442 1280 2470 oratoria
1296 2441 1424 2468 facultate
1437 2440 1552 2475 insignis
1565 2445 1635 2467 erat.
1648 2439 1731 2467 Prosa
1749 2447 1812 2466 ora--

1022 2491 1094 2517 tione
1121 2489 1253 2525 permulta
1272 2488 1444 2523 conscripsit.
1462 2488 1502 2514 Ad
1526 2487 1634 2522 triginta
1660 2486 1732 2514 enim
1750 2493 1811 2512 ver~

1022 2544 1100 2564 suum
1127 2535 1209 2562 millia
1229 2543 1310 2570 opera
1333 2542 1382 2562 sua
1403 2534 1552 2565 contexuit,
1573 2541 1606 2560 ex
1623 2533 1723 2567 quibus
1747 2535 1811 2558 sunt

1025 2584 1080 2609 haec
1095 2589 1103 2608 :
1122 2581 1161 2608 De
1173 2586 1256 2608 morte
1274 2581 1385 2608 Caesarii
1408 2580 1512 2615 fratris.
1534 2579 1656 2606 funebris
1680 2576 1766 2605 oratio
1781 2576 1809 2602 iu

1022 2628 1095 2654 obitu
1109 2627 1211 2662 patris,
1225 2627 1309 2654 altera
1328 2627 1354 2653 in
1367 2626 1462 2653 funere
1483 2625 1625 2660 Gorgonize
1642 2623 1753 2654 sororis,
1769 2621 1809 2649 De

1021 2681 1165 2708 pauperum
1184 2681 1283 2706 arnore,
1305 2672 1410 2699 Laudes
1429 2671 1655 2702 Mne/mimorum,
1667 2669 1808 2704 Cypriani,

1023 2720 1171 2750 Athanasii,
1199 2718 1316 2746 Iieronis
1335 2718 1501 2753 philosophi,
1517 2717 1644 2743 adversus
1668 2715 1809 2742 Iulianum

1021 2766 1159 2793 orationes
1173 2765 1241 2798 dum,
1259 2765 1296 2792 De
1311 2765 1414 2799 Spiritu
1437 2768 1528 2790 sancio
1546 2762 1615 2789 liber
1631 2769 1710 2792 unus,
1725 2769 1808 2796 pane-

1023 2812 1121 2846 gyricae
1134 2811 1272 2838 orationes
1294 2810 1399 2842 decem,
1417 2810 1530 2843 aliaeque
1545 2807 1697 2843 complures
1709 2816 1740 2835 ne
1755 2808 1810 2835 cui-

1024 2859 1062 2883 tis
1082 2861 1161 2884 notae.
1178 2857 1295 2884 Secutus
1318 2861 1360 2883 est
1375 2856 1401 2882 in
1420 2856 1553 2883 scribendi
1578 2862 1675 2889 genere
1687 2854 1817 2882 Polemm

1022 2911 1083 2930 item
1101 2902 1306 2935 Laodicensem,
1320 2903 1365 2936 qui
1391 2902 1515 2937 Smyrna:
1531 2902 1692 2928 rhetoricam
1707 2900 1807 2930 docuit,

1021 2955 1101 2983 atque
1124 2949 1252 2980 Aristidis
1274 2949 1390 2978 oratoris
1411 2953 1562 2983 praeceptor
1576 2948 1693 2976 exstitit.
1715 2946 1816 2974 Alium:
