2055 3130
243 235 306 264 507

701 234 871 264 νετΕιιυΜ
891 233 935 263 s'r
953 232 1202 262 BECENTIORUM-
1218 223 1439 262 TESTIMONIA.

1828 218 1883 262 ads

254 300 363 328 quoque
389 297 534 321 tractatum
551 293 660 322 heroico
675 293 796 321 carmine
811 292 938 328 scripsit,
952 292 979 319 in
992 300 1035 327 qui

1100 291 1218 327 ρακτῆρι
1246 291 1293 318 τοῦ
1325 292 1493 324 Λαοδικέως,
1522 291 1568 319 τοῦ
1598 292 1822 328 σοφιστεύσαντος
1851 295 1882 321 ὲν

253 338 438 374 virginitatem
453 343 481 367 et
493 339 576 367 vitam
587 339 762 375 coniugatam
774 347 822 375 per
835 346 865 366 se
882 339 1044 367 asserentes

253 383 369 416 inducit,
389 384 497 418 aliaque
513 374 780 420 etiam"argumenta
801 385 875 411 outni
893 383 1043 411 caminum

253 435 352 463 genere
374 429 531 464 complexus
550 434 609 463 est,
635 437 694 464 qua:
717 429 827 464 quidem
854 430 888 456 ad
911 436 1043 456 summam

254 473 397 507 subducta,
418 475 529 510 triginta
555 482 682 502 versuum
712 474 796 501 millia
812 474 972 502 coniiciunt.
988 472 1044 499 Hu-

250 518 295 552 jus
311 526 392 554 porro
405 519 529 555 Gregorii
550 521 666 548 Arianus
681 527 788 556 quoque
802 519 1001 554 Philostorgius
1017 520 1041 546 in

252 565 294 592 sui
312 567 443 601 temporis
463 567 576 594 historia
598 567 764 594 mentionem
783 566 848 594 facit
864 567 907 593 his
931 566 1040 594 verbis:

255 617 266 636 ι
281 609 317 637 Ea
335 615 495 646 tempestate
513 611 659 646 Gregorius
677 613 703 639 in
716 611 781 639 urbe
806 611 975 638 Nazianzena
995 610 1042 638 ﬂo-

253 656 331 683 rebat
341 656 394 692 (est
410 662 500 684 autem
517 657 668 684 Nazianzus
679 657 761 684 statio
778 656 978 691 Cappadociae),
996 656 1042 683 Ba-

253 701 330 729 silius
345 702 371 729 in
383 702 507 730 Caesarea
535 703 712 737 Cappadocia:
727 703 804 734 urbe,
818 707 845 729 et
859 702 1042 736 Apull'marius

254 746 282 773 in
299 745 430 774 Laodicea
447 747 544 783 Syrias.
566 747 596 773 ili
617 752 671 774 tres
685 746 735 774 viri
762 754 810 781 pro
829 746 1005 778 homoousio,
1015 745 1041 772 id

252 797 294 820 est
310 793 543 827 consubstantiali,
565 793 696 821 adversus
709 800 757 821 eos
767 793 812 828 qui
825 792 884 820 Filii
896 793 1040 820 essentiam

253 846 269 865 ι
282 839 370 866 Patris
385 840 503 867 essentia
522 841 656 867 diversam
686 847 747 867 esse
771 839 978 874 prolitebantur,
992 838 1041 865 de-

253 886 405 918 certabant,
430 886 562 921 longeque
586 893 680 914 omnes
707 893 754 912 eos
771 884 979 916 antecellebant,
995 883 1040 918 qni

254 931 297 958 vel
311 933 385 966 prius
396 932 438 959 vel
453 936 525 966 post,
543 931 577 958 ad
591 939 678 958 meam
697 938 783 966 usque
807 935 914 958 aetatem
931 930 1040 964 hujusce

1095 337 1222 374 Σμύρνῃ,
1237 338 1268 370 ὃς
1281 338 1401 373 ἐγεγόνει
1420 338 1576 370 διδάσκαλος
1597 339 1759 375 Ἀριστείδου
1775 339 1821 367 τοῦ
1837 341 1882 376 ῥή-

1093 392 1183 421 τορος.
1204 383 1327 420 Ἐγράφη
1342 384 1370 410 δὲ
1384 384 1457 419 αὑτῷ
1471 385 1522 413 καὶ,
1535 385 1615 420 ἑτέρα
1632 385 1721 420 βίϐλος
1733 386 1767 412 δι’
1782 385 1881 421 ἑξαμέ-

1094 437 1178 465 τρων,
1195 429 1344 466 παρθενίας
1357 430 1405 456 καὶ
1418 429 1507 465 γάμου
1522 429 1582 456 καθ’
1595 430 1707 462 ἑαυτοὺς
1722 430 1880 466 διαλεγομέ-

1093 483 1162 502 νωψ
1175 474 1222 502 καὶ
1237 477 1276 507 εἰς
1291 475 1385 511 ἑτέρας
1401 476 1542 507 ὑποθέσεις
1563 477 1593 503 ὲν
1608 477 1745 508 παντοίοις
1761 478 1808 503 καὶ
1823 477 1881 504 δια-

1094 519 1188 555 φόροις
1201 520 1329 555 μέτροις,
1350 519 1428 546 ἅτινα
1447 520 1606 553 συνάγονται
1622 521 1662 551 είς
1683 519 1757 546 ἐπῶν
1782 520 1879 555 μυριά-

1095 564 1143 596 δας
1157 566 1240 600 τρεῖς.
1257 564 1310 591 Τοῦ
1325 565 1353 591 δὲ
1366 565 1516 600 Γρηγορίου
1533 565 1625 592 τούτου
1634 565 1681 592 καὶ
1692 566 1880 603 Φιλοστόργιος

1094 611 1108 636 6
1128 610 1268 645 Ἀρειανὸς
1290 611 1318 637 ἐν
1335 611 1368 646 τῇ
1388 611 1447 636 κατ’
1471 611 1553 637 αὑτὸν
1575 610 1679 646 ἱστορίᾳ
1699 612 1807 646 μνήμην
1831 619 1879 636 πε-

1094 654 1222 688 ποίηται,
1239 653 1286 680 καί
1309 662 1391 689 φησι·
1416 664 1425 679 ι
1444 654 1594 690 Γρηγόριος
1610 655 1664 690 γὰρ
1686 654 1794 690 ἤκμαζε
1818 656 1879 682 κατ’

1093 700 1213 731 ἐκείνους
1234 701 1297 731 τοὺς
1314 700 1425 735 χρόνους
1441 701 1470 726 ὲν
1496 703 1528 736 τῇ
1547 701 1690 736 Ναζιανζῷ
1709 701 1837 736 (σταθμδς
1850 701 1879 727 δὲ

1093 741 1170 777 οὗτος
1192 746 1206 772 6
1231 745 1311 777 τόπος
1341 746 1580 781 Καππαδοκίας),
1604 747 1650 774 καὶ
1683 746 1820 778 Βασίλειος
1849 747 1878 772 ἐν

1093 789 1249 826 Καισαρείᾳ
1270 790 1320 824 τῆς
1336 790 1550 822 Καππαδοκίας,
1566 790 1613 817 καὶ
1634 789 1833 825 Ἀπολλινάριος
1850 789 1879 815 ὲν

1092 837 1125 870 τῇ
1149 835 1294 870 Λαοδικείᾳ
1311 835 1360 870 τῆς
1383 835 1490 870 Συρίας.
1514 836 1595 871 Τρεῖς
1610 835 1641 870 δὴ
1660 832 1732 862 οὗτοι
1756 835 1816 862 τότε
1833 835 1878 862 ἄν·

1093 881 1156 916 δρες
1170 880 1216 907 τοῦ
1231 881 1374 916 ὁμοουσίου
1385 889 1404 906 π
1409 881 1561 919 ρούμάχουν
1572 881 1642 907 κατὰ
1652 880 1698 907 τοῦ
1713 880 1875 916 ἐτερουσίου,

1093 926 1192 962 μακρῷ
1219 927 1324 958 πάντας
1351 927 1566 962 παρενεγκόντες
1590 926 1653 958 τοὺς
1673 926 1805 962 πρότερον
1831 926 1880 952 καὶ

253 983 335 1005 sectae
355 978 536 1013 patrocinium
555 982 735 1014 susceperunt
751 985 759 1004 :
774 976 841 1005 adeo
856 981 885 1003 ut
908 984 962 1011 prae.
977 976 1035 1011 ipsis

1093 961 1207 1007 ὕστερον
1223 973 1302 1007 ἄχρις
1326 961 1397 1008 ὲμοῦν
1410 972 1461 1007 τῆς
1479 973 1565 1007 αὐτῆς
1585 961 1715 1008 αἱρέσεως
1738 971 1878 1007 προστάν-

252 1024 419 1051 Athanasius
437 1031 503 1058 puer
513 1028 680 1051 censeretur.
691 1022 813 1058 Namque
826 1027 853 1050 et
864 1023 890 1049 in
909 1030 1039 1049 summam

255 1069 292 1097 illi
309 1074 428 1097 externa:
447 1069 576 1097 doctrina:
601 1069 813 1105 magnitudinem
840 1073 993 1100 evaserant,
1014 1072 1041 1095 et

253 1116 279 1142 iu
307 1116 392 1143 sacris
409 1115 567 1150 Scripturis,
585 1120 716 1150 quantum
737 1115 769 1141 ad
789 1115 930 1142 lectionem
944 1119 971 1142 et
993 1122 1040 1142 ex-

252 1162 370 1195 peditam
391 1162 549 1190 memoriam
566 1161 746 1192 conducebat,
769 1169 822 1187 non
840 1161 974 1196 vulgarem
994 1169 1040 1188 exs

253 1208 410 1241 perientiam
439 1208 592 1241 habebant,
617 1216 650 1235 ac
681 1208 851 1242 potissimum
881 1206 1037 1242 Gregorius.

250 1253 309 1280 Jam
324 1261 391 1281 vero
403 1253 429 1281 in
455 1262 504 1281 suo
521 1254 635 1289 quisque
651 1253 786 1280 scribendi
804 1261 903 1288 genere
921 1254 1037 1281 maxima

251 1298 381 1326 facultate
393 1299 520 1334 praeditus
533 1303 603 1326 erat.
620 1298 804 1333 Apollinarius
816 1299 914 1333 quippe
925 1299 950 1325 in
963 1305 1038 1326 corn-

250 1344 384 1371 menlario
408 1344 514 1371 dicendi
537 1352 635 1379 genere
653 1344 832 1379 prtecellehat.
858 1344 975 1371 Basilius
992 1352 1038 1370 au-

249 1397 303 1416 tem
317 1390 348 1417 in-
362 1390 526 1425 pauegyrico
538 1390 678 1423 insigniter
688 1391 876 1418 eminebat.At
890 1398 955 1418 vero
970 1390 1037 1418 Gre-

248 1434 325 1470 gorio
344 1435 369 1462 in
388 1441 502 1470 utroque
528 1434 591 1462 licet
626 1436 786 1468 exercitato,
805 1437 838 1462 ad
864 1435 1038 1469 conscriptio-

246 1488 310 1509 nem
324 1486 413 1508 tamen
425 1481 511 1516 magis
531 1481 655 1507 tendebat
675 1481 773 1508 oratio.
784 1481 872 1516 Atque
891 1485 919 1507 ut
936 1481 1036 1515 Apolli-

248 1528 327 1554 nario
347 1527 374 1554 in
400 1527 514 1554 dicendo
535 1528 662 1561 grandior
685 1535 718 1554 ao
735 1527 856 1561 plenior,
879 1527 914 1554 ita
943 1533 1035 1553 rursus

247 1571 351 1600 Basilio
372 1572 475 1599 ﬁrmior
500 1578 569 1600 erat.
597 1572 718 1607 Cumque
741 1577 814 1599 tanta
841 1579 933 1599 eorum
962 1576 1034 1599 esset

247 1622 305 1644 tum
325 1617 352 1645 iu
370 1617 483 1645 dicendo
497 1622 553 1644 tum
568 1618 595 1644 in
610 1618 756 1645 scribendo.
769 1617 891 1651 lacultas,
905 1623 959 1644 tum
971 1625 1034 1644 vero

247 1662 287 1691 ita
316 1663 437 1690 moribus
461 1663 608 1697 comparati
627 1668 715 1697 erant,
741 1669 771 1690 ut
786 1663 828 1690 vel
842 1663 901 1690 solo
925 1668 1034 1696 aspectu

246 1705 390 1741 plerosque
412 1706 451 1733 ad.
463 1714 493 1734 se
509 1707 617 1735 allicere
648 1707 773 1734 facillime
798 1712 917 1742 possent.
944 1707 1034 1741 Itaque

247 1750 347 1785 partim
376 1751 434 1786 ipso
458 1751 557 1778 intuitu
568 1772 580 1784 ,,
598 1752 696 1786 partim
725 1752 918 1784 sermonibus,
934 1751 1033 1785 partim

248 1795 329 1824 editis
340 1796 571 1825 lucubrationibus
583 1797 616 1823 ad
625 1803 689 1823 suas
702 1800 794 1831 partes
808 1796 1033 1823 familiaritatem-

247 1852 301 1880 que
315 1851 392 1872 suam
418 1852 465 1872 eos
487 1844 690 1879 pertrahchant,
714 1844 759 1879 qui
774 1844 862 1878 aliqua
881 1844 976 1871 harum
995 1851 1034 1872 ro-

247 1899 309 1918 rum
323 1889 431 1918 facilius
452 1891 511 1925 capi
529 1895 664 1925 poterant.
681 1889 744 1917 Haec
759 1891 791 1917 de
803 1891 855 1918 illis
868 1890 955 1918 obiter
967 1889 1032 1920 Phi-

248 1935 404 1971 !ostorgius,
421 1936 500 1970 isque
514 1935 642 1967 Arianus,
658 1935 756 1963 litteris
777 1936 924 1963 mandavit.
939 1936 1033 1962 Adhuc

247 1987 330 2014 porro
345 1984 484 2015 superstes
499 1979 655 2015 Gregorius,
667 1979 812 2015 subrogato
828 1980 877 2008 sibi
897 1981 923 2007 in
939 1980 1030 2007 Eccle—

246 2026 288 2054 sia
311 2025 483 2054 Nazianzena
505 2026 653 2061 episcopo,
670 2026 725 2053 ruri
752 2027 831 2053 vitam
857 2026 1032 2054 monasticam

247 2072 312 2108 egit.
324 2073 415 2107 Atque.
427 2071 460 2099 ad
484 2071 629 2106 nonaginta
647 2079 732 2099 annos
749 2077 776 2098 et
793 2071 861 2099 ultra
877 2076 957 2099 aetate
969 2079 1031 2107 pro-

247 2123 360 2149 vectus,
378 2116 530 2144 Theodosio
556 2116 690 2144 decimum
714 2116 823 2143 tertium
847 2116 952 2151 imperii
982 2124 1030 2143 an-

246 2169 312 2190 num
338 2161 544 2196 agcnte,vitam
572 2168 632 2189 cum
660 2167 748 2188 morte
771 2161 958 2194 commutavit,
981 2161 1032 2189 hoc

247 2215 330 2235 unum
348 2207 486 2241 indignum
504 2207 603 2234 virtute
625 2213 672 2233 sua
695 2213 802 2241 passus,
817 2205 887 2242 quod
903 2205 1031 2241 principis

246 2254 324 2281 urbis
352 2253 480 2281 cathedra
513 2252 641 2287 expulsus
669 2257 725 2284 est,
745 2251 916 2287 improbique
943 2251 1031 2285 potius

1090 1027 1140 1050 τας
1150 1027 1157 1033 ·
1174 1019 1212 1048 ὼς
1228 1018 1311 1045 παῖδα
1325 1019 1391 1054 παρ’
1402 1019 1495 1050 αὐτοῖς
1508 1019 1634 1055 κριθῆναι
1645 1018 1691 1045 τὸν
1711 1017 1875 1055 Ἀθανάσιον.

1092 1064 1147 1099 Τῆς
1171 1073 1201 1091 τε
1227 1064 1281 1099 γὰρ
1305 1064 1405 1097 ἔξωθεν
1433 1064 1602 1100 καλουμένης
1628 1064 1794 1096 παιδεύσεως
1818 1064 1879 1090 ὲπι-

1091 1109 1216 1136 πλεῖστον
1235 1106 1308 1136 οὗτοι
1325 1110 1563 1146 προεληλύθεισαν,
1579 1109 1630 1138 καὶ,
1643 1109 1696 1135 τῶν
1712 1108 1790 1144 ἱερῶν
1805 1109 1876 1143 Γρα-

1091 1153 1160 1188 φῶν,
1185 1155 1271 1181 ὁπόσα
1287 1155 1328 1186 εἰς
1345 1155 1496 1188 ἀνάγνωσιν
1515 1155 1561 1181 καὶ
1582 1154 1630 1189 τὴν
1649 1154 1793 1190 πρόχειρον
1810 1154 1878 1188 μνή-

1091 1209 1146 1235 μην
1159 1200 1254 1234 ἐτέλει,
1269 1200 1369 1236 πολλὴν
1386 1199 1456 1235 εἶχον
1471 1200 1518 1238 τὴν
1529 1199 1684 1235 ἐμπειρίαν,
1700 1199 1746 1225 καὶ
1761 1198 1877 1234 μάλιστά

1090 1255 1121 1281 γε
1147 1248 1238 1274 αὐτῶν
1266 1249 1280 1274 6
1305 1247 1465 1283 Γρηγόριος.
1488 1247 1544 1274 Καὶ
1562 1247 1615 1282 μὴν
1639 1247 1684 1272 καὶ
1710 1246 1876 1281 συγγράφειν

1089 1293 1205 1326 ἕκαστος
1221 1293 1311 1320 αὐτῶν
1327 1295 1366 1325 είς
1380 1294 1426 1321 τὸν
1443 1293 1524 1320 αὐτοῦ
1538 1293 1636 1329 τρόπον
1650 1291 1683 1328 ἦν
1701 1291 1874 1323 ἱκανώτατος.

1089 1340 1134 1375 Τῷ
1161 1340 1210 1375 μέν
1235 1349 1267 1375 γε
1295 1340 1491 1376 ’Δπολλιναρίῳ
1515 1339 1545 1366 τὸ
1564 1339 1788 1375 ὑπομνηματικδν
1807 1336 1874 1369 εἶδος

1087 1385 1138 1420 τῆς
1156 1385 1262 1419 λέξεως¹
1275 1385 1374 1421 μακρῷ
1390 1386 1488 1421 ἄριστα
1507 1383 1581 1420 εἶχε·
1603 1385 1740 1416 Βασίλειος
1763 1384 1792 1410 δὲ
1815 1392 1875 1410 πα-

1087 1432 1234 1468 νηγυρίσαι
1246 1432 1437 1468 λαμπρότατος
1451 1429 1502 1467 ἦν·
1516 1431 1555 1467 τῷ
1569 1432 1598 1458 δέ
1613 1439 1646 1465 γε
1660 1431 1811 1467 Γρηγορίῳ,
1827 1429 1874 1456 καὶ

1087 1478 1152 1513 παρ’
1166 1479 1333 1514 ἀμφοτέροις
1348 1477 1532 1513 ἐξεταζομένῳ
1542 1499 1549 1511 ,
1567 1477 1652 1513 μείζω
1666 1477 1743 1512 βάσιν
1757 1477 1797 1508 είς
1810 1484 1873 1509 Φυγ-

1086 1524 1195 1560 γραφὴν
1214 1522 1287 1559 εἶχεν
1301 1525 1315 1550 6
1330 1524 1419 1558 λόγος.
1436 1523 1490 1550 Καὶ
1505 1521 1538 1559 ἦν
1555 1524 1643 1550 εἰπεῖν
1668 1521 1872 1557 Ἀπολλιναρίου

1087 1570 1137 1605 μὲν
1151 1570 1305 1606 ἁϐρότερος,
1329 1570 1469 1597 Βασιλείου
1494 1570 1522 1597 δὲ
1546 1569 1756 1605 σταθερώτερος.
1772 1568 1873 1595 Τοσαύ-

1085 1623 1134 1650 της
1156 1615 1182 1641 δὲ
1204 1615 1295 1647 αὐτοῖς
1312 1616 1340 1642 ὲν
1360 1615 1399 1652 τῷ
1420 1615 1510 1649 λέγειν
1532 1615 1579 1642 καὶ
1600 1614 1715 1650 γράφειν
1733 1614 1872 1649 δυνάμεως

1084 1659 1177 1695 οὔσης,
1191 1661 1239 1687 καὶ
1254 1661 1284 1687 τὸ
1295 1659 1360 1696 ἦθος
1374 1660 1449 1687 οὐδὲν
1464 1657 1545 1696 ἦττον
1561 1661 1585 1688 οἱ
1603 1660 1698 1695 ἄνδρες
1712 1660 1872 1696 παρείχοντο

1084 1705 1152 1741 προς
1178 1705 1226 1741 τὴν
1250 1706 1306 1733 τῶν
1328 1706 1431 1733 πολλῶν
1456 1706 1519 1733 θέαν
1545 1706 1764 1740 ἐπαγωγότατον.
1789 1706 1871 1733 Ὥστε

1083 1752 1130 1778 καὶ
1141 1750 1180 1783 οἷς
1193 1752 1328 1788 ἑωρῶντο,
1341 1753 1389 1779 καὶ
1400 1749 1440 1784 οἷς
1455 1752 1547 1786 ἔλεγον
1565 1753 1612 1779 καὶ
1625 1752 1709 1779 ὁπόσα
1721 1751 1872 1787 γράφοντες

1083 1797 1238 1830 διεδίδοσαν,
1255 1798 1301 1826 διὰ
1314 1798 1421 1825 πάντων
1435 1799 1518 1834 ᾕρουν
1533 1800 1573 1830 είς
1587 1799 1636 1834 τὴν
1653 1798 1756 1825 ἑαυτῶν
1775 1806 1871 1824 κοινω-

1083 1844 1143 1871 νίαν
1152 1844 1214 1876 τοὺς
1228 1844 1288 1870 καθ’
1299 1843 1387 1871 ὁτιοῦν
1397 1844 1485 1870 αὐτῶν
1498 1844 1700 1879 εὐμαρέστερον
1712 1843 1869 1870 ἁλίσκεσθαι

1082 1890 1256 1924 δυναμένους.
1272 1889 1395 1916 Τοσαῦτα
1413 1891 1477 1926 περὶ
1493 1890 1583 1916 αὐτῶν
1601 1890 1638 1921 ὡς
1656 1890 1686 1916 ὲν
1705 1888 1867 1924 παραδρομῇ

1082 1935 1288 1971 Φιλοστόργιος,
1312 1937 1360 1963 καὶ
1387 1936 1473 1962 ταῦτα
1501 1936 1639 1971 Ἀρειανὸς
1663 1935 1718 1967 ὢν,
1740 1934 1867 1970 ἔγραψεν.

1084 1981 1146 2006 Ἔτι
1163 1980 1228 2014 γοῦν
1242 1981 1343 2015 περιὼν
1357 1982 1396 2012 είς
1410 1981 1456 2007 τὸν
1470 1981 1568 2007 οίκεῐον
1587 1981 1669 2007 τόπον
1681 1981 1695 2006 ὁ
1709 1979 1868 2015 Γρηγόριος,

1083 2026 1230 2052 ἐπίσκοπον
1251 2026 1425 2061 καταστήσας
1440 2027 1470 2053 ὲν
1487 2028 1520 2062 τῇ
1534 2025 1654 2062 λαχούσῃ
1664 2025 1744 2052 αὐτὸν
1755 2025 1869 2060 Ἐκκλη-

1082 2072 1138 2107 σίᾳ,
1153 2072 1234 2103 αὐτὸς
1252 2072 1285 2099 ἐν
1297 2071 1375 2107 ἁγρῷ
1386 2079 1439 2098 τινι
1454 2071 1515 2106 βίον»
1527 2072 1670 2106 μοναδικὸν
1683 2071 1870 2106 ἀπηνέγκατο.

1088 2117 1201 2149 Ἐλάσας
1214 2117 1241 2144 δὲ
1262 2118 1326 2152 περὶ
1345 2117 1380 2143 τὰ
1394 2117 1570 2152 ἐννενήκοντα
1593 2116 1640 2151 ἔτη
1657 2117 1705 2143 καὶ
1730 2116 1867 2147 ἐπέκεινα,

1081 2163 1218 2190 Θεοδοσίου
1236 2163 1327 2198 τρίτον
1339 2163 1386 2190 καὶ
1398 2162 1510 2190 δέκατον
1520 2162 1578 2194 ἔτος
1596 2163 1708 2197 ἄγοντος
1719 2183 1726 2194 ,
1738 2161 1867 2189 καταλύει

1080 2209 1125 2235 τὸν
1143 2209 1209 2243 βίον,
1223 2208 1330 2241 ἀνάξιον
1347 2208 1425 2235 τοῦτο
1435 2210 1484 2244 τῆς
1497 2208 1577 2235 αὑτοῦ
1593 2208 1687 2235 παθὼν
1700 2208 1809 2244 ἀρετῆς,
1820 2207 1868 2235 καὶ

1080 2254 1130 2289 τῆς
1145 2254 1280 2290 καθέδρας
1301 2254 1521 2291 ἀποκρουσθῆναι
1540 2255 1589 2289 τῆς
1602 2253 1795 2289 βασιλευούσης
1811 2252 1870 2279 τῶν

245 2298 325 2326 electi
345 2303 421 2331 sunt,
449 2306 530 2333 quam
551 2298 596 2333 qui
619 2298 722 2326 virtute
749 2291 867 2326 ac'vitze
888 2297 1030 2333 splendore

1086 2300 1185 2326 πόλεων
1196 2321 1203 2332 ,
1219 2300 1267 2326 καὶ
1290 2300 1471 2336 προκριθῆναι
1486 2300 1585 2335 μᾶλλον
1600 2300 1662 2331 τοὺς
1675 2299 1866 2334 φαυλοτέρους.

246 2353 345 2373 omnes
352 2345 486 2376 anteibat.

1082 2346 1099 2380 ἣ
1113 2345 1158 2372 τὸν
1179 2346 1222 2371 ἐπ’
1237 2346 1320 2381 ἀρετῇ
1339 2345 1387 2373 καὶ
1405 2345 1576 2382 λαμπρότητι
1597 2345 1661 2381 βίου,
1673 2346 1785 2377 παντων,
1798 2344 1868 2380 μᾶλη

1082 2390 1126 2421 λον
1141 2391 1316 2427 ὑπερέχοντα.

834 2476 889 2509 Ex
897 2475 1038 2508 Simeone
1052 2474 1276 2515 Metaphraste.

279 2537 394 2574 Magnus
424 2537 469 2565 hic
494 2538 640 2573 Gregorius
678 2538 832 2574 Theologus
866 2539 947 2566 vitam
971 2538 1029 2574 ipse

241 2593 319 2613 suam
336 2584 461 2620 exposuit
473 2583 499 2611 in
515 2583 548 2611 iis
564 2583 722 2612 funebribus
738 2585 918 2617 orationibus,
930 2585 1028 2619 quibus

241 2630 372 2657 Basilium
393 2628 530 2664 Magnum,
558 2627 719 2662 Gregorium
736 2633 853 2663 patrem,
879 2627 1025 2655 Cmsarium

241 2677 366 2708 fratrem,
388 2679 417 2702 et
435 2674 598 2708 Gorgoniam
616 2680 736 2701 sororem
758 2679 847 2701 ornat.
859 2675 898 2701 Ac
915 2675 1027 2709 proinde

241 2722 287 2754 qui
303 2720 465 2748 vitamillius
473 2719 703 2753 conscripserunt,
717 2726 770 2745 non
783 2718 890 2746 aliunde
903 2727 982 2753 quam
994 2727 1026 2747 ex

241 2767 328 2799 ipsius
349 2766 478 2800 operibus
508 2766 613 2793 dicendi
641 2770 830 2799 argumentum
855 2771 1031 2800 acceperunt.

241 2811 300 2838 lloc
327 2818 408 2838 unum
435 2810 590 2838 necessario
623 2810 778 2843 dicendum,
803 2810 873 2844 quod
894 2810 1027 2845 siquidem

242 2856 313 2890 apud
327 2855 451 2883 homines
463 2855 596 2883 exsistere
607 2854 724 2882 "necesse
736 2861 792 2882 erat
814 2856 927 2891 elligiem
944 2864 1029 2891 quan-

245 2901 308 2928 dam
324 2901 516 2940 etcolumuam
537 2909 571 2928 ex
589 2901 714 2928 omnibus
735 2902 880 2929 virtutibus
900 2907 1028 2930 constan-

244 2953 311 2982 ωω,
328 2950 382 2977 hoc
400 2953 459 2977 erat
472 2949 631 2986 Gregorius.
653 2949 719 2976 Nam
737 2956 797 2976 cum
810 2948 872 2976 vita:
888 2948 1032 2983 splendore

1081 2545 1130 2566 eos
1145 2539 1192 2573 qui
1204 2538 1321 2566 actionis
1335 2538 1414 2566 laude
1424 2537 1565 2571 ﬂorebant,
1582 2541 1745 2573 superasset,
1759 2545 1792 2566 eo
1803 2544 1865 2564 rur—

1080 2592 1127 2612 sus
1151 2583 1388 2618 contemplatiortis
1415 2591 1573 2619 progressus
1594 2587 1646 2617 est,
1678 2588 1708 2610 ut
1719 2590 1812 2611 omnes
1827 2582 1864 2609 illi

1080 2630 1218 2665 sapientiae
1247 2630 1431 2663 doctrinaeque
1461 2628 1540 2656 laude
1564 2628 1701 2660 cederent,
1729 2633 1782 2656 tam
1807 2628 1865 2661 ejus

1079 2684 1139 2711 qua:
1155 2676 1181 2703 in
1204 2676 1292 2703 verbis
1317 2684 1397 2710 quant
1413 2683 1472 2710 qua)
1497 2675 1523 2702 in
1537 2674 1598 2702 ﬁdei
1613 2675 1783 2708 dogmatibus
1803 2682 1864 2701 vcr-

1082 2727 1169 2749 satur.
1185 2721 1261 2749 Unde
1281 2722 1361 2749 etiam
1380 2721 1506 2756 Theologi
1529 2726 1735 2754 cognomentum
1752 2720 1864 2755 adeptus

1080 2772 1132 2794 cst.
1148 2767 1283 2799 Quantum
1311 2772 1400 2793 autem
1425 2766 1458 2793 ad
1483 2767 1606 2798 corporis
1626 2765 1740 2793 fortnam
1757 2766 1863 2797 attinet.

1079 2818 1182 2841 statura
1200 2814 1328 2840 mediocri
1343 2818 1413 2845 erat,
1439 2813 1557 2848 pallidus
1584 2813 1790 2847 aliquantulum,
1810 2819 1862 2837 non

1079 2863 1168 2885 tamen
1185 2860 1253 2885 citra
1270 2863 1449 2891 venustatem,
1475 2860 1604 2893 depresso
1622 2866 1697 2891 uaso,
1714 2857 1865 2892 superciliis

1079 2904 1107 2931 in
1121 2910 1224 2932 rectum
1241 2905 1386 2940 protensis,
1401 2912 1511 2940 aspectu
1525 2905 1623 2932 blando
1634 2911 1661 2932 et
1677 2905 1765 2936 suavi,
1779 2903 1864 2930 altero

1079 2950 1167 2985 oculo,
1183 2958 1278 2987 nempe
1296 2951 1404 2986 dextro,
1421 2951 1569 2984 subtristis,
1592 2958 1671 2986 quem
1693 2951 1776 2979 etiam
1793 2950 1866 2978 clea-
