2055 3130
194 159 245 189 ΞΗ

650 161 820 190 VFTERUM
836 161 881 189 ET
900 160 1151 190 RECENI'IORUM
1173 159 1392 189 TESTIIIONIA.

1772 160 1826 190 512

195 217 277 247 bendi
294 223 396 255 posset.
411 219 480 254 Quid
493 219 526 248 de
537 219 707 248 Theodoram
719 221 819 253 dicam,
839 220 886 255 qui
907 220 992 255 ipsam
1006 221 1030 251 Δ
1044 220 1152 249 Christo
1169 220 1243 253 illud,
1259 224 1287 248 et
1299 220 1327 248 in
1339 210 1458 248 Ecclesia
1473 219 1663 255 interpretans,
1673 226 1727 246 non
1742 225 1772 247 se
1788 219 1825 248 ita

194 271 303 300 quoque
323 264 439 300 theologi
455 265 574 299 pbrasim
587 264 743 294 aﬂ‘cctavit?
758 265 987 300 Quemadmodum

194 317 228 337 ex
249 310 328 338 unico
347 311 434 345 capite
449 310 510 338 libri
525 311 614 346 quarti
629 311 732 340 Hteret.
744 312 895 346 fabularum
914 319 989 345 aper-

195 353 301 395 tissime
318 354 410 389 liquet.
425 355 469 383 ubi
486 362 517 382 ex
532 357 614 383 variis
628 355 753 391 Gregorii
771 357 878 391 scriptis
891 357 989 384 oratio-

170 414 174 430 ε
196 407 257 426 nent
265 408 340 427 suam
350 401 533 428 concinnavit.
541 402 578 428 De
585 402 709 428 Nestorio
716 403 787 429 enim
799 402 910 437 loquens
917 402 985 438 (45),

197 445 297 481 Ἄλλην
308 446 338 478 ἐξ
347 447 430 482 ἄλλης
446 447 566 482 ἀμείϐων
583 447 686 483 χώραν.
702 447 827 483 καθάπερ
839 449 988 482 Αἰγυπτια-

196 492 292 533 stipa;
309 492 418 527 μάστιξ,
432 494 465 528 τῇ
483 494 587 528 μεγάλῃ
602 493 656 520 τῶν
674 492 830 529 Ἀντιοχέών
853 494 985 529 ἐνέσκηψε

196 537 289 564 πόλει·
303 539 332 564 ἐν
347 538 430 574 ταύτῃ
443 538 529 572 λόγων
545 539 706 575 ἐλευθερεων
722 540 839 575 μετρίως
851 549 984 576 μετεσχη-

195 581 310 615 κὼς....,
334 584 366 619 τῇ
401 584 548 620 Ἐκκλησὶξι
576 585 622 611 τοῦ
644 585 711 612 Θεοῦ
739 585 841 622 προῖὼν
861 586 988 620 εἰσεφθά-

198 637 245 664 ρη.
268 629 297 655 Ει
316 630 395 664 panlo
415 630 528 658 inferius
550 639 557 657 :
579 631 710 658 Ἐκδταῦοά
724 641 768 666 μοι
785 631 876 658 λοιπὸν
892 633 939 658 καὶ
952 633 986 659 τὰ

196 673 333 708 δράματα,
358 671 395 701 ὧν
424 675 521 711 μικροῦ
541 676 647 711 πλήρης
663 670 738 703 erasa
761 677 796 712 γῆ
823 686 853 705 τε
874 678 920 704 καὶ
939 677 985 704 θά-

196 718 291 747 λαττα.
315 720 410 747 Annon
426 721 482 747 haec
498 721 550 747 duo
570 721 626 748 loca
644 723 676 749 ad
695 723 804 749 verbum
825 723 984 757 transcripta

198 768 264 790 sunt
292 772 325 791 ex
356 765 539 793 Atltanasiana
568 765 691 800 Gregorii
718 767 861 794 oratione?
887 768 988 794 Rursus

199 810 256 837 haec
272 812 365 842 verba,
385 811 442 846 Τῆς
455 811 525 838 κατὰ
539 812 825 839 Κωνσταντινούπολιν
839 813 893 838 τῶν
909 812 988 848 ὀρθο-

197 855 283 888 εόξων
313 856 458 893 καθολικῆς
496 857 658 892 Ἐκκλησίας
691 857 740 893 τὴν
770 859 914 894 προεδρίαν
943 858 988 885 πί-

200 903 338 934 στεύεταιι
354 903 429 929 οὐδὲν
441 903 469 930 δὲ
485 900 565 938 ἦττον
576 904 682 939 καὶτῆς
697 905 860 940 οἰκουμένης
871 905 989 940 ἁπάσης.

200 948 336 982 Ipsissitua
347 954 410 975 sunt
426 949 507 976 verba
529 949 662 984 Gregorii,
679 951 728 977 etsi
747 951 833 977 locum
852 959 923 978 nttnc
936 959 988 978 non

200 993 267 1020 satis
281 994 401 1021 tuemini.
415 994 492 1028 Quod
513 999 540 1022 et
555 995 614 1022 aliis
630 996 718 1022 verbis
733 996 769 1022 ita
783 995 861 1023 etfert
874 997 899 1022 in
916 996 989 1023 Basi-

200 1037 283 1072 Iiana,
303 1039 352 1066 Διὰ
366 1040 430 1075 μιᾶς
444 1040 493 1075 τῆς
508 1040 667 1075 Καισαρέως
681 1041 784 1073 πόλεως
796 1043 829 1077 τῇ
844 1041 990 1078 οἰκουμένῃ

201 1085 277 1120 πάσῃ
292 1085 448 1120 πυρσεύειν.
460 1085 518 1113 Jam
540 1094 600 1113 eum
619 1087 687 1114 idem
704 1088 809 1115 ’flieod.
822 1088 915 1115 eodem
929 1088 989 1115 loco

201 1131 250 1162 ait,
272 1131 316 1162 Ὠς
331 1131 386 1166 γὰρ
399 1131 444 1158 τὸν
463 1132 589 1167 μέγιστον
612 1133 716 1159 ἐκεῖνον
735 1133 867 1160 κατέλαϐε
885 1133 988 1169 Θρὸνον,

201 1177 327 1213 καθάπερ
338 1177 398 1204 τινὰ
409 1178 553 1213 τυραννίδα
566 1179 615 1213 τῆς
632 1179 837 1215 ἀρχιερωσύνης
854 1179 902 1215 τὴν
923 1188 989 1215 προ-

202 1223 314 1251 στασίαν
325 1224 465 1259 ἁρπάσας·
483 1225 658 1260 proculdubio
667 1226 726 1254 Ita-c
740 1233 754 1252 a
766 1226 897 1261 Gregorio
917 1235 991 1254 accc-

201 1269 250 1304 pit.
271 1270 348 1304 cujus
369 1264 394 1297 in
417 1271 601 1298 Athanasiaua
623 1273 680 1298 haec
699 1273 779 1298 verba
795 1278 867 1304 sunt,
885 1273 921 1298 Οὐ
935 1272 989 1307 γὰρ

200 1315 269 1350 ὁμοῦ
283 1324 312 1341 τε
324 1315 527 1351 καταλαμϐάνει
543 1316 587 1342 τὸν
602 1316 706 1351 θρόνον,
721 1317 814 1352 ὥσπερ
830 1318 854 1343 οἱ
867 1317 990 1352 τυραννί-

201 1361 234 1387 δα
249 1362 308 1388 τινὰ
320 1362 336 1398 ἢ
350 1362 534 1397 κληρονομίαν
552 1363 703 1398 παράδοξον
720 1363 903 1399 ἁρπάσαντες.
920 1363 991 1391 Rur-

201 1414 248 1433 sus
259 1407 313 1439 illa,
329 1407 397 1434 οἴκοι
411 1407 446 1433 τὰ
461 1408 545 1434 πολλὰ
557 1408 667 1442 βιϐλίοις
677 1409 861 1444 προσανέχων,
876 1408 990 1436 animi?

203 1452 318 1486 ἡσυχίαν
338 1451 426 1487 ἑαυτῷ
444 1453 646 1488 συγγινόμενος,
667 1462 700 1481 ex
723 1455 844 1482 oratione
862 1457 895 1482 ad
910 1455 991 1482 Aria-

202 1505 254 1524 κως
272 1503 375 1531 sttttipta
391 1503 463 1525 sunt.
481 1498 533 1525 Sed
552 1499 586 1526 de
605 1499 657 1526 hoc
674 1500 750 1528 satis.
769 1500 882 1533 Quanta:
901 1506 990 1528 autem

203 1542 283 1569 tanta:
302 1550 382 1576 atque
399 1545 566 1572 auctoritatis
582 1545 607 1571 in
623 1545 747 1572 universa
771 1546 890 1573 Ecclesia
907 1546 992 1581 ipsius

205 1593 378 1615 nionmnenta
396 1589 506 1621 fuerint,
529 1589 603 1616 nullo
622 1595 779 1625 argumento
805 1592 925 1626 apertius
946 1592 993 1619 de-

206 1635 347 1660 monstrari
368 1639 465 1669 potest,
481 1642 561 1669 quam
584 1637 654 1670 quod
678 1635 766 1663 Latini
793 1645 827 1664 ne
857 1643 987 1671 punctum

205 1681 312 1714 quidem
334 1681 463 1715 temporis
483 1682 515 1708 iis
526 1689 619 1709 carere
633 1683 822 1713 sustinuerint.
840 1685 886 1711 sed
901 1684 992 1712 statim

206 1727 233 1752 in
247 1726 351 1753 Latiunt
365 1727 550 1755 transferenda
563 1728 695 1762 curarint,
710 1736 858 1763 eorumque
873 1729 994 1757 testimo-

206 1772 259 1799 niis
272 1773 355 1800 libros
368 1780 432 1800 suos
447 1773 616 1801 illustrarint.
629 1774 684 1802 Nos
695 1774 800 1802 caeteris
810 1774 920 1802 omissis
936 1775 993 1810 ipsa

206 1822 310 1844 tantum
329 1818 426 1845 Iuntina
440 1819 620 1853 proferemus.

242 1862 419 1898 Hieronymus
437 1865 494 1898 (46)
518 1872 578 1892 cum
589 1872 779 1901 praeceptorem
796 1875 873 1895 suum
889 1867 953 1895 facit
967 1868 994 1895 in

207 1908 333 1945 Catalogo
345 1911 501 1945 scriptorum
517 1912 662 1939 ecclesiau.
677 1918 704 1939 et
718 1913 744 1939 in
761 1912 888 1948 Apologia
906 1914 996 1948 priore

207 1954 331 1982 adversus
349 1955 473 1989 Ruﬁnum
490 1964 500 1983 :
521 1964 530 1981 t
549 1956 589 1983 An
613 1956 721 1990 injuria,
738 1957 845 1990 inquit,
862 1957 908 1984 tibi
925 1957 994 1985 facta

207 2004 259 2032 est,
270 2001 340 2034 quod
356 2009 405 2035 pro
416 2005 442 2028 te
453 2001 657 2034 Apollinarium,
672 2000 867 2036 Didymutnque
877 2007 996 2029 sectatus

207 2044 287 2071 sum?
319 2043 444 2079 Nunquid
467 2045 494 2072 in
520 2045 563 2072 illa
584 2045 696 2080 epistola
723 2035 882 2080 Gregorium
908 2047 994 2074 virum

207 2090 456 2126 eloquentissimum
483 2099 535 2118 non
561 2091 635 2126 potui
656 2091 816 2118 nominare?
837 2091 904 2124 Quis
927 2093 995 2126 apud

208 2135 320 2164 Latinos
345 2145 392 2172 par
406 2138 447 2164 sui
468 2138 531 2165 est?
546 2137 605 2171 Quo
627 2145 677 2172 ego
700 2137 829 2172 magistro
847 2137 947 2172 glorior
970 2142 998 2165 et

207 2183 325 2210 exsulto.
347 2193 356 2208 ι
374 2184 421 2210 Sui
438 2176 528 2211 autem
543 2184 672 2218 imparem
686 2184 754 2217 apud
768 2183 879 2211 Latinos
895 2183 997 2219 Grego-

208 2229 279 2256 rium
300 2230 405 2257 videtur
432 2231 533 2262 dicere.
557 2234 588 2257 ut
613 2235 687 2257 notet
699 2229 825 2256 Rufinum
845 2239 855 2261 :_
869 2229 914 2264 qui
937 2237 996 2257 cum

210 2275 267 2309 ipse
279 2276 349 2311 apud
362 2283 425 2303 suos
440 2281 511 2303 esset
521 2276 766 2310 eloquentissimus,
780 2274 892 2302 Rufinus
911 2274 937 2301 in
956 2275 997 2301 in-

209 2321 403 2356 terpretatione
418 2322 521 2356 aliquot
536 2322 607 2349 illius
626 2323 779 2349 orationum
795 2328 887 2355 parum
905 2321 997 2356 gnavi-

211 2371 252 2394 ter
269 2374 299 2394 se
314 2373 451 2402 gesserat,
460 2376 546 2403 neque
565 2369 631 2396 satis
644 2368 758 2396 feliciter
778 2371 858 2395 tautae
868 2367 1000 2403 eloquen-.

210 2414 255 2440 tite
271 2414 454 2447 responderat.

246 2458 317 2486 Idem
341 2458 518 2494 Hieronymus
535 2459 602 2493 (47),
622 2459 758 2495 explicans
773 2460 836 2488 illud
851 2461 948 2495 pres.
968 2466 1000 2492 ν,

208 2502 255 2536 52,
272 2503 472 2530 Sttcmmentum
489 2504 537 2530 hoc
554 2511 676 2538 magnum
689 2509 726 2530 est
748 2512 757 2531 :
772 2513 817 2539 ego
831 2510 928 2537 autem,
945 2509 996 2531 etc.

213 2557 224 2574 ‹
238 2548 385 2583 Gregorius
395 2548 596 2580 Nazianzenus,
608 2548 704 2583 inquit,
719 2549 759 2575 vir
772 2549 849 2576 valde
859 2550 996 2583 eloquens,

210 2599 239 2621 et
253 2595 279 2620 in
296 2594 443 2628 Scripturis
458 2595 580 2629 apprime
592 2594 724 2626 eruditus,
736 2601 797 2621 cum
818 2595 851 2621 de
870 2594 921 2621 hoc
941 2602 997 2622 me-

211 2647 272 2666 cum
288 2645 417 2667 tractaret
439 2639 508 2671 loco,
530 2640 633 2667 solebat
646 2640 737 2667 dicere
760 2647 766 2665 :
788 2640 854 2667 Vide
868 2645 996 2675 quantum

210 2683 289 2711 istius
316 2684 426 2718 capituli
450 2689 648 2712 sacramentum
675 2685 724 2718 sit,
745 2691 774 2713 ut
801 2685 945 2724 Apostolus
970 2685 1002 2714 in.

249 2759 305 2797 (45)
325 2760 403 2797 Iern.
414 2759 461 2797 IX,
475 2769 538 2797 pag.
551 2760 615 2788 ΞΗ.

249 2795 305 2831 (Δρ)
326 2796 402 2831 Τοιιι.
416 2795 461 2828 IV,
477 2795 546 2831 part.
560 2804 589 2830 tt,
608 2803 635 2831 p.
652 2796 714 2824 565.

249 2830 306 2868 (ιη)
326 2830 405 2868 '_I‘_om.
419 2831 464 2868 IV,
479 2830 582 2868 partit,
595 2830 622 2868 p.
639 2831 705 2862 595ρ.

250 2865 307 2900 (48)
327 2864 403 2894 Tom.
419 2865 449 2899 ll,
465 2864 490 2901 p7.
509 2866 571 2894 500.

1007 903 1027 930 Β

1006 1567 1029 1597 C

1040 271 1154 299 asserat,
1170 271 1199 294 ttt
1215 266 1360 294 testimonii
1377 265 1525 302 postulabat
1538 265 1665 300 dignitas,
1676 265 1826 299 expressis-

1045 322 1075 342 se
1089 335 1097 347 ,
1113 314 1160 342 sed
1175 313 1373 348 quodammodo
1387 313 1485 341 dixerit
1500 320 1508 339 :
1525 312 1587 340 Scio
1602 311 1662 346 quia
1680 311 1754 339 locus
1774 311 1826 339 iste

1044 361 1224 388 ineffabilibus
1239 359 1333 395 plenus
1346 359 1380 386 sit
1394 357 1581 390 sacramentis,
1596 361 1624 385 et
1637 356 1758 384 divinum
1778 363 1827 384 cor

1041 410 1144 441 quatrat
1159 404 1322 439 interpretis.
1340 413 1349 429 ι

1075 451 1239 486 Augustinus
1249 448 1305 482 (48)
1314 448 1427 484 epistola
1437 456 1538 475 cxcvttt
1552 448 1585 475 ad
1593 447 1825 479 Fortunatianum.

1042 497 1131 524 citatis
1153 496 1311 531 quibusdam
1324 503 1355 522 ex
1377 495 1533 526 Athanasio,
1549 504 1559 520 ι
1571 494 1716 528 Gregorius
1734 494 1825 525 etiatn,

1044 543 1149 577 iuqttit,
1175 546 1286 569 sanctus
1312 541 1454 575 episcopus
1487 540 1631 567 Orientalis
1657 539 1827 573 apertissime

1041 589 1117 620 dicit,
1135 588 1216 615 Deum
1234 592 1329 613 natura
1346 585 1518 616 invisibilem,
1532 585 1639 619 quando
1653 585 1773 619 patribus
1789 584 1828 610 vi-

1040 642 1087 662 sus
1100 638 1151 665 est,
1164 633 1234 660 sicut
1247 631 1343 666 Moysi,
1362 638 1420 658 cum
1435 639 1487 665 quo
1499 630 1567 657 facie
1579 631 1612 657 ad
1625 630 1720 657 faciem
1736 629 1828 664 loque-

1041 679 1130 710 batur,
1152 678 1264 712 alicujus
1289 676 1477 712 conspicabilis
1502 677 1621 704 materize
1650 675 1826 710 dispositione

1041 729 1190 759 assumpta,
1205 724 1278 751 salva
1302 731 1350 750 sua
1367 722 1550 750 invisibilitate
1566 722 1651 750 videri
1667 721 1796 756 potuisse.
1812 729 1824 746 ι

1041 772 1112 800 (λιιυι
1127 777 1219 807 postea
1234 770 1417 798 Ambrosium.

1077 818 1149 846 Idem
1164 817 1220 853 (l9)
1234 817 1280 844 lib.
1296 825 1305 844 I
1319 816 1418 844 Contra
1431 815 1568 843 lulianum
1584 809 1771 849 ‘Pelagiattum,
1795 813 1829 842 de

1041 869 1152 899 peccato
1166 863 1301 897 originali,
1315 867 1376 897 post
1394 863 1491 890 citatos
1510 861 1665 889 Occidentis
1676 860 1827 894 episcopos,

1042 911 1081 937 sic
1104 909 1137 936 de
1163 908 1292 943 Gregorio
1316 908 1499 941 Nazianzeno,
1528 913 1608 940 quem
1630 906 1743 940 pritnutn
1760 905 1828 932 inter

1041 954 1158 982 Orientis
1175 953 1315 988 episcopos
1338 952 1458 980 nominat
1475 962 1480 979 :
1503 961 1513 977 ι
1534 951 1588 978 Sed
1609 958 1660 978 non
1680 951 1725 978 tibi
1743 950 1829 977 deerit

1041 1001 1131 1035 magni
1150 999 1264 1027 nominis
1279 1005 1305 1026 et
1319 998 1388 1026 fama
1403 997 1577 1024 celeberrima
1595 996 1707 1024 illustris
1719 998 1826 1031 epist-o-

1041 1054 1091 1081 pus
1105 1046 1186 1074 etiam
1202 1046 1233 1073 de
1251 1045 1372 1080 partibus
1388 1044 1516 1074 Orientis,
1529 1043 1606 1078 cujus
1617 1043 1721 1076 eloquia
1735 1042 1828 1076 ingen-

1041 1093 1075 1119 tis
1090 1092 1187 1119 tnerito
1202 1091 1306 1126 gratim,
1321 1090 1402 1118 etiam
1427 1089 1452 1116 in
1469 1089 1584 1123 linguam
1603 1087 1724 1115 Latinam
1742 1092 1830 1114 trans-

1040 1136 1094 1163 lata
1112 1143 1302 1170 usquequaque
1317 1135 1484 1162 claruerunt.
1496 1134 1595 1161 Sedeat
1611 1141 1675 1168 ergo
1692 1141 1752 1160 cunt
1768 1133 1828 1160 istis

1040 1181 1165 1208 Patribus
1189 1180 1305 1216 (Latinis
1320 1179 1433 1213 scilicet)
1449 1180 1530 1207 etiam
1550 1184 1660 1206 sanctus
1672 1179 1831 1213 Gregorius,

1041 1231 1068 1254 et
1088 1233 1148 1252 cunt
1164 1227 1204 1252 eis
1224 1230 1276 1252 tua:
1289 1223 1484 1251 eriminationis
1503 1223 1611 1249 inanem
1630 1222 1748 1256 patiatur
1762 1221 1830 1247 invi-

1041 1272 1112 1299 diam
1128 1278 1136 1298 :
1150 1271 1212 1298 dum
1232 1275 1320 1297 tamen
1340 1278 1401 1297 cum
1417 1270 1456 1297 eis
1470 1274 1564 1297 contra
1585 1269 1713 1296 novitiattt
1728 1273 1828 1302 pestem

1040 1323 1170 1350 vestram,
1188 1316 1375 1343 medicinalem
1395 1321 1423 1342 et
1442 1316 1500 1350 ipse
1519 1316 1638 1350 proferat
1658 1314 1828 1342 Scntctttiatu.

1040 1363 1108 1392 Audi
1133 1370 1198 1396 ergo
1220 1362 1283 1396 quid
1302 1362 1373 1389 dicat
1396 1371 1403 1388 :
1426 1361 1526 1396 Imago,
1552 1361 1649 1395 inquit,
1673 1360 1717 1387 Dei
1742 1359 1829 1386 labem

1041 1416 1179 1444 cerporcae
1195 1408 1381 1436 inuntlatimds
1393 1412 1533 1443 expurget,
1549 1412 1576 1434 et
1593 1406 1764 1440 conjunctam
1780 1406 1830 1433 sibi

1041 1463 1150 1482 carnem
1168 1454 1246 1482 Verbi
1278 1454 1326 1481 Dei
1344 1454 1466 1482 sublevet
1487 1453 1591 1488 pennis.
1616 1452 1648 1479 Et
1663 1452 1795 1486 quamvis,
1818 1460 1828 1476 ι

1041 1506 1095 1528 etc.
1112 1501 1185 1528 Citat
1207 1505 1234 1528 et
1252 1506 1344 1535 postea
1367 1507 1399 1526 cx
1414 1501 1534 1527 oratione
1556 1499 1593 1526 De
1607 1490 1744 1533 baptismo.
1764 1507 1772 1524 ι
1790 1498 1831 1525 Au

1045 1545 1093 1573 tibi
1110 1553 1190 1581 parva
1203 1546 1229 1572 in
1242 1553 1295 1572 uno
1306 1545 1436 1578 Gregorio
1450 1545 1636 1579 episcoporum
1652 1543 1830 1571 Orientalium

1044 1591 1149 1619 videtur
1160 1590 1326 1618 auctoritas?
1341 1590 1386 1617 Est
1400 1590 1506 1624 quidem
1523 1594 1596 1616 tanta
1609 1596 1732 1623 persona,
1747 1593 1775 1614 ut
1785 1597 1832 1615 tte-

1044 1643 1096 1671 que
1113 1635 1159 1663 ille
1173 1637 1222 1662 hoc
1234 1635 1287 1662 nisi
1299 1642 1332 1661 ex
1347 1634 1400 1661 fide
1413 1634 1564 1661 Christiana
1581 1634 1706 1660 omnilnts
1723 1633 1831 1660 notissi-

1044 1689 1087 1708 ma
1104 1682 1205 1708 diceret
1221 1689 1228 1707 :
1243 1688 1294 1707 nec
1307 1680 1343 1707 illi
1357 1688 1417 1706 eutn
1432 1685 1485 1706 tam
1497 1680 1598 1706 clarum
1615 1680 1832 1712 ltabcrentatque

1043 1728 1242 1758 venerandum,
1258 1726 1310 1753 nisi
1327 1726 1383 1753 bace
1398 1727 1431 1753 ab
1445 1725 1489 1753 illo
1503 1726 1576 1752 dicta
1595 1733 1628 1752 ex
1646 1724 1737 1760 regula
1749 1724 1832 1751 notis-

1044 1772 1121 1799 simae
1132 1772 1257 1799 veritatis
1273 1776 1463 1807 agnoscerent.
1481 1781 1490 1797 ι

1078 1817 1150 1845 Idem
1168 1818 1215 1845 lib.
1235 1825 1254 1845 ιι
1270 1818 1398 1845 adversus
1417 1817 1542 1844 eumdem
1565 1825 1626 1852 pag.
1650 1817 1702 1844 550
1725 1815 1791 1844 citat
1805 1820 1831 1843 et

1045 1864 1160 1899 explicat
1171 1863 1370 1891 Nazianzenum
1384 1871 1416 1890 ex
1432 1862 1478 1889 lib.
1493 1863 1668 1898 Apologetico.
1686 1862 1718 1889 Et
1729 1862 1776 1888 lib.
1793 1861 1833 1888 De

1045 1911 1113 1937 dono
1126 1911 1324 1944 perseverantia:
1335 1917 1393 1944 cap.
1410 1910 1454 1943 I9,
1472 1917 1502 1936 ex
1522 1910 1645 1937 oratione
1662 1910 1689 1935 in
1711 1907 1834 1936 Penteco-

1045 1962 1102 1984 steu
1120 1956 1305 1983 testimonium
1333 1956 1436 1990 profert
1451 1963 1458 1982 :
1475 1955 1518 1983 ubi
1537 1960 1626 1982 tamen
1643 1961 1691 1989 pro
1707 1963 1716 1979 ε
1739 1954 1828 1988 depre-

1046 2002 1165 2034 cabitur,
1183 2010 1192 2027 )
1208 2001 1367 2029 vertendum
1384 2001 1482 2033 fuerat,
1499 2009 1508 2026 t
1526 2001 1741 2036 deprecabimur.
1760 2008 1771 2025 ι

1081 2048 1230 2083 Gregorius
1247 2047 1317 2082 Papa
1336 2047 1404 2084 (50),
1419 2047 1445 2075 in
1461 2048 1572 2082 prologo
1588 2046 1671 2074 tertiae
1684 2046 1768 2081 partis
1779 2044 1819 2073 Pa

1047 2093 1151 2119 storalis
1173 2101 1255 2125 cum,
1278 2093 1443 2128 Theologum
1467 2097 1588 2120 nostrum
1602 2092 1638 2119 ita
1658 2092 1721 2120 citat
1739 2099 1747 2118 :
1770 2100 1780 2116 t
1799 2091 1833 2119 Ut

1047 2138 1126 2174 longe
1146 2143 1207 2166 ante
1226 2147 1275 2166 nos
1293 2139 1447 2167 reverenda:
1463 2138 1599 2166 memoriae
1613 2137 1758 2171 Gregorius
1781 2137 1834 2164 Na-

1048 2184 1194 2210 zianzenus
1206 2183 1323 2210 edocuit.
1337 2183 1394 2210 Non
1407 2190 1459 2210 una
1471 2182 1619 2216 eadetnque
1627 2181 1729 2208 eunetis
1740 2181 1834 2208 exhor-

1049 2229 1113 2256 tatio
1128 2229 1261 2263 congruit,
1280 2229 1341 2263 quia
1356 2236 1408 2255 non
1422 2233 1534 2256 cunctos
1551 2235 1600 2262 par
1621 2234 1723 2253 morum
1746 2225 1832 2261 quali-

1049 2279 1090 2301 tas
1105 2275 1241 2308 astringit.
1260 2284 1268 2300 I
1283 2274 1345 2302 Hmc
1355 2281 1436 2309 porro
1448 2273 1529 2302 verba
1542 2279 1605 2300 sunt
1616 2272 1738 2307 Gregorii
1749 2271 1835 2299 nostri

1048 2329 1059 2348 ι
1074 2320 1212 2355 Apologet.

1084 2364 1137 2392 Leo
1156 2364 1227 2399 Papa
1244 2363 1312 2399 (SI),
1325 2362 1413 2399 Magni
1430 2365 1606 2397 cognomento
1617 2362 1771 2392 honoratas,
1788 2359 1834 2395 qui

1049 2410 1232 2445 pentilicatum
1247 2409 1366 2443 suscepit
1381 2408 1452 2435 circa
1465 2415 1564 2435 annum
1584 2406 1759 2438 Dominiltil,
1776 2405 1834 2439 epi-

1049 2455 1117 2483 stola
1133 2462 1233 2482 cxtxw
1258 2454 1290 2481 ad
1309 2453 1425 2481 Leonem
1440 2454 1587 2488 Augustum
1605 2457 1699 2480 contra
1716 2451 1836 2487 blasphe-

1051 2501 1120 2529 mias
1134 2500 1250 2527 Nestorii
1265 2505 1291 2528 et
1304 2499 1472 2534 Eutychetis,
1486 2499 1572 2526 sancti
1583 2498 1705 2533 Gregorii
1719 2497 1835 2533 episcopi

1051 2546 1217 2574 Nazianzeni
1243 2545 1270 2572 in
1284 2545 1394 2572 ltomilia
1411 2544 1449 2572 De
1463 2544 1610 2579 Epiphania
1625 2543 1684 2571 hate
1701 2543 1782 2570 verba
1797 2543 1836 2569 ci-

1052 2597 1089 2619 tat
1105 2601 1112 2619 :
1135 2601 1145 2618 ι
1164 2591 1230 2619 Cum
1249 2599 1313 2626 ergo
1334 2591 1511 2626 processisset
1527 2598 1560 2618 ex
1576 2589 1685 2624 Virgine
1708 2589 1788 2621 Deus,
1809 2588 1835 2615 in

1051 2645 1094 2671 ea,
1118 2646 1199 2674 quam
1229 2641 1414 2672 assumpserat
1444 2637 1560 2663 huntana
1588 2641 1694 2668 natura,
1720 2641 1802 2662 unum
1821 2641 1837 2661 θ

1052 2685 1156 2713 duobus
1178 2684 1229 2713 sibi
1252 2683 1367 2711 invicem
1392 2683 1536 2711 contrariis
1560 2683 1838 2715 exsistcns,cameet

1090 2757 1146 2795 (t9)
1167 2759 1243 2787 Tom.
1258 2759 1292 2793 Χ,
1308 2767 1333 2795 p.
1353 2758 1414 2786 504.

1089 2795 1145 2829 (50)
1165 2795 1242 2822 Tom.
1254 2795 1285 2827 II,
1303 2803 1329 2829 p.
1346 2795 1389 2822 55.

1089 2827 1147 2867 (51)
1165 2830 1194 2858 S.
1213 2830 1276 2863 Leo,
1290 2827 1355 2858 edit.
1372 2828 1501 2866 in-fol._p.
1517 2827 1580 2857 355.
