2055 3130
160 189 214 220 315

606 193 774 225 VETEHL‘M
793 197 838 224 ET
857 197 1107 227 RECENTIORUM
1126 199 1347 228 TESTIMONIA.

1736 206 1788 234 514

161 248 266 284 spiritu,
285 248 357 277 aliud
372 251 399 278 in
414 250 498 279 Deum
511 254 668 288 assumitur,
682 255 754 282 aliud
769 256 876 284 deitatis
889 264 949 290 gra-
965 261 988 289 Α
1037 257 1161 285 Gelasius
1185 258 1218 285 de
1245 258 1348 284 dualms
1369 257 1395 284 in
1411 257 1519 286 C-hristo
1539 261 1641 288 naturis
1660 262 1787 291 adversus

161 296 195 322 tia
209 300 328 330 prazstat.
349 296 421 324 Idem
439 298 508 325 infra
527 308 534 326 :
552 299 647 328 Missus
660 306 702 328 est
717 302 837 336 quidem.
852 303 899 330 sed
919 308 948 330 ut

161 341 253 368 homo.
273 341 375 376 Duplex
396 344 467 370 cnim
481 349 540 371 eral.
553 345 578 372 in
590 353 622 372 eo
634 349 742 373 natura.
758 345 820 373 lude
832 347 948 381 denique

158 390 186 413 et
204 387 335 414 laboravit
349 395 382 415 ex
395 388 502 421 itinere,
518 390 579 417 inde
593 395 619 417 et
631 391 735 423 esuriit,
755 395 782 418 ct
802 391 896 423 sitivit,
916 398 944 418 et

157 432 334 460 contristatus
349 438 402 466 est,
418 439 444 460 ιιι
466 434 548 467 flevit,
573 435 682 462 humani
705 437 827 470 corporis
847 437 915 472 lege.
935 446 944 463 ι

158 475 231 504 Citat
244 482 336 510 postea
351 477 479 505 Basilium
491 479 646 513 episcopum
662 480 862 515 Cappadocum.

192 521 350 550 Vincentius
374 523 524 550 Lirinensis
548 524 604 551 fere
628 525 661 552 ad
678 526 757 552 tincm
776 525 849 559 libri,
864 534 945 561 quem

158 567 237 596 docte
261 569 392 596 adversus
418 569 544 605 profanas
571 569 705 598 novitates
722 571 895 609 conscripsit.
920 573 945 599 in

158 614 292 648 Ephesina
309 615 410 650 synodo
425 623 472 642 suo
486 621 606 650 tempore
617 622 711 643 contra
723 616 876 644 Nestorium
898 625 944 645 ce-
966 642 969 645 .

158 659 270 693 lcbrata,
287 661 388 696 scripta
408 660 573 689 Nazianzeni
592 662 703 689 recitata
714 663 819 691 scribit.
833 672 842 689 ι
860 663 946 691 Adhi-

159 705 215 732 bita
238 710 301 732 sunt
326 706 420 738 etiam,
446 706 541 741 inquit,
569 707 614 734 illa
632 708 810 742 Cappadocia:
832 709 943 742 lumina,

157 756 266 779 sanctus
277 751 425 786 Gregorius
436 753 579 788 cpiscopus
590 759 616 781 et
627 755 766 782 conlessor
781 756 814 782 de
828 755 943 782 Nazian—

157 797 190 824 do
207 798 246 825 vel
263 797 400 826 Nazianzo
416 808 424 827 :
439 805 551 827 sanctus
563 800 676 828 Basilius
693 801 825 829 Caesarea:
840 802 946 837 Cappa-

156 843 239 878 doeiae
251 845 394 880 episcopus
407 850 434 873 et
446 845 596 873 confessor.
616 857 625 872 ι

191 889 256 922 Qua:
276 895 364 917 autem
385 891 411 918 in
424 899 454 918 ea
472 893 573 927 synodo
589 900 620 920 ex
639 893 811 921 Nazianzeno
830 895 941 922 recitata

153 932 217 965 sint,
239 933 278 960 sic
293 933 419 962 Rusticus
436 936 565 963 diaconus
585 943 677 964 contra
695 939 844 973 Acepbalos
869 947 942 967 com-
957 934 979 961 Β

154 983 296 1011 memorat,
316 980 360 1006 ubi
385 981 418 1007 de
443 981 593 1008 differentia
618 982 689 1010 inter
705 983 779 1011 Unus
800 990 827 1011 et
841 985 940 1017 Unum,

152 1022 228 1050 Alius
239 1027 266 1050 et
276 1024 365 1052 Aliud.
376 1034 386 1050 ι
398 1025 463 1057 Sua,
475 1027 560 1061 inquit
572 1027 640 1063 (52),
658 1030 781 1064 dogmata
796 1030 926 1058 confirma
935 1046 942 1051 -

154 1068 194 1094 vit
210 1068 354 1104 (Ephesinu
371 1072 475 1099 scilicet
493 1073 621 1109 synodus)
643 1075 712 1102 inter
734 1075 804 1102 beati
826 1075 941 1104 Nazian-

153 1116 213 1142 zeni
226 1116 349 1150 Gregorii
365 1117 504 1150 lectiones,
521 1120 615 1147 dicens
631 1121 666 1147 ita
683 1130 688 1148 :
708 1122 784 1149 Alius
794 1123 901 1156 quidem
914 1128 941 1149 et

151 1160 232 1188 Aliud
247 1168 278 1188 ex
292 1162 389 1196 quibus
402 1163 525 1191 Salvator
544 1174 550 1192 :
572 1167 705 1200 siquidem
719 1174 771 1193 non
785 1167 854 1194 idem
870 1168 939 1195 invi-

152 1209 230 1237 sibile
249 1211 358 1245 visibili,
373 1217 400 1239 et
414 1213 439 1240 id
453 1214 522 1248 quod
542 1215 720 1249 intemporale
736 1216 774 1243 illi
789 1217 859 1250 quod
876 1218 940 1245 sub-

152 1257 307 1289 temporale.
327 1267 336 1284 ι
352 1257 417 1291 Quae
440 1260 521 1286 verba
548 1268 581 1288 ex
608 1262 698 1295 priore
719 1262 752 1289 ad
780 1262 938 1291 Cledonium

151 1302 263 1333 epistola
277 1310 384 1338 sumpta
399 1310 471 1338 sunt,
486 1314 566 1341 quam
579 1308 606 1335 in
624 1308 719 1335 eodem
735 1309 805 1336 libro
819 1309 939 1343 pluribus

151 1344 216 1374 locis
230 1348 311 1381 citat;
329 1354 410 1383 atque
431 1351 511 1378 etiam
534 1352 676 1380 haereticos
700 1354 741 1389 (ut
757 1354 793 1382 illi
816 1355 882 1382 nihil
896 1357 938 1382 in-

151 1396 284 1420 tentatum
311 1399 339 1422 et
359 1395 542 1431 incorruptum
570 1399 736 1433 relinquunt)
766 1405 794 1428 et
823 1402 939 1428 maxime

150 1437 326 1467 Nestorianos
348 1440 510 1469 Nazianzeni
533 1445 679 1472 sententias
701 1447 829 1480 quasdam
846 1448 879 1474 ad
897 1447 936 1474 sui

149 1485 252 1512 erroris
281 1485 514 1514 confirmationem
541 1489 701 1524 detorquere
733 1496 859 1519 tentasse.
892 1492 938 1520 Sic

149 1530 222 1556 enim
239 1530 274 1557 ibi
295 1531 449 1564 luereticns,
467 1534 511 1567 qui
530 1533 643 1569 loquens
657 1537 802 1572 inducitur,
818 1538 911 1572 objicit.
928 1547 936 1565 :

152 1583 162 1600 ι
185 1574 326 1604 Hominem
340 1583 419 1612 quem
439 1578 584 1613 Apostolus
602 1581 675 1608 velut
697 1582 723 1608 in
743 1583 796 1609 duo
824 1585 937 1616 partitus

148 1627 200 1655 est,
215 1628 316 1650 sancta:
332 1626 469 1653 memoriis
487 1625 633 1662 Gregorius
650 1637 731 1655 unum
756 1630 842 1657 modis
855 1632 940 1658 omni-

148 1668 199 1696 bus
211 1670 342 1703 nominat,
356 1678 390 1698 ne
399 1671 509 1700 Christo
523 1680 583 1700 cum
598 1675 752 1708 conferens,
768 1676 835 1703 duos
851 1676 939 1703 vidca-

150 1719 194 1741 tur
204 1715 329 1743 Christus
344 1724 477 1749 asserere,
496 1728 504 1743 ι
519 1725 573 1746 etc.
587 1719 620 1746 Et
632 1725 692 1754 post
705 1730 711 1748 :
727 1730 736 1746 ι
751 1721 822 1748 Dixit
838 1722 936 1750 alicubi

147 1761 308 1796 Apostolus:
321 1761 391 1794 Quia
401 1769 498 1798 quanto
510 1765 542 1791 iis
557 1766 600 1800 qui
612 1765 677 1800 [oris
692 1767 725 1798 ⁸³,
738 1777 746 1792 ι
762 1772 813 1794 etc.
824 1767 937 1802 Subjici-

149 1813 192 1834 tur
206 1808 269 1836 inde
280 1810 425 1845 explicatio
437 1811 556 1838 locorum
573 1812 646 1839 Pauli
663 1816 689 1839 et
705 1813 876 1841 Nazianzeni.
896 1815 935 1842 ibi

147 1854 219 1881 enim
231 1860 325 1883 contra
338 1857 480 1885 hmreticos
492 1858 612 1892 pluribus
624 1860 774 1894 explicatur
787 1861 839 1888 ista
850 1861 938 1887 Theo-

149 1899 199 1935 logi
211 1902 343 1928 sententia
357 1910 364 1928 :
382 1902 427 1930 Sic
446 1911 479 1930 ex
494 1904 598 1932 duabus
611 1906 714 1932 naturis
731 1905 866 1938 Christus,
882 1907 936 1934 sic-

148 1951 177 1973 ut
191 1955 223 1974 ex
239 1948 328 1975 anima
341 1953 368 1976 et
379 1956 493 1984 corpore
507 1951 598 1978 homo.
614 1951 686 1978 illam
701 1952 772 1979 enim
797 1953 938 1980 han'etieus

148 1996 177 2019 ut
200 1999 216 2020 a
236 1994 294 2022 suis
307 1995 430 2030 partibus
447 2001 563 2023 stantem
583 1997 609 2024 in
626 1998 742 2024 medium
759 1999 935 2032 proponebat.

147 2042 177 2064 nt.
192 2043 220 2065 et
235 2040 377 2067 nonnullas
391 2040 467 2074 alias,
485 2049 553 2076 quas
568 2041 695 2070 Rusticus
713 2044 770 2077 ipse
795 2043 889 2071 eodem
905 2042 937 2069 li-

147 2083 197 2110 bro
208 2084 329 2119 pluribus
345 2086 471 2121 explicat.

1003 303 1150 338 Eutychem
1170 308 1198 331 et
1221 303 1385 335 Nestorium,
1406 305 1488 331 multa
1514 312 1634 334 veterum
1651 308 1788 344 theologo-

1000 356 1072 382 rutn,
1087 354 1115 375 ut
1133 349 1239 384 lguatii,
1252 350 1395 382 Eustatbii,
1413 350 1561 386 Hippolyti,
1572 353 1724 387 Athanasii,
1738 353 1789 382 Eu-

999 395 1066 421 sebii
1093 394 1225 430 Pamphili
1249 396 1336 424 citatis
1360 399 1523 431 testimonia,
1544 403 1571 425 et
1593 399 1649 427 lucc
1664 399 1787 436 Gregorii

998 440 1160 468 Nazianzeni
1176 443 1203 469 in
1217 442 1303 470 Natali
1319 444 1423 471 Domini
1438 445 1529 472 laudat
1543 445 1598 480 (53)
1618 455 1625 472 :
1653 455 1663 472 ι
1683 447 1786 482 Duplex

997 493 1057 515 erat
1069 488 1204 522 Christus,
1227 490 1308 517 homo
1325 491 1432 525 quidem
1451 492 1522 525 quod
1539 493 1689 526 videbatur,
1716 494 1787 522 Deus

998 541 1062 561 vero
1075 535 1209 569 quodnon
1222 536 1373 570 videbatur,
1388 539 1531 565 comedens
1541 539 1649 573 quidem
1663 543 1691 566 ut
1707 540 1787 568 homo

997 587 1061 607 vere
1078 585 1105 607 et
1116 581 1195 608 sicuti
1207 589 1265 610 nos.
1293 581 1395 609 Habuit
1409 583 1483 610 enim
1493 584 1583 610 carnis
1598 584 1713 611 similem
1723 592 1786 619 pas-

996 625 1151 652 sibilitatem
1159 626 1239 653 sicuti
1254 635 1313 654 nos.
1322 637 1331 653 ι
1340 627 1440 654 ibidem
1451 628 1532 655 etiam
1542 636 1571 655 ex
1579 629 1697 662 ejusdem
1710 631 1782 664 prio-

995 678 1025 698 re
1040 672 1071 698 ad
1085 672 1243 698 Gledonium
1259 673 1370 706 epistola
1385 674 1515 706 permulta
1528 674 1640 708 profert,
1652 676 1783 709 quemad-

995 718 1104 744 modum
1120 723 1148 744 et
1158 725 1190 745 ex
1208 718 1320 752 epistola
1335 718 1367 745 ad
1380 718 1545 746 Nectarium.

1029 783 1146 812 Joannes
1159 792 1299 821 episcopus
1315 785 1462 818 Romanus,
1478 788 1563 814 tribus
1579 787 1725 814 Iustiniani
1736 788 1783 815 im-

994 831 1127 864 peratoris
1140 831 1334 864 qumstionibus
1349 832 1523 866 respondens,
1545 837 1573 860 ut
1589 834 1683 867 probet
1703 833 1782 860 Chri-

993 879 1064 902 stum
1080 883 1159 902 uuam
1172 883 1232 903 esse
1252 884 1286 904 ex
1305 877 1429 910 personis
1446 877 1597 908 Trinitatis,
1612 883 1673 913 post
1688 878 1781 914 Augu-

994 922 1093 948 stinum
1120 923 1179 949 haec
1205 922 1326 957 Gregorii
1355 922 1518 950 Nazianzeni
1544 932 1574 950 ex
1603 931 1726 951 sermone
1747 925 1781 952 de

995 967 1144 1002 Epiphania
1164 968 1231 995 citat
1245 968 1301 1004 (54)
1319 979 1324 995 :
1343 977 1352 994 ‹
1374 968 1457 996 Deum
1485 976 1545 996 eum
1567 970 1636 1002 dico,
1670 969 1780 997 omnino

995 1021 1048 1040 uno
1065 1013 1166 1040 lumine
1179 1013 1348 1041 illustramur
1359 1014 1438 1041 simul
1452 1019 1479 1042 et
1493 1015 1590 1047 tribus,
1603 1023 1656 1043 uno
1671 1016 1779 1051 quidem

993 1058 1140 1085 secundum
1160 1058 1372 1092 uniuscujusque
1390 1059 1569 1093 proprietates
1587 1060 1644 1086 sive
1654 1061 1780 1087 substan-

995 1102 1058 1134 tias,
1074 1103 1144 1129 sicut
1157 1102 1246 1137 placet
1257 1103 1394 1138 aliquibus
1406 1103 1506 1134 dicere,
1519 1103 1576 1130 sive
1590 1105 1780 1139 personas(ni-

994 1147 1033 1174 hil
1052 1148 1123 1175 enim
1140 1156 1189 1183 pro
1211 1149 1402 1176 vocabulorum
1426 1150 1582 1177 diversitate
1596 1150 1780 1179 dissidendum

993 1198 1044 1225 est,
1068 1201 1129 1221 cum
1153 1194 1186 1221 ad
1202 1194 1326 1221 eumdem
1347 1202 1455 1221 sensum
1481 1195 1617 1222 nominum
1639 1196 1780 1223 diversitas

993 1244 1123 1273 provocet
1134 1245 1161 1266 et
1175 1239 1351 1275 intellectum)
1363 1248 1443 1266 unum
1459 1246 1547 1267 autem
1560 1241 1706 1268 secundum
1721 1242 1781 1268 sub-

991 1285 1129 1317 stantiam,
1141 1285 1182 1312 vel
1196 1285 1303 1312 deitatis
1318 1286 1430 1312 ratione.
1454 1286 1588 1313 Dividitur
1602 1294 1676 1321 ergo,
1695 1292 1724 1314 ut
1741 1287 1778 1314 ita

995 1329 1081 1356 dicant
1098 1330 1310 1363 indivisibilitcr,
1332 1331 1502 1366 coniungitur
1527 1332 1706 1365 dirisibiliter,
1727 1341 1777 1360 una

991 1380 1033 1403 est
1045 1376 1071 1403 in
1084 1377 1170 1404 tribus
1183 1377 1282 1404 deitas.
1297 1387 1307 1404 ι

1025 1432 1191 1460 Justinianus
1205 1433 1383 1468 llmpcrator,
1395 1434 1480 1461 Edict.
1497 1435 1686 1462 auvcrsusttria
1700 1435 1746 1470 Cal
1758 1437 1779 1461 i-

991 1477 1059 1510 tula,
1081 1483 1110 1505 ut
1129 1479 1195 1505 duas
1213 1485 1322 1506 naturas
1345 1484 1371 1506 ct
1386 1481 1514 1506 unitatem
1535 1487 1655 1514 persona:
1676 1486 1779 1507 asserat.

991 1526 1018 1551 in
1038 1525 1156 1557 Christo,
1176 1529 1299 1552 sanctum
1322 1525 1481 1560 Gregorium
1506 1525 1670 1560 Tbcologum
1697 1528 1778 1553 semel

990 1575 1017 1598 et
1033 1572 1128 1598 iterum
1145 1571 1275 1599 nominat.
1289 1570 1389 1597 Coucil.
1408 1577 1474 1598 tom.
1489 1570 1518 1603 V,
1533 1580 1558 1606 p.
1576 1571 1638 1603 (595,
1652 1572 1712 1599 698.

1027 1627 1143 1655 Sanctus
1159 1627 1316 1655 Theodorus
1332 1628 1436 1655 Studita
1455 1629 1576 1663 pluribus
1597 1630 1622 1655 in
1645 1630 1709 1657 locis
1722 1630 1778 1665 (.35)

991 1673 1116 1708 Gregorii
1146 1673 1249 1708 profert
1277 1675 1441 1706 testimonia,
1464 1674 1505 1700 vel
1525 1675 1549 1700 in
1569 1682 1623 1702 sum
1639 1677 1778 1702 sententia:

990 1720 1178 1753 patrocinium,
1203 1720 1242 1746 vel
1268 1725 1296 1746 ut
1317 1720 1396 1746 verba
1422 1720 1508 1746 sancti
1527 1721 1645 1748 (il)t.‘i0l‘i5
1660 1730 1673 1747 a
1688 1723 1777 1756 pravis

990 1765 1176 1792 haereticorum
1198 1765 1463 1798 interpretationibus
1478 1766 1602 1793 vindicet.
1624 1767 1670 1793 Sic
1685 1768 1778 1794 Antir-

990 1809 1093 1836 rhetico
1112 1818 1130 1836 ιι
1146 1810 1268 1836 misenus
1281 1809 1478 1841 [conemur/ws,
1497 1815 1561 1837 lout.
1580 1810 1599 1837 V
1617 1810 1698 1846 Oper.
1718 1813 1778 1839 Sir—
1825 1815 1828 1819 '

991 1855 1092 1886 mondi,
1107 1863 1132 1887 p.
1148 1854 1209 1882 107.
1227 1854 1303 1887 item,
1317 1855 1379 1882 ibid.
1396 1864 1455 1890 pag.
1473 1856 1534 1888 125,
1551 1857 1611 1890 1‘26,
1627 1857 1687 1883 127.
1711 1857 1775 1884 item

990 1900 1158 1935 Refutatiune
1173 1902 1313 1935 impiorum
1341 1907 1498 1936 poematum,
1514 1910 1574 1937 pag.
1597 1904 1657 1930 195.
1674 1904 1777 1931 Itursus

990 1947 1119 1974 Aduersus
1132 1947 1332 1981 [conamur/ws,
1342 1955 1401 1983 cap.
1414 1956 1438 1975 vi
1450 1953 1533 1980 etvn,
1543 1949 1666 1984 pag.2l5
1680 1956 1706 1977 et
1717 1958 1774 1985 seq.

990 1993 1088 2020 lterum
1106 1994 1184 2028 epist.
1200 1993 1246 2020 lib.
1269 2003 1299 2026 ii,
1318 1995 1396 2028 epist.
1413 2002 1505 2028 xxaw,
1522 2004 1583 2031 pag.
1596 1995 1660 2024 445.
1676 1997 1714 2024 Ac
1728 1997 1776 2024 de-

989 2048 1062 2067 mum
1077 2041 1156 2075 epist.
1173 2048 1244 2074 cuv,
1259 2048 1284 2075 p.
1303 2041 1363 2068 6‘25.

659 2143 703 2173 De
718 2143 862 2182 operibus
878 2148 907 2174 ct
921 2144 1047 2183 scriptis
1062 2143 1266 2174 Nazianzeni.

181 2192 276 2221 Omnia
304 2201 364 2229 quae
399 2194 563 2222 Nazianzeni
591 2196 701 2222 nomine
733 2195 931 2230 inscribuntur,
950 2205 972 2233 ι)
985 2196 1083 2230 sepius
1106 2203 1122 2222 e
1141 2200 1266 2230 suggestu
1299 2196 1333 2222 ad
1364 2195 1491 2230 populum
1519 2195 1719 2226 concionatum.
1736 2196 1775 2222 Ac

147 2241 217 2268 citra
235 2241 447 2268 controversiam
462 2241 547 2276 ipsius
563 2245 626 2268 sunt
649 2245 749 2276 praeter
776 2242 933 2277 metaphra-

145 2287 187 2313 sin
208 2287 236 2313 in
262 2285 450 2320 Ecclesiasten,
463 2295 524 2321 qua:
548 2288 598 2323 ipsi
619 2287 687 2314 falso
703 2288 841 2318 tribuitur.
862 2289 933 2315 utin

146 2336 307 2366 argumento
332 2339 366 2358 ex
393 2331 555 2366 Hieronymo
580 2332 739 2359 docuimus:
755 2337 781 2358 ct
801 2333 935 2367 significa-

147 2378 246 2404 tionem
272 2377 298 2405 in
326 2377 503 2411 Ezecltielem,
515 2385 576 2412 qua:
595 2383 642 2405 aut
660 2378 733 2405 illius
748 2385 800 2405 non
824 2384 876 2411 est,
889 2383 935 2406 aut

145 2428 218 2450 certe
237 2423 271 2450 ab
289 2430 322 2451 eo
336 2431 389 2450 non
404 2423 487 2450 edita.

180 2469 244 2497 Duae
267 2474 375 2497 exstant
403 2471 540 2498 orationes
563 2470 633 2498 illius
658 2478 672 2498 a
704 2470 802 2499 Ruﬁno
830 2470 933 2499 Latina:

144 2513 235 2547 facite,
249 2523 309 2550 qua:
323 2523 377 2543 non
400 2521 464 2543 sunt
486 2516 513 2543 in
529 2516 624 2544 Gratco
639 2517 799 2552 exemplari.
820 2517 931 2553 (Perpe-

144 2567 202 2587 ram
219 2560 350 2595 Gregorio
365 2562 503 2589 orationes
518 2562 583 2590 istas
609 2563 702 2590 tribuit
725 2562 830 2597 Billius,
856 2569 883 2590 ιιι
904 2564 930 2591 in

145 2606 290 2640 pradoquio
304 2607 480 2644 notavimus.)

180 2652 221 2680 Ex
235 2654 314 2680 docta
330 2654 440 2681 illiusin
458 2655 560 2682 dictum
577 2655 716 2691 Evangelii
734 2656 844 2683 homilia
859 2656 934 2683 vide-

145 2701 189 2726 tur
200 2698 300 2726 multas
315 2699 384 2727 alias
399 2699 456 2734 ejus
466 2701 576 2735 generis
589 2701 774 2736 composuisse
786 2708 794 2728 :
808 2705 836 2727 ut
853 2708 931 2735 quem

144 2747 246 2771 eertum
267 2743 304 2771 sit
326 2750 354 2772 et
377 2743 505 2772 Naziauzi
523 2750 550 2773 et
569 2745 802 2782 Constantinopoli
828 2752 854 2774 et
870 2746 932 2773 alibi

178 2809 200 2826 "
217 2809 228 2838 ι
240 2811 305 2839 Cor.
316 2818 344 2845 ν,
358 2812 402 2839 t3.

178 2879 236 2914 (52)
253 2879 325 2909 Βιιιι.
341 2879 418 2908 Patr.
437 2885 500 2911 tom.
514 2881 558 2909 IV.

179 2915 236 2950 (εδ)
256 2915 295 2943 Id.
310 2916 376 2944 ibid.

985 2241 1101 2268 fortasse
1121 2241 1147 2268 in
1164 2249 1257 2269 sacros
1274 2241 1358 2268 libros
1375 2242 1586 2269 connuentarios
1604 2242 1698 2273 edidit,
1711 2242 1774 2275 Epi-

985 2287 1139 2322 stolamque
1162 2286 1238 2314 Pauli
1265 2288 1299 2314 ad
1322 2287 1509 2322 Pliilippcnses
1533 2289 1639 2316 videtur
1667 2289 1774 2324 scriptis

987 2334 1043 2359 suis
1061 2333 1222 2360 illustrasse.
1237 2332 1265 2360 lu
1291 2334 1343 2360 line
1365 2334 1438 2360 enim
1462 2334 1652 2362 Anatbematis
1668 2342 1772 2361 morum

987 2379 1080 2414 Cyrilli
1097 2379 1137 2406 sic
1156 2378 1263 2412 legitur,
1281 2378 1311 2406 υ.
1336 2379 1460 2414 Gregorii
1478 2380 1598 2414 episcopi
1617 2381 1644 2407 in
1667 2381 1773 2412 Episto-

985 2424 1038 2450 lam
1067 2424 1101 2451 ad
1128 2423 1319 2458 Pliilippeuses.
1346 2426 1434 2459 Atque
1454 2426 1504 2453 boc
1531 2426 1711 2460 fragmenth
1728 2426 1773 2453 hic

987 2469 1134 2497 ascribitur
1149 2478 1157 2496 :
1176 2469 1232 2497 (lac
1246 2471 1375 2504 sapiatur,
1392 2471 1492 2506 inquit,
1504 2473 1573 2505 quod
1587 2477 1611 2498 ei
1627 2473 1652 2498 in
1667 2471 1772 2498 Clu-isto

984 2514 1058 2548 Iesu,
1073 2516 1119 2550 qui
1136 2524 1195 2542 cum
1212 2516 1239 2542 in
1257 2516 1343 2549 forma
1361 2516 1409 2543 Dei
1434 2524 1509 2548 esset.
1523 2525 1574 2544 non
1599 2517 1717 2551 rapinam
1730 2526 1772 2543 ar-

985 2561 1096 2588 bilratul
1111 2566 1149 2588 est
1165 2570 1220 2589 esse
1239 2562 1364 2597 (squalent
1381 2563 1435 2590 Deo
1446 2571 1455 2589 :
1471 2565 1514 2589 sed
1533 2564 1697 2596 semetipsum
1723 2571 1770 2589 ea:-

990 2609 1112 2640 inanivit,
1130 2609 1243 2643 formam
1266 2609 1333 2636 serri
1346 2610 1488 2643 suscipiens
1499 2610 1532 2636 “.
1554 2619 1563 2635 ι
1575 2609 1643 2642 Quid
1672 2617 1772 2643 paupe-

986 2655 1044 2681 rius
1060 2655 1086 2681 in
1106 2655 1173 2687 Deo.
1188 2663 1269 2690 quam
1293 2657 1379 2682 lorma
1397 2657 1486 2683 servi?
1502 2656 1571 2689 Quid
1593 2655 1718 2682 liutnilius
1742 2656 1770 2682 in

987 2700 1061 2736 Rege
1076 2707 1248 2733 cunctorum,
1266 2710 1346 2736 quam
1363 2705 1396 2728 ad
1413 2703 1628 2730 communionem
1646 2702 1770 2736 pauperis

987 2752 1087 2774 nostra:
1102 2753 1206 2774 natura:
1222 2754 1318 2777 sponte
1335 2749 1446 2776 venire?
1464 2749 1520 2776 ltex
1535 2756 1628 2784 regqu
1641 2754 1668 2775 et
1681 2749 1770 2776 Domi-

1020 2814 1042 2829 ²¹
1059 2813 1173 2848 Philipp.
1188 2822 1218 2847 tt,
1233 2815 1292 2842 5-7.

1098 2883 1219 2923 Epist._5
1235 2884 1268 2910 ad
1283 2883 1358 2918 Sam,
1376 2889 1396 2912 t.
1413 2881 1447 2914 ι’(
1459 2886 1550 2920 (Iona,
1563 2894 1590 2923 p.
1606 2886 1684 2917 [75L

1020 2918 1076 2954 (55)
1097 2918 1166 2947 Edit.
1186 2919 1267 2947 Sirtn.
1543 2918 1572 2923 V'
1618 2945 1621 2948 .
