2055 3130
283 174 336 202 δὶὅ

830 174 947 203 JACOBI
970 175 1069 203 BILLII
1089 176 1353 205 PRAEFATIONES.

1858 176 1914 205 516

282 242 335 262 nus
349 234 546 261 dominantium
577 234 698 260 induitur
715 233 801 261 forma
816 236 908 262 servi:
924 235 1005 269 judex
1018 244 1076 262 orn-
1090 241 1113 268 Α
1128 241 1214 271 posstt
1241 236 1427 264 Nazianzenus
1447 240 1548 268 noster,
1575 235 1687 271 quando
1716 235 1809 262 statim
1839 235 1911 262 aliud

287 281 361 308 nium
377 280 407 307 tit
422 280 546 307 subditus
567 280 761 314 postcstatibus
777 286 909 308 creature
924 290 930 308 :
944 281 1075 309 Dominus

283 326 310 355 in
325 327 453 361 spelunca
481 325 624 360 deponitttr
646 334 653 352 :
669 326 715 360 qui
728 327 819 354 omnia
844 328 977 360 continet,
987 328 1014 354 in
1031 327 1072 355 di-

282 372 403 399 versorio
418 379 472 398 non
489 371 591 398 invenit
609 371 708 404 locum,
729 372 777 399 sed
802 373 828 399 in
846 379 968 407 praesepe
990 373 1071 408 proji-

281 419 571 453 citurjumentoruni;
593 419 708 445 mundus
724 423 752 445 et
771 419 960 447 immaculatus
979 419 1074 447 sordes

281 465 393 499 suscipit
408 465 531 491 humana:
546 470 658 496 naturae,
677 469 704 491 et
719 472 767 499 per
780 465 870 492 omnia
887 470 1072 500 paupertatem

282 516 402 538 nostram
424 511 570 544 transiens,
587 518 672 545 usque
695 511 726 537 ad
756 511 854 538 mortis
876 511 949 538 venit
965 512 1073 546 experi-

283 560 416 583 mentum.
440 556 617 583 Considerate
629 557 798 592 paupertatis
818 562 974 592 spontanere
998 564 1074 584 men-

282 610 374 628 suram
392 610 399 628 :
414 602 468 628 vita
487 606 600 629 mortem
619 606 708 637 gustat
723 602 823 630 :Judex
837 603 978 630 deducitur
988 603 1020 629 ad
1031 603 1076 637 ju-

283 647 476 679 dicium;vit:e
499 649 621 675 omnium
642 649 832 675 cxsistentium
853 648 982 676 Dominus
1012 649 1075 676 sub-

283 691 355 718 ditur
375 692 515 719 seutentite
536 692 699 726 iudicantis;
717 702 762 721 rex
780 694 900 721 omnium
928 695 1071 727 virtutum,

283 744 342 770 qua:
357 737 426 764 ultra
445 738 572 764 mundum
590 744 663 770 sunt,
682 739 877 773 spiculatorum
896 748 948 767 non
966 740 1072 774 respuit

1130 282 1274 316 subjicitur
1293 290 1324 309 ex
1354 282 1454 310 Basilio
1476 281 1581 316 Magno,
1609 281 1642 308 de
1668 281 1755 308 fructu
1781 281 1912 315 passionis

1127 328 1228 355 Christi
1255 328 1453 354 testimonium.
1471 327 1606 362 Nyssenus
1621 331 1712 353 autem
1729 331 1757 353 et
1772 325 1911 353 Neocaesa—

1127 374 1238 406 riensis,
1257 374 1327 408 quod
1346 374 1441 406 sciam,
1453 373 1518 400 nihil
1538 373 1565 400 in
1588 373 1658 399 hanc
1673 372 1747 400 Pauli
1765 372 1912 406 Epistulam

1126 419 1304 452 scripserunt.

1166 465 1287 498 Baptista
1306 464 1443 492 Guarinus
1464 463 1576 490 Guarini
1597 462 1646 490 viri
1673 461 1823 490 doctissimi
1841 460 1912 488 lilius

1127 512 1154 538 in
1167 511 1292 538 Latinum
1304 511 1419 537 vertisse
1436 509 1537 536 dicitur
1552 509 1677 544 Gregorii
1700 507 1862 535 Nazianzeni
1879 507 1912 533 ad

1127 557 1264 583 Christum
1284 561 1311 583 et
1326 555 1437 582 Mariam
1452 555 1590 582 orationes
1607 555 1633 581 in
1651 554 1815 589 appendice:
1830 553 1912 580 Cata—

1127 602 1180 636 logi
1195 602 1350 635 scriptorum
1360 601 1596 627 ecclesiasticarum
1611 599 1753 626 Trithemii
1773 604 1799 626 et
1814 599 1913 626 Biblio-

1127 646 1404 681 tlieca'Lycostlienis,
1423 650 1450 673 ut
1470 650 1496 673 et
1507 647 1604 673 beatus
1615 645 1759 672 Rhenanus
1774 645 1839 672 duas
1853 644 1911 678 epi-

1127 693 1208 720 stolas
1221 693 1341 726 ejusdem
1364 693 1396 719 ad
1413 691 1605 718 Tbemistium.
1622 692 1657 718 At
1668 691 1719 717 illa:
1736 698 1823 724 neque
1837 689 1912 717 Gne-

1126 746 1157 765 ce
1175 746 1261 772 neque
1272 738 1366 766 Latine
1382 739 1409 765 in
1434 745 1533 765 manus
1546 745 1620 765 meas
1631 737 1719 765 adhuc
1734 737 1853 764 incidere
1865 743 1912 770 po-

282 791 391 810 manus.
405 793 414 810 ι
433 784 495 811 llzcc
510 785 543 811 ibi
556 792 586 810 ex
603 785 736 820 Gregorio
757 787 895 821 episcopo,
911 787 956 821 qui
985 779 1073 812 videri
1091 793 1111 821 Β
1128 789 1248 811 lucrum.

325 893 385 920 'ltcc
397 901 457 921 sunt
471 902 530 928 qua:
549 894 644 921 Bittius
659 895 763 928 collegit
776 900 799 921 et
826 897 964 922 aaornauit
988 897 1016 923 in
1040 896 1144 924 laudent
1163 901 1186 922 et
1207 895 1413 922 illustrationem
1429 894 1520 921 eximii
1544 893 1676 921 Doctoris.
1704 892 1795 919 Pauca
1810 891 1905 926 adjeci-

284 948 353 969 mus.
373 939 454 966 Billio
470 940 509 966 uel
521 940 623 974 ignota,
638 940 677 966 vel
693 941 809 967 nondum
823 943 849 966 in
864 941 948 967 lucem
964 941 1044 968 edita.
1058 941 1120 968 Iam
1141 947 1258 976 superest
1276 947 1303 968 ut
1319 941 1405 972 Billii,
1416 939 1594 972 Leuvenklaii,
1607 938 1708 967 Genebr
1716 939 1785 971 ardi,
1799 943 1823 965 et
1845 938 1912 964 alio—

285 993 343 1012 rum
358 986 403 1020 qui
417 983 537 1019 Gregorii
549 986 668 1019 operibus
685 987 976 1014 manumadhibnerunt
990 988 1159 1022 praefationes
1181 989 1224 1014 hic
1245 988 1431 1022 subjiciamus.
1447 986 1523 1013 Billii
1540 986 1681 1020 epistolam
1704 984 1799 1011 Carolo
1817 983 1916 1011 Lotha-

286 1033 362 1066 7mg"
375 1032 507 1058 σανάίηαίί
522 1038 710 1066 ηυηίηραιαηιι
727 1034 862 1069 Priorique
873 1034 981 1062 editioni
992 1035 1141 1068 pne/iram,
1155 1035 1248 1069 forsan
1266 1035 1404 1062 detrahere
1418 1034 1550 1060 licuisset.
1571 1033 1601 1059 At
1616 1032 1683 1059 tanti
1695 1032 1744 1058 viri
1759 1031 1913 1061 reverentia.

288 1080 407 1106 libellum
422 1079 449 1106 in
462 1087 511 1114 quo
523 1080 693 1107 calamitosas
708 1085 874 1115 tempestates
888 1082 930 1108 sui
945 1083 992 1109 wvi
1008 1087 1061 1109 tam
1076 1083 1207 1117 eleganter
1221 1083 1355 1115 describit,
1369 1087 1423 1109 tam
1442 1089 1534 1108 amare
1545 1081 1628 1115 luget,
1639 1081 1740 1107 ceteris
1750 1080 1806 1114 ejus
1818 1079 1916 1113 ingenis

286 1127 461 1153 monumentis
474 1132 626 1154 connectere
642 1127 813 1161 decrevimus,
827 1129 942 1155 ntaxime
964 1133 992 1155 ut
1008 1137 1039 1156 ne
1062 1130 1200 1156 minimum
1214 1130 1278 1165 quid
1293 1130 1330 1157 uel
1349 1137 1381 1156 ea:
1401 1128 1516 1164 antiquis
1531 1126 1692 1155 editionibus
1714 1125 1865 1153 desiderare
1879 1125 1916 1153 le-

286 1179 385 1201 ctorem
396 1176 523 1202 sinamus.

302 1231 1912 1251 v——————___—_——___‘

497 1277 768 1299 REVERENDISSIMO
782 1278 814 1300 IN
825 1279 955 1300 CIIRISTO
966 1279 1058 1301 PATRI
1082 1280 1120 1301 AC
1148 1280 1269 1302 DOMINO
1298 1280 1331 1301 D.
1361 1279 1483 1301 CAROLO
1498 1277 1700 1300 LOTHABINGO

793 1329 958 1351 CARDINALI
973 1346 980 1358 ,
1013 1332 1051 1352 AC
1078 1331 1213 1354 PRINCIPI
1241 1331 1489 1359 ILLUSTIUSSIMO,

701 1380 836 1402 JACOBUS
857 1380 976 1402 BILLIUS
990 1382 1089 1404 ABBAS
1103 1383 1131 1405 S.
1147 1382 1310 1405 MICHAELIS
1325 1381 1358 1404 IN
1370 1382 1488 1411 EREMO,
1503 1381 1531 1404 S.
1546 1381 1579 1403 D.

324 1442 401 1475 Quod
427 1443 465 1469 ait
488 1443 532 1470 ille
561 1445 642 1472 totius
667 1445 846 1481 philosophia:
874 1446 989 1474 antistes
1015 1446 1078 1475 Pla-
1094 1452 1115 1480 c
1130 1457 1195 1483 pace
1219 1448 1369 1476 amaritudo
1393 1455 1451 1475 mea
1471 1447 1638 1474 amarissima
1650 1446 1686 1473 “.
1699 1445 1731 1473 In
1751 1449 1826 1473 tanta
1843 1449 1920 1472 trau-

289 1495 318 1518 ιο
329 1490 396 1525 (56),
413 1497 525 1516 somnne
539 1495 619 1525 atque
631 1489 768 1520 elIrenata:
781 1492 914 1522 libertatis
929 1500 1079 1523 extremam

290 1536 451 1571 plerumque
467 1537 626 1564 servitutem
642 1537 773 1565 asseclam
800 1546 872 1572 esse,
900 1541 971 1575 quod
994 1542 1077 1569 etiam

294 1583 472 1618 Hippocrates
490 1582 557 1618 (57),
572 1591 714 1619 corporum
737 1586 909 1615 habitudines
931 1588 964 1615 ad
989 1593 1081 1616 ειη-θ-

294 1636 369 1656 mum
385 1629 515 1658 bonitatis
531 1631 687 1664 perductas,
703 1633 870 1666 periculosas
887 1642 947 1663 esse
963 1644 970 1662 :
987 1635 1038 1663 hoc
1053 1635 1080 1662 in

293 1675 449 1703 Christiana
471 1680 566 1704 nostra
582 1678 718 1712 republica
744 1687 796 1706 non
813 1679 871 1708 sine
893 1681 1012 1709 maximo
1024 1680 1082 1715 pio-

293 1730 354 1749 rum
368 1722 490 1750 omnium
509 1722 602 1750 dolore
620 1724 671 1751 hac
692 1725 792 1752 misera
814 1731 975 1762 tempestate
996 1735 1081 1754 unus-

292 1769 412 1804 quisque
432 1774 554 1801 nostrum
581 1770 730 1805 experitur.
742 1770 809 1798 Nam
827 1772 850 1799 si
865 1773 926 1807 quis
942 1772 1079 1801 florentis-

294 1814 391 1841 simum
413 1814 487 1841 illum
508 1819 621 1847 statum,
637 1823 690 1850 quo
709 1814 818 1843 Patrum
835 1818 964 1845 memoria
986 1818 1082 1852 religio

297 1863 367 1893 crat,
386 1867 446 1887 cum
475 1868 508 1888 eo
526 1868 606 1896 quem
632 1860 676 1888 his
701 1862 891 1896 perditissimis
914 1865 1082 1898 temporilms

297 1903 432 1935 videmus,
444 1904 626 1938 composuerit
637 1925 644 1936 ,
659 1907 782 1939 profecto
795 1913 923 1942 quantum
936 1909 1017 1936 distat
1032 1908 1084 1936 0r-

299 1954 342 1975 tus
354 1948 387 1974 ab
404 1949 543 1977 Occidente
558 1951 592 1984 “,
609 1956 710 1978 tantum
729 1952 800 1979 inter
821 1958 967 1988 utrumque
984 1959 1083 1982 statum

295 1993 429 2021 interesse
441 1995 600 2029 comperiet.
619 1994 675 2022 Nec
687 2001 751 2024 vero
763 1997 789 2024 in
804 2005 834 2024 re
854 1998 922 2025 adeo
941 1998 1084 2026 manifesta

297 2039 377 2074 longa
405 2041 531 2068 oratione
550 2048 618 2075 opus
642 2048 703 2069 esse
722 2048 797 2077 puto.
812 2042 878 2070 Illud
891 2044 980 2078 potius
993 2044 1083 2071 dolen—

297 2086 362 2112 dum
390 2090 471 2120 alqtte
497 2086 740 2122 ingemiscendum,
769 2095 818 2114 nos
849 2093 901 2115 tam
926 2089 1082 2124 prscclaram

297 2130 482 2159 hereditatem
496 2140 510 2159 a
533 2121 682 2166 majoribus
704 2137 843 2168 acceptam
855 2121 948 2162 tenere
962 2143 1014 2162 non
1030 2143 1079 2170 po--
1100 2121 1121 2148 θ

298 2178 392 2206 tuisse.
412 2179 466 2206 Sed
493 2180 599 2208 scilicet
622 2187 714 2207 verum
730 2180 857 2215 estquod
871 2180 922 2208 dici
947 2181 1029 2214 solet,
1044 2189 1084 2209 sa-

298 2225 419 2253 tietatem
434 2226 606 2253 contumeliae
619 2229 701 2261 atque
723 2226 875 2254 insolentiae
891 2231 1004 2254 matrem
1014 2234 1084 2254 esse.

332 2270 387 2299 Nos
417 2279 608 2306 prosperarum
635 2280 725 2299 rerum
744 2272 818 2299 velut
842 2277 952 2300 nectare
969 2274 1084 2308 quodam

298 2318 398 2350 obruti,
414 2318 482 2346 bona
507 2324 600 2347 nostra
628 2319 820 2355 ignoravimus,
835 2327 885 2347 nec
897 2319 984 2355 μέγαν
997 2319 1086 2352 ὄλϐον.

299 2367 330 2389 ιιι
354 2362 387 2390 de
411 2362 527 2390 Tantalo
551 2364 590 2391 ait
617 2363 751 2392 Pindarus
768 2364 835 2400 (58),
862 2358 1018 2400 καταπέψαι
1031 2364 1087 2401 (59)

299 2407 438 2442 potuimus
451 2416 458 2434 :
475 2409 600 2444 idemque
615 2409 693 2437 nobis
708 2411 806 2438 accidit
826 2411 898 2445 quod
913 2409 1013 2438 Judaeis
1024 2411 1087 2438 olim

304 2461 376 2488 saepe
391 2461 439 2481 usu
449 2455 556 2482 venisse
580 2454 703 2490 legimus,
711 2457 755 2491 qui
766 2456 928 2491 simulatque
937 2457 1088 2488 incraasati,

299 2501 458 2536 impingnati
478 2521 485 2532 ,
512 2502 619 2529 dilatati
648 2507 730 2536 sunt,
767 2503 890 2538 protinus
939 2503 1091 2530 recalcitra-

299 2546 407 2579 rant“,
426 2551 454 2574 ut
480 2547 552 2581 quod
581 2547 683 2582 Appius
709 2548 754 2575 ille
768 2548 802 2576 de
821 2549 950 2577 Romanis
972 2550 1089 2582 dicebat,

300 2591 439 2626 negotium
459 2590 512 2618 illis
529 2591 636 2624 melius,
652 2600 732 2627 quam
749 2593 834 2620 otium
849 2594 981 2621 committi
996 2602 1087 2629 posse,

300 2638 327 2664 in
342 2645 392 2664 nos
407 2645 460 2665 non
481 2637 616 2665 immerito
650 2639 770 2673 torqueri
801 2640 897 2674 possit,
915 2640 1089 2676 Ecclesiaque

301 2684 343 2710 his
371 2684 495 2711 Ezechiae
521 2683 612 2711 verbis
636 2685 776 2712 commode
794 2686 831 2712 uti
847 2691 952 2721 queat:
969 2686 1036 2714 Ecce
1061 2687 1089 2713 in

339 2751 361 2766 “
375 2751 446 2778 Psal.
461 2759 506 2784 cu,
520 2751 562 2779 12.

301 2793 361 2818 xui,
379 2787 424 2813 25.

337 2844 393 2879 (56)
410 2844 468 2872 Lib.
486 2844 524 2872 De
538 2854 604 2879 rep.,
617 2859 642 2874 ο.

339 2879 396 2915 (εἰἻὶ
415 2879 472 2915 ιέιι).
487 2888 506 2911 t,
518 2881 580 2915 apli.
594 2882 622 2908 5.

341 2909 397 2950 (58)
413 2909 588 2949 Πιυιιιρ.,ἰ)ᾱ.
605 2918 630 2945 1.

637 2751 658 2767 ³⁸
672 2752 750 2782 Deut.
768 2761 854 2790 nxn,
873 2755 917 2783 15.

966 2755 1048 2784 "lsa.
1072 2763 1189 2789 xxxviii,
1208 2755 1249 2782 l7.

1131 1493 1264 1528 quillitate
1284 1500 1396 1521 somnus
1421 1492 1455 1520 iis
1478 1492 1611 1527 obrepsit,
1625 1492 1671 1526 qui
1685 1491 1718 1518 ad
1733 1490 1860 1518 Ecelesia:
1872 1498 1920 1524 gu-

1133 1538 1278 1567 bernacula
1293 1539 1432 1567 sedebant.
1444 1538 1504 1565 Non
1523 1537 1676 1565 litterarum
1702 1543 1842 1565 sacrarum
1860 1541 1920 1563 stu-

1133 1585 1187 1613 diis
1203 1584 1372 1617 incumbere,
1390 1591 1444 1611 non
1458 1583 1563 1618 plebem
1585 1582 1636 1610 sibi
1652 1581 1822 1610 commissam
1847 1581 1919 1608 salu-

1135 1631 1214 1659 lifcra
1240 1631 1363 1659 doctrina
1395 1636 1518 1665 pascere,
1549 1636 1603 1657 non
1628 1629 1691 1656 vitae
1719 1627 1871 1662 integritate
1890 1633 1922 1653 ac

1136 1677 1319 1705 sanctimonia
1348 1676 1454 1704 caeteris
1478 1674 1642 1710 praelucere;
1664 1673 1712 1701 sed
1732 1673 1775 1701 vel
1790 1672 1919 1702 dormire.

1132 1723 1175 1750 vel
1190 1723 1241 1751 sibi
1253 1723 1319 1758 ipsis
1334 1726 1437 1750 tantum
1451 1721 1574 1756 vigilare,
1588 1720 1733 1754 etquidem
1747 1719 1783 1746 ita
1797 1718 1923 1753 vigilare,

1135 1773 1164 1796 ut
1181 1768 1265 1795 altum
1284 1768 1406 1795 dormire
1430 1767 1597 1803 praestiterit.
1623 1765 1717 1799 Qualis
1731 1771 1812 1800 porro
1823 1764 1921 1799 guber-

1134 1819 1225 1847 nator,
1243 1814 1310 1842 tales
1332 1818 1458 1849 proretae,
1476 1813 1545 1841 tales
1573 1816 1672 1844 nautae,
1688 1811 1756 1839 tales
1780 1815 1922 1843 vectores;

1133 1865 1172 1893 et,
1187 1865 1216 1887 ut
1232 1858 1271 1887 ait
1288 1859 1441 1894 Scriptura,
1454 1859 1541 1894 qualis
1554 1858 1688 1889 sacerdos,
1703 1856 1766 1883 talis
1787 1860 1812 1883 et
1838 1863 1922 1890 popu-

1135 1906 1177 1933 lus
1191 1907 1225 1939 '°,
1238 1905 1317 1933 malae
1342 1905 1472 1933 sementis
1490 1903 1562 1931 mala
1580 1910 1670 1939 seges,
1686 1901 1817 1930 malorum
1835 1901 1919 1936 magi-

1135 1958 1254 1979 strorum
1278 1950 1340 1979 mali
1355 1950 1493 1986 discipuli,
1524 1948 1588 1977 mali
1604 1947 1719 1983 exempli
1735 1946 1804 1974 mala
1818 1952 1926 1981 expres-

1136 1999 1187 2026 sio.
1204 1997 1304 2025 Omnes
1321 1997 1527 2028 declinavimus.
1542 2000 1570 2023 et
1584 1994 1694 2022 inutiles
1706 1992 1769 2021 tacti
1781 1992 1916 2021 sumus".

1139 2043 1268 2071 Pastores
1281 2043 1379 2071 inertia
1396 2043 1558 2077 languerunt
1575 2048 1582 2067 :
1599 2038 1713 2076 populus
1728 2037 1820 2074 quales
1838 2045 1925 2065 mere-

1139 2091 1227 2123 batur,
1249 2085 1315 2117 talé's
1328 2092 1452 2124 pastores
1467 2086 1572 2115 habuit.

1176 2135 1287 2163 luterim
1315 2133 1468 2169 versipellis
1496 2138 1590 2160 noswr
1609 2130 1747 2164 inimicus,
1767 2139 1776 2156 ι
1793 2129 1861 2165 (59‘)
1879 2129 1926 2162 qui

1136 2181 1279 2209 inferioris
1311 2180 1392 2216 hujus
1412 2179 1505 2207 mundi
1530 2177 1647 2205 scabiem
1680 2184 1711 2203 ac
1740 2174 1922 2210 languentium

1138 2228 1229 2256 ulcera
1243 2227 1341 2262 scalpit
1359 2230 1441 2260 atque
1460 2222 1645 2258 ablingityqui
1671 2222 1716 2249 tibi
1742 2221 1807 2256 quid
1826 2220 1884 2247 vitii
1899 2225 1926 2245 ct

1138 2272 1300 2307 corruptela:
1314 2277 1365 2304 est,
1388 2271 1566 2298 cadaveribus
1588 2269 1691 2296 assidet
1714 2265 1927 2301 putredinesquo

1140 2322 1323 2350 contrectat,»
1341 2317 1496 2352 pastoribus
1524 2316 1551 2342 in
1578 2313 1666 2342 ollicio
1693 2311 1873 2343 cessantibus,
1897 2311 1923 2338 in

1138 2372 1232 2399 agrum
1249 2363 1352 2391 Domini
1371 2362 1463 2389 furtim
1487 2362 1623 2396 ingressus
1638 2358 1743 2386 zizania
1759 2358 1924 2393 supersemi-

1139 2411 1213 2437 navit
1226 2410 1261 2443 ’³,
1279 2414 1436 2443 tantamque
1455 2407 1607 2442 iustissimo
1634 2405 1683 2433 Dei
1707 2404 1808 2439 judicio
1828 2408 1926 2436 tempe—

1140 2462 1238 2484 statem
1261 2463 1406 2490 rerumque
1429 2454 1549 2482 omnium
1566 2452 1800 2488 perturbationem
1823 2450 1926 2477 excita-

1142 2504 1189 2535 vit,
1208 2508 1237 2530 ut
1260 2511 1274 2530 a
1296 2503 1377 2537 jactis
1397 2501 1535 2537 religionis
1552 2505 1650 2527 nostra:
1676 2496 1868 2527 fundamentis,
1883 2496 1925 2521 vix

1143 2549 1196 2576 ulla
1225 2550 1333 2583 gravior
1348 2548 1525 2582 acerbiorque
1546 2545 1701 2573 exstiterit:
1716 2550 1823 2578 quoque
1841 2541 1925 2575 majo.

1142 2603 1199 2622 rem
1219 2601 1337 2630 stragem
1353 2595 1379 2622 in
1398 2596 1443 2622 Dei
1458 2593 1555 2630 castris
1567 2592 1670 2624 ederet,
1687 2589 1774 2626 angeli
1788 2588 1856 2615 lucis
1871 2593 1927 2622 per-

1144 2647 1242 2667 sonam
1260 2640 1311 2667 sibi
1326 2639 1487 2666 induendam
1502 2638 1617 2673 putavit,
1633 2641 1664 2664 ut
1682 2643 1736 2671 quo
1751 2633 1860 2665 tectius,
1877 2632 1926 2658 hoc

1145 2693 1255 2721 quoque
1273 2686 1417 2713 nocentius
1430 2684 1663 2720 perniciosiusque
1681 2682 1756 2709 virus
1769 2687 1848 2708 suum
1865 2677 1915 2705 sint

1301 2754 1324 2769 “
1340 2753 1402 2780 Ose.
1418 2761 1456 2785 IV,
1472 2752 1499 2780 9.
1553 2750 1649 2778 “Psal.
1666 2758 1713 2783 ιιι,
1732 2750 1759 2776 li.
1797 2749 1821 2765 "
1831 2747 1930 2777 Mattlh

1183 2847 1237 2882 (59)
1254 2846 1282 2873 Id
1299 2851 1340 2874 cst
1356 2851 1484 2882 ingentem
1494 2845 1644 2880 felicitatem
1653 2851 1823 2879 concoquere.

1181 2883 1248 2917 (59')
1263 2882 1314 2918 Ap.
1330 2881 1503 2917 Cyprian.,in
1514 2881 1592 2916 κίρνη
1603 2887 1630 2914 p.
1644 2886 1710 2908 ciu.
