2055 3130
170 214 227 244 317

738 215 855 244 JACOB]
875 215 976 244 BlLLll
994 217 1256 247 PREFATIONES.

1750 215 1806 243 518

172 276 336 311 ιιΙΊςῑοτιΙηις
357 273 456 301 animis
479 272 634 301 instillaret.
662 273 718 301 Sub
744 275 794 303 hac
822 275 896 304 larva
921 277 957 304 ἰιτι
977 280 1001 309 Α
1015 279 1079 306 (iere
1095 279 1230 310 desiisset,
1247 286 1276 306 se
1291 283 1380 306 tamen
1401 285 1501 305 caecam
1517 283 1577 303 esse
1594 274 1740 306 nesciebat,
1756 273 1803 302 sed

172 322 264 348 omnia
279 320 402 348 confudit
419 328 450 347 ac
466 328 574 347 sursum
591 321 770 356 deorsumque
793 322 918 357 jactavit,
933 327 962 350 ut

171 371 199 398 in
217 370 357 404 antiquum
375 370 457 397 chaos
470 377 537 404 perte
553 369 709 402 recidet-int,
730 371 795 405 {acti
814 379 866 406 que
880 372 962 398 simus

171 417 248 451 quasi
261 416 288 442 in
305 415 433 449 principio
450 424 509 442 cum
522 415 593 443 Deus
607 416 689 442 nostri
703 424 755 444 non
769 417 961 451 dominaretur,

172 471 221 489 nec
237 463 407 489 invocaretur
424 470 517 489 nomen
534 462 591 496 ejus
610 471 688 496 super
699 471 746 490 nos
759 463 792 490 ".
810 463 901 491 Terris
916 473 961 491 sa-

174 510 257 536 lutem
274 509 381 543 longam
397 509 499 535 dixisse
513 509 620 536 videtur
635 510 774 542 Charitas;
794 510 961 544 improbitati

175 559 258 591 atque
286 555 460 589 impudentia:
487 554 598 581 habenae
626 562 720 582 onmes
747 556 867 583 remissa:
888 562 962 584 sunt.

174 602 257 628 Plena
277 602 367 628 omnia
385 600 452 634 odii,
476 601 597 627 rixarum
619 605 647 628 et
664 600 869 630 tnaledieeutitr.
884 602 961 636 plena

174 641 311 676 livoris‘et
330 646 471 673 virulentae
486 645 678 672 contentionis.
696 647 851 674 Amicorum
872 653 898 674 et
915 647 963 674 ho-

175 695 258 722 stium
287 692 388 720 nullum
416 693 569 719 discrimen.
598 691 683 720 Nemo
699 693 826 727 .seipsum
856 694 963 728 propius

175 740 299 775 inspicit,
330 740 377 767 sed
401 739 514 766 salutent
536 745 613 765 suam
631 738 657 764 in
675 743 731 766 tuto
749 738 851 765 versari
867 738 963 766 existi-

177 791 244 818 mat,
256 787 319 812 dum
337 785 404 811 alios
421 784 493 810 omni
511 783 594 810 animi
619 784 768 811 acerbitate
792 789 873 819 atque
888 792 963 811 ama-

176 831 292 859 rulentia
318 832 473 858 insectct’ur.
492 828 632 857 «Pereunt
661 830 742 862 bona,
763 835 792 856 ut
816 830 855 856 ait
873 836 964 858 noster

176 877 323 911 Gregorius
335 876 402 912 (60),
422 877 492 902 nuda
519 880 547 902 et
563 881 655 910 aperta
675 879 739 902 sunt
756 875 836 907 mala.
855 877 964 910 naviga-

175 923 216 948 tio
233 922 258 948 in
274 928 361 954 nocte,
380 921 426 948 fax
443 929 588 956 nusquam,
613 921 737 948 Christus
757 923 865 948 dormit.
881 932 890 948 ι
913 923 964 950 lte-

1017 326 1043 352 in
1060 325 1169 352 domum
1196 325 1368 352 tenebrosam
1390 325 1416 351 id
1441 323 1591 358 réjiciehat,
1618 321 1724 355 alioque
1754 320 1806 347 mi-

1019 378 1099 405 grare
1128 370 1196 397 velle
1217 371 1335 398 dicebat.
1363 370 1400 397 Ex
1431 377 1485 404 quo
1509 368 1624 396 edicitur
1651 373 1680 394 ut
1705 367 1806 394 nemini

1018 424 1131 451 prorsus
1154 416 1254 444 cedere
1274 418 1437 446 sustineant,
1459 422 1553 441 vertun
1573 413 1678 440 cerebri
1703 413 1744 440 sui
1772 412 1805 439 ﬁ-

1020 467 1129 497 gmenta
1145 462 1179 488 ita
1197 462 1300 496 perdite
1322 466 1413 488 ament
1434 465 1515 494 atque
1534 459 1731 494 amplexentur,
1749 462 1778 484 ut
1791 465 1806 484 a

1017 508 1171 534 visceribus
1189 507 1246 534 suis
1266 507 1355 541 potius
1372 505 1461 536 avelli,
1476 512 1556 539 qttam
1574 512 1587 530 a
1612 507 1741 537 concepta
1769 510 1808 528 se-

1018 553 1072 580 mel
1088 553 1215 587 opinione
1237 553 1357 579 abstrahi
1381 552 1530 586 patiamur.
1549 549 1604 584 (65)
1622 558 1629 572 ι
1642 548 1679 574 Ita
1705 547 1803 582 perditi

1018 597 1146 632 perdunt,
1177 603 1202 624 et
1236 597 1375 632 depravati
1398 604 1518 624 errorem
1544 594 1684 630 pravitatis
1714 593 1806 620 inl'nn-

1018 644 1095 673 dunt,
1111 653 1119 668 ι
1138 651 1169 670 ac
1183 643 1258 670 virus
1270 651 1347 670 suum
1364 650 1585 677 quaquaversum
1602 647 1730 675 spargere
1748 647 1807 665 mo-

1018 689 1143 716 liuntur:
1160 694 1185 715 ttt
1206 696 1258 715 non
1277 689 1325 715 nhs
1344 697 1372 715 re
1392 688 1507 723 Cyprius
1525 687 1570 714 ille
1593 687 1735 720 cpiscopus
1749 682 1805 718 (6i)

1018 744 1064 763 eos
1094 735 1271 770 ἐχθαμῧητὰς
1293 734 1346 761 τῶν
1374 735 1518 771 προϐάτοιν
1541 733 1589 759 καὶ
1619 731 1740 767 πτύρτας
1752 729 1808 756 τῶν

1017 780 1199 817 περιστερῶν.
1215 781 1261 807 καὶ
1278 780 1394 816 antiqvo;
1417 780 1470 806 τῶν
1500 778 1546 805 τοῦ
1573 777 1690 814 Χριστοῦ
1707 775 1808 812 ἀρνίων

1020 827 1068 853 καὶ
1081 826 1247 862 θρεμμάτων
1265 832 1352 852 vacet.
1369 826 1413 852 Sic
1429 825 1551 859 impurus
1579 824 1663 850 hostis
1689 823 1806 848 fructum

1017 881 1126 900 onmem
1142 871 1326 899 memorabilis
1351 871 1426 899 illius
1442 869 1578 904 supplicii,
1594 869 1664 904 qttod
1683 867 1808 895 Christus

1019 919 1045 945 itt
1062 925 1143 945 cruce
1171 918 1290 952 pertulit,
1315 923 1340 943 ut
1355 917 1425 950 ﬁlios
1447 916 1504 949 Dei,
1524 916 1569 950 qui
1593 919 1666 942 erant
1684 913 1807 948 dispersi,

175 967 330 1002 frigescente
348 966 390 993 vel
406 966 496 1000 potius
516 966 651 993 exstincta
666 966 795 992 c/taritate
810 967 924 993 abundat
940 967 965 994 in
984 965 1004 993 Β
1020 969 1189 1000 congregaret
1204 965 1231 991 in
1249 972 1329 990 unum
1346 964 1380 996 ³³,
1395 963 1515 990 fulminis
1533 962 1628 989 tollere
1641 966 1721 995 atque
1735 958 1809 986 evel-

176 1011 243 1039 orbe
261 1011 385 1046 iniquitas
397 1011 429 1037 '°.
446 1011 606 1038 Exundante
621 1018 702 1045 porro
713 1017 794 1044 atque
810 1011 836 1038 iu
852 1012 966 1039 immen-

179 1065 239 1084 sum
256 1063 432 1085 excrescente
459 1058 615 1092 iniquitate,
631 1057 765 1084 vindicem
785 1057 829 1084 Dei
847 1058 964 1092 gladium

176 1103 357 1139 ardentesque
374 1104 432 1132 illas
453 1104 568 1139 sagittas
582 1103 603 1119 "
617 1104 644 1131 in
663 1110 712 1130 nos
733 1104 832 1131 cadere
848 1113 899 1132 non
925 1110 966 1133 est

175 1149 285 1176 mirum.

214 1194 307 1231 Itaque
332 1193 405 1222 haud
434 1194 491 1221 scio
513 1201 546 1220 an
573 1201 625 1221 non
643 1196 908 1224 tnulto'commodius
933 1196 966 1223 de

176 1241 228 1270 hoc
244 1246 339 1269 nostro
353 1246 474 1274 tempore
499 1241 590 1267 dicere.
608 1242 686 1269 nobis
715 1243 804 1275 liceat,
816 1244 886 1278 quod
903 1243 966 1278 Epi-

175 1289 292 1326 phanius
304 1287 360 1324 (61)
375 1287 439 1314 olim
464 1287 496 1314 de
521 1294 570 1314 sua
600 1293 759 1323 tempestate
784 1290 819 1317 ob
845 1291 965 1317 eamdem

177 1342 287 1362 causam
317 1335 432 1362 dicebat.
456 1342 465 1358 ι
480 1333 632 1361 Mirandum
648 1341 690 1362 est
707 1338 758 1363 hoc
787 1340 920 1371 tempore,
937 1341 967 1363 et

177 1390 231 1408 non
259 1380 422 1408 mirandum.
444 1379 607 1412 Mirandum,
634 1381 707 1416 quod
745 1387 841 1408 nostro
866 1382 967 1409 StL‘Cltio

178 1427 269 1453 omnia
285 1425 431 1460 implentur
448 1433 455 1452 :
475 1433 527 1452 tton
558 1430 648 1452 autent
664 1426 828 1459 mirandutn,
840 1428 901 1461 quia
917 1427 966 1453 itit-

178 1473 246 1508 pleri
259 1480 289 1500 ea
304 1479 415 1499 necesse
437 1476 491 1499 est.
503 1480 513 1498 ι
528 1471 562 1498 Ει
574 1473 667 1506 paucis
684 1474 774 1500 verbis
792 1473 940 1508 interjeclis
958 1482 965 1500 :

181 1528 191 1544 ε
202 1518 261 1551 Quo
274 1525 416 1552 progressa
430 1522 472 1544 est
490 1525 568 1545 mens
582 1518 698 1547 hominis
712 1527 795 1554 prona
818 1521 851 1548 ad
867 1521 966 1548 tnaluttt

178 1566 213 1592 ah
229 1564 409 1592 adolescentia
419 1564 486 1591 sua?
498 1564 570 1598 Quas
584 1565 645 1592 ﬁdei
658 1571 749 1600 partes
761 1574 814 1593 non
832 1567 968 1601 perdidit?

177 1611 207 1638 ln
227 1610 325 1646 quibus
349 1610 577 1644 disputationibus
594 1611 738 1639 utilitatem
760 1619 812 1638 non
825 1614 968 1647 perturba-

177 1657 218 1684 vit
234 1656 341 1684 consilii
365 1656 571 1692 perversitas?)
591 1656 661 1690 Quid
678 1658 823 1685 enim?An
851 1667 903 1686 nun
920 1659 967 1687 de-
982 1643 1003 1672 Ο

177 1703 389 1739 ploratissimam
414 1705 485 1730 hanc
510 1708 620 1731 aetatem
638 1703 712 1731 velut
737 1705 822 1740 digito
845 1705 970 1734 indicare

178 1748 287 1776 videtur
301 1749 343 1776 vir
358 1749 403 1776 ille
418 1749 619 1783 sanctissimus,
639 1751 667 1777 in
693 1758 746 1786 qua
764 1751 805 1779 vel
817 1759 885 1779 nova
903 1759 969 1787 quo-

179 1794 246 1822 tidie
269 1795 397 1830 dogmata
420 1793 555 1827 feruntur,
570 1795 611 1822 vel
631 1795 687 1829 jam
712 1795 775 1823 olim
795 1804 926 1832 oppressa
942 1803 970 1825 et

181 1840 286 1875 sepulta
312 1841 339 1868 in
367 1840 456 1868 lucem
484 1842 666 1869 revocantur?
688 1842 782 1878 Neque
806 1844 879 1871 enim
904 1845 970 1872 satis

181 1887 277 1915 habuit
294 1886 378 1914 Satan
405 1887 581 1915 inferioribus
611 1888 671 1916 telis
690 1890 821 1917 adversus
845 1898 894 1918 nos
918 1892 968 1924 uti,

179 1932 234 1963 nisi
258 1932 340 1959 etiam
357 1939 474 1964 venena,
494 1937 523 1959 ut
540 1934 578 1960 ait
598 1933 652 1967 ille,
666 1934 736 1962 coelo
755 1940 872 1970 peteret.
889 1941 970 1971 atque

179 1984 214 2004 ex
225 1976 412 2005 saluberrimis
426 1977 488 2004 vitae
505 1977 650 2005 lontibusa
666 1986 696 2007 se
719 1980 835 2013 vitiatis,
853 1987 970 2008 mortem

178 2023 259 2053 nobis
273 2022 441 2057 propiuaret,
450 2023 606 2058 sagittaque
619 2023 663 2051 illa
677 2031 725 2059 per
736 2025 807 2053 diem
818 2026 925 2054 volante
937 2027 969 2060 ³⁸,

180 2068 233 2097 hoc
247 2073 299 2102 est,
321 2073 351 2095 ut
375 2076 423 2102 per
440 2069 590 2097 hmretieos
602 2069 629 2096 in
643 2075 801 2098 sanctarum
820 2072 971 2107 intelligen-

183 2114 220 2140 lla
236 2114 452 2150 Scripturarum,
465 2114 614 2143 Ecclesium
630 2115 850 2146 convulneraret.

218 2159 286 2186 llinc
304 2160 356 2187 illae
378 2164 418 2188 tot
437 2164 546 2195 tamque
573 2161 696 2189 dissectte
726 2166 818 2196 sectae,
832 2171 901 2198 quas
924 2171 973 2200 per

181 2213 246 2234 Suos
268 2205 400 2233 satellites
419 2211 475 2234 toto
505 2208 571 2235 orbe
600 2207 759 2236 Christiano
787 2210 901 2244 spargit,
925 2211 971 2245 qui

183 2253 287 2278 utinam
306 2251 355 2286 ipsi
380 2257 434 2279 tum
460 2260 516 2279 sua:
537 2258 593 2280 tum
613 2254 729 2281 aliorum
753 2256 850 2282 salutis
882 2257 971 2284 tnittus

182 2296 289 2334 prodigi
315 2298 424 2325 essent!
447 2297 555 2326 Utinam
583 2299 684 2327 fastum
700 2300 775 2328 illum
797 2309 875 2329 suntn
890 2308 972 2337 atque

183 2344 368 2379 arrogantiam
385 2345 607 2380 comprimerent,
627 2354 677 2374 nec
706 2347 892 2381 antiquitatem
909 2350 971 2376 titti-

183 2399 289 2418 versam
303 2391 433 2418 cacitz-tis
444 2396 524 2426 atque
539 2392 698 2426 ignorantiae
710 2394 840 2422 damnare
852 2395 971 2430 mallent,

184 2447 266 2477 quam
278 2446 398 2466 errorem
416 2445 495 2466 suum
511 2440 655 2466 conliteril
680 2440 731 2468 Sed
756 2441 838 2469 habet
859 2442 910 2469 hoc
927 2443 974 2470 im-

183 2486 281 2521 primis
294 2485 434 2524 φιλαυτία,
448 2485 579 2513 hzeresutn
599 2486 718 2514 omnium
733 2495 833 2522 parens
851 2489 970 2516 certissi-

185 2539 241 2565 ma,
270 2531 340 2565 quod
357 2531 401 2564 iis,
429 2532 475 2566 qtti
498 2530 549 2557 hoc
569 2531 635 2557 vitio
657 2531 750 2558 inlecti
775 2537 849 2565 sunt,
880 2533 972 2561 oculos

185 2584 298 2612 prorsus
319 2576 460 2611 morbique
484 2584 594 2604 sensum
611 2585 720 2604 omnem
735 2577 824 2612 eripit,
843 2578 974 2613 planeque

184 2623 278 2652 eodem
307 2624 387 2650 modo
411 2631 458 2650 eos
484 2622 575 2654 allicit,
603 2631 658 2658 quo
683 2623 842 2658 llarpastem
872 2625 973 2652 futuant

185 2675 262 2696 suam
283 2667 386 2696 Seneca
404 2668 460 2703 (62)
474 2668 614 2695 laborasse
639 2669 746 2702 scribit,
763 2677 824 2705 qua:
848 2677 910 2698 cum
937 2671 975 2698 vi-

221 2760 244 2776 “
258 2759 310 2791 lsa.
325 2767 402 2793 thtt,
420 2760 464 2788 19.

504 2760 527 2776 ³ο
541 2759 636 2788 Matth.
650 2767 724 2794 xxiv,
740 2761 784 2790 12.

185 2803 278 2827 xxxw,
298 2796 342 2823 16.

223 2885 280 2921 (60)
299 2886 386 2920 Epist.
399 2887 433 2913 ad
453 2884 613 2913 Eudoxium.
631 2886 666 2912 al.
680 2892 774 2912 xxxtx.

223 2920 279 2955 (6i)
295 2921 353 2948 Lib.
367 2929 408 2952 tu.
427 2927 492 2950 tom.
515 2923 546 2953 ll,
562 2925 691 2948 Adrrrsus
705 2920 834 2954 diuidit,
852 2926 878 2955 ι’).
899 2920 976 2949 1054.

236 2956 281 2993 62)
294 2956 390 2986 Senec.
406 2957 432 2985 in
447 2956 555 2985 Hercul.
577 2957 676 2985 υοιιτυ.

837 2761 858 2776 ³¹
871 2760 943 2788 Psai.
970 2768 1017 2793 \‘ll,
1046 2759 1089 2787 l7.

1018 1013 1074 1039 lere
1093 1012 1179 1039 modis
1200 1012 1329 1038 omnibus
1343 1016 1469 1038 conatur.
1486 1009 1559 1036 Nihil
1576 1009 1647 1036 enim
1667 1014 1728 1034 eum
1747 1013 1809 1041 gra-

1019 1059 1078 1086 vius
1095 1059 1169 1093 angit
1181 1062 1206 1084 et
1221 1057 1371 1089 excruciat,
1387 1064 1467 1091 quam
1490 1063 1540 1090 pax
1555 1055 1668 1081 aliorunt
1693 1057 1721 1080 et
1741 1059 1808 1078 con-

1018 1105 1123 1136 cordia,
1143 1104 1220 1139 cujus
1245 1111 1275 1131 se
1295 1110 1346 1130 suo
1364 1102 1468 1130 scelere
1480 1099 1713 1136 cxpertemvidet.
1735 1095 1809 1123 Nihil

1017 1157 1059 1180 est
1077 1152 1148 1187 quod
1168 1151 1275 1178 avidius
1294 1154 1412 1185 expetat,
1430 1154 1511 1183 atque
1540 1148 1566 1174 in
1590 1154 1644 1182 quo
1664 1145 1810 1172 vehemen-

1017 1199 1071 1226 tius
1096 1199 1228 1229 elaboret,
1245 1205 1326 1232 qttam
1344 1202 1373 1224 ut
1393 1195 1483 1223 nobile
1508 1193 1572 1221 illud
1599 1192 1702 1220 amoris
1719 1198 1751 1218 ac
1763 1191 1810 1218 bev

1018 1244 1178 1272 nevolentia:
1196 1245 1327 1278 legatum,
1354 1242 1425 1277 quod
1452 1240 1575 1267 Christus
1605 1237 1734 1265 Ecclesia:
1753 1242 1810 1262 sua:

1020 1295 1180 1318 testamento
1199 1289 1321 1324 reliquit,
1339 1288 1417 1315 nobis
1442 1287 1615 1319 eXIorqueat.
1643 1283 1681 1309 Ac
1696 1279 1810 1316 proinde

1019 1344 1087 1372 quas
1103 1341 1191 1371 potest
1205 1335 1394 1362 contentiones
1407 1333 1434 1360 in
1450 1333 1531 1359 domo
1546 1329 1593 1357 Dei
1606 1328 1683 1360 serit,
1701 1331 1729 1354 et
1738 1326 1810 1372 quod

1020 1371 1053 1410 de
1068 1387 1155 1410 morte
1174 1381 1354 1417 Hieronymus
1374 1377 1541 1413 aiebatltiS),
1559 1386 1568 1401 ι
1581 1376 1678 1402 fratres
1701 1371 1809 1402 dividit,

1019 1433 1046 1455 et
1062 1428 1224 1455 charissima
1251 1427 1325 1454 inter
1352 1433 1382 1454 se
1406 1425 1518 1453 nomina
1546 1421 1663 1450 crudelis
1680 1425 1707 1448 et
1726 1420 1810 1446 durus

1020 1474 1160 1501 dissociat.
1177 1483 1186 1499 I

1058 1520 1120 1547 Haec
1146 1520 1215 1555 proh
1236 1519 1332 1547 dolor!
1355 1526 1408 1545 non
1434 1517 1490 1552 iam
1511 1516 1634 1548 auribus,
1650 1513 1697 1541 sed
1725 1519 1812 1539 ocnus

1022 1567 1091 1602 ipsis
1117 1567 1258 1593 haurimus
1278 1577 1283 1593 :
1303 1573 1356 1592 tton
1373 1564 1429 1599 jam
1454 1562 1580 1598 legimus,
1598 1561 1644 1588 sed
1669 1560 1811 1590 sentimus,

1024 1621 1162 1648 quantque
1186 1613 1304 1647 κακίστη
1329 1610 1481 1646 δαιμόνων,
1509 1613 1540 1636 ut
1564 1607 1701 1642 Euripidis
1730 1605 1813 1632 verho

1021 1664 1092 1692 utar,
1110 1659 1146 1687 sit
1165 1658 1290 1690 lueresis,
1307 1665 1360 1685 non
1380 1663 1433 1684 tam
1452 1664 1484 1683 ex
1512 1654 1650 1682 annalium
1668 1650 1812 1682 memoria,

1021 1713 1103 1741 quam
1122 1712 1157 1732 ex
1177 1705 1338 1731 ttostrismet
1366 1703 1418 1737 ipsi
1441 1700 1643 1729 calamitatibus
1670 1696 1812 1732 cognosci-

1023 1758 1094 1778 mus.
1115 1749 1213 1778 Multas
1230 1749 1340 1784 quidem
1358 1754 1510 1783 gravesque
1529 1746 1662 1773 luerosum
1680 1741 1813 1778 procellas

1021 1796 1048 1824 in
1065 1801 1189 1823 veterum
1221 1794 1407 1822 monumentis
1433 1792 1584 1827 deseriplas
1609 1790 1749 1818 videmus:
1766 1788 1812 1815 sed

1022 1842 1106 1869 multo
1124 1841 1232 1877 gravius
1246 1849 1296 1868 nos
1319 1840 1448 1871 alliciunt,
1475 1846 1542 1874 quas
1560 1838 1607 1872 ipsi
1627 1835 1765 1863 cernimus
1780 1840 1814 1861 ac

1022 1888 1164 1915 sentimus.
1186 1886 1221 1915 Ut
1244 1888 1316 1914 enim
1347 1894 1390 1914 res
1420 1886 1514 1920 procul
1541 1885 1575 1911 ab
1599 1883 1684 1912 oculis
1711 1881 1814 1910 dissita:

1024 1934 1108 1961 multo
1136 1934 1258 1961 minores
1274 1933 1413 1964 videntur,
1433 1939 1513 1966 quam
1543 1938 1603 1964 qum
1625 1927 1743 1964 propiori
1771 1927 1813 1953 itt-

1023 1980 1137 2007 tcrvallo
1151 1984 1330 2014 spectantur,
1356 1979 1450 2006 eodem
1469 1977 1551 2004 modo
1567 1976 1624 2003 ﬁeri
1643 1983 1695 2002 non
1715 1978 1813 2008 potest,

1023 2027 1088 2061 qttin
1107 2033 1225 2061 praesens
1237 2025 1380 2052 calamitas
1397 2023 1482 2051 umlto
1495 2023 1647 2057 graviorem
1671 2019 1748 2048 nobis
1767 2019 1814 2045 do-

1023 2072 1107 2100 lorem
1139 2072 1243 2105 inurat,
1265 2080 1346 2107 quant
1376 2079 1444 2106 quas
1472 2071 1497 2098 in
1522 2069 1713 2097 historicorum
1736 2065 1815 2093 libris

1022 2119 1097 2147 velut
1112 2119 1137 2146 in
1156 2119 1246 2146 tabula
1266 2119 1383 2154 quadam
1408 2118 1495 2152 pictas
1518 2116 1665 2143 intuemttr.
1697 2113 1729 2139 Et
1750 2119 1816 2139 sane

1024 2173 1129 2199 :equum
1152 2169 1221 2198 erat,
1238 2169 1267 2191 ιιι
1289 2165 1334 2199 qui
1356 2163 1506 2191 vicinorum
1527 2166 1685 2188 nostrorum
1713 2158 1813 2185 tristis-

1024 2211 1101 2239 sintis
1128 2211 1260 2246 exemplis
1286 2210 1388 2237 erudiri
1414 2208 1593 2243 negleximus,
1625 2206 1675 2240 ipsi
1706 2204 1814 2231 tandem

1025 2256 1085 2283 aliis
1103 2256 1130 2283 in
1147 2255 1300 2290 exemplum
1317 2260 1539 2290 proponeremur,
1558 2250 1702 2284 rzcterique
1717 2256 1750 2275 ex
1767 2256 1816 2274 nu-

1025 2302 1068 2329 bis
1087 2303 1280 2329 documentum
1304 2304 1441 2335 rapcrenl.
1464 2298 1528 2333 quid
1546 2297 1597 2325 sibi
1624 2295 1740 2324 essetin
1767 2301 1815 2321 ea-

1025 2348 1086 2376 dem
1108 2355 1190 2375 causa
1205 2346 1464 2381 pertimescendum.
1482 2346 1568 2378 Atque
1599 2342 1701 2369 utinam
1719 2340 1813 2367 verbo-

1026 2394 1101 2422 ribtts
1114 2394 1222 2426 saltem,
1236 2398 1265 2420 ut
1281 2392 1412 2428 Phryges.
1430 2396 1458 2418 et
1474 2390 1582 2424 quidem
1598 2389 1696 2416 iterum
1714 2395 1746 2414 ac
1762 2391 1815 2413 ter-

1027 2439 1065 2467 tio
1078 2439 1210 2473 repetitis,
1225 2437 1351 2465 meliores
1366 2435 1547 2466 eﬂiceremur,
1564 2441 1595 2461 ac
1611 2441 1663 2459 non
1679 2432 1767 2468 potius
1781 2432 1815 2457 ad

1026 2489 1081 2513 tant
1096 2485 1179 2512 duras
1196 2483 1289 2519 plagas
1313 2483 1579 2516 obstupesceretnus.
1606 2478 1671 2510 Sed,
1687 2478 1757 2512 quod
1771 2478 1814 2503 vix

1026 2532 1086 2559 sine
1102 2530 1231 2567 lacryntis
1244 2529 1296 2556 dici
1315 2532 1413 2564 potest,
1430 2527 1463 2553 ad
1482 2525 1584 2553 doloris
1597 2531 1706 2551 sensum
1729 2522 1815 2549 obdu-

1028 2578 1115 2605 ruisse
1138 2577 1271 2604 videmur.
1294 2574 1423 2608 Dissipati
1448 2573 1520 2600 enim
1545 2578 1645 2601 sumus,
1672 2573 1701 2595 ut
1729 2567 1815 2601 ittquit

1028 2623 1173 2658 Propheta,
1187 2628 1210 2650 et
1225 2631 1277 2652 non
1300 2621 1444 2656 tompttncd
1465 2619 1498 2646 ³⁸.
1515 2617 1645 2645 Percussit
1658 2623 1703 2642 nos
1723 2614 1815 2640 Denti-

1029 2678 1088 2702 nus,
1110 2673 1136 2696 et
1151 2677 1203 2695 non
1218 2668 1349 2695 doluimus
1363 2675 1372 2699 ;
1391 2665 1489 2692 attriuit
1510 2671 1568 2696 nos,
1586 2667 1609 2688 ot
1626 2667 1758 2688 tenuimus
1771 2666 1815 2685 oc-

1415 2756 1438 2772 "
1453 2755 1532 2782 Joan.
1550 2761 1589 2787 ιι,
1605 2751 1649 2779 52.
1705 2751 1728 2768 “
1741 2751 1813 2780 Psal.

1151 2759 1173 2775 ³⁸
1187 2758 1258 2787 Psal.
1272 2766 1315 2792 xc,
1337 2757 1363 2784 6.

1068 2883 1123 2917 (G5)
1140 2882 1266 2918 Cyprian.
1279 2880 1326 2907 lih.
1339 2880 1376 2906 De
1391 2878 1666 2918 ililll:_l'ﬂli.!‘n:“2‘26.

1067 2913 1125 2951 itit)
1140 2913 1233 2952 ιςῖιίριι.
1253 2918 1297 2943 nn.
1312 2921 1434 2952 ιιμηιυηι.
1451 2915 1480 2948 ιι,
1494 2922 1522 2948 p.
1536 2913 1614 2952 tona:

1068 2949 1124 2990 (65)
1141 2949 1224 2989 Epist.
1236 2952 1280 2987 55,
1298 2955 1318 2980 t.
1337 2951 1380 2987 ιν,
1395 2955 1464 2986 patt.
1484 2957 1513 2984 tt,
1529 2957 1555 2984 p.
1570 2949 1634 2976 267.
