2055 3130
264 166 320 198 319

815 171 930 200 JACOBI
952 171 1052 199 DlLLll
1073 171 1333 201 PREFATIONES.

1836 171 1890 200 520

266 227 353 261 sipara
374 224 538 260 disciplinam
554 225 587 252 ".
607 225 704 252 Bellum
731 226 752 252 si
772 227 882 260 quando
905 235 921 254 e
949 228 1218 263 laqueisAligrides
1245 236 1275 256 se
1300 229 1432 264 praebent.
1462 229 1578 261 Christi,
1599 229 1676 264 cujus
1701 228 1889 258 admirabilem

265 271 418 304 evaserint,
436 279 467 299 ea
488 272 580 299 omnia
605 272 675 304 loca,
690 272 718 300 in
740 273 838 307 quibus
863 273 975 309 laqueos
993 281 1054 302 esse

267 318 451 353 suSpicantur,
465 317 561 345 sedulo
582 319 703 353 fugiunt;
727 327 776 346 nos
791 319 868 346 bardi
884 325 911 347 et
924 321 1053 348 vecordes

268 366 301 391 ad
316 364 438 391 eumdem
456 364 580 398 quotidie
594 364 709 400 lapidem
719 365 905 401 impihgimus,
916 371 944 393 et
956 374 1054 402 pyrau-

268 416 371 438 starum
394 411 420 438 in
440 417 556 445 morem,
574 405 700 438 ambusta
716 412 772 446 jam
786 412 865 440 toties
883 421 915 439 ac
930 413 1053 448 ferejam

267 456 361 482 adusta
385 464 499 490 corpora
529 455 645 484 ﬂammis
663 457 751 484 adhttc
763 457 947 485 admovemus.

302 501 522 537 Quotusquisque
537 507 579 529 est
591 503 673 535 cnim,
686 503 731 537 qui
754 503 780 530 in
795 507 849 530 tam
875 504 959 531 denso
983 504 1056 531 cala-

269 547 394 574 mitatutn
416 549 525 582 agmine
550 549 690 576 meliorem
707 553 824 576 mentem
839 549 941 580 induat,
953 555 979 577 et
991 559 1056 578 cott-

269 593 366 627 cipiat,
387 601 419 621 ac
439 594 516 628 quasi
531 595 665 629 parturiat
681 595 808 629 spiritum
827 596 922 623 salutis
938 596 978 623 “i
993 596 1055 624 0m-

270 646 318 665 ues
333 646 400 673 pene
418 639 514 667 iisdem
533 641 653 675 vestigiis
684 641 843 674 insistimus,
862 643 935 669 vitiis
957 643 1056 670 nostris

270 684 452 720 indulgemus,
467 694 498 713 ea
521 687 658 714 mordicus
669 687 830 722 retinemus,
843 688 975 722 novisqu
988 695 1056 723 quo-

272 730 336 758 tidie
351 730 459 764 ﬂagitiis
486 732 667 763 cumulamns,
683 741 740 765 nec,
761 737 790 759 ut
817 741 877 760 cum
907 734 989 768 lyrico
1017 734 1056 760 lo-

269 784 339 811 quar
355 777 424 812 (66),
439 785 487 811 per
503 783 622 804 nostrum
641 778 759 813 patimur
772 779 995 807 scclnsiracuuda
1011 779 1056 806 Jo-

268 829 329 849 vem
343 830 443 857 ponere
461 823 584 850 fulmina.
605 823 680 851 Hanc
699 832 788 851 rerum
809 825 984 852 acerbitatem
1010 826 1057 852 de-

270 868 421 903 ploramus,
439 869 509 896 hanc
527 870 655 904 temporis
680 869 865 897 infelicitatem
887 877 1056 902 accusamus,

271 914 350 949 cujus
368 915 419 949 ipsi
447 915 519 942 unici
546 915 614 942 fabri
642 921 722 950 atque
743 915 862 943 artifices
888 923 990 943 sumus.
1017 916 1057 943 Ad

269 959 352 994 ﬂagra
370 967 582 991 murmuramus,
600 960 645 993 qui
660 961 834 994 scorpionum
847 960 868 975 ³⁷
884 960 952 987 icttts
969 968 1057 988 ntere-

270 1013 341 1032 mur.
366 1004 491 1032 Dolemus
508 1006 597 1032 omnia
613 1005 672 1040 plus
684 1014 763 1040 quant
781 1006 910 1033 feralibus
922 1006 991 1033 odiis
1014 1014 1057 1033 ar-

270 1051 350 1082 dere,
373 1055 398 1077 et
415 1059 476 1078 cum
492 1051 545 1077 Deo
560 1051 586 1077 in
609 1052 722 1086 gratiam
742 1052 830 1078 redire
851 1060 902 1078 non
920 1059 1056 1081 curamus.

270 1097 352 1131 Quasi
370 1106 433 1125 vcro
455 1104 528 1125 certa
553 1106 604 1132 pax
630 1099 700 1126 inter
725 1107 772 1126 eos
786 1099 941 1126 coalescere
967 1103 1057 1133 queat,

272 1144 349 1178 quia
368 1144 422 1171 Deo
443 1145 517 1178 pacis
539 1152 599 1172 sese
630 1149 802 1177 averterunt;
826 1149 905 1179 atque
932 1145 950 1172 ii
973 1152 1058 1172 utent-

269 1188 318 1216 bra
346 1195 437 1217 tenere
458 1195 571 1225 queant,
596 1191 641 1225 qui
664 1195 752 1225 caput,
780 1195 808 1217 ut
839 1197 880 1217 est
901 1191 968 1226 apud
989 1192 1058 1225 Apo-

270 1235 370 1263 stoluut
385 1235 419 1268 ³⁸,
435 1245 486 1263 nan
502 1241 597 1263 leuent.
618 1237 651 1264 Ut
667 1237 739 1264 enim
760 1237 786 1264 in
804 1237 905 1264 circulo
924 1244 976 1271 quo
1001 1237 1059 1264 lon-

271 1281 332 1315 gius
362 1290 376 1308 a
401 1287 494 1309 centro
527 1283 605 1310 linea:
634 1283 851 1316 protrahuntur,
879 1283 930 1310 hoc
953 1290 1059 1318 quoque

273 1326 441 1360 longioribus
457 1328 606 1355 intervallis
621 1328 691 1356 inter
699 1335 728 1355 se
742 1328 846 1355 distant
863 1337 870 1355 :
884 1329 917 1355 ad
935 1329 1058 1355 eumdem

273 1371 384 1398 modum
414 1380 468 1406 quo
496 1373 611 1406 quisque
637 1373 742 1405 longius
758 1381 772 1400 a
799 1373 853 1400 Deo
879 1373 1003 1404 discedit,
1027 1381 1059 1400 eo

272 1417 354 1443 etiam
372 1418 456 1450 magis
470 1425 484 1443 a
505 1418 624 1445 fraterna
651 1418 796 1452 cbaritatc,
817 1418 872 1445 imo
889 1418 970 1445 etiarn
985 1427 1000 1446 a
1015 1426 1058 1446 se-

273 1461 330 1496 ipso
345 1468 508 1491 removetur.

309 1507 377 1534 Nam
393 1508 458 1542 quid
473 1509 505 1535 de
522 1508 554 1535 iis
571 1508 669 1542 dicam,
691 1509 737 1544 qui
755 1509 789 1536 ab
808 1509 934 1537 Ecclesia:
947 1518 1059 1545 corpore

1105 275 1247 309 quemdam
1265 275 1351 302 zelum
1378 283 1434 310 pne
1455 282 1484 302 se
1510 275 1645 308 ferebant,
1666 274 1763 310 templa
1791 275 1882 303 distub

1105 321 1181 352 baut,
1201 321 1395 356 patrimonium
1410 321 1551 355 diripiunt,
1561 321 1700 348 ministros
1713 321 1888 348 obtruncant.

1105 366 1198 401 Regis,
1219 367 1295 401 cujus
1309 366 1499 394 auctoritatem
1520 367 1718 402 imperiumque
1733 366 1784 393 sibi
1798 374 1890 394 sacro-

1105 419 1229 438 sanctum
1245 420 1306 440 esse
1322 412 1434 439 alternis
1448 419 1531 448 prope
1542 412 1633 439 verbis
1647 412 1827 445 afﬁrmabant,
1845 421 1890 439 ur-

1106 457 1154 484 bes
1183 458 1209 484 vi
1243 463 1325 492 atque
1354 458 1437 485 armis
1462 463 1628 492 expugnant,
1657 458 1755 485 tributa
1786 457 1890 492 legunt,

1106 508 1243 537 sceptrum
1257 503 1351 536 etiam,
1366 503 1388 530 si
1411 503 1527 537 possint,
1540 507 1702 536 extorquere
1716 503 1889 530 contendunt.

1106 548 1211 583 Populi,
1231 548 1308 582 cujus
1329 557 1422 581 causa,
1442 549 1586 584 populares
1608 547 1733 576 videlicet
1757 548 1890 579 homines.

1106 602 1178 621 anno
1194 595 1325 629 superiori
1340 595 1373 622 ad
1390 602 1465 621 arma
1480 602 1509 622 se
1536 594 1634 622 invitos
1656 594 1726 621 trahi
1755 595 1894 623 testaban-

1107 648 1162 675 tur,
1194 643 1316 670 fortunas
1341 650 1438 670 omnes
1467 650 1515 677 per
1540 642 1756 669 crudelissimum
1783 641 1885 668 latroci-

1107 688 1180 714 nium
1199 688 1329 722 cripiunt,
1343 688 1422 722 eique
1436 695 1483 722 pro
1500 687 1625 714 libertate
1641 687 1773 720 promissa
1790 686 1881 721 gravis

1107 733 1203 760 simam
1224 732 1396 767 tyrannidem
1415 733 1584 763 invexerunt,
1596 739 1644 766 pro
1660 731 1747 766 ligneo
1765 731 1829 766 jugo
1840 732 1878 757 fe'

1107 786 1182 805 reum
1211 778 1411 811 imposuerunt?
1432 777 1506 805 Unde
1526 783 1616 804 autem
1641 776 1714 804 fures
1733 783 1888 811 agnoscere-

1108 832 1180 855 mus,
1195 825 1246 852 nisi
1259 825 1422 856 furaretttur,
1434 829 1460 851 et
1479 827 1639 855 mactarent,
1657 828 1684 850 et
1696 821 1889 856 perderent“?

1110 871 1185 899 Unde
1204 871 1290 904 lupos,
1303 870 1353 897 nisi
1371 869 1527 905 sanguinem
1545 867 1670 896 sitirent?
1689 867 1766 895 Unde
1787 867 1887 900 vipera-

1110 925 1168 943 rum
1185 916 1341 950 progeniem
1356 915 1389 948 “,
1405 915 1456 942 nisi
1478 919 1593 941 matrem
1616 913 1795 940 arroderent?
1816 912 1892 940 Unde

1109 970 1188 996 apros
1204 962 1341 988 solitarios
1350 961 1383 992 ",
1400 961 1450 988 nisi
1470 959 1680 995 pulcherrimam
1696 958 1769 985 illam
1788 958 1890 984 vineam

1108 1008 1316 1044 pervastat-ent?
1334 1007 1411 1035 Unde
1430 1007 1514 1034 leonis
1530 1005 1659 1041 rugientis
1675 1004 1698 1020 ⁸³
1712 1004 1825 1042 catulos,
1841 1003 1890 1030 nisi

1109 1056 1215 1081 obvium
1239 1062 1372 1088 quemque
1397 1052 1580 1080 devorarent?
1599 1051 1675 1078 Unde
1696 1050 1809 1083 denique
1823 1049 1892 1083 ejus.

1109 1101 1154 1135 qui
1177 1101 1231 1134 jam
1260 1101 1321 1127 imlc
1347 1107 1363 1126 a
1394 1099 1480 1133 prima
1512 1104 1603 1124 rerum
1622 1096 1727 1131 origine
1756 1095 1892 1122 homicida

1109 1147 1161 1174 fuit
1178 1147 1211 1179 “,
1232 1147 1342 1178 liberos,
1370 1145 1422 1172 nisi
1451 1151 1547 1172 cruore
1574 1147 1657 1177 atque
1684 1142 1757 1169 ontni
1779 1139 1893 1168 feritatis

1109 1200 1208 1228 genere
1223 1195 1398 1226 pascerentur
1409 1190 1420 1217 ‘?

1144 1239 1210 1271 Quis
1224 1237 1398 1272 interpretari
1416 1239 1505 1271 potest
1520 1233 1674 1269 iniquiusne
1690 1232 1791 1259 bellum
1806 1238 1893 1258 susce-

1109 1285 1208 1320 perint,
1238 1291 1272 1311 an
1294 1283 1431 1310 crudelius
1457 1286 1484 1309 et
1512 1280 1637 1315 rapacius
1662 1278 1773 1314 gerant?
1791 1277 1894 1311 Quibus

1109 1332 1204 1367 opibus
1219 1331 1276 1358 haec
1293 1330 1432 1361 barathra,
1449 1336 1503 1362 quo
1529 1327 1660 1362 sanguine
1673 1325 1714 1352 ha:
1744 1323 1891 1355 hirudines,

1109 1384 1171 1405 ante
1185 1385 1262 1412 quas,
1280 1382 1309 1404 ut
1321 1376 1467 1411 Scriptura:
1482 1374 1571 1402 verbis
1595 1378 1665 1405 utar,
1681 1371 1757 1407 quasi
1783 1370 1892 1397 nihilum

1109 1429 1147 1451 est
1167 1425 1274 1459 salignis
1293 1424 1328 1456 ⁸³,
1351 1422 1452 1457 expleri
1471 1420 1586 1456 queant?
1605 1420 1709 1447 llabent
1725 1422 1799 1445 certe
1824 1415 1892 1443 uttde

1110 1471 1137 1498 in
1153 1470 1312 1497 confusione
1334 1477 1382 1496 sua
1398 1468 1557 1503 glorientur.
1575 1467 1704 1493 \‘icerunt
1727 1469 1821 1490 omnes
1836 1468 1894 1488 om-

1111 1518 1184 1543 nium
1200 1521 1308 1543 tl‘lallltll
1325 1514 1479 1541 haereticos.
1497 1512 1626 1539 Vicerunt
1641 1508 1820 1545 impudentia,
1836 1513 1895 1533 sce-

274 1551 377 1579 ncfarie
404 1561 433 1580 se
455 1553 646 1594 prmciderttnt,
673 1554 717 1588 qui
742 1554 923 1581 inconsutilcm
939 1556 960 1571 ³³
987 1551 1057 1582 illam
1072 1571 1095 1601 Ο
1112 1563 1178 1595 μηθ’
1194 1561 1410 1596 importunitate,
1429 1559 1542 1594 rapinis,
1570 1556 1738 1584 crudelitate.
1764 1553 1822 1581 Non
1846 1559 1893 1578 ex-

274 1598 374 1625 Cltristi
399 1604 518 1630 vestem,
539 1600 581 1625 cui
609 1599 796 1627 immanissimi
818 1601 898 1627 etiam
917 1602 1059 1630 carnifices

276 1650 465 1678 pepercerunt,
482 1645 507 1671 in
527 1644 647 1671 infinitas
662 1649 752 1679 partes
765 1645 914 1680 sciderunt,
930 1651 1059 1681 tantaque

279 1690 396 1716 amentia
413 1690 565 1724 praccipites
583 1690 716 1721 feruntur,
736 1695 763 1717 ιιι
779 1692 1004 1724 quemadmodum
1020 1699 1060 1719 sa-

278 1735 416 1762 lamandra
440 1737 465 1763 in
482 1737 551 1770 igne,
566 1736 605 1764 sic
627 1736 675 1770 ipsi
703 1737 728 1763 in
755 1736 873 1764 (lissidiis
895 1737 1060 1772 funcstisque

277 1782 495 1809 conﬂictionibus
511 1782 614 1814 vivant,
629 1788 708 1817 atque
724 1783 854 1810 adversus
869 1783 1001 1817 publicam
1016 1792 1061 1810 or-

276 1828 320 1855 bis
344 1828 518 1855 concordiam
543 1828 703 1862 conjurasse
729 1827 882 1855 vidcantur?
902 1837 911 1854 ‹
930 1829 984 1864 (6-7)
1004 1828 1060 1855 Nisi

276 1873 347 1900 enim
364 1881 456 1908 pacem
472 1874 602 1906 odissent,
617 1874 643 1900 in
669 1874 772 1901 unitate
797 1879 870 1901 certe
894 1876 1060 1909 permansis-

277 1926 348 1947 seut.
365 1930 374 1947 ι
393 1921 536 1948 ιιειιιιιιιιτι
556 1922 664 1948 miseria
690 1929 824 1948 summam
846 1922 1010 1954 felicitatem,
1033 1923 1060 1949 itt

277 1966 393 1993 maxima
430 1968 634 2002 perturbatione
662 1968 885 2002 iucundissimam
919 1969 1060 2003 quamdam

277 2012 394 2046 quietem
407 2013 448 2039 vel
464 2013 605 2045 simulant,
618 2014 659 2040 vel
678 2015 813 2048 opinionis
825 2022 918 2042 errore
930 2016 979 2042 sibi
998 2023 1061 2042 con-

278 2058 391 2093 fingunt.
416 2058 497 2085 Extra
513 2066 602 2085 arcam
634 2066 695 2086 csse
716 2059 844 2094 gaudent,
870 2068 902 2087 ac
928 2061 1000 2087 velut
1029 2062 1062 2088 de

277 2110 350 2131 certa
364 2104 450 2132 salute
482 2104 532 2132 sibi
549 2105 732 2140 gratulantur.
752 2105 797 2133 Sic
816 2107 941 2133 nimirum
968 2108 1062 2142 aegroti

276 2151 387 2185 quidam
405 2159 537 2186 nusquam
556 2160 608 2179 non
631 2153 778 2186 quietiores
793 2160 823 2180 se
843 2153 911 2185 fore,
931 2161 1012 2188 qttarn
1035 2154 1061 2181 in

275 2196 370 2223 stratis
386 2197 441 2224 suis
455 2198 630 2224 arbitrantur.
645 2199 735 2226 Perire
760 2199 849 2226 miseri
861 2207 912 2226 non
927 2206 1062 2233 recusant,

1113 1607 1255 1639 struendo,
1277 1613 1305 1634 ut
1321 1605 1477 1641 Babylonici
1492 1603 1672 1632 mdiﬂcatores
1684 1601 1717 1633 “,
1727 1600 1773 1627 sed
1785 1603 1894 1625 vastan-

1110 1656 1155 1687 do,
1172 1653 1330 1684 evertendo,
1354 1651 1492 1680 exurendo
1519 1656 1617 1676 nomen
1647 1655 1724 1674 suum
1748 1645 1894 1674 celebrare,

1111 1700 1347 1733 iimnortalemque
1371 1699 1411 1725 sui
1431 1696 1587 1725 memoriam
1604 1694 1722 1729 posteris
1743 1693 1895 1725 relinqtterc

1111 1747 1269 1774 moliuntur.
1285 1745 1443 1778 Quanquam
1461 1743 1590 1770 credetne
1617 1746 1735 1774 unquam
1754 1737 1896 1772 posteritas

1112 1797 1217 1819 tantum
1234 1791 1333 1817 furoris
1351 1790 1378 1816 in
1395 1789 1508 1816 Francis
1530 1785 1696 1816 hominibus,
1713 1784 1802 1818 iisque
1817 1781 1895 1823 defae-

1112 1841 1180 1863 cata:
1195 1835 1330 1870 religionis
1346 1833 1425 1861 titulo
1451 1840 1511 1860 sese
1535 1830 1757 1862 venditantibus,
1780 1827 1897 1854 exstitis—

1112 1881 1162 1908 se?
1180 1881 1237 1907 Non
1255 1882 1357 1913 credet,
1379 1879 1557 1914 imposturam
1572 1877 1623 1904 sibi
1638 1875 1738 1903 factam
1758 1872 1896 1903 clamabit,

1113 1927 1162 1954 nisi
1180 1933 1311 1960 expressa
1338 1929 1419 1951 tantae
1445 1923 1571 1950 amentiae
1591 1921 1756 1949 monimenta
1778 1918 1804 1945 in
1831 1921 1897 1944 tem-

1113 1972 1217 2006 plorum
1238 1970 1323 1997 ruinis
1341 1968 1447 1996 viderit.
1466 1967 1529 1994 Mihi
1552 1966 1661 2000 quidem
1678 1971 1731 1991 non
1750 1963 1777 1990 iit
1792 1961 1896 2006 publica

1114 2005 1203 2048 modo,
1221 2016 1267 2044 sed
1284 2016 1364 2042 etiatn
1380 2014 1406 2041 in
1424 2013 1527 2048 privata
1543 2011 1709 2042 calamitate,
1735 2016 1816 2044 quam
1833 2005 1898 2033 nihil

1114 2064 1139 2090 in
1167 2063 1230 2094 illis,
1260 2069 1312 2088 non
1334 2060 1421 2087 dicant
1451 2057 1610 2089 Christiani,
1637 2058 1686 2084 sed
1721 2062 1755 2081 ne
1784 2052 1900 2080 hominis

1113 2108 1221 2142 quidem
1239 2112 1322 2137 esset,
1339 2105 1447 2132 abunde
1473 2102 1590 2136 experiri
1621 2100 1744 2134 contigit.
1774 2097 1852 2130 Nam,
1871 2101 1899 2122 ut

1113 2152 1254 2188 llegiensis
1277 2151 1372 2179 insula:
1394 2149 1551 2177 vastitatem
1578 2152 1740 2183 prmtereant
1770 2145 1808 2180 (in
1835 2150 1898 2178 qua,

1114 2187 1233 2233 quandiu
1250 2197 1403 2232 superiores
1423 2194 1533 2225 fuimus,
1554 2193 1630 2220 licuit
1644 2192 1698 2218 illis
1723 2198 1771 2217 suo
1792 2189 1844 2216 ritu
1858 2187 1899 2214 vi-

278 2242 340 2267 dum
356 2242 423 2268 alios
449 2242 475 2268 in
494 2242 617 2269 eamdem
643 2251 734 2269 secum
764 2243 910 2277 perniciem
940 2245 1058 2272 trahant,
1076 2248 1098 2276 ι)
1113 2252 1187 2276 vere,
1204 2243 1374 2270 facultatibus
1408 2240 1466 2267 suis
1489 2240 1573 2267 bbere
1598 2236 1797 2272 tranquilleque
1823 2233 1899 2260 frui:

277 2287 403 2321 Idemque
419 2287 440 2314 si
453 2296 505 2315 non
519 2297 577 2320 ore,
590 2289 677 2324 reipsa
691 2294 779 2316 tamen
792 2290 919 2322 clamant,
933 2291 1003 2325 quod
1017 2291 1060 2318 ille

277 2330 345 2365 apttd
361 2332 490 2366 tragicum
523 2333 590 2367 (68),
609 2344 618 2360 ‹
634 2334 696 2362 Haec
709 2335 765 2369 ipsa
781 2335 884 2370 pollens
901 2337 991 2372 inclyti
1007 2336 1060 2363 Pe-

276 2377 346 2411 lopis
362 2377 457 2405 domus
471 2384 531 2406 ruat
550 2380 592 2406 vel
619 2380 645 2407 in
676 2388 728 2414 tne,
745 2381 890 2409 dummodo
910 2382 936 2408 in
949 2382 1059 2411 fratrem

278 2427 348 2448 ruat.
363 2431 373 2448 ι

311 2467 403 2502 Itaque
416 2468 461 2503 qui
480 2475 532 2496 non
549 2470 585 2496 ita
603 2471 705 2504 pridem
725 2476 839 2505 (tantum
855 2472 881 2499 in
898 2474 937 2500 eis
950 2473 1062 2500 simula-

278 2513 358 2541 tionis
374 2514 518 2541 artificium
535 2515 605 2550 cral)
629 2516 665 2541 nil
691 2517 742 2542 nisi
761 2525 852 2550 pacem
874 2519 1062 2545 concordiam-

276 2566 330 2594 que
350 2560 454 2593 spirare
467 2560 603 2594 plerisque
618 2561 791 2594 videbantur,
805 2563 883 2589 iident
903 2571 974 2589 nunc
987 2571 1065 2598 aper-

277 2610 303 2631 ta
322 2604 423 2637 fronte,
441 2610 468 2632 et
482 2613 565 2640 regno
579 2605 703 2638 Paridos,
718 2612 743 2633 et
759 2609 862 2641 optimo
885 2609 981 2642 cuique
994 2609 1077 2635 Plut--

276 2651 385 2684 larides,
401 2650 472 2679 sacri
491 2652 573 2679 etiattt
598 2653 703 2680 ordinis
735 2652 890 2680 hominibus
910 2654 969 2688 plus
984 2663 1064 2689 quant

352 2707 406 2735 Jer.
419 2716 444 2740 v,
459 2709 486 2736 5.
523 2710 604 2745 '“lsa.
616 2717 689 2745 xxvi,
707 2708 749 2736 i8.
781 2709 809 2745 ,³⁷
827 2709 856 2736 Ill
873 2709 938 2745 Reg.
957 2719 1005 2743 xu,
1019 2711 1063 2738 M.

274 2741 406 2805 :IM‘ullll.
422 2751 461 2777 ιιι,
474 2745 499 2772 'l.
539 2744 561 2760 δ’
582 2744 653 2771 l‘sal:
668 2752 761 2777 Lxxtr,
777 2744 822 2772 Η.

312 2845 367 2880 (60)
383 2845 488 2880 Horat.,
504 2847 550 2874 lib.
567 2856 572 2874 I
587 2847 691 2877 Carm,
706 2847 749 2874 od.
765 2847 790 2874 5.

311 2880 364 2914 (67)
381 2881 493 2916 Anguis.
510 2883 537 2908 in
550 2884 705 2917 piabunt.
723 2888 741 2909 ι.
756 2881 800 2913 ιν,
813 2889 839 2916 p.
858 2881 938 2909 ιδῖι.

1101 2711 1124 2727 ³⁸
1144 2710 1249 2738 Coloss.
1271 2718 1303 2742 tt,
1323 2710 1367 2738 19.

874 2746 896 2760 ⁸³
920 2748 928 2772 Ι
943 2746 1015 2773 Pctr.
1036 2754 1061 2780 v,
1077 2747 1102 2775 8.

1113 2290 1277 2324 simulatque
1313 2292 1403 2315 autem
1419 2287 1515 2313 vicina:
1530 2283 1650 2320 Rupeilce
1672 2281 1782 2318 perﬁdia
1809 2279 1900 2307 basili-

1114 2344 1188 2363 scum
1210 2336 1299 2366 illum.
1317 2341 1398 2368 quem
1423 2336 1462 2360 tot
1489 2331 1568 2358 annis
1592 2329 1766 2364 parturierat,
1786 2325 1900 2362 peperit,

1115 2383 1185 2409 illico
1207 2381 1310 2415 templis
1325 2381 1440 2406 ﬂamma:
1457 2377 1577 2411 injecta,
1597 2375 1713 2403 fortunis
1729 2374 1839 2404 nostris,
1854 2372 1900 2398 do-

1115 2427 1289 2460 mesticisque
1311 2425 1446 2454 onmibus,
1462 2430 1530 2457 quos
1547 2421 1656 2455 quidem
1671 2419 1792 2454 arripere
1807 2422 1900 2452 potue-

1116 2479 1188 2506 runt,
1202 2481 1296 2500 manus
1306 2472 1394 2499 allata:
1407 2470 1490 2505 sunt),
1503 2469 1564 2503 quis
1574 2467 1726 2495 Michaelini
1742 2466 1826 2493 nostri
1843 2471 1898 2492 cm—

1117 2521 1189 2548 nobii
1211 2520 1315 2547 cladem
1334 2518 1385 2544 ulla
1413 2515 1561 2552 quamlibet
1579 2515 1681 2547 tragica
1711 2513 1835 2540 oratione
1854 2518 1902 2546 pro

1114 2566 1153 2594 rei
1171 2566 1313 2592 atrocitate
1336 2563 1476 2598 deplorare
1491 2561 1591 2596 queat?

1150 2610 1249 2638 Douttts
1265 2618 1298 2637 ea
1317 2608 1505 2642 antiquissima
1519 2611 1546 2633 et
1563 2603 1746 2633 illustrissima
1775 2607 1846 2635 erat,
1859 2606 1887 2628 at

1114 2664 1167 2691 que
1181 2657 1237 2691 ipsa
1249 2663 1356 2690 quoque
1376 2657 1522 2681 structura:
1533 2652 1623 2686 specie
1639 2650 1794 2685 religionem
1807 2655 1901 2681 quatu-

1407 2709 1428 2724 ³⁹
1441 2707 1521 2735 Joau.
1539 2714 1595 2739 ιιι,
1609 2705 1653 2733 25.
1689 2705 1712 2721 ⁴⁰
1726 2703 1845 2739 Juan._x,
1856 2700 1902 2727 10.

1160 2748 1182 2762 δ’
1195 2737 1276 2773 λυιιιιέ
1289 2737 1349 2777 vui,
1367 2745 1411 2771 Μ.
1462 2743 1484 2759 ’⁵³
1498 2737 1654 2774 Ερειὶζνιιι,
1669 2740 1710 2768 19.
1729 2778 1732 2780 η
1765 2739 1788 2753 ⁸⁵
1803 2737 1902 2764 Getica.

1146 2846 1200 2880 ((58)
1226 2846 1321 2874 Sencc.
1343 2846 1368 2873 in
1385 2838 1492 2880 Thyest.
