2055 3130
140 185 187 213 32f

685 181 801 210 JACOBI
821 180 917 208 BiLLll
938 179 1017 207 ΡῐὶιΕ
1023 180 1202 210 F.\Tl0NES.

1715 183 1770 210 522

141 246 204 272 dum
220 242 420 277 spectatoribus
441 240 599 268 incutiebat.
626 240 663 267 Ea
681 241 772 268 multis
786 240 927 267 calamito—
941 242 964 269 Λ
980 241 1101 267 beluhetn
1125 249 1173 275 pro
1201 240 1321 275 legitimo
1347 240 1470 276 principe
1502 248 1649 276 agnoscere
1670 241 1766 269 volue-

139 290 178 317 sis
196 288 303 319 solatio,
319 287 429 322 pietatis
445 295 526 314 causa
552 287 741 314 exsulantibus
762 285 885 321 perfugio
900 292 931 312 ac

139 334 276 370 praesidio,
291 338 317 360 et
335 338 364 360 ut
378 341 439 360 cum
462 332 513 360 Job
529 333 551 348 "
567 332 665 365 dicam,
684 333 776 359 oculus
791 340 871 361 creta,
887 339 930 364 pes

140 380 250 412 claudo,
261 379 462 413 tttnlerpattperi
474 378 633 413 plerumque
648 378 746 405 fueral.
762 377 931 411 Prmeipuuut

139 430 230 452 autem
255 424 342 458 ipsius
359 425 441 450 decus
466 428 534 455 erat,
551 423 622 457 quod
652 423 678 451 in
704 424 754 450 hoc
781 424 930 450 animarum

141 470 245 497 diluvio
259 470 316 496 sola
330 477 410 504 pene,
428 469 503 496 velut
528 477 589 496 arca
609 468 674 501 Noe,
689 469 782 495 diluvii
799 468 852 495 vim
879 468 931 495 mi-

141 515 214 542 nime
241 522 374 541 senserat.
410 513 456 540 Bis
494 514 624 547 obsessa,
667 514 710 541 bis
742 514 774 541 de
810 513 932 540 hostibus

143 560 335 594 triumpharat.

182 614 256 641 Felix
285 615 354 641 heu!
380 613 504 646 nituium,
528 614 590 641 felix
613 615 635 641 si
651 614 741 641 littora
757 619 861 641 tantum

182 651 328 683 Anglorum
344 657 479 683 nunquam
505 651 655 684 tetigissent
681 654 772 676 nostra
798 650 907 676 earinre.

144 695 348 730 Quamprimum
387 695 460 722 ettim
489 695 629 730 Rupellani
661 702 709 730 pro
735 695 797 722 vino
823 700 849 722 et
877 694 932 722 sale

144 742 258 776 aliisque
285 741 366 768 rebus
395 741 428 767 ad
451 740 511 768 vita:
539 749 617 767 usum
647 742 820 774 necessariis,
845 748 932 768 teneas

144 787 284 813 machinas
300 786 416 821 ingentis
439 786 632 820 magnitudinis
647 787 681 814 ab
702 786 794 821 Anglis
819 793 932 821 accepe-

146 838 218 865 runt,
233 833 323 860 statim
340 833 419 859 tertia
446 833 581 867 expeditio
599 834 728 860 adversus
753 833 859 859 domum
885 839 930 858 uo-

145 884 228 906 stram
246 879 401 912 suscipitur.
416 878 569 906 Accurrunt
589 879 707 913 undique
723 879 814 906 hostes
832 885 866 905 ex
886 886 930 913 op-

983 291 1054 314 runt.
1066 285 1099 312 At
1114 290 1153 318 ιιι,
1167 286 1220 312 ﬁlia
1239 286 1380 322 Babylonis
1397 287 1506 319 misera,
1524 292 1548 314 tu
1564 294 1662 315 vesana
1679 288 1772 314 cami-

981 331 1036 365 fex,
1053 337 1080 358 tu
1099 332 1193 358 ntorlis
1211 332 1276 364 filia,
1292 337 1374 367 atque
1391 332 1418 359 itt
1435 333 1523 360 medio
1541 333 1642 360 umbra:
1668 333 1764 360 mortis

981 379 1118 411 habitans,
1144 378 1209 413 qttid
1234 379 1333 413 egisti?
1359 378 1410 406 Ubi
1435 383 1477 406 est
1493 379 1604 406 victoria
1631 379 1696 406 tua?
1723 378 1770 405 Di-

982 423 1085 450 ruendo
1112 424 1199 456 rttisti,
1221 423 1357 458 perdendo
1388 423 1503 458 periisti.
1524 423 1628 450 Caelum
1656 423 1768 454 habent.

981 467 1078 500 quibus
1104 471 1222 496 terram:
1246 469 1361 503 patriam
1386 469 1495 499 habent,
1525 469 1623 503 quibus
1644 468 1769 495 exsiliunt

982 512 1110 540 invidisti.
1121 512 1142 540 0
1155 515 1238 541 beata:
1248 514 1353 547 animm,
1366 522 1446 549 quam
1462 515 1598 549 preti0sus
1616 516 1642 541 in
1656 521 1770 548 conspe-

982 562 1026 585 ctu
1042 557 1149 585 Domini
1171 559 1299 586 transitus
1316 564 1417 591 vester,
1433 567 1447 586 a
1466 559 1522 586 luto
1544 559 1616 586 faecis
1633 560 1666 586 ad
1680 559 1769 586 locum

982 611 1100 639 pascua‘,
1117 612 1131 631 τι
1154 609 1225 632 terra
1244 607 1350 633 deserta
1367 607 1439 633 invia
1457 611 1484 634 et
1501 607 1628 640 innquosa
1653 605 1686 633 ad
1715 611 1769 633 ter-

983 658 1039 677 ram
1057 650 1183 678 liuentem
1196 651 1267 679 lacte
1283 656 1307 678 et
1322 652 1410 686 melle,
1430 661 1444 679 a
1467 657 1588 680 torrente
1609 652 1769 679 amaritudi-

983 697 1025 724 nis
1043 697 1074 723 ad
1091 701 1236 724 torrentem
1252 698 1407 732 voluptatis,
1422 699 1455 725 ab
1472 699 1532 733 igne
1551 704 1576 726 et
1594 707 1661 732 aqua
1679 699 1711 724 ad
1729 706 1770 724 re-

983 741 1141 777 frigerium!
1165 742 1250 776 Quam
1268 743 1345 770 dulce
1365 749 1406 770 est
1422 744 1497 771 vobis
1517 745 1542 771 in
1556 744 1623 778 Agni
1639 745 1769 771 comitatu

983 795 1055 820 esse,
1072 789 1181 816 Christo
1205 789 1269 821 frui,
1288 791 1337 817 sub
1366 798 1469 824 magna:
1497 790 1568 817 illius
1588 790 1692 824 gallina:
1721 790 1771 816 alis

988 835 1168 868 requiescere,
1185 836 1256 862 nulla
1275 835 1330 868 jam
1348 835 1485 868 scandala,
1499 835 1599 862 nullam
1621 835 1768 870 gladiorum

988 880 1081 910 aciem,
1098 880 1185 907 nullos
1201 881 1354 907 venantium
1371 880 1491 915 laqueos,
1508 881 1607 907 uullatu
1624 881 1676 907 vim
1694 881 1770 907 botu-

145 925 215 959 pidis
227 929 254 951 et
272 926 358 959 pagis,
371 932 403 951 ex
431 924 535 957 insulis,
553 925 622 952 Deus
655 925 734 956 bone,
762 932 841 959 quato
864 925 931 952 truci
948 917 969 947 Β
985 924 1129 951 hardarum
1149 925 1344 953 extimescere!
1370 926 1455 959 Quam
1471 927 1629 960 praeclarum
1651 926 1771 961 negotia—

147 970 231 1001 vultu,
248 977 328 1004 quam
347 970 488 1004 impotenti
511 970 613 1000 furore,
632 978 711 1005 quam
731 971 849 997 inaudita
875 971 933 997 ani-

145 1024 250 1043 morunt
283 1016 372 1043 rabiel
399 1015 508 1043 Nostris
520 1016 628 1050 quidem
653 1017 739 1050 primo
757 1024 807 1043 nec
827 1016 934 1043 animus

145 1063 178 1089 ad
190 1062 381 1094 resistendum,
395 1069 444 1089 nec
456 1061 529 1088 vires
544 1062 665 1089 deerant.
677 1062 742 1094 Sed,
759 1067 932 1096 posteaquam

146 1108 278 1134 immanes
297 1107 349 1134 illae
364 1107 518 1134 bombarda:
534 1107 631 1134 dirtttis
644 1108 769 1134 omnibus
783 1115 934 1142 propugna-

145 1154 214 1181 culis
229 1153 387 1187 tnurosjam
417 1153 488 1186 ipsos
513 1153 629 1187 dejicere
654 1158 816 1187 cmperunt:
840 1161 935 1188 quein-

146 1207 252 1234 cunqne
273 1199 343 1226 Deus
358 1199 487 1226 voluisset
509 1203 635 1226 eventum
649 1205 809 1234 exspectare
831 1200 933 1227 malue-

147 1251 219 1277 runt,
235 1253 315 1278 quam
332 1246 413 1285 ullum
429 1245 573 1273 deditionis
590 1245 699 1273 verbum
723 1247 793 1280 apud
814 1254 860 1273 eos
884 1246 932 1273 ha-

146 1293 220 1325 bere,
239 1301 307 1327 quos
326 1292 459 1327 quidquid
488 1293 679 1326 promisissent
705 1300 757 1319 non
779 1293 828 1319 alia
853 1300 932 1327 quam

145 1337 248 1365 Punica
269 1339 320 1365 title
334 1338 503 1372 praestituros
519 1345 578 1365 esse
593 1338 776 1365 certissimum
789 1338 932 1366 habebant.

147 1383 238 1409 ldihtts
257 1390 322 1417 ergo
338 1382 473 1414 Januarii,
494 1390 573 1417 quem
590 1384 660 1410 diem
685 1383 804 1419 [inpellat
818 1383 934 1411 defectio

146 1429 287 1462 superiore
310 1435 382 1455 anno
397 1429 445 1455 toti
462 1428 557 1456 Gallia:
581 1429 714 1456 nefastum
741 1430 867 1463 reddidit,
884 1432 934 1457 ho-

146 1474 195 1501 stis
211 1481 260 1507 per
287 1474 416 1507 disjectas
443 1474 512 1501 muri
540 1479 630 1509 partes
654 1475 817 1510 irrumpens,
834 1477 934 1510 promi-

146 1527 238 1546 scuam
262 1519 470 1552 cmnohitarum,
499 1520 710 1547 domesticorum
735 1528 874 1554 meorum,
902 1529 933 1549 ac

146 1565 308 1590 msticormn
327 1568 446 1597 stragem
463 1563 558 1591 edidit.
577 1564 677 1599 Optato
697 1569 787 1593 tamen
805 1574 858 1593 nox
886 1566 934 1592 ad-

145 1610 258 1636 veniens
275 1609 354 1636 finem
374 1609 494 1636 caedibus
508 1610 652 1643 attulisset,
672 1610 693 1637 si
713 1618 773 1638 cum
793 1611 827 1638 iis
848 1612 933 1639 hosti-

146 1655 195 1683 bus
211 1663 255 1682 res
274 1655 373 1682 nostris
387 1655 492 1686 fuisset,
510 1656 556 1690 qui
584 1656 691 1684 nonnisi
726 1657 751 1683 itt
776 1657 870 1690 primis
887 1666 934 1685 ex-

146 1701 317 1736 pugnationis
345 1701 514 1732 tumultibus,
544 1702 627 1728 animi
653 1702 780 1730 ferociam
807 1704 934 1731 adhibere

146 1751 352 1774 consueverunt.
373 1745 426 1773 Sed
442 1754 505 1773 cum
522 1747 659 1779 monstris,
677 1756 737 1774 ctttn
760 1748 848 1781 furiis,
873 1758 933 1777 cum

147 1792 294 1819 telerrimis
309 1791 398 1818 omnis
414 1791 590 1819 humanitatis
610 1793 733 1820 hostibus
758 1802 802 1821 res
819 1800 888 1822 erat.

159 1838 273 1872 ‘ltaque
291 1843 400 1872 postero
413 1838 467 1870 die,
488 1845 548 1865 cum
564 1838 620 1872 jam
640 1847 688 1873 per
704 1840 792 1867 noctis
814 1842 932 1875 quietem

146 1883 186 1911 ira
216 1883 384 1911 deferbuisse
404 1883 544 1916 debuerat,
571 1884 712 1911 inchoatas
733 1885 819 1912 credes
842 1893 935 1920 prose-

145 1934 273 1964 quuntur,
306 1936 337 1956 ac
363 1929 436 1956 fusos
460 1936 510 1964 per
532 1929 673 1964 templum,
696 1931 851 1965 passimque
878 1936 933 1958 tota

145 1976 235 2008 domo,
251 1975 432 2010 nequidquam
444 1982 538 2002 eorum
553 1975 780 2014 misericordiam,
790 1984 850 2011 qua:
861 1977 933 2004 nulla

145 2021 172 2049 in
209 2021 306 2048 ferreis
337 2021 492 2055 pectoribus
522 2025 590 2054 erat,
623 2021 798 2056 implorantes
824 2026 931 2049 necant.

145 2060 232 2098 Multi,
244 2067 402 2102 quibuscum
415 2067 450 2094 de
466 2069 522 2094 vita
543 2068 632 2102 pretio
662 2068 818 2095 redimenda
845 2073 932 2095 trans-

145 2118 233 2139 actum
264 2112 367 2144 fuerat,
385 2113 476 2140 statim
489 2112 564 2147 jussu
579 2113 677 2140 ducum
696 2119 789 2140 contra
805 2114 851 2148 jus
873 2114 932 2141 bel-

145 2158 174 2190 li,
189 2159 284 2193 fasque
298 2166 388 2191 omne,
404 2159 545 2186 trucidati.
572 2159 663 2186 Multis
678 2160 758 2187 etiatn
776 2159 809 2186 ad
830 2160 932 2194 impor-

144 2207 238 2230 tunam
252 2204 363 2231 victoris
392 2204 529 2232 libidinem
555 2204 652 2239 laqueo
681 2205 774 2232 fracta:
800 2206 928 2232 cervices.

986 970 1067 997 tionis
1084 978 1179 1005 genus,
1196 979 1246 1006 pro
1262 972 1367 1006 exiguis
1394 973 1533 1005 sanguinis
1548 972 1630 1007 guttis
1657 980 1768 1005 regnum

984 1016 1124 1050 caelorum,
1142 1024 1190 1051 pro
1207 1011 1370 1044 carbonibus
1390 1018 1556 1050 thesaurum,
1577 1026 1626 1053 pro
1640 1018 1768 1045 stercori-

984 1062 1034 1089 bus
1047 1063 1224 1097 margaritam
1244 1056 1381 1097 accipere!

1020 1107 1072 1134 Sed
1089 1108 1211 1142 profecto
1224 1109 1268 1144 (tte
1281 1110 1383 1137 diutius
1398 1115 1475 1137 extra
1489 1110 1654 1137 curriculum
1669 1109 1772 1137 feratur

984 1153 1108 1189 cpistola)
1125 1161 1175 1181 nec
1208 1159 1300 1182 nostra
1325 1155 1430 1187 domtts,
1467 1163 1515 1182 nec
1542 1160 1581 1182 tot
1609 1157 1770 1189 tcmploruttt

985 1199 1068 1226 millia
1086 1200 1112 1226 in
1141 1200 1192 1227 hoc
1224 1208 1306 1236 regno
1332 1201 1559 1235 conflagrassent,
1580 1202 1630 1228 nisi
1653 1202 1772 1236 vulpibus

985 1245 1053 1278 istis,
1070 1253 1128 1279 qua:
1155 1246 1241 1272 vineas
1262 1246 1442 1272 demolientur
1463 1246 1496 1278 δν,
1522 1246 1609 1281 fovens
1632 1246 1725 1272 habere
1736 1246 1772 1278 ⁵ο,

985 1292 1075 1326 vespis
1090 1291 1149 1318 istis
1163 1291 1238 1318 favos
1262 1290 1330 1327 (b9),
1349 1292 1374 1319 id
1400 1297 1452 1325 cst,
1474 1292 1609 1322 ha'reticis
1636 1292 1773 1319 Ecclesiae

985 1336 1074 1365 facere
1090 1338 1202 1364 nitnium
1225 1338 1268 1365 ditt
1300 1338 1430 1365 licuisset.
1451 1337 1518 1365 llinc
1543 1338 1701 1373 gravissima
1726 1338 1770 1364 illa

984 1384 1054 1418 apud
1075 1383 1202 1410 Basilium
1229 1383 1354 1418 Magnum
1375 1383 1486 1418 querela
1512 1393 1519 1411 :
1549 1384 1702 1417 Baptizaut,
1728 1384 1770 1410 in-

984 1430 1041 1464 quit
1061 1429 1130 1465 (70),
1149 1430 1197 1460 illi,
1219 1435 1342 1458 mortuos
1354 1430 1479 1462 elleruut,
1505 1437 1622 1465 aegrotos
1640 1432 1771 1463 invisuut.

984 1481 1036 1503 etc.
1047 1475 1113 1509 Quis
1126 1476 1169 1503 hic
1186 1484 1237 1503 tton
1260 1476 1436 1510 ingemiscat?
1460 1476 1525 1510 Quis
1534 1475 1770 1511 uoulacrytnarutn

985 1521 1084 1548 fontem
1094 1529 1153 1548 eum
1170 1520 1319 1548 Jeremia“
1338 1522 1469 1555 requirat,
1480 1525 1509 1547 ιιι
1525 1521 1773 1547 tantamcalantita-

986 1571 1038 1594 tem
1055 1568 1112 1601 pari
1130 1565 1192 1594 fletu
1214 1573 1393 1602 prosequatur
1411 1567 1422 1593 ’ἶ
1436 1565 1485 1594 Hie
1499 1567 1569 1594 enim
1583 1571 1637 1594 tota
1653 1567 1694 1594 vis
1708 1567 1771 1594 mali

986 1616 1121 1641 versatur:
1142 1613 1207 1640 Nam
1224 1621 1284 1640 cum
1299 1613 1385 1641 altare
1399 1613 1533 1641 adversus
1551 1613 1636 1641 altare
1646 1614 1770 1648 erigitur,

984 1666 1016 1686 ac
1027 1666 1096 1686 verte
1110 1666 1214 1693 sponsae
1229 1658 1289 1685 loco
1300 1658 1385 1692 pellex
1402 1658 1657 1692 indueiturﬁinfirnti
1672 1659 1773 1692 quique

985 1703 1140 1730 addubitare
1151 1702 1292 1737 incipittnt,
1302 1708 1390 1729 utram
1403 1703 1508 1730 tandem
1524 1710 1573 1736 pro
1582 1710 1643 1729 vera
1659 1702 1772 1736 conjuge

984 1752 1131 1783 agnoscant
1144 1747 1286 1784 :jidetnque
1298 1748 1488 1782 propemodum
1498 1748 1581 1781 aiunt,
1591 1748 1771 1782 quod’l'ullius

984 1801 1016 1821 ex
1029 1793 1169 1828 tragcedia,
1192 1794 1248 1820 Ποῦ
1266 1794 1369 1828 σκάφος
1382 1793 1413 1820 τὸ
1427 1793 1481 1820 τῶν
1500 1793 1642 1829 Ἀτρειδῶν
1654 1802 1661 1826 ;
1672 1793 1709 1820 Ex
1718 1801 1772 1828 qtto

984 1838 1109 1872 efficitur,
1127 1843 1157 1866 ut
1172 1839 1243 1866 velut
1255 1839 1357 1866 duabus
1372 1839 1444 1867 sellis
1454 1839 1576 1871 sedeant,
1594 1839 1719 1874 quodque
1737 1840 1773 1867 de

984 1883 1122 1911 Dioscuris
1137 1884 1287 1919 antiquitas
1302 1884 1390 1917 ﬁnxit,
1408 1891 1480 1911 nunc
1490 1885 1559 1919 apud
1570 1892 1684 1918 superos
1705 1885 1768 1916 sint,

986 1937 1058 1956 nunc
1075 1930 1144 1964 apud
1170 1929 1272 1956 inferos
1289 1935 1297 1955 τ
1314 1937 1346 1956 ac
1359 1929 1504 1956 desultoria
1524 1929 1639 1963 quadam
1661 1929 1773 1956 levitate

984 1982 1056 2002 nunc
1067 1975 1100 2002 ad
1117 1975 1165 2002 ltos
1179 1969 1250 2002 nune
1262 1975 1294 2001 ad
1309 1974 1369 2001 illos
1383 1982 1412 2001 se
1425 1974 1577 2002 conferant.
1595 1974 1672 2001 Nune
1685 1974 1773 2002 Deum

983 2021 1065 2048 Israel
1079 2027 1241 2056 sequuntur,
1257 2029 1329 2048 nunc
1356 2020 1434 2054 Baal;
1455 2028 1527 2048 nunc
1542 2020 1577 2048 de
1593 2027 1686 2047 mensa
1716 2021 1771 2048 Do-

984 2066 1048 2093 mini
1063 2067 1218 2098 comedunt,
1237 2073 1309 2093 nunc
1326 2066 1358 2093 de
1383 2073 1476 2092 mensa
1503 2064 1622 2096 Jezabel.
1641 2065 1697 2093 into
1715 2066 1770 2092 daa-

984 2112 1151 2144 moniorum;
1188 2118 1270 2139 nunc'
1291 2111 1408 2138 filiorum
1438 2110 1480 2138 vel
1502 2110 1592 2145 potius
1612 2110 1770 2145 angelorum

983 2165 1052 2194 pane
1071 2161 1227 2189 vescuntur,
1244 2164 1317 2184 nunc
1331 2163 1475 2190 porcorum
1494 2156 1599 2191 siliquis
1623 2155 1770 2190 herbisque

983 2205 1036 2232 illis
1051 2203 1162 2236 amaris,
1184 2210 1245 2238 qua:
1272 2203 1298 2229 in
1318 2201 1413 2230 mortis
1434 2202 1487 2229 olla
1505 2205 1675 2236 coquuntur;
1696 2208 1770 2228 nunc

145 2249 252 2283 Direpta
270 2257 342 2281 mox,
361 2251 563 2286 atqueincensa
580 2251 694 2278 domus:
709 2251 832 2285 direptus
847 2251 928 2278 etiam
946 2260 967 2288 Ι)
983 2249 1015 2276 de
1025 2248 1143 2276 Iordane
1167 2248 1272 2280 bibunt,
1295 2254 1367 2274 nunc
1392 2247 1426 2274 de
1450 2247 1536 2278 Mara,
1562 2247 1595 2273 de
1617 2246 1721 2273 Amana
1741 2250 1769 2272 et

145 2302 238 2330 pagus,
257 2300 284 2323 et
298 2296 405 2330 quidem
431 2300 486 2323 tam
501 2296 658 2329 inhumane,
676 2301 704 2324 ut
717 2297 806 2324 viduis
834 2302 861 2324 et
883 2305 929 2324 or-

144 2340 251 2375 phanis,
267 2341 366 2375 quibus
385 2349 457 2369 nunc
470 2342 536 2369 solis
549 2342 741 2376 propentodum
757 2347 875 2374 constat,
887 2342 930 2369 ui-

146 2387 182 2413 hil
196 2392 295 2421 praeter
309 2387 515 2415 acerbissimam
541 2388 640 2415 fatnetn
664 2387 852 2422 lacrymasque
868 2387 932 2414 reli-

145 2438 216 2459 ctum
232 2434 277 2460 sit.
294 2433 358 2465 Sed,
371 2441 388 2461 o
404 2433 509 2466 beatos,
521 2434 567 2468 qui
585 2438 695 2468 propter
708 2433 844 2461 Christum
859 2433 932 2469 (nam

144 2478 167 2505 is
184 2485 302 2512 quoque,
320 2484 349 2505 ut
362 2479 434 2506 veris
452 2483 479 2505 et
503 2478 677 2513 sempiternis
692 2478 788 2512 opibus
812 2485 861 2506 nos
883 2486 932 2505 cu-

143 2523 271 2555 mularet,
299 2525 325 2550 in
343 2528 464 2559 egestate
492 2523 560 2550 vixit
583 2524 616 2558 ⁸⁸)
646 2524 802 2551 facultatum
822 2532 931 2551 suarum

142 2568 314 2604 naufragium
336 2577 414 2604 aequo
435 2570 525 2597 animo
542 2570 648 2596 ferunt!
672 2569 763 2605 Longe
776 2578 840 2598 vero
866 2571 930 2598 bea-

142 2614 233 2647 tiores,
249 2615 295 2649 qui
308 2615 391 2643 stolas
407 2623 470 2642 suas
492 2617 518 2642 in
548 2616 609 2649 agni
635 2615 769 2650 sanguine
795 2615 929 2648 laverunt,

141 2659 293 2694 quibusque
312 2667 364 2687 non
375 2660 428 2687 alia
443 2661 539 2688 mortis
566 2667 647 2688 causa
670 2660 733 2691 fuit.
759 2669 840 2696 quam
858 2662 929 2696 quod

142 2711 192 2731 nec
204 2705 355 2733 adulteram
368 2713 418 2742 pro
430 2713 541 2741 sponsa,
559 2713 609 2733 nec
625 2713 716 2734 semen
739 2705 867 2735 Chanaan
882 2715 938 2742 pro-

142 2751 245 2779 semine
257 2750 337 2785 Juda,
349 2759 399 2780 nec
418 2752 584 2780 Absalonem
602 2755 649 2779 aut
661 2750 804 2780 Jcrohoam
820 2757 866 2780 aut
877 2753 930 2780 Ta-

175 2830 198 2846 "
218 2830 269 2860 Job
284 2839 360 2865 xxix,
375 2833 419 2861 l5.
469 2832 491 2848 “
504 2831 526 2859 Il
542 2832 606 2860 Cor.
623 2841 682 2867 vut,
699 2834 725 2862 9.

176 2896 232 2933 (69)
249 2895 364 2931 Tertul.,
385 2897 403 2926 ι.
420 2905 445 2925 tv
459 2897 519 2926 adv.
538 2893 622 2926 Harc.

765 2832 786 2849 δ’
800 2832 880 2861 Cant.
892 2841 911 2861 tt
937 2833 980 2861 15.

981 2294 1122 2328 Pharphar
1136 2294 1223 2320 fluviis
1240 2292 1378 2326 Damasci;
1396 2299 1467 2319 nunc
1485 2292 1517 2319 de
1538 2291 1660 2319 fontibus
1678 2291 1769 2319 Salva-

984 2341 1050 2367 toris
1068 2347 1151 2375 aquas
1170 2339 1307 2370 hauriunt,
1324 2345 1395 2365 nunc
1418 2337 1450 2364 de
1466 2337 1591 2364 cisternis
1618 2337 1767 2372 dissipatis.

980 2385 1014 2412 Et
1025 2384 1248 2421 quemadmodum
1273 2382 1400 2409 animalia
1420 2381 1544 2417 quaedam
1563 2387 1636 2415 sunt,
1661 2390 1722 2417 quae
1738 2383 1767 2409 in

979 2436 1095 2466 utroque
1119 2430 1252 2457 elemento
1279 2429 1388 2464 degunt,
1419 2428 1454 2456 ob
1482 2435 1597 2462 eatnque
1621 2435 1730 2455 causam
1752 2435 1768 2454 a

979 2475 1080 2504 Graecis
1096 2475 1215 2511 ἀμφίϐια
1240 2474 1426 2507 nominantur,
1445 2479 1472 2501 et
1497 2479 1618 2501 monstra
1644 2475 1768 2508 quaedam

980 2522 1114 2550 interdum
1139 2521 1285 2554 exsistunt,
1312 2519 1396 2547 altera
1417 2519 1539 2554 corporis
1567 2525 1642 2554 parte
1671 2519 1768 2546 huma-

981 2575 1056 2599 nam,
1070 2567 1153 2594 altera
1169 2565 1313 2593 belluinant
1328 2565 1442 2592 formant
1466 2564 1658 2599 prtnferentia;
1673 2564 1767 2591 eodem

982 2614 1061 2640 modo
1077 2612 1125 2647 ipsi
1143 2619 1191 2639 nec
1207 2612 1287 2646 plane
1314 2610 1469 2642 orthodoxi,
1488 2617 1538 2637 nec
1565 2613 1657 2644 aperte
1681 2609 1768 2636 luere-

982 2659 1027 2688 tici
1038 2663 1112 2690 sunt,
1124 2657 1171 2685 sed
1183 2657 1299 2690 mediam
1313 2657 1458 2691 quamdam
1472 2655 1542 2683 inter
1555 2660 1685 2689 utrosque
1704 2661 1768 2681 con-

981 2706 1109 2734 ditionem
1133 2708 1236 2731 tenent.
1265 2703 1304 2730 lta
1332 2703 1375 2730 vel
1402 2710 1463 2730 cttm
1490 2701 1620 2729 Zacltaria
1647 2700 1769 2728 obmute-

981 2757 1071 2785 scunt,
1085 2750 1126 2776 vel
1153 2757 1214 2777 cum
1234 2750 1373 2777 dubitante
1400 2748 1481 2776 Petro
1512 2748 1596 2783 mergi
1624 2747 1769 2782 incipiunt,

1020 2833 1042 2848 "
1059 2832 1124 2860 Luc.
1136 2839 1174 2864 tx,
1187 2830 1231 2858 58.
1280 2830 1302 2845 “
1319 2828 1421 2857 Jerem.
1440 2835 1478 2861 tx,
1491 2826 1519 2854 ί.

1021 2897 1074 2933 (70)
1092 2896 1174 2924 Basil.
1193 2896 1204 2922 l
1223 2895 1302 2930 epist.
