2055 3130
262 156 316 184 325

806 152 924 181 JACOBI
943 151 1043 179 BlLLll
1064 148 1143 177 ΜΝΞ
1149 148 1329 178 FATIONES.

1834 152 1891 181 321»

263 215 318 249 jam
332 212 443 247 jamque
459 211 529 240 naud
554 211 631 239 dubie
648 218 755 246 pessum
769 211 846 244 ituri,
862 211 912 239 nisi
929 210 1055 239 Christus

1112 209 1238 236 berlalem
1263 208 1416 235 vindicatos
1437 215 1496 236 esse
1517 208 1677 244 gloriantur,
1694 217 1753 237 eum
1767 211 1812 245 qui
1827 212 1890 238 emit

264 264 312 283 eos
329 264 407 283 manu
426 262 549 290 arreptos
574 257 600 283 in
620 255 771 283 naviculam
790 256 947 283 retraxerit.

303 303 371 330 Sunt
387 303 443 335 alii,
473 302 518 337 qui
548 303 652 330 tametsi
679 302 713 330 ab
734 302 807 329 Omni
836 302 932 329 hatresi
957 301 1056 329 abhor-

267 353 357 380 reant,
371 347 483 382 perinde
501 353 592 375 tamen
606 352 688 381 atque
703 355 750 375 eos
762 348 930 375 orthodoxiaa
945 347 1054 382 pudeat,

266 394 389 421 veritatis
405 393 584 427 patrocinium
596 394 736 426 deserunt,
752 401 783 421 ac
797 401 829 421 ne
845 393 908 428 quid
922 393 978 420 odii
1001 392 1054 420 sibi

267 440 336 474 apud
351 439 473 467 homines
488 439 616 471 conilent,
627 440 725 474 impias
737 440 867 467 adversus
881 439 965 466 Deum
983 438 1056 466 blas-

267 485 390 519 phemias
415 486 503 512 surdis
531 486 641 512 aurith
661 485 851 512 transmittunt
871 493 878 511 :
897 484 973 519 quasi
991 491 1055 512 vero

269 538 322 557 non
337 536 365 557 ιιι
384 532 463 561 corde
487 531 522 557 ad
535 531 669 564 justitiam
684 531 812 561 creditur,
832 529 871 557 sic
890 537 934 556 ore
949 536 1056 564 quoque

272 576 398 610 ronfessio
425 577 460 602 ad
479 576 592 603 salulem
615 577 674 610 ﬁeri
692 576 714 592 δ’
735 577 842 602 debeat.
859 575 899 602 Ad
917 583 985 610 quos
1011 582 1057 601 ac-

269 623 377 655 cedunt,
394 623 439 657 qui
458 623 490 649 ad
517 622 734 648 adversariorum
753 622 867 655 gratiam
881 621 982 647 aditum
1004 620 1056 647 sibi

269 668 404 700 muniunt,
420 676 450 695 ac
465 668 538 695 velut
556 668 658 694 amicos
675 672 782 702 parant,
799 668 856 702 qui,
877 666 898 693 si
922 666 990 692 forte
1015 665 1057 692 dc-

270 714 388 748 fecerint,
414 715 540 747 recipiant
560 721 608 740 eos
634 715 662 740 in
693 722 741 740 sua
766 711 936 739 tabernacula
951 711 985 738 ⁵⁸.
1010 710 1057 738 His

270 768 323 788 non
339 761 418 795 paulo
428 761 618 787 sceleratiores
630 760 746 788 habendi
760 759 887 794 sunt,qui
902 759 951 786 sub
967 757 1057 784 mium

270 806 340 840 pelle
356 805 432 840 lupos
450 805 553 838 celant;
569 813 684 839 quorum
700 813 750 832 vox
768 805 877 840 quidem
901 812 953 830 vox
977 802 1060 830 Jacob

270 856 323 882 est.
340 851 388 878 sed
401 855 429 878 et
441 859 536 878 manus
550 857 577 879 et
594 851 700 878 animus
723 851 792 877 Esau
809 855 885 882 sunt;
905 849 949 884 qui
966 848 992 875 in
1011 848 1060 874 Ec-

1103 262 1146 280 eac
1163 259 1296 289 negantes,
1311 264 1343 283 ac
1360 257 1564 290 superant-enm
1580 256 1631 283 sibi
1643 256 1749 283 celerem
1763 257 1889 291 perditio-

1104 308 1162 327 nem
1175 300 1208 327 ".
1225 298 1348 328 Ridendo
1362 306 1477 336 pereunt
1494 321 1503 334 ,
1525 300 1643 335 iocando
1657 301 1760 328 serium
1774 301 1888 328 exitium

1104 346 1154 373 sibi
1171 351 1324 374 accersunt.
1339 346 1370 375 lli
1385 352 1448 375 sunt
1465 348 1521 375 veri
1547 348 1681 383 gigantes,
1696 347 1741 381 qui
1762 347 1892 382 blasphe-

1105 400 1177 419 mam
1195 393 1314 427 linguam
1341 393 1366 420 in
1387 394 1484 421 ctelum
1501 394 1612 421 mittunt
1627 413 1634 425 ,
1649 401 1680 421 ac
1703 393 1786 421 Deum
1802 394 1893 420 omni-

1106 443 1245 473 potentem
1271 438 1356 474 impio
1379 439 1450 466 bello
1473 439 1610 467 lacessunt
1627 448 1633 466 :
1651 446 1720 473 quos
1735 439 1761 466 in
1779 437 1889 466 Satanat

1104 484 1211 519 peculio
1231 483 1287 518 jam
1314 492 1375 512 esse
1392 485 1526 519 quispiam
1545 492 1598 512 non
1618 484 1756 512 immerito
1775 483 1889 518 dixerit,

1105 531 1203 565 quippe
1228 530 1275 565 qui
1296 535 1412 558 aeternas
1438 530 1596 557 inimicitias
1621 536 1683 556 cum
1711 536 1744 556 eo
1762 535 1890 564 suscepe-

1105 577 1170 608 rint,
1187 576 1232 611 qui
1250 575 1324 603 solus
1341 575 1405 610 ipsis
1422 575 1524 603 mederi
1543 580 1664 609 poterat.
1682 574 1738 602 Hos
1765 582 1818 602 non
1837 575 1891 602 mi-

1106 629 1157 649 nus
1167 630 1248 657 quam
1264 621 1430 656 Epiphanius
1442 622 1586 650 Anomteos
1606 622 1673 657 (7'2),
1692 631 1702 648 ι
1719 621 1817 656 virgini
1829 628 1893 649 cor-

1106 673 1204 703 ruptae,
1225 675 1313 701 caecm,
1334 669 1422 695 surdae
1438 690 1445 701 ,
1461 675 1487 695 et
1505 673 1586 695 mutae
1609 675 1769 702 comparare
1795 675 1892 702 possu-

1109 721 1180 746 mus,
1198 721 1278 748 quam
1294 721 1373 740 nemo
1388 719 1546 748 corruptam
1565 721 1627 741 esse
1640 714 1728 742 nescit
1742 722 1750 740 :
1770 723 1779 740 ι
1795 718 1890 749 rogata

1108 765 1197 787 autent
1216 768 1229 786 a
1242 767 1296 791 quo
1310 765 1436 795 corrupta
1460 760 1516 793 sit,
1532 768 1585 788 non
1603 759 1679 786 audit
1691 779 1700 792 ,
1717 760 1781 794 quia
1798 761 1891 791 surda,

1109 812 1160 832 nec
1172 812 1234 832 eum
1249 804 1326 838 vidit,
1342 805 1404 840 quia
1423 813 1495 833 caeca
1509 826 1516 840 ,
1532 812 1582 833 nec
1597 805 1688 833 dicere
1702 810 1804 840 potest,
1828 805 1892 840 quia

1110 856 1196 877 muta.

271 897 361 924 elesiaa
374 904 489 931 corpore
505 897 541 924 ita
556 901 633 928 sunt.
651 903 680 924 ut
700 895 786 924 Sinon
802 896 829 923 in
847 896 913 922 urbe
927 894 1056 930 Trojana,
1075 891 1096 918 Β
1145 896 1304 931 Quanquam
1318 897 1381 932 quid
1397 902 1488 924 mutos
1504 904 1552 924 eos
1566 895 1739 932 appello.qui
1755 902 1808 923 non
1824 894 1892 930 iam,

272 941 313 969 vel
329 945 359 968 ut
370 940 454 969 Judas
470 940 599 969 in'coena.
628 942 712 970 Nemo
728 947 770 970 est
783 942 828 976 qui
844 942 967 969 oratione
984 948 1058 968 asse-

272 988 318 1022 qui
333 988 429 1021 possit,
448 993 576 1022 quantam
595 988 640 1015 isti
656 988 773 1015 versutis
786 988 843 1015 suis
866 987 988 1015 consiliis
999 994 1059 1022 per-

273 1033 371 1060 niciem
403 1033 556 1068 reipublicae
589 1034 750 1061 Christianre
785 1034 905 1068 quotidie
934 1033 1057 1060 aiferant.

273 1079 337 1106 Plus
367 1079 471 1106 artibus
497 1081 554 1107 suis
575 1079 704 1111 eiliciunt,
730 1088 810 1114 quam
842 1079 941 1106 ferrum
968 1085 1058 1112 omne,

273 1131 353 1157 quam
369 1125 408 1152 vis
422 1125 510 1152 omnis
524 1132 660 1152 armormn
703 1126 739 1151 Ac
759 1132 900 1159 propterea
916 1124 969 1151 illis
997 1132 1058 1151 cuin

274 1170 356 1197 totius
370 1170 461 1197 mundi
477 1170 604 1198 seandalo
618 1179 633 1198 a
648 1171 706 1198 suis
717 1172 868 1206 corypltmis
881 1170 1058 1205 permittitur,

273 1215 441 1250 religionem,
456 1222 536 1250 quam
562 1221 649 1243 morte
674 1216 750 1251 pejus
777 1215 1059 1249 oderunt,~simulare,

272 1260 484 1288 orthodoxorum
508 1261 607 1296 templa
627 1262 713 1293 adire,
741 1262 779 1288 rei
800 1269 886 1288 sacrae
916 1261 1059 1292 interesse.

274 1305 380 1340 aliaque
396 1307 497 1340 omnia,
512 1314 573 1341 qua?
585 1313 659 1334 secta
677 1314 845 1340 exsecratur,
862 1307 967 1339 facere;
986 1306 1061 1333 dum-

274 1352 354 1379 modo
382 1352 432 1380 hac
461 1353 633 1380 simulatione
661 1352 805 1379 factionem
826 1352 985 1387 provehant.
1010 1350 1061 1377 Hie

274 1398 397 1432 profecto
409 1397 475 1425 mihi
496 1400 630 1425 succurrit
656 1398 719 1425 illud
744 1398 869 1431 AuguSti,
889 1398 935 1432 qui
951 1405 985 1423 ex
1004 1401 1059 1423 tota

273 1450 306 1470 ea
327 1443 511 1478 suppellectile
535 1450 615 1477 quam
646 1437 765 1470 moriens
790 1443 898 1477 quidatn
924 1442 1061 1469 Romanus

276 1488 408 1514 immenso
419 1495 473 1514 acre
491 1487 579 1514 alieno
594 1488 711 1515 obrutus
729 1488 887 1522 reliquerat,
906 1487 1003 1514 lectum
1017 1494 1062 1513 so-

275 1533 330 1560 lmn
347 1535 491 1561 emendum
505 1536 621 1565 curavit,
648 1535 718 1568 quod
741 1534 797 1560 ﬁeri
820 1541 871 1559 non
889 1540 967 1567 posse
987 1532 1060 1559 dice-

276 1583 328 1610 ret,
347 1581 411 1613 quiti
427 1579 505 1614 longe
521 1581 638 1614 optimus
654 1585 737 1610 esset,
762 1580 789 1606 in
810 1586 863 1612 quo
881 1579 961 1604 homo
988 1583 1060 1605 tanta
1076 1572 1098 1602 C

275 1626 337 1652 naris
349 1625 429 1652 alieni
446 1625 514 1652 mole
534 1633 681 1660 oppressus
705 1632 800 1651 somno
827 1624 972 1650 frueretur.
992 1624 1063 1650 Con-

276 1670 356 1697 simili
371 1670 442 1696 enim
464 1671 542 1697 modo
563 1671 731 1696 ﬁrmissimas
745 1677 775 1696 ac
799 1670 895 1696 robore
911 1669 1062 1703 triplicique

275 1722 339 1748 tere,
357 1720 387 1741 ut
417 1715 461 1742 ille
479 1716 515 1741 ait
532 1716 601 1751 (Ἡ),
620 1715 745 1750 obseptas
758 1723 817 1742 esse
834 1714 986 1747 Itujttsmodi
1000 1722 1063 1740 eon-

276 1761 404 1788 scientias
422 1768 533 1789 necesse
548 1767 599 1794 est,
617 1769 676 1796 qua:
697 1762 723 1788 in
740 1766 816 1788 tanto
833 1761 936 1788 scelere
960 1767 1062 1787 securae

276 1808 479 1841 conquiescunt.

312 1852 358 1879 Est
369 1852 441 1879 aliud
458 1852 596 1879 hominum
619 1860 703 1887 genus
718 1860 832 1887 quorum
848 1852 921 1878 saltis
941 1859 987 1885 spc
1004 1850 1061 1877 cxi-

277 1905 327 1933 gua
346 1903 523 1932 extremaque
538 1898 649 1932 pendet,
666 1906 697 1924 ac
713 1905 795 1932 prope
812 1897 950 1931 deplorata
968 1901 1020 1927 est,
1035 1901 1064 1922 ut

279 1950 330 1970 nOn
343 1948 396 1970 lant
413 1944 529 1975 medico,
545 1952 625 1978 quam
638 1944 758 1973 (Iltristo,
779 1944 824 1977 qui
839 1949 961 1970 mortuos
975 1943 1064 1969 Susci-

278 1992 338 2021 tat,
358 1996 427 2022 opus
455 1989 556 2016 habere
583 1990 737 2016 videantur.
758 1989 796 2015 De
823 1989 864 2015 his
881 1989 977 2023 loquor
994 1996 1062 2022 quos

279 2033 419 2068 aptissimo
436 2035 542 2061 nomine
556 2035 751 2070 ἀπηλγηκότας
774 2035 921 2069 Apostolus
935 2040 1013 2062 vocat
1028 2035 1063 2067 ⁸⁸,

278 2081 322 2115 qui
335 2084 364 2107 ut
379 2082 404 2107 in
421 2080 471 2107 Nili
490 2082 631 2114 catadupis
664 2081 697 2107 ad
716 2082 820 2108 ruentis
834 2081 954 2108 ﬂuminis
974 2082 1065 2116 frago-

280 2134 335 2152 rem
361 2126 456 2153 incola:
484 2126 681 2153 obsurdescunt
707 2127 769 2153 :ita
796 2127 835 2153 illi
870 2131 1063 2161 perpetuarum

279 2171 490 2204 disputationum
517 2171 597 2198 taedio
626 2171 704 2198 fracti
731 2176 813 2206 atque
839 2173 926 2198 enecti
943 2191 950 2204 ,
971 2179 1065 2199 omnes

280 2217 305 2242 in
325 2217 478 2243 universum
493 2217 637 2251 religiones
654 2225 780 2252 permque
793 2223 966 2250 aversantur,
982 2223 1064 2252 atque

280 2264 307 2290 in
349 2263 487 2296 pestilenti
528 2264 678 2291 derisorqu
717 2264 845 2291 cathedra
884 2264 935 2291 sibi
972 2265 1064 2291 sedem

281 2309 365 2342 ﬁgunt
379 2309 412 2334 ".
426 2308 458 2335 lli
476 2313 579 2336 tantum
601 2310 680 2337 abest
705 2315 734 2336 ut
763 2310 814 2337 hac
835 2317 924 2337 rerum
942 2310 1064 2337 omnium

281 2353 482 2386 perturbatione
497 2360 730 2388 commoveantur,
748 2360 778 2382 ut
796 2356 877 2382 etiam
901 2363 932 2383 ex
949 2355 1066 2390 publicis

282 2398 484 2426 calamitatibus
504 2400 669 2427 uberrimam
698 2401 768 2428 risus
797 2409 913 2428 messem
944 2402 1056 2429 faciant.

281 2443 405 2476 Omnes,
430 2452 497 2479 quos
518 2445 645 2473 Ecclesia:
673 2454 755 2474 causa
784 2447 857 2474 serio
885 2448 988 2481 allicit,
1017 2455 1067 2482 pro

282 2490 372 2517 stultis
412 2495 439 2517 et
470 2491 572 2518 insanis
604 2492 723 2525 habent,
749 2500 780 2519 ac
800 2493 833 2520 de
864 2493 923 2520 lana
955 2494 1066 2528 caprina

282 2536 447 2563 contendere
459 2541 540 2570 atque
556 2537 623 2563 inter
637 2545 665 2564 se
683 2538 808 2566 altercari
830 2540 915 2566 aiunt.
931 2540 1067 2574 Compen-

282 2582 396 2608 diariam
408 2581 479 2608 viam
491 2583 523 2608 ad
535 2583 755 2616 tranquillitatem
768 2592 828 2611 esse
836 2590 950 2612 censent
961 2585 1068 2618 ἀθεΐαν,

281 2627 393 2662 ejusque
408 2628 540 2655 beucticio
563 2636 592 2655 se
610 2636 642 2655 ex
661 2630 821 2664 gravissima
842 2632 974 2659 servitute
990 2632 1015 2659 in
1032 2633 1068 2660 li-

318 2716 341 2732 "
358 2716 435 2743 Rom.
449 2724 476 2746 κ,
496 2717 538 2744 10.
575 2716 598 2732 ⁵³
618 2716 682 2743 Luc.
696 2725 750 2748 xvr,
767 2717 794 2745 9.

283 2752 306 2769 ⁵⁸
325 2752 333 2778 Ι
351 2754 412 2779 Cor.
427 2760 464 2784 XI,
482 2752 524 2780 19.
571 2752 594 2768 ⁵³
611 2753 783 2784 Maltinxxvt,
800 2753 844 2781 56.

320 2831 374 2866 (Ἠ)
386 2830 477 2858 Horat.
490 2831 521 2866 ll.
536 2839 542 2858 ι
558 2830 660 2862 Carm.,
672 2831 714 2856 od.
731 2831 759 2860 5.

332 2866 374 2896 72)
393 2866 449 2893 Lib.
467 2875 505 2899 ill,
524 2872 541 2893 ι.
560 2867 580 2900 Ι,
597 2874 657 2901 pag.
674 2866 737 2892 990.

832 2718 856 2734 ἰ
871 2718 970 2755 Ephes.
986 2727 1022 2752 tv,
1038 2719 1082 2748 l9.

1109 947 1139 969 ut
1155 943 1219 969 olim
1233 962 1242 975 ,
1262 943 1430 978 impietatem
1447 948 1557 978 pectore
1574 943 1695 971 clausam
1719 945 1823 973 tenent,
1839 949 1894 969 non

1109 988 1137 1016 in
1151 989 1268 1024 angulis,
1284 994 1315 1016 ut
1329 997 1425 1024 nuper,
1440 989 1594 1022 eil'undunt,
1606 989 1652 1017 sed
1666 989 1691 1016 in
1704 988 1825 1016 omnium
1836 987 1895 1022 plc-

1109 1042 1225 1070 rumque
1247 1036 1333 1063 oculis
1358 1040 1439 1071 atque
1458 1040 1603 1071 conspectu
1622 1043 1657 1063 ex
1676 1042 1724 1062 ore
1750 1030 1890 1061 teterrimo

1112 1088 1260 1114 evomunt,
1282 1087 1429 1117 portasque
1453 1083 1578 1116 aperiunt
1604 1089 1656 1109 non
1670 1080 1782 1116 justitiz
1792 1078 1827 1113 ",
1846 1079 1893 1106 sed

1110 1127 1248 1154 atheismi.
1277 1127 1309 1154 ﬂi
1326 1128 1349 1155 si
1366 1129 1473 1162 superis
1485 1128 1574 1162 placet
1586 1148 1594 1160 ,
1608 1127 1762 1162 Scripturas
1788 1133 1895 1161 quoque

1110 1173 1260 1207 proferunt,
1276 1182 1344 1208 quas
1357 1174 1457 1204 rident.
1472 1181 1521 1211 nec
1535 1173 1607 1201 serio
1623 1180 1654 1201 se
1667 1180 1761 1208 agere,
1776 1172 1824 1200 sed
1836 1175 1896 1198 tan-

1111 1223 1166 1245 tum
1183 1219 1323 1254 disputare
1338 1219 1407 1246 velle
1420 1219 1582 1254 proﬁtentur
1597 1227 1605 1246 :
1620 1226 1652 1246 ac
1665 1217 1804 1246 Christum
1816 1225 1898 1244 oscu-

1110 1264 1211 1297 lantur,
1228 1270 1257 1292 ut
1276 1265 1408 1299 prodant;
1430 1265 1480 1292 hoc
1499 1269 1550 1298 est,
1567 1265 1718 1292 doctrinam
1733 1270 1838 1291 sacram
1853 1262 1893 1289 al—

1111 1310 1212 1344 legant,
1224 1315 1253 1338 ut
1277 1315 1410 1338 evertant.
1425 1311 1545 1344 Quorum
1564 1310 1614 1338 hac
1631 1313 1791 1344 tempestate
1803 1313 1894 1335 tantus

1114 1364 1262 1394 proventus
1276 1363 1327 1390 est,
1345 1364 1373 1385 ut
1389 1366 1442 1385 non
1458 1358 1518 1386 sine
1533 1365 1614 1385 causa
1627 1358 1698 1392 apud
1716 1361 1853 1385 nostrates
1868 1356 1895 1383 in

1112 1404 1284 1438 proverbium
1295 1405 1403 1436 abierit,
1424 1403 1522 1431 Noxias
1539 1403 1637 1431 herbas
1654 1404 1708 1430 cito
1723 1409 1895 1430 excrescere.

1115 1458 1124 1475 ι
1143 1450 1199 1484 (73)
1228 1450 1272 1476 Sic
1292 1450 1386 1477 inanes
1404 1450 1488 1485 palea:
1511 1454 1673 1484 tempestate
1694 1449 1844 1484 iactantur,
1869 1452 1897 1474 et

1112 1495 1236 1522 invalidae
1254 1496 1368 1523 arbores
1389 1496 1504 1523 turbinis
1526 1495 1684 1522 incursione
1697 1498 1864 1521 evertuntur.
1885 1501 1895 1518 ι

1113 1540 1166 1568 Sed
1178 1549 1331 1575 quanquam
1347 1541 1418 1568 nulla
1434 1541 1577 1576 capitalior
1601 1541 1685 1575 pestis
1707 1540 1741 1567 ab
1753 1538 1897 1566 infestissi-

1115 1593 1158 1613 mo
1173 1587 1280 1620 generis
1304 1587 1390 1613 nostri
1415 1587 1493 1614 hoste
1516 1586 1664 1621 excogitari
1689 1589 1800 1619 potest,
1817 1591 1898 1618 quam

1113 1632 1225 1659 limresis
1242 1641 1248 1659 :
1265 1640 1299 1659 ex
1328 1640 1359 1659 ea
1391 1637 1479 1659 tamen
1504 1632 1555 1659 hoc
1582 1631 1715 1659 commodi
1733 1630 1898 1665 percipitur,

1113 1677 1184 1712 quod
1203 1677 1264 1705 hinc
1279 1677 1378 1710 elucet,
1399 1679 1444 1712 qui
1459 1677 1550 1712 prob'i,
1564 1678 1608 1712 qui
1623 1676 1706 1704 fucati
1723 1681 1806 1710 atque
1820 1674 1898 1702 adul-

1115 1723 1193 1750 teriui
1210 1722 1356 1750 Christiani
1374 1724 1438 1750 sint.
1455 1722 1568 1750 Necesse
1590 1727 1639 1754 est,
1664 1722 1752 1756 inquit
1781 1720 1898 1755 Aposto—

1114 1769 1155 1795 lus
1167 1769 1201 1801 ⁵⁸,
1217 1768 1326 1796 Itazresea
1345 1777 1414 1800 esse,
1437 1775 1463 1795 ut
1478 1769 1522 1804 qui
1550 1768 1654 1803 probati
1678 1773 1749 1800 sunt,
1767 1765 1900 1802 manifesti

1113 1816 1188 1849 ﬁant.
1205 1815 1295 1842 llebus
1313 1816 1465 1850 tranquillis
1477 1820 1504 1843 et
1519 1815 1633 1850 pacatis.
1648 1814 1728 1841 fortis
1740 1818 1768 1841 et
1784 1821 1900 1849 genero-

1114 1868 1162 1888 sus
1176 1861 1253 1888 miles
1268 1862 1301 1887 ab
1316 1861 1411 1895 ignavo
1423 1866 1450 1888 et
1467 1861 1560 1888 timido
1572 1859 1720 1888 internosci
1734 1867 1786 1886 non
1800 1861 1899 1893 potest.

1113 1907 1148 1933 At
1163 1912 1258 1933 exorto
1273 1906 1344 1933 bello
1356 1907 1420 1941 quid
1434 1907 1503 1934 inter
1522 1911 1666 1940 utrumque
1682 1905 1852 1932 descriminis
1864 1904 1902 1932 sit

1114 1952 1193 1980 facile
1204 1953 1379 1986 perspicitur.
1396 1953 1472 1979 Alter
1489 1952 1581 1979 statim
1598 1953 1704 1986 abiecto
1719 1956 1796 1978 scuto
1816 1951 1903 1985 turpi-

1116 2002 1158 2025 ter
1174 2005 1204 2025 se
1218 1999 1244 2024 in
1264 1998 1352 2032 fugam
1378 1998 1508 2032 coniicit:
1533 1997 1603 2025 alter
1627 1997 1753 2031 periculis
1774 1997 1901 2025 omnibus

1115 2051 1215 2079 magno
1230 2049 1312 2079 atque
1325 2044 1460 2078 intrepido
1473 2044 1564 2071 animo
1578 2051 1638 2071 sese
1654 2043 1743 2071 olfert.
1766 2043 1837 2077 Quot
1849 2043 1900 2070 bo-

1115 2090 1204 2117 tniues
1218 2090 1403 2124 superioribus
1424 2090 1499 2117 hisce
1511 2089 1590 2116 annis
1605 2089 1723 2116 vidimus
1738 2108 1746 2121 ,
1764 2089 1810 2124 qui
1838 2096 1900 2116 cum

1115 2136 1284 2163 orthodoxite
1304 2137 1420 2170 speciem
1441 2137 1514 2163 omni
1531 2136 1585 2163 vita
1602 2143 1657 2170 prae
1673 2142 1702 2163 se
1715 2135 1850 2167 tulissent,
1867 2135 1902 2163 ad

1115 2182 1218 2217 primas
1234 2182 1321 2208 noctis
1338 2182 1464 2209 tenebras
1481 2182 1507 2208 in
1521 2181 1630 2208 Christo
1641 2180 1815 2209 scandalizati
1827 2185 1901 2212 sunt.

1116 2235 1195 2262 eoque
1222 2227 1312 2254 relicta
1342 2228 1464 2262 fugerunt
1477 2227 1512 2260 ⁵³,
1537 2228 1590 2255 imo
1620 2227 1846 2262 transfugerunt?
1869 2227 1902 2253 Et.

1118 2272 1165 2306 qui
1193 2272 1252 2306 plus
1269 2280 1349 2306 quam
1368 2273 1486 2306 trabali,
1505 2277 1534 2301 ut
1553 2273 1629 2300 aiunt
1643 2292 1651 2304 .
1667 2273 1743 2300 clavo
1756 2273 1786 2300 in
1808 2272 1902 2300 Eccle-

1119 2320 1159 2347 sia
1186 2318 1232 2346 tixi
1252 2326 1313 2346 esse
1336 2319 1506 2352 videbantur,
1527 2326 1611 2353 seque
1630 2318 1722 2346 lsraeli
1747 2325 1795 2353 pro
1825 2325 1903 2346 muro

1120 2363 1225 2392 futuros
1248 2364 1446 2397 ostendebant,
1463 2365 1514 2400 ipsi
1533 2365 1613 2399 primi
1631 2364 1780 2392 foedissime
1792 2371 1902 2392 corrue-

1120 2410 1204 2437 runt?

1158 2456 1213 2483 Hoc
1226 2464 1290 2491 ergo
1311 2457 1410 2483 bonum
1428 2456 1517 2484 attulit
1533 2456 1644 2483 haeresis
1655 2476 1662 2488 ,
1678 2456 1749 2491 quod
1766 2461 1794 2482 et
1809 2455 1903 2482 horum

1122 2501 1323 2529 simulationem
1349 2501 1485 2536 prodidit,
1511 2507 1539 2529 et
1566 2503 1697 2529 barrorum
1725 2501 1903 2528 constantiam

1121 2547 1260 2581 animique
1274 2548 1488 2581 magnitudinem
1513 2548 1673 2574 declaravit.
1700 2547 1763 2574 Fuit
1777 2554 1842 2582 ergo
1861 2547 1903 2573 illa

1120 2592 1197 2625 quasi
1216 2591 1284 2625 lapis
1302 2592 1414 2626 quidam
1436 2593 1574 2619 lieraclius
1591 2600 1683 2619 verum
1696 2600 1791 2619 aurum
1808 2600 1822 2618 a
1837 2592 1904 2618 falso

1121 2635 1280 2664 discernens
1294 2657 1302 2669 ,
1316 2637 1392 2672 quasi
1410 2637 1480 2672 ignis
1498 2638 1651 2665 contrarias
1667 2637 1797 2665 tnaterias
1809 2637 1905 2664 distiu-

1133 2720 1158 2737 "
1168 2721 1240 2750 Psal.
1257 2731 1277 2755 r,
1297 2722 1323 2750 1.
1362 2723 1417 2750 l“ll
1437 2723 1510 2752 Petr.
1524 2732 1555 2757 ll,
1569 2725 1594 2752 1.
1640 2725 1663 2741 ⁸⁷
1679 2725 1847 2758 Psal.cxvu,
1861 2723 1903 2752 t9.

1168 2831 1223 2867 (75)
1234 2832 1328 2868 Cypr.,
1344 2833 1381 2862 De
1397 2834 1462 2864 imit.
1481 2835 1564 2867 lt'rcL,
1583 2843 1608 2870 p.
1623 2835 1684 2862 197.
