2055 3130
134 179 187 208 Ξῖὗ

682 172 797 202 JACOBl
816 172 916 200 BlLLll
937 171 1198 200 PR/EFATIONES.

1710 171 1763 199 3‘25

134 246 237 276 gneus,
262 237 338 274 quasi
356 235 538 264 ventilabrum
564 233 670 269 paleam
697 240 713 260 a
741 233 833 260 tritico
846 239 925 267 sepav
939 235 962 262 Α
976 232 1070 266 spicio,
1083 231 1282 265 immortalique
1297 228 1376 256 laudo
1393 228 1488 264 dignos
1503 227 1631 256 existimo
1644 237 1651 256 :
1664 229 1763 264 quippe

133 292 199 321 rans
212 284 245 317 ⁸⁸,
265 283 380 317 denique
396 281 472 316 quasi
490 284 588 308 ventus
599 283 626 306 et
639 278 730 314 pluvia
746 277 848 313 quibus
866 285 925 312 per-

134 331 258 365 spicunm
271 329 357 361 ﬁeret,
371 328 418 363 qui
433 327 460 354 in
476 326 528 354 levi
546 332 639 358 arena,
657 324 701 358 qui
717 323 743 351 in
760 323 837 365 ﬁrma
846 327 924 357 petra

135 375 197 402 ﬁdei
227 381 284 402 suae
305 373 482 400 fundamenta
508 367 787 406 jecissent“.Rebus
802 366 871 393 laetis
897 365 924 392 in

134 419 304 446 adulatorum
323 418 401 444 turba
420 416 518 444 sinceri
540 414 622 442 amici
637 414 722 440 latent
737 422 742 439 :
757 416 853 439 aestate
878 412 925 446 qui

134 463 266 498 parietes,
281 469 341 497 quae
356 461 419 488 tecti
436 465 527 496 partes
548 459 654 486 vitiosae
667 458 722 485 sint
733 477 741 490 ,
757 464 818 492 quae
830 461 925 484 contra

132 509 201 536 vitio
213 512 326 536 careant
345 515 397 534 non
409 507 489 534 facile
500 506 673 541 dignoscitur
686 514 692 531 :
709 504 855 539 tranquillo
867 510 926 530 ma-

136 553 158 579 ri
170 553 215 579 vix
230 551 347 579 discerni
363 555 460 586 potest,
477 558 537 585 qua:
560 558 623 585 pars
643 549 721 577 navis
745 549 851 583 integra
877 548 923 581 sit,

136 605 196 631 quae
213 597 384 631 naufragium
402 596 530 625 minetur.
548 596 639 623 Rebus
654 600 743 622 autem
757 594 863 622 aiilictis
874 615 882 628 ,
899 598 926 621 et

136 648 196 671 orta
209 644 310 676 hieme,
321 647 404 677 atque
417 647 531 678 urgente
548 643 710 676 tempestate
721 641 812 668 statim
829 640 926 669 discri-

138 698 200 717 men
218 689 357 723 siccescit,
383 689 540 723 tolliturque
554 688 643 715 omnis
656 687 799 715 dubitatio.
828 687 925 715 Certus

137 735 311 762 Christianus
326 734 352 761 in
366 741 395 761 re
408 733 510 760 incerta
521 732 643 760 cernitur
661 740 668 759 :
685 732 774 760 hieme
790 739 843 758 non
859 731 923 764 ruit,

137 782 185 808 sed
211 781 331 808 ﬁrmiore
359 780 442 806 etiam
467 786 549 813 quam
575 783 654 806 antea
672 779 757 812 gradu
774 777 924 810 consistit,

137 826 321 862 periculisque
336 825 404 860 ipsis
417 824 575 856 roboratur,
588 829 670 858 atque
685 827 714 850 ut
725 823 864 857 eleganter
886 823 925 849 ait

137 876 219 907 poeta
236 871 359 907 (74),Αι›
380 871 438 906 ipso
459 871 533 898 ducit
556 877 621 904 opes
649 869 823 903 animumque
839 868 921 896 ferro.

136 918 171 945 Et
190 917 420 953 quemadmodum
435 916 551 952 egregia:
563 923 678 950 gemmae
691 916 719 943 in
738 915 826 943 noctis
851 918 927 942 tene-

136 962 195 989 ltris
211 961 313 989 clarius
326 968 408 996 quam
425 961 452 988 in
476 960 563 987 media
589 959 649 986 luce
679 959 779 986 micant
797 966 803 984 :
823 956 863 985 sic
881 957 926 985 ille

137 1009 164 1036 in
183 997 402 1044 persecutidnum
429 1006 544 1041 caligine
570 1005 713 1033 illustriora
741 1005 852 1040 pietatis
871 1011 927 1032 suas

138 1049 302 1082 documenta
317 1052 429 1087 praebet.
445 1051 561 1079 Etiamsi
577 1051 604 1078 in
620 1050 742 1078 Ecclesia
758 1050 863 1077 zizania
889 1049 928 1076 vi-

138 1100 199 1128 deat
217 1107 224 1126 :
243 1106 296 1127 non
313 1098 380 1126 ideo
401 1102 493 1125 tamen
518 1096 668 1124 Ecclesiam
696 1096 809 1123 deserit.
828 1095 928 1130 Exspe-

139 1147 265 1174 ctandam
281 1152 343 1173 esse
360 1151 476 1172 messem
493 1150 546 1171 non
562 1143 687 1178 ignorat:
704 1142 803 1178 alioqui
819 1142 928 1177 pericu-

138 1192 193 1219 lmu
217 1191 372 1227 impendere
386 1211 394 1224 ,
416 1197 451 1217 ne
473 1189 555 1216 simul
583 1196 644 1216 cum
665 1188 780 1216 zizaniis
806 1189 926 1215 triticum

138 1239 218 1265 etiam
235 1237 374 1265 evellatur.
391 1235 466 1263 Dolet
479 1234 588 1270 quidem
601 1234 652 1268 ipsi
666 1234 763 1261 noxias
781 1234 880 1262 herbas
896 1233 923 1260 in

137 1285 241 1319 optimo
267 1291 332 1318 agro
351 1282 507 1318 pullulare:
529 1281 576 1308 sed
601 1289 652 1308 non
675 1281 725 1308 hoc
745 1281 798 1308 sibi
823 1285 926 1308 temere

138 1330 308 1365 superbeque
323 1333 441 1363 arrogat,
456 1327 526 1362 qttod
539 1326 588 1355 soli
605 1327 650 1354 Dei
665 1326 735 1354 Filio
758 1331 925 1360 reservatur,

138 1375 267 1403 nimirum
287 1374 390 1401 zizania
411 1381 427 1400 a
442 1373 532 1400 tritico
547 1379 687 1407 separare,
705 1378 852 1406 areamque
865 1379 927 1406 per—

139 1427 266 1456 purgare.
284 1418 341 1446 Scit
356 1418 465 1453 quidem
475 1425 506 1445 ea
520 1417 547 1444 in
558 1424 621 1444 area
638 1424 700 1444 esse
719 1423 811 1452 posse,
823 1417 848 1443 in
862 1416 928 1443 hor-

139 1473 187 1493 reo
201 1473 252 1491 non
267 1471 355 1498 posse.
370 1463 481 1497 Quoties
495 1463 613 1490 haereses
634 1467 728 1490 cnatas
745 1462 831 1494 videt,
847 1463 927 1490 toties

139 1510 308 1538 declarandae
332 1509 440 1537 virtutis
461 1509 673 1544 constantiaque
688 1516 743 1536 suae
756 1508 927 1536 occasionem

139 1556 190 1584 sibi
205 1556 325 1583 oblatam
344 1555 437 1583 sentit.

175 1602 231 1629 Cur
243 1607 331 1629 autem
346 1602 382 1629 ob
399 1601 516 1629 haereses
530 1605 606 1628 nutet
619 1600 692 1628 illius
703 1600 779 1633 fides,
797 1607 857 1635 quae
875 1599 926 1627 nisi

140 1647 316 1680 exsisterent,
334 1647 424 1675 verbis
435 1647 537 1674 Christi
554 1647 620 1674 ﬁdes
631 1654 684 1673 non
700 1650 858 1678 constaret,
881 1652 928 1673 ve-

141 1693 265 1728 ritasque
287 1693 345 1727 ipsa
360 1691 420 1720 falsi
433 1692 668 1720 convinceretur?
695 1691 790 1719 Nonne
804 1691 929 1718 Christus

141 1746 175 1765 ue
188 1746 240 1765 nos
251 1738 392 1772 inopinata
404 1737 473 1764 mala
494 1738 705 1772 perturbarent,
719 1741 929 1764 exsurrccturos

141 1784 365 1819 pseudochristos
387 1787 417 1811 et
445 1782 694 1818 pseudoprophetas
708 1782 849 1817 praedixit,
867 1787 929 1808 tan-

141 1834 223 1864 taque
239 1829 322 1856 etiam
339 1829 469 1856 miracula
490 1829 614 1855 edituros
628 1848 636 1861 ,
649 1832 679 1855 ut
704 1828 728 1855 si
747 1827 805 1854 ﬁeri
833 1827 928 1862 possit,

142 1874 220 1902 electi
238 1881 346 1909 quoque
363 1875 389 1901 in
404 1881 525 1901 errorem
542 1873 713 1908 impellantur
725 1873 770 1900 "?
789 1873 824 1901 Ut
849 1874 930 1908 quis-

143 1921 205 1955 quis
229 1921 342 1948 miretur
352 1920 471 1948 haereses
496 1927 565 1952 esse,
580 1919 650 1947 idem
668 1919 734 1947 nihil
751 1919 823 1946 aliud
840 1919 931 1946 mirari

142 1967 278 1999 videatur,
288 1973 369 2000 quam
385 1973 442 1993 rem
457 1973 471 1992 a
486 1965 596 1992 Christo
615 1969 689 1992 tanto
701 1969 764 1991 ante
774 1965 931 1999 praedictam

143 2012 344 2047 repraesentari.
358 2011 430 2044 Quid
445 2011 516 2046 qttod
543 2010 653 2045 expedit
675 2011 833 2045 plerumque
845 2010 932 2038 htere-

145 2065 188 2085 ses
204 2058 304 2085 exoriri
320 2078 327 2090 ,
351 2062 378 2084 ut
401 2057 608 2084 intermortnutn
628 2057 737 2091 pietatis
751 2056 871 2083 studium
890 2064 931 2083 re-

144 2109 268 2137 novetur,
284 2103 401 2138 collapsa
417 2110 450 2130 ac
465 2109 549 2137 prope
560 2101 647 2128 deleta
668 2109 774 2128 morttm
789 2101 933 2135 disciplina

146 2151 266 2185 erigatur
281 2155 309 2177 et
332 2150 509 2180 instauratur,
532 2155 566 2175 ac
579 2147 705 2181 denique,
723 2147 795 2181 quod
817 2147 856 2173 ait
877 2147 934 2173 Au-

146 2196 281 2231 gustinus,
298 2194 406 2230 pigritia
428 2193 567 2221 hominum
591 2192 752 2220 excutiatur.
767 2191 846 2219 Certe
872 2199 933 2218 cum

977 276 1022 311 qui
1039 283 1133 303 omnes
1158 275 1258 311 ingenii
1274 274 1458 308 doctrinaeque
1485 280 1547 307 opes
1578 273 1610 301 ad
1636 279 1762 301 ornatum

977 321 1067 357 templi
1084 322 1131 349 Dei
1148 342 1155 353 ,
1174 322 1224 349 hoc
1240 325 1281 349 est
1294 319 1423 347 Ecclesi-e
1441 319 1601 353 conferant,
1615 319 1688 347 nulla
1715 320 1763 347 ho‘

976 368 1079 396 minum
1096 368 1169 401 odia,
1186 367 1288 395 nullam
1314 366 1444 394 invidiam
1459 365 1640 398 extimescant
1652 386 1660 400 ,
1674 366 1763 394 nullas

977 413 1096 442 hostium
1113 414 1200 440 minas
1211 412 1380 446 insidiasque
1394 409 1584 443 reformident,
1599 411 1680 438 modo
1692 419 1763 439 rem-

976 460 1112 495 publicam
1125 458 1310 486 Christianam
1323 458 1357 485 ab
1373 456 1447 484 omni
1464 463 1558 483 errore
1572 464 1665 491 puram
1681 461 1763 491 atque

977 507 1110 541 integram
1128 509 1265 532 tueantur.
1289 503 1312 531 0
1330 508 1460 538 quantam
1478 502 1530 530 illis
1544 502 1645 530 laboris
1657 510 1764 537 operm.

977 559 1031 586 que
1044 551 1198 578 mercedem
1213 549 1342 585 propheta
1362 548 1506 583 pollicetur
1521 547 1707 582 :'Fulgebunt,
1721 550 1765 577 iu-

977 597 1046 631 quit,
1060 597 1138 631 quasi
1151 596 1275 631 splendor
1287 595 1459 630 ﬁrmamenti,
1483 599 1509 622 et
1530 596 1606 630 quasi
1632 596 1716 623 stella:
1736 597 1763 623 in

976 647 1113 677 perpetuas
1123 642 1282 669 ieiunitate:
1299 641 1332 668 °’.

1012 687 1079 721 Quid
1095 687 1175 720 igitur
1190 688 1222 714 de
1239 687 1271 714 iis
1284 687 1405 715 dicemus
1421 687 1466 722 qui
1481 687 1505 715 in
1523 687 1762 721 summajuvanda:

976 733 1104 760 Ecclesia:
1121 731 1250 759 facultate
1264 752 1271 764 ,
1296 733 1358 760 dum
1375 733 1504 767 praesenti
1525 733 1582 760 otio
1605 733 1760 761 consulunt.

976 784 1033 812 aut,
1051 778 1123 813 quod
1143 778 1303 806 sceleratius
1320 784 1381 811 est,
1400 779 1554 807 hominibus
1569 779 1711 814 displicere
1728 779 1762 805 ti-

976 828 1061 856 ment,
1077 824 1148 851 sacri
1163 824 1243 859 hujus
1256 824 1319 851 belli
1334 824 1436 851 otiosos
1461 831 1490 852 se
1513 829 1679 858 spectatores
1693 832 1763 859 pra!-

976 870 1050 904 bent,
1068 878 1118 898 nec
1131 871 1162 897 ad
1179 870 1332 905 httjusmodi
1356 870 1509 898 incendium
1538 871 1761 906 restinguendum

978 917 1109 952 guttulam
1135 925 1216 944 unam
1235 924 1312 952 aquae
1340 916 1437 944 afferre
1456 917 1577 944 curant?
1596 916 1650 945 Sed
1666 922 1696 944 ut
1719 918 1764 945 his

977 963 1086 991 omissis
1098 962 1131 990 ad
1148 963 1300 990 institutum
1317 970 1470 990 sermonem
1494 964 1602 990 redeam
1613 984 1620 996 ,
1633 964 1762 991 eximium

978 1009 1042 1036 illud
1053 1015 1086 1036 ac
1104 1008 1241 1044 singulare
1259 1016 1323 1043 erga
1343 1016 1393 1036 nos
1405 1008 1509 1036 Christi
1522 1010 1684 1037 beneficium
1702 1009 1763 1043 fuit,

979 1053 1051 1088 quod
1072 1053 1190 1081 htereses
1207 1053 1265 1081 fore
1283 1050 1495 1088 praenuntiaVit,
1513 1059 1544 1082 ut
1561 1055 1692 1083 adversus
1705 1062 1764 1088 eas,

979 1104 1106 1133 tanquam
1120 1099 1250 1127 adversus
1274 1099 1480 1127 infestissimum
1505 1106 1585 1135 atqtte
1601 1101 1767 1129 immanissi-

977 1152 1051 1171 mum
1070 1145 1176 1172 hostem
1189 1144 1271 1172 animi
1287 1146 1371 1172 nostri
1384 1153 1474 1172 arcem
1494 1146 1580 1174 multo
1596 1151 1661 1174 ante
1674 1149 1764 1174 muni-

977 1188 1079 1216 re‘mus.
1095 1189 1209 1219 Accedit
1219 1190 1300 1217 etiam
1314 1190 1356 1217 illa
1368 1210 1375 1223 ,
1390 1195 1417 1217 et
1431 1190 1540 1225 quidem
1554 1191 1673 1219 maxima
1694 1200 1763 1218 con-

977 1234 1085 1270 solatio,
1111 1243 1172 1263 cum
1204 1236 1356 1271 cogitamus
1382 1236 1416 1264 ab
1442 1236 1568 1264 Ecclesia:
1589 1237 1761 1265 incunabulis

977 1288 1064 1315 usque
1079 1281 1112 1309 ad
1125 1282 1195 1309 hanc
1210 1286 1317 1308 aetatem
1331 1282 1376 1309 vix
1388 1282 1471 1309 ullum
1490 1287 1595 1317 tempus
1614 1283 1763 1315 exstitisse,

978 1335 1031 1362 quo
1045 1335 1096 1355 non
1114 1327 1138 1355 ei
1154 1328 1284 1355 adversus
1298 1327 1358 1354 ﬁdei
1382 1327 1474 1355 hostes
1492 1327 1682 1355 decertandum
1702 1329 1761 1356 fuc-

980 1373 1037 1400 rit:
1054 1376 1084 1399 ut
1104 1379 1157 1399 non
1178 1373 1237 1399 sine
1250 1379 1330 1399 causa
1354 1372 1475 1399 militans
1496 1372 1615 1401 Ecclesia
1643 1374 1762 1408 appelle-

978 1423 1032 1446 tur.
1047 1417 1087 1446 Ne
1103 1425 1183 1445 aurea
1199 1418 1307 1452 quidem
1331 1422 1396 1445 atas
1418 1418 1452 1446 ab
1468 1418 1621 1453 hujusmodi
1637 1419 1765 1448 fluctibus

979 1464 1105 1491 immunis
1123 1463 1184 1491 fuit.
1205 1463 1266 1499 Ipsa
1283 1471 1390 1499 quoque
1405 1471 1469 1492 suos
1490 1465 1585 1492 habuit
1602 1464 1767 1501 llymemeos

978 1514 1006 1537 et
1020 1509 1197 1543 Alexandros,
1207 1517 1270 1537 suos
1294 1509 1417 1538 Nicolaos
1439 1515 1466 1537 et
1479 1510 1632 1544 Cerinthos,
1654 1511 1702 1546 qui
1722 1513 1768 1540 vix

943 1569 964 1599 ο
981 1555 1008 1583 ἱιι
1020 1555 1108 1582 lucem
1124 1556 1224 1583 editam
1247 1556 1390 1591 adhucque
1407 1556 1550 1585 lactentem
1567 1558 1721 1593 opprimere
1733 1566 1766 1585 ac

981 1602 1015 1629 de
1038 1601 1126 1629 medio
1144 1602 1240 1630 tollere
1252 1603 1341 1629 conati
1364 1607 1436 1630 sunt.
1450 1601 1501 1630 Vix
1524 1611 1556 1630 ex
1574 1603 1615 1631 his
1634 1603 1761 1632 fluctibus

979 1652 1141 1681 emerserat,
1166 1656 1227 1676 cum
1248 1648 1309 1676 aliis
1323 1649 1438 1684 aliisque
1457 1649 1571 1677 subinde
1586 1650 1710 1685 procellis
1721 1650 1766 1685 ja-

979 1694 1047 1721 ctari
1062 1695 1156 1729 ccepit.
1172 1693 1257 1729 Sarpe,
1275 1695 1372 1730 inquit,
1391 1701 1602 1730 expugnaverunt
1625 1704 1666 1723 me
1684 1705 1700 1723 a
1722 1696 1771 1730 ju-

979 1745 1083 1767 venlute
1098 1749 1166 1773 mea,
1183 1741 1229 1768 sed
1248 1740 1336 1774 quid?
1361 1748 1412 1767 non
1427 1746 1567 1775 potuerunt
1585 1742 1650 1768 mihi
1661 1742 1694 1770 “.
1711 1742 1768 1768 Ad-

979 1792 1082 1811 versum
1094 1793 1133 1811 me
1142 1793 1172 1811 ne
1185 1787 1248 1819 ipsis
1260 1785 1366 1819 quidem
1379 1785 1457 1819 inferi
1465 1790 1548 1820 pomo
1557 1785 1769 1820 prtevalueruut,

980 1836 1031 1857 nec
1047 1837 1165 1864 unquam
1179 1830 1358 1864 prmoalebunt
1373 1830 1407 1857 ".

1017 1875 1124 1909 Quanto
1137 1883 1203 1911 ergo
1217 1875 1316 1903 solatio
1328 1875 1452 1910 perfundi
1469 1875 1551 1903 debet
1562 1875 1771 1910 Christianipe-

981 1925 1041 1949 ctus
1052 1941 1059 1954 ,
1073 1929 1136 1948 cum
1153 1921 1337 1948 tristissimam
1357 1920 1470 1953 hujusce
1490 1921 1658 1955 tempestatis
1673 1921 1767 1956 imagi-

982 1975 1043 1995 nem
1059 1967 1085 1994 in
1101 1971 1223 1994 veterum
1240 1966 1423 1993 monumentis
1435 1966 1472 1993 ita
1487 1966 1520 1993 ad
1531 1966 1620 1993 vivum
1636 1966 1770 2001 depictam

983 2013 1066 2045 videt,
1086 2017 1115 2039 nt
1128 2013 1178 2039 sub
1196 2019 1290 2038 eorum
1308 2019 1422 2046 persona
1441 2019 1485 2039 res
1500 2016 1592 2039 nostra
1609 2012 1665 2047 geri
1678 2011 1771 2040 videa-

983 2058 1047 2085 tur?
1062 2057 1129 2084 Nam
1145 2058 1166 2084 si
1178 2062 1279 2092 (ρει-σω
1290 2064 1322 2084 ea
1329 2058 1442 2084 demum
1453 2057 1603 2084 consolatio
1615 2057 1771 2092 gratissima

983 2111 1044 2130 esse
1071 2103 1158 2135 solet,
1175 2110 1235 2137 quze
1250 2103 1283 2130 ab
1306 2110 1338 2130 eo
1361 2101 1487 2135 affertur,
1500 2103 1545 2138 qui
1565 2103 1660 2130 eodem
1685 2103 1771 2130 tuorbi

984 2156 1082 2183 genere
1097 2148 1241 2183 aliquando
1251 2148 1421 2175 c0nf1ictatus
1432 2152 1474 2175 est
1486 2157 1493 2174 :
1510 2148 1574 2182 quid
1590 2149 1694 2175 tandem
1708 2155 1773 2175 cau-

983 2203 1021 2222 sa:
1033 2202 1094 2222 esse
1110 2199 1218 2229 potest,
1234 2194 1300 2228 quin
1327 2193 1353 2220 in
1377 2193 1538 2228 gravissima
1554 2193 1605 2220 hac
1620 2193 1774 2221 calamitate

145 2242 327 2270 Themistocle
341 2241 417 2268 nobis
429 2240 529 2274 optimo
549 2239 610 2273 jure
631 2238 722 2265 dicere
741 2237 820 2269 licet,
834 2236 929 2264 Perie-
948 2243 970 2270 [)
986 2248 1081 2275 magno
1095 2240 1192 2268 solatio
1217 2239 1367 2267 Christiani
1383 2239 1502 2266 hominis
1523 2238 1602 2265 dolor
1619 2239 1772 2272 mitigetur,

146 2295 259 2320 ramus,
278 2287 328 2314 nisi
353 2286 539 2322 periisscmus.
563 2284 650 2311 Tanto
667 2288 781 2311 veterno
807 2282 931 2317 oppressi

147 2334 315 2365 tenebamur,
327 2338 355 2359 ιιι
370 2340 422 2359 non
436 2332 486 2358 nisi
499 2331 645 2358 durissimo
658 2329 709 2356 hoc
723 2328 819 2356 baculo
834 2335 932 2363 exper-

146 2381 238 2417 gcﬁcri
256 2386 405 2414 possemus,
422 2383 503 2413 atque
519 2378 553 2404 al)
577 2376 674 2403 inertia
698 2375 732 2402 ad
751 2375 870 2402 laborem
886 2375 934 2401 do-

147 2428 294 2461 ctrinmque
309 2425 426 2452 studium
444 2423 574 2451 revocari.
592 2422 654 2449 iltcc
676 2421 768 2456 itaque
787 2425 935 2455 tempestas

148 2475 224 2501 nobis
236 2471 446 2500 innumerabiles
467 2470 565 2497 heroas
578 2469 733 2503 procreavit
746 2488 754 2501 ,
769 2468 816 2503 qui
831 2469 931 2502 partim

146 2521 255 2555 optimm
270 2526 302 2545 ac
318 2517 513 2553 probatissima:
526 2516 587 2542 vita
604 2515 738 2549 exemplo,
756 2515 855 2549 partim
869 2522 935 2541 eru-

147 2564 290 2592 ditissimis
303 2564 359 2591 suis
373 2561 609 2590 lucubrationibus
635 2561 785 2588 Ecclesiam
801 2561 933 2588 adversus

147 2610 264 2637 furiosos
291 2609 478 2636 haereticorum
504 2607 620 2641 impetus
649 2607 781 2633 acerrime
807 2606 935 2633 defende-

148 2660 220 2681 ruut.
238 2655 311 2687 Quos
328 2654 451 2688 equidem
465 2653 523 2687 ipse
539 2659 588 2686 pro
603 2658 636 2678 eo
650 2658 682 2678 ac
698 2655 818 2678 tueretur
833 2653 933 2686 singu-

148 2699 213 2727 laris
225 2707 319 2727 eorum
336 2700 423 2735 pictas
434 2704 461 2726 et
475 2698 570 2730 virtus,
591 2696 670 2724 unice
694 2697 813 2725 adtniror
836 2705 868 2724 ac
890 2705 933 2724 su-

184 2789 313 2816 “Matth.
340 2797 382 2821 ιιι,
404 2789 446 2815 19..

148 2825 172 2842 ⁸⁸
185 2825 280 2852 Matth.
296 2832 352 2857 xvi,
370 2825 414 2851 18.

486 2788 506 2804 ⁶¹
521 2787 615 2816 Matth.
630 2795 679 2821 vn,
701 2787 797 2814 23-27.

465 2823 487 2839 “
504 2823 565 2850 lsai.
586 2831 612 2855 ι.,
630 2823 658 2850 2.

184 2904 241 2942 (τι)
256 2904 334 2939 llor.,
347 2904 430 2932 lib.tv
444 2902 544 2938 Carm.,
563 2908 606 2931 ou.
626 2909 651 2930 4.

850 2787 872 2802 ⁶¹
891 2785 986 2815 Matth.
1001 2793 1076 2818 xxtv,
1098 2785 1190 2813 11—24.

981 2293 1042 2326 cum
1061 2287 1158 2314 mentis
1178 2286 1272 2313 oculos
1293 2287 1329 2313 ad
1343 2285 1430 2320 prisca
1448 2285 1546 2311 saacula
1564 2285 1718 2316 convertit,
1740 2292 1774 2312 ac

982 2340 1043 2359 cutn
1061 2332 1241 2359 sanctissimis
1258 2331 1341 2364 viris,
1367 2331 1413 2365 qui
1429 2330 1454 2357 iu
1469 2330 1563 2357 iisdem
1582 2338 1671 2357 rerum
1693 2336 1775 2358 acer-

983 2378 1114 2405 bitatibus
1125 2378 1225 2405 versati
1238 2383 1302 2404 sunt
1315 2397 1323 2409 ,
1339 2377 1412 2404 velut
1426 2377 1612 2412 colloquitur?
1626 2376 1693 2404 Nam
1711 2385 1774 2404 cum

984 2423 1043 2450 illos
1061 2431 1094 2450 cx
1113 2428 1153 2450 tot
1178 2424 1313 2458 tantisque
1331 2422 1521 2450 afﬂictionibus
1543 2423 1587 2450 Dei
1610 2423 1776 2458 benignitate

985 2470 1092 2496 tandem
1110 2469 1256 2504 aliquando
1274 2474 1411 2497 extractos
1425 2469 1509 2497 fuisse
1528 2470 1601 2506 legit,
1618 2475 1707 2497 tamne
1720 2470 1772 2496 im-

985 2515 1028 2549 pie
1044 2514 1085 2541 vel
1105 2514 1139 2540 de
1154 2514 1252 2541 sutmni
1278 2514 1398 2541 numinis
1422 2515 1542 2549 potentia
1554 2534 1562 2543 .
1580 2515 1622 2541 vel
1637 2515 1669 2542 de
1691 2514 1775 2548 ipsius

986 2568 1048 2595 erga
1076 2568 1124 2587 nos
1139 2567 1231 2587 amore
1243 2560 1389 2595 cogitabit,
1408 2564 1438 2587 ut
1451 2566 1499 2587 aut
1519 2568 1626 2587 manum
1646 2560 1704 2594 ejus
1726 2560 1775 2586 ab»

987 2606 1132 2633 breviatam
1148 2612 1208 2632 esse
1224 2605 1258 2637 ⁸⁸,
1271 2612 1320 2632 nec
1334 2605 1389 2640 jam
1408 2605 1515 2632 salvare
1538 2611 1635 2639 posse,
1653 2609 1699 2630 aut
1713 2604 1775 2638 ejus

987 2659 1052 2686 ergo
1067 2658 1116 2678 uos
1130 2651 1292 2678 charitatem
1315 2651 1455 2678 refrixisse
1467 2649 1635 2677 arbitretur?
1656 2648 1725 2682 Quid
1748 2650 1775 2675 iu

990 2697 1141 2733 hujusmodi
1156 2696 1287 2724 librorum
1304 2697 1420 2724 lectione
1432 2695 1494 2723 aliis
1508 2694 1635 2728 accidat,
1653 2701 1775 2728 pronun-

1244 2785 1267 2801 “
1282 2784 1347 2812 Dan.
1365 2792 1414 2816 xtl,
1428 2784 1454 2811 3.
1497 2782 1519 2798 “
1531 2782 1604 2810 Psal.
1619 2789 1733 2814 cnvttt,
1745 2781 1774 2810 2.
