2055 3130
290 146 346 176 5‘27

824 151 941 181 JACOBI
960 152 1061 179 MLLll
1082 151 1347 180 PILEFATIONES.

1859 151 1912 180 528

287 212 355 237 tier:
373 217 486 245 nequeo.
516 209 553 237 De
567 217 609 236 me
621 215 696 238 certe
708 209 845 238 afﬁrmare
863 218 978 245 possum
994 230 1002 243 ,
1016 217 1076 237 eam
1092 211 1112 240 Α
1130 209 1240 237 nomine
1259 216 1302 236 me
1317 209 1364 235 tibi
1377 208 1580 237 obstrictiorem
1593 216 1722 245 agnosco,
1738 215 1818 244 quam
1842 209 1913 243 quod

286 253 352 283 mihi
365 255 521 290 plerumque
534 263 631 290 magno
645 256 744 283 solatio
758 261 840 290 atque
851 255 963 282 utilitati
978 255 1070 283 fuisse.

286 302 326 329 Ex
343 309 394 336 quo
407 301 508 329 factum
526 307 577 334 est,
591 306 620 327 ut
643 301 755 329 Graecos
769 301 873 328 Latinis
890 300 1072 335 conjungens,

286 349 312 374 in
332 347 420 374 nobile
442 347 506 374 illud
531 348 680 374 amicorum
709 355 757 382 par
782 347 888 374 tandetn
905 348 1071 380 inciderem,

286 393 415 421 Ba'silium
429 393 552 428 Magnum
566 394 763 427 ctGregorium
779 393 980 420 Nazianzenum
993 394 1070 420 dico:

285 440 312 466 in
330 447 443 474 quoruttt
470 439 580 473 scriptis
607 444 710 466 tantum
734 446 804 466 verae
820 439 930 473 pietatis
943 459 951 471 ,
969 445 1071 465 tantum

283 485 414 512 doctrinm
439 489 520 518 atque
558 483 719 518 eloquentia.-
751 483 840 515 lucet,
869 489 897 511 ιιι
922 484 1012 511 nescio
1036 492 1071 511 an

285 531 353 564 apud
373 530 482 558 Cra-cos
498 530 666 564 Latinosque
687 529 801 557 inveniri
818 530 934 564 possint,
950 529 994 563 qui
1012 530 1071 564 plus

283 576 444 603 eruditionis
466 583 527 602 cum
556 575 652 608 majori
680 575 785 602 dicendi
812 575 941 602 facultate
962 575 1071 609 copula-

285 622 350 648 rint.

320 666 360 693 Me
372 672 444 693 certe
461 665 646 693 Nazianzenus
663 666 739 701 gravi
756 665 800 693 illo
819 673 852 692 ac
865 666 975 692 sublimi
1002 667 1070 693 scri-

285 712 363 738 bendi
379 720 476 746 genere
495 712 529 737 ita
547 711 653 744 allecit,
675 716 705 738 ut
722 711 909 738 incredibilem
925 712 1069 746 quamdam

283 758 490 785 oblectationem
523 766 555 784 ex
583 757 641 791 ejus
663 757 779 785 lectione
807 764 916 792 semper
940 760 1068 793 ceperim.

283 804 414 837 Quocirca
440 805 504 832 mihi
521 804 683 839 jampridem
708 805 779 830 ltaud
798 805 971 831 mediocriter
992 805 1068 832 dole-

283 851 338 882 bat,
355 855 458 877 tattttttn
470 852 555 878 virum
575 852 665 879 ntinns
676 851 835 886 frequenter
851 853 992 880 hominum
1010 860 1069 879 ma-

1127 255 1153 282 in
1169 255 1307 285 Ecclesite,
1323 255 1548 282 Christianissimi
1565 256 1652 290 regis,
1673 255 1812 290 totiusque
1827 253 1905 288 hujus

1126 299 1299 327 atllictissimi
1317 301 1393 335 regni
1408 307 1517 328 causam
1545 305 1617 328 tanta
1632 300 1714 328 animi
1727 299 1909 327 sollicitudine

1127 345 1272 377 incumbis,
1289 349 1328 372 tot
1339 353 1430 378 curas,
1444 349 1483 372 tot
1497 352 1632 372 :erumnas
1643 345 1768 380 suscipis,
1781 351 1814 372 eo
1835 345 1910 372 deni-

1125 392 1178 426 que
1194 392 1283 418 omnia
1302 397 1346 418 tua
1360 392 1449 419 studia
1465 392 1562 424 refers,
1580 397 1608 418 ιιι
1627 391 1760 418 truncatis
1779 391 1912 427 (quando-

1125 438 1233 472 quidem
1252 446 1301 465 nec
1314 439 1403 465 sanari
1428 438 1539 469 volunt,
1559 446 1608 465 nec
1621 438 1681 465 sine
1696 443 1771 465 certa
1789 437 1910 472 corporis

1125 483 1246 518 pernicie
1261 484 1331 510 ttltra
1350 484 1460 510 retineri
1487 484 1599 517 queunt)
1622 483 1735 516 putridis
1761 483 1889 509 membris
1902 502 1910 514 ,

1126 529 1236 562 reliqua:
1264 535 1354 564 partes
1367 536 1569 556 conserventur.
1582 530 1649 562 Quis
1662 533 1751 556 autem
1762 536 1814 554 noti
1826 528 1909 560 videt,

1125 579 1255 608 quantum
1283 574 1330 601 tibi
1356 575 1456 603 laboris
1483 574 1671 608 perferendum
1700 575 1756 606 sit,
1776 579 1908 609 quantttm

1128 620 1309 646 dimicationis
1326 620 1505 652 subeundum,
1519 626 1548 648 ιιι
1567 626 1607 648 tot
1623 621 1842 655 Acltitopltelium
1858 622 1908 647 sub

1124 666 1203 699 vulpe
1221 666 1362 693 latentium
1391 667 1502 694 consilia
1529 668 1664 701 dissipes;
1688 673 1713 694 et
1732 667 1795 694 dum
1816 667 1861 693 alii
1881 667 1907 693 in

1124 716 1217 744 aperto
1231 711 1300 738 bello
1315 713 1451 746 egregiam
1479 712 1634 746 rcipublica:
1655 720 1765 746 operam
1785 719 1884 739 navant
1897 733 1905 744 .

1124 756 1268 789 provideas
1284 758 1391 783 interim
1407 778 1414 790 ,
1432 765 1465 785 ne
1477 758 1540 792 quid
1561 759 1594 785 ab
1612 759 1724 785 occultis
1738 759 1860 785 hostibus
1876 767 1907 785 ea

1123 800 1280 829 detrimenti
1296 803 1437 834 patiatur?
1455 804 1501 830 Est
1516 804 1625 838 quidem
1639 805 1750 831 otttniuo
1774 812 1855 837 grave
1873 811 1906 832 ac

1124 847 1266 874 molestum
1287 849 1322 880 ei,
1335 849 1380 884 qui
1395 856 1426 876 ex
1445 849 1613 884 publicorum
1630 851 1796 885 negotiorum
1811 850 1908 876 tumul-

284 896 362 922 nibus
376 896 424 923 teri
439 916 446 929 ,
465 905 545 930 quam
561 897 708 931 singularis
725 898 810 932 ipsius
834 898 961 925 facundia
989 903 1066 934 atque

1123 894 1194 921 tibus
1208 895 1242 922 ad
1257 895 1408 922 studiorum
1431 896 1546 929 vitaeque
1576 895 1803 930 tranquillitatem
1817 896 1907 930 (cujus

283 941 405 969 doctrina
433 943 597 970 merebatur.
622 943 705 978 Cujus
730 944 768 970 rei
796 951 856 970 cunt
877 951 936 970 eam
958 952 1068 971 causam

284 997 343 1016 esse
362 989 565 1021 intellexissent,
579 989 651 1024 quod
677 989 712 1016 ita
731 989 878 1017 Latinitate
896 990 1010 1018 donatus
1026 998 1070 1017 es-

283 1041 333 1065 set,
349 1041 378 1061 ιιι
395 1035 579 1069 theologorum
596 1035 686 1063 studia
707 1035 956 1070 minimuutjuvare
967 1043 1068 1070 posset,

281 1088 392 1114 operam
407 1081 524 1115 suscepi.
534 1089 614 1115 quain
634 1081 671 1108 rei
689 1081 845 1115 theologica:
859 1082 952 1109 utilem
966 1083 1066 1114 nescio,

284 1126 349 1152 mihi
363 1131 436 1152 certe
452 1126 595 1153 admodum
612 1127 724 1154 arduam
736 1135 767 1154 ac
784 1127 930 1159 difﬁcilem,
944 1133 973 1155 ut
985 1136 1070 1162 quan-

283 1175 339 1197 tunt
369 1170 459 1198 labore
478 1179 509 1198 ac
522 1171 661 1206 diligentia
683 1173 811 1207 consequi
843 1181 971 1206 possent,
997 1173 1069 1200 hunc

283 1221 420 1244 auctorem
437 1218 472 1244 ita
486 1223 630 1249 verterem,
650 1224 678 1246 ut
690 1220 712 1246 si
734 1227 787 1246 non
801 1220 961 1253 elegantior,
976 1221 1066 1248 minus

282 1263 379 1290 saltem
394 1263 528 1292 obscurus
546 1265 572 1291 in
589 1264 673 1292 lucem
699 1266 828 1300 prodiret.
853 1266 928 1293 Potui
952 1272 1026 1294 certe
1041 1267 1068 1293 in

281 1309 489 1342 armenioribus,
507 1310 626 1344 mittique
648 1311 725 1345 longe
745 1312 915 1346 gravioribus
932 1313 1068 1340 scribendi

281 1355 446 1387 argumentis
465 1355 579 1388 versari,
592 1356 639 1383 sed
655 1356 719 1383 vicit
732 1357 846 1390 publica:
864 1357 989 1385 utilitatis
1008 1360 1067 1385 Stu-

283 1400 364 1431 ιιίιιπι,
376 1401 418 1427 cui
435 1408 482 1434 pro
495 1401 563 1427 virili
580 1406 656 1435 parte
670 1403 787 1436 optimus
801 1405 918 1438 quisque
933 1404 1068 1432 inservire

282 1446 371 1472 debet.
389 1445 442 1472 Nec
457 1453 522 1473 vero
534 1454 627 1473 eorum
647 1447 819 1482 labores,qui
838 1449 863 1475 in
882 1449 934 1476 hoc
952 1450 1068 1483 pistrino

282 1496 344 1518 ante
362 1499 404 1518 ttte
419 1492 598 1525 desudarunt,
614 1493 726 1521 elevabo
743 1501 773 1521 ac
789 1494 991 1529 suggillaho,ad
1003 1504 1066 1530 quo-

282 1545 341 1564 runt
356 1537 536 1571 eloquentiam
563 1539 745 1574 doctrinaeque
772 1540 878 1567 laudent
895 1549 936 1568 tne
954 1541 1066 1569 minime

281 1583 403 1616 aspirare
419 1590 498 1616 posse
513 1584 599 1611 sentio
613 1605 619 1616 ,
635 1585 803 1620 ingenueque
824 1585 920 1613 fateor.
937 1586 992 1614 Hoc
1008 1591 1066 1614 tan—

282 1633 337 1654 tunt
365 1629 452 1656 dicam
467 1636 513 1656 cos
537 1630 709 1664 gravioribus
734 1631 832 1658 studiis
852 1632 974 1659 addictos
991 1652 998 1664 ,
1018 1641 1068 1660 nec

281 1675 394 1701 fortasse
409 1674 460 1701 nisi
473 1675 612 1702 recreandi
629 1675 713 1702 animi
737 1683 817 1703 causa
834 1676 859 1703 in
875 1677 926 1704 hac
949 1677 1068 1705 transla-

281 1720 355 1748 tione
366 1726 499 1753 versatos,
515 1726 553 1748 tot
564 1721 630 1748 locis
649 1723 682 1749 ab
696 1723 817 1750 auctoris
831 1724 966 1751 sententia
981 1732 1066 1753 reces-

280 1765 360 1800 Iisse,
377 1772 405 1794 ut
417 1767 482 1794 mihi
496 1768 631 1795 nemincnt
646 1767 704 1796 fore
722 1771 909 1803 persuadeam,
925 1771 969 1805 qui
983 1772 1066 1798 inuti-

281 1812 332 1838 lem
348 1819 378 1838 ac
393 1820 625 1847 supervacaneam
652 1814 722 1841 hanc
747 1816 895 1842 seettndant
913 1817 1064 1844 versionem

280 1858 363 1885 fuisse
378 1858 461 1886 dicat.
475 1857 553 1886 llunc
566 1867 646 1894 porro
658 1861 779 1888 laborem
794 1870 868 1896 cum,
881 1863 959 1896 cujus
980 1864 1066 1898 potis-

279 1905 375 1931 simum
404 1905 505 1932 nomini
524 1913 714 1933 consecrarent
731 1926 738 1938 ,
753 1915 857 1934 tttecutn
876 1909 934 1942 ipse
945 1909 1066 1943 dispice-

281 1957 349 1982 rem,
361 1951 452 1978 statim
472 1959 542 1978 unus
555 1952 708 1984 occurristi,
725 1953 767 1980 cui
790 1954 914 1988 pluribus
929 1957 962 1982 de
973 1955 1065 1984 causis

280 1998 378 2023 nterito
390 1999 586 2031 nuneupandus
600 1997 751 2025 videretur’

313 2041 434 2069 Primum
451 2042 534 2074 enim,
546 2043 568 2069 si
584 2051 714 2078 personas
734 2044 806 2078 ipsas
821 2049 987 2079 spectemus,
1003 2047 1062 2073 cui-

279 2095 340 2115 nam
355 2095 448 2123 quaeso
461 2090 653 2123 congruentius
668 2089 760 2117 oﬂerri
784 2092 869 2124 potuit
882 2092 934 2119 hoc
954 2093 1063 2127 optimi,

277 2133 474 2166 eruditissimi,
502 2139 583 2168 atque
608 2135 742 2169 imprimis
767 2136 920 2170 eloquentis
946 2137 1064 2172 episcopi

279 2179 413 2212 volumen,
423 2187 504 2214 quam
520 2180 725 2215 archiepiscopo
737 2186 764 2208 et
776 2182 920 2214 cardinali,
932 2183 1064 2218 singulari

280 2225 389 2256 virtute,
409 2225 531 2252 doctrina
554 2232 586 2252 ac
603 2233 662 2252 rara
675 2227 790 2260 quadam
802 2231 829 2254 et
841 2228 940 2255 eximia
956 2229 1060 2256 dicendi

1118 2223 1198 2250 Deum
1213 2224 1391 2251 immortalem
1410 2245 1418 2256 ,

281 2270 407 2297 facultate
422 2270 558 2304 praedito?
579 2270 681 2298 Deinde
697 2279 758 2299 cum
775 2279 822 2300 eos
836 2280 931 2300 omnes
942 2293 950 2305 ,
969 2274 1013 2307 qui
1032 2274 1065 2301 dc

281 2322 309 2341 re
330 2314 458 2342 litteraria
473 2316 542 2342 bene
557 2317 655 2343 mereri
673 2318 803 2350 student,
820 2319 1003 2346 benevolentia
1020 2308 1063 2347 tua

279 2365 306 2388 et
324 2362 448 2388 comitate
466 2370 573 2397 semper
597 2363 755 2398 complexus
771 2365 857 2392 fueris
872 2384 879 2397 ,
901 2373 1064 2401 quacunque

278 2407 398 2440 potueris
412 2408 515 2434 ratione
532 2408 646 2442 juveris,
663 2411 806 2443 evexeris;
825 2411 947 2445 profecto
966 2412 1064 2440 litterae

279 2453 343 2488 ipsa:
356 2453 382 2480 itt
395 2457 482 2485 tuum,
498 2459 623 2488 tanquam
635 2456 661 2482 in
675 2457 771 2490 optimi
786 2458 908 2491 parentis
920 2462 946 2484 ct
957 2459 1064 2492 patroni

279 2498 366 2525 sinunt
381 2497 524 2533 confugere
539 2499 659 2533 gestiunt
672 2511 678 2528 :
696 2508 748 2528 non
773 2505 828 2528 tattt
843 2505 872 2528 ut
886 2507 911 2528 te
929 2502 1065 2529 illustrent

278 2545 340 2578 (nec
352 2545 423 2571 enim
441 2545 518 2578 aquis
533 2544 657 2572 Oceanus
669 2546 740 2582 eget)
752 2554 833 2581 quatn
847 2552 876 2574 ut
893 2555 924 2574 ex
938 2547 1065 2574 illustris-

277 2589 346 2616 simo
362 2594 407 2616 tuo
418 2589 525 2617 nomine
535 2591 704 2625 splendorem
717 2592 781 2626 ipsae
802 2593 922 2620 trahant.
937 2592 995 2621 lluc
1009 2601 1058 2620 ac-

277 2639 377 2662 ceduttt
391 2635 476 2662 multa
493 2640 538 2662 tua
553 2641 581 2663 et
592 2637 721 2671 praeclara
744 2638 770 2664 in
784 2638 916 2672 quosdam
941 2645 1062 2666 meorunt

277 2680 408 2708 bettetlcia
424 2701 432 2714 ,
448 2689 516 2717 quos
529 2690 590 2709 cum
605 2690 682 2717 aeque
705 2690 736 2710 ac
750 2684 834 2710 vitam
850 2683 936 2719 ipsam
961 2691 1061 2716 autem,

278 2732 330 2752 non
351 2726 438 2753 minus
453 2731 526 2754 certe
543 2734 586 2754 me
601 2727 777 2762 magnitudini
804 2733 856 2755 tua:
884 2727 981 2755 debere
997 2735 1064 2755 cen-

275 2777 334 2803 seo,
346 2776 429 2806 quam
442 2772 466 2799 si
480 2772 507 2800 in
525 2773 656 2807 meipsum
670 2780 702 2800 ea
717 2773 894 2802 contulisses.
910 2773 965 2801 Sed
987 2773 1062 2801 nullo

292 2860 336 2898 .⁶⁷
352 2860 362 2886 Ι
376 2859 438 2888 Cor.
456 2861 538 2894 1,53.
575 2861 597 2878 ⁸⁸
611 2861 706 2889 Matth.
723 2868 782 2894 xm,
798 2861 842 2894 il,
855 2861 900 2895 35,
915 2861 960 2889 45.

790 2966 798 2986 1'

1120 941 1290 968 dulcedinem
1308 949 1386 969 nemo
1403 942 1465 974 scit,
1488 942 1537 969 nisi
1555 943 1601 977 qtti
1613 942 1741 977 gustavit)
1761 949 1819 970 sese
1830 949 1906 969 asse-

1119 988 1215 1018 ruerit,
1231 995 1263 1014 ex
1279 987 1329 1014 ltoc
1346 987 1444 1021 quietis
1463 987 1535 1015 velut
1547 987 1672 1022 paradiso
1686 988 1799 1022 quodam
1812 993 1918 1017 extur-y

1120 1034 1189 1066 bari,
1201 1038 1282 1067 atque
1295 1033 1327 1060 ad
1345 1033 1511 1066 publicarunt
1521 1040 1611 1060 rerum
1627 1034 1903 1067 administrationem,

1120 1084 1159 1106 tot
1171 1080 1302 1106 molestiis
1322 1079 1460 1109 refertam,
1480 1083 1518 1106 tot
1536 1079 1676 1107 hominum
1690 1080 1770 1111 odiis,
1783 1080 1904 1107 invidia!-

1118 1133 1171 1160 que
1185 1127 1347 1160 expositam,
1365 1127 1448 1153 trahi.

1156 1170 1255 1197 Vel-unt
1279 1171 1397 1199 hominis
1416 1176 1457 1198 est
1481 1180 1548 1200 vere
1562 1171 1707 1199 Christiani
1723 1191 1731 1203 ,
1745 1179 1805 1198 cutn
1821 1171 1904 1198 Paulo

1119 1223 1251 1250 qtnerere,
1261 1223 1312 1242 non
1328 1217 1398 1250 quod
1411 1217 1473 1249 sibi,
1486 1218 1532 1244 sed
1546 1218 1617 1252 quod
1633 1217 1724 1244 multis
1740 1217 1808 1245 utile
1820 1222 1860 1244 Csl
1870 1218 1917 1249 ⁶⁷,η

1119 1269 1202 1296 seque
1218 1266 1303 1289 totunt
1330 1263 1486 1297 reipublicae
1512 1263 1672 1290 Christianae
1689 1264 1837 1290 commodis
1857 1265 1919 1294 de-.

1119 1315 1226 1334 vovere.
1241 1307 1328 1342 Atque
1344 1308 1407 1335 illttd
1429 1309 1495 1335 satis
1509 1309 1704 1337 animadvertit
1719 1309 1832 1343 insignis
1858 1314 1918 1336 tua.

1119 1353 1260 1387 prudentia
1275 1373 1282 1383 ,
1299 1353 1462 1388 multiplices
1489 1354 1548 1381 illas
1565 1355 1653 1381 omnis
1681 1356 1788 1388 generis
1814 1355 1917 1387 dotes,,

1118 1397 1216 1432 quibus
1230 1404 1255 1425 te
1272 1398 1401 1426 Dominus
1418 1401 1559 1426 exornavit
1573 1419 1581 1432 ,
1597 1407 1650 1426 non
1668 1400 1694 1426 itt
1714 1401 1765 1426 hoc
1780 1400 1827 1426 tibi
1845 1408 1903 1426 cre-

1119 1446 1188 1472 ditas
1203 1444 1298 1477 fuisse,
1312 1449 1340 1471 ut
1355 1453 1401 1472 eas
1418 1445 1459 1472 vel
1476 1446 1586 1472 sudario
1600 1447 1746 1473 obvolutus
1760 1454 1792 1473 ac
1805 1454 1900 1473 recon-

1118 1490 1187 1517 ditas
1212 1490 1330 1523 habeas,
1351 1490 1391 1517 vel
1409 1495 1488 1518 terra:
1513 1491 1646 1525 infodias;
1675 1493 1722 1519 sed
1748 1497 1777 1519 ιιι
1806 1500 1903 1526 magno

1119 1537 1222 1565 fmnore
1236 1546 1336 1572 augeas
1352 1539 1549 1573 etantplifices,
1570 1544 1651 1574 atque
1663 1543 1692 1566 ut
1710 1537 1848 1566 fabulosus
1860 1538 1917 1565 ille.

1118 1584 1192 1611 Atlas
1205 1578 1303 1612 coitum
1316 1604 1323 1617 ,
1341 1585 1381 1612 sic
1393 1589 1419 1612 tu
1437 1585 1601 1616 Ecclesium.
1618 1593 1677 1619 quae
1693 1593 1801 1620 regnum
1813 1611 1814 1614 η
1827 1585 1903 1612 calo-

1119 1636 1175 1655 rum
1195 1637 1208 1656 a
1228 1629 1335 1656 Christo
1356 1630 1533 1664 appellatur“
1555 1638 1666 1664 qumque
1683 1635 1709 1657 te
1725 1631 1750 1656 in
1763 1631 1903 1657 cardinum

1117 1682 1226 1702 suorum
1248 1683 1388 1702 numerum
1418 1677 1532 1708 ascivit,
1549 1684 1597 1712 pro
1617 1677 1687 1703 virili
1702 1681 1745 1703 tua
1763 1682 1839 1711 parte
1851 1676 1902 1703 ful-

1117 1721 1172 1748 cire
1187 1729 1218 1748 ac
1235 1722 1370 1749 sustinere
1380 1729 1468 1749 cures.
1484 1722 1510 1749 ld
1523 1723 1593 1757 quod
1607 1730 1672 1749 sane
1691 1730 1797 1749 summo
1812 1722 1901 1748 studio

1117 1767 1183 1794 facis
1197 1776 1204 1793 :
1218 1772 1244 1794 et
1257 1769 1319 1801 quia
1335 1767 1402 1795 facis
1417 1786 1424 1799 ,
1446 1769 1548 1795 idcirco
1571 1768 1756 1803 improborum
1782 1768 1903 1795 omnium

1116 1813 1175 1839 odia
1189 1813 1215 1839 in
1232 1819 1257 1839 te
1272 1814 1426 1841 concitasti.
1447 1814 1668 1849 Quolusquisque
1686 1814 1759 1841 enim
1771 1819 1812 1841 est
1824 1814 1903 1841 hodie

1116 1860 1210 1894 patria:
1234 1859 1349 1893 ﬁdeique
1374 1860 1480 1890 hostis.
1499 1861 1544 1895 qui
1569 1868 1621 1887 non
1641 1860 1721 1887 simul
1745 1866 1852 1894 quoque
1874 1863 1902 1885 te

1116 1906 1291 1933 arerbissinto
1306 1906 1369 1932 odio
1385 1906 1554 1933 insectetur?
1573 1906 1639 1939 Quis
1654 1905 1775 1933 famosus
1795 1905 1901 1932 libellus

1116 1951 1158 1978 ltis
1177 1959 1271 1978 novem
1288 1952 1366 1978 annis
1392 1952 1418 1978 in
1432 1951 1517 1979 lucent
1535 1952 1643 1986 prodiit,
1659 1951 1684 1978 in
1703 1959 1757 1986 qtto
1783 1951 1902 1978 nominis

1116 1997 1154 2023 tni
1165 1996 1236 2023 fama
1254 1997 1390 2031 perpetuis
1413 1997 1624 2032 frndissimisque
1645 1997 1777 2025 conviciis
1792 2005 1844 2024 non
1866 1997 1902 2024 sit

1114 2042 1255 2070 lacerata?
1277 2043 1438 2078 Quanquam
1455 2044 1521 2078 quid
1535 2044 1634 2071 mirutn
1651 2049 1676 2071 le
1691 2044 1834 2071 virulentis
1849 2043 1901 2070 lin-

1116 2089 1175 2122 guis
1185 2089 1250 2124 peti,
1261 2097 1322 2116 cum
1337 2094 1364 2116 et
1377 2089 1452 2117 Elias
1469 2090 1576 2118 lsraelis
1594 2091 1782 2124 perturbatur,
1797 2094 1824 2117 et
1836 2097 1901 2124 apo-

1116 2134 1176 2162 stoli
1191 2135 1343 2167 temulenti,
1358 2140 1385 2162 et
1402 2135 1501 2162 Paulus
1527 2136 1648 2167 insanus,
1664 2139 1691 2162 et
1706 2135 1901 2171 paterfamilias

1117 2179 1173 2213 ipse
1190 2179 1342 2206 Beelzebub
1358 2199 1365 2210 ,
1381 2180 1506 2214 appellati
1525 2181 1580 2208 sint
1594 2179 1605 2206 ἵ
1631 2180 1700 2213 Quid
1724 2185 1814 2206 autem
1830 2198 1838 2210 ,
1854 2186 1901 2213 per

1443 2225 1490 2252 tibi
1507 2226 1539 2252 ad
1560 2225 1664 2252 laudem
1682 2225 1816 2252 illustrius
1829 2224 1902 2251 acci-

1114 2269 1177 2296 dere
1187 2273 1279 2303 queat,
1295 2277 1376 2303 quant
1391 2270 1462 2304 quotl
1488 2270 1598 2298 eosdem
1616 2270 1708 2298 hostes
1727 2269 1822 2301 habes,
1834 2276 1902 2302 quos

1113 2315 1237 2343 Christus
1250 2335 1258 2347 ,
1273 2324 1340 2351 quos
1365 2316 1459 2349 religio
1473 2336 1481 2349 ,
1497 2325 1566 2351 quos
1589 2316 1675 2351 patria
1690 2336 1698 2348 ,
1713 2323 1781 2350 quos
1803 2321 1900 2342 omnes

1114 2362 1174 2388 boni
1188 2361 1199 2387 ?
1215 2362 1292 2394 Quod
1311 2362 1344 2388 iis
1363 2362 1502 2396 displiccs,
1517 2362 1616 2397 quibus
1630 2362 1736 2396 placere
1749 2368 1828 2388 nemo
1840 2361 1900 2388 sine

1114 2408 1225 2442 perfidia
1239 2409 1347 2443 possit?
1365 2408 1442 2441 Quod
1464 2409 1498 2436 ab
1517 2409 1550 2436 iis
1565 2409 1638 2436 omni
1654 2409 1837 2436 conviciorum
1855 2413 1900 2441 ge-

1115 2461 1180 2482 nere
1197 2454 1383 2489 proscinderis
1399 2474 1407 2487 ,
1428 2454 1472 2488 qui
1487 2454 1634 2482 Ecclesiam
1650 2454 1738 2488 prius.
1755 2452 1796 2479 vel
1813 2453 1900 2487 potius

1113 2500 1216 2535 seipsos
1231 2502 1264 2527 ab
1276 2500 1396 2528 Ecclesia
1411 2500 1574 2528 sciderunt?
1590 2500 1663 2533 Quos
1681 2504 1708 2526 tu
1724 2498 1826 2533 optima
1841 2497 1900 2523 lter-

1114 2546 1156 2573 cle
1169 2547 1274 2573 ratione
1287 2546 1438 2579 ulcisceris,
1452 2555 1513 2574 cum
1531 2546 1715 2581 impnrtssima
1735 2553 1832 2574 eorum
1845 2552 1900 2571 ma-

1110 2591 1206 2620 ledicta
1220 2594 1382 2625 contemnis,
1401 2593 1608 2627 teterrimasquc
1621 2592 1738 2627 linguas,
1754 2599 1814 2627 quae
1831 2591 1901 2618 bene

1112 2637 1182 2672 loqui
1199 2646 1251 2665 non
1268 2638 1432 2671 didicerunt,
1448 2638 1517 2665 male
1527 2638 1600 2672 loqui
1620 2638 1699 2666 sinis.
1717 2638 1899 2670 Disrumpuu-

1113 2688 1157 2710 tur
1167 2684 1238 2711 enim
1256 2685 1358 2716 miseri,
1373 2692 1433 2712 cum
1451 2689 1477 2711 te
1487 2684 1573 2711 nihilo
1589 2684 1675 2718 magis
1694 2690 1788 2710 eorum
1801 2681 1900 2709 calum-

1113 2728 1174 2761 niis,
1191 2737 1272 2764 qttattt
1294 2730 1455 2765 elephantos
1477 2730 1586 2757 Indicos
1610 2729 1727 2764 pulicum
1749 2727 1898 2758 morsibus.

1113 2775 1277 2803 contmoveri
1295 2775 1397 2803 vident.
1411 2775 1485 2804 Satis
1511 2782 1608 2810 graves
1631 2772 1793 2808 iniquissimi
1819 2772 1846 2799 in
1875 2775 1902 2798 te
