  <div class='ocr_page' id='page_1' title='image "/cluster/home/n/w/nwhite01/storage/ocr_20150623/35/njp.32101077772554/174.png"; bbox 0 0 2055 3130; ppageno 0'>
   <div class='ocr_carea' id='block_1_1' title="bbox 171 167 223 195">
    <p class='ocr_par' dir='ltr' id='par_1_1' title="bbox 171 167 223 195">
     <span class='ocr_line' id='line_1_1' title="bbox 171 167 223 195; baseline 0 0"><span class='ocrx_word' id='word_1_1' title='bbox 171 167 223 195; x_wconf 70' lang='lat'><strong>3‘29</strong></span> 
     </span>
    </p>
   </div>
   <div class='ocr_carea' id='block_1_2' title="bbox 707 162 1227 192">
    <p class='ocr_par' dir='ltr' id='par_1_2' title="bbox 707 162 1227 192">
     <span class='ocr_line' id='line_1_2' title="bbox 707 162 1227 192; baseline -0.004 0"><span class='ocrx_word' id='word_1_2' title='bbox 707 162 824 192; x_wconf 78' lang='lat' dir='ltr'><strong>JACOBI</strong></span> <span class='ocrx_word' id='word_1_3' title='bbox 842 164 943 192; x_wconf 84' lang='lat' dir='ltr'><strong>BlLLll</strong></span> <span class='ocrx_word' id='word_1_4' title='bbox 962 163 1227 192; x_wconf 62' lang='lat' dir='ltr'><strong>PREFATIONES.</strong></span> 
     </span>
    </p>
   </div>
   <div class='ocr_carea' id='block_1_3' title="bbox 1736 162 1789 186">
    <p class='ocr_par' dir='ltr' id='par_1_3' title="bbox 1736 162 1789 186">
     <span class='ocr_line' id='line_1_3' title="bbox 1736 162 1789 186; baseline 0 0"><span class='ocrx_word' id='word_1_5' title='bbox 1736 162 1789 186; x_wconf 73' lang='grc' dir='ltr'>ὂὶιυ</span> 
     </span>
    </p>
   </div>
   <div class='ocr_carea' id='block_1_4' title="bbox 171 217 1788 260">
    <p class='ocr_par' dir='ltr' id='par_1_4' title="bbox 171 217 1788 260">
     <span class='ocr_line' id='line_1_4' title="bbox 171 217 1788 260; baseline -0.006 -7"><span class='ocrx_word' id='word_1_6' title='bbox 171 225 226 253; x_wconf 85' lang='grc' dir='ltr'>οιΙίι</span> <span class='ocrx_word' id='word_1_7' title='bbox 245 231 339 259; x_wconf 71' lang='grc' dir='ltr'>ρωηιις</span> <span class='ocrx_word' id='word_1_8' title='bbox 351 223 482 260; x_wconf 90' lang='lat' dir='ltr'><strong>pendunt,</strong></span> <span class='ocrx_word' id='word_1_9' title='bbox 498 230 558 250; x_wconf 92' lang='lat' dir='ltr'><strong>eum</strong></span> <span class='ocrx_word' id='word_1_10' title='bbox 574 227 599 250; x_wconf 90' lang='lat' dir='ltr'><strong>te</strong></span> <span class='ocrx_word' id='word_1_11' title='bbox 613 242 621 255; x_wconf 93' lang='lat'><strong>,</strong></span> <span class='ocrx_word' id='word_1_12' title='bbox 635 229 714 257; x_wconf 85' lang='lat' dir='ltr'><strong>quem</strong></span> <span class='ocrx_word' id='word_1_13' title='bbox 729 223 762 250; x_wconf 90' lang='lat' dir='ltr'><strong>de</strong></span> <span class='ocrx_word' id='word_1_14' title='bbox 776 230 888 250; x_wconf 70' lang='lat' dir='ltr'><strong>summm</strong></span> <span class='ocrx_word' id='word_1_15' title='bbox 901 230 950 250; x_wconf 87' lang='lat' dir='ltr'><strong>au-</strong></span> <span class='ocrx_word' id='word_1_16' title='bbox 965 225 989 253; x_wconf 80' lang='grc' dir='ltr'><strong>Α</strong></span> <span class='ocrx_word' id='word_1_17' title='bbox 1002 222 1094 250; x_wconf 76' lang='lat' dir='ltr'><strong>Galliae</strong></span> <span class='ocrx_word' id='word_1_18' title='bbox 1118 222 1192 249; x_wconf 89' lang='lat' dir='ltr'><strong>sidus</strong></span> <span class='ocrx_word' id='word_1_19' title='bbox 1206 222 1407 249; x_wconf 89' lang='lat' dir='ltr'><strong>exstinxissent.</strong></span> <span class='ocrx_word' id='word_1_20' title='bbox 1422 220 1470 253; x_wconf 82' lang='lat' dir='ltr'><strong>Qui</strong></span> <span class='ocrx_word' id='word_1_21' title='bbox 1488 221 1510 247; x_wconf 86' lang='lat' dir='ltr'><strong>si</strong></span> <span class='ocrx_word' id='word_1_22' title='bbox 1526 219 1682 250; x_wconf 84' lang='lat' dir='ltr'><strong>cothurnus,</strong></span> <span class='ocrx_word' id='word_1_23' title='bbox 1698 219 1720 245; x_wconf 86' lang='lat' dir='ltr'><strong>si</strong></span> <span class='ocrx_word' id='word_1_24' title='bbox 1737 217 1788 245; x_wconf 81' lang='lat' dir='ltr'><strong>Eu-</strong></span> 
     </span>
    </p>
   </div>
   <div class='ocr_carea' id='block_1_5' title="bbox 173 268 956 306">
    <p class='ocr_par' dir='ltr' id='par_1_5' title="bbox 173 268 956 306">
     <span class='ocr_line' id='line_1_5' title="bbox 173 268 956 306; baseline -0.003 -8"><span class='ocrx_word' id='word_1_25' title='bbox 173 271 305 298; x_wconf 82' lang='lat' dir='ltr'><strong>ctoritatis</strong></span> <span class='ocrx_word' id='word_1_26' title='bbox 320 270 404 306; x_wconf 83' lang='lat' dir='ltr'><strong>gradu</strong></span> <span class='ocrx_word' id='word_1_27' title='bbox 420 269 548 304; x_wconf 86' lang='lat' dir='ltr'><strong>dejicere,</strong></span> <span class='ocrx_word' id='word_1_28' title='bbox 563 273 644 303; x_wconf 88' lang='lat' dir='ltr'><strong>atque</strong></span> <span class='ocrx_word' id='word_1_29' title='bbox 659 269 786 296; x_wconf 90' lang='lat' dir='ltr'><strong>omnibus</strong></span> <span class='ocrx_word' id='word_1_30' title='bbox 803 268 956 296; x_wconf 87' lang='lat' dir='ltr'><strong>hominibus</strong></span> 
     </span>
    </p>
   </div>
   <div class='ocr_carea' id='block_1_6' title="bbox 173 313 955 347">
    <p class='ocr_par' dir='ltr' id='par_1_6' title="bbox 173 313 955 347">
     <span class='ocr_line' id='line_1_6' title="bbox 173 313 955 347; baseline -0.003 -4"><span class='ocrx_word' id='word_1_31' title='bbox 173 317 289 344; x_wconf 88' lang='lat' dir='ltr'><strong>invisum</strong></span> <span class='ocrx_word' id='word_1_32' title='bbox 303 316 416 343; x_wconf 84' lang='lat' dir='ltr'><strong>reddere</strong></span> <span class='ocrx_word' id='word_1_33' title='bbox 439 315 530 346; x_wconf 74' lang='lat' dir='ltr'><strong>conati</strong></span> <span class='ocrx_word' id='word_1_34' title='bbox 546 320 608 342; x_wconf 88' lang='lat' dir='ltr'><strong>sunt</strong></span> <span class='ocrx_word' id='word_1_35' title='bbox 620 335 627 346; x_wconf 92' lang='lat'><strong>,</strong></span> <span class='ocrx_word' id='word_1_36' title='bbox 643 319 670 341; x_wconf 93' lang='lat' dir='ltr'><strong>et</strong></span> <span class='ocrx_word' id='word_1_37' title='bbox 693 319 768 342; x_wconf 90' lang='lat' dir='ltr'><strong>stare</strong></span> <span class='ocrx_word' id='word_1_38' title='bbox 794 318 821 341; x_wconf 93' lang='lat' dir='ltr'><strong>et</strong></span> <span class='ocrx_word' id='word_1_39' title='bbox 836 313 935 341; x_wconf 80' lang='lat' dir='ltr'><strong>florere</strong></span> <span class='ocrx_word' id='word_1_40' title='bbox 947 335 955 347; x_wconf 96' lang='lat'><strong>,</strong></span> 
     </span>
    </p>
   </div>
   <div class='ocr_carea' id='block_1_7' title="bbox 173 359 956 397">
    <p class='ocr_par' dir='ltr' id='par_1_7' title="bbox 173 359 956 397">
     <span class='ocr_line' id='line_1_7' title="bbox 173 359 956 397; baseline -0.001 -8"><span class='ocrx_word' id='word_1_41' title='bbox 173 362 297 397; x_wconf 84' lang='lat' dir='ltr'><strong>quodque</strong></span> <span class='ocrx_word' id='word_1_42' title='bbox 312 361 461 388; x_wconf 82' lang='lat' dir='ltr'><strong>Palladium</strong></span> <span class='ocrx_word' id='word_1_43' title='bbox 476 360 583 394; x_wconf 73' lang='lat' dir='ltr'><strong>Trojze,</strong></span> <span class='ocrx_word' id='word_1_44' title='bbox 609 360 634 387; x_wconf 88' lang='lat' dir='ltr'><strong>id</strong></span> <span class='ocrx_word' id='word_1_45' title='bbox 661 364 687 387; x_wconf 85' lang='lat' dir='ltr'><strong>te</strong></span> <span class='ocrx_word' id='word_1_46' title='bbox 709 359 831 387; x_wconf 75' lang='lat' dir='ltr'><strong>Francia:</strong></span> <span class='ocrx_word' id='word_1_47' title='bbox 856 363 956 388; x_wconf 77' lang='lat' dir='ltr'><strong>nostra:</strong></span> 
     </span>
    </p>
   </div>
   <div class='ocr_carea' id='block_1_8' title="bbox 173 407 435 441">
    <p class='ocr_par' dir='ltr' id='par_1_8' title="bbox 173 407 435 441">
     <span class='ocr_line' id='line_1_8' title="bbox 173 407 435 441; baseline -0.004 -7"><span class='ocrx_word' id='word_1_48' title='bbox 173 414 234 434; x_wconf 86' lang='lat' dir='ltr'><strong>esse</strong></span> <span class='ocrx_word' id='word_1_49' title='bbox 249 407 435 441; x_wconf 87' lang='lat' dir='ltr'><strong>conspiciunt.</strong></span> 
     </span>
    </p>
   </div>
   <div class='ocr_carea' id='block_1_9' title="bbox 208 452 948 487">
    <p class='ocr_par' dir='ltr' id='par_1_9' title="bbox 208 452 948 487">
     <span class='ocr_line' id='line_1_9' title="bbox 208 452 948 487; baseline 0.001 -9"><span class='ocrx_word' id='word_1_50' title='bbox 208 452 338 485; x_wconf 83' lang='lat' dir='ltr'><strong>Quocirca</strong></span> <span class='ocrx_word' id='word_1_51' title='bbox 351 452 453 479; x_wconf 90' lang='lat' dir='ltr'><strong>noctuis</strong></span> <span class='ocrx_word' id='word_1_52' title='bbox 467 452 537 485; x_wconf 91' lang='lat' dir='ltr'><strong>istis,</strong></span> <span class='ocrx_word' id='word_1_53' title='bbox 550 459 619 486; x_wconf 63' lang='lat' dir='ltr'><strong>quae,</strong></span> <span class='ocrx_word' id='word_1_54' title='bbox 632 452 758 486; x_wconf 86' lang='lat' dir='ltr'><strong>quoniam</strong></span> <span class='ocrx_word' id='word_1_55' title='bbox 773 453 842 480; x_wconf 87' lang='lat' dir='ltr'><strong>male</strong></span> <span class='ocrx_word' id='word_1_56' title='bbox 855 457 948 487; x_wconf 82' lang='lat' dir='ltr'><strong>agunt,</strong></span> 
     </span>
    </p>
   </div>
   <div class='ocr_carea' id='block_1_10' title="bbox 174 497 958 528">
    <p class='ocr_par' dir='ltr' id='par_1_10' title="bbox 174 497 958 528">
     <span class='ocr_line' id='line_1_10' title="bbox 174 497 958 528; baseline 0.001 -4"><span class='ocrx_word' id='word_1_57' title='bbox 174 497 270 524; x_wconf 89' lang='lat' dir='ltr'><strong>merito</strong></span> <span class='ocrx_word' id='word_1_58' title='bbox 290 497 375 524; x_wconf 85' lang='lat' dir='ltr'><strong>lucem</strong></span> <span class='ocrx_word' id='word_1_59' title='bbox 391 497 522 528; x_wconf 86' lang='lat' dir='ltr'><strong>oderunt,</strong></span> <span class='ocrx_word' id='word_1_60' title='bbox 546 505 596 524; x_wconf 89' lang='lat' dir='ltr'><strong>nec</strong></span> <span class='ocrx_word' id='word_1_61' title='bbox 621 498 672 524; x_wconf 89' lang='lat' dir='ltr'><strong>nisi</strong></span> <span class='ocrx_word' id='word_1_62' title='bbox 697 497 724 525; x_wconf 92' lang='lat' dir='ltr'><strong>in</strong></span> <span class='ocrx_word' id='word_1_63' title='bbox 747 498 866 526; x_wconf 82' lang='lat' dir='ltr'><strong>tenebris</strong></span> <span class='ocrx_word' id='word_1_64' title='bbox 887 507 958 525; x_wconf 87' lang='lat' dir='ltr'><strong>mor-</strong></span> 
     </span>
    </p>
   </div>
   <div class='ocr_carea' id='block_1_11' title="bbox 174 543 958 578">
    <p class='ocr_par' dir='ltr' id='par_1_11' title="bbox 174 543 958 578">
     <span class='ocr_line' id='line_1_11' title="bbox 174 543 958 578; baseline 0.001 -7"><span class='ocrx_word' id='word_1_65' title='bbox 174 545 251 576; x_wconf 91' lang='lat' dir='ltr'><strong>dent,</strong></span> <span class='ocrx_word' id='word_1_66' title='bbox 274 543 336 571; x_wconf 92' lang='lat' dir='ltr'><strong>forti</strong></span> <span class='ocrx_word' id='word_1_67' title='bbox 365 543 456 570; x_wconf 82' lang='lat' dir='ltr'><strong>animo</strong></span> <span class='ocrx_word' id='word_1_68' title='bbox 481 544 653 577; x_wconf 83' lang='lat' dir='ltr'><strong>contemptis,</strong></span> <span class='ocrx_word' id='word_1_69' title='bbox 670 543 697 570; x_wconf 91' lang='lat' dir='ltr'><strong>in</strong></span> <span class='ocrx_word' id='word_1_70' title='bbox 717 544 899 578; x_wconf 88' lang='lat' dir='ltr'><strong>pulcherrimo</strong></span> <span class='ocrx_word' id='word_1_71' title='bbox 924 551 958 572; x_wconf 86' lang='lat' dir='ltr'><strong>eo</strong></span> 
     </span>
    </p>
   </div>
   <div class='ocr_carea' id='block_1_12' title="bbox 174 589 957 625">
    <p class='ocr_par' dir='ltr' id='par_1_12' title="bbox 174 589 957 625">
     <span class='ocr_line' id='line_1_12' title="bbox 174 589 957 625; baseline -0.001 -8"><span class='ocrx_word' id='word_1_72' title='bbox 174 597 295 621; x_wconf 89' lang='lat' dir='ltr'><strong>munere,</strong></span> <span class='ocrx_word' id='word_1_73' title='bbox 306 589 376 624; x_wconf 86' lang='lat' dir='ltr'><strong>quod</strong></span> <span class='ocrx_word' id='word_1_74' title='bbox 394 589 453 621; x_wconf 92' lang='lat' dir='ltr'><strong>tibi,</strong></span> <span class='ocrx_word' id='word_1_75' title='bbox 467 593 593 623; x_wconf 78' lang='lat' dir='ltr'><strong>tanquam</strong></span> <span class='ocrx_word' id='word_1_76' title='bbox 613 590 708 624; x_wconf 67' lang='lat' dir='ltr'><strong>paeoni,</strong></span> <span class='ocrx_word' id='word_1_77' title='bbox 723 589 851 625; x_wconf 82' lang='lat' dir='ltr'><strong>languens</strong></span> <span class='ocrx_word' id='word_1_78' title='bbox 868 591 957 624; x_wconf 86' lang='lat' dir='ltr'><strong>patria</strong></span> 
     </span>
    </p>
   </div>
   <div class='ocr_carea' id='block_1_13' title="bbox 174 633 957 669">
    <p class='ocr_par' dir='ltr' id='par_1_13' title="bbox 174 633 957 669">
     <span class='ocr_line' id='line_1_13' title="bbox 174 633 957 669; baseline 0 -7"><span class='ocrx_word' id='word_1_79' title='bbox 174 635 312 669; x_wconf 87' lang='lat' dir='ltr'><strong>imposuit,</strong></span> <span class='ocrx_word' id='word_1_80' title='bbox 325 638 479 662; x_wconf 83' lang='lat' dir='ltr'><strong>constanter</strong></span> <span class='ocrx_word' id='word_1_81' title='bbox 490 641 642 669; x_wconf 87' lang='lat' dir='ltr'><strong>persevera.</strong></span> <span class='ocrx_word' id='word_1_82' title='bbox 656 633 767 662; x_wconf 78' lang='lat' dir='ltr'><strong>Medicis</strong></span> <span class='ocrx_word' id='word_1_83' title='bbox 780 635 834 662; x_wconf 87' lang='lat' dir='ltr'><strong>illis</strong></span> <span class='ocrx_word' id='word_1_84' title='bbox 845 635 957 667; x_wconf 89' lang='lat' dir='ltr'><strong>obsiste,</strong></span> 
     </span>
    </p>
   </div>
   <div class='ocr_carea' id='block_1_14' title="bbox 174 678 958 714">
    <p class='ocr_par' dir='ltr' id='par_1_14' title="bbox 174 678 958 714">
     <span class='ocr_line' id='line_1_14' title="bbox 174 678 958 714; baseline 0.001 -7"><span class='ocrx_word' id='word_1_85' title='bbox 174 680 218 714; x_wconf 91' lang='lat' dir='ltr'><strong>qui</strong></span> <span class='ocrx_word' id='word_1_86' title='bbox 241 687 294 707; x_wconf 85' lang='lat' dir='ltr'><strong>non</strong></span> <span class='ocrx_word' id='word_1_87' title='bbox 314 684 367 706; x_wconf 92' lang='lat' dir='ltr'><strong>tam</strong></span> <span class='ocrx_word' id='word_1_88' title='bbox 386 678 537 712; x_wconf 83' lang='lat' dir='ltr'><strong>imperitia,</strong></span> <span class='ocrx_word' id='word_1_89' title='bbox 563 686 643 713; x_wconf 90' lang='lat' dir='ltr'><strong>quam</strong></span> <span class='ocrx_word' id='word_1_90' title='bbox 660 680 772 713; x_wconf 88' lang='lat' dir='ltr'><strong>malitia,</strong></span> <span class='ocrx_word' id='word_1_91' title='bbox 789 680 885 708; x_wconf 87' lang='lat' dir='ltr'><strong>vulnus</strong></span> <span class='ocrx_word' id='word_1_92' title='bbox 909 688 958 708; x_wconf 86' lang='lat' dir='ltr'><strong>no-</strong></span> 
     </span>
    </p>
   </div>
   <div class='ocr_carea' id='block_1_15' title="bbox 174 726 959 760">
    <p class='ocr_par' dir='ltr' id='par_1_15' title="bbox 174 726 959 760">
     <span class='ocr_line' id='line_1_15' title="bbox 174 726 959 760; baseline 0.001 -8"><span class='ocrx_word' id='word_1_93' title='bbox 174 731 260 752; x_wconf 91' lang='lat' dir='ltr'><strong>strum</strong></span> <span class='ocrx_word' id='word_1_94' title='bbox 284 726 402 752; x_wconf 89' lang='lat' dir='ltr'><strong>nondum</strong></span> <span class='ocrx_word' id='word_1_95' title='bbox 425 729 602 760; x_wconf 83' lang='lat' dir='ltr'><strong>suppuratum</strong></span> <span class='ocrx_word' id='word_1_96' title='bbox 626 733 657 752; x_wconf 84' lang='lat' dir='ltr'><strong>ac</strong></span> <span class='ocrx_word' id='word_1_97' title='bbox 674 730 866 760; x_wconf 84' lang='lat' dir='ltr'><strong>percuratum,</strong></span> <span class='ocrx_word' id='word_1_98' title='bbox 884 726 959 753; x_wconf 86' lang='lat' dir='ltr'><strong>cica-</strong></span> 
     </span>
    </p>
   </div>
   <div class='ocr_carea' id='block_1_16' title="bbox 175 770 958 806">
    <p class='ocr_par' dir='ltr' id='par_1_16' title="bbox 175 770 958 806">
     <span class='ocr_line' id='line_1_16' title="bbox 175 770 958 806; baseline 0 -8"><span class='ocrx_word' id='word_1_99' title='bbox 175 771 242 798; x_wconf 85' lang='lat' dir='ltr'><strong>trice</strong></span> <span class='ocrx_word' id='word_1_100' title='bbox 264 770 398 798; x_wconf 90' lang='lat' dir='ltr'><strong>obducere</strong></span> <span class='ocrx_word' id='word_1_101' title='bbox 422 771 557 803; x_wconf 80' lang='lat' dir='ltr'><strong>nituntur,</strong></span> <span class='ocrx_word' id='word_1_102' title='bbox 582 778 614 797; x_wconf 89' lang='lat' dir='ltr'><strong>ac</strong></span> <span class='ocrx_word' id='word_1_103' title='bbox 637 771 728 798; x_wconf 90' lang='lat' dir='ltr'><strong>cinere</strong></span> <span class='ocrx_word' id='word_1_104' title='bbox 750 772 843 798; x_wconf 91' lang='lat' dir='ltr'><strong>doloso</strong></span> <span class='ocrx_word' id='word_1_105' title='bbox 872 772 958 806; x_wconf 80' lang='lat' dir='ltr'><strong>ignem</strong></span> 
     </span>
    </p>
   </div>
   <div class='ocr_carea' id='block_1_17' title="bbox 174 816 959 852">
    <p class='ocr_par' dir='ltr' id='par_1_17' title="bbox 174 816 959 852">
     <span class='ocr_line' id='line_1_17' title="bbox 174 816 959 852; baseline 0.001 -9"><span class='ocrx_word' id='word_1_106' title='bbox 174 817 309 851; x_wconf 76' lang='lat' dir='ltr'><strong>obtegere,</strong></span> <span class='ocrx_word' id='word_1_107' title='bbox 330 824 383 852; x_wconf 92' lang='lat' dir='ltr'><strong>quo</strong></span> <span class='ocrx_word' id='word_1_108' title='bbox 399 824 460 844; x_wconf 92' lang='lat' dir='ltr'><strong>mox</strong></span> <span class='ocrx_word' id='word_1_109' title='bbox 491 820 545 843; x_wconf 87' lang='lat' dir='ltr'><strong>tota</strong></span> <span class='ocrx_word' id='word_1_110' title='bbox 564 816 651 843; x_wconf 81' lang='lat' dir='ltr'><strong>Gallia</strong></span> <span class='ocrx_word' id='word_1_111' title='bbox 677 824 772 844; x_wconf 88' lang='lat' dir='ltr'><strong>rursus</strong></span> <span class='ocrx_word' id='word_1_112' title='bbox 787 817 959 844; x_wconf 84' lang='lat' dir='ltr'><strong>exardescat.</strong></span> 
     </span>
    </p>
   </div>
   <div class='ocr_carea' id='block_1_18' title="bbox 174 863 959 902">
    <p class='ocr_par' dir='ltr' id='par_1_18' title="bbox 174 863 959 902">
     <span class='ocr_line' id='line_1_18' title="bbox 174 863 959 902; baseline 0 -12"><span class='ocrx_word' id='word_1_113' title='bbox 174 863 340 890; x_wconf 79' lang='lat' dir='ltr'><strong>Chananzeos</strong></span> <span class='ocrx_word' id='word_1_114' title='bbox 365 863 391 890; x_wconf 92' lang='lat' dir='ltr'><strong>in</strong></span> <span class='ocrx_word' id='word_1_115' title='bbox 409 863 497 890; x_wconf 87' lang='lat' dir='ltr'><strong>medio</strong></span> <span class='ocrx_word' id='word_1_116' title='bbox 525 863 630 890; x_wconf 87' lang='lat' dir='ltr'><strong>lsraelis</strong></span> <span class='ocrx_word' id='word_1_117' title='bbox 655 863 808 902; x_wconf 57' lang='lat' dir='ltr'><strong>habitantes</strong></span> <span class='ocrx_word' id='word_1_118' title='bbox 835 863 959 890; x_wconf 87' lang='lat' dir='ltr'><strong>observa.</strong></span> 
     </span>
    </p>
   </div>
   <div class='ocr_carea' id='block_1_19' title="bbox 174 897 998 942">
    <p class='ocr_par' dir='ltr' id='par_1_19' title="bbox 174 897 998 942">
     <span class='ocr_line' id='line_1_19' title="bbox 174 897 998 942; baseline -0.001 -7"><span class='ocrx_word' id='word_1_119' title='bbox 174 907 275 935; x_wconf 88' lang='lat' dir='ltr'><strong>Bonum</strong></span> <span class='ocrx_word' id='word_1_120' title='bbox 291 912 429 936; x_wconf 83' lang='lat' dir='ltr'><strong>certamen</strong></span> <span class='ocrx_word' id='word_1_121' title='bbox 447 913 522 935; x_wconf 90' lang='lat' dir='ltr'><strong>certa</strong></span> <span class='ocrx_word' id='word_1_122' title='bbox 534 908 556 924; x_wconf 78' lang='lat'><strong><em>“</em></strong></span> <span class='ocrx_word' id='word_1_123' title='bbox 570 915 577 934; x_wconf 91' lang='lat'>:</span> <span class='ocrx_word' id='word_1_124' title='bbox 594 915 682 942; x_wconf 87' lang='lat' dir='ltr'><strong>pugna</strong></span> <span class='ocrx_word' id='word_1_125' title='bbox 699 897 823 940; x_wconf 84' lang='lat' dir='ltr'><strong>consilio,</strong></span> <span class='ocrx_word' id='word_1_126' title='bbox 841 907 960 935; x_wconf 88' lang='lat' dir='ltr'><strong>auctori-</strong></span> <span class='ocrx_word' id='word_1_127' title='bbox 977 897 998 924; x_wconf 72' lang='grc' dir='ltr'><strong>Β</strong></span> 
     </span>
    </p>
   </div>
   <div class='ocr_carea' id='block_1_20' title="bbox 174 954 961 989">
    <p class='ocr_par' dir='ltr' id='par_1_20' title="bbox 174 954 961 989">
     <span class='ocr_line' id='line_1_20' title="bbox 174 954 961 989; baseline 0 -8"><span class='ocrx_word' id='word_1_128' title='bbox 174 958 240 987; x_wconf 85' lang='lat' dir='ltr'><strong>tate,</strong></span> <span class='ocrx_word' id='word_1_129' title='bbox 258 954 353 989; x_wconf 92' lang='lat' dir='ltr'><strong>opibus</strong></span> <span class='ocrx_word' id='word_1_130' title='bbox 377 954 515 986; x_wconf 81' lang='lat' dir='ltr'><strong>omnibus,</strong></span> <span class='ocrx_word' id='word_1_131' title='bbox 541 954 671 981; x_wconf 90' lang='lat' dir='ltr'><strong>adversus</strong></span> <span class='ocrx_word' id='word_1_132' title='bbox 688 961 745 986; x_wconf 84' lang='lat' dir='ltr'><strong>eos,</strong></span> <span class='ocrx_word' id='word_1_133' title='bbox 770 954 817 989; x_wconf 88' lang='lat' dir='ltr'><strong>qui</strong></span> <span class='ocrx_word' id='word_1_134' title='bbox 843 958 883 981; x_wconf 87' lang='lat' dir='ltr'><strong>tot</strong></span> <span class='ocrx_word' id='word_1_135' title='bbox 906 954 961 989; x_wconf 89' lang='lat' dir='ltr'><strong>jam</strong></span> 
     </span>
    </p>
   </div>
   <div class='ocr_carea' id='block_1_21' title="bbox 175 1000 959 1035">
    <p class='ocr_par' dir='ltr' id='par_1_21' title="bbox 175 1000 959 1035">
     <span class='ocr_line' id='line_1_21' title="bbox 175 1000 959 1035; baseline -0.001 -7"><span class='ocrx_word' id='word_1_136' title='bbox 175 1000 295 1028; x_wconf 78' lang='lat' dir='ltr'><strong>cladibus</strong></span> <span class='ocrx_word' id='word_1_137' title='bbox 316 1000 432 1035; x_wconf 85' lang='lat' dir='ltr'><strong>patriam</strong></span> <span class='ocrx_word' id='word_1_138' title='bbox 461 1000 627 1033; x_wconf 81' lang='lat' dir='ltr'><strong>affecerunt,</strong></span> <span class='ocrx_word' id='word_1_139' title='bbox 650 1004 680 1026; x_wconf 91' lang='lat' dir='ltr'><strong>ut</strong></span> <span class='ocrx_word' id='word_1_140' title='bbox 699 1000 819 1027; x_wconf 68' lang='lat' dir='ltr'><strong>stultitia:</strong></span> <span class='ocrx_word' id='word_1_141' title='bbox 839 1000 874 1027; x_wconf 87' lang='lat' dir='ltr'><strong>sit</strong></span> <span class='ocrx_word' id='word_1_142' title='bbox 897 1008 959 1034; x_wconf 87' lang='lat' dir='ltr'><strong>spc-</strong></span> 
     </span>
    </p>
   </div>
   <div class='ocr_carea' id='block_1_22' title="bbox 174 1036 957 1080">
    <p class='ocr_par' dir='ltr' id='par_1_22' title="bbox 174 1036 957 1080">
     <span class='ocr_line' id='line_1_22' title="bbox 174 1036 957 1080; baseline -0.001 -7"><span class='ocrx_word' id='word_1_143' title='bbox 174 1053 246 1077; x_wconf 82' lang='lat' dir='ltr'><strong>rare,</strong></span> <span class='ocrx_word' id='word_1_144' title='bbox 272 1036 412 1074; x_wconf 27' lang='lat' dir='ltr'><strong>iishsalvis</strong></span> <span class='ocrx_word' id='word_1_145' title='bbox 440 1045 633 1080; x_wconf 84' lang='lat' dir='ltr'><strong>rempublicam</strong></span> <span class='ocrx_word' id='word_1_146' title='bbox 659 1045 761 1073; x_wconf 88' lang='lat' dir='ltr'><strong>salvam</strong></span> <span class='ocrx_word' id='word_1_147' title='bbox 779 1052 839 1072; x_wconf 86' lang='lat' dir='ltr'><strong>esse</strong></span> <span class='ocrx_word' id='word_1_148' title='bbox 867 1052 957 1079; x_wconf 88' lang='lat' dir='ltr'><strong>posse.</strong></span> 
     </span>
    </p>
   </div>
   <div class='ocr_carea' id='block_1_23' title="bbox 175 1091 961 1127">
    <p class='ocr_par' dir='ltr' id='par_1_23' title="bbox 175 1091 961 1127">
     <span class='ocr_line' id='line_1_23' title="bbox 175 1091 961 1127; baseline -0.003 -8"><span class='ocrx_word' id='word_1_149' title='bbox 175 1092 299 1121; x_wconf 80' lang='lat' dir='ltr'><strong>Maneant</strong></span> <span class='ocrx_word' id='word_1_150' title='bbox 320 1093 365 1127; x_wconf 91' lang='lat' dir='ltr'><strong>qui</strong></span> <span class='ocrx_word' id='word_1_151' title='bbox 392 1092 481 1119; x_wconf 89' lang='lat' dir='ltr'><strong>volent</strong></span> <span class='ocrx_word' id='word_1_152' title='bbox 508 1093 535 1119; x_wconf 92' lang='lat' dir='ltr'><strong>in</strong></span> <span class='ocrx_word' id='word_1_153' title='bbox 554 1091 681 1125; x_wconf 79' lang='lat' dir='ltr'><strong>Siceleg,</strong></span> <span class='ocrx_word' id='word_1_154' title='bbox 706 1091 856 1118; x_wconf 85' lang='lat' dir='ltr'><strong>subsistant</strong></span> <span class='ocrx_word' id='word_1_155' title='bbox 880 1091 961 1118; x_wconf 90' lang='lat' dir='ltr'><strong>etiam</strong></span> 
     </span>
    </p>
   </div>
   <div class='ocr_carea' id='block_1_24' title="bbox 175 1134 960 1173">
    <p class='ocr_par' dir='ltr' id='par_1_24' title="bbox 175 1134 960 1173">
     <span class='ocr_line' id='line_1_24' title="bbox 175 1134 960 1173; baseline -0.006 -8"><span class='ocrx_word' id='word_1_156' title='bbox 175 1137 262 1173; x_wconf 83' lang='lat' dir='ltr'><strong>ignavi</strong></span> <span class='ocrx_word' id='word_1_157' title='bbox 282 1137 318 1165; x_wconf 88' lang='lat' dir='ltr'><strong>ad</strong></span> <span class='ocrx_word' id='word_1_158' title='bbox 339 1136 460 1165; x_wconf 86' lang='lat' dir='ltr'><strong>sarcinas</strong></span> <span class='ocrx_word' id='word_1_159' title='bbox 479 1145 485 1163; x_wconf 91' lang='lat'><strong>:</strong></span> <span class='ocrx_word' id='word_1_160' title='bbox 512 1139 539 1163; x_wconf 92' lang='lat' dir='ltr'><strong>tu</strong></span> <span class='ocrx_word' id='word_1_161' title='bbox 565 1143 616 1163; x_wconf 89' lang='lat' dir='ltr'><strong>nec</strong></span> <span class='ocrx_word' id='word_1_162' title='bbox 636 1134 722 1163; x_wconf 91' lang='lat' dir='ltr'><strong>oculis</strong></span> <span class='ocrx_word' id='word_1_163' title='bbox 739 1135 793 1162; x_wconf 87' lang='lat' dir='ltr'><strong>tuis</strong></span> <span class='ocrx_word' id='word_1_164' title='bbox 818 1142 960 1166; x_wconf 86' lang='lat' dir='ltr'><strong>somnum,</strong></span> 
     </span>
    </p>
   </div>
   <div class='ocr_carea' id='block_1_25' title="bbox 175 1179 962 1219">
    <p class='ocr_par' dir='ltr' id='par_1_25' title="bbox 175 1179 962 1219">
     <span class='ocr_line' id='line_1_25' title="bbox 175 1179 962 1219; baseline -0.008 -7"><span class='ocrx_word' id='word_1_165' title='bbox 175 1192 225 1212; x_wconf 87' lang='lat' dir='ltr'><strong>nec</strong></span> <span class='ocrx_word' id='word_1_166' title='bbox 245 1183 380 1219; x_wconf 89' lang='lat' dir='ltr'><strong>palpebris</strong></span> <span class='ocrx_word' id='word_1_167' title='bbox 398 1182 617 1210; x_wconf 86' lang='lat' dir='ltr'><strong>dormitationem</strong></span> <span class='ocrx_word' id='word_1_168' title='bbox 645 1181 720 1216; x_wconf 88' lang='lat' dir='ltr'><strong>prius</strong></span> <span class='ocrx_word' id='word_1_169' title='bbox 742 1181 806 1207; x_wconf 87' lang='lat' dir='ltr'><strong>dato</strong></span> <span class='ocrx_word' id='word_1_170' title='bbox 820 1179 855 1212; x_wconf 89' lang='lat'><strong>&quot;°,</strong></span> <span class='ocrx_word' id='word_1_171' title='bbox 879 1187 962 1214; x_wconf 88' lang='lat' dir='ltr'><strong>quam</strong></span> 
     </span>
    </p>
   </div>
   <div class='ocr_carea' id='block_1_26' title="bbox 175 1226 960 1262">
    <p class='ocr_par' dir='ltr' id='par_1_26' title="bbox 175 1226 960 1262">
     <span class='ocr_line' id='line_1_26' title="bbox 175 1226 960 1262; baseline -0.008 -4"><span class='ocrx_word' id='word_1_172' title='bbox 175 1237 235 1258; x_wconf 91' lang='lat' dir='ltr'><strong>cum</strong></span> <span class='ocrx_word' id='word_1_173' title='bbox 254 1229 354 1256; x_wconf 88' lang='lat' dir='ltr'><strong>Davide</strong></span> <span class='ocrx_word' id='word_1_174' title='bbox 372 1228 548 1260; x_wconf 84' lang='lat' dir='ltr'><strong>Amalecitas,</strong></span> <span class='ocrx_word' id='word_1_175' title='bbox 572 1227 649 1262; x_wconf 80' lang='lat' dir='ltr'><strong>regni</strong></span> <span class='ocrx_word' id='word_1_176' title='bbox 667 1226 760 1261; x_wconf 87' lang='lat' dir='ltr'><strong>spoliis</strong></span> <span class='ocrx_word' id='word_1_177' title='bbox 782 1226 960 1258; x_wconf 81' lang='lat' dir='ltr'><strong>exsultantes,</strong></span> 
     </span>
    </p>
   </div>
   <div class='ocr_carea' id='block_1_27' title="bbox 175 1270 962 1307">
    <p class='ocr_par' dir='ltr' id='par_1_27' title="bbox 175 1270 962 1307">
     <span class='ocr_line' id='line_1_27' title="bbox 175 1270 962 1307; baseline -0.006 -6"><span class='ocrx_word' id='word_1_178' title='bbox 175 1279 313 1301; x_wconf 80' lang='lat' dir='ltr'><strong>assecutus</strong></span> <span class='ocrx_word' id='word_1_179' title='bbox 327 1273 411 1301; x_wconf 84' lang='lat' dir='ltr'><strong>fueris</strong></span> <span class='ocrx_word' id='word_1_180' title='bbox 422 1273 456 1306; x_wconf 80' lang='grc' dir='ltr'><strong>τι,</strong></span> <span class='ocrx_word' id='word_1_181' title='bbox 473 1278 554 1307; x_wconf 90' lang='lat' dir='ltr'><strong>atque</strong></span> <span class='ocrx_word' id='word_1_182' title='bbox 569 1272 605 1299; x_wconf 88' lang='lat' dir='ltr'><strong>ita</strong></span> <span class='ocrx_word' id='word_1_183' title='bbox 627 1272 752 1306; x_wconf 70' lang='lat' dir='ltr'><strong>fregeris,</strong></span> <span class='ocrx_word' id='word_1_184' title='bbox 764 1275 792 1298; x_wconf 88' lang='lat' dir='ltr'><strong>ut</strong></span> <span class='ocrx_word' id='word_1_185' title='bbox 807 1278 859 1297; x_wconf 94' lang='lat' dir='ltr'><strong>non</strong></span> <span class='ocrx_word' id='word_1_186' title='bbox 877 1270 962 1297; x_wconf 86' lang='lat' dir='ltr'><strong>levem</strong></span> 
     </span>
    </p>
   </div>
   <div class='ocr_carea' id='block_1_28' title="bbox 175 1315 960 1354">
    <p class='ocr_par' dir='ltr' id='par_1_28' title="bbox 175 1315 960 1354">
     <span class='ocr_line' id='line_1_28' title="bbox 175 1315 960 1354; baseline -0.006 -7"><span class='ocrx_word' id='word_1_187' title='bbox 175 1325 278 1347; x_wconf 82' lang='lat' dir='ltr'><strong>tantum</strong></span> <span class='ocrx_word' id='word_1_188' title='bbox 303 1319 377 1354; x_wconf 86' lang='lat' dir='ltr'><strong>pacis</strong></span> <span class='ocrx_word' id='word_1_189' title='bbox 399 1319 521 1346; x_wconf 90' lang='lat' dir='ltr'><strong>umbram</strong></span> <span class='ocrx_word' id='word_1_190' title='bbox 542 1322 570 1345; x_wconf 89' lang='lat' dir='ltr'><strong>et</strong></span> <span class='ocrx_word' id='word_1_191' title='bbox 593 1318 673 1344; x_wconf 90' lang='lat' dir='ltr'><strong>inane</strong></span> <span class='ocrx_word' id='word_1_192' title='bbox 697 1316 893 1350; x_wconf 82' lang='lat' dir='ltr'><strong>simulacrum,</strong></span> <span class='ocrx_word' id='word_1_193' title='bbox 912 1315 960 1343; x_wconf 90' lang='lat' dir='ltr'><strong>sed</strong></span> 
     </span>
    </p>
   </div>
   <div class='ocr_carea' id='block_1_29' title="bbox 174 1363 715 1399">
    <p class='ocr_par' dir='ltr' id='par_1_29' title="bbox 174 1363 715 1399">
     <span class='ocr_line' id='line_1_29' title="bbox 174 1363 715 1399; baseline -0.004 -7"><span class='ocrx_word' id='word_1_194' title='bbox 174 1373 266 1393; x_wconf 82' lang='lat' dir='ltr'><strong>veram</strong></span> <span class='ocrx_word' id='word_1_195' title='bbox 280 1373 312 1392; x_wconf 90' lang='lat' dir='ltr'><strong>ac</strong></span> <span class='ocrx_word' id='word_1_196' title='bbox 326 1365 438 1393; x_wconf 86' lang='lat' dir='ltr'><strong>solidam</strong></span> <span class='ocrx_word' id='word_1_197' title='bbox 459 1371 551 1399; x_wconf 91' lang='lat' dir='ltr'><strong>pacem</strong></span> <span class='ocrx_word' id='word_1_198' title='bbox 567 1363 715 1391; x_wconf 83' lang='lat' dir='ltr'><strong>videamus.</strong></span> 
     </span>
    </p>
   </div>
   <div class='ocr_carea' id='block_1_30' title="bbox 211 1408 960 1446">
    <p class='ocr_par' dir='ltr' id='par_1_30' title="bbox 211 1408 960 1446">
     <span class='ocr_line' id='line_1_30' title="bbox 211 1408 960 1446; baseline -0.004 -8"><span class='ocrx_word' id='word_1_199' title='bbox 211 1411 265 1438; x_wconf 84' lang='lat' dir='ltr'><strong>Sed</strong></span> <span class='ocrx_word' id='word_1_200' title='bbox 281 1411 344 1446; x_wconf 84' lang='lat' dir='ltr'><strong>quid</strong></span> <span class='ocrx_word' id='word_1_201' title='bbox 363 1418 412 1444; x_wconf 77' lang='lat' dir='ltr'><strong>ego</strong></span> <span class='ocrx_word' id='word_1_202' title='bbox 431 1411 488 1438; x_wconf 56' lang='lat' dir='ltr'><strong>haec</strong></span> <span class='ocrx_word' id='word_1_203' title='bbox 509 1411 542 1437; x_wconf 90' lang='lat' dir='ltr'><strong>ad</strong></span> <span class='ocrx_word' id='word_1_204' title='bbox 561 1410 603 1437; x_wconf 80' lang='lat' dir='ltr'><strong>te?</strong></span> <span class='ocrx_word' id='word_1_205' title='bbox 628 1408 711 1442; x_wconf 82' lang='lat' dir='ltr'><strong>Quasi</strong></span> <span class='ocrx_word' id='word_1_206' title='bbox 728 1416 794 1436; x_wconf 82' lang='lat' dir='ltr'><strong>vero</strong></span> <span class='ocrx_word' id='word_1_207' title='bbox 817 1413 864 1435; x_wconf 89' lang='lat' dir='ltr'><strong>aut</strong></span> <span class='ocrx_word' id='word_1_208' title='bbox 890 1416 960 1441; x_wconf 82' lang='lat' dir='ltr'><strong>mea,</strong></span> 
     </span>
    </p>
   </div>
   <div class='ocr_carea' id='block_1_31' title="bbox 175 1454 962 1491">
    <p class='ocr_par' dir='ltr' id='par_1_31' title="bbox 175 1454 962 1491">
     <span class='ocr_line' id='line_1_31' title="bbox 175 1454 962 1491; baseline -0.004 -8"><span class='ocrx_word' id='word_1_209' title='bbox 175 1461 222 1484; x_wconf 80' lang='lat' dir='ltr'><strong>aut</strong></span> <span class='ocrx_word' id='word_1_210' title='bbox 241 1457 399 1491; x_wconf 81' lang='lat' dir='ltr'><strong>cujusquam</strong></span> <span class='ocrx_word' id='word_1_211' title='bbox 423 1455 608 1482; x_wconf 84' lang='lat' dir='ltr'><strong>cohortatione</strong></span> <span class='ocrx_word' id='word_1_212' title='bbox 633 1461 700 1488; x_wconf 90' lang='lat' dir='ltr'><strong>opus</strong></span> <span class='ocrx_word' id='word_1_213' title='bbox 720 1454 829 1485; x_wconf 81' lang='lat' dir='ltr'><strong>habeas,</strong></span> <span class='ocrx_word' id='word_1_214' title='bbox 855 1454 900 1488; x_wconf 90' lang='lat' dir='ltr'><strong>qui</strong></span> <span class='ocrx_word' id='word_1_215' title='bbox 919 1459 962 1481; x_wconf 91' lang='lat' dir='ltr'><strong>tua</strong></span> 
     </span>
    </p>
   </div>
   <div class='ocr_carea' id='block_1_32' title="bbox 175 1492 961 1538">
    <p class='ocr_par' dir='ltr' id='par_1_32' title="bbox 175 1492 961 1538">
     <span class='ocr_line' id='line_1_32' title="bbox 175 1492 961 1538; baseline -0.005 -8"><span class='ocrx_word' id='word_1_216' title='bbox 175 1492 270 1538; x_wconf 77' lang='lat' dir='ltr'><strong>sponte</strong></span> <span class='ocrx_word' id='word_1_217' title='bbox 289 1503 387 1534; x_wconf 87' lang='lat' dir='ltr'><strong>curris,</strong></span> <span class='ocrx_word' id='word_1_218' title='bbox 410 1505 436 1529; x_wconf 90' lang='lat' dir='ltr'><strong>et</strong></span> <span class='ocrx_word' id='word_1_219' title='bbox 457 1506 486 1528; x_wconf 95' lang='lat' dir='ltr'><strong>ut</strong></span> <span class='ocrx_word' id='word_1_220' title='bbox 503 1507 591 1527; x_wconf 66' lang='lat' dir='ltr'><strong>vacem</strong></span> <span class='ocrx_word' id='word_1_221' title='bbox 614 1499 665 1527; x_wconf 70' lang='lat' dir='ltr'><strong>illa:</strong></span> <span class='ocrx_word' id='word_1_222' title='bbox 690 1499 851 1531; x_wconf 66' lang='lat' dir='ltr'><strong>Palaestinrc,</strong></span> <span class='ocrx_word' id='word_1_223' title='bbox 868 1506 961 1527; x_wconf 89' lang='lat' dir='ltr'><strong>arcam</strong></span> 
     </span>
    </p>
   </div>
   <div class='ocr_carea' id='block_1_33' title="bbox 176 1545 960 1584">
    <p class='ocr_par' dir='ltr' id='par_1_33' title="bbox 176 1545 960 1584">
     <span class='ocr_line' id='line_1_33' title="bbox 176 1545 960 1584; baseline -0.008 -7"><span class='ocrx_word' id='word_1_224' title='bbox 176 1550 225 1578; x_wconf 87' lang='lat' dir='ltr'><strong>Dei</strong></span> <span class='ocrx_word' id='word_1_225' title='bbox 247 1553 394 1584; x_wconf 82' lang='lat' dir='ltr'><strong>gestantes,</strong></span> <span class='ocrx_word' id='word_1_226' title='bbox 412 1549 439 1575; x_wconf 96' lang='lat' dir='ltr'><strong>in</strong></span> <span class='ocrx_word' id='word_1_227' title='bbox 460 1547 589 1575; x_wconf 88' lang='lat' dir='ltr'><strong>directum</strong></span> <span class='ocrx_word' id='word_1_228' title='bbox 607 1546 738 1580; x_wconf 82' lang='lat' dir='ltr'><strong>graderis,</strong></span> <span class='ocrx_word' id='word_1_229' title='bbox 761 1552 811 1572; x_wconf 89' lang='lat' dir='ltr'><strong>nec</strong></span> <span class='ocrx_word' id='word_1_230' title='bbox 836 1545 868 1571; x_wconf 79' lang='lat' dir='ltr'><strong>ad</strong></span> <span class='ocrx_word' id='word_1_231' title='bbox 895 1545 960 1572; x_wconf 78' lang='lat' dir='ltr'><strong>dex-</strong></span> 
     </span>
    </p>
   </div>
   <div class='ocr_carea' id='block_1_34' title="bbox 176 1591 961 1624">
    <p class='ocr_par' dir='ltr' id='par_1_34' title="bbox 176 1591 961 1624">
     <span class='ocr_line' id='line_1_34' title="bbox 176 1591 961 1624; baseline -0.009 0"><span class='ocrx_word' id='word_1_232' title='bbox 176 1600 243 1624; x_wconf 82' lang='lat' dir='ltr'><strong>tram</strong></span> <span class='ocrx_word' id='word_1_233' title='bbox 259 1601 306 1622; x_wconf 88' lang='lat' dir='ltr'><strong>aut</strong></span> <span class='ocrx_word' id='word_1_234' title='bbox 327 1595 464 1623; x_wconf 83' lang='lat' dir='ltr'><strong>sinistram</strong></span> <span class='ocrx_word' id='word_1_235' title='bbox 489 1593 663 1621; x_wconf 79' lang='lat' dir='ltr'><strong>declinas&quot;:</strong></span> <span class='ocrx_word' id='word_1_236' title='bbox 689 1591 715 1619; x_wconf 94' lang='lat' dir='ltr'><strong>in</strong></span> <span class='ocrx_word' id='word_1_237' title='bbox 734 1591 785 1618; x_wconf 90' lang='lat' dir='ltr'><strong>hoc</strong></span> <span class='ocrx_word' id='word_1_238' title='bbox 807 1595 880 1618; x_wconf 88' lang='lat' dir='ltr'><strong>certe</strong></span> <span class='ocrx_word' id='word_1_239' title='bbox 899 1599 961 1618; x_wconf 78' lang='lat' dir='ltr'><strong>cum</strong></span> 
     </span>
    </p>
   </div>
   <div class='ocr_carea' id='block_1_35' title="bbox 175 1637 959 1671">
    <p class='ocr_par' dir='ltr' id='par_1_35' title="bbox 175 1637 959 1671">
     <span class='ocr_line' id='line_1_35' title="bbox 175 1637 959 1671; baseline -0.008 -3"><span class='ocrx_word' id='word_1_240' title='bbox 175 1640 242 1668; x_wconf 86' lang='lat' dir='ltr'><strong>alios</strong></span> <span class='ocrx_word' id='word_1_241' title='bbox 254 1647 348 1668; x_wconf 85' lang='lat' dir='ltr'><strong>omnes</strong></span> <span class='ocrx_word' id='word_1_242' title='bbox 364 1639 461 1666; x_wconf 80' lang='lat' dir='ltr'><strong>fratres</strong></span> <span class='ocrx_word' id='word_1_243' title='bbox 478 1642 538 1665; x_wconf 79' lang='lat' dir='ltr'><strong>tuos</strong></span> <span class='ocrx_word' id='word_1_244' title='bbox 552 1637 719 1665; x_wconf 86' lang='lat' dir='ltr'><strong>clarissimos</strong></span> <span class='ocrx_word' id='word_1_245' title='bbox 733 1637 881 1671; x_wconf 88' lang='lat' dir='ltr'><strong>principes,</strong></span> <span class='ocrx_word' id='word_1_246' title='bbox 903 1641 959 1663; x_wconf 90' lang='lat' dir='ltr'><strong>tum</strong></span> 
     </span>
    </p>
   </div>
   <div class='ocr_carea' id='block_1_36' title="bbox 176 1681 964 1722">
    <p class='ocr_par' dir='ltr' id='par_1_36' title="bbox 176 1681 964 1722">
     <span class='ocr_line' id='line_1_36' title="bbox 176 1681 964 1722; baseline -0.006 -9"><span class='ocrx_word' id='word_1_247' title='bbox 176 1686 325 1722; x_wconf 63' lang='lat' dir='ltr'><strong>praesertim</strong></span> <span class='ocrx_word' id='word_1_248' title='bbox 339 1684 576 1719; x_wconf 86' lang='lat' dir='ltr'><strong>incomparabilem</strong></span> <span class='ocrx_word' id='word_1_249' title='bbox 593 1684 667 1710; x_wconf 91' lang='lat' dir='ltr'><strong>illum</strong></span> <span class='ocrx_word' id='word_1_250' title='bbox 681 1684 802 1714; x_wconf 89' lang='lat' dir='ltr'><strong>heroem,</strong></span> <span class='ocrx_word' id='word_1_251' title='bbox 817 1682 883 1708; x_wconf 84' lang='lat' dir='ltr'><strong>illud</strong></span> <span class='ocrx_word' id='word_1_252' title='bbox 900 1681 964 1709; x_wconf 87' lang='lat' dir='ltr'><strong>belli</strong></span> 
     </span>
    </p>
   </div>
   <div class='ocr_carea' id='block_1_37' title="bbox 176 1727 962 1763">
    <p class='ocr_par' dir='ltr' id='par_1_37' title="bbox 176 1727 962 1763">
     <span class='ocr_line' id='line_1_37' title="bbox 176 1727 962 1763; baseline -0.008 -4"><span class='ocrx_word' id='word_1_253' title='bbox 176 1732 287 1763; x_wconf 79' lang='lat' dir='ltr'><strong>fulmen,</strong></span> <span class='ocrx_word' id='word_1_254' title='bbox 313 1731 386 1758; x_wconf 90' lang='lat' dir='ltr'><strong>illum</strong></span> <span class='ocrx_word' id='word_1_255' title='bbox 411 1730 519 1758; x_wconf 86' lang='lat' dir='ltr'><strong>lsraelis</strong></span> <span class='ocrx_word' id='word_1_256' title='bbox 542 1737 650 1756; x_wconf 91' lang='lat' dir='ltr'><strong>currum</strong></span> <span class='ocrx_word' id='word_1_257' title='bbox 673 1734 701 1756; x_wconf 90' lang='lat' dir='ltr'><strong>et</strong></span> <span class='ocrx_word' id='word_1_258' title='bbox 718 1728 839 1763; x_wconf 81' lang='lat' dir='ltr'><strong>aurigam</strong></span> <span class='ocrx_word' id='word_1_259' title='bbox 850 1727 884 1760; x_wconf 81' lang='lat'><strong>&quot;,</strong></span> <span class='ocrx_word' id='word_1_260' title='bbox 913 1728 962 1754; x_wconf 90' lang='lat' dir='ltr'><strong>do-</strong></span> 
     </span>
    </p>
   </div>
   <div class='ocr_carea' id='block_1_38' title="bbox 176 1774 962 1813">
    <p class='ocr_par' dir='ltr' id='par_1_38' title="bbox 176 1774 962 1813">
     <span class='ocr_line' id='line_1_38' title="bbox 176 1774 962 1813; baseline -0.006 -7"><span class='ocrx_word' id='word_1_261' title='bbox 176 1785 290 1813; x_wconf 88' lang='lat' dir='ltr'><strong>musque</strong></span> <span class='ocrx_word' id='word_1_262' title='bbox 310 1778 356 1805; x_wconf 90' lang='lat' dir='ltr'><strong>Dei</strong></span> <span class='ocrx_word' id='word_1_263' title='bbox 375 1784 480 1804; x_wconf 91' lang='lat' dir='ltr'><strong>murum</strong></span> <span class='ocrx_word' id='word_1_264' title='bbox 504 1776 575 1804; x_wconf 86' lang='lat' dir='ltr'><strong>haud</strong></span> <span class='ocrx_word' id='word_1_265' title='bbox 593 1775 674 1803; x_wconf 85' lang='lat' dir='ltr'><strong>dubie</strong></span> <span class='ocrx_word' id='word_1_266' title='bbox 698 1774 866 1802; x_wconf 74' lang='lat' dir='ltr'><strong>aheneum&quot;</strong></span> <span class='ocrx_word' id='word_1_267' title='bbox 891 1774 962 1801; x_wconf 83' lang='lat' dir='ltr'><strong>refe-</strong></span> 
     </span>
    </p>
   </div>
   <div class='ocr_carea' id='block_1_39' title="bbox 178 1819 962 1858">
    <p class='ocr_par' dir='ltr' id='par_1_39' title="bbox 178 1819 962 1858">
     <span class='ocr_line' id='line_1_39' title="bbox 178 1819 962 1858; baseline -0.006 -7"><span class='ocrx_word' id='word_1_268' title='bbox 178 1831 251 1857; x_wconf 82' lang='lat' dir='ltr'><strong>rens,</strong></span> <span class='ocrx_word' id='word_1_269' title='bbox 276 1823 417 1856; x_wconf 81' lang='lat' dir='ltr'><strong>Martium,</strong></span> <span class='ocrx_word' id='word_1_270' title='bbox 444 1823 570 1858; x_wconf 86' lang='lat' dir='ltr'><strong>inquam,</strong></span> <span class='ocrx_word' id='word_1_271' title='bbox 591 1821 666 1848; x_wconf 91' lang='lat' dir='ltr'><strong>illum</strong></span> <span class='ocrx_word' id='word_1_272' title='bbox 691 1820 889 1852; x_wconf 87' lang='lat' dir='ltr'><strong>Franciscum,</strong></span> <span class='ocrx_word' id='word_1_273' title='bbox 914 1819 962 1854; x_wconf 90' lang='lat' dir='ltr'><strong>qui</strong></span> 
     </span>
    </p>
   </div>
   <div class='ocr_carea' id='block_1_40' title="bbox 177 1867 961 1904">
    <p class='ocr_par' dir='ltr' id='par_1_40' title="bbox 177 1867 961 1904">
     <span class='ocr_line' id='line_1_40' title="bbox 177 1867 961 1904; baseline -0.006 -6"><span class='ocrx_word' id='word_1_274' title='bbox 177 1870 258 1898; x_wconf 78' lang='lat' dir='ltr'><strong>simul</strong></span> <span class='ocrx_word' id='word_1_275' title='bbox 277 1875 305 1898; x_wconf 87' lang='lat' dir='ltr'><strong>et</strong></span> <span class='ocrx_word' id='word_1_276' title='bbox 329 1870 436 1897; x_wconf 90' lang='lat' dir='ltr'><strong>Domini</strong></span> <span class='ocrx_word' id='word_1_277' title='bbox 450 1874 478 1897; x_wconf 90' lang='lat' dir='ltr'><strong>et</strong></span> <span class='ocrx_word' id='word_1_278' title='bbox 502 1869 575 1904; x_wconf 87' lang='lat' dir='ltr'><strong>regis</strong></span> <span class='ocrx_word' id='word_1_279' title='bbox 594 1869 634 1896; x_wconf 92' lang='lat' dir='ltr'><strong>sui</strong></span> <span class='ocrx_word' id='word_1_280' title='bbox 656 1867 748 1902; x_wconf 63' lang='lat' dir='ltr'><strong>praelia</strong></span> <span class='ocrx_word' id='word_1_281' title='bbox 778 1867 961 1902; x_wconf 68' lang='lat' dir='ltr'><strong>praeliabatur,</strong></span> 
     </span>
    </p>
   </div>
   <div class='ocr_carea' id='block_1_41' title="bbox 177 1912 960 1952">
    <p class='ocr_par' dir='ltr' id='par_1_41' title="bbox 177 1912 960 1952">
     <span class='ocr_line' id='line_1_41' title="bbox 177 1912 960 1952; baseline -0.005 -8"><span class='ocrx_word' id='word_1_282' title='bbox 177 1917 265 1952; x_wconf 84' lang='lat' dir='ltr'><strong>aquila</strong></span> <span class='ocrx_word' id='word_1_283' title='bbox 280 1916 408 1949; x_wconf 82' lang='lat' dir='ltr'><strong>velocior,</strong></span> <span class='ocrx_word' id='word_1_284' title='bbox 427 1916 505 1943; x_wconf 86' lang='lat' dir='ltr'><strong>leone</strong></span> <span class='ocrx_word' id='word_1_285' title='bbox 524 1915 630 1946; x_wconf 88' lang='lat' dir='ltr'><strong>fortior,</strong></span> <span class='ocrx_word' id='word_1_286' title='bbox 645 1921 712 1948; x_wconf 89' lang='lat' dir='ltr'><strong>rupe</strong></span> <span class='ocrx_word' id='word_1_287' title='bbox 734 1913 847 1946; x_wconf 78' lang='lat' dir='ltr'><strong>(iratior,</strong></span> <span class='ocrx_word' id='word_1_288' title='bbox 864 1912 960 1947; x_wconf 90' lang='lat' dir='ltr'><strong>plenus</strong></span> 
     </span>
    </p>
   </div>
   <div class='ocr_carea' id='block_1_42' title="bbox 177 1958 958 1996">
    <p class='ocr_par' dir='ltr' id='par_1_42' title="bbox 177 1958 958 1996">
     <span class='ocr_line' id='line_1_42' title="bbox 177 1958 958 1996; baseline -0.008 -6"><span class='ocrx_word' id='word_1_289' title='bbox 177 1962 298 1990; x_wconf 81' lang='lat' dir='ltr'><strong>victoriis</strong></span> <span class='ocrx_word' id='word_1_290' title='bbox 311 1970 342 1990; x_wconf 86' lang='lat' dir='ltr'><strong>ac</strong></span> <span class='ocrx_word' id='word_1_291' title='bbox 359 1961 513 1996; x_wconf 89' lang='lat' dir='ltr'><strong>triumphis.</strong></span> <span class='ocrx_word' id='word_1_292' title='bbox 531 1960 613 1994; x_wconf 83' lang='lat' dir='ltr'><strong>Cujus</strong></span> <span class='ocrx_word' id='word_1_293' title='bbox 637 1960 689 1986; x_wconf 84' lang='lat' dir='ltr'><strong>nisi</strong></span> <span class='ocrx_word' id='word_1_294' title='bbox 713 1958 858 1994; x_wconf 82' lang='lat' dir='ltr'><strong>singularis</strong></span> <span class='ocrx_word' id='word_1_295' title='bbox 882 1965 958 1992; x_wconf 63' lang='lat' dir='ltr'><strong>qua:—</strong></span> 
     </span>
    </p>
   </div>
   <div class='ocr_carea' id='block_1_43' title="bbox 177 2004 960 2043">
    <p class='ocr_par' dir='ltr' id='par_1_43' title="bbox 177 2004 960 2043">
     <span class='ocr_line' id='line_1_43' title="bbox 177 2004 960 2043; baseline -0.008 -7"><span class='ocrx_word' id='word_1_296' title='bbox 177 2009 238 2036; x_wconf 77' lang='lat' dir='ltr'><strong>d’am</strong></span> <span class='ocrx_word' id='word_1_297' title='bbox 253 2015 284 2036; x_wconf 84' lang='lat' dir='ltr'><strong>ac</strong></span> <span class='ocrx_word' id='word_1_298' title='bbox 305 2016 387 2043; x_wconf 90' lang='lat' dir='ltr'><strong>prope</strong></span> <span class='ocrx_word' id='word_1_299' title='bbox 401 2008 492 2036; x_wconf 88' lang='lat' dir='ltr'><strong>divina</strong></span> <span class='ocrx_word' id='word_1_300' title='bbox 515 2007 601 2034; x_wconf 89' lang='lat' dir='ltr'><strong>virtus</strong></span> <span class='ocrx_word' id='word_1_301' title='bbox 629 2005 815 2033; x_wconf 85' lang='lat' dir='ltr'><strong>incredibilem</strong></span> <span class='ocrx_word' id='word_1_302' title='bbox 837 2004 960 2032; x_wconf 85' lang='lat' dir='ltr'><strong>hostibus</strong></span> 
     </span>
    </p>
   </div>
   <div class='ocr_carea' id='block_1_44' title="bbox 178 2050 961 2088">
    <p class='ocr_par' dir='ltr' id='par_1_44' title="bbox 178 2050 961 2088">
     <span class='ocr_line' id='line_1_44' title="bbox 178 2050 961 2088; baseline -0.006 -6"><span class='ocrx_word' id='word_1_303' title='bbox 178 2059 307 2083; x_wconf 84' lang='lat' dir='ltr'><strong>terrorem</strong></span> <span class='ocrx_word' id='word_1_304' title='bbox 336 2054 486 2086; x_wconf 88' lang='lat' dir='ltr'><strong>attulisset,</strong></span> <span class='ocrx_word' id='word_1_305' title='bbox 522 2060 661 2088; x_wconf 83' lang='lat' dir='ltr'><strong>nunquam</strong></span> <span class='ocrx_word' id='word_1_306' title='bbox 685 2059 750 2079; x_wconf 89' lang='lat' dir='ltr'><strong>sane</strong></span> <span class='ocrx_word' id='word_1_307' title='bbox 777 2056 830 2078; x_wconf 90' lang='lat' dir='ltr'><strong>tam</strong></span> <span class='ocrx_word' id='word_1_308' title='bbox 856 2050 961 2078; x_wconf 78' lang='lat' dir='ltr'><strong>nefario</strong></span> 
     </span>
    </p>
   </div>
   <div class='ocr_carea' id='block_1_45' title="bbox 177 2096 961 2135">
    <p class='ocr_par' dir='ltr' id='par_1_45' title="bbox 177 2096 961 2135">
     <span class='ocr_line' id='line_1_45' title="bbox 177 2096 961 2135; baseline -0.006 -7"><span class='ocrx_word' id='word_1_309' title='bbox 177 2101 320 2135; x_wconf 86' lang='lat' dir='ltr'><strong>parricidio</strong></span> <span class='ocrx_word' id='word_1_310' title='bbox 346 2108 406 2128; x_wconf 85' lang='lat' dir='ltr'><strong>sese</strong></span> <span class='ocrx_word' id='word_1_311' title='bbox 424 2099 627 2132; x_wconf 85' lang='lat' dir='ltr'><strong>devinxisseut,</strong></span> <span class='ocrx_word' id='word_1_312' title='bbox 656 2105 706 2125; x_wconf 87' lang='lat' dir='ltr'><strong>nec</strong></span> <span class='ocrx_word' id='word_1_313' title='bbox 733 2097 812 2125; x_wconf 84' lang='lat' dir='ltr'><strong>toties</strong></span> <span class='ocrx_word' id='word_1_314' title='bbox 841 2096 961 2124; x_wconf 86' lang='lat' dir='ltr'><strong>salutare</strong></span> 
     </span>
    </p>
   </div>
   <div class='ocr_carea' id='block_1_46' title="bbox 1007 265 1790 302">
    <p class='ocr_par' dir='ltr' id='par_1_46' title="bbox 1007 265 1790 302">
     <span class='ocr_line' id='line_1_46' title="bbox 1007 265 1790 302; baseline -0.006 -7"><span class='ocrx_word' id='word_1_315' title='bbox 1007 268 1090 302; x_wconf 89' lang='lat' dir='ltr'><strong>ripus,</strong></span> <span class='ocrx_word' id='word_1_316' title='bbox 1107 268 1130 294; x_wconf 88' lang='lat' dir='ltr'><strong>si</strong></span> <span class='ocrx_word' id='word_1_317' title='bbox 1149 267 1260 294; x_wconf 84' lang='lat' dir='ltr'><strong>Proteus</strong></span> <span class='ocrx_word' id='word_1_318' title='bbox 1283 266 1424 301; x_wconf 88' lang='lat' dir='ltr'><strong>quispiam,</strong></span> <span class='ocrx_word' id='word_1_319' title='bbox 1449 270 1495 293; x_wconf 88' lang='lat' dir='ltr'><strong>aut</strong></span> <span class='ocrx_word' id='word_1_320' title='bbox 1513 265 1617 292; x_wconf 89' lang='lat' dir='ltr'><strong>arundo</strong></span> <span class='ocrx_word' id='word_1_321' title='bbox 1633 269 1714 291; x_wconf 86' lang='lat' dir='ltr'><strong>vento</strong></span> <span class='ocrx_word' id='word_1_322' title='bbox 1737 265 1790 299; x_wconf 82' lang='lat' dir='ltr'><strong>agi-</strong></span> 
     </span>
    </p>
   </div>
   <div class='ocr_carea' id='block_1_47' title="bbox 1009 309 1789 346">
    <p class='ocr_par' dir='ltr' id='par_1_47' title="bbox 1009 309 1789 346">
     <span class='ocr_line' id='line_1_47' title="bbox 1009 309 1789 346; baseline -0.004 -6"><span class='ocrx_word' id='word_1_323' title='bbox 1009 318 1062 340; x_wconf 87' lang='lat' dir='ltr'><strong>tata</strong></span> <span class='ocrx_word' id='word_1_324' title='bbox 1074 314 1097 329; x_wconf 86' lang='grc'><strong>⁷⁸</strong></span> <span class='ocrx_word' id='word_1_325' title='bbox 1115 313 1281 344; x_wconf 87' lang='lat' dir='ltr'><strong>exstitisset,</strong></span> <span class='ocrx_word' id='word_1_326' title='bbox 1303 313 1406 340; x_wconf 87' lang='lat' dir='ltr'><strong>viveret</strong></span> <span class='ocrx_word' id='word_1_327' title='bbox 1430 312 1537 346; x_wconf 82' lang='lat' dir='ltr'><strong>quidem</strong></span> <span class='ocrx_word' id='word_1_328' title='bbox 1562 311 1651 338; x_wconf 87' lang='lat' dir='ltr'><strong>adhuc</strong></span> <span class='ocrx_word' id='word_1_329' title='bbox 1673 309 1789 337; x_wconf 72' lang='lat' dir='ltr'><strong>fortasse</strong></span> 
     </span>
    </p>
   </div>
   <div class='ocr_carea' id='block_1_48' title="bbox 1008 357 1789 392">
    <p class='ocr_par' dir='ltr' id='par_1_48' title="bbox 1008 357 1789 392">
     <span class='ocr_line' id='line_1_48' title="bbox 1008 357 1789 392; baseline -0.004 -6"><span class='ocrx_word' id='word_1_330' title='bbox 1008 359 1034 386; x_wconf 95' lang='lat' dir='ltr'><strong>in</strong></span> <span class='ocrx_word' id='word_1_331' title='bbox 1051 360 1102 387; x_wconf 91' lang='lat' dir='ltr'><strong>hoc</strong></span> <span class='ocrx_word' id='word_1_332' title='bbox 1119 359 1193 386; x_wconf 59' lang='lat' dir='ltr'><strong>faecis</strong></span> <span class='ocrx_word' id='word_1_333' title='bbox 1211 359 1276 390; x_wconf 87' lang='lat' dir='ltr'><strong>luto.</strong></span> <span class='ocrx_word' id='word_1_334' title='bbox 1294 359 1340 386; x_wconf 85' lang='lat' dir='ltr'><strong>sed</strong></span> <span class='ocrx_word' id='word_1_335' title='bbox 1357 359 1442 392; x_wconf 86' lang='lat' dir='ltr'><strong>turpis</strong></span> <span class='ocrx_word' id='word_1_336' title='bbox 1463 362 1490 384; x_wconf 90' lang='lat' dir='ltr'><strong>et</strong></span> <span class='ocrx_word' id='word_1_337' title='bbox 1506 357 1645 392; x_wconf 81' lang='lat' dir='ltr'><strong>inglorius,</strong></span> <span class='ocrx_word' id='word_1_338' title='bbox 1661 362 1688 384; x_wconf 88' lang='lat' dir='ltr'><strong>et</strong></span> <span class='ocrx_word' id='word_1_339' title='bbox 1705 361 1734 384; x_wconf 92' lang='lat' dir='ltr'><strong>ut</strong></span> <span class='ocrx_word' id='word_1_340' title='bbox 1751 357 1789 383; x_wconf 90' lang='lat' dir='ltr'><strong>illi</strong></span> 
     </span>
    </p>
   </div>
   <div class='ocr_carea' id='block_1_49' title="bbox 1008 403 1788 438">
    <p class='ocr_par' dir='ltr' id='par_1_49' title="bbox 1008 403 1788 438">
     <span class='ocr_line' id='line_1_49' title="bbox 1008 403 1788 438; baseline 0 -8"><span class='ocrx_word' id='word_1_341' title='bbox 1008 404 1052 438; x_wconf 91' lang='lat' dir='ltr'><strong>qui</strong></span> <span class='ocrx_word' id='word_1_342' title='bbox 1067 404 1148 431; x_wconf 90' lang='lat' dir='ltr'><strong>vitam</strong></span> <span class='ocrx_word' id='word_1_343' title='bbox 1165 412 1240 431; x_wconf 87' lang='lat' dir='ltr'><strong>suam</strong></span> <span class='ocrx_word' id='word_1_344' title='bbox 1256 405 1281 431; x_wconf 91' lang='lat' dir='ltr'><strong>in</strong></span> <span class='ocrx_word' id='word_1_345' title='bbox 1297 404 1394 431; x_wconf 88' lang='lat' dir='ltr'><strong>mundo</strong></span> <span class='ocrx_word' id='word_1_346' title='bbox 1409 403 1521 438; x_wconf 86' lang='lat' dir='ltr'><strong>diligere</strong></span> <span class='ocrx_word' id='word_1_347' title='bbox 1537 403 1650 435; x_wconf 84' lang='lat' dir='ltr'><strong>malunt,</strong></span> <span class='ocrx_word' id='word_1_348' title='bbox 1667 411 1746 437; x_wconf 90' lang='lat' dir='ltr'><strong>quam</strong></span> <span class='ocrx_word' id='word_1_349' title='bbox 1763 403 1788 430; x_wconf 86' lang='lat' dir='ltr'><strong>in</strong></span> 
     </span>
    </p>
   </div>
   <div class='ocr_carea' id='block_1_50' title="bbox 1007 449 1789 483">
    <p class='ocr_par' dir='ltr' id='par_1_50' title="bbox 1007 449 1789 483">
     <span class='ocr_line' id='line_1_50' title="bbox 1007 449 1789 483; baseline 0.001 -8"><span class='ocrx_word' id='word_1_350' title='bbox 1007 449 1088 476; x_wconf 87' lang='lat' dir='ltr'><strong>vitam</strong></span> <span class='ocrx_word' id='word_1_351' title='bbox 1112 454 1238 476; x_wconf 66' lang='lat' dir='ltr'><strong>aeternam</strong></span> <span class='ocrx_word' id='word_1_352' title='bbox 1262 449 1442 476; x_wconf 80' lang='lat' dir='ltr'><strong>custodire&quot;.</strong></span> <span class='ocrx_word' id='word_1_353' title='bbox 1460 449 1535 482; x_wconf 87' lang='lat' dir='ltr'><strong>Quod</strong></span> <span class='ocrx_word' id='word_1_354' title='bbox 1557 449 1619 483; x_wconf 84' lang='lat' dir='ltr'><strong>quia</strong></span> <span class='ocrx_word' id='word_1_355' title='bbox 1644 456 1695 476; x_wconf 88' lang='lat' dir='ltr'><strong>non</strong></span> <span class='ocrx_word' id='word_1_356' title='bbox 1723 449 1789 482; x_wconf 85' lang='lat' dir='ltr'><strong>fuit,</strong></span> 
     </span>
    </p>
   </div>
   <div class='ocr_carea' id='block_1_51' title="bbox 1009 495 1790 530">
    <p class='ocr_par' dir='ltr' id='par_1_51' title="bbox 1009 495 1790 530">
     <span class='ocr_line' id='line_1_51' title="bbox 1009 495 1790 530; baseline 0 -9"><span class='ocrx_word' id='word_1_357' title='bbox 1009 502 1057 529; x_wconf 86' lang='lat' dir='ltr'><strong>per</strong></span> <span class='ocrx_word' id='word_1_358' title='bbox 1079 502 1215 521; x_wconf 91' lang='lat' dir='ltr'><strong>summum</strong></span> <span class='ocrx_word' id='word_1_359' title='bbox 1232 495 1320 522; x_wconf 88' lang='lat' dir='ltr'><strong>scelus</strong></span> <span class='ocrx_word' id='word_1_360' title='bbox 1341 495 1417 523; x_wconf 88' lang='lat' dir='ltr'><strong>nobis</strong></span> <span class='ocrx_word' id='word_1_361' title='bbox 1432 500 1540 530; x_wconf 88' lang='lat' dir='ltr'><strong>ereptus</strong></span> <span class='ocrx_word' id='word_1_362' title='bbox 1559 501 1600 523; x_wconf 85' lang='lat' dir='ltr'><strong>est</strong></span> <span class='ocrx_word' id='word_1_363' title='bbox 1615 506 1621 523; x_wconf 84' lang='lat'>:</span> <span class='ocrx_word' id='word_1_364' title='bbox 1635 495 1670 522; x_wconf 84' lang='lat' dir='ltr'><strong>ita</strong></span> <span class='ocrx_word' id='word_1_365' title='bbox 1688 500 1790 528; x_wconf 88' lang='lat' dir='ltr'><strong>tamen,</strong></span> 
     </span>
    </p>
   </div>
   <div class='ocr_carea' id='block_1_52' title="bbox 1009 540 1791 574">
    <p class='ocr_par' dir='ltr' id='par_1_52' title="bbox 1009 540 1791 574">
     <span class='ocr_line' id='line_1_52' title="bbox 1009 540 1791 574; baseline 0.001 -9"><span class='ocrx_word' id='word_1_366' title='bbox 1009 543 1038 565; x_wconf 93' lang='lat' dir='ltr'><strong>ut</strong></span> <span class='ocrx_word' id='word_1_367' title='bbox 1052 540 1274 573; x_wconf 86' lang='lat' dir='ltr'><strong>quemadmodum</strong></span> <span class='ocrx_word' id='word_1_368' title='bbox 1291 540 1361 567; x_wconf 86' lang='lat' dir='ltr'><strong>Elias</strong></span> <span class='ocrx_word' id='word_1_369' title='bbox 1381 540 1506 567; x_wconf 89' lang='lat' dir='ltr'><strong>melotem</strong></span> <span class='ocrx_word' id='word_1_370' title='bbox 1518 541 1551 573; x_wconf 84' lang='grc'><strong>⁷⁷,</strong></span> <span class='ocrx_word' id='word_1_371' title='bbox 1569 540 1622 573; x_wconf 89' lang='lat' dir='ltr'><strong>vel,</strong></span> <span class='ocrx_word' id='word_1_372' title='bbox 1644 545 1672 566; x_wconf 90' lang='lat' dir='ltr'><strong>ut</strong></span> <span class='ocrx_word' id='word_1_373' title='bbox 1694 540 1791 574; x_wconf 88' lang='lat' dir='ltr'><strong>aptiori</strong></span> 
     </span>
    </p>
   </div>
   <div class='ocr_carea' id='block_1_53' title="bbox 1009 585 1793 620">
    <p class='ocr_par' dir='ltr' id='par_1_53' title="bbox 1009 585 1793 620">
     <span class='ocr_line' id='line_1_53' title="bbox 1009 585 1793 620; baseline 0 -8"><span class='ocrx_word' id='word_1_374' title='bbox 1009 585 1132 620; x_wconf 89' lang='lat' dir='ltr'><strong>exemplo</strong></span> <span class='ocrx_word' id='word_1_375' title='bbox 1149 591 1217 617; x_wconf 86' lang='lat' dir='ltr'><strong>utar,</strong></span> <span class='ocrx_word' id='word_1_376' title='bbox 1242 586 1324 614; x_wconf 81' lang='lat' dir='ltr'><strong>Judas</strong></span> <span class='ocrx_word' id='word_1_377' title='bbox 1352 586 1520 614; x_wconf 70' lang='lat' dir='ltr'><strong>Machameus</strong></span> <span class='ocrx_word' id='word_1_378' title='bbox 1544 586 1676 613; x_wconf 84' lang='lat' dir='ltr'><strong>Jonathan</strong></span> <span class='ocrx_word' id='word_1_379' title='bbox 1696 585 1730 617; x_wconf 87' lang='lat'><strong>&quot;,</strong></span> <span class='ocrx_word' id='word_1_380' title='bbox 1753 586 1793 612; x_wconf 88' lang='lat' dir='ltr'><strong>sic</strong></span> 
     </span>
    </p>
   </div>
   <div class='ocr_carea' id='block_1_54' title="bbox 1010 631 1791 666">
    <p class='ocr_par' dir='ltr' id='par_1_54' title="bbox 1010 631 1791 666">
     <span class='ocr_line' id='line_1_54' title="bbox 1010 631 1791 666; baseline 0 -8"><span class='ocrx_word' id='word_1_381' title='bbox 1010 631 1067 665; x_wconf 86' lang='lat' dir='ltr'><strong>ipse</strong></span> <span class='ocrx_word' id='word_1_382' title='bbox 1091 631 1168 659; x_wconf 90' lang='lat' dir='ltr'><strong>nobis</strong></span> <span class='ocrx_word' id='word_1_383' title='bbox 1188 631 1356 659; x_wconf 75' lang='lat' dir='ltr'><strong>Aumalaeum</strong></span> <span class='ocrx_word' id='word_1_384' title='bbox 1384 632 1513 665; x_wconf 82' lang='lat' dir='ltr'><strong>fratrem,</strong></span> <span class='ocrx_word' id='word_1_385' title='bbox 1534 632 1791 666; x_wconf 69' lang='lat' dir='ltr'><strong>praestantissimum</strong></span> 
     </span>
    </p>
   </div>
   <div class='ocr_carea' id='block_1_55' title="bbox 1010 676 1793 712">
    <p class='ocr_par' dir='ltr' id='par_1_55' title="bbox 1010 676 1793 712">
     <span class='ocr_line' id='line_1_55' title="bbox 1010 676 1793 712; baseline 0.001 -10"><span class='ocrx_word' id='word_1_386' title='bbox 1010 676 1071 703; x_wconf 90' lang='lat' dir='ltr'><strong>belli</strong></span> <span class='ocrx_word' id='word_1_387' title='bbox 1090 677 1183 703; x_wconf 87' lang='lat' dir='ltr'><strong>ducem</strong></span> <span class='ocrx_word' id='word_1_388' title='bbox 1209 677 1366 710; x_wconf 87' lang='lat' dir='ltr'><strong>reliquerit,</strong></span> <span class='ocrx_word' id='word_1_389' title='bbox 1392 678 1436 712; x_wconf 90' lang='lat' dir='ltr'><strong>qni</strong></span> <span class='ocrx_word' id='word_1_390' title='bbox 1455 683 1503 712; x_wconf 86' lang='lat' dir='ltr'><strong>per</strong></span> <span class='ocrx_word' id='word_1_391' title='bbox 1517 678 1609 705; x_wconf 90' lang='lat' dir='ltr'><strong>eadem</strong></span> <span class='ocrx_word' id='word_1_392' title='bbox 1626 678 1741 712; x_wconf 86' lang='lat' dir='ltr'><strong>vestigia</strong></span> <span class='ocrx_word' id='word_1_393' title='bbox 1758 677 1793 703; x_wconf 88' lang='lat' dir='ltr'><strong>ad</strong></span> 
     </span>
    </p>
   </div>
   <div class='ocr_carea' id='block_1_56' title="bbox 1011 721 1795 757">
    <p class='ocr_par' dir='ltr' id='par_1_56' title="bbox 1011 721 1795 757">
     <span class='ocr_line' id='line_1_56' title="bbox 1011 721 1795 757; baseline 0.004 -11"><span class='ocrx_word' id='word_1_394' title='bbox 1011 721 1132 748; x_wconf 86' lang='lat' dir='ltr'><strong>eamdem</strong></span> <span class='ocrx_word' id='word_1_395' title='bbox 1162 721 1392 749; x_wconf 86' lang='lat' dir='ltr'><strong>immortalitatem</strong></span> <span class='ocrx_word' id='word_1_396' title='bbox 1419 728 1572 757; x_wconf 79' lang='lat' dir='ltr'><strong>grassatur,</strong></span> <span class='ocrx_word' id='word_1_397' title='bbox 1599 730 1724 757; x_wconf 87' lang='lat' dir='ltr'><strong>nuncqne</strong></span> <span class='ocrx_word' id='word_1_398' title='bbox 1747 722 1795 749; x_wconf 89' lang='lat' dir='ltr'><strong>ad-</strong></span> 
     </span>
    </p>
   </div>
   <div class='ocr_carea' id='block_1_57' title="bbox 1011 767 1795 803">
    <p class='ocr_par' dir='ltr' id='par_1_57' title="bbox 1011 767 1795 803">
     <span class='ocr_line' id='line_1_57' title="bbox 1011 767 1795 803; baseline 0.004 -11"><span class='ocrx_word' id='word_1_399' title='bbox 1011 773 1105 794; x_wconf 89' lang='lat' dir='ltr'><strong>versus</strong></span> <span class='ocrx_word' id='word_1_400' title='bbox 1128 767 1304 795; x_wconf 83' lang='lat' dir='ltr'><strong>Germanicas</strong></span> <span class='ocrx_word' id='word_1_401' title='bbox 1319 767 1441 803; x_wconf 91' lang='lat' dir='ltr'><strong>llarpyas</strong></span> <span class='ocrx_word' id='word_1_402' title='bbox 1461 770 1533 803; x_wconf 66' lang='lat' dir='ltr'><strong>(quae</strong></span> <span class='ocrx_word' id='word_1_403' title='bbox 1553 768 1675 795; x_wconf 71' lang='lat' dir='ltr'><strong>Francia:</strong></span> <span class='ocrx_word' id='word_1_404' title='bbox 1698 768 1795 795; x_wconf 81' lang='lat' dir='ltr'><strong>vulne-</strong></span> 
     </span>
    </p>
   </div>
   <div class='ocr_carea' id='block_1_58' title="bbox 1012 811 1795 849">
    <p class='ocr_par' dir='ltr' id='par_1_58' title="bbox 1012 811 1795 849">
     <span class='ocr_line' id='line_1_58' title="bbox 1012 811 1795 849; baseline 0.001 -12"><span class='ocrx_word' id='word_1_405' title='bbox 1012 811 1086 838; x_wconf 90' lang='lat' dir='ltr'><strong>ribus</strong></span> <span class='ocrx_word' id='word_1_406' title='bbox 1112 811 1184 840; x_wconf 86' lang='lat' dir='ltr'><strong>feros</strong></span> <span class='ocrx_word' id='word_1_407' title='bbox 1211 820 1313 848; x_wconf 82' lang='lat' dir='ltr'><strong>ungues</strong></span> <span class='ocrx_word' id='word_1_408' title='bbox 1338 813 1470 848; x_wconf 77' lang='lat' dir='ltr'><strong>infigunt,</strong></span> <span class='ocrx_word' id='word_1_409' title='bbox 1485 818 1591 841; x_wconf 86' lang='lat' dir='ltr'><strong>acetum</strong></span> <span class='ocrx_word' id='word_1_410' title='bbox 1609 821 1658 849; x_wconf 87' lang='lat' dir='ltr'><strong>pro</strong></span> <span class='ocrx_word' id='word_1_411' title='bbox 1678 813 1737 841; x_wconf 91' lang='lat' dir='ltr'><strong>oleo</strong></span> <span class='ocrx_word' id='word_1_412' title='bbox 1753 813 1795 839; x_wconf 87' lang='lat' dir='ltr'><strong>in-</strong></span> 
     </span>
    </p>
   </div>
   <div class='ocr_carea' id='block_1_59' title="bbox 1012 857 1794 895">
    <p class='ocr_par' dir='ltr' id='par_1_59' title="bbox 1012 857 1794 895">
     <span class='ocr_line' id='line_1_59' title="bbox 1012 857 1794 895; baseline 0.003 -12"><span class='ocrx_word' id='word_1_413' title='bbox 1012 857 1136 890; x_wconf 88' lang='lat' dir='ltr'><strong>fundunt,</strong></span> <span class='ocrx_word' id='word_1_414' title='bbox 1151 859 1230 893; x_wconf 88' lang='lat' dir='ltr'><strong>eique</strong></span> <span class='ocrx_word' id='word_1_415' title='bbox 1247 866 1314 893; x_wconf 88' lang='lat' dir='ltr'><strong>pene</strong></span> <span class='ocrx_word' id='word_1_416' title='bbox 1331 860 1385 893; x_wconf 85' lang='lat' dir='ltr'><strong>jam</strong></span> <span class='ocrx_word' id='word_1_417' title='bbox 1405 859 1553 895; x_wconf 73' lang='lat' dir='ltr'><strong>exsangui,</strong></span> <span class='ocrx_word' id='word_1_418' title='bbox 1578 859 1708 894; x_wconf 87' lang='lat' dir='ltr'><strong>quidquid</strong></span> <span class='ocrx_word' id='word_1_419' title='bbox 1731 859 1794 886; x_wconf 93' lang='lat' dir='ltr'><strong>reli-</strong></span> 
     </span>
    </p>
   </div>
   <div class='ocr_carea' id='block_1_60' title="bbox 1013 905 1796 940">
    <p class='ocr_par' dir='ltr' id='par_1_60' title="bbox 1013 905 1796 940">
     <span class='ocr_line' id='line_1_60' title="bbox 1013 905 1796 940; baseline 0.004 -11"><span class='ocrx_word' id='word_1_420' title='bbox 1013 911 1094 937; x_wconf 90' lang='lat' dir='ltr'><strong>quum</strong></span> <span class='ocrx_word' id='word_1_421' title='bbox 1112 909 1171 931; x_wconf 87' lang='lat' dir='ltr'><strong>erat</strong></span> <span class='ocrx_word' id='word_1_422' title='bbox 1194 905 1342 940; x_wconf 75' lang='lat' dir='ltr'><strong>sanguinis,</strong></span> <span class='ocrx_word' id='word_1_423' title='bbox 1361 906 1515 939; x_wconf 81' lang='lat' dir='ltr'><strong>detrahunt)</strong></span> <span class='ocrx_word' id='word_1_424' title='bbox 1540 913 1600 933; x_wconf 90' lang='lat' dir='ltr'><strong>cum</strong></span> <span class='ocrx_word' id='word_1_425' title='bbox 1622 905 1736 932; x_wconf 90' lang='lat' dir='ltr'><strong>militum</strong></span> <span class='ocrx_word' id='word_1_426' title='bbox 1753 913 1796 932; x_wconf 90' lang='lat' dir='ltr'><strong>ro-</strong></span> 
     </span>
    </p>
   </div>
   <div class='ocr_carea' id='block_1_61' title="bbox 1013 949 1795 986">
    <p class='ocr_par' dir='ltr' id='par_1_61' title="bbox 1013 949 1795 986">
     <span class='ocr_line' id='line_1_61' title="bbox 1013 949 1795 986; baseline 0.001 -10"><span class='ocrx_word' id='word_1_427' title='bbox 1013 949 1078 976; x_wconf 87' lang='lat' dir='ltr'><strong>bore</strong></span> <span class='ocrx_word' id='word_1_428' title='bbox 1107 950 1239 983; x_wconf 83' lang='lat' dir='ltr'><strong>procedit,</strong></span> <span class='ocrx_word' id='word_1_429' title='bbox 1260 952 1297 978; x_wconf 89' lang='lat' dir='ltr'><strong>ita</strong></span> <span class='ocrx_word' id='word_1_430' title='bbox 1321 951 1411 978; x_wconf 91' lang='lat' dir='ltr'><strong>animo</strong></span> <span class='ocrx_word' id='word_1_431' title='bbox 1431 956 1614 986; x_wconf 83' lang='lat' dir='ltr'><strong>comparatus,</strong></span> <span class='ocrx_word' id='word_1_432' title='bbox 1638 955 1668 977; x_wconf 90' lang='lat' dir='ltr'><strong>ut</strong></span> <span class='ocrx_word' id='word_1_433' title='bbox 1686 950 1795 978; x_wconf 87' lang='lat' dir='ltr'><strong>etiamsi</strong></span> 
     </span>
    </p>
   </div>
   <div class='ocr_carea' id='block_1_62' title="bbox 1014 995 1796 1033">
    <p class='ocr_par' dir='ltr' id='par_1_62' title="bbox 1014 995 1796 1033">
     <span class='ocr_line' id='line_1_62' title="bbox 1014 995 1796 1033; baseline 0.004 -12"><span class='ocrx_word' id='word_1_434' title='bbox 1014 995 1040 1022; x_wconf 94' lang='lat' dir='ltr'><strong>in</strong></span> <span class='ocrx_word' id='word_1_435' title='bbox 1060 995 1111 1022; x_wconf 90' lang='lat' dir='ltr'><strong>hoc</strong></span> <span class='ocrx_word' id='word_1_436' title='bbox 1127 996 1190 1024; x_wconf 91' lang='lat' dir='ltr'><strong>belli</strong></span> <span class='ocrx_word' id='word_1_437' title='bbox 1213 997 1370 1025; x_wconf 86' lang='lat' dir='ltr'><strong>discrimine</strong></span> <span class='ocrx_word' id='word_1_438' title='bbox 1385 998 1439 1024; x_wconf 83' lang='lat' dir='ltr'><strong>vita</strong></span> <span class='ocrx_word' id='word_1_439' title='bbox 1457 998 1507 1032; x_wconf 85' lang='lat' dir='ltr'><strong>ipsi</strong></span> <span class='ocrx_word' id='word_1_440' title='bbox 1524 998 1646 1033; x_wconf 87' lang='lat' dir='ltr'><strong>ponenda</strong></span> <span class='ocrx_word' id='word_1_441' title='bbox 1662 998 1706 1029; x_wconf 89' lang='lat' dir='ltr'><strong>sit,</strong></span> <span class='ocrx_word' id='word_1_442' title='bbox 1727 1004 1796 1031; x_wconf 72' lang='lat' dir='ltr'><strong>pne-</strong></span> 
     </span>
    </p>
   </div>
   <div class='ocr_carea' id='block_1_63' title="bbox 1013 1040 1795 1078">
    <p class='ocr_par' dir='ltr' id='par_1_63' title="bbox 1013 1040 1795 1078">
     <span class='ocr_line' id='line_1_63' title="bbox 1013 1040 1795 1078; baseline 0.004 -11"><span class='ocrx_word' id='word_1_443' title='bbox 1013 1040 1086 1068; x_wconf 86' lang='lat' dir='ltr'><strong>clare</strong></span> <span class='ocrx_word' id='word_1_444' title='bbox 1100 1049 1190 1069; x_wconf 89' lang='lat' dir='ltr'><strong>secum</strong></span> <span class='ocrx_word' id='word_1_445' title='bbox 1205 1048 1294 1070; x_wconf 88' lang='lat' dir='ltr'><strong>actum</strong></span> <span class='ocrx_word' id='word_1_446' title='bbox 1311 1043 1343 1070; x_wconf 89' lang='lat' dir='ltr'><strong>iri</strong></span> <span class='ocrx_word' id='word_1_447' title='bbox 1359 1048 1445 1078; x_wconf 92' lang='lat' dir='ltr'><strong>putet,</strong></span> <span class='ocrx_word' id='word_1_448' title='bbox 1458 1044 1520 1071; x_wconf 93' lang='lat' dir='ltr'><strong>dum</strong></span> <span class='ocrx_word' id='word_1_449' title='bbox 1535 1044 1690 1078; x_wconf 88' lang='lat' dir='ltr'><strong>hnjnsmodi</strong></span> <span class='ocrx_word' id='word_1_450' title='bbox 1704 1049 1795 1078; x_wconf 82' lang='lat' dir='ltr'><strong>pestes</strong></span> 
     </span>
    </p>
   </div>
   <div class='ocr_carea' id='block_1_64' title="bbox 1012 1088 1431 1120">
    <p class='ocr_par' dir='ltr' id='par_1_64' title="bbox 1012 1088 1431 1120">
     <span class='ocr_line' id='line_1_64' title="bbox 1012 1088 1431 1120; baseline 0.007 -7"><span class='ocrx_word' id='word_1_451' title='bbox 1012 1093 1026 1112; x_wconf 92' lang='lat' dir='ltr'><strong>a</strong></span> <span class='ocrx_word' id='word_1_452' title='bbox 1045 1088 1139 1120; x_wconf 70' lang='lat' dir='ltr'><strong>patria:</strong></span> <span class='ocrx_word' id='word_1_453' title='bbox 1152 1089 1302 1116; x_wconf 87' lang='lat' dir='ltr'><strong>cervicibus</strong></span> <span class='ocrx_word' id='word_1_454' title='bbox 1317 1094 1431 1117; x_wconf 87' lang='lat' dir='ltr'><strong>avertat.</strong></span> 
     </span>
    </p>
   </div>
   <div class='ocr_carea' id='block_1_65' title="bbox 1047 1131 1795 1170">
    <p class='ocr_par' dir='ltr' id='par_1_65' title="bbox 1047 1131 1795 1170">
     <span class='ocr_line' id='line_1_65' title="bbox 1047 1131 1795 1170; baseline 0.007 -12"><span class='ocrx_word' id='word_1_455' title='bbox 1047 1131 1132 1168; x_wconf 85' lang='lat' dir='ltr'><strong>Perge</strong></span> <span class='ocrx_word' id='word_1_456' title='bbox 1149 1133 1252 1168; x_wconf 85' lang='lat' dir='ltr'><strong>itaque,</strong></span> <span class='ocrx_word' id='word_1_457' title='bbox 1274 1135 1441 1170; x_wconf 87' lang='lat' dir='ltr'><strong>amplissime</strong></span> <span class='ocrx_word' id='word_1_458' title='bbox 1462 1136 1618 1168; x_wconf 85' lang='lat' dir='ltr'><strong>cardinalis,</strong></span> <span class='ocrx_word' id='word_1_459' title='bbox 1648 1143 1709 1163; x_wconf 91' lang='lat' dir='ltr'><strong>cum</strong></span> <span class='ocrx_word' id='word_1_460' title='bbox 1740 1135 1795 1162; x_wconf 90' lang='lat' dir='ltr'><strong>for-</strong></span> 
     </span>
    </p>
   </div>
   <div class='ocr_carea' id='block_1_66' title="bbox 1013 1178 1794 1216">
    <p class='ocr_par' dir='ltr' id='par_1_66' title="bbox 1013 1178 1794 1216">
     <span class='ocr_line' id='line_1_66' title="bbox 1013 1178 1794 1216; baseline 0.008 -12"><span class='ocrx_word' id='word_1_461' title='bbox 1013 1178 1117 1206; x_wconf 87' lang='lat' dir='ltr'><strong>tissimo</strong></span> <span class='ocrx_word' id='word_1_462' title='bbox 1135 1185 1180 1206; x_wconf 88' lang='lat' dir='ltr'><strong>tuo</strong></span> <span class='ocrx_word' id='word_1_463' title='bbox 1195 1189 1337 1215; x_wconf 80' lang='lat' dir='ltr'><strong>germano,</strong></span> <span class='ocrx_word' id='word_1_464' title='bbox 1356 1187 1541 1210; x_wconf 83' lang='lat' dir='ltr'><strong>senescentem</strong></span> <span class='ocrx_word' id='word_1_465' title='bbox 1559 1183 1674 1210; x_wconf 84' lang='lat' dir='ltr'><strong>Galliam</strong></span> <span class='ocrx_word' id='word_1_466' title='bbox 1691 1182 1794 1216; x_wconf 84' lang='lat' dir='ltr'><strong>fovere,</strong></span> 
     </span>
    </p>
   </div>
   <div class='ocr_carea' id='block_1_67' title="bbox 1012 1226 1791 1264">
    <p class='ocr_par' dir='ltr' id='par_1_67' title="bbox 1012 1226 1791 1264">
     <span class='ocr_line' id='line_1_67' title="bbox 1012 1226 1791 1264; baseline 0.005 -12"><span class='ocrx_word' id='word_1_467' title='bbox 1012 1230 1101 1260; x_wconf 84' lang='lat' dir='ltr'><strong>atque.</strong></span> <span class='ocrx_word' id='word_1_468' title='bbox 1114 1231 1145 1254; x_wconf 92' lang='lat' dir='ltr'><strong>ut</strong></span> <span class='ocrx_word' id='word_1_469' title='bbox 1159 1226 1244 1255; x_wconf 58' lang='lat' dir='ltr'><strong>Graeci</strong></span> <span class='ocrx_word' id='word_1_470' title='bbox 1262 1228 1364 1261; x_wconf 91' lang='lat' dir='ltr'><strong>dicunt,</strong></span> <span class='ocrx_word' id='word_1_471' title='bbox 1378 1229 1594 1264; x_wconf 82' lang='grc' dir='ltr'><strong>ὰντιπελαργεῖν,</strong></span> <span class='ocrx_word' id='word_1_472' title='bbox 1609 1229 1685 1262; x_wconf 86' lang='lat' dir='ltr'><strong>Quod</strong></span> <span class='ocrx_word' id='word_1_473' title='bbox 1700 1234 1791 1256; x_wconf 87' lang='lat' dir='ltr'><strong>autem</strong></span> 
     </span>
    </p>
   </div>
   <div class='ocr_carea' id='block_1_68' title="bbox 1013 1271 1790 1306">
    <p class='ocr_par' dir='ltr' id='par_1_68' title="bbox 1013 1271 1790 1306">
     <span class='ocr_line' id='line_1_68' title="bbox 1013 1271 1790 1306; baseline 0.005 -8"><span class='ocrx_word' id='word_1_474' title='bbox 1013 1271 1045 1298; x_wconf 91' lang='lat' dir='ltr'><strong>ad</strong></span> <span class='ocrx_word' id='word_1_475' title='bbox 1072 1272 1270 1300; x_wconf 80' lang='lat' dir='ltr'><strong>Nazianzenam</strong></span> <span class='ocrx_word' id='word_1_476' title='bbox 1298 1279 1419 1302; x_wconf 93' lang='lat' dir='ltr'><strong>nostram</strong></span> <span class='ocrx_word' id='word_1_477' title='bbox 1449 1274 1653 1303; x_wconf 86' lang='lat' dir='ltr'><strong>translationem</strong></span> <span class='ocrx_word' id='word_1_478' title='bbox 1678 1275 1790 1306; x_wconf 82' lang='lat' dir='ltr'><strong>attinet,</strong></span> 
     </span>
    </p>
   </div>
   <div class='ocr_carea' id='block_1_69' title="bbox 1014 1319 1795 1353">
    <p class='ocr_par' dir='ltr' id='par_1_69' title="bbox 1014 1319 1795 1353">
     <span class='ocr_line' id='line_1_69' title="bbox 1014 1319 1795 1353; baseline 0.003 -8"><span class='ocrx_word' id='word_1_479' title='bbox 1014 1319 1119 1346; x_wconf 87' lang='lat' dir='ltr'><strong>tametsi</strong></span> <span class='ocrx_word' id='word_1_480' title='bbox 1143 1327 1197 1346; x_wconf 92' lang='lat' dir='ltr'><strong>non</strong></span> <span class='ocrx_word' id='word_1_481' title='bbox 1220 1327 1294 1347; x_wconf 88' lang='lat' dir='ltr'><strong>eram</strong></span> <span class='ocrx_word' id='word_1_482' title='bbox 1322 1321 1446 1353; x_wconf 83' lang='lat' dir='ltr'><strong>nescius,</strong></span> <span class='ocrx_word' id='word_1_483' title='bbox 1472 1328 1530 1348; x_wconf 78' lang='lat' dir='ltr'><strong>earn</strong></span> <span class='ocrx_word' id='word_1_484' title='bbox 1555 1321 1624 1348; x_wconf 89' lang='lat' dir='ltr'><strong>haud</strong></span> <span class='ocrx_word' id='word_1_485' title='bbox 1651 1321 1795 1348; x_wconf 88' lang='lat' dir='ltr'><strong>admodum</strong></span> 
     </span>
    </p>
   </div>
   <div class='ocr_carea' id='block_1_70' title="bbox 1013 1364 1794 1401">
    <p class='ocr_par' dir='ltr' id='par_1_70' title="bbox 1013 1364 1794 1401">
     <span class='ocr_line' id='line_1_70' title="bbox 1013 1364 1794 1401; baseline 0.004 -11"><span class='ocrx_word' id='word_1_486' title='bbox 1013 1364 1119 1399; x_wconf 80' lang='lat' dir='ltr'><strong>dignam</strong></span> <span class='ocrx_word' id='word_1_487' title='bbox 1137 1371 1207 1396; x_wconf 87' lang='lat' dir='ltr'><strong>esse,</strong></span> <span class='ocrx_word' id='word_1_488' title='bbox 1232 1372 1292 1399; x_wconf 75' lang='lat' dir='ltr'><strong>qua:</strong></span> <span class='ocrx_word' id='word_1_489' title='bbox 1318 1365 1344 1392; x_wconf 95' lang='lat' dir='ltr'><strong>in</strong></span> <span class='ocrx_word' id='word_1_490' title='bbox 1373 1371 1418 1393; x_wconf 91' lang='lat' dir='ltr'><strong>tuo</strong></span> <span class='ocrx_word' id='word_1_491' title='bbox 1444 1367 1553 1394; x_wconf 92' lang='lat' dir='ltr'><strong>nomine</strong></span> <span class='ocrx_word' id='word_1_492' title='bbox 1577 1372 1735 1401; x_wconf 86' lang='lat' dir='ltr'><strong>appareret,</strong></span> <span class='ocrx_word' id='word_1_493' title='bbox 1760 1367 1794 1394; x_wconf 90' lang='lat' dir='ltr'><strong>ob</strong></span> 
     </span>
    </p>
   </div>
   <div class='ocr_carea' id='block_1_71' title="bbox 1013 1408 1794 1445">
    <p class='ocr_par' dir='ltr' id='par_1_71' title="bbox 1013 1408 1794 1445">
     <span class='ocr_line' id='line_1_71' title="bbox 1013 1408 1794 1445; baseline 0.005 -10"><span class='ocrx_word' id='word_1_494' title='bbox 1013 1408 1102 1443; x_wconf 90' lang='lat' dir='ltr'><strong>idque,</strong></span> <span class='ocrx_word' id='word_1_495' title='bbox 1119 1417 1152 1436; x_wconf 86' lang='lat' dir='ltr'><strong>ne</strong></span> <span class='ocrx_word' id='word_1_496' title='bbox 1173 1410 1206 1437; x_wconf 90' lang='lat' dir='ltr'><strong>ad</strong></span> <span class='ocrx_word' id='word_1_497' title='bbox 1231 1415 1255 1437; x_wconf 88' lang='lat' dir='ltr'><strong>te</strong></span> <span class='ocrx_word' id='word_1_498' title='bbox 1279 1418 1340 1438; x_wconf 87' lang='lat' dir='ltr'><strong>cum</strong></span> <span class='ocrx_word' id='word_1_499' title='bbox 1361 1411 1465 1438; x_wconf 90' lang='lat' dir='ltr'><strong>tantillo</strong></span> <span class='ocrx_word' id='word_1_500' title='bbox 1487 1418 1598 1439; x_wconf 89' lang='lat' dir='ltr'><strong>munere</strong></span> <span class='ocrx_word' id='word_1_501' title='bbox 1625 1413 1794 1445; x_wconf 84' lang='lat' dir='ltr'><strong>accederem,</strong></span> 
     </span>
    </p>
   </div>
   <div class='ocr_carea' id='block_1_72' title="bbox 1014 1455 1794 1492">
    <p class='ocr_par' dir='ltr' id='par_1_72' title="bbox 1014 1455 1794 1492">
     <span class='ocr_line' id='line_1_72' title="bbox 1014 1455 1794 1492; baseline 0.005 -11"><span class='ocrx_word' id='word_1_502' title='bbox 1014 1455 1114 1489; x_wconf 90' lang='lat' dir='ltr'><strong>pudore</strong></span> <span class='ocrx_word' id='word_1_503' title='bbox 1130 1455 1258 1483; x_wconf 88' lang='lat' dir='ltr'><strong>nonnullo</strong></span> <span class='ocrx_word' id='word_1_504' title='bbox 1271 1456 1426 1484; x_wconf 88' lang='lat' dir='ltr'><strong>deterrebar</strong></span> <span class='ocrx_word' id='word_1_505' title='bbox 1442 1465 1448 1484; x_wconf 89' lang='lat'><strong>:</strong></span> <span class='ocrx_word' id='word_1_506' title='bbox 1475 1456 1539 1484; x_wconf 82' lang='lat' dir='ltr'><strong>fecit</strong></span> <span class='ocrx_word' id='word_1_507' title='bbox 1559 1463 1647 1484; x_wconf 83' lang='lat' dir='ltr'><strong>tamen</strong></span> <span class='ocrx_word' id='word_1_508' title='bbox 1664 1462 1794 1492; x_wconf 86' lang='lat' dir='ltr'><strong>perpetua</strong></span> 
     </span>
    </p>
   </div>
   <div class='ocr_carea' id='block_1_73' title="bbox 1014 1501 1798 1537">
    <p class='ocr_par' dir='ltr' id='par_1_73' title="bbox 1014 1501 1798 1537">
     <span class='ocr_line' id='line_1_73' title="bbox 1014 1501 1798 1537; baseline 0.005 -9"><span class='ocrx_word' id='word_1_509' title='bbox 1014 1505 1058 1528; x_wconf 86' lang='lat' dir='ltr'><strong>tua</strong></span> <span class='ocrx_word' id='word_1_510' title='bbox 1077 1501 1241 1534; x_wconf 87' lang='lat' dir='ltr'><strong>humanitas,</strong></span> <span class='ocrx_word' id='word_1_511' title='bbox 1258 1509 1444 1537; x_wconf 85' lang='lat' dir='ltr'><strong>propensaque</strong></span> <span class='ocrx_word' id='word_1_512' title='bbox 1468 1510 1532 1537; x_wconf 85' lang='lat' dir='ltr'><strong>erga</strong></span> <span class='ocrx_word' id='word_1_513' title='bbox 1551 1503 1685 1531; x_wconf 86' lang='lat' dir='ltr'><strong>studiosos</strong></span> <span class='ocrx_word' id='word_1_514' title='bbox 1702 1511 1798 1532; x_wconf 86' lang='lat' dir='ltr'><strong>omnes</strong></span> 
     </span>
    </p>
   </div>
   <div class='ocr_carea' id='block_1_74' title="bbox 1013 1547 1798 1586">
    <p class='ocr_par' dir='ltr' id='par_1_74' title="bbox 1013 1547 1798 1586">
     <span class='ocr_line' id='line_1_74' title="bbox 1013 1547 1798 1586; baseline 0.005 -12"><span class='ocrx_word' id='word_1_515' title='bbox 1013 1547 1147 1580; x_wconf 81' lang='lat' dir='ltr'><strong>voluntas,</strong></span> <span class='ocrx_word' id='word_1_516' title='bbox 1164 1553 1192 1575; x_wconf 91' lang='lat' dir='ltr'><strong>ut</strong></span> <span class='ocrx_word' id='word_1_517' title='bbox 1215 1549 1286 1576; x_wconf 94' lang='lat' dir='ltr'><strong>hunc</strong></span> <span class='ocrx_word' id='word_1_518' title='bbox 1310 1554 1410 1576; x_wconf 91' lang='lat' dir='ltr'><strong>metum</strong></span> <span class='ocrx_word' id='word_1_519' title='bbox 1435 1550 1629 1586; x_wconf 84' lang='lat' dir='ltr'><strong>abstergerem,</strong></span> <span class='ocrx_word' id='word_1_520' title='bbox 1653 1558 1714 1578; x_wconf 90' lang='lat' dir='ltr'><strong>cum</strong></span> <span class='ocrx_word' id='word_1_521' title='bbox 1739 1559 1798 1578; x_wconf 89' lang='lat' dir='ltr'><strong>me-</strong></span> 
     </span>
    </p>
   </div>
   <div class='ocr_carea' id='block_1_75' title="bbox 1014 1595 1795 1631">
    <p class='ocr_par' dir='ltr' id='par_1_75' title="bbox 1014 1595 1795 1631">
     <span class='ocr_line' id='line_1_75' title="bbox 1014 1595 1795 1631; baseline 0.004 -11"><span class='ocrx_word' id='word_1_522' title='bbox 1014 1601 1075 1620; x_wconf 90' lang='lat' dir='ltr'><strong>cum</strong></span> <span class='ocrx_word' id='word_1_523' title='bbox 1104 1595 1276 1628; x_wconf 76' lang='lat' dir='ltr'><strong>rogitassem,</strong></span> <span class='ocrx_word' id='word_1_524' title='bbox 1299 1603 1458 1631; x_wconf 89' lang='lat' dir='ltr'><strong>magnorum</strong></span> <span class='ocrx_word' id='word_1_525' title='bbox 1478 1596 1632 1631; x_wconf 81' lang='lat' dir='ltr'><strong>principum</strong></span> <span class='ocrx_word' id='word_1_526' title='bbox 1653 1604 1725 1629; x_wconf 87' lang='lat' dir='ltr'><strong>esse,</strong></span> <span class='ocrx_word' id='word_1_527' title='bbox 1742 1605 1795 1624; x_wconf 93' lang='lat' dir='ltr'><strong>non</strong></span> 
     </span>
    </p>
   </div>
   <div class='ocr_carea' id='block_1_76' title="bbox 1015 1639 1797 1677">
    <p class='ocr_par' dir='ltr' id='par_1_76' title="bbox 1015 1639 1797 1677">
     <span class='ocr_line' id='line_1_76' title="bbox 1015 1639 1797 1677; baseline 0.004 -11"><span class='ocrx_word' id='word_1_528' title='bbox 1015 1639 1104 1667; x_wconf 89' lang='lat' dir='ltr'><strong>minus</strong></span> <span class='ocrx_word' id='word_1_529' title='bbox 1121 1639 1235 1668; x_wconf 90' lang='lat' dir='ltr'><strong>libenter</strong></span> <span class='ocrx_word' id='word_1_530' title='bbox 1257 1649 1339 1675; x_wconf 85' lang='lat' dir='ltr'><strong>parva</strong></span> <span class='ocrx_word' id='word_1_531' title='bbox 1357 1642 1490 1676; x_wconf 89' lang='lat' dir='ltr'><strong>accipere,</strong></span> <span class='ocrx_word' id='word_1_532' title='bbox 1510 1650 1591 1677; x_wconf 89' lang='lat' dir='ltr'><strong>quam</strong></span> <span class='ocrx_word' id='word_1_533' title='bbox 1609 1650 1704 1677; x_wconf 86' lang='lat' dir='ltr'><strong>magna</strong></span> <span class='ocrx_word' id='word_1_534' title='bbox 1720 1643 1797 1673; x_wconf 87' lang='lat' dir='ltr'><strong>dare,</strong></span> 
     </span>
    </p>
   </div>
   <div class='ocr_carea' id='block_1_77' title="bbox 1015 1686 1796 1722">
    <p class='ocr_par' dir='ltr' id='par_1_77' title="bbox 1015 1686 1796 1722">
     <span class='ocr_line' id='line_1_77' title="bbox 1015 1686 1796 1722; baseline 0.004 -10"><span class='ocrx_word' id='word_1_535' title='bbox 1015 1686 1134 1720; x_wconf 89' lang='lat' dir='ltr'><strong>diisque,</strong></span> <span class='ocrx_word' id='word_1_536' title='bbox 1154 1690 1183 1713; x_wconf 93' lang='lat' dir='ltr'><strong>ut</strong></span> <span class='ocrx_word' id='word_1_537' title='bbox 1206 1687 1315 1720; x_wconf 91' lang='lat' dir='ltr'><strong>quidam</strong></span> <span class='ocrx_word' id='word_1_538' title='bbox 1342 1688 1367 1714; x_wconf 93' lang='lat' dir='ltr'><strong>in</strong></span> <span class='ocrx_word' id='word_1_539' title='bbox 1394 1688 1474 1714; x_wconf 91' lang='lat' dir='ltr'><strong>simili</strong></span> <span class='ocrx_word' id='word_1_540' title='bbox 1493 1695 1575 1715; x_wconf 88' lang='lat' dir='ltr'><strong>causa</strong></span> <span class='ocrx_word' id='word_1_541' title='bbox 1595 1688 1702 1715; x_wconf 86' lang='lat' dir='ltr'><strong>dicebat</strong></span> <span class='ocrx_word' id='word_1_542' title='bbox 1726 1688 1796 1722; x_wconf 82' lang='lat'><strong>(75),</strong></span> 
     </span>
    </p>
   </div>
   <div class='ocr_carea' id='block_1_78' title="bbox 1015 1731 1798 1764">
    <p class='ocr_par' dir='ltr' id='par_1_78' title="bbox 1015 1731 1798 1764">
     <span class='ocr_line' id='line_1_78' title="bbox 1015 1731 1798 1764; baseline 0.005 -7"><span class='ocrx_word' id='word_1_543' title='bbox 1015 1739 1066 1758; x_wconf 93' lang='lat' dir='ltr'><strong>non</strong></span> <span class='ocrx_word' id='word_1_544' title='bbox 1087 1731 1171 1759; x_wconf 86' lang='lat' dir='ltr'><strong>solum</strong></span> <span class='ocrx_word' id='word_1_545' title='bbox 1189 1733 1279 1764; x_wconf 90' lang='lat' dir='ltr'><strong>thure,</strong></span> <span class='ocrx_word' id='word_1_546' title='bbox 1293 1733 1340 1760; x_wconf 90' lang='lat' dir='ltr'><strong>sed</strong></span> <span class='ocrx_word' id='word_1_547' title='bbox 1357 1733 1439 1760; x_wconf 88' lang='lat' dir='ltr'><strong>etiam</strong></span> <span class='ocrx_word' id='word_1_548' title='bbox 1460 1733 1530 1761; x_wconf 82' lang='lat' dir='ltr'><strong>mola</strong></span> <span class='ocrx_word' id='word_1_549' title='bbox 1553 1734 1623 1761; x_wconf 84' lang='lat' dir='ltr'><strong>salsa</strong></span> <span class='ocrx_word' id='word_1_550' title='bbox 1646 1734 1726 1761; x_wconf 87' lang='lat' dir='ltr'><strong>litari.</strong></span> <span class='ocrx_word' id='word_1_551' title='bbox 1743 1735 1798 1762; x_wconf 79' lang='lat' dir='ltr'><strong>Ac-</strong></span> 
     </span>
    </p>
   </div>
   <div class='ocr_carea' id='block_1_79' title="bbox 1015 1778 1798 1815">
    <p class='ocr_par' dir='ltr' id='par_1_79' title="bbox 1015 1778 1798 1815">
     <span class='ocr_line' id='line_1_79' title="bbox 1015 1778 1798 1815; baseline 0.003 -11"><span class='ocrx_word' id='word_1_552' title='bbox 1015 1778 1074 1812; x_wconf 87' lang='lat' dir='ltr'><strong>cipe</strong></span> <span class='ocrx_word' id='word_1_553' title='bbox 1089 1785 1153 1813; x_wconf 87' lang='lat' dir='ltr'><strong>ergo</strong></span> <span class='ocrx_word' id='word_1_554' title='bbox 1170 1783 1247 1813; x_wconf 81' lang='lat' dir='ltr'><strong>grato</strong></span> <span class='ocrx_word' id='word_1_555' title='bbox 1271 1786 1302 1805; x_wconf 86' lang='lat' dir='ltr'><strong>ac</strong></span> <span class='ocrx_word' id='word_1_556' title='bbox 1317 1778 1408 1807; x_wconf 89' lang='lat' dir='ltr'><strong>libenti</strong></span> <span class='ocrx_word' id='word_1_557' title='bbox 1429 1779 1520 1806; x_wconf 88' lang='lat' dir='ltr'><strong>animo</strong></span> <span class='ocrx_word' id='word_1_558' title='bbox 1535 1779 1588 1808; x_wconf 89' lang='lat' dir='ltr'><strong>hoc</strong></span> <span class='ocrx_word' id='word_1_559' title='bbox 1607 1780 1738 1815; x_wconf 89' lang='lat' dir='ltr'><strong>quidquid</strong></span> <span class='ocrx_word' id='word_1_560' title='bbox 1757 1784 1798 1808; x_wconf 86' lang='lat' dir='ltr'><strong>est</strong></span> 
     </span>
    </p>
   </div>
   <div class='ocr_carea' id='block_1_80' title="bbox 1014 1824 1794 1861">
    <p class='ocr_par' dir='ltr' id='par_1_80' title="bbox 1014 1824 1794 1861">
     <span class='ocr_line' id='line_1_80' title="bbox 1014 1824 1794 1861; baseline 0.004 -11"><span class='ocrx_word' id='word_1_561' title='bbox 1014 1824 1144 1856; x_wconf 90' lang='lat' dir='ltr'><strong>muneris,</strong></span> <span class='ocrx_word' id='word_1_562' title='bbox 1163 1824 1345 1852; x_wconf 85' lang='lat' dir='ltr'><strong>illustrissime</strong></span> <span class='ocrx_word' id='word_1_563' title='bbox 1366 1825 1521 1859; x_wconf 83' lang='lat' dir='ltr'><strong>cardinalis,</strong></span> <span class='ocrx_word' id='word_1_564' title='bbox 1549 1826 1679 1861; x_wconf 90' lang='lat' dir='ltr'><strong>mihique,</strong></span> <span class='ocrx_word' id='word_1_565' title='bbox 1703 1826 1725 1854; x_wconf 89' lang='lat' dir='ltr'><strong>si</strong></span> <span class='ocrx_word' id='word_1_566' title='bbox 1742 1826 1794 1853; x_wconf 84' lang='lat' dir='ltr'><strong>im-</strong></span> 
     </span>
    </p>
   </div>
   <div class='ocr_carea' id='block_1_81' title="bbox 1013 1870 1795 1907">
    <p class='ocr_par' dir='ltr' id='par_1_81' title="bbox 1013 1870 1795 1907">
     <span class='ocr_line' id='line_1_81' title="bbox 1013 1870 1795 1907; baseline 0.006 -12"><span class='ocrx_word' id='word_1_567' title='bbox 1013 1874 1127 1903; x_wconf 89' lang='lat' dir='ltr'><strong>portuna</strong></span> <span class='ocrx_word' id='word_1_568' title='bbox 1151 1870 1266 1904; x_wconf 85' lang='lat' dir='ltr'><strong>quadam</strong></span> <span class='ocrx_word' id='word_1_569' title='bbox 1288 1871 1325 1897; x_wconf 93' lang='lat' dir='ltr'><strong>tui</strong></span> <span class='ocrx_word' id='word_1_570' title='bbox 1347 1871 1562 1905; x_wconf 88' lang='lat' dir='ltr'><strong>interpellatione</strong></span> <span class='ocrx_word' id='word_1_571' title='bbox 1582 1872 1696 1907; x_wconf 84' lang='lat' dir='ltr'><strong>publicis</strong></span> <span class='ocrx_word' id='word_1_572' title='bbox 1720 1880 1795 1900; x_wconf 87' lang='lat' dir='ltr'><strong>com-</strong></span> 
     </span>
    </p>
   </div>
   <div class='ocr_carea' id='block_1_82' title="bbox 1014 1915 1799 1951">
    <p class='ocr_par' dir='ltr' id='par_1_82' title="bbox 1014 1915 1799 1951">
     <span class='ocr_line' id='line_1_82' title="bbox 1014 1915 1799 1951; baseline 0.006 -10"><span class='ocrx_word' id='word_1_573' title='bbox 1014 1915 1101 1942; x_wconf 92' lang='lat' dir='ltr'><strong>modis</strong></span> <span class='ocrx_word' id='word_1_574' title='bbox 1113 1923 1216 1943; x_wconf 89' lang='lat' dir='ltr'><strong>moram</strong></span> <span class='ocrx_word' id='word_1_575' title='bbox 1230 1915 1316 1947; x_wconf 89' lang='lat' dir='ltr'><strong>attuli,</strong></span> <span class='ocrx_word' id='word_1_576' title='bbox 1331 1916 1412 1943; x_wconf 91' lang='lat' dir='ltr'><strong>velim</strong></span> <span class='ocrx_word' id='word_1_577' title='bbox 1428 1917 1561 1951; x_wconf 81' lang='lat' dir='ltr'><strong>ignoscas.</strong></span> <span class='ocrx_word' id='word_1_578' title='bbox 1576 1918 1705 1946; x_wconf 86' lang='lat' dir='ltr'><strong>Dominus</strong></span> <span class='ocrx_word' id='word_1_579' title='bbox 1717 1918 1799 1947; x_wconf 79' lang='lat' dir='ltr'><strong>Jesus</strong></span> 
     </span>
    </p>
   </div>
   <div class='ocr_carea' id='block_1_83' title="bbox 1017 1961 1798 1995">
    <p class='ocr_par' dir='ltr' id='par_1_83' title="bbox 1017 1961 1798 1995">
     <span class='ocr_line' id='line_1_83' title="bbox 1017 1961 1798 1995; baseline 0.009 -9"><span class='ocrx_word' id='word_1_580' title='bbox 1017 1964 1042 1987; x_wconf 92' lang='lat' dir='ltr'><strong>te</strong></span> <span class='ocrx_word' id='word_1_581' title='bbox 1066 1968 1145 1995; x_wconf 86' lang='lat' dir='ltr'><strong>quam</strong></span> <span class='ocrx_word' id='word_1_582' title='bbox 1170 1961 1321 1989; x_wconf 88' lang='lat' dir='ltr'><strong>diutissime</strong></span> <span class='ocrx_word' id='word_1_583' title='bbox 1339 1961 1466 1990; x_wconf 61' lang='lat' dir='ltr'><strong>Ecclesiae</strong></span> <span class='ocrx_word' id='word_1_584' title='bbox 1487 1971 1542 1991; x_wconf 73' lang='lat' dir='ltr'><strong>sua:</strong></span> <span class='ocrx_word' id='word_1_585' title='bbox 1566 1964 1728 1992; x_wconf 91' lang='lat' dir='ltr'><strong>incolumem</strong></span> <span class='ocrx_word' id='word_1_586' title='bbox 1743 1972 1798 1993; x_wconf 75' lang='lat' dir='ltr'><strong>ser-</strong></span> 
     </span>
    </p>
   </div>
   <div class='ocr_carea' id='block_1_84' title="bbox 1016 2005 1798 2040">
    <p class='ocr_par' dir='ltr' id='par_1_84' title="bbox 1016 2005 1798 2040">
     <span class='ocr_line' id='line_1_84' title="bbox 1016 2005 1798 2040; baseline 0.009 -9"><span class='ocrx_word' id='word_1_587' title='bbox 1016 2010 1070 2032; x_wconf 88' lang='lat' dir='ltr'><strong>vet.</strong></span> <span class='ocrx_word' id='word_1_588' title='bbox 1085 2005 1254 2034; x_wconf 84' lang='lat' dir='ltr'><strong>Nannetibus</strong></span> <span class='ocrx_word' id='word_1_589' title='bbox 1269 2007 1302 2034; x_wconf 78' lang='grc'><strong>15</strong></span> <span class='ocrx_word' id='word_1_590' title='bbox 1317 2007 1430 2036; x_wconf 81' lang='lat' dir='ltr'><strong>Kalend.</strong></span> <span class='ocrx_word' id='word_1_591' title='bbox 1451 2008 1564 2038; x_wconf 78' lang='lat' dir='ltr'><strong>Januar.</strong></span> <span class='ocrx_word' id='word_1_592' title='bbox 1587 2017 1657 2038; x_wconf 86' lang='lat' dir='ltr'><strong>anno</strong></span> <span class='ocrx_word' id='word_1_593' title='bbox 1677 2019 1692 2038; x_wconf 89' lang='lat' dir='ltr'><strong>a</strong></span> <span class='ocrx_word' id='word_1_594' title='bbox 1708 2012 1798 2040; x_wconf 86' lang='lat' dir='ltr'><strong>saluti-</strong></span> 
     </span>
    </p>
   </div>
   <div class='ocr_carea' id='block_1_85' title="bbox 1014 2051 1797 2092">
    <p class='ocr_par' dir='ltr' id='par_1_85' title="bbox 1014 2051 1797 2092">
     <span class='ocr_line' id='line_1_85' title="bbox 1014 2051 1797 2092; baseline 0.01 -15"><span class='ocrx_word' id='word_1_595' title='bbox 1014 2051 1073 2078; x_wconf 88' lang='lat' dir='ltr'><strong>fero</strong></span> <span class='ocrx_word' id='word_1_596' title='bbox 1099 2057 1175 2086; x_wconf 86' lang='lat' dir='ltr'><strong>partu</strong></span> <span class='ocrx_word' id='word_1_597' title='bbox 1200 2052 1415 2088; x_wconf 77' lang='lat' dir='ltr'><strong>quingentesimo</strong></span> <span class='ocrx_word' id='word_1_598' title='bbox 1438 2056 1606 2091; x_wconf 80' lang='lat' dir='ltr'><strong>sexagesimo</strong></span> <span class='ocrx_word' id='word_1_599' title='bbox 1623 2065 1694 2084; x_wconf 89' lang='lat' dir='ltr'><strong>nono</strong></span> <span class='ocrx_word' id='word_1_600' title='bbox 1717 2065 1797 2092; x_wconf 87' lang='lat' dir='ltr'><strong>supra</strong></span> 
     </span>
    </p>
   </div>
   <div class='ocr_carea' id='block_1_86' title="bbox 1017 2096 1200 2125">
    <p class='ocr_par' dir='ltr' id='par_1_86' title="bbox 1017 2096 1200 2125">
     <span class='ocr_line' id='line_1_86' title="bbox 1017 2096 1200 2125; baseline 0.011 -2"><span class='ocrx_word' id='word_1_601' title='bbox 1017 2096 1200 2125; x_wconf 88' lang='lat' dir='ltr'><strong>millesimum.</strong></span> 
     </span>
    </p>
   </div>
   <div class='ocr_carea' id='block_1_87' title="bbox 979 2168 1015 2175">
    <p class='ocr_par' dir='ltr' id='par_1_87' title="bbox 979 2168 1015 2175">
     <span class='ocr_line' id='line_1_87' title="bbox 979 2168 1015 2175; baseline -0.028 0"><span class='ocrx_word' id='word_1_602' title='bbox 979 2168 1015 2175; x_wconf 80' lang='lat'><strong>.—</strong></span> 
     </span>
    </p>
   </div>
   <div class='ocr_carea' id='block_1_88' title="bbox 174 2203 960 2257">
    <p class='ocr_par' dir='ltr' id='par_1_88' title="bbox 174 2203 955 2257">
     <span class='ocr_line' id='line_1_88' title="bbox 174 2203 955 2257; baseline -0.004 -8"><span class='ocrx_word' id='word_1_603' title='bbox 174 2223 252 2257; x_wconf 73' lang='grc' dir='ltr'><strong>Πρὸς</strong></span> <span class='ocrx_word' id='word_1_604' title='bbox 272 2222 325 2249; x_wconf 83' lang='grc' dir='ltr'><strong>τὸν</strong></span> <span class='ocrx_word' id='word_1_605' title='bbox 346 2222 439 2248; x_wconf 82' lang='grc' dir='ltr'><strong>αὑτὸν</strong></span> <span class='ocrx_word' id='word_1_606' title='bbox 467 2220 704 2257; x_wconf 67' lang='grc' dir='ltr'><strong>ἐπιφανέστατον</strong></span> <span class='ocrx_word' id='word_1_607' title='bbox 724 2218 777 2254; x_wconf 85' lang='grc' dir='ltr'><strong>τῆς</strong></span> <span class='ocrx_word' id='word_1_608' title='bbox 801 2220 876 2257; x_wconf 60' lang='grc' dir='ltr'><em>κατὰ</em></span> <span class='ocrx_word' id='word_1_609' title='bbox 890 2203 955 2257; x_wconf 40' lang='grc' dir='ltr'><strong>’τὴν</strong></span> 
     </span>
    </p>
   </div>
   <div class='ocr_carea' id='block_1_89' title="bbox 1012 2203 1797 2257">
    <p class='ocr_par' dir='ltr' id='par_1_89' title="bbox 1012 2220 1797 2254">
     <span class='ocr_line' id='line_1_89' title="bbox 1012 2220 1797 2254; baseline 0.008 -6"><span class='ocrx_word' id='word_1_610' title='bbox 1012 2220 1082 2248; x_wconf 65' lang='lat' dir='ltr'><strong>(item</strong></span> <span class='ocrx_word' id='word_1_611' title='bbox 1099 2221 1133 2248; x_wconf 84' lang='lat' dir='ltr'><strong>ad</strong></span> <span class='ocrx_word' id='word_1_612' title='bbox 1149 2223 1268 2249; x_wconf 75' lang='lat' dir='ltr'><strong>eunidem</strong></span> <span class='ocrx_word' id='word_1_613' title='bbox 1283 2223 1492 2250; x_wconf 65' lang='lat' dir='ltr'><strong>illustrissimum</strong></span> <span class='ocrx_word' id='word_1_614' title='bbox 1509 2223 1635 2251; x_wconf 74' lang='lat' dir='ltr'><strong>Ecclesia:</strong></span> <span class='ocrx_word' id='word_1_615' title='bbox 1652 2225 1797 2254; x_wconf 66' lang='lat' dir='ltr'><strong>Gallicana:</strong></span> 
     </span>
    </p>
   </div>
   <div class='ocr_carea' id='block_1_90' title="bbox 211 2254 955 2292">
    <p class='ocr_par' dir='ltr' id='par_1_90' title="bbox 211 2254 955 2292">
     <span class='ocr_line' id='line_1_90' title="bbox 211 2254 955 2292; baseline -0.003 -8"><span class='ocrx_word' id='word_1_616' title='bbox 211 2254 359 2292; x_wconf 71' lang='grc' dir='ltr'><strong>Φραγκίαν</strong></span> <span class='ocrx_word' id='word_1_617' title='bbox 377 2257 555 2292; x_wconf 57' lang='lat' dir='ltr'><strong>Euxinaqu</strong></span> <span class='ocrx_word' id='word_1_618' title='bbox 574 2254 748 2292; x_wconf 57' lang='grc' dir='ltr'><strong>προστάτην</strong></span> <span class='ocrx_word' id='word_1_619' title='bbox 769 2255 818 2281; x_wconf 76' lang='grc' dir='ltr'><strong>καὶ</strong></span> <span class='ocrx_word' id='word_1_620' title='bbox 839 2255 955 2289; x_wconf 78' lang='grc' dir='ltr'><strong>εὐτε-νέ-</strong></span> 
     </span>
    </p>
   </div>
   <div class='ocr_carea' id='block_1_91' title="bbox 210 2290 663 2326">
    <p class='ocr_par' dir='ltr' id='par_1_91' title="bbox 210 2290 663 2326">
     <span class='ocr_line' id='line_1_91' title="bbox 210 2290 663 2326; baseline -0.009 -6"><span class='ocrx_word' id='word_1_621' title='bbox 210 2290 322 2320; x_wconf 55' lang='lat' dir='ltr'><strong>censor</strong></span> <span class='ocrx_word' id='word_1_622' title='bbox 337 2292 478 2326; x_wconf 76' lang='grc' dir='ltr'><strong>ἄρχοντα,</strong></span> <span class='ocrx_word' id='word_1_623' title='bbox 491 2291 544 2318; x_wconf 82' lang='grc' dir='ltr'><strong>τοῦ</strong></span> <span class='ocrx_word' id='word_1_624' title='bbox 560 2290 663 2318; x_wconf 82' lang='grc' dir='ltr'><strong>αὑτοῦ.</strong></span> 
     </span>
    </p>
   </div>
   <div class='ocr_carea' id='block_1_92' title="bbox 177 2336 917 2375">
    <p class='ocr_par' dir='ltr' id='par_1_92' title="bbox 177 2336 917 2375">
     <span class='ocr_line' id='line_1_92' title="bbox 177 2336 917 2375; baseline -0.004 -10"><span class='ocrx_word' id='word_1_625' title='bbox 177 2340 265 2375; x_wconf 77' lang='grc' dir='ltr'><strong>Ἔργα</strong></span> <span class='ocrx_word' id='word_1_626' title='bbox 280 2338 347 2364; x_wconf 77' lang='grc' dir='ltr'>Θεοῦ</span> <span class='ocrx_word' id='word_1_627' title='bbox 365 2338 484 2373; x_wconf 80' lang='grc' dir='ltr'>κομέεις,</span> <span class='ocrx_word' id='word_1_628' title='bbox 498 2337 609 2372; x_wconf 80' lang='grc' dir='ltr'>κομέεις</span> <span class='ocrx_word' id='word_1_629' title='bbox 625 2336 654 2363; x_wconf 74' lang='grc' dir='ltr'><strong>δέ</strong></span> <span class='ocrx_word' id='word_1_630' title='bbox 670 2345 699 2362; x_wconf 84' lang='grc' dir='ltr'>τε</span> <span class='ocrx_word' id='word_1_631' title='bbox 715 2336 762 2362; x_wconf 78' lang='grc' dir='ltr'>καὶ</span> <span class='ocrx_word' id='word_1_632' title='bbox 778 2336 917 2371; x_wconf 75' lang='grc' dir='ltr'><strong>βασιλῆος,</strong></span> 
     </span>
    </p>
   </div>
   <div class='ocr_carea' id='block_1_93' title="bbox 194 2383 813 2421">
    <p class='ocr_par' dir='ltr' id='par_1_93' title="bbox 194 2383 813 2421">
     <span class='ocr_line' id='line_1_93' title="bbox 194 2383 813 2421; baseline -0.002 -10"><span class='ocrx_word' id='word_1_633' title='bbox 194 2386 290 2411; x_wconf 61' lang='grc' dir='ltr'>’Ὥστε</span> <span class='ocrx_word' id='word_1_634' title='bbox 310 2385 370 2421; x_wconf 75' lang='grc' dir='ltr'><strong>ῥόος</strong></span> <span class='ocrx_word' id='word_1_635' title='bbox 383 2385 506 2420; x_wconf 82' lang='grc' dir='ltr'><strong>ποταμοῦ</strong></span> <span class='ocrx_word' id='word_1_636' title='bbox 523 2385 617 2420; x_wconf 83' lang='grc' dir='ltr'><strong>ἄνδιχα</strong></span> <span class='ocrx_word' id='word_1_637' title='bbox 636 2383 813 2419; x_wconf 83' lang='grc' dir='ltr'><strong>τεμνόμενος.</strong></span> 
     </span>
    </p>
   </div>
   <div class='ocr_carea' id='block_1_94' title="bbox 175 2428 924 2465">
    <p class='ocr_par' dir='ltr' id='par_1_94' title="bbox 175 2428 924 2465">
     <span class='ocr_line' id='line_1_94' title="bbox 175 2428 924 2465; baseline -0.003 -9"><span class='ocrx_word' id='word_1_638' title='bbox 175 2431 272 2457; x_wconf 67' lang='grc' dir='ltr'>Πιστὸν</span> <span class='ocrx_word' id='word_1_639' title='bbox 285 2429 340 2464; x_wconf 78' lang='grc' dir='ltr'>ἔχει</span> <span class='ocrx_word' id='word_1_640' title='bbox 353 2429 506 2465; x_wconf 81' lang='grc' dir='ltr'>θεράποντα</span> <span class='ocrx_word' id='word_1_641' title='bbox 521 2429 596 2460; x_wconf 85' lang='grc' dir='ltr'>Θεὸς,</span> <span class='ocrx_word' id='word_1_642' title='bbox 611 2430 657 2455; x_wconf 76' lang='grc' dir='ltr'><strong>καὶ</strong></span> <span class='ocrx_word' id='word_1_643' title='bbox 678 2429 771 2455; x_wconf 77' lang='grc' dir='ltr'>πιστὸν</span> <span class='ocrx_word' id='word_1_644' title='bbox 785 2428 924 2463; x_wconf 81' lang='grc' dir='ltr'><strong>ἀνάκτωρ,</strong></span> 
     </span>
    </p>
   </div>
   <div class='ocr_carea' id='block_1_95' title="bbox 210 2473 907 2511">
    <p class='ocr_par' dir='ltr' id='par_1_95' title="bbox 210 2473 907 2511">
     <span class='ocr_line' id='line_1_95' title="bbox 210 2473 907 2511; baseline -0.004 -9"><span class='ocrx_word' id='word_1_645' title='bbox 210 2477 307 2503; x_wconf 81' lang='grc' dir='ltr'>Πιστὸν</span> <span class='ocrx_word' id='word_1_646' title='bbox 323 2476 379 2511; x_wconf 73' lang='grc' dir='ltr'>ἔχει</span> <span class='ocrx_word' id='word_1_647' title='bbox 396 2476 537 2511; x_wconf 82' lang='grc' dir='ltr'><strong>πρόμαχον</strong></span> <span class='ocrx_word' id='word_1_648' title='bbox 551 2475 656 2507; x_wconf 77' lang='grc' dir='ltr'><strong>πίστις,</strong></span> <span class='ocrx_word' id='word_1_649' title='bbox 669 2475 784 2510; x_wconf 75' lang='grc' dir='ltr'><strong>ἔρεισμα</strong></span> <span class='ocrx_word' id='word_1_650' title='bbox 800 2473 907 2509; x_wconf 80' lang='grc' dir='ltr'><strong>πατρίς.</strong></span> 
     </span>
    </p>
   </div>
   <div class='ocr_carea' id='block_1_96' title="bbox 182 2520 881 2558">
    <p class='ocr_par' dir='ltr' id='par_1_96' title="bbox 182 2520 881 2558">
     <span class='ocr_line' id='line_1_96' title="bbox 182 2520 881 2558; baseline -0.004 -9"><span class='ocrx_word' id='word_1_651' title='bbox 182 2523 213 2549; x_wconf 83' lang='grc' dir='ltr'><em>Ἦ</em></span> <span class='ocrx_word' id='word_1_652' title='bbox 231 2523 253 2549; x_wconf 84' lang='grc' dir='ltr'>δ’</span> <span class='ocrx_word' id='word_1_653' title='bbox 267 2523 352 2558; x_wconf 78' lang='grc' dir='ltr'>ἁρετὴ</span> <span class='ocrx_word' id='word_1_654' title='bbox 369 2522 508 2557; x_wconf 79' lang='grc' dir='ltr'><strong>μελέτημα</strong></span> <span class='ocrx_word' id='word_1_655' title='bbox 522 2522 594 2553; x_wconf 81' lang='grc' dir='ltr'>τεὸν,</span> <span class='ocrx_word' id='word_1_656' title='bbox 612 2520 739 2556; x_wconf 85' lang='grc' dir='ltr'>Χριστοῐό</span> <span class='ocrx_word' id='word_1_657' title='bbox 757 2529 787 2546; x_wconf 81' lang='grc' dir='ltr'>τε</span> <span class='ocrx_word' id='word_1_658' title='bbox 802 2521 881 2555; x_wconf 81' lang='grc' dir='ltr'><strong>σῶμα</strong></span> 
     </span>
    </p>
   </div>
   <div class='ocr_carea' id='block_1_97' title="bbox 210 2564 832 2603">
    <p class='ocr_par' dir='ltr' id='par_1_97' title="bbox 210 2564 832 2603">
     <span class='ocr_line' id='line_1_97' title="bbox 210 2564 832 2603; baseline -0.005 -9"><span class='ocrx_word' id='word_1_659' title='bbox 210 2567 353 2603; x_wconf 68' lang='grc' dir='ltr'><strong>Σχίξοντας</strong></span> <span class='ocrx_word' id='word_1_660' title='bbox 373 2567 489 2602; x_wconf 62' lang='grc' dir='ltr'>βαλέειν,</span> <span class='ocrx_word' id='word_1_661' title='bbox 501 2567 660 2602; x_wconf 72' lang='grc' dir='ltr'><strong>αἱμοχαρεῖς</strong></span> <span class='ocrx_word' id='word_1_662' title='bbox 676 2574 705 2592; x_wconf 86' lang='grc' dir='ltr'><strong>τε</strong></span> <span class='ocrx_word' id='word_1_663' title='bbox 722 2564 832 2596; x_wconf 84' lang='grc' dir='ltr'><strong>λύκους.</strong></span> 
     </span>
    </p>
   </div>
   <div class='ocr_carea' id='block_1_98' title="bbox 175 2610 908 2648">
    <p class='ocr_par' dir='ltr' id='par_1_98' title="bbox 175 2610 908 2648">
     <span class='ocr_line' id='line_1_98' title="bbox 175 2610 908 2648; baseline -0.004 -8"><span class='ocrx_word' id='word_1_664' title='bbox 175 2614 318 2645; x_wconf 73' lang='grc' dir='ltr'><strong>Τοῦνεχεν,</strong></span> <span class='ocrx_word' id='word_1_665' title='bbox 332 2615 356 2640; x_wconf 78' lang='grc' dir='ltr'><strong>εἰ</strong></span> <span class='ocrx_word' id='word_1_666' title='bbox 375 2613 521 2639; x_wconf 76' lang='grc' dir='ltr'><strong>πάντεσσιν</strong></span> <span class='ocrx_word' id='word_1_667' title='bbox 539 2611 661 2648; x_wconf 81' lang='grc' dir='ltr'>ἁπήχθεο</span> <span class='ocrx_word' id='word_1_668' title='bbox 674 2612 742 2638; x_wconf 80' lang='grc' dir='ltr'>τοῖσι</span> <span class='ocrx_word' id='word_1_669' title='bbox 758 2610 908 2642; x_wconf 78' lang='grc' dir='ltr'><strong>κακίστοις,</strong></span> 
     </span>
    </p>
   </div>
   <div class='ocr_carea' id='block_1_99' title="bbox 209 2648 846 2693">
    <p class='ocr_par' dir='ltr' id='par_1_99' title="bbox 209 2648 846 2693">
     <span class='ocr_line' id='line_1_99' title="bbox 209 2648 846 2693; baseline -0.005 -8"><span class='ocrx_word' id='word_1_670' title='bbox 209 2658 292 2685; x_wconf 67' lang='grc' dir='ltr'>Οὐδὲν</span> <span class='ocrx_word' id='word_1_671' title='bbox 305 2658 412 2693; x_wconf 78' lang='grc' dir='ltr'><strong>θαῦμα·</strong></span> <span class='ocrx_word' id='word_1_672' title='bbox 431 2658 516 2690; x_wconf 72' lang='grc' dir='ltr'><strong>κύνας</strong></span> <span class='ocrx_word' id='word_1_673' title='bbox 529 2657 584 2692; x_wconf 79' lang='grc' dir='ltr'><strong>γὰρ</strong></span> <span class='ocrx_word' id='word_1_674' title='bbox 599 2657 743 2691; x_wconf 81' lang='grc' dir='ltr'><strong>στυγέουσι</strong></span> <span class='ocrx_word' id='word_1_675' title='bbox 760 2648 846 2682; x_wconf 67' lang='grc' dir='ltr'>λύκοι.</span> 
     </span>
    </p>
   </div>
   <div class='ocr_carea' id='block_1_100' title="bbox 210 2744 784 2778">
    <p class='ocr_par' dir='ltr' id='par_1_100' title="bbox 210 2744 784 2778">
     <span class='ocr_line' id='line_1_100' title="bbox 210 2744 784 2778; baseline -0.003 -6"><span class='ocrx_word' id='word_1_676' title='bbox 210 2746 231 2761; x_wconf 80' lang='grc'><strong>⁸⁸</strong></span> <span class='ocrx_word' id='word_1_677' title='bbox 252 2745 344 2773; x_wconf 86' lang='lat' dir='ltr'><strong>ITim.</strong></span> <span class='ocrx_word' id='word_1_678' title='bbox 357 2754 394 2778; x_wconf 82' lang='lat' dir='ltr'><strong>vt,</strong></span> <span class='ocrx_word' id='word_1_679' title='bbox 412 2746 455 2772; x_wconf 69' lang='lat' dir='ltr'><strong>l2.</strong></span> <span class='ocrx_word' id='word_1_680' title='bbox 512 2745 534 2761; x_wconf 79' lang='lat'><strong>’°</strong></span> <span class='ocrx_word' id='word_1_681' title='bbox 555 2745 624 2772; x_wconf 86' lang='lat' dir='ltr'><strong>Psal.</strong></span> <span class='ocrx_word' id='word_1_682' title='bbox 646 2752 744 2774; x_wconf 79' lang='lat' dir='ltr'><strong>cxxxr.</strong></span> <span class='ocrx_word' id='word_1_683' title='bbox 759 2744 784 2770; x_wconf 65' lang='grc'><strong>4.</strong></span> 
     </span>
    </p>
   </div>
   <div class='ocr_carea' id='block_1_101' title="bbox 836 2742 1156 2777">
    <p class='ocr_par' dir='ltr' id='par_1_101' title="bbox 836 2742 1156 2777">
     <span class='ocr_line' id='line_1_101' title="bbox 836 2742 1156 2777; baseline -0.003 -7"><span class='ocrx_word' id='word_1_684' title='bbox 836 2744 856 2759; x_wconf 92' lang='grc'>⁷¹</span> <span class='ocrx_word' id='word_1_685' title='bbox 878 2743 887 2770; x_wconf 95' lang='lat' dir='ltr'><strong>l</strong></span> <span class='ocrx_word' id='word_1_686' title='bbox 906 2742 972 2775; x_wconf 81' lang='lat' dir='ltr'><strong>Reg.</strong></span> <span class='ocrx_word' id='word_1_687' title='bbox 987 2750 1052 2772; x_wconf 82' lang='lat' dir='ltr'><strong>xxx.</strong></span> <span class='ocrx_word' id='word_1_688' title='bbox 1067 2742 1080 2769; x_wconf 88' lang='lat' dir='ltr'><strong>&#39;l</strong></span> <span class='ocrx_word' id='word_1_689' title='bbox 1097 2750 1156 2777; x_wconf 85' lang='lat' dir='ltr'><strong>sqq.</strong></span> 
     </span>
    </p>
   </div>
   <div class='ocr_carea' id='block_1_102' title="bbox 1119 2258 1688 2293">
    <p class='ocr_par' dir='ltr' id='par_1_102' title="bbox 1119 2258 1688 2293">
     <span class='ocr_line' id='line_1_102' title="bbox 1119 2258 1688 2293; baseline 0.007 -10"><span class='ocrx_word' id='word_1_690' title='bbox 1119 2258 1262 2284; x_wconf 77' lang='lat' dir='ltr'><strong>antistitem</strong></span> <span class='ocrx_word' id='word_1_691' title='bbox 1282 2263 1305 2284; x_wconf 84' lang='lat' dir='ltr'><strong>et</strong></span> <span class='ocrx_word' id='word_1_692' title='bbox 1325 2258 1515 2285; x_wconf 77' lang='lat' dir='ltr'><strong>nobilissimum</strong></span> <span class='ocrx_word' id='word_1_693' title='bbox 1534 2261 1688 2293; x_wconf 68' lang='lat' dir='ltr'><strong>principem.</strong></span> 
     </span>
    </p>
   </div>
   <div class='ocr_carea' id='block_1_103' title="bbox 1013 2332 1670 2373">
    <p class='ocr_par' dir='ltr' id='par_1_103' title="bbox 1013 2332 1670 2373">
     <span class='ocr_line' id='line_1_103' title="bbox 1013 2332 1670 2373; baseline 0.008 -13"><span class='ocrx_word' id='word_1_694' title='bbox 1013 2332 1065 2361; x_wconf 68' lang='lat' dir='ltr'><strong>lies</strong></span> <span class='ocrx_word' id='word_1_695' title='bbox 1082 2334 1141 2361; x_wconf 66' lang='lat' dir='ltr'><strong>coali</strong></span> <span class='ocrx_word' id='word_1_696' title='bbox 1163 2339 1274 2366; x_wconf 86' lang='lat' dir='ltr'><strong>tractas,</strong></span> <span class='ocrx_word' id='word_1_697' title='bbox 1290 2340 1442 2370; x_wconf 89' lang='lat' dir='ltr'><strong>tractasque</strong></span> <span class='ocrx_word' id='word_1_698' title='bbox 1457 2337 1564 2369; x_wconf 79' lang='lat' dir='ltr'><strong>negotia</strong></span> <span class='ocrx_word' id='word_1_699' title='bbox 1585 2339 1670 2373; x_wconf 84' lang='lat' dir='ltr'><strong>regni,</strong></span> 
     </span>
    </p>
   </div>
   <div class='ocr_carea' id='block_1_104' title="bbox 1045 2379 1588 2415">
    <p class='ocr_par' dir='ltr' id='par_1_104' title="bbox 1045 2379 1588 2415">
     <span class='ocr_line' id='line_1_104' title="bbox 1045 2379 1588 2415; baseline 0.007 -9"><span class='ocrx_word' id='word_1_700' title='bbox 1045 2379 1145 2407; x_wconf 84' lang='lat' dir='ltr'><strong>Ambas</strong></span> <span class='ocrx_word' id='word_1_701' title='bbox 1163 2381 1189 2407; x_wconf 93' lang='lat' dir='ltr'><strong>in</strong></span> <span class='ocrx_word' id='word_1_702' title='bbox 1206 2386 1297 2415; x_wconf 86' lang='lat' dir='ltr'><strong>partes</strong></span> <span class='ocrx_word' id='word_1_703' title='bbox 1313 2381 1423 2409; x_wconf 87' lang='lat' dir='ltr'><strong>finditur</strong></span> <span class='ocrx_word' id='word_1_704' title='bbox 1437 2386 1466 2409; x_wconf 90' lang='lat' dir='ltr'><strong>ut</strong></span> <span class='ocrx_word' id='word_1_705' title='bbox 1480 2381 1588 2411; x_wconf 83' lang='lat' dir='ltr'><strong>ﬂuvius.</strong></span> 
     </span>
    </p>
   </div>
   <div class='ocr_carea' id='block_1_105' title="bbox 1011 2425 1702 2463">
    <p class='ocr_par' dir='ltr' id='par_1_105' title="bbox 1011 2425 1702 2463">
     <span class='ocr_line' id='line_1_105' title="bbox 1011 2425 1702 2463; baseline 0.006 -11"><span class='ocrx_word' id='word_1_706' title='bbox 1011 2425 1105 2452; x_wconf 82' lang='lat' dir='ltr'><strong>Fidum</strong></span> <span class='ocrx_word' id='word_1_707' title='bbox 1121 2432 1146 2453; x_wconf 88' lang='lat' dir='ltr'><strong>te</strong></span> <span class='ocrx_word' id='word_1_708' title='bbox 1164 2427 1267 2460; x_wconf 61' lang='lat' dir='ltr'><strong>praebes</strong></span> <span class='ocrx_word' id='word_1_709' title='bbox 1282 2427 1405 2462; x_wconf 89' lang='lat' dir='ltr'><strong>regisque</strong></span> <span class='ocrx_word' id='word_1_710' title='bbox 1420 2427 1522 2463; x_wconf 86' lang='lat' dir='ltr'><strong>Deique</strong></span> <span class='ocrx_word' id='word_1_711' title='bbox 1536 2430 1702 2462; x_wconf 82' lang='lat' dir='ltr'><strong>ministrum,</strong></span> 
     </span>
    </p>
   </div>
   <div class='ocr_carea' id='block_1_106' title="bbox 1049 2471 1600 2508">
    <p class='ocr_par' dir='ltr' id='par_1_106' title="bbox 1049 2471 1600 2508">
     <span class='ocr_line' id='line_1_106' title="bbox 1049 2471 1600 2508; baseline 0.009 -11"><span class='ocrx_word' id='word_1_712' title='bbox 1049 2471 1088 2498; x_wconf 88' lang='lat' dir='ltr'><strong>Tu</strong></span> <span class='ocrx_word' id='word_1_713' title='bbox 1107 2471 1205 2499; x_wconf 89' lang='lat' dir='ltr'><strong>vallum</strong></span> <span class='ocrx_word' id='word_1_714' title='bbox 1222 2471 1295 2505; x_wconf 83' lang='lat' dir='ltr'><strong>ﬁdei,</strong></span> <span class='ocrx_word' id='word_1_715' title='bbox 1310 2478 1336 2500; x_wconf 93' lang='lat' dir='ltr'><strong>tu</strong></span> <span class='ocrx_word' id='word_1_716' title='bbox 1354 2473 1476 2501; x_wconf 87' lang='lat' dir='ltr'><strong>columen</strong></span> <span class='ocrx_word' id='word_1_717' title='bbox 1497 2475 1600 2508; x_wconf 66' lang='lat' dir='ltr'><strong>patriae.</strong></span> 
     </span>
    </p>
   </div>
   <div class='ocr_carea' id='block_1_107' title="bbox 1012 2515 1708 2552">
    <p class='ocr_par' dir='ltr' id='par_1_107' title="bbox 1012 2515 1708 2552">
     <span class='ocr_line' id='line_1_107' title="bbox 1012 2515 1708 2552; baseline 0.009 -10"><span class='ocrx_word' id='word_1_718' title='bbox 1012 2515 1075 2543; x_wconf 68' lang='lat' dir='ltr'><strong>Haec</strong></span> <span class='ocrx_word' id='word_1_719' title='bbox 1090 2521 1133 2543; x_wconf 90' lang='lat' dir='ltr'><strong>tua</strong></span> <span class='ocrx_word' id='word_1_720' title='bbox 1150 2524 1225 2549; x_wconf 90' lang='lat' dir='ltr'><strong>cura,</strong></span> <span class='ocrx_word' id='word_1_721' title='bbox 1240 2517 1320 2545; x_wconf 88' lang='lat' dir='ltr'><strong>decus</strong></span> <span class='ocrx_word' id='word_1_722' title='bbox 1335 2518 1452 2552; x_wconf 86' lang='lat' dir='ltr'><strong>virtutis,</strong></span> <span class='ocrx_word' id='word_1_723' title='bbox 1469 2525 1591 2547; x_wconf 85' lang='lat' dir='ltr'><strong>sternere</strong></span> <span class='ocrx_word' id='word_1_724' title='bbox 1607 2520 1708 2548; x_wconf 88' lang='lat' dir='ltr'><strong>Christi</strong></span> 
     </span>
    </p>
   </div>
   <div class='ocr_carea' id='block_1_108' title="bbox 1047 2561 1652 2600">
    <p class='ocr_par' dir='ltr' id='par_1_108' title="bbox 1047 2561 1652 2600">
     <span class='ocr_line' id='line_1_108' title="bbox 1047 2561 1652 2600; baseline 0.008 -12"><span class='ocrx_word' id='word_1_725' title='bbox 1047 2561 1152 2596; x_wconf 89' lang='lat' dir='ltr'><strong>Corpus</strong></span> <span class='ocrx_word' id='word_1_726' title='bbox 1163 2562 1327 2595; x_wconf 85' lang='lat' dir='ltr'><strong>scindentes,</strong></span> <span class='ocrx_word' id='word_1_727' title='bbox 1344 2563 1553 2599; x_wconf 83' lang='lat' dir='ltr'><strong>mortiferosque</strong></span> <span class='ocrx_word' id='word_1_728' title='bbox 1567 2565 1652 2600; x_wconf 85' lang='lat' dir='ltr'><strong>lupos.</strong></span> 
     </span>
    </p>
   </div>
   <div class='ocr_carea' id='block_1_109' title="bbox 1011 2607 1608 2638">
    <p class='ocr_par' dir='ltr' id='par_1_109' title="bbox 1011 2607 1608 2638">
     <span class='ocr_line' id='line_1_109' title="bbox 1011 2607 1608 2638; baseline 0.007 -4"><span class='ocrx_word' id='word_1_729' title='bbox 1011 2607 1047 2634; x_wconf 85' lang='lat' dir='ltr'><strong>At</strong></span> <span class='ocrx_word' id='word_1_730' title='bbox 1063 2612 1088 2634; x_wconf 88' lang='lat' dir='ltr'><strong>le</strong></span> <span class='ocrx_word' id='word_1_731' title='bbox 1099 2615 1152 2635; x_wconf 87' lang='lat' dir='ltr'><strong>non</strong></span> <span class='ocrx_word' id='word_1_732' title='bbox 1170 2613 1294 2635; x_wconf 84' lang='lat' dir='ltr'><strong>moveant</strong></span> <span class='ocrx_word' id='word_1_733' title='bbox 1308 2609 1362 2636; x_wconf 87' lang='lat' dir='ltr'><strong>odii</strong></span> <span class='ocrx_word' id='word_1_734' title='bbox 1381 2611 1487 2637; x_wconf 84' lang='lat' dir='ltr'><strong>turbata</strong></span> <span class='ocrx_word' id='word_1_735' title='bbox 1504 2619 1608 2638; x_wconf 85' lang='lat' dir='ltr'><strong>veneno</strong></span> 
     </span>
    </p>
   </div>
   <div class='ocr_carea' id='block_1_110' title="bbox 1046 2651 1678 2690">
    <p class='ocr_par' dir='ltr' id='par_1_110' title="bbox 1046 2651 1678 2690">
     <span class='ocr_line' id='line_1_110' title="bbox 1046 2651 1678 2690; baseline 0.009 -11"><span class='ocrx_word' id='word_1_736' title='bbox 1046 2651 1133 2680; x_wconf 86' lang='lat' dir='ltr'><strong>Corda</strong></span> <span class='ocrx_word' id='word_1_737' title='bbox 1147 2663 1152 2680; x_wconf 90' lang='lat'>:</span> <span class='ocrx_word' id='word_1_738' title='bbox 1168 2653 1257 2688; x_wconf 87' lang='lat' dir='ltr'><strong>lupqu</strong></span> <span class='ocrx_word' id='word_1_739' title='bbox 1271 2654 1387 2690; x_wconf 87' lang='lat' dir='ltr'><strong>jungunt</strong></span> <span class='ocrx_word' id='word_1_740' title='bbox 1401 2655 1504 2684; x_wconf 75' lang='lat' dir='ltr'><strong>fmdera</strong></span> <span class='ocrx_word' id='word_1_741' title='bbox 1520 2657 1591 2684; x_wconf 89' lang='lat' dir='ltr'><strong>nulla</strong></span> <span class='ocrx_word' id='word_1_742' title='bbox 1606 2658 1678 2685; x_wconf 89' lang='lat' dir='ltr'><strong>cani.</strong></span> 
     </span>
    </p>
   </div>
   <div class='ocr_carea' id='block_1_111' title="bbox 1210 2743 1796 2785">
    <p class='ocr_par' dir='ltr' id='par_1_111' title="bbox 1210 2743 1796 2785">
     <span class='ocr_line' id='line_1_111' title="bbox 1210 2743 1796 2785; baseline 0.015 -15"><span class='ocrx_word' id='word_1_743' title='bbox 1210 2743 1232 2759; x_wconf 78' lang='grc'><strong>⁷³</strong></span> <span class='ocrx_word' id='word_1_744' title='bbox 1370 2753 1410 2785; x_wconf 81' lang='lat' dir='ltr'><strong>_vt._</strong></span> <span class='ocrx_word' id='word_1_745' title='bbox 1430 2747 1473 2774; x_wconf 72' lang='grc'><strong>12.</strong></span> <span class='ocrx_word' id='word_1_746' title='bbox 1515 2748 1548 2785; x_wconf 41' lang='grc'><strong>[³</strong></span> <span class='ocrx_word' id='word_1_747' title='bbox 1569 2748 1602 2775; x_wconf 83' lang='lat' dir='ltr'><strong>IV</strong></span> <span class='ocrx_word' id='word_1_748' title='bbox 1622 2748 1687 2785; x_wconf 76' lang='lat' dir='ltr'><strong>Reg.</strong></span> <span class='ocrx_word' id='word_1_749' title='bbox 1704 2757 1734 2783; x_wconf 88' lang='grc' dir='ltr'>ιι,</span> <span class='ocrx_word' id='word_1_750' title='bbox 1751 2748 1796 2778; x_wconf 75' lang='lat' dir='ltr'><strong>l2.</strong></span> 
     </span>
    </p>
   </div>
   <div class='ocr_carea' id='block_1_112' title="bbox 175 2777 960 2816">
    <p class='ocr_par' dir='ltr' id='par_1_112' title="bbox 175 2778 958 2814">
     <span class='ocr_line' id='line_1_112' title="bbox 175 2778 958 2814; baseline -0.005 -5"><span class='ocrx_word' id='word_1_751' title='bbox 175 2781 198 2797; x_wconf 81' lang='lat'>&quot;</span> <span class='ocrx_word' id='word_1_752' title='bbox 215 2781 272 2809; x_wconf 86' lang='lat' dir='ltr'><strong>Jer.</strong></span> <span class='ocrx_word' id='word_1_753' title='bbox 285 2789 304 2814; x_wconf 86' lang='grc' dir='ltr'>ι,</span> <span class='ocrx_word' id='word_1_754' title='bbox 320 2781 362 2808; x_wconf 79' lang='grc'><strong>18.</strong></span> <span class='ocrx_word' id='word_1_755' title='bbox 402 2781 425 2797; x_wconf 90' lang='lat'>&quot;</span> <span class='ocrx_word' id='word_1_756' title='bbox 437 2780 531 2808; x_wconf 85' lang='lat' dir='ltr'><strong>Matth.</strong></span> <span class='ocrx_word' id='word_1_757' title='bbox 545 2788 584 2813; x_wconf 67' lang='grc' dir='ltr'><strong>λι,</strong></span> <span class='ocrx_word' id='word_1_758' title='bbox 601 2781 627 2806; x_wconf 85' lang='lat'><strong>7.</strong></span> <span class='ocrx_word' id='word_1_759' title='bbox 666 2780 688 2795; x_wconf 75' lang='lat'><strong><em>7‘</em></strong></span> <span class='ocrx_word' id='word_1_760' title='bbox 701 2779 778 2806; x_wconf 86' lang='lat' dir='ltr'><strong>Joan.</strong></span> <span class='ocrx_word' id='word_1_761' title='bbox 791 2786 840 2812; x_wconf 79' lang='lat' dir='ltr'><strong>xu,</strong></span> <span class='ocrx_word' id='word_1_762' title='bbox 852 2778 897 2806; x_wconf 77' lang='lat'><strong>25.</strong></span> <span class='ocrx_word' id='word_1_763' title='bbox 936 2778 958 2794; x_wconf 84' lang='grc'><strong>⁷⁷</strong></span> 
     </span>
    </p>
   </div>
   <div class='ocr_carea' id='block_1_113' title="bbox 1012 2777 1622 2816">
    <p class='ocr_par' dir='ltr' id='par_1_113' title="bbox 1034 2777 1622 2816">
     <span class='ocr_line' id='line_1_113' title="bbox 1034 2777 1622 2816; baseline 0.012 -12"><span class='ocrx_word' id='word_1_764' title='bbox 1034 2777 1149 2812; x_wconf 66' lang='lat' dir='ltr'><strong>lieg.n,</strong></span> <span class='ocrx_word' id='word_1_765' title='bbox 1171 2778 1213 2805; x_wconf 72' lang='lat' dir='ltr'><strong>l5.</strong></span> <span class='ocrx_word' id='word_1_766' title='bbox 1252 2779 1274 2794; x_wconf 85' lang='grc'><strong>⁷⁸</strong></span> <span class='ocrx_word' id='word_1_767' title='bbox 1289 2777 1430 2808; x_wconf 82' lang='lat' dir='ltr'><strong>lMachab.</strong></span> <span class='ocrx_word' id='word_1_768' title='bbox 1451 2790 1495 2815; x_wconf 79' lang='lat' dir='ltr'><strong>ix,</strong></span> <span class='ocrx_word' id='word_1_769' title='bbox 1512 2783 1557 2816; x_wconf 84' lang='grc'><strong>50,</strong></span> <span class='ocrx_word' id='word_1_770' title='bbox 1579 2785 1622 2810; x_wconf 80' lang='grc'><strong>51.</strong></span> 
     </span>
    </p>
   </div>
   <div class='ocr_carea' id='block_1_114' title="bbox 212 2872 622 2908">
    <p class='ocr_par' dir='ltr' id='par_1_114' title="bbox 212 2872 622 2908">
     <span class='ocr_line' id='line_1_114' title="bbox 212 2872 622 2908; baseline -0.01 -8"><span class='ocrx_word' id='word_1_771' title='bbox 212 2872 268 2908; x_wconf 81' lang='grc'><strong>(75)</strong></span> <span class='ocrx_word' id='word_1_772' title='bbox 287 2872 356 2900; x_wconf 76' lang='lat' dir='ltr'><strong>Plin.</strong></span> <span class='ocrx_word' id='word_1_773' title='bbox 370 2873 396 2899; x_wconf 94' lang='lat' dir='ltr'><strong>in</strong></span> <span class='ocrx_word' id='word_1_774' title='bbox 412 2873 494 2906; x_wconf 84' lang='lat' dir='ltr'><strong>epist.</strong></span> <span class='ocrx_word' id='word_1_775' title='bbox 505 2879 622 2905; x_wconf 85' lang='lat' dir='ltr'><strong>nuncup.</strong></span> 
     </span>
    </p>
   </div>
   <div class='ocr_carea' id='block_1_115' title="bbox 333 2930 707 2960">
    <p class='ocr_par' dir='ltr' id='par_1_115' title="bbox 333 2930 707 2960">
     <span class='ocr_line' id='line_1_115' title="bbox 333 2930 707 2960; baseline -0.003 0"><span class='ocrx_word' id='word_1_776' title='bbox 333 2931 468 2960; x_wconf 65' lang='lat' dir='ltr'><strong>Px&#39;rnon.</strong></span> <span class='ocrx_word' id='word_1_777' title='bbox 492 2930 551 2960; x_wconf 87' lang='lat' dir='ltr'><strong>Gn.</strong></span> <span class='ocrx_word' id='word_1_778' title='bbox 574 2930 707 2959; x_wconf 69' lang='lat' dir='ltr'><strong>XXXV.</strong></span> 
     </span>
    </p>
   </div>
   <div class='ocr_carea' id='block_1_116' title="bbox 1624 2935 1658 2964">
    <p class='ocr_par' dir='ltr' id='par_1_116' title="bbox 1624 2935 1658 2964">
     <span class='ocr_line' id='line_1_116' title="bbox 1624 2935 1658 2964; baseline 0.029 -1"><span class='ocrx_word' id='word_1_779' title='bbox 1624 2935 1658 2964; x_wconf 82' lang='grc'>11</span> 
     </span>
    </p>
   </div>
  </div>
