2055 3130
247 148 296 175 551
782 145 898 174 JACOBI
918 144 1018 172 BlLLll
1036 142 1300 172 PREFATIONES.
1816 142 1869 170 35%

248 204 275 232 lu
295 210 320 231 te
335 211 386 230 non
402 204 499 231 mirum
519 203 585 230 livor
600 203 622 231 si
639 207 764 238 torqueat
782 210 856 230 arma
871 213 877 231 :
1045 207 1059 235 Α

1045 207 1070 235 Α
1083 201 1163 234 Οὐδὲ,
1174 201 1238 237 τεὴν
1257 201 1356 236 ἀρετὴν
1372 202 1413 228 ὃτι
1429 201 1562 236 βάσκανον
1577 201 1654 236 ὄμμα
1667 200 1789 233 τιταίνει,

288 249 384 277 Virtuti
400 257 506 284 semper
522 249 611 276 tristia
623 249 693 276 bella
709 251 773 276 ciet.

1118 247 1216 282 Θαῦμά
1231 248 1259 282 μ’
1274 247 1344 282 ἔχει·
1359 247 1450 278 καλοῖς
1463 248 1478 273 ὁ
1491 247 1586 281 φθόνος
1600 247 1694 283 ἐχθρὸς
1709 248 1761 274 ἀεί.

248 294 338 322 Invida
359 294 496 322 tabescant
509 294 549 321 vis
562 294 684 329 agmina;
703 294 779 321 turba
794 294 885 321 dolore

1084 293 1220 328 Τήκεσθαι
1234 294 1380 329 φθονεροὺς
1395 293 1506 326 ἐθέλεις,
1520 294 1566 320 καὶ
1579 293 1695 329 ἀνάρσια
1710 293 1781 328 φῦλα

285 340 407 375 Angatur
420 340 514 367 rabido
530 339 652 374 dogmata
668 347 750 373 prava
769 340 881 366 serens?

1118 339 1268 373 Αἱρετικὼν
1283 342 1426 376 κρατεροῖς
1442 341 1552 374 ἄλγεσιν
1567 340 1725 375 ἐμπελάᾳν;

249 385 392 414 Certamen
411 390 484 419 certa
499 385 578 419 fidei;
594 385 714 418 virtutis,
729 390 757 413 ut
771 386 846 417 olim,

1084 384 1197 410 Εὐσεὸἐῖ
1208 385 1361 421 προμάχιζε
1375 385 1462 421 λόγῳ·
1481 385 1650 421 χραίσμησον
1667 385 1779 412 ἄνακτι⁴

286 432 371 466 Perge
385 433 469 465 viam;
488 433 528 459 fer
543 438 620 466 opetn
636 431 833 466 consiliumque
852 431 960 458 throno.

898 437 960 457 ouo.
1121 430 1252 465 Παντοίης
1270 432 1386 467 ἀρετῆς,
1401 433 1438 464 ὼς
1452 431 1621 466 τοπάροιθεν,
1639 431 1709 466 ἔχου.

251 477 313 512 Igne
327 485 389 505 suos
407 483 467 505 uret
483 478 551 504 livor
564 487 570 504 :
585 477 718 511 disrupta,
733 477 831 505 furoris

1087 475 1123 509 Δὴ
1141 476 1200 502 τότε
1216 477 1264 503 καὶ
1282 477 1426 513 φθονεροὺς
1439 476 1514 512 ’πήξει
1528 476 1623 511 φθόνος
1633 485 1640 492 ·
1654 477 1792 510 ἀντιθέους
1806 487 1833 505 τε

286 523 397 551 Occidet
416 530 477 564 esca
492 522 542 555 sui,
559 529 624 556 gens
639 522 747 550 inimica
763 522 828 550 Deo.

1122 521 1219 556 Ὀψεαι
1239 523 1379 558 αὑτοφόνῳ
1391 523 1571 558 βοσκομένους
1589 523 1679 558 μανίῃ.

535 655 659 688 Eiusdem
678 656 760 682 aliua.
1330 657 1346 681 7

1330 654 1384 681 Τοῦ
1402 655 1495 682 αὑτοῦ
1509 656 1617 690 ἓτερον.

251 702 400 730 Pandoram
421 702 511 729 divutn
535 701 646 728 donavit
662 701 739 736 copia
755 701 853 728 mundo
867 710 874 727 .-

1086 700 1233 735 Πανδώρην
1248 700 1311 726 ποτὲ
1326 699 1395 726 δῶκε
1411 699 1479 726 θεῶν
1498 701 1577 736 χορὸς
1592 700 1743 736 ἡμερίοισι·

287 747 439 774 Pandorum
454 746 530 773 nobis
546 751 570 773 te
586 745 657 772 dedit
673 745 858 780 Omnipotens.

1124 746 1268 782 Πάνδωρον
1283 754 1312 772 σε
1329 746 1413 781 μέγας
1428 747 1491 781 ἡμῖν
1507 746 1590 773 ἔδωκε
1607 747 1681 778 Θεός.

251 794 290 820 llli
304 794 330 820 in
348 793 496 828 perniciem
511 798 630 820 nostram
650 794 722 827 (nam
743 792 909 827 perniciosos

1085 793 1116 819 Ol
1134 792 1182 828 μὲν
1199 793 1241 818 ἐπ’
1252 791 1386 828 ῠάργαλέῳ
1404 792 1529 827 μερόπων
1551 792 1644 827 κακῷ’
1658 792 1762 828 ώςηγὰρ
1778 793 1867 828 ἐῴκει,

287 839 442 866 Perniciosa
456 839 534 866 decet
553 839 660 866 mittere
678 838 747 866 dona
764 838 853 873 deos).

1120 836 1287 872 Οὺλομένους
1305 837 1423 871 πέμπειν
1439 836 1514 862 οῠλια
1527 837 1601 873 δῶρα.
1613 837 1690 869 θεούς
1699 845 1705 853 ·

253 885 302 912 llic
313 892 378 912 vero
393 884 426 911 ad
442 884 548 919 generis
561 884 711 911 certissima
724 884 865 911 commoda
888 883 974 911 nostri
989 892 996 910 :
1050 875 1064 902 ί

1058 875 1071 902 Β
1089 884 1136 914 Ὃς
1151 882 1174 908 δ’
1192 883 1238 909 ἐπὶ
1253 876 1297 917 τῷ¹
1310 883 1416 910 πάντων
1438 883 1548 918 ἀγαθῷ·
1566 884 1612 910 καὶ
1627 883 1682 919 γὰρ
1704 884 1869 920 παναριστω

287 930 432 958 Commoda
445 930 544 965 quippe
559 930 645 958 bonus
660 930 706 956 dat
724 936 773 956 sua
787 929 857 956 dona
879 929 958 956 Deus.

936 936 958 956 s.
1121 928 1214 955 Πάντα
1230 927 1296 954 Θεοῦ
1313 928 1427 963 χθονίοις
1441 930 1563 964 χρήσιμα
1574 929 1648 966 δῶρα
1662 929 1747 957 πέλει.

311 1007 349 1038 In
364 1007 593 1038 Nazianzenam
607 1007 646 1035 D.
657 1005 767 1036 Jacobi
780 1005 868 1036 Billii
887 1005 1008 1036 abbatis
1025 1004 1209 1037 Michaeli-ni
1223 1005 1460 1037 translationem
1475 1006 1553 1038 God.
1570 1007 1684 1038 Billius
1698 1009 1810 1047 frater,

907 1056 1002 1087 abbas
1021 1056 1209 1088 Vincentius.

253 1129 399 1164 Gregorius
415 1128 548 1163 quondam
565 1128 650 1162 patria
669 1127 762 1155 tellure
779 1127 898 1163 fugatus,
1075 1126 1231 1154 .Contlolutt
1249 1126 1334 1155 frater
1352 1128 1476 1164 profugo,
1491 1128 1634 1164 docuitque
1654 1135 1792 1165 rogantem

289 1175 434 1210 Appulerat
448 1174 526 1202 sedes
539 1174 616 1201 ex5ul
633 1174 666 1201 ad
678 1173 824 1201 Occiduas.
1123 1172 1231 1199 Mallius
1244 1173 1371 1201 Ausoniis
1387 1173 1468 1201 verba
1486 1182 1583 1202 sonare
1597 1175 1693 1202 modis.

254 1221 391 1255 Excepere
406 1220 493 1247 virum
509 1219 617 1253 quidam
633 1229 639 1245 ε
654 1219 700 1246 sed
716 1218 793 1246 balba
810 1218 952 1253 loquentes
1087 1217 1203 1244 Miratur
1218 1218 1274 1253 jam
1295 1217 1451 1252 Gregorius,
1465 1219 1621 1254 dubitatque
1638 1219 1779 1256 Pelasgqu

289 1264 459 1304 lluncjliam
477 1264 555 1291 balbe
572 1263 742 1291 condocuere
757 1263 840 1297 loqui.
1126 1263 1220 1291 Dicere
1235 1271 1265 1291 se
1287 1265 1398 1298 posthac
1412 1265 1518 1298 debeat,
1531 1273 1565 1292 an
1580 1265 1696 1294 Latium.

313 1343 339 1374 G
366 1337 584 1374 Genebrardus
611 1340 780 1380 Theologus
806 1340 1006 1378 Parisiensis,
1023 1341 1064 1371 ad
1076 1341 1114 1371 D.
1134 1340 1284 1371 Jacobum
1302 1341 1431 1372 Billium
1446 1343 1700 1381 canobiarcham,
1718 1345 1812 1375 trium

548 1391 723 1430 linguarum
735 1391 970 1429 peritissimum,
988 1391 1134 1431 Gregorii
1144 1391 1336 1422 Nazianzeni
1349 1393 1559 1433 interpretem.

253 1465 412 1500 Gregorium
427 1465 461 1492 ob
479 1472 585 1492 versum
598 1468 689 1491 nostra
705 1468 729 1490 te
742 1470 808 1490 voce
823 1463 925 1490 salutat

919 1468 925 1490 ι
1087 1461 1150 1488 Δῖάν
1167 1471 1214 1489 σου
1233 1463 1354 1498 κεφαλὴν
1367 1463 1513 1496 ἀσπάζοντ¹
1530 1464 1598 1491 ἐννέ’
1610 1464 1730 1499 ἀδελφαὶ,

290 1510 374 1537 Pieris
388 1515 416 1537 et
429 1509 568 1537 Charitum
584 1509 653 1536 nuda
665 1516 763 1536 corona
786 1508 878 1535 trium.
1051 1501 1070 1528 (ἶ

1051 1501 1070 1528 C
1123 1508 1206 1535 Tauri
1221 1517 1251 1535 τε
1265 1509 1440 1545 γυμνοχρὸων
1452 1509 1535 1545 δρῶσι
1551 1510 1616 1546 γένη
1628 1510 1764 1546 Χαρίτων.

254 1555 323 1589 Quin
338 1561 365 1583 et
383 1555 530 1591 Gregorius
546 1560 620 1581 tanto
635 1561 683 1588 pro
699 1560 810 1581 munere
825 1561 946 1582 summas

1089 1555 1237 1590 Γρηγόριος
1254 1555 1277 1582 δ’
1288 1556 1369 1587 αὐτὸς
1388 1554 1486 1587 ζαθέαν
1504 1555 1538 1582 δι’
1553 1556 1619 1592 ἐμοῦ
1632 1557 1711 1592 χάριν
1727 1555 1807 1592 οἶδεν,

293 1600 360 1628 Cum
374 1608 498 1635 superum
515 1605 604 1634 grates
618 1600 725 1635 agmine
737 1604 830 1634 gratus
845 1600 910 1634 agit.

903 1618 910 1626 .
1124 1600 1199 1627 Ὀττι
1215 1601 1264 1636 μὲν
1277 1601 1314 1632 ὡς
1337 1601 1439 1637 Ἑρμῆν
1455 1601 1517 1636 ἔσχε
1533 1611 1562 1628 σε
1578 1602 1714 1630 Αὐσόνων.

254 1647 320 1674 Nam
333 1654 393 1674 cum
408 1645 557 1673 barbaricis
567 1645 630 1673 olim
648 1645 807 1680 graderetur
820 1645 847 1671 in
863 1645 945 1678 arvis,

1094 1646 1138 1672 Ἐν
1154 1645 1255 1681 χώραις
1279 1647 1416 1682 πρόπαλαι
1433 1647 1487 1682 γὰρ
1510 1647 1606 1682 ἐνῴκει
1633 1648 1867 1685 βαρϐαροφώνοις,

290 1695 354 1721 Arte
371 1698 416 1721 tua
429 1693 485 1728 jam
500 1700 569 1720 nunc
589 1699 670 1726 regna
690 1691 784 1719 Latina
803 1696 886 1719 tenet.

880 1712 886 1718 .
1122 1691 1178 1718 Νῦν
1190 1692 1217 1718 δὲ
1233 1692 1288 1727 ἔχει
1302 1692 1345 1719 διὰ
1360 1693 1406 1719 σοῦ
1424 1694 1525 1720 σκῇνεα
1542 1694 1690 1729 Ῥωμαϊκά.

252 1764 550 1800 ΙοαηιηίἐὈῘιαῑανάἱ
569 1766 775 1806 Aquipersani
798 1766 838 1796 ad
848 1766 1063 1796 Meotenatem:

1061 1775 1146 1796 suum
1162 1768 1198 1796 Π.
1216 1767 1365 1796 Jacobttm
1380 1766 1518 1805 Billium,
1535 1769 1644 1800 Sancti
1661 1769 1823 1800 Michaelis
1838 1771 1872 1801 in

290 1809 404 1853 Eremo
420 1807 568 1837 Abbatem
581 1805 858 1842 ornatissimum,“
872 1806 910 1835 D.
923 1806 1068 1845 Gregorii
1082 1806 1218 1845 episcopi
1232 1805 1423 1837 Nazianzeni
1433 1807 1632 1847 interpretem
1645 1809 1869 1848 ﬁdelissimum,

288 1856 488 1886 epigramma.

254 1907 288 1934 Ut
309 1906 496 1934 Tobiaeluccm
510 1906 615 1934 soboles
634 1907 764 1940 percliarn
786 1905 890 1939 parenti
1089 1904 1141 1932 Sed
1161 1910 1188 1932 tu
1203 1910 1331 1938 praeterea
1350 1913 1441 1934 vocem
1457 1914 1518 1934 cum
1534 1907 1635 1936 lumine
1653 1908 1752 1941 reddis,

288 1952 413 1980 Restituit
427 1952 462 1983 ",
477 1952 516 1979 sic
531 1956 559 1978 tu
579 1951 679 1978 lumina
696 1951 837 1985 Gregorio.
1124 1949 1160 1976 Ut
1171 1950 1249 1977 modo
1264 1958 1325 1978 cum
1337 1950 1440 1979 Grecis
1453 1951 1532 1979 verba
1547 1952 1643 1981 Latina
1658 1961 1745 1983 sonet.

252 1999 298 2026 Ille
317 1999 425 2034 quidem
448 1998 532 2032 patris
551 2005 585 2024 ex
603 1997 689 2024 oculis
710 1997 826 2031 caligine
842 1997 928 2031 pulsa,
1089 1994 1133 2022 Sic
1148 2003 1195 2030 per
1212 1999 1238 2023 te
1254 1995 1394 2032 (praeclara
1409 1997 1461 2024 duo
1479 1998 1619 2033 miracula)
1635 2007 1721 2034 nuper

289 2045 330 2072 Tu
347 2051 411 2072 vero
427 2051 442 2070 a
458 2048 514 2071 toto
528 2050 641 2077 corpore
655 2042 788 2077 Gregorii.
1123 2040 1217 2068 Caecus
1230 2047 1257 2068 et
1274 2041 1388 2075 elinguis
1407 2049 1478 2070 nune
1495 2043 1577 2076 videt,
1589 2050 1617 2072 et
1630 2045 1760 2080 loquitur.

253 2089 330 2117 Illum
345 2097 407 2116 nam
422 2088 504 2116 veluti
521 2087 592 2115 fmde
609 2093 723 2115 cecarat
738 2087 866 2121 hirundo,
1088 2086 1135 2114 Vis
1157 2085 1273 2114 referam
1289 2087 1395 2122 majus?
1414 2088 1482 2116 Toto
1498 2089 1553 2123 jam
1573 2091 1656 2126 fulget
1676 2092 1703 2119 in
1725 2094 1800 2126 orbe,

288 2133 366 2162 Hunc
379 2134 416 2162 ita
433 2133 590 2161 tuendorum
603 2133 693 2160 versio
710 2133 789 2167 plena
808 2133 892 2167 prior.
1125 2132 1175 2165 Qui
1191 2133 1265 2160 velut
1279 2133 1306 2160 iu
1323 2135 1519 2186 tenebriséante
1535 2137 1656 2172 sepultus
1671 2143 1739 2166 erat.

786 2208 936 2248 Ejusdem
952 2208 1104 2240 Chatardi
1125 2209 1166 2239 ad
1185 2208 1338 2240 lectorem.

256 2284 408 2319 Squallidus
421 2284 447 2312 in
463 2291 536 2311 caeco
556 2282 687 2318 'osephus
706 2289 827 2315 carcere,
841 2283 938 2317 dignus
1033 2298 1035 2302 ι
1052 2285 1078 2315 ι)
1115 2282 1230 2318 -Diguus
1243 2284 1289 2318 qui
1306 2283 1399 2312 volitet
1412 2289 1508 2313 cuncta
1525 2293 1573 2320 per
1585 2294 1633 2314 ora
1649 2288 1747 2316 virum.

291 2331 340 2357 Vix
356 2334 414 2358 erat
429 2335 537 2364 aspestu
555 2329 636 2365 regis,
649 2333 676 2355 et
689 2327 816 2363 alloquio.
1088 2328 1195 2362 Billius,
1208 2329 1289 2365 idque
1306 2330 1392 2358 libens
1408 2339 1505 2367 magno
1519 2333 1617 2361 sudore
1632 2335 1736 2370 peregit

255 2376 318 2403 Inde
331 2375 378 2403 sed
390 2375 511 2407 eductus,
525 2375 596 2401 lmdo
609 2373 744 2409 squallore
765 2378 877 2406 remoto,
1125 2372 1208 2407 Unus,
1221 2374 1292 2408 quod
1309 2374 1385 2402 multi
1402 2383 1454 2403 non
1476 2381 1587 2411 potuere
1603 2378 1694 2406 simul.

288 2420 424 2454 Principis
438 2425 464 2446 et
480 2419 568 2454 populi
582 2420 677 2454 dignus
689 2426 781 2446 amore
795 2418 856 2446 fuit.
1088 2417 1220 2447 Prasstitis
1235 2419 1279 2447 hic
1291 2418 1367 2447 labor
1377 2425 1429 2453 est,
1441 2428 1494 2455 quo
1510 2429 1562 2449 non
1576 2423 1748 2457 praestantior
1758 2424 1835 2458 alter,

256 2466 300 2494 Sic
315 2473 422 2501 quoque
433 2465 580 2500 Gregorius
592 2465 656 2492 dum
674 2465 801 2492 Sordidus
813 2470 876 2492 ante
887 2464 992 2499 jaceret

903 2469 992 2492 acer-et
1124 2463 1271 2498 Pluresque
1289 2464 1389 2500 ingenii
1403 2466 1449 2500 qui
1465 2466 1512 2494 tibi
1527 2473 1617 2495 servet
1631 2476 1714 2503 opes:

289 2511 409 2544 Obsilus,
424 2511 548 2546 indignus
560 2511 605 2545 qui
623 2510 768 2545 legeretur,
783 2514 850 2538 erat.
1089 2507 1128 2534 Ex
1147 2508 1187 2535 his
1204 2516 1271 2542 quas
1291 2509 1368 2537 facile
1384 2510 1487 2538 fulvum
1505 2513 1579 2540 velut
1593 2523 1681 2550 ungue
1698 2516 1801 2545 leonem

254 2558 331 2585 Nulla
345 2557 444 2585 οωηῑω
462 2556 588 2591 gravibus
605 2556 677 2583 vitiis
690 2555 793 2591 pagella
811 2555 920 2583 carebat
1122 2552 1261 2587 Primitiis,
1277 2555 1363 2583 lector
1377 2557 1501 2590 candide,
1516 2566 1594 2586 nosse
1608 2566 1693 2594 potes.

291 2603 324 2630 Et
342 2602 401 2630 sine
419 2607 509 2629 mente
524 2608 620 2628 sonum
638 2601 743 2635 singula
757 2601 840 2627 verba
856 2600 966 2628 dabant.
1086 2597 1179 2626 Nescit
1193 2604 1221 2627 et
1233 2601 1385 2629 exstinctus
1400 2602 1482 2637 (dictu
1502 2604 1635 2640 mirabile)
1654 2608 1765 2641 prmsul,

255 2650 304 2677 Ast
323 2649 370 2678 tibi
392 2656 475 2684 purus
494 2647 579 2680 adest.
593 2652 621 2674 et
635 2647 730 2682 quovis
746 2646 840 2681 purior
855 2653 932 2680 auro,
1123 2644 1250 2674 Praesulis
1265 2647 1377 2675 alterius
1391 2648 1446 2684 jam
1467 2650 1601 2678 redivivus
1617 2659 1678 2686 ope.

293 2697 326 2724 Ut
339 2696 455 2731 primum
468 2693 582 2722 accessit
596 2693 696 2720 Biblica
712 2693 788 2719 docta
809 2700 914 2720 manus.
1087 2692 1176 2727 Atque
1196 2693 1233 2720 ita
1248 2694 1293 2728 qui
1309 2694 1382 2722 clara
1397 2695 1511 2723 ﬂorebat
1524 2697 1549 2724 in
1572 2697 1680 2727 Hellade
1695 2703 1810 2733 tantum,

259 2740 331 2769 '\'unc
346 2741 431 2769 oculis
446 2748 548 2775 regum.
565 2747 635 2767 nunc
652 2745 757 2766 summo
773 2738 870 2773 dignus
884 2738 999 2771 honore,
1124 2737 1200 2767 Nunc
1213 2739 1295 2768 etiam
1309 2744 1365 2769 tota
1380 2740 1460 2769 ﬂoret
1476 2742 1501 2769 in
1516 2743 1648 2772 Ausonia.

291 2841 312 2857 7°
331 2840 397 2869 Tob.
418 2849 456 2874 xt,
474 2840 566 2867 15-15.
