2055 3130
738 165 853 195 JACOBI
874 165 972 193 BlLLll
991 165 1256 195 PREFATIONES.
1300 143 1303 148 Ἰ
1322 144 1324 147 ἡ

1755 165 1810 194 354

491 316 836 353 JACOBUSBILLIUS,
867 316 986 345 ABBAS
1014 316 1045 345 S.
1075 315 1276 346 MICHAELIS
1303 316 1341 345 IN
1369 315 1511 352 EREMO,

878 395 928 416 P10
951 394 1081 416 LECTORI
1102 395 1118 417 δ

233 527 271 554 En
286 527 385 558 habes.
409 525 452 560 pie
474 523 581 558 Lector,
596 525 724 553 eximium
742 525 815 552 illum
831 525 980 553 Orientalis
995 529 1018 558 Α
1032 528 1212 562 lnterpretum
1229 528 1442 562 translationem,
1457 527 1534 564 cujus
1549 533 1603 556 tum
1622 534 1676 556 toto
1689 531 1756 556 orbe
1769 537 1812 556 sa-

197 573 324 602 Ecclesia:
343 572 482 600 doctorem
508 571 666 606 Gregorium
691 579 705 597 a
732 571 809 598 nobis
832 570 979 600 Latinitate

197 621 324 647 donatum
341 625 349 645 :
369 625 403 646 ex
423 617 499 652 cujus
515 617 632 645 lectione
646 618 746 644 utinam
760 621 863 644 tantum
878 617 982 646 fructus

197 666 246 693 tibi
261 672 359 699 capere
372 664 532 699 contingat,
548 668 678 698 quantum
693 663 793 691 laboris
806 671 837 690 ac
849 663 981 692 molestia

199 712 246 738 fuit
262 710 338 738 nobis
351 710 377 736 in
390 716 423 736 eo
436 708 567 737 vertendo
578 708 756 736 subeundum.
769 708 820 735 Vix
835 709 906 736 enim
920 710 982 737 cui-

198 764 279 792 quam
291 756 420 784 credibile
434 755 553 782 futurum
566 760 618 787 est,
630 763 710 790 quam
724 755 824 782 invitus
835 755 878 783 hic
888 761 982 783 auctor

200 803 271 837 apud
285 809 335 830 nos
357 801 563 836 peregrinetur,
580 800 632 827 nisi
650 801 694 835 qui
716 799 795 834 hujus
818 801 856 828 rei
873 802 982 835 pericu-

200 850 254 876 lum
276 846 380 875 fecerit.
399 846 455 874 Hoc
473 854 538 874 vero
552 851 577 874 te
591 847 757 874 exorandum
773 846 874 879 habeo,
889 855 922 874 ne
939 854 982 875 me

200 899 247 922 aut
261 894 343 921 nimis
358 893 447 928 supini
465 893 604 928 cujusdam
624 893 672 920 otii
689 893 837 920 notandum
851 901 963 921 censeas
973 913 982 926 ,

200 942 245 977 qui
257 939 331 969 velut
344 948 400 968 rem
415 945 514 973 actam,
533 944 562 966 ut
578 939 630 966 dici
646 938 725 972 solet,
741 947 793 967 non
811 939 869 967 sine
886 947 982 975 magno

201 986 333 1021 temporis
349 985 489 1020 dispendio
503 992 598 1012 rursus
614 984 715 1019 egerint
729 988 736 1017 ς
752 989 798 1011 aut
813 992 907 1019 parum
919 992 984 1012 can-

201 1033 255 1060 didi
270 1031 352 1058 animi
369 1038 429 1058 esse
439 1030 562 1065 judices,
576 1030 622 1065 qui
638 1029 665 1057 in
685 1030 792 1058 labores
807 1031 920 1058 aliorunt
941 1032 983 1058 in-

202 1078 333 1110 troierim,
353 1077 472 1111 ipsisque
496 1077 600 1104 meritae
619 1076 704 1104 laudis
726 1081 913 1111 argumentum
927 1077 983 1104 eri-

201 1132 265 1160 pere
276 1124 325 1152 sim
340 1128 464 1150 conatus.
478 1123 597 1156 Quorum
613 1127 757 1156 utrumque
769 1122 858 1155 facile,
875 1131 889 1149 a
902 1128 939 1154 te,
955 1127 985 1150 ut

201 1170 307 1205 opinor,
324 1169 466 1201 obtincbo,
490 1168 511 1194 si
537 1168 614 1195 modo
639 1172 741 1194 tantum
757 1168 833 1194 tibia
852 1169 984 1203 graviori-

1032 579 1174 601 crosancta
1189 581 1248 602 erat
1262 575 1412 602 auctoritas
1424 595 1431 608 ,
1451 576 1575 610 Aquilam
1590 575 1672 612 etiam
1688 580 1715 603 et
1734 576 1813 612 Sym-

1032 619 1158 647 machum
1176 625 1203 647 et
1217 618 1429 648 Theodolionem
1446 621 1604 656 plerumque
1617 622 1790 649 consulerent
1805 631 1811 648 :

1035 670 1064 692 ut
1077 666 1099 693 si
1118 666 1181 700 quid
1196 667 1262 701 ipsis
1279 667 1402 702 caliginis
1416 667 1579 700 oboriretur,
1592 668 1743 702 huiusmodi
1757 668 1814 695 col-

1032 711 1131 739 latione
1146 712 1242 740 discuti
1260 718 1360 747 posset.

1039 780 1045 789 ,
1068 757 1143 790 Quod
1161 757 1269 791 quidem
1291 759 1324 785 ad
1349 766 1391 786 me
1412 760 1524 791 attinet,
1540 760 1613 795 potui
1628 761 1679 789 hoc
1696 766 1813 796 tetnpus,

1033 803 1104 836 quod
1123 802 1296 838 Gregoriana:
1313 805 1430 831 versioni
1447 806 1538 832 datum
1555 812 1611 838 est,
1628 806 1706 841 longe
1727 814 1814 833 atria:-

1033 849 1156 876 nioribus
1171 850 1510 885 tnihiquejucundioribus
1523 853 1620 880 studiis
1636 853 1790 886 impendere
1805 862 1812 880 :

1033 895 1079 922 sed
1099 895 1274 929 quorumdam
1299 896 1412 924 consilio
1435 901 1515 931 atque
1536 898 1689 925 auctoritati
1709 899 1807 926 ceden-

1033 941 1095 968 dum
1111 941 1219 975 putavi,
1236 942 1282 975 qui
1299 942 1455 970 doctissimo
1468 943 1575 977 quidem
1597 944 1671 976 viro,
1685 950 1812 972 caeterum

1034 987 1102 1021 apud
1117 987 1228 1014 Latinos
1241 988 1331 1021 nimis,
1348 993 1378 1015 ut
1391 988 1509 1020 aiebant,
1524 990 1650 1022 obscuro,
1665 991 1772 1025 suique,
1786 995 1816 1018 ut

1033 1030 1214 1066 Hieronymus
1231 1031 1359 1065 loquitur,
1379 1032 1496 1067 dispari,
1518 1033 1586 1061 lucis
1600 1034 1698 1068 aliquid
1712 1043 1745 1062 ex
1766 1036 1816 1062 hac

1034 1081 1126 1104 nostra
1148 1077 1319 1104 traductione
1338 1086 1509 1106 accessurum
1528 1079 1594 1107 Inibi
1612 1085 1685 1108 certo
1703 1081 1814 1115 pollice-

1033 1124 1142 1150 bantur.
1163 1122 1238 1150 llanc
1252 1123 1343 1159 itaque
1357 1126 1524 1159 provinciam
1539 1127 1656 1162 suscepi,
1671 1135 1751 1162 quam
1766 1128 1817 1155 uti-

1034 1168 1086 1196 lem
1102 1170 1209 1202 nescio,
1227 1170 1292 1196 mihi
1305 1175 1378 1197 certe
1395 1172 1430 1197 ita
1448 1179 1557 1206 gravem
1571 1180 1603 1200 ac
1618 1173 1770 1207 molestam,
1788 1180 1817 1201 ut

201 1215 251 1242 bus
275 1215 327 1241 tuis
346 1213 442 1241 studiis
457 1213 505 1240 otii
521 1212 619 1244 fuerit,
634 1217 663 1239 ut
677 1220 786 1246 eorum,
804 1213 849 1247 qui
865 1218 927 1240 ante
943 1221 984 1241 tne
999 1212 1020 1239 B
1035 1214 1190 1242 inchoatum
1212 1222 1279 1249 opus
1303 1217 1464 1250 abrumpere
1485 1225 1517 1244 ac
1538 1219 1673 1252 perpetuis
1698 1220 1817 1247 tenebris

202 1262 229 1288 in
243 1261 294 1289 hoc
313 1261 419 1296 negotio
434 1260 532 1287 versati
547 1265 623 1292 sunt,
637 1260 843 1287 translationem
860 1268 921 1288 cum
933 1262 984 1289 hac

202 1314 304 1342 nostra,
318 1313 345 1336 et
360 1314 504 1342 utramque
515 1308 548 1335 ad
558 1307 695 1343 exemplar
706 1305 841 1341 Graecum,
855 1312 983 1342 tanquam

202 1354 236 1380 ad
248 1351 359 1388 Lydium
373 1353 488 1388 lapidem
502 1372 509 1385 ,
521 1352 664 1387 explorare
675 1357 763 1380 vacet.
781 1351 857 1386 Quod
873 1353 895 1380 si
910 1352 983 1381 fece—

203 1399 255 1431 ris,
274 1406 327 1426 non
341 1398 464 1433 equidem
484 1398 594 1432 dubito,
615 1398 680 1432 quiti
697 1399 733 1425 ita
749 1398 788 1425 sis
813 1399 985 1426 existimatu-

201 1452 249 1472 rus
259 1463 268 1477 ,
280 1445 400 1472 laborem
414 1444 486 1471 hunc
500 1448 621 1472 nostrum
638 1452 690 1471 non
709 1442 788 1471 modo
803 1452 855 1472 non
876 1445 983 1472 inanem

202 1499 235 1518 ac
256 1498 501 1527 supervacaneum,
522 1490 570 1518 sed
591 1490 673 1517 etiam
693 1497 776 1525 prope
801 1492 982 1519 necessarium

202 1536 296 1565 fuisse.
320 1536 459 1564 Neminem
483 1536 612 1569 insector,
637 1536 736 1563 nullius
756 1542 845 1564 errata
862 1537 983 1564 tradueo.

203 1582 350 1611 Barbarum
364 1587 406 1611 est
418 1582 578 1618 sugillandis
594 1581 707 1609 aliorum
729 1582 868 1610 laboribus
885 1583 985 1618 ingenii

202 1628 497 1664 doctrinmquelaudem
506 1628 644 1662 aucupari.
660 1627 820 1662 Monstrum,
833 1636 885 1655 non
898 1629 986 1656 homi-

204 1682 265 1702 nem
276 1681 336 1702 esse
347 1679 448 1705 statuo,
463 1673 508 1708 qui
525 1673 576 1707 piis
589 1673 702 1699 aliorum
716 1674 858 1701 conatibus
872 1674 985 1701 studiis-

205 1728 258 1755 que
278 1727 331 1747 non
353 1719 460 1751 favere.
485 1719 532 1746 sed
549 1718 702 1745 obtrectare
725 1717 816 1753 cupit,
838 1727 987 1754 eorumque

204 1765 295 1800 lapsus
323 1765 469 1792 crudeliter
492 1765 581 1799 potius
607 1766 733 1801 detegere
758 1770 840 1799 atque
865 1765 986 1793 omnium

205 1812 290 1839 oculis
309 1819 443 1846 exponere
464 1817 589 1843 conatur,
610 1818 690 1846 quam
715 1810 833 1838 fraterne
851 1811 986 1844 obvelare,

206 1858 246 1885 vel
260 1858 354 1885 saltem
370 1864 512 1885 excusare.
525 1857 578 1885 Sed
595 1863 623 1884 ut
639 1857 771 1884 nefarium
786 1857 814 1883 in
831 1857 924 1891 primis
938 1857 987 1884 ha-

1035 1258 1162 1285 damnare
1179 1266 1231 1286 non
1247 1260 1330 1287 semel
1343 1260 1494 1295 cogitarim.
1516 1261 1592 1295 Quod
1614 1264 1636 1291 si
1658 1265 1729 1291 vires
1743 1272 1817 1292 mens

1034 1304 1118 1338 probe
1132 1304 1287 1338 exploratas
1302 1306 1454 1334 habuissem
1468 1327 1475 1340 ,
1495 1313 1576 1343 atque
1590 1313 1620 1336 ut
1641 1308 1772 1338 Dominus
1789 1312 1814 1338 in

1035 1348 1181 1384 Evangelia
1196 1351 1331 1383 admonet,
1346 1357 1469 1386 sumptus
1483 1355 1516 1380 ad
1531 1361 1587 1382 rem
1601 1355 1754 1389 hujusmodi
1770 1364 1817 1384 ne-

1036 1396 1168 1423 cessarios
1180 1402 1377 1430 computassem
1385 1397 1426 1431 '°;
1449 1399 1471 1426 si
1491 1406 1624 1428 summam
1644 1401 1734 1436 operis
1748 1402 1817 1429 dilIi-

1036 1442 1162 1471 cultatem
1172 1465 1180 1477 ,
1203 1446 1326 1478 corporis
1342 1446 1480 1481 plusquam
1496 1449 1609 1476 vitream
1624 1449 1816 1484 valetudinem,

1036 1489 1218 1526 doctrinaeque
1236 1493 1393 1520 tenuitatem
1409 1494 1500 1521 animo
1513 1496 1714 1530 perpendissem
1726 1517 1733 1529 ,
1749 1505 1818 1524 nun-

1036 1542 1115 1572 quam
1127 1556 1134 1569 ,
1149 1538 1186 1564 ita
1201 1545 1243 1564 me
1260 1538 1330 1565 Deus
1343 1543 1433 1572 amet,
1453 1539 1515 1567 huic
1530 1541 1692 1569 traductioni
1709 1551 1818 1571 manum

1036 1580 1208 1615 adiecissem.
1234 1581 1286 1609 Sed
1314 1591 1376 1610 vera
1402 1589 1443 1611 est
1474 1584 1639 1620 Thucydidis
1666 1589 1818 1622 sententia,

1043 1626 1159 1662 ⁷Λμτι.θία
1173 1627 1272 1663 θράσος
1282 1651 1289 1662 ,
1303 1629 1317 1654 ὁ
1330 1629 1458 1664 λογισμὸς
1471 1629 1584 1661 δ’,ὁκνον
1599 1632 1686 1668 φέρει.
1703 1633 1757 1661 Nec
1771 1635 1819 1662 abs

1037 1680 1067 1700 re
1080 1673 1111 1699 τὸ
1127 1672 1213 1699 Γνῶθι
1235 1674 1356 1707 σεαυτόν,
1377 1675 1444 1701 tanti
1470 1675 1506 1702 ab
1528 1677 1634 1703 erudita
1657 1676 1820 1710 antiquitate

1038 1718 1138 1746 factum
1154 1723 1207 1751 est,
1228 1723 1257 1746 ut
1270 1720 1296 1746 id
1309 1727 1361 1747 non
1378 1720 1484 1748 mortali
1501 1722 1617 1756 cuipiam
1628 1741 1636 1755 ,
1649 1722 1695 1750 sed
1711 1722 1776 1755 Deo,
1792 1727 1821 1750 et

1038 1764 1149 1791 deorum
1163 1764 1364 1798 sapientissimo
1377 1766 1578 1793 attribuendum
1594 1767 1767 1794 existimarit.
1782 1767 1821 1794 Ac

1038 1810 1107 1836 mihi
1119 1809 1188 1837 idem
1205 1819 1315 1846 prorsus
1329 1811 1464 1838 accidisse
1478 1812 1577 1844 sentio,
1592 1813 1662 1847 quod
1677 1813 1821 1848 navigandi

1040 1855 1216 1883 insolentibus
1236 1864 1286 1884 usu
1310 1857 1404 1884 venire
1418 1857 1504 1890 solet;
1527 1857 1573 1892 qui
1597 1858 1780 1886 allubescente
1805 1867 1822 1885 e

204 1902 321 1931 bendum
339 1907 396 1934 est,
416 1910 449 1929 ex
471 1902 621 1929 alienarunt
637 1902 855 1930 lucubrationum
871 1902 986 1929 inSecta-
1001 1889 1022 1918 (ί
1040 1903 1111 1925 terra
1123 1900 1206 1927 maris
1216 1905 1324 1934 aspectu
1338 1901 1405 1928 mira
1415 1909 1476 1928 cum
1489 1902 1571 1929 animi
1582 1902 1720 1937 voluptate
1730 1904 1820 1931 navim

205 1950 278 1977 tione
300 1956 332 1976 ac
349 1949 521 1984 depressione
537 1955 676 1979 crescere,
700 1948 857 1982 aditumque
879 1948 928 1975 sibi
954 1948 987 1975 ad

206 1995 344 2024 hominum
367 1995 466 2022 famam
492 1995 599 2021 munire
623 1994 717 2022 velle:
742 1995 778 2021 ita
799 2002 859 2021 cum
886 1993 987 2028 publici

205 2042 338 2069 commodi
351 2049 432 2069 causa
446 2041 471 2068 id
487 2040 623 2075 postulat,
645 2041 746 2068 nemini
765 2041 830 2068 vitio
849 2040 917 2067 verti
937 2039 987 2067 de-

205 2089 267 2120 bet,
291 2095 348 2115 rem
363 2087 397 2114 ab
418 2087 478 2114 aliis
503 2091 647 2114 tractatatn
673 2090 836 2119 retractare,
859 2093 890 2113 ac
914 2086 987 2112 velut

206 2134 256 2161 sub
275 2128 398 2160 incudem
424 2140 561 2160 revocare.
583 2133 669 2160 Nimis
687 2132 760 2160 enim
788 2132 908 2166 profecto
935 2131 987 2159 sibi

206 2183 314 2213 arrogat
328 2178 374 2213 qui
392 2177 555 2205 contumelia
572 2185 602 2204 se
621 2177 691 2205 allici
706 2182 815 2210 censet,
833 2177 855 2204 si
872 2177 932 2211 quis
945 2175 988 2204 Vel

206 2233 266 2259 qua:
291 2225 347 2259 ipse
368 2223 526 2258 scripserit,
549 2224 694 2251 emendare
714 2231 746 2251 ac
769 2222 925 2258 pel‘polire,
948 2223 989 2248 vel

206 2272 288 2298 etiarn
304 2270 391 2298 eidem
407 2269 524 2296 materia:
537 2290 544 2302 ,
566 2269 588 2296 si
608 2269 634 2296 id
656 2277 670 2296 e
688 2277 717 2296 re
732 2269 862 2296 litteraria
878 2269 934 2296 fore
949 2269 989 2295 vi-

207 2317 312 2348 deatur,
335 2315 480 2343 secundam
502 2321 611 2341 manum
629 2313 754 2341 admoliri
773 2314 867 2340 audeat
887 2322 893 2339 :
910 2313 989 2339 modo

207 2363 267 2391 dum
286 2362 338 2389 illa:
357 2362 503 2388 teterrima:
517 2365 608 2395 pestes
628 2360 721 2395 procul
744 2364 896 2392 arceantur,
921 2359 990 2386 livor

206 2414 234 2437 et
247 2408 414 2437 obtrectandi
428 2408 557 2435 studium.
573 2407 650 2441 Quod
665 2415 726 2434 eum
742 2407 769 2433 in
784 2407 858 2434 omni
872 2406 989 2439 scripto-

208 2463 267 2482 rum
284 2462 382 2490 genere
397 2454 528 2481 hactenus
543 2453 650 2481 licuerit
665 2452 727 2489 (nec
744 2453 815 2480 enim
834 2452 892 2479 sine
908 2459 989 2479 causa

208 2500 361 2528 (imorum
373 2499 515 2534 proverbio
528 2499 636 2529 dicitur,
650 2498 777 2533 δευτέρας
787 2498 931 2533 φροντίδας
944 2505 989 2523 σοι

208 2546 331 2581 φωτέρας
351 2543 441 2579 εἶναι),
456 2550 511 2571 tum
532 2551 599 2572 vero
621 2544 647 2570 in
669 2543 881 2570 traductionibus
903 2542 986 2569 multo

205 2592 305 2626 justius
320 2590 521 2618 concedendum
535 2595 594 2623 est;
615 2597 728 2623 quarum
747 2589 824 2622 copia
847 2593 927 2622 atque
946 2588 986 2614 ιΙὶ-

208 2637 334 2669 versitas,
349 2641 379 2663 ut
398 2635 465 2663 nihil
478 2635 550 2662 aliud
575 2634 700 2662 utilitatis
721 2635 824 2669 pariat,
849 2634 900 2661 hoc
914 2638 988 2660 certe

208 2682 341 2710 commodi
358 2681 454 2712 affert,
476 2679 548 2715 quod
562 2687 595 2707 ex
610 2679 725 2714 plurium
743 2679 918 2712 interpretum
934 2677 990 2704 col-

208 2727 309 2755 latione
322 2727 441 2754 auctoris
454 2725 588 2753 seulentia
609 2725 709 2752 clarius
728 2723 866 2751 elucescit.
890 2722 935 2749 Sic
952 2722 990 2748 ri«

208 2774 302 2802 demus
327 2781 341 2800 a
365 2772 464 2806 priscis
487 2771 540 2798 illis
564 2770 690 2798 Ecclesiae
706 2768 862 2796 doctoribus
876 2768 991 2794 libenter

208 2819 360 2848 factitatum
372 2825 443 2850 esse.
455 2822 485 2844 ut
498 2821 596 2852 praeter
608 2815 722 2844 nobilem
734 2814 806 2842 illam
820 2813 990 2848 septuaginta

243 2887 266 2903 ὐ
281 2886 345 2913 Luc.
361 2891 415 2916 υς.
432 2883 477 2911 9-8.

1039 1944 1236 1980 ingrediuntur,
1255 1943 1307 1974 laeti
1322 1947 1404 1974 etiam
1426 1953 1454 1975 et
1476 1948 1581 1976 alacres
1604 1949 1694 1977 littora
1718 1950 1820 1986 legunt,

1039 1991 1127 2025 quoad
1145 1992 1172 2018 in
1186 1991 1268 2019 altum
1284 1995 1420 2028 pervecti,
1445 1995 1576 2023 subducta
1597 1996 1652 2031 jam
1677 1997 1750 2024 omni
1777 1997 1822 2024 illa

1040 2038 1205 2065 ammnitatis
1229 2039 1334 2073 specie,
1353 2040 1379 2066 in
1398 2040 1572 2074 gravissimos
1592 2041 1690 2076 capitis
1713 2042 1820 2070 dolores

1039 2082 1172 2117 incidunt,
1186 2091 1340 2119 nauseaque
1351 2085 1448 2113 misere
1460 2086 1630 2114 divexantur.
1645 2088 1685 2115 Ad
1695 2089 1818 2115 eumdem

1039 2129 1111 2155 enim
1125 2129 1182 2163 ipse
1197 2137 1302 2164 quoque
1317 2131 1425 2158 modum
1439 2131 1465 2158 in
1480 2132 1530 2159 hac
1554 2132 1723 2160 traductione
1733 2153 1741 2166 ,
1759 2141 1820 2160 cum

1039 2174 1118 2208 primi
1132 2174 1220 2202 aditus
1234 2175 1363 2203 facilitate
1379 2176 1485 2204 illectus
1500 2180 1527 2204 et
1542 2177 1693 2210 inescatus,
1707 2178 1821 2212 juvenili

1040 2220 1156 2254 quodam
1172 2221 1255 2247 animi
1272 2221 1370 2248 ardore
1387 2229 1419 2248 ac
1434 2222 1566 2257 praecipiti
1581 2223 1683 2258 impetu
1703 2223 1819 2250 stadium

1040 2272 1123 2292 unum
1138 2271 1218 2300 atque
1235 2267 1348 2294 alterum
1366 2275 1492 2295 emensus
1506 2268 1617 2296 fuissem
1632 2277 1639 2296 :
1659 2269 1694 2296 ita
1710 2275 1822 2304 repente

1040 2309 1144 2337 lubrica
1159 2312 1248 2338 omnia
1266 2320 1441 2347 gressumque
1462 2313 1599 2347 fallentia,
1623 2315 1658 2342 ita
1681 2323 1776 2350 aspera
1794 2322 1821 2343 et

1040 2354 1177 2383 salebrosa
1190 2357 1289 2391 reperi,
1299 2363 1328 2384 ut
1339 2366 1388 2385 nec
1400 2359 1504 2393 regredi
1514 2359 1570 2394 jam
1582 2366 1638 2394 prze
1648 2361 1759 2396 pudore,
1771 2370 1821 2390 nec

1039 2402 1164 2435 progredi
1182 2402 1239 2429 sine
1259 2403 1379 2436 periculo
1398 2411 1514 2436 possent.
1532 2404 1647 2432 Tantum
1671 2407 1698 2433 iu
1722 2415 1764 2434 me
1783 2412 1820 2434 tc-

1040 2451 1150 2477 meritas
1167 2449 1259 2481 valuit,
1274 2458 1334 2484 qua:
1353 2457 1406 2477 non
1420 2450 1508 2477 minus
1521 2458 1601 2485 quant
1617 2451 1746 2484 ebrietas,
1759 2461 1819 2486 spes

1037 2492 1114 2526 jubet
1131 2500 1190 2519 esse
1213 2497 1304 2526 ratas,
1325 2493 1352 2519 in
1373 2494 1463 2527 prwiia
1482 2494 1566 2521 trudit
1583 2496 1731 2522 inermem!
1749 2497 1820 2523 Incr-

1041 2546 1110 2565 mem
1124 2538 1196 2565 cnim
1211 2539 1290 2573 plane
1304 2547 1346 2566 me
1359 2547 1419 2566 esse
1435 2539 1533 2573 fateor,
1543 2541 1615 2575 quod
1629 2541 1734 2575 quidem
1748 2542 1781 2568 ad
1796 2543 1821 2569 id

1042 2583 1155 2615 attinet,
1181 2589 1211 2610 ut
1236 2592 1297 2611 cum
1323 2589 1397 2620 tanto
1423 2585 1522 2612 Milone
1538 2592 1655 2620 quantus
1673 2592 1714 2613 est
1731 2592 1822 2614 uoster

1041 2628 1187 2664 Gregorius
1202 2629 1334 2656 facundia:
1346 2631 1494 2657 rertantine
1505 2630 1637 2657 dimicare
1648 2639 1753 2665 queam,
1766 2632 1822 2659 cxi«

1039 2674 1160 2708 miasque
1175 2675 1258 2708 ipsius
1272 2675 1348 2702 dotes
1366 2675 1461 2702 Latina
1480 2676 1603 2703 oratione
1617 2683 1821 2710 repraesentare.

1040 2720 1126 2753 Atque
1141 2720 1211 2747 haud
1226 2720 1282 2748 scio
1297 2729 1329 2747 an
1353 2721 1496 2756 quisquam
1516 2721 1552 2748 sit
1567 2726 1641 2748 tanta
1664 2722 1768 2749 dicendi
1784 2723 1825 2750 fa-

1040 2766 1139 2792 cultate
1151 2773 1182 2793 ac
1195 2766 1337 2793 verborum
1351 2766 1426 2801 copia
1442 2767 1582 2800 praeditus,
1597 2767 1642 2801 qui
1657 2772 1710 2794 tam
1727 2769 1825 2796 uberes

1040 2816 1066 2838 et
1081 2812 1205 2847 proiusas
1218 2813 1378 2848 eloquentiae
1396 2820 1460 2847 opes
1475 2813 1511 2840 ita
1525 2820 1540 2840 e
1555 2812 1660 2841 Graecia
1675 2814 1702 2841 in
1719 2813 1824 2842 Latiuv
