2055 3130
234 162 288 189 335

766 161 885 189 JACOBI
906 161 1008 190 BlLLIl
1027 162 1294 191 PREFATIONES.

1808 168 1859 197 556

236 225 380 254 asportare
394 220 489 254 possit,
506 225 535 246 ut
550 227 602 247 non
620 223 731 247 mtntnm
753 220 807 247 illis
819 221 912 255 gratiae
925 222 1022 256 pretii-
1040 226 1061 254 Λ
1075 228 1135 250 ctus
1150 222 1368 258 sum,’permulta
1380 229 1465 258 eaque
1476 223 1684 258 castrgatissima
1697 225 1859 259 exemplaria

235 274 287 302 que
298 274 330 294 ex
343 267 497 301 hujusmodi
511 267 710 294 transvectione
720 266 846 300 decedat,
856 272 1023 303 cogaturque

237 313 344 340 tandem
357 313 406 340 hoc
419 312 528 339 Homeri
540 319 620 340 versu
633 313 682 344 uti,

307 381 450 416 Δυστήνων
460 380 489 407 δέ
500 389 529 407 τε
545 381 638 412 παῖδες
653 380 688 416 ἐῷ
702 381 778 416 μένει
791 381 927 408 ἀντιόωσι.

271 447 337 474 Nam
371 455 430 474 cum
445 447 518 474 nulla
547 447 637 482 lingua
659 452 714 474 tam
731 447 808 483 inops
823 453 904 483 atque
930 449 1022 485 jejuna

237 494 291 525 sit,
321 494 384 528 quin
402 494 550 528 permultas
568 501 649 522 voces
678 494 788 527 habeat,
809 502 869 529 quae
898 495 924 522 in
943 497 1023 523 aliam

236 539 353 573 linguam
392 539 449 566 sine
485 539 597 566 molesto
623 539 765 566 verborum
797 541 912 567 circuittt
942 546 1024 575 atqtte

215 615 217 621 η
235 585 375 619 elegantiae
401 585 542 620 dispendio
562 585 701 613 transferri
735 591 880 621 neqtteant,
898 587 961 621 quid
980 587 1023 614 hic

235 638 297 657 cunt
318 638 350 658 eo
382 637 491 658 attctore
520 631 653 666 interpres
684 631 781 664 faciet,
803 632 849 666 qui
872 633 899 659 in
932 633 1022 668 copio-

236 676 343 703 sissima
359 684 391 703 ac
405 677 463 704 sine
479 677 560 704 dubio
572 677 692 704 omnium
707 677 920 712 locupletissima
933 677 1023 712 lingua

234 723 379 750 verborum
393 723 511 757 argutias
522 723 700 758 undecunque
712 728 802 757 captat
815 731 821 751 :
836 728 865 750 ut
875 729 941 758 quot
953 723 1024 757 ejus-

235 769 307 795 modi
322 776 403 796 voces
420 769 537 796 orationi
556 770 712 804 asperserit,
730 774 770 797 tot
786 777 855 805 pene
870 778 964 797 cruces
980 770 1022 797 itt-

236 815 348 847 terprcti
364 815 456 842 fixisse
471 815 604 843 videatur.

271 861 341 894 Quid
350 861 383 888 de
394 862 506 895 prolixis
519 862 570 888 illis
581 862 699 897 periodis
710 863 808 897 dicam,
821 871 880 898 quze
892 869 919 890 Ill
929 863 1023 891 Grreco

239 908 358 935 sermoni
376 907 411 935 ob
425 910 603 936 connectendi
618 909 776 937 facilitatem
791 918 843 937 non
859 918 953 944 parum
965 918 1024 945 ενι]-
1041 900 1061 927 Β

235 956 280 982 tia:
293 959 374 988 atque
391 955 543 982 ornamenti
562 954 694 988 afferunt,
714 957 749 982 ita
768 963 828 983 cum
846 956 941 983 Latine
958 955 1022 983 effe-

234 1004 340 1032 runtur,
356 999 468 1027 nimium
483 1001 527 1027 ditt
545 1008 704 1035 suspensum
720 1002 830 1029 lectoris
847 1002 967 1029 animum
984 1007 1023 1028 te-

235 1051 309 1077 nent,
325 1053 373 1072 nec
385 1046 443 1072 sine
454 1046 570 1080 quodam
585 1046 692 1073 fastidio
711 1048 939 1074 transmittuntur.
955 1047 1015 1074 Jam

234 1099 301 1118 vero
315 1091 483 1118 brevissimae
498 1091 549 1119 illa:
564 1091 710 1120 allusiones
725 1100 783 1127 qum
800 1097 856 1121 toto
871 1101 953 1128 opere
971 1103 1021 1121 llll-

235 1137 317 1171 dique
330 1144 430 1171 sparsa:
446 1141 526 1170 sunt,
549 1145 629 1172 quant
648 1143 780 1165 attenttttn
803 1146 835 1166 ac
851 1139 1022 1174 diligentem,

234 1191 316 1218 qttam
331 1191 384 1211 non
399 1183 478 1211 tnodo
493 1183 583 1211 multa:
596 1183 722 1211 lectionis
734 1205 742 1216 ,
758 1185 805 1212 sed
828 1185 910 1212 etiam
936 1185 1023 1213 felicis

234 1229 374 1264 cujusdam
398 1230 535 1257 memoria:
556 1231 729 1265 interpretem
750 1231 909 1265 requirunt,
930 1236 1023 1266 utpote

234 1283 295 1310 quae
307 1275 349 1302 vel
365 1277 496 1310 ignoratae
511 1276 554 1303 vel
571 1277 714 1312 neglectim
733 1282 914 1310 transcursa,
933 1282 1023 1305 tantas

235 1329 431 1356 nonnunquam
443 1322 584 1356 interpreti
598 1322 725 1350 tenebras
742 1322 897 1356 offundunt,
913 1328 941 1350 ut
956 1324 1023 1358 psit—

235 1367 287 1394 taci
300 1375 373 1395 more
384 1368 447 1401 quid
460 1367 586 1403 loquatur
602 1369 715 1401 nesciat,
730 1374 810 1404 atque
822 1375 851 1396 ut
861 1369 920 1397 Jobi
932 1370 1023 1397 verbis

233 1417 306 1444 utar,
323 1413 411 1445 ἄλλοις
427 1414 541 1449 νήχηται
558 1413 666 1448 λόγοις,
688 1421 771 1449 seque
792 1415 865 1442 velut
886 1416 912 1443 in
935 1416 1023 1444 alieno

234 1459 304 1488 creto
317 1467 377 1487 esse
392 1460 561 1486 arbitretur?
582 1459 619 1487 Ex
635 1468 690 1495 quo
709 1461 777 1488 satis
800 1466 912 1496 apparet
925 1462 1022 1497 quibus

233 1506 368 1542 prtesidiis
384 1505 545 1533 inslrttctum
562 1513 622 1532 eum
639 1514 699 1533 esse
714 1511 853 1541 oporteat,
867 1507 914 1542 qui
931 1508 956 1534 in
977 1508 1024 1535 hu-

231 1552 350 1586 jusmodi
364 1551 474 1586 scriptis
488 1551 684 1579 transferendis
695 1553 832 1587 specimen
845 1553 886 1581 sui
902 1553 1022 1588 praebere

234 1599 318 1633 cttpit.
349 1598 406 1625 Huc
430 1598 553 1632 accedit,
581 1598 653 1634 quod
682 1599 845 1633 peculiarem
878 1600 1023 1634 quamdam

233 1645 354 1679 phrasim
379 1644 460 1672 habet
484 1643 650 1680 Gregorius,
679 1645 887 1672 disertissimam
915 1646 1023 1681 quidem

234 1691 307 1718 illam
326 1695 405 1725 atque
420 1691 445 1717 in
462 1691 556 1725 primis
571 1691 717 1724 eruditam,
732 1691 779 1718 sed
796 1699 856 1726 quae
867 1692 909 1719 vel
921 1693 1025 1727 perspi-

235 1736 396 1763 cacissimos
411 1735 568 1770 interpretis
584 1736 677 1763 oculos
694 1743 880 1770 saepenumero
896 1737 1026 1771 perstrin-

236 1787 298 1818 gat,
320 1787 350 1809 ut
371 1782 421 1809 nisi
436 1789 569 1808 summam
588 1789 680 1809 curam
704 1782 1025 1818 animadversionemque

236 1828 408 1860 adhibuerit,
427 1827 656 1863 quemadmodum
678 1827 754 1855 Ixion
775 1827 821 1856 ille
836 1835 885 1862 pro
900 1828 1024 1858 adamata

236 1874 342 1902 lunone
354 1874 464 1906 nttbem,
481 1874 522 1902 sic
539 1874 597 1908 ipse
612 1881 661 1909 pro
676 1881 739 1901 vera
757 1874 877 1902 auctoris
890 1875 1025 1902 sententia

235 1929 288 1948 non
306 1921 356 1948 nisi
374 1920 459 1948 levem
477 1921 622 1955 quamdam
641 1924 668 1947 et
683 1920 789 1946 inanem
805 1919 949 1948 verborum
965 1929 1025 1948 um-

234 1967 311 1994 bram
339 1967 527 2002 amplectatur.
556 1965 591 1993 Ut
616 1966 688 1993 enim
709 1965 809 1993 Dmdali
832 1970 954 2000 statuas,
973 1968 1026 1995 nisi

236 2013 401 2040 firmissimis
411 2012 527 2040 Vinculis
540 2012 765 2046 astringerentur,
784 2012 874 2047 fugam
886 2013 1027 2047 corripere

236 2059 329 2086 solitas
343 2065 403 2086 esse
427 2058 521 2086 scribit
543 2057 618 2084 Plato
643 2064 650 2083 :
675 2057 710 2083 ita
730 2065 876 2091 germanus
896 2057 1026 2093 Τὴθοίοεί

236 2112 333 2132 sensus
349 2104 403 2132 nisi
425 2103 577 2131 arctissima
598 2103 746 2129 attentione
763 2109 796 2129 ac
811 2103 950 2138 diligentia
968 2104 1027 2131 vin—

236 2151 334 2182 ciatur,
354 2149 496 2185 interpreti
519 2149 597 2183 quasi
619 2149 653 2175 de
669 2148 794 2175 manibus
813 2148 938 2176 elabitur.
961 2148 1026 2182 Quae

236 2197 326 2224 omnia
352 2205 413 2224 cum
433 2203 475 2223 me
493 2196 569 2223 tniris
593 2195 679 2222 modis
707 2194 851 2227 torserint,
877 2200 932 2222 tum
961 2196 1025 2223 illud

1076 270 1103 296 in
1131 269 1325 296 illustrissimz:
1348 270 1447 304 reginae
1466 269 1628 297 bibliotheca
1650 277 1728 302 esse,
1747 278 1859 305 quorum

1075 324 1126 350 ope
1146 321 1227 350 atque
1247 315 1403 350 adiumento
1417 316 1614 343 insanabilibus
1629 316 1726 352 alioqui
1745 318 1862 345 vulneri-

1074 361 1124 389 bus
1141 362 1302 389 medicinam
1321 361 1419 390 afferre
1440 370 1558 397 possem.
1584 362 1642 396 Quo
1667 363 1762 390 nuntio
1779 371 1860 398 supra

1075 415 1155 442 quam
1170 408 1223 435 dici
1241 413 1323 442 queat
1338 408 1500 441 oblectatus,
1518 415 1566 443 per
1581 409 1767 436 doctissimum
1780 414 1861 443 atqtte

1075 453 1299 480 humanissimum
1312 453 1400 480 virum
1421 452 1586 480 Ludovieum
1605 452 1744 487 Busmum,
1756 452 1859 487 regium

1074 499 1266 532 confessorem,
1287 499 1358 526 haud
1381 506 1479 534 magno
1499 499 1606 534 negotio
1620 506 1636 526 a
1658 501 1751 534 regina
1774 499 1859 533 impe-

1075 545 1154 577 travi,
1169 549 1198 572 ut
1216 545 1281 572 milti
1294 544 1389 572 liceret
1401 545 1522 572 codicem
1537 552 1618 572 unttm
1638 544 1706 575 (nec
1720 544 1791 571 enim
1804 544 1861 578 plu-

1075 599 1118 618 res
1140 591 1219 618 simul
1242 599 1321 623 passa
1341 591 1400 626 est)
1421 598 1454 618 ex
1471 591 1555 626 ipsius
1572 590 1731 618 bibliotheca
1755 597 1860 617 mecum

1074 636 1178 663 efferre.
1189 636 1250 664 Tuli
1262 637 1343 672 igitur
1355 636 1550 671 amplissimum
1566 636 1687 663 codicem
1700 634 1861 670 capitalibus

1075 681 1171 710 litteris
1187 688 1344 714 exaratum,
1368 687 1474 710 tantum
1503 682 1673 716 antiquitatis
1697 689 1752 716 prae
1772 688 1802 708 se
1821 680 1862 708 fe-

1076 734 1190 761 rentem,
1208 734 1238 755 ut
1253 729 1337 763 ipsius
1351 728 1547 763 propemodum
1562 727 1685 762 Gregorii
1699 731 1778 754 actate
1793 726 1862 754 scri-

1075 779 1136 810 ptus
1148 781 1208 802 esse
1224 775 1362 802 videretur
1376 783 1382 801 :
1398 774 1453 808 qui,
1470 778 1568 809 praeter
1579 773 1706 808 epistolas
1718 777 1745 800 et
1757 780 1860 805 versus,

1074 820 1163 847 omnia
1178 819 1263 855 ipsius
1277 827 1358 854 opera
1377 818 1544 846 continebat.
1565 819 1650 852 Quem
1671 826 1731 846 cum
1755 818 1862 853 paucis-

1075 866 1151 893 simis
1170 866 1264 893 diebus
1287 865 1438 893 incredibili
1459 865 1599 892 celeritate
1621 864 1813 899 perlegissem,
1829 871 1862 891 ex

1073 919 1161 946 e0t1ue
1177 912 1320 939 innumera
1339 911 1397 939 loca
1417 918 1477 946 quae
1491 911 1516 938 in
1532 911 1664 945 impresso
1678 911 1775 938 vitiose
1793 910 1864 945 lege-

1073 957 1182 989 bantur,
1209 957 1358 992 integritati
1380 965 1436 984 suaa
1461 957 1655 988 restituissem,
1679 956 1771 984 statim
1800 963 1862 983 eum

1073 1003 1195 1030 Athenas
1210 1001 1275 1037 (quo
1289 1002 1361 1030 enim
1378 1002 1431 1030 alio
1448 1002 1559 1029 nomine
1571 1001 1785 1035 incomparabile
1799 1001 1863 1028 illud

1074 1049 1205 1076 bonarttm
1221 1049 1343 1076 omnium
1356 1049 1508 1075 litterarum
1530 1047 1752 1083 gazophylacium
1773 1046 1864 1082 appel-

1074 1096 1164 1132 lem?)
1182 1095 1352 1124 referendum
1369 1095 1462 1128 habui,
1476 1100 1505 1122 ut
1521 1095 1634 1122 alterum
1648 1094 1786 1130 exemplar
1802 1094 1863 1122 inde

1074 1150 1167 1170 rursus
1181 1142 1327 1170 auferrem.
1342 1142 1371 1169 In
1391 1142 1443 1169 hoc
1456 1141 1595 1169 sexdecim
1610 1141 1742 1168 duntaxat
1757 1140 1863 1167 oratio-

1074 1197 1122 1217 nes
1133 1195 1226 1223 erant,
1244 1189 1411 1217 doctissimis
1429 1188 1531 1215 Nicette
1551 1187 1672 1215 Serronii
1696 1191 1861 1214 commenta-

1075 1236 1124 1263 riis
1140 1236 1291 1268 illustrattc,
1304 1234 1415 1262 intextis
1426 1234 1507 1261 etiam
1518 1233 1677 1268 quibusdam
1692 1232 1771 1260 Pselli
1783 1240 1863 1259 enar-

1076 1282 1225 1309 rationibus
1240 1281 1266 1308 in
1281 1281 1438 1308 obscuriora
1459 1280 1517 1308 loca
1540 1280 1666 1307 secundae
1681 1279 1810 1306 orationis
1824 1278 1863 1306 De

1075 1325 1213 1353 Paschate.
1224 1326 1282 1360 Quo
1293 1325 1400 1360 quidem
1415 1325 1553 1353 volumine
1565 1332 1626 1352 cum
1641 1324 1706 1352 mihi
1722 1332 1770 1359 pro
1781 1324 1862 1352 animi

1074 1371 1206 1398 arbitratu
1224 1371 1261 1398 uti
1277 1370 1384 1402 liceret,
1399 1377 1451 1398 non
1467 1369 1546 1397 modo
1575 1370 1608 1397 ad
1622 1377 1653 1397 ea
1675 1377 1734 1405 qua:
1753 1369 1862 1397 inchoa-

1074 1424 1165 1444 veram
1176 1424 1208 1444 ac
1219 1416 1292 1443 velut
1302 1423 1352 1450 pro
1364 1416 1501 1443 derelictis
1513 1415 1655 1448 habebam,
1664 1416 1862 1450 prosequenda,

1074 1463 1121 1491 sed
1136 1463 1168 1490 ad
1193 1471 1224 1491 ea
1239 1463 1321 1491 etiam
1342 1469 1402 1498 qua:
1425 1461 1534 1490 Nieetas
1554 1466 1753 1489 commentatus
1777 1461 1863 1488 fuerat

1074 1509 1196 1536 Romano
1211 1517 1338 1537 sermone
1354 1509 1479 1537 donanda
1495 1516 1538 1537 me
1554 1508 1671 1536 accinxi.
1691 1507 1746 1535 Nec
1763 1508 1834 1535 enirn
1847 1515 1862 1533 ιι

1074 1556 1189 1590 publicis
1208 1556 1357 1584 commodis
1372 1555 1488 1583 alienum
1504 1554 1562 1582 fore
1574 1554 1678 1589 putavi,
1691 1553 1712 1581 si
1729 1560 1863 1580 commen-

1077 1607 1148 1629 tator
1162 1602 1256 1630 Latine
1270 1602 1436 1636 loqueretur,
1449 1601 1495 1636 qui
1506 1601 1628 1629 Graecum
1641 1599 1776 1627 hominem
1788 1598 1864 1626 Grae—

1076 1655 1124 1675 cus
1140 1648 1197 1682 ipse
1212 1646 1444 1682 interpretandum
1461 1646 1592 1674 duxisset.
1611 1645 1687 1679 Quod
1703 1649 1792 1672 autem
1811 1652 1864 1672 non

1076 1700 1168 1720 omnes
1181 1692 1239 1726 ejus
1255 1693 1468 1720 commentarios
1478 1712 1485 1724 ,
1500 1693 1546 1720 sed
1560 1699 1607 1719 eos
1624 1691 1711 1719 solum
1725 1712 1732 1723 .
1754 1698 1820 1726 qttos
1838 1691 1865 1718 in

1077 1739 1254 1775 panegyricas
1268 1738 1406 1766 orationes
1425 1739 1565 1770 ediderat,
1578 1738 1605 1765 in
1624 1743 1707 1765 totum
1723 1736 1843 1765 converti
1855 1756 1863 1768 .

1076 1786 1127 1813 hoc
1145 1793 1197 1813 non
1216 1790 1269 1812 tam
1286 1785 1385 1812 laboris
1399 1784 1517 1820 fugiendi
1533 1792 1613 1811 causa
1627 1783 1689 1816 feci,
1702 1791 1781 1818 quam
1794 1783 1864 1818 quod

1077 1838 1197 1864 vererer,
1211 1838 1244 1858 ne
1257 1830 1340 1858 nimia
1354 1830 1411 1857 haec
1425 1834 1517 1857 nostra
1535 1829 1663 1856 sedulitas
1678 1828 1737 1863 plus
1755 1827 1801 1855 tibi
1818 1833 1865 1854 HB-

1077 1877 1112 1905 dii
1133 1884 1213 1911 quam
1242 1875 1369 1903 utilitatis
1397 1875 1516 1902 afferret.
1538 1874 1585 1903 Sic
1611 1874 1703 1909 itaque
1727 1873 1865 1908 negotium

1077 1921 1237 1957 temperavi,
1250 1926 1279 1947 ut
1294 1928 1341 1948 eas
1356 1920 1465 1956 quidem
1482 1920 1680 1952 enarrationes,
1696 1926 1756 1954 quae
1770 1917 1804 1945 ad
1821 1923 1864 1944 re-

1078 1977 1136 1996 rum
1159 1968 1248 2004 potius
1271 1975 1351 2002 quam
1376 1967 1520 1994 verborum
1546 1965 1755 2000 explicationem
1774 1964 1866 1992 facere

1078 2016 1249 2047 videbantur,
1264 2018 1335 2041 totas
1347 2013 1457 2040 Latinas
1472 2013 1604 2040 facerem:
1617 2020 1650 2039 ex
1661 2012 1694 2040 iis
1705 2016 1793 2039 autem
1805 2019 1864 2046 qum

1081 2069 1134 2088 non
1146 2065 1199 2088 tam
1216 2067 1260 2087 res
1275 2060 1348 2094 ipsas
1357 2058 1537 2094 exponebant,
1550 2065 1629 2092 quam
1643 2056 1774 2084 orationis
1783 2056 1863 2083 verba

1077 2107 1138 2134 aliis
1153 2106 1244 2133 verbis
1259 2105 1448 2140 exprimebant
1458 2124 1466 2136 ,
1490 2103 1631 2130 utilissima
1652 2106 1755 2129 tantum
1770 2108 1865 2129 excer-

1077 2159 1180 2187 perem,
1197 2156 1277 2186 atque
1291 2151 1317 2178 in
1333 2150 1497 2178 scholiorum
1514 2149 1626 2176 formam
1640 2147 1798 2183 redigerem.
1814 2146 1864 2174 Ubi

1078 2199 1159 2226 etiam
1171 2198 1193 2225 si
1206 2197 1269 2232 quid
1283 2196 1347 2223 tnihi
1360 2195 1489 2226 occurrit.
1505 2194 1575 2229 qttod
1589 2193 1688 2221 Niceta:
1703 2192 1864 2227 expositioni

236 2243 316 2279 longe
334 2242 519 2271 vehementius
532 2242 650 2269 animum
666 2241 834 2268 excruciavit
846 2260 853 2272 ,
872 2241 944 2275 quod
957 2240 1026 2268 ller—
1041 2250 1066 2280 ι)
1080 2251 1132 2271 non
1142 2243 1311 2270 incommode
1324 2242 1404 2276 adjici
1416 2248 1496 2276 posse
1511 2240 1658 2271 videretur,
1669 2238 1695 2266 id
1709 2245 1814 2273 quoque
1824 2238 1864 2264 in-

237 2291 369 2326 vagianus
390 2290 475 2317 codex
486 2308 493 2321 ,
516 2288 561 2323 qui
586 2295 656 2315 unus
671 2288 830 2322 suppetebat
841 2308 848 2320 ,
865 2292 904 2314 tot
918 2293 1028 2322 tamque

238 2335 318 2364 foedis
337 2335 476 2362 erroribus
489 2334 621 2364 scatebat,
638 2338 667 2359 ut
679 2333 710 2360 ad
723 2333 775 2359 hoc
785 2332 879 2366 Augite
891 2331 1025 2359 stabulant

239 2381 438 2417 repurgandum
463 2388 515 2408 non
538 2388 591 2407 uno
615 2379 731 2407 [lercule
757 2386 824 2414 opus
840 2383 921 2406 esset.
948 2378 1026 2405 Nulla

239 2429 344 2461 oratio,
357 2427 431 2454 nulla
450 2426 641 2461 propemodum
662 2425 757 2460 pagina
772 2425 939 2459 gravissimis
954 2432 1027 2452 meu-

239 2474 281 2501 dis
298 2473 427 2504 vacabat;
444 2470 635 2505 ὁλοσώματος,
659 2474 689 2497 ut
713 2471 748 2497 ita
767 2467 870 2502 dicam,
891 2475 949 2497 erat
970 2469 1027 2497 haec

240 2520 329 2554 plaga.
355 2517 488 2551 Quocirca
514 2524 575 2543 cutn
599 2516 745 2550 deploratis
770 2516 871 2543 morbis
895 2517 1026 2543 medicam

238 2572 348 2592 manum
373 2564 517 2590 admovere
543 2561 640 2589 medici
664 2566 774 2595 vetent,
794 2569 829 2590 ne
844 2562 902 2597 ipse
916 2562 1026 2597 quidem

237 2619 347 2639 causam
364 2610 443 2637 ullam
460 2616 522 2636 esse
538 2607 647 2643 putavi,
661 2615 709 2634 cur
722 2609 747 2634 in
766 2613 820 2634 tam
838 2612 967 2643 corrupto
984 2613 1027 2634 at-

238 2666 291 2691 que
309 2655 452 2685 insanabili
468 2655 562 2683 codice
575 2655 675 2682 diutius
694 2662 737 2682 me
759 2654 832 2681 inani
853 2654 945 2681 labore
961 2649 1030 2682 con;

238 2705 358 2731 ficerem.

273 2749 417 2784 Tantisper
432 2749 524 2783 itaque
542 2747 608 2775 mihi
627 2747 663 2774 ab
681 2747 786 2782 incepta
803 2747 928 2774 versione
950 2746 1026 2781 quic-

236 2798 291 2821 tcm
307 2795 436 2829 itnperavi
448 2815 454 2827 ,
471 2794 559 2828 quoad
579 2792 611 2819 ab
629 2792 718 2820 amico
730 2792 846 2826 quodam
863 2792 964 2819 certior
985 2791 1024 2818 fa-

271 2882 329 2917 (76)
347 2883 420 2918 Soph
435 2903 442 2916 ,
470 2882 558 2916 Ajac,
573 2887 645 2909 vers.
662 2880 724 2908 878.

1079 2296 1170 2316 serere
1185 2296 1237 2315 non
1252 2288 1371 2315 dubitavi
1385 2295 1392 2314 :
1407 2285 1486 2313 affixo
1498 2290 1586 2312 tamen
1602 2284 1658 2312 fere
1671 2290 1778 2318 semper
1791 2287 1863 2310 aste-

1080 2336 1160 2368 risco,
1178 2339 1206 2360 ut
1223 2339 1315 2361 nostra
1328 2340 1343 2359 a
1357 2331 1493 2359 Nicetanis
1508 2330 1614 2357 facilius
1635 2330 1864 2356 internoscantur.

1079 2380 1156 2413 Quod
1168 2378 1275 2414 quidem
1288 2376 1430 2404 consilium
1440 2380 1560 2403 nostrum
1574 2375 1619 2402 tibi
1632 2374 1710 2402 facile
1723 2374 1863 2408 probatum

1079 2426 1113 2452 iri
1133 2424 1250 2452 confido.
1273 2424 1361 2458 Atque
1382 2422 1427 2449 hic
1441 2429 1548 2456 quoque
1562 2428 1654 2447 verum
1671 2427 1731 2447 esse
1745 2419 1865 2454 comperi

1079 2472 1151 2507 quod
1167 2471 1307 2505 proverbio
1323 2470 1419 2497 Graeco
1431 2470 1528 2497 dicitur
1541 2469 1596 2501 (76)
1606 2488 1613 2500 ,
1628 2467 1711 2497 Πόνος
1726 2466 1799 2500 πόνῳ
1816 2465 1864 2491 πό-

1077 2526 1120 2545 νον
1137 2517 1225 2552 φέρει.
1239 2515 1273 2543 Ut
1284 2515 1355 2542 enim
1371 2515 1475 2550 primus
1490 2515 1534 2542 ille
1548 2513 1720 2549 Gregoriana:
1733 2511 1864 2538 versionis

1078 2563 1152 2590 labor
1168 2562 1281 2589 alterum
1296 2561 1412 2588 laborem
1431 2561 1569 2594 suscipere
1580 2580 1587 2592 ,
1605 2560 1656 2586 hoc
1667 2563 1726 2590 est,
1743 2557 1863 2586 Nicetam

1079 2607 1182 2635 Latinis
1201 2607 1312 2634 auribus
1337 2606 1466 2634 exhibere
1487 2614 1531 2633 me
1543 2605 1652 2640 coegit:
1674 2604 1711 2631 ita
1729 2604 1863 2632 secundus

1078 2654 1122 2681 hic
1138 2653 1226 2685 labor,
1241 2653 1317 2688 quasi
1336 2652 1445 2687 quidam
1461 2652 1616 2687 Eurysteus,
1634 2651 1699 2678 mihi
1715 2650 1775 2677 novi
1790 2650 1862 2676 labo-

1079 2700 1116 2726 ris
1128 2698 1290 2733 suscipiendi
1306 2698 1496 2725 necessitatem
1509 2691 1646 2732 itnposhjt.
1658 2696 1739 2724 Vertit
1750 2695 1820 2722 enim
1835 2695 1862 2722 in

1079 2750 1195 2781 mentem
1207 2743 1405 2771 subverettdum
1418 2750 1488 2774 esse,
1505 2750 1539 2770 ne
1553 2750 1653 2781 parant
1663 2742 1713 2769 sibi
1726 2744 1863 2769 constaret

1079 2779 1122 2817 hic
1138 2794 1229 2817 noster
1243 2789 1330 2822 labor,
1349 2788 1372 2815 si
1391 2787 1551 2823 quibusdam
1566 2779 1749 2819 orationibus,
1764 2784 1862 2820 partim
