2055 3130
217 187 269 214 557

761 171 878 216 ,ΙᾸΟΟΒΙ
898 188 1279 222 ΒιιιιιιριιλΕΕΑΤιοΝΕΞ.

1790 189 1842 216 538

217 247 805 282 contracttoreexposuione,partimiutegro
814 248 1009 276 commentario
1023 254 1046 280 Α
1062 249 1170 277 bricatae
1189 249 1277 275 futura
1297 252 1377 280 sunt,
1403 252 1484 282 atque
1500 250 1528 274 ut
1546 246 1631 274 Graeci
1653 246 1746 273 aiunt:
1761 247 1842 274 Οὐδὲν

216 291 379 325 explanatis,
399 293 508 327 reliquie
523 293 596 321 velut
611 294 702 321 nothre
716 294 774 321 sine
787 293 839 321 ullo
852 295 1005 322 annotatio-

217 346 280 366 num
304 338 433 365 comitatu
455 339 612 373 prodirent,
641 347 700 366 cum
718 343 804 366 tamen
821 340 885 375 ipsa;
901 348 1007 376 quoque

217 383 401 418 compluribus
415 384 481 412 locis
496 385 586 413 lumen
608 384 715 420 aliquod
731 384 919 420 explicationis
936 386 1007 414 haud

218 428 297 455 dubie
311 428 475 463 ﬂagitarent.

253 474 322 509 Ergo
337 474 363 501 in
380 475 428 502 has
443 476 524 502 etiam
547 476 652 504 scholia
675 476 830 504 elucubravi
841 498 848 510 ,
864 477 1006 512 prolixita-

217 523 271 547 tem
287 520 386 555 ubique
405 526 535 555 quantum
558 521 633 549 licuit
655 522 766 549 vitans:
788 527 817 549 ut
831 522 854 549 si
871 521 940 550 forte
960 522 1008 549 Ni-

217 570 283 593 cette
304 566 492 600 interpretatio
507 567 661 601 prolixitate
682 567 772 601 aliqua
793 568 911 595 animum
932 573 1006 595 Itium

217 611 353 638 interdum
368 610 552 646 subolfendat,
568 613 627 640 hac
640 612 760 640 molestia
778 612 938 641 scholiorum
960 620 1008 640 no-

218 660 336 683 strorum
353 657 486 684 brevitate
507 658 638 685 diluatur.
666 657 705 685 De
725 658 821 693 quibus
844 658 910 686 nihil
936 658 1007 686 aliud

219 702 307 730 dicam
319 722 326 735 ,
342 703 394 730 nisi
412 710 455 731 me
470 711 575 731 summa
599 711 664 732 cura
686 704 877 740 diligentiaque
897 709 1008 732 conten-

219 748 301 782 disse,
320 754 350 777 ut
372 749 416 777 hic
428 754 522 779 auctor
538 750 676 785 aliquanto
689 751 790 778 clarior
804 755 831 779 et
849 752 968 786 apertior
981 751 1007 779 in

218 802 316 823 manus
331 799 391 822 tuas
403 797 566 830 perveniret.
576 796 667 831 Adjeci
678 801 809 832 praeterea
821 796 907 825 Nonni
923 805 1007 832 opus-

219 838 307 866 culum
319 859 326 872 ,
347 847 401 874 quo
425 840 553 875 profanas
570 842 698 869 historias
715 846 742 869 et
758 841 862 870 fabulas
882 843 1007 878 exponit,

222 884 255 912 de
269 885 367 920 quibus
386 886 412 913 in
433 885 577 914 lnvectivis
592 887 723 915 adversus
745 887 878 915 Julianum
893 888 1008 922 Aposta-

220 935 274 958 tam
303 932 465 959 mentionem
493 931 820 969 facitGregorius:qasd
831 934 911 961 etiam
923 934 1009 969 ipsum
1026 930 1047 957 Β

220 977 253 1004 de
266 976 359 1005 Graeco
375 977 400 1004 in
419 977 545 1005 Latinum
563 980 756 1007 convertimus.
775 980 840 1007 illud
855 985 943 1008 autem
962 988 1009 1008 ve-

222 1022 278 1055 lim,
298 1023 362 1050 mihi
378 1023 465 1051 fraudi
487 1032 522 1052 ne
536 1025 582 1056 sit,
596 1025 667 1060 quod
680 1026 761 1053 multa
774 1026 832 1054 loca
844 1026 949 1053 Veteris
960 1025 1011 1054 Te-

222 1068 348 1095 stamenti
366 1069 445 1095 aliter
462 1069 548 1102 verti,
567 1077 647 1104 quam
669 1070 695 1097 in
714 1069 827 1106 Vulgata
844 1070 1012 1098 traductione

225 1112 388 1140 habeantur.
401 1113 467 1140 Nam
480 1121 540 1142 cum
552 1115 618 1142 mihi
633 1122 694 1142 cum
707 1122 738 1143 eo
751 1116 860 1143 homine
874 1123 918 1143 res
929 1120 1011 1148 esset,

225 1160 271 1194 qui
298 1168 352 1188 non
376 1161 429 1188 alia
454 1169 534 1196 quam
553 1161 624 1189 LXX
644 1162 821 1197 lnterpretum
837 1163 1013 1190 translatione

221 1210 352 1240 uteretur,
372 1207 462 1234 decuit
477 1214 520 1234 me
532 1207 669 1242 profecto,
688 1208 741 1236 imo
757 1209 868 1235 omnino
883 1208 1012 1243 oportuit,

222 1253 305 1286 ipsius
316 1253 436 1288 vestigiis
448 1253 474 1279 in
489 1253 613 1281 versione
623 1261 682 1281 mea
695 1254 831 1288 insistere,
844 1259 926 1289 atque
939 1261 1014 1282 eam-

223 1299 284 1326 dem
303 1300 508 1327 translationem
530 1300 618 1335 sequi.
640 1300 748 1335 Alioqui
765 1300 913 1328 innumeris
931 1308 1014 1336 prope

227 1343 294 1371 locis
312 1351 362 1371 nec
377 1344 501 1379 Gregorii
517 1345 662 1380 explicatio
682 1354 743 1373 cum
767 1346 914 1380 Scriptura:
929 1350 1014 1380 textu,

226 1397 277 1417 nec
300 1389 403 1418 Niccta:
425 1391 558 1426 expositio
575 1399 635 1419 cum
651 1391 794 1427 Gregorii,
815 1392 1016 1427 Scripturaeque

226 1435 318 1463 verbis
332 1435 385 1463 ullo
400 1436 480 1464 modo
497 1438 673 1471 quadrasset;
699 1444 790 1464 verum
804 1437 876 1464 aliud
889 1437 952 1464 tibia
964 1457 972 1470 ,
989 1442 1017 1464 ut

228 1481 309 1516 vulgo
322 1482 375 1510 dici
390 1482 468 1515 solet,
485 1483 645 1517 cecinisset,
661 1483 731 1511 aliud
745 1491 792 1519 pes
809 1483 944 1512 saltasset.

261 1527 322 1555 Haec
333 1532 406 1561 sunt,
419 1528 527 1562 Lector,
539 1537 598 1564 qua:
611 1530 643 1557 ad
654 1529 685 1557 ι).
695 1529 829 1565 Gregorii,
842 1530 896 1557 imo
906 1533 938 1557 ad
951 1534 1019 1557 tem-

226 1576 264 1611 pli
276 1577 322 1604 Dei
334 1596 341 1608 ,
360 1576 437 1611 cujus
452 1577 498 1605 ille
514 1577 583 1612 lapis
596 1577 673 1605 vivus
691 1577 760 1609 fuit,
782 1576 987 1604 exornationem
1003 1583 1018 1602 a

226 1622 305 1650 nobis
328 1623 424 1650 collata
451 1628 534 1651 sunt:
556 1631 615 1659 quae
637 1623 660 1651 si
679 1623 712 1651 ad
736 1623 834 1650 virium
864 1627 1018 1650 nostrarum

227 1669 365 1697 modulum
378 1670 533 1705 exigantur,
558 1677 611 1696 non
632 1677 714 1704 parva
738 1668 873 1700 fortasse;
891 1668 912 1695 si
929 1673 1019 1695 autent

231 1715 264 1742 ad
283 1715 459 1744 excellentem
486 1714 606 1742 auctoris
627 1715 786 1750 dignitatem
809 1714 1019 1749 perpendantur,

232 1760 322 1789 minus
337 1769 418 1796 quam
434 1761 479 1797 pili
495 1768 637 1796 caprarum
649 1781 656 1794 ,
679 1760 815 1796 pellesque
837 1761 953 1787 arietum
974 1767 1019 1786 ru-

227 1865 384 1892 ῘΔΚΩΒΟΣ
399 1865 420 1889 0
440 1863 585 1890 ΒΙΛΛΙΟΣ
613 1864 695 1889 ΤΟΙΣ
714 1862 1021 1890 ΕΝΤΕΓΞΟΜΕΝΟΙΣ

495 1899 518 1924 Ε
525 1899 547 1924 Υ
563 1899 636 1924 MPA
642 1899 707 1924 TTE
709 1899 724 1924 Ι
725 1898 758 1924 Ν.

264 1945 404 1973 Κάλλιστα
416 1945 465 1980 μὲν
479 1945 526 1971 καὶ
540 1943 746 1978 φιλοσοφώτατα
758 1942 796 1978 τῷ
810 1943 894 1979 Σιρὰχ
906 1943 1021 1979 εἴρηται,

231 1994 259 2020 Μ
263 1992 278 2026 ἦ
293 1990 447 2024 βιάζεσθαι
462 1990 526 2017 δεῖν
544 1990 621 2024 ῥοῦν
642 1990 776 2025 ποταμοῦ
786 1999 792 2005 ³
818 1990 873 2024 ἐγὼ
888 1990 916 2016 δὲ
934 1999 1024 2026 προσ-

231 2039 307 2074 θείην
323 2038 356 2065 ἂν
373 2038 422 2064 οὐκ
438 2037 602 2068 ἀπεικότως,
616 2037 655 2063 ὅτι
675 2038 742 2073 μηδὲ
764 2036 814 2072 τὴν
835 2037 925 2071 φύσιν.
940 2037 1025 2064 Τοῦτο

231 2084 260 2111 δὲ
273 2084 345 2118 λέγω
361 2084 410 2119 οὐχ
424 2083 517 2114 ἁπλῶς
536 2082 663 2114 εἰκάζων,
686 2083 746 2109 οὐδὲ
769 2084 826 2114 τοῖς
841 2083 929 2110 ἄλλων
953 2083 1026 2110 ὑπο-

232 2130 358 2165 δείγμασι
372 2128 504 2161 πεισθεὶς,
523 2128 580 2155 ἀλλ’
596 2128 664 2163 αὐτῇ
684 2129 716 2164 τῇ
733 2128 816 2164 πείρᾳ
840 2128 942 2163 μαθὼν,
961 2128 1026 2164 ὅσης

233 2177 306 2203 ἐστὶν
317 2175 442 2211 εὺηοείας
457 2175 504 2201 καὶ
520 2174 701 2210 ματαιότητος
713 2174 761 2210 τὴν
778 2175 844 2209 πρὸς
857 2174 1026 2209 ἐπιτήδευμά

233 2230 259 2248 τι
283 2220 444 2256 προσφόρως
461 2221 508 2246 καὶ
530 2219 638 2251 οἰκείως
657 2219 772 2254 ἔχουσαν
794 2219 883 2254 ψυχὴν
906 2219 948 2253 ἐφ’
965 2219 1026 2246 ἐτέ-

1057 295 1071 320 ὀ
1087 293 1177 329 βωμὸς
1191 293 1258 329 πρὸς
1273 293 1302 319 τὸ
1319 292 1400 328 ἱερόν.
1421 292 1536 327 lngenue
1557 292 1629 319 enim
1655 296 1681 318 ct
1705 292 1763 318 sine
1790 292 1843 320 ulle

1057 341 1200 368 verborum
1215 339 1276 366 fuco
1288 339 1383 371 fateor,
1397 343 1499 365 tantum
1513 338 1583 366 inter
1593 338 1715 366 Graecum
1729 338 1843 366 Nazian-

1058 393 1153 413 zeuum
1170 390 1197 412 et
1209 389 1328 412 nostram
1343 385 1492 411 versionem
1510 383 1656 416 interesse,
1673 388 1701 410 ut
1718 384 1739 411 si
1758 391 1801 411 res
1817 384 1843 410 in

1057 431 1260 459 contentionem
1274 430 1375 464 veniat,
1391 437 1444 457 non
1461 429 1547 464 magis
1559 430 1616 457 haec
1625 430 1659 456 ad
1672 429 1742 456 illius
1754 430 1844 463 splen-

1058 478 1166 509 dorem,
1194 485 1274 512 quam
1298 481 1394 504 noctua
1419 477 1453 503 ad
1478 476 1642 504 meridianos
1663 477 1729 504 solis
1755 476 1845 503 radios

1058 523 1208 550 consistere
1223 522 1317 557 possit.
1332 522 1386 550 Sed
1405 530 1467 550 cum
1481 521 1605 549 Christus
1618 522 1671 549 duo
1687 523 1731 549 illa
1746 530 1846 557 paupe-

1057 568 1096 595 ris
1109 568 1196 595 vidute
1213 568 1328 600 minuta,
1341 566 1515 602 amplissimis
1529 567 1610 593 etiam
1627 567 1738 594 divitum
1753 575 1846 594 nume-

1058 613 1152 646 ribus,
1185 621 1244 648 qnze
1269 621 1349 648 opum
1371 613 1476 640 nonnisi
1503 612 1727 648 περισσεύματα,
1752 617 1794 643 et,
1818 617 1847 640 ut

1057 658 1143 686 Plauti
1161 660 1243 686 verbo
1256 663 1328 691 utar,
1342 658 1518 693 prmsegmina
1538 657 1659 693 quaedam
1676 662 1771 689 erant,
1787 657 1847 693 plu-

1058 707 1098 733 ris
1120 704 1261 733 mstimarit
1278 715 1283 732 :
1303 705 1381 732 debet
1406 703 1527 739 profecto
1546 703 1592 730 tibi
1615 711 1722 738 quoque
1741 708 1847 738 gratum

1058 760 1118 781 esse
1132 752 1163 779 τὸ
1181 751 1250 779 κατὰ
1266 750 1378 786 δύναμιν
1393 759 1399 765 ·
1416 750 1481 777 libet
1496 750 1566 777 enim
1586 750 1636 777 hoc
1653 750 1711 776 loco
1725 749 1847 784 Gregorii

1062 799 1147 826 nostri
1163 797 1244 825 verba
1259 804 1399 831 usurpare.
1413 796 1504 831 Iniqua
1520 795 1591 822 cnim
1604 803 1713 830 prorsus
1725 795 1788 822 mihi
1800 795 1849 822 abs

1060 850 1085 872 te
1101 845 1187 880 gratia
1207 843 1379 878 rependetur,
1399 842 1420 869 si
1446 850 1494 876 pro
1520 846 1595 869 tanto
1615 841 1706 869 labore
1726 841 1850 868 utili=atis

1059 896 1111 918 tua?
1129 898 1210 918 causa
1229 896 1371 925 suscepto,
1393 889 1460 917 nihil
1485 889 1555 916 aliud
1575 897 1655 923 quam
1675 889 1850 916 obtrectatio-

1062 944 1121 964 nem
1139 937 1293 972 laborisque
1306 936 1389 964 nostri
1404 935 1619 970 suggillalionem
1632 934 1743 962 referas.
1757 935 1849 968 Longe

1062 983 1135 1011 cnim
1151 983 1253 1018 aequius
1274 990 1306 1009 ac
1323 982 1477 1010 Christiano
1497 982 1605 1013 homine
1628 981 1733 1016 dignius
1756 985 1798 1007 est
1817 981 1851 1007 ob

1061 1029 1144 1056 multa
1159 1029 1226 1056 bene
1241 1028 1311 1056 dicta
1324 1028 1357 1055 ad
1370 1029 1492 1063 quaedam
1504 1033 1592 1055 errata
1604 1027 1759 1057 connivere,
1770 1033 1850 1060 quam

1062 1075 1096 1102 oh
1114 1075 1234 1109 quaedam
1251 1079 1340 1101 errata
1365 1079 1449 1102 totum
1473 1082 1541 1109 opus
1559 1074 1697 1104 lacerare,
1713 1080 1744 1099 ac
1759 1080 1852 1099 scara~

1063 1120 1135 1148 lucos
1148 1120 1246 1147 ituitari
1258 1140 1265 1152 ,
1280 1120 1326 1154 qui
1349 1120 1493 1156 unguentis
1510 1121 1598 1147 minus
1617 1118 1740 1146 delectati
1762 1118 1851 1152 putidaI

1063 1169 1264 1193 eousectantur.
1275 1165 1433 1200 Quanquam
1447 1174 1499 1192 nntt
1513 1171 1567 1193 tam
1582 1169 1642 1199 peto
1655 1168 1684 1191 ut
1700 1165 1733 1190 ad
1747 1171 1854 1191 errores

1065 1212 1207 1247 lapsusque
1220 1218 1327 1240 nostros
1343 1213 1498 1245 connivens,
1515 1220 1595 1247 quam
1617 1218 1645 1238 ut
1665 1211 1698 1238 ah
1718 1211 1854 1238 obtrecta~

1066 1258 1138 1286 tione
1161 1263 1187 1285 et
1211 1259 1398 1286 maledicentia
1428 1263 1572 1293 temperes.
1605 1256 1782 1284 Admonendo
1815 1255 1854 1283 vel

1065 1304 1147 1330 etiam
1171 1305 1331 1339 corrigendo
1355 1312 1386 1332 ea
1412 1305 1437 1331 in
1460 1304 1557 1339 quibus
1570 1311 1676 1331 errasse
1693 1302 1856 1334 videbimur,

1067 1357 1121 1376 rem
1137 1354 1163 1377 et
1178 1350 1243 1377 mihi
1260 1358 1313 1377 non
1337 1351 1488 1384 ingratam,
1513 1355 1539 1377 et
1554 1349 1614 1377 aliis
1636 1349 1728 1376 utilem
1751 1347 1833 1375 facies
1849 1359 1854 1375 :

1068 1394 1230 1422 oblatraudo
1256 1400 1284 1423 et
1304 1395 1495 1424 calumniando
1519 1403 1569 1423 nec
1593 1395 1652 1422 aliis
1675 1394 1858 1430 proderis.et

1068 1442 1144 1477 gravi
1157 1441 1272 1469 crimine
1285 1442 1400 1476 teipsutn
1413 1441 1577 1476 obstringes.
1587 1441 1653 1469 Nam
1664 1448 1724 1468 cum
1734 1440 1858 1467 Christus

1070 1486 1103 1513 iis
1118 1486 1201 1514 etiam
1219 1494 1233 1513 a
1247 1487 1345 1522 quibus
1359 1487 1457 1523 injuria
1474 1488 1551 1515 nobis
1566 1493 1625 1514 orta
1646 1492 1697 1520 est,
1719 1487 1801 1513 vicem
1817 1494 1859 1512 rc-

1071 1531 1145 1560 ferre
1158 1533 1300 1567 prohibeat
1316 1542 1323 1560 :
1344 1539 1446 1568 quanto
1461 1533 1568 1561 tandem
1584 1533 1702 1560 atrocior
1718 1540 1764 1560 eos
1779 1539 1858 1567 ptnua

1073 1582 1175 1611 manet,
1190 1579 1236 1613 qui
1253 1579 1321 1607 bene
1340 1579 1373 1607 de
1390 1587 1419 1606 se
1439 1585 1588 1612 merentes,
1610 1584 1656 1606 aut
1670 1583 1744 1606 certe
1762 1577 1858 1605 mereri

1071 1625 1210 1652 studentes
1244 1624 1338 1653 rabido
1364 1625 1444 1653 dente
1469 1625 1657 1652 insectantur?
1677 1625 1699 1651 Α
1721 1632 1773 1659 quo
1794 1624 1860 1651 vitio

1072 1670 1174 1696 utinam
1201 1675 1227 1697 te
1251 1670 1321 1697 Deus
1345 1678 1452 1705 seraper
1476 1668 1637 1698 incolumem
1663 1674 1762 1697 servet.
1789 1667 1861 1694 Bene

1072 1715 1142 1747 vale,
1159 1715 1259 1750 optime
1274 1715 1381 1749 Lector,
1396 1720 1423 1743 et
1442 1715 1561 1744 laborem
1578 1715 1649 1742 hunc
1663 1719 1783 1742 nostrum
1798 1713 1860 1742 boui

1074 1762 1193 1789 consule.

1089 1862 1249 1890 JACOBUS
1268 1861 1417 1889 BILLIUS
1443 1860 1672 1889 LECTORIBUS
1701 1860 1844 1888 FELICI-

1354 1897 1476 1924 TATEM
1507 1897 1573 1932 (π).

1108 1943 1266 1970 [lectissime
1296 1947 1324 1970 et
1357 1943 1560 1976 sapientissime
1587 1941 1684 1969 Sirach
1716 1942 1780 1969 dicit
1799 1951 1804 1969 :
1821 1942 1862 1970 Ne

1073 1989 1172 2016 coneris
1195 1993 1287 2016 contra
1313 1989 1393 2015 ictum
1415 1988 1490 2023 ﬂuuii
1510 1988 1549 2015 θ’,
1570 1987 1790 2023 subjunxissem,
1809 1996 1862 2015 nou

1074 2035 1201 2068 absurde,
1217 2041 1305 2069 neque
1321 2038 1416 2061 contra
1441 2038 1566 2061 naturam
1590 2038 1617 2061 et
1643 2034 1771 2061 indolem.
1797 2034 1864 2061 Illud

1075 2086 1164 2108 autem
1183 2089 1234 2108 non
1251 2088 1283 2107 ex
1299 2080 1454 2115 conjectura
1476 2085 1577 2107 temere
1593 2080 1712 2114 profero,
1731 2088 1783 2107 non
1799 2081 1866 2107 alio-

1074 2135 1135 2154 rum
1161 2127 1273 2154 edoctus
1292 2126 1440 2160 exemplis;
1473 2126 1530 2161 ipsa
1558 2133 1676 2160 namque
1699 2126 1865 2160 experientia

1076 2171 1156 2199 didici
1174 2179 1255 2206 qttam
1271 2171 1351 2198 inane
1366 2171 1400 2197 sit
1411 2175 1438 2196 et
1453 2170 1574 2203 iniquum
1591 2170 1732 2197 retrahere
1747 2175 1865 2197 mentem

1075 2218 1108 2245 ab
1125 2217 1236 2245 utilibus
1250 2217 1401 2251 amicisque
1417 2217 1516 2244 studiis
1529 2237 1536 2250 ,
1559 2221 1586 2244 et
1610 2217 1721 2244 invitam
1739 2217 1771 2244 ad
1793 2217 1866 2244 aliud

235 2276 285 2303 ραν
303 2267 364 2294 τινὰ
384 2265 431 2293 τοῦ
455 2266 514 2301 βίου
537 2266 607 2292 ἰδέαν
624 2266 804 2302 ἀποτρέπειν,
829 2266 877 2292 καὶ
893 2265 937 2301 βίᾳ
958 2265 1017 2300 μεθ-

1081 2265 1143 2292 vitae
1158 2271 1241 2300 genus
1255 2268 1424 2291 convertere.

235 2313 332 2340 ἐλκειν.

277 2358 384 2394 Ἐπειδὴ
397 2357 452 2394 γὰρ
464 2358 553 2394 τρίτον
570 2357 620 2393 ἤδη
638 2357 696 2390 ἔτος
714 2358 754 2389 εἱς
768 2357 801 2383 τὰ
817 2357 887 2384 οἴκοι
900 2357 1026 2384 διδασκα-

235 2404 293 2431 λεῖα
308 2405 439 2440 φοιτήσας
460 2404 519 2436 ἃλις
539 2404 611 2440 ἔχειν
633 2403 709 2437 ἔδοξα
733 2404 781 2440 τῆς
802 2404 933 2440 ἐγχωρίου
950 2412 1025 2430 στοι-

236 2451 381 2488 χειώσεως,
398 2451 444 2477 ἐπὶ
459 2450 508 2486 τὴν
523 2450 674 2485 Λουτηκῐαν
686 2448 839 2485 ἐπέμφθην,
858 2450 895 2481 ὡς
910 2449 942 2484 δὴ
959 2449 1024 2484 μεθ-

239 2497 306 2530 έξων
334 2496 501 2532 τελεωτέρας
521 2495 697 2528 παιδεύσεως,
719 2497 766 2522 καὶ
783 2495 894 2532 μείζονα
910 2496 958 2532 τὴν
972 2496 1026 2523 ἀπὸ

237 2543 291 2569 τῶν
314 2543 400 2577 λύγων
429 2542 563 2577 ὠφέλειαν
596 2542 817 2577 καρπωσόμενος.
844 2543 951 2577 Ἔγωγε
981 2539 1028 2569 οὖν

239 2589 336 2616 αὐτίκα
356 2589 405 2624 μὲν
418 2590 473 2620 τοῖς
490 2588 540 2625 τὴν
557 2588 711 2623 Ῥωμαίων,
726 2588 808 2624 ὀλίγῳ
821 2588 842 2614 δ’
858 2587 969 2623 ὕστερον
981 2588 1028 2614 καὶ

238 2637 294 2668 τοῖς
306 2637 355 2672 τὴν
374 2635 508 2670 Ἑλλήνων
520 2635 691 2663 διδάσκουσιν
714 2634 832 2670 ἐμαυτὸν
853 2634 943 2671 φέρων
958 2643 1029 2670 παρ-

239 2682 337 2709 έδτιικα.
362 2682 417 2708 Καὶ
431 2681 463 2717 δὴ
482 2682 529 2708 καὶ
559 2681 633 2713 ἐντὴς
653 2681 683 2707 οὐ
703 2680 801 2707 πολλοῦ
823 2681 929 2716 χρόνῳ,
949 2681 972 2706 εἰ
991 2681 1028 2716 μὴ

240 2728 369 2763 περιττήν
385 2735 448 2753 τινα
463 2727 510 2753 καὶ
533 2726 698 2762 θαυμασίαν,
718 2726 785 2753 ἀλλὰ
806 2734 874 2756 τοσσ
882 2726 940 2763 ᾔτην
955 2734 985 2759 γε
1001 2726 1029 2752 ὲν

282 2820 304 2836 ⁸¹
323 2820 407 2848 Eccli.
427 2828 463 2854 tv,
479 2819 522 2846 39..

281 2909 337 2945 (77)
354 2909 425 2937 sua.
438 2909 532 2937 Colon.
550 2908 701 2945 [Lipsicns
711 2907 722 2944 j
742 2907 812 2936 1690.

1109 2354 1172 2382 Jam
1196 2355 1268 2381 domi
1283 2356 1339 2389 iper
1359 2360 1415 2380 tres
1441 2361 1526 2381 annos
1549 2353 1656 2380 scholas
1680 2352 1868 2388 frequentave-

1078 2409 1148 2434 ram,
1164 2409 1224 2429 cum
1240 2401 1335 2435 patriis
1352 2400 1525 2432 rudimentis,
1540 2400 1655 2427 aliorum
1671 2400 1783 2435 judicio,
1802 2400 1868 2426 satis

1079 2449 1238 2481 instructus,
1264 2447 1399 2475 Lutetiam
1420 2447 1519 2474 missus
1538 2455 1616 2480 sunt,
1641 2452 1672 2474 ut
1699 2447 1869 2482 perfectioris

1079 2493 1258 2521 institutionis
1275 2493 1367 2520 socius
1383 2496 1409 2519 et
1425 2491 1562 2526 particeps
1579 2491 1709 2525 majorem
1726 2499 1756 2518 ex
1771 2490 1868 2517 studiis

1077 2539 1195 2566 fructum
1217 2539 1417 2574 utilitatemque
1436 2540 1614 2574 perciperent.
1643 2536 1770 2563 Protinus
1789 2536 1870 2570 igitur

1077 2585 1175 2613 Latine
1197 2589 1224 2612 et
1254 2585 1334 2620 paulo
1357 2590 1418 2621 post
1445 2585 1539 2613 Graece
1571 2584 1733 2611 ducentibus
1753 2583 1870 2609 libenter

1078 2633 1265 2666 memetipsum
1284 2633 1391 2659 tradidi.
1404 2632 1438 2659 Et
1450 2632 1558 2666 quidem
1573 2631 1641 2657 intra
1656 2630 1737 2656 breve
1751 2633 1868 2663 tcxnpus,

1078 2679 1101 2706 si
1125 2686 1178 2705 non
1205 2679 1286 2712 Supra
1313 2679 1421 2706 modum
1450 2677 1725 2710 admirationetnque,
1750 2679 1778 2701 at.
1795 2680 1869 2701 certe

1080 2729 1183 2753 tantum
1201 2725 1229 2753 in
1246 2730 1361 2761 utraque
1389 2725 1478 2761 lingua
1511 2723 1624 2757 profeci,
1647 2727 1687 2757 ut,
1708 2722 1779 2750 absit
1800 2730 1814 2748 ιι
1829 2727 1871 2748 nte
