2055 3130
236 173 293 202 559

786 171 903 199 JACOBI
924 170 1023 198 BlLLll
1042 167 1303 197 PREFATIONES.

1810 162 1863 190 5W

238 225 406 265 arrogantia;
426 226 607 264 nechpeusi
623 237 673 257 mct
695 236 775 256 causa
795 229 874 263 pretii
890 234 1023 264 parentes,

1079 227 1195 263 ἑκατέρᾳ
1208 227 1261 253 τῶν
1274 225 1401 260 γλωττῶν
1417 222 1557 260 προκοπὴν
1579 222 1759 256 ἐποιησάμην,
1780 220 1863 258 ὥστε,

239 285 289 304 nec
303 277 420 311 suscepti
441 281 469 303 ut
483 285 526 304 me
542 276 721 304 iuformarent
739 275 839 302 laboris
856 275 1025 302 institutores

239 329 272 348 ac
297 321 498 356 ludimagistros
529 321 684 355 pmniteret.
717 320 837 355 lntegros
862 327 909 347 sex
941 327 1026 346 annos

239 372 381 401 postquam
399 367 452 394 illis
468 368 494 394 in
511 366 613 394 scholis
627 372 860 401 perseverassem,
882 365 1025 393 accersivit

240 419 284 438 me
305 417 392 447 pater,
412 417 437 439 et
461 412 532 446 apud
550 419 589 446 ‘se
616 411 688 438 haud
713 411 758 438 diu
779 411 917 438 detentum
935 410 1025 437 Picta-

239 459 312 484 vium
342 458 433 490 misit,
463 458 557 485 urbem
588 457 630 484 his
659 457 753 484 diebus
779 457 806 484 in
837 458 910 483 omni
938 456 1025 484 Gallia

240 504 492 538 prtestantissimam
510 503 783 538 florentissimamque
804 503 1025 538 jurisprudentitc

240 550 364 577 scientia.

276 680 376 714 Ecquis
393 679 558 714 exprimeret
583 678 665 705 verbo
687 685 748 712 qua:
769 677 833 704 tnihi
857 676 980 711 voluptas
999 680 1026 703 et

241 733 303 760 quae
319 725 500 753 fuerititctitia
516 725 543 751 in
557 724 716 752 societatem
738 723 782 758 jus
795 723 920 758 legesque
937 721 1026 749 colen—

241 772 305 798 tium
321 770 440 798 ascribi?
460 770 517 797 Hoc
540 770 612 797 enim
635 769 691 796 fere
704 768 832 803 juvenum
855 769 949 795 vitium
964 773 1024 797 est.

238 823 270 844 ιιι
298 817 416 844 assuetis
447 815 538 843 satiati
566 823 635 842 nova
660 822 766 850 semper
788 818 896 849 captent
917 818 945 841 et
964 813 1026 840 totis

239 863 419 897 insequantur
439 861 553 888 viribus.
574 861 625 888 Sed
645 867 780 888 evanuere
803 860 857 888 cito
882 859 1025 894 voluptatis

240 908 384 935 illecebrae.
414 906 514 934 Primis
531 906 618 941 legum
638 906 778 933 elementis
804 906 922 933 imbutus
947 905 1024 940 (nam
1041 901 1062 930 Β

239 961 288 981 sua
301 953 413 980 Themis
429 960 481 979 non
497 952 584 986 aperit
600 951 728 987 mysteria
743 951 793 978 nisi
809 951 884 984 prius
899 951 1023 986 initiatis)

239 999 314 1026 intus
334 997 410 1033 quasi
429 1002 599 1032 transgresso
618 997 709 1023 limine
732 996 867 1024 admissus
883 1004 963 1023 sum:
980 1003 1024 1022 ve-

239 1052 300 1071 rum
320 1044 346 1071 in
370 1043 499 1070 interiora
516 1042 669 1076 penetranti
689 1043 729 1069 sic
751 1049 844 1076 aspera
867 1042 967 1074 omnia,
986 1042 1026 1069 sic

240 1094 324 1121 ardua
355 1097 382 1120 et
415 1092 553 1119 inaccessa
581 1095 677 1125 prtetet'
706 1099 781 1126 spem
808 1098 968 1125 apparuere,
996 1094 1026 1117 ut

241 1140 313 1173 quod
335 1138 456 1165 venerim
487 1137 648 1168 Pictavium,
676 1137 740 1163 mihi
762 1143 929 1171 nequaquam
949 1136 1025 1170 igno-

239 1184 511 1218 scerent,urbemque
523 1182 595 1210 illam
610 1190 734 1210 vocarent
744 1190 820 1209 vana:
834 1182 925 1209 sedem
942 1181 1026 1209 felici-

239 1231 314 1258 tatis.
335 1229 385 1265 lpsi
409 1235 498 1256 tamen
523 1229 630 1263 ingenio
653 1228 707 1254 vim
733 1227 862 1261 inferens,
879 1228 948 1255 ultra
964 1235 1026 1263 pro~

239 1278 314 1311 gredi
329 1276 401 1305 omni
416 1283 467 1311 ope
484 1275 634 1308 tentabant,
653 1278 681 1302 et
699 1274 776 1309 juxta
801 1273 865 1300 illud
891 1274 1024 1308 Apostoli,

239 1325 273 1350 ad
288 1331 317 1351 ea
329 1330 387 1358 qua:
402 1321 536 1349 anteriora
554 1326 629 1348 erant
650 1321 776 1355 meipsum
793 1321 930 1348 extendere
942 1321 975 1348 ⁸².
991 1321 1026 1348 At

239 1369 284 1398 illa
300 1369 364 1404 quid
383 1369 447 1395 mihi
466 1367 568 1402 profuit
585 1367 668 1394 animi
689 1367 845 1394 contentio?
869 1367 908 1394 Ad
921 1368 1020 1402 expeti-

239 1421 295 1443 tam
309 1422 361 1442 non
378 1414 488 1449 perveni
505 1413 575 1448 juris
590 1412 749 1445 scientiam;
765 1412 828 1447 quin
841 1417 868 1439 et
879 1413 935 1447 ipsa
952 1413 1027 1448 prior

239 1462 376 1491 institutio
395 1461 542 1495 plurimum
558 1460 712 1487 detritnenti
725 1459 844 1493 pertulit.
860 1459 940 1494 Spem
954 1460 1025 1487 enim

239 1515 330 1535 meam
347 1506 400 1534 bon
415 1507 496 1534 modo
509 1505 603 1532 fefellit
619 1505 842 1540 jurisprudeutia,
853 1513 922 1541 pene
937 1510 1023 1534 totum

239 1554 323 1581 etiam
339 1552 444 1580 eflluxit.
460 1552 531 1586 quod
547 1551 574 1578 in
595 1558 694 1586 magna
712 1551 777 1578 urbe
794 1558 1024 1586 comparaveram.

240 1601 275 1630 Et
290 1600 360 1627 idem
373 1599 430 1626 fere
445 1599 510 1625 mihi
527 1599 642 1633 contigit
656 1599 726 1632 quod
743 1597 776 1625 iis
791 1598 890 1633 quibus
903 1598 1026 1625 vitiatum

240 1651 284 1674 est
308 1645 430 1681 palatum
447 1643 559 1671 :cibum
588 1643 704 1678 aliquem
732 1643 784 1670 illis
811 1642 928 1677 offeras,
957 1651 1028 1678 mgre

241 1693 351 1725 ferunt;
377 1691 525 1726 quemlibet
553 1691 650 1718 deinde
668 1689 832 1724 apposueris,
850 1690 952 1724 pariter
983 1697 1027 1716 re-

240 1743 341 1773 spuunt
361 1741 541 1772 aspernantes
559 1746 566 1763 :
585 1737 624 1764 sic
645 1740 672 1763 et
684 1743 734 1763 nos
754 1742 802 1770 spe
819 1735 923 1763 sublata
943 1735 1027 1769 juris-

240 1784 401 1819 prudentize,
416 1788 445 1811 et
460 1791 523 1819 erga
537 1790 596 1810 eam
610 1782 679 1809 male
692 1781 791 1814 affecti,
804 1789 898 1809 omnes
909 1789 942 1808 ex
951 1789 1028 1816 aequo

240 1831 346 1858 litteras
369 1829 487 1857 aversati
512 1836 606 1856 sumus
635 1833 662 1855 et
687 1827 861 1859 horruimus,
884 1828 1028 1862 cujuslibet

240 1875 402 1904 eruditionis
418 1874 560 1902 fastidiosi.

279 2007 400 2042 Longum
422 2007 504 2041 igitur
526 2006 615 2033 valere
628 2005 717 2033 studto
734 2013 795 2033 cum
813 2005 942 2033 dixissem
958 2006 1029 2034 litte-

242 2062 347 2086 rarum,
382 2054 512 2087 meipsum
544 2052 647 2080 deliciis
676 2057 704 2080 et
726 2053 965 2080 comessationibus
988 2058 1030 2080 to-

243 2105 302 2128 tum
318 2099 420 2131 addixi,
439 2098 561 2126 mollitiei
577 2098 761 2133 voluptatique
775 2098 896 2126 serviens
907 2099 1027 2131 omnino,

242 2153 294 2182 pro
311 2145 422 2172 musreis
435 2144 615 2179 frequentans
631 2144 826 2178 sphaeristeria,
845 2144 931 2172 donec
947 2151 1029 2179 prava

243 2196 272 2219 et
298 2190 477 2218 immoderata
500 2189 608 2217 vivendi
635 2190 832 2217 consuetudine
861 2190 888 2217 in
920 2197 1029 2226 gravem

243 2237 464 2271 obstinatumque
479 2235 603 2263 morbum
620 2235 714 2268 incidi,
728 2235 774 2270 qui
788 2243 830 2263 me
848 2243 897 2272 per
913 2242 1030 2271 quatuor
1048 2255 1071 2283 Β

243 2290 353 2312 menses
368 2284 395 2311 in
415 2284 485 2312 lecto
502 2282 613 2310 retinuit
625 2281 760 2317 iacentem
781 2287 809 2309 et
822 2289 890 2317 pene
904 2282 1029 2311 confecit.

244 2329 340 2358 Morbo
368 2329 524 2363 quiescente
547 2333 576 2355 et
603 2327 693 2362 fugata
718 2328 799 2362 febri,
823 2329 965 2362 vehiculo,
981 2337 1032 2358 nec

244 2376 317 2402 enim
329 2375 452 2410 equitare
466 2382 521 2408 prae
534 2374 616 2401 nimia
632 2373 790 2401 infirmitate
799 2378 930 2408 poteram,
947 2364 1033 2409 impo-

245 2422 316 2448 situs
329 2428 388 2448 sttm
402 2425 429 2447 ct
442 2420 550 2446 domum
560 2424 700 2453 paternam
710 2419 820 2447 relatus.
836 2419 893 2447 Illic
907 2425 934 2447 et
947 2420 1031 2448 multo

246 2473 378 2501 tempore.
397 2470 424 2492 et
437 2472 501 2492 cura
519 2472 572 2491 non
587 2465 709 2497 minima,
737 2473 840 2492 necnon
865 2469 924 2493 arte
945 2466 1030 2493 medi-

246 2520 341 2540 corum
372 2518 442 2546 opus
459 2510 541 2538 habui
560 2516 589 2537 ut
603 2511 742 2545 deperdita
759 2511 884 2538 valetudo
906 2511 1032 2539 reﬁcere-

245 2563 301 2585 tur.
319 2557 368 2585 Vix
385 2561 475 2584 autem
493 2563 508 2584 e
526 2556 622 2582 morbo
635 2560 786 2583 recreatum
798 2576 806 2588 ,
829 2557 950 2590 corporis
968 2557 1034 2584 viri-

246 2604 298 2633 bus
311 2602 456 2638 reparatis,
469 2601 501 2628 ad
518 2601 637 2629 studium
656 2601 807 2629 litterarum
820 2602 959 2630 continuis
974 2610 1032 2630 scr—

247 2649 374 2677 tuonibus
390 2647 513 2676 incitavit
532 2655 575 2675 me
596 2652 692 2682 pater:
711 2647 762 2675 etsi
779 2648 851 2675 enim
869 2648 1033 2681 illitteratus,

248 2700 276 2723 at
290 2700 365 2722 certe
378 2694 561 2722 litteratorum
582 2693 786 2721 amantissimus
801 2698 829 2721 et
847 2693 955 2722 fervens
975 2694 1034 2721 lau-

249 2741 339 2774 dator,
357 2745 387 2768 ut
400 2740 423 2768 si
440 2741 575 2775 quispiam
589 2740 669 2768 alius.
695 2739 744 2767 Cui
761 2739 833 2767 inter
848 2739 899 2767 alia
921 2747 1030 2774 repone

249 2785 310 2814 bam
329 2786 362 2813 ad
378 2786 557 2817 excolendas.
566 2785 676 2813 altiores
701 2785 828 2813 scientias
848 2792 891 2813 mc
910 2790 1033 2820 paratum

289 2886 311 2901 "
323 2885 436 2918 Philipp.
455 2893 496 2919 ιιι,
513 2887 554 2914 i3.

1077 272 1120 298 ἵνα
1138 272 1220 307 μηδὲν
1234 270 1359 307 φορτικὸν
1377 270 1456 301 εἴπω,
1474 268 1541 304 μηδὲ
1556 269 1611 299 τοῖς
1623 267 1728 301 γονεῦσι
1743 267 1861 302 μεταμὲ-

1076 316 1131 343 λειν
1143 317 1192 351 τῆς
1212 317 1255 342 ἐπ’
1271 316 1332 351 ἐμοὶ
1343 315 1477 350 δαπάνης.
1491 313 1557 349 μηδὲ
1571 314 1626 344 τοῖς
1639 312 1806 347 καθηγηταῖς
1816 312 1862 338 καὶ

1076 361 1244 394 διδασκάλοις
1256 357 1292 387 ὧν
1307 361 1352 387 ἐπὶ
1365 362 1400 396 τῇ
1412 359 1533 395 ἡμετέρᾳ
1547 357 1685 385 παιδεύσει
1697 356 1860 391 ὲμόχθησαν.

1080 407 1170 440 Ἔξδὲ
1193 407 1280 434 ἔτεσιν
1303 407 1373 438 ὅλοις
1399 403 1614 440 ἐναπομείναντά
1635 411 1668 438 με
1691 404 1746 433 τοῖς
1774 402 1861 428 ἐκεῖσε

1060 463 1064 467 ‘
1078 454 1278 489 παιδευτηρίοις
1297 452 1542 489 μεταπεμψάμενος
1556 451 1570 477 ὁ
1583 450 1683 484 πατὴρ.
1698 450 1744 475 καὶ
1760 449 1862 484 βραχύν

1077 509 1138 528 τινα
1151 500 1245 536 χρόνον
1257 499 1321 534 παρ’
1336 497 1423 532 ἑαυτῷ
1437 495 1589 530 κατασχὼν,
1607 495 1652 520 ἐπὶ
1668 494 1697 520 τὸ
1715 493 1861 520 Πικτὰϐιον

1077 546 1245 576 ἀπέστειλεν,
1261 544 1338 571 πόλιν
1356 545 1405 579 τῆς
1421 543 1489 569 κατὰ
1507 543 1556 577 τὴν
1576 541 1689 576 νομικὴν
1709 540 1862 574 ἐπιστήμην

1077 591 1199 622 εὐκλείας
1215 591 1274 617 τότε
1293 591 1326 617 τὰ
1349 590 1468 624 πρωτεῖα
1492 586 1644 622 φερομένην
1663 586 1692 611 ὲν
1713 585 1805 620 ἁπάσῃ
1827 585 1860 619 τῇ

1076 637 1184 672 Γαλλίᾳ.

1112 683 1166 709 Καὶ
1188 681 1229 713 τίς
1246 681 1279 708 ἂν
1300 680 1338 716 τῷ
1355 680 1425 715 λόγῳ
1444 678 1642 715 παραστήσειεν
1660 677 1697 709 ὡς
1713 678 1796 713 ἡδέως
1815 677 1862 704 καὶ

1079 729 1138 765 μεθ’
1153 730 1218 764 ὅσης
1235 729 1283 765 τῆς
1299 728 1473 763 περιχαρείας
1487 728 1542 759 τοῖς
1556 727 1603 763 τὴν
1614 728 1710 762 τέχνην
1723 726 1800 761 τήνδε
1814 734 1859 761 με-

1077 775 1179 802 τιοῦσιν
1202 774 1319 810 ἐμαυτὸν
1343 773 1526 807 ἐγκατέλεξα;
1548 772 1621 799 Φιλεῐ
1640 772 1693 808 γὰρ
1718 772 1734 806 ἡ
1757 771 1860 806 νεότης,

1076 822 1132 853 τοῖς
1157 820 1322 856 εἰθισμένοις
1347 818 1565 855 ἀπαρεσκομένη,
1591 818 1621 844 τὸ
1638 817 1728 844 καινὸν
1749 817 1792 844 ἀεὶ
1812 816 1861 851 θη-

1079 868 1176 905 ρᾶσθαι
1187 868 1234 895 καὶ
1251 867 1320 894 κατὰ
1332 867 1431 902 κράτος
1446 865 1564 892 διώκειν.
1584 864 1653 891 Ἀλλ’
1673 865 1723 890 οὐκ
1735 863 1780 890 ἐπὶ
1793 863 1860 889 πολὺ

1077 914 1215 950 παρετάθη
1235 922 1279 949 μοι
1294 913 1322 939 τὸ
1337 913 1385 948 τῆς
1398 911 1504 947 ἡδονῆς.
1523 911 1566 943 Ὠς
1585 911 1649 946 γὰρ,
1668 910 1702 937 τὰ
1722 909 1862 944 προτέλεια

1075 961 1124 997 τῆς
1135 961 1233 996 τέχνης
1248 958 1413 995 κατηχηθεὶς
1439 958 1479 992 (οὺ
1499 957 1554 993 γὰρ
1568 956 1646 992 θέμις
1661 957 1796 982 κοινωνεῖν
1808 955 1861 982 τῶν

1077 1006 1232 1042 μυστηρίων
1247 1006 1302 1036 τοῖς
1318 1005 1354 1040 μὴ
1373 1003 1503 1039 πρότερον
1516 1001 1662 1038 μυηθεῖσι),
1673 1002 1719 1028 καὶ
1735 1001 1815 1028 οἱονεὶ
1827 1000 1862 1027 τὰ

1076 1051 1199 1088 πρόθυρα
1211 1050 1316 1082 διαϐὰς,
1335 1050 1408 1076 ἔνδον
1426 1049 1570 1084 ἐγενόμην,
1580 1048 1636 1078 τοῖς
1651 1046 1758 1081 βαθέσιν
1773 1046 1862 1078 αὐτοῖς

1076 1097 1245 1133 ἐμϐατεύων,
1265 1097 1336 1124 οὓτω
1354 1095 1469 1123 δύσκολα
1490 1095 1589 1125 πάντα,
1607 1092 1678 1119 οὕτω
1695 1093 1797 1128 τραχέα
1815 1091 1862 1119 καὶ

1075 1144 1222 1178 δυσέφικτα
1239 1143 1313 1179 παρὰ
1331 1144 1379 1178 τὴν
1404 1143 1472 1178 ἐμὴν
1498 1141 1594 1168 ἐλπίδα
1622 1140 1779 1171 κατέλαϐον,
1792 1138 1862 1165 ὥστε

1077 1190 1162 1217 πολλὰ
1174 1190 1291 1226 ἐμαυτὸν
1312 1188 1466 1225 μέμφεσθαι
1479 1188 1528 1223 τῆς
1541 1187 1586 1214 ἐπὶ
1599 1187 1630 1213 τὸ
1645 1186 1789 1214 Πικτάϐιον
1800 1186 1861 1212 ἑπι-

1076 1236 1185 1272 δημίας,
1203 1237 1249 1263 καὶ
1264 1236 1346 1270 κενὴν
1361 1234 1498 1270 μακαρίαν
1513 1234 1561 1269 τὴν
1580 1233 1657 1260 πόλιν
1676 1233 1783 1267 ἐκείνην
1797 1232 1862 1258 ἀπο-

1077 1281 1179 1308 καλεῖν.
1192 1282 1229 1308 Οὐ
1243 1281 1294 1316 μὴν
1310 1280 1377 1307 ἀλλὰ
1391 1280 1436 1306 καὶ
1451 1280 1500 1315 τὴν
1512 1279 1592 1313 φύσιν
1606 1278 1689 1313 αὐτὴν
1706 1277 1862 1313 βιαζόμενος

1077 1327 1106 1358 ἐς
1116 1326 1147 1353 τὸ
1164 1326 1256 1361 πρόσω
1272 1327 1381 1361 χωρεῖν,
1400 1325 1457 1356 καὶ,
1474 1325 1504 1351 τὸ
1519 1323 1565 1350 τοῦ
1584 1323 1756 1354 Ἀποστόλου,
1770 1323 1813 1354 εις
1826 1321 1862 1349 τὰ

1076 1373 1245 1407 ἔμπροσθεν
1257 1372 1488 1401 ἐπεκτείιέσθαι,
1502 1370 1573 1398 κατὰ
1588 1370 1677 1397 πάντα
1692 1369 1791 1405 τρόπον
1817 1369 1864 1395 ἐπ-

1077 1418 1247 1454 εχείρουν,Τί
1257 1417 1285 1444 δὲ
1300 1418 1348 1452 τῆς
1360 1417 1539 1452 βεδιασμένης
1553 1416 1654 1451 ταύτης
1667 1415 1784 1450 σπουδῆς
1795 1414 1864 1441 ὠνά-

1079 1471 1149 1499 μην;
1164 1464 1236 1499 Πρὸς
1254 1462 1292 1498 τῷ
1306 1463 1356 1498 τῆς
1367 1463 1524 1498 διωχθεὶσης
1542 1462 1637 1497 τέχνης
1653 1461 1807 1496 ἀποτυχεῖν,
1824 1460 1863 1487 ἔτι

1078 1509 1123 1536 καὶ
1138 1510 1178 1540 είς
1192 1509 1241 1545 τὴν
1263 1509 1379 1544 ἀρχαίαν
1396 1509 1535 1535 παίδευσιν
1551 1507 1707 1543 ἐζημιώθην
1718 1515 1724 1522 ⁸
1738 1507 1768 1533 οὐ
1785 1506 1863 1542 μόνον

1078 1554 1132 1590 γὰρ
1145 1554 1194 1590 τῆς
1211 1553 1382 1589 ὲλπισθείσης
1393 1554 1545 1590 ἐπιστήμης
1561 1554 1719 1590 διήμαρτον.
1737 1553 1804 1580 ἀλλὰ
1818 1553 1863 1579 καὶ

1080 1599 1172 1634 σχεδόν
1184 1608 1209 1626 τι
1221 1599 1330 1634 διερρύη
1348 1600 1400 1626 πᾶν
1417 1599 1505 1630 τοῦτο,
1519 1600 1587 1635 ὅπερ
1601 1608 1645 1634 μοι
1662 1599 1863 1634 συνειλεγμένον

1078 1643 1111 1680 ἦν
1123 1646 1151 1672 ἐν
1163 1647 1196 1680 τῇ
1211 1644 1398 1680 μεγαλοπόλει.
1415 1644 1470 1671 Καὶ
1489 1645 1678 1680 παραπλήσιόν
1696 1653 1721 1672 τι
1744 1644 1864 1672 πέπονθα

1079 1693 1134 1722 tot;
1148 1691 1198 1725 τὴν
1218 1690 1312 1724 γεῦσιν
1335 1690 1551 1726 διεφθαρμένοις,
1576 1691 1612 1722 οἳ,
1634 1690 1742 1718 ἐπειδὰν
1757 1690 1825 1726 πρός
1837 1699 1865 1718 τι

1078 1737 1132 1763 τῶν
1155 1736 1290 1772 ἐδωδίμων
1311 1736 1380 1768 εἶδος
1404 1736 1603 1772 δυσχεράνωσι,
1628 1737 1674 1763 καὶ
1693 1737 1761 1772 πρὸς
1777 1735 1866 1763 ὁτιοῦν

1078 1782 1177 1817 ὁμοίως
1186 1781 1240 1808 τῶν
1253 1781 1480 1816 προσφερομένων
1488 1782 1576 1817 ἀηδῶς
1588 1782 1678 1817 ἔχουσι
1689 1789 1695 1796 ο
1706 1781 1799 1807 τοῦτον
1811 1782 1865 1817 γὰρ

1079 1829 1125 1854 καὶ
1141 1829 1220 1863 ἡμεῖς
1233 1828 1332 1863 τρόπον
1350 1826 1384 1864 ἧς
1402 1827 1550 1863 ἠλπίζομεν
1567 1828 1680 1863 νομικῆς
1697 1827 1865 1861 ἀποσφαλέν-

1078 1882 1133 1906 τες,
1150 1873 1197 1900 καὶ
1212 1873 1279 1909 πρὸς
1297 1873 1398 1908 ταύτην
1410 1873 1670 1910 δυσαρεστήσαντες,
1691 1874 1794 1905 πάντας
1806 1872 1866 1899 ἐπί-

1080 1927 1130 1954 σης
1150 1919 1212 1950 τους
1227 1918 1321 1950 λόγους
1345 1918 1527 1954 ἐμισήσαμεν,
1552 1919 1599 1945 καὶ
1623 1916 1865 1954 ἁπεστρεψάμεθα,

1079 1965 1127 1991 καὶ
1144 1964 1210 1999 πρὸς
1226 1964 1280 1991 πᾶν
1303 1964 1425 1995 παιδείας
1444 1964 1521 1998 γένος
1535 1964 1685 1996 κακοσίτως
1696 1963 1862 1998 διετέθημεν.

1114 2009 1203 2036 Πολλὰ
1224 2009 1312 2036 τοίνυν
1331 2009 1434 2046 χαίρειν
1457 2010 1564 2045 φράσας
1583 2011 1617 2045 τῇ
1636 2008 1784 2044 φιλολογίᾳ,
1806 2008 1865 2035 ὅλον

1080 2055 1198 2090 ἐμαυτὸν
1210 2057 1299 2090 τρυφῇ
1312 2055 1359 2082 καὶ
1372 2054 1475 2090 κώμοις
1487 2055 1593 2081 ἔκδοτον
1602 2055 1728 2090 ἐποίησα,
1739 2055 1770 2082 τὺ
1782 2054 1865 2090 ἁϐρὸν

1080 2101 1126 2127 καὶ
1140 2101 1266 2136 ἐφήδονον
1285 2101 1314 2134 ἐξ
1325 2100 1444 2133 ἅπαντος
1459 2100 1626 2136 θεραπεύων,
1647 2102 1694 2128 καὶ
1710 2101 1743 2128 τὰ
1760 2110 1866 2137 σφαιρι-

1082 2147 1179 2182 στήρια
1201 2147 1261 2173 ἀντὶ
1285 2146 1339 2173 τῶν
1368 2146 1501 2181 μουσείων
1526 2147 1660 2182 ἑλόμενος,
1687 2146 1764 2182 ἄχρις
1785 2144 1814 2173 οὗ
1834 2147 1867 2174 ὲκ

1083 2194 1221 2229 μοχθηρᾶς
1248 2193 1296 2220 καὶ
1312 2191 1487 2228 πλημμελῶς
1501 2192 1605 2228 διαίτης
1621 2194 1660 2224 εἰς
1672 2193 1792 2228 χαλεπήν
1807 2200 1868 2220 τινα

1083 2239 1129 2265 καὶ
1150 2238 1286 2273 δύσμαχον
1302 2238 1455 2274 ἀρρωστίαν
1478 2237 1614 2270 ἐνέπεσον,
1631 2238 1661 2271 ἐξ
1681 2236 1714 2273 ἦς
1736 2238 1868 2273 τέτταρας

1087 2284 1174 2319 μῆνας
1190 2282 1236 2309 ἐπὶ
1249 2282 1342 2318 κλίνης
1358 2281 1532 2309 κατακεῖσθαί
1553 2290 1598 2317 μοι
1618 2282 1714 2317 συνέϐη
1730 2283 1777 2308 καὶ
1794 2283 1869 2318 παρὰ

1086 2329 1183 2365 μικρὸν
1196 2328 1348 2355 ἀποθανεῖν.
1356 2328 1537 2363 Λωφήσαντος
1546 2327 1574 2354 δὲ
1586 2327 1632 2353 τοῦ
1643 2328 1867 2363 ἀρρωστήματος,

1084 2375 1131 2402 καὶ
1153 2373 1199 2401 τοῦ
1218 2373 1334 2409 πυρετοῦ
1348 2373 1381 2399 ὲκ
1408 2372 1495 2399 ποδῶν
1518 2372 1673 2408 γενομένου,
1696 2373 1795 2408 φορείῳ
1815 2373 1867 2399 τινὶ

1085 2419 1218 2451 ὲντεθείς·
1234 2419 1264 2446 οὺ
1279 2418 1334 2454 γὰρ
1351 2418 1476 2445 ἱππεύειν
1493 2416 1548 2450 οἷός
1566 2427 1595 2445 τε
1615 2416 1650 2453 ἦν
1668 2418 1718 2445 ὑπὸ
1734 2418 1785 2453 τῆς
1801 2418 1868 2452 ἄγαν

1084 2465 1228 2497 ἀσθενείας
1238 2473 1245 2481 ·
1261 2465 1290 2496 ἐς
1305 2465 1350 2491 τὸν
1369 2463 1495 2500 πατρῷον
1510 2461 1582 2490 οἶκον
1602 2463 1767 2500 ἀπηνέχθην.
1787 2463 1869 2490 Ἔνθα

1087 2521 1132 2549 μοι
1146 2512 1193 2539 καὶ
1208 2510 1304 2538 πολλοῦ
1323 2510 1429 2546 χρόνου,
1451 2510 1497 2537 καὶ
1515 2510 1614 2546 πολλῆς
1638 2510 1805 2546 ἐπιμελείας,
1823 2510 1870 2536 καὶ

1087 2556 1163 2592 παρὰ
1182 2557 1236 2583 τῶν
1258 2556 1357 2591 ἰατρῶν
1384 2557 1543 2593 ἐπικουρίας
1565 2556 1659 2591 ἐδέησε
1683 2556 1750 2591 πρὸς
1771 2556 1801 2582 τὸ
1821 2556 1869 2590 τὴν

1084 2603 1185 2638 ῢγίειαν
1201 2602 1369 2629 ἀπελθοῦσαν
1387 2603 1616 2630 ἀνακαλέσασθαι.
1633 2602 1717 2634 Μόλις
1732 2602 1761 2628 δὲ
1778 2603 1810 2628 ὲκ
1822 2602 1869 2636 τῆς

1083 2649 1161 2675 νόσου
1175 2648 1336 2683 ἀνενεγκὼν,
1350 2648 1397 2675 καὶ
1407 2648 1456 2684 τὴν
1472 2649 1519 2675 τοῦ
1533 2648 1656 2684 σώματος
1674 2647 1788 2683 δύναμιν
1802 2648 1869 2674 ἅνα-

1084 2694 1238 2730 λεξάμενος,
1257 2695 1379 2732 συνεχέσι
1390 2695 1480 2730 λόγοις
1495 2695 1689 2731 παρορμῶντος
1703 2700 1735 2730 με
1747 2694 1792 2722 τοῦ
1808 2702 1868 2727 γεν-

1083 2741 1214 2776 νήσαντος
1230 2741 1298 2776 πρὸς
1308 2741 1356 2777 τὴν
1371 2741 1524 2776 φιλολογίαν
1552 2740 1596 2777 (ἦν
1611 2741 1676 2777 γὰρ,
1690 2741 1714 2767 εἰ
1723 2740 1769 2767 καὶ
1782 2739 1868 2773 λϐγων

1084 2786 1207 2822 ἄμοιρος,
1236 2787 1293 2814 ἀλλ’
1314 2785 1361 2815 οὖν
1384 2787 1438 2815 τῶν
1456 2787 1517 2822 περὶ
1546 2787 1639 2815 λόγους
1664 2785 1867 2814 ἐσπουδακότων
