2055 3130
189 184 238 213 5H

733 188 845 217 IACOBI
868 191 968 219 BILLII
990 193 1250 226 PRIEF‘ATIONES.

1748 201 1802 232 34").

189 242 306 278 ἐραστὴς
322 242 368 268 καὶ
383 242 482 278 θερμὸς
497 243 648 278 ὲπαινετης,
662 244 686 270 εί
703 244 748 270 καί
762 253 803 277 τις
821 246 920 281 ἄλλος),
938 247 972 274 τὰ

1027 252 1241 288 expcditumque,
1268 261 1319 282 una
1351 258 1452 282 tantum
1476 261 1587 292 excepta
1610 258 1697 294 legum
1720 259 1802 286 disci-

191 288 242 324 μὲν
257 288 324 316 ἄλλα
338 288 444 323 ἕτοιμος
458 286 526 315 εἶναι
542 288 659 323 ἔφασκον
677 291 733 321 τοῖς
751 290 902 324 καλλίπαις
916 292 970 319 τῶν

192 334 359 370 μαθημάτων
367 334 565 370 ὲμφιλοπονεῖν,
576 335 625 370 τὴν
635 335 664 361 δὲ
675 336 790 372 νομικὴν
807 337 888 373 μόνην
901 347 972 374 παρ-

189 380 322 417 ῃτούμην,
343 379 391 407 ἆτε
414 380 482 415 πρὸς
498 380 582 416 αὐτὴν
598 374 745 416 ἀλλοτρίως
762 383 809 410 καὶ
832 385 971 416 παντελῶς

190 426 382 462 ἀνεπιτηδείως
397 426 475 462 ἔχων,
494 426 542 453 καὶ
566 426 654 463 μᾶτην
670 427 739 463 αὐτῇ
759 427 805 454 δύο
827 428 874 464 ἔτη
888 438 972 465 προσ-

190 471 341 503 αναλώσας.
365 471 567 510 ’Δντιτείνοντος
593 472 621 499 δέ
637 481 710 505 τινος
723 473 777 501 τῶν
802 474 871 501 κατὰ
895 475 972 510 γένος

189 518 391 554 προσηκόντων,
406 518 490 545 εῐκειν
512 519 697 555 ἠναγκάσθην,
722 520 768 547 καὶ
789 520 838 556 τὴν
856 521 972 556 ὲπαχθε-

191 564 289 599 στάτην
303 572 348 599 μοι
364 563 461 599 τέχνην
479 562 558 596 αὖθις
573 565 742 597 ἀσπάζεσθαι
758 566 805 592 καὶ
821 566 970 602 περιέπειν,

189 609 228 641 ὼς
240 611 344 645 μήποτε
358 610 470 646 ὤφελον.

233 655 299 682 ’Δπδ
316 656 370 692 γὰρ
390 655 444 682 τῶν
459 656 683 692 προσφυεστέρων
705 656 751 682 ἐπὶ
775 656 809 683 τὰ
824 657 874 683 οὐκ
887 658 973 684 οἰκεῖα

193 702 392 738 μεθελκυσθεὶς,
412 702 482 729 ἑπτὰ
497 702 543 729 καὶ
558 702 623 728 δέκα
643 702 730 738 μῆνας
749 703 778 729 ὲν
799 704 832 738 τῇ
851 703 973 740 Αὐρηλία

191 748 232 779 εις
246 747 321 774 οὐδὲν
343 748 476 784 χρήσιμον
493 747 630 783 ἀνήλωκα,
654 749 710 779 τοῖς
729 747 885 784 ἡλικιώταις
904 758 972 784 συμ-

137 799 142 804 “
193 792 362 828 μαινόμενος,
378 792 435 824 καὶ,
452 793 495 819 ἴνα
508 792 623 819 συνελὼν
644 792 722 824 εῐπω,
743 792 773 819 τὸ
789 793 895 825 παίζειν
913 793 974 820 ἀντὶ

192 839 308 874 σπουδῆς
323 839 403 874 ἔχων,
419 839 465 865 καὶ
482 840 542 870 ταῖς
561 838 607 865 τοῦ
630 837 754 874 σώματος
771 839 876 873 ἡδοναῖς
892 840 975 874 ἐγκα-

191 884 368 919 λινδούμενος.
389 884 418 911 ’0
441 884 469 910 δὲ
493 884 594 920 πατὴρ,
615 884 650 910 τὰ
666 885 725 911 κατ’
746 884 796 919 ἐμὲ
812 883 972 920 πυθόμενος,

1022 295 1091 330 plina
1103 317 1111 329 ,
1127 305 1189 325 cum
1208 299 1240 326 ad
1257 306 1316 326 cant
1334 299 1439 334 ineptus
1453 300 1487 327 ab
1501 308 1586 336 eaque
1599 303 1702 330 alienus
1715 311 1803 330 essem

1022 341 1141 375 omnino,
1162 343 1267 379 ipsique
1291 343 1389 372 frustra
1406 344 1520 372 duorum
1545 354 1675 375 annorum
1700 348 1804 376 labores

1022 386 1222 421 impendissem.
1244 389 1296 416 Sed
1322 391 1482 424 repugnavit
1505 398 1539 418 ex
1565 393 1721 426 parentibus
1744 393 1804 427 qui-

1022 431 1084 458 dam
1103 441 1109 459 :
1127 433 1187 460 ideo
1212 434 1318 467 cedere,
1351 435 1472 470 mihique
1502 436 1708 465 molestissimas
1731 439 1804 473 leges

1023 476 1120 504 iterum
1133 478 1253 506 salutare
1265 483 1375 507 coactus
1390 488 1448 508 sum
1466 486 1493 508 et
1511 482 1650 515 amplecti;
1668 484 1739 518 quod
1752 484 1806 511 uti-

1024 529 1084 549 nam
1097 531 1149 550 non
1169 523 1291 552 fecissem

1060 656 1165 684 Etenim
1179 658 1290 686 remotis
1301 659 1398 686 studiis
1410 659 1436 686 in
1444 667 1504 694 qua
1518 660 1675 694 propensior
1691 660 1803 692 indoles,

1024 706 1054 729 ut
1068 702 1119 736 ipsi
1133 703 1278 730 contrariis
1295 703 1484 736 attenderem,
1511 705 1628 732 Aurelia:
1652 709 1754 737 septem
1778 709 1806 732 et

1024 747 1116 775 decem
1136 755 1242 775 menses
1268 749 1403 776 incassum
1425 749 1550 783 perdidi,
1578 757 1638 776 cum
1665 751 1807 777 cozetaneis

1024 791 1105 819 simul
1128 792 1277 826 insaniens,
1291 797 1328 826 et,
1343 798 1372 820 ut
1389 794 1483 828 paucis
1506 794 1604 825 dicam,
1630 794 1685 821 ludi
1703 797 1805 820 tantum

1024 837 1141 872 ﬂagrans
1155 845 1259 871 amore,
1275 838 1513 874 voluptatibusque
1527 840 1648 874 corporis
1659 839 1805 868 involutus.

1025 882 1088 911 llaec
1112 884 1186 911 audit
1200 889 1300 918 pater:
1320 885 1412 912 statim
1437 892 1489 919 qua
1508 886 1664 912 decreverat
1687 889 1716 911 ut
1735 885 1805 911 invi-

190 930 239 956 καὶ
253 930 323 956 πάνυ
341 929 476 965 μετανοῶν
488 930 530 964 ἐφ’
547 928 587 961 οἷς
599 930 700 957 ἄκοντά
715 938 747 965 με
759 931 790 966 τῇ
807 932 903 965 νομικῇ
919 931 973 957 πά-

1027 935 1080 956 tum
1111 937 1153 957 me
1179 938 1272 958 rursus
1305 931 1338 958 ad
1365 931 1603 965 jurisprudentiam
1635 930 1808 965 compelleret

192 975 232 1002 λιν
247 975 441 1010 συγκατείρξας
452 975 556 1011 ἔτυχεν,
574 975 671 1002 αὐτίκα
685 975 717 1011 δὴ
735 975 805 1010 μάλα
828 976 895 1012 πρὸς
912 977 974 1003 ἑαυ-

191 1021 236 1047 τὸν
251 1020 408 1047 ἐπανελθεῖν
427 1020 579 1051 ἐκέλευσεν,
602 1021 645 1047 ῐνα
668 1021 699 1047 τὸ
719 1021 902 1048 δυσκάθεκτὸν
923 1031 974 1058 μου

191 1065 245 1091 τῶν
266 1065 358 1101 ὁρμῶν
380 1066 427 1092 καὶ
448 1066 516 1101 πρὸς
538 1067 591 1092 πᾶν
614 1064 682 1098 εἶδος
702 1065 834 1102 φλυαρίας
856 1068 972 1103 κεχυμέ-

192 1119 236 1137 νον
250 1111 335 1143 οὖτως
354 1111 514 1147 ἀναστείλῃ,
532 1113 578 1138 καὶ
596 1111 678 1138 οἱονεὶ⁸
698 1111 806 1146 δεσμοῖς
824 1121 895 1140 τισιν
913 1114 975 1140 ὲπι-

193 1157 302 1193 ostrin-

227 1202 293 1228 Τότε
311 1201 343 1237 δὴ
369 1202 462 1238 ὥσπερ
483 1203 514 1230 ἐκ
536 1203 631 1238 βαθέος
655 1203 739 1232 ὕπνου
760 1204 914 1236 διαναστὰς,
929 1205 976 1231 καὶ

190 1245 238 1272 τοῦ
246 1246 344 1278 ἀθλίως
351 1247 518 1279 ἀπολωλότος
531 1248 626 1284 χρόνου
639 1250 679 1281 εἰς
692 1250 867 1285 συναίσθησιν
879 1249 974 1281 ἐλθὼν,

192 1293 239 1318 καὶ
253 1292 302 1327 τῆς
313 1293 437 1328 νεότητος
453 1293 543 1329 πάσης
557 1295 586 1321 ὲν
605 1296 660 1327 τοῖς
676 1296 800 1331 ματαίοις
811 1296 977 1332 διατριφθεί-

193 1345 243 1371 σης
259 1337 361 1364 ἔννοιαν
377 1338 533 1373 λαμϐάνων,
559 1339 668 1375 μεγάλῳ
695 1340 787 1367 πένθει
803 1340 974 1376 συνεσχέθην,

193 1385 240 1410 καὶ
255 1385 287 1419 τῇ
305 1385 444 1421 φιλολογίᾳ
463 1386 691 1413 καταλλάττεσθαι
712 1387 758 1414 καὶ
783 1387 885 1423 ταύτης
901 1396 977 1422 τιερι-

194 1429 306 1463 έχεσθαι
320 1429 443 1463 διέγνων.
459 1431 609 1466 Τοιγαροῦν
623 1433 683 1463 ταῖς
696 1432 797 1467 βίϐλοις
808 1433 915 1468 νύκτωρ
931 1434 977 1460 καὶ

195 1473 352 1509 μεθημέραν
368 1475 570 1510 συγγινόμενος,
581 1477 703 1513 καὶπρὸς
716 1478 772 1504 τοδὶ
781 1478 811 1504 τὸ
822 1478 901 1514 ἔργον
915 1487 977 1505 συν-

193 1518 262 1552 εχῶς
281 1519 397 1553 ἐμαυτὸν
421 1521 600 1555 κατεπείγων,
623 1522 652 1548 ὲν
675 1522 770 1558 βραχεῖ
786 1524 899 1559 μετρίαν
916 1524 977 1551 τινὰ

192 1563 241 1600 τήν
252 1565 280 1590 ὲν
294 1565 349 1596 τοῖς
364 1564 452 1600 λόγοις
471 1566 584 1602 δύναμιν
601 1568 736 1600 συνέλεξα.
759 1569 794 1595 Τό
808 1577 839 1603 γε
858 1570 911 1605 μὴν
928 1571 977 1606 τῆς

194 1610 353 1645 παροιμίας,
369 1611 417 1646 τῆς
441 1611 532 1638 ἀλωτὰ
553 1612 641 1640 πάντα
666 1613 739 1649 πόνῳ
768 1602 819 1641 και
836 1602 977 1651 ἐπιμελείᾳ
990 1602 1012 1632 c

193 1653 264 1682 εἶναι
275 1656 417 1692 λεγούσης,
431 1657 537 1693 ἀληθῶς
554 1659 636 1693 ἔχειν,
658 1659 685 1686 έν
703 1668 732 1686 τε
753 1662 786 1696 τῇ
800 1660 854 1687 τῶν
871 1661 978 1688 Ἰταλῶν

193 1702 241 1728 καὶ
254 1701 344 1738 πολλῴ
361 1703 460 1738 μᾶλλον
479 1704 508 1731 ὲν
526 1706 558 1740 τῇ
570 1705 634 1737 ,τῶν
653 1706 786 1741 Ἑλλήνων
799 1707 905 1744 γλώττῃ
917 1717 978 1735 κατ-

193 1746 295 1781 έμαθον
307 1755 314 1762 ·
335 1747 378 1783 ἢν,
409 1748 580 1775 παντάπασιν
600 1750 793 1786 ἀπορῤυεῖσαν,
811 1751 857 1777 καὶ
875 1751 913 1786 τῷ
928 1752 978 1786 τῆς

194 1791 280 1827 λήθης
295 1792 368 1828 βυθῷ
382 1786 591 1825 καταποθεῖσαν,
604 1795 742 1830 μεγίστοις
756 1795 846 1826 πόνοις
861 1796 909 1822 σὺν
920 1795 979 1830 Θεῷ

197 1837 270 1872 μόνῳ
286 1838 366 1865 πάλιν
379 1838 547 1875 ἐκτησάμην,
563 1840 624 1866 ὅσον
642 1848 673 1874 γε
690 1840 758 1875 πρὸς
771 1841 801 1867 τὸ
816 1840 869 1867 τῶν
887 1840 980 1876 Ἐλλη-

195 1884 265 1910 νιστὶ
273 1883 464 1919 φθεγγομένων
475 1885 697 1921 συγγραμμάτων
705 1886 854 1913 ὁπωστιοῦν
864 1887 940 1913 ἐπαῖε
945 1895 978 1920 ιν,

196 1929 241 1956 καὶ
256 1929 286 1956 οὐ
301 1930 371 1956 πάνυ
382 1939 408 1956 τι
421 1930 468 1957 τοῦ
486 1931 628 1966 ἑρμηνέως
639 1931 750 1959 δεῖσθαι.

230 1973 282 2000 Τοῦ
295 1974 323 2000 δὲ
337 1975 438 2010 πατρὸς
451 1976 480 2002 ὲν
499 1976 606 2012 λιπαρῷ
623 1976 660 2012 τῷ
673 1977 745 2012 γήρᾳ
765 1976 809 2003 τὸν
825 1977 881 2012 βίον
897 1986 979 2003 κατα-

196 2018 371 2054 στρέψαντος,
385 2021 432 2047 καὶ
453 2021 502 2056 τὴν
525 2022 676 2056 ἀναγκαίαν
699 2022 827 2057 εἰσφορὰν
846 2024 878 2058 ’τῇ
901 2023 980 2057 φύσει

194 2064 444 2101 λειτουργήσαντος,
460 2067 553 2102 ἐπειδὴ
573 2067 658 2094 πολλὰ
671 2066 706 2103 ἦν
727 2068 761 2094 τὰ
781 2068 826 2094 τὸν
848 2068 980 2104 ἡμέτερον

194 2110 255 2137 νοῦν
269 2111 443 2146 θορυϐοῦντα,
460 2113 506 2139 καὶ
519 2113 568 2148 τῆς
581 2113 721 2148 ἐρωμένης
739 2122 783 2149 μοι
799 2113 977 2149 φιλομαθείας

195 2155 263 2191 πρὸς
285 2156 345 2190 βίαν
365 2157 540 2190 ἀποσπῶντα,
565 2158 615 2184 οὐκ
631 2158 734 2194 ἤνεγκα
754 2159 978 2194 τυραννούμενος,

195 2201 242 2228 καὶ
255 2201 310 2228 τῶν
324 2202 461 2238 κοσμικῶν
476 2204 645 2239 πραγμάτων
658 2204 687 2230 ὲν
700 2204 773 2239 μέσῳ
789 2205 978 2239 στρεφόμενος.

195 2247 244 2274 Διὰ
257 2247 336 2274 τοῦτο
351 2249 453 2280 πάντας
469 2249 532 2280 τοὺς
547 2249 600 2276 ἀπὸ
618 2249 712 2283 γένους
728 2259 772 2285 μοι
786 2250 864 2282 ὄντας
879 2250 978 2283 λαθὼν,

194 2291 232 2324 ὼς
249 2290 321 2328 εἶχον
336 2294 443 2329 τάχους,
460 2295 501 2327 εἰς
520 2295 569 2330 τὴν
587 2295 733 2323 ’Δ6ενιῶνα
754 2297 842 2330 φυγὰς
858 2297 978 2332 ᾠχόμην.

202 2338 276 2365 Ἐκεῖ
293 2338 321 2365 δὲ
340 2341 433 2376 μακρᾷ
449 2349 502 2367 τινι
518 2340 588 2376 νόσῳ
611 2341 827 2376 προσπαλαίσας,
845 2343 891 2368 καὶ
905 2343 981 2374 τέλος

195 2383 280 2419 αὐτὴν
294 2385 509 2417 καταπαλαίσας,
529 2387 585 2418 τοῖς
600 2386 711 2421 βιϐλίοις
727 2387 920 2423 προσεκείμην,
935 2388 981 2415 καὶ

195 2430 242 2456 ἐπὶ
258 2430 374 2465 μαθήσει
386 2431 471 2465 λόγων
495 2432 610 2466 ἐμαυτὸν
624 2433 679 2464 τοῖς
703 2432 792 2463 πόνοις
806 2433 978 2469 κατέτρυχον.

237 2475 280 2502 Ἐν
289 2475 392 2507 τούτοις
408 2476 436 2502 δὲ
451 2476 508 2503 όντι
527 2486 582 2512 μοι,
597 2477 710 2504 καὶτῶν
727 2478 814 2512 λόγων
832 2478 980 2514 φιλοτίμοις

196 2521 422 2557 ἀντιποιουμένῳ.
442 2522 531 2558 ἀγαθῇ
549 2531 601 2549 τινι
619 2523 687 2560 τύχῃ
707 2523 858 2560 ἐγνωρίσθη
878 2524 980 2559 Πέτρος

195 2566 210 2593 ό
223 2567 243 2592 Γ
244 2566 396 2602 αλισαρδὸς,
412 2567 466 2594 τῶν
489 2568 548 2594 ἐκεῖ
572 2568 765 2603 θεολογούντων
787 2571 801 2596 ὁ
824 2571 978 2605 κορυφαῖος,

196 2609 228 2639 οὖ
242 2612 291 2646 τὴν
305 2611 395 2646 φιλίαν
415 2613 444 2639 ὲν
463 2613 512 2648 τῆς
533 2613 602 2648 ἐμῆς
620 2613 789 2649 εὐδαιμονίας
805 2615 881 2650 μέρει
897 2614 981 2647 τιθεὶς

197 2656 228 2682 οὐ
244 2656 394 2692 παύσομαι.
411 2657 456 2692 Μὴ
468 2658 520 2694 γὰρ
535 2658 643 2686 πώποτε
666 2659 770 2693 γένοιτό
789 2668 822 2694 με
835 2659 905 2686 οὕτω
920 2659 981 2694 μαί-

197 2700 301 2734 νεσθαι,
312 2701 380 2728 ὥστε
391 2703 440 2736 τῆς
450 2703 543 2737 τιμίας
553 2703 659 2738 ἐκείνης
671 2703 793 2738 κεφαλῆς
803 2704 820 2730 ὰ
824 2712 875 2738 μνη
880 2705 979 2738 μονεῖν,

199 2746 245 2773 καὶ
258 2746 481 2774 ἐπιλανθάνεσθαι
499 2745 535 2775 ὧν
550 2749 617 2784 πρὸς
633 2749 715 2775 αὑτοῦ
738 2746 768 2776 εὖ
784 2748 912 2776 πέπονθα.
931 2745 982 2776 Οὖ-

199 2800 243 2824 τος
257 2792 311 2828 γὰρ
328 2793 505 2829 πλανωμένην
526 2803 576 2829 μου
600 2794 649 2830 τὴν
668 2794 834 2829 φιλοπονίαν,
856 2795 902 2821 καὶ
918 2795 983 2821 ἀτά-

199 2845 270 2870 κτως
283 2838 435 2874 φερομένην
451 2840 489 2871 εἰς
509 2839 614 2867 εὐθεῖαν
634 2840 693 2867 όδδν
711 2840 757 2866 καὶ
775 2840 905 2875 ἀνήγαγε,
923 2841 980 2871 καὶ,

199 2883 224 2910 ιι
239 2883 276 2919 μή
291 2883 362 2919 μέγα
375 2893 420 2919 μοι
434 2885 464 2911 τὺ
479 2885 525 2912 τοῦ
542 2886 672 2921 Αἰσχύλου
693 2887 788 2919 εἰπεῖν,
812 2887 906 2923 νήπιον
919 2886 982 2914 ὄντα

1025 975 1137 1002 damnat
1155 976 1328 1009 sententiam,
1350 977 1481 1012 iubetque
1495 984 1574 1011 quam
1597 977 1711 1011 primum
1729 977 1762 1003 ad
1778 984 1808 1004 se

1026 1021 1136 1054 reverti,
1147 1026 1176 1047 ut
1190 1022 1332 1049 elfrenatas
1345 1021 1498 1056 effusaeque
1515 1022 1541 1049 in
1559 1029 1640 1049 omne
1654 1022 1807 1056 petulantia:

1025 1074 1109 1102 genus
1129 1067 1238 1095 tandem
1256 1075 1329 1094 meas
1353 1072 1477 1096 coerceat
1499 1068 1668 1103 cupiditates.
1688 1072 1714 1096 et
1735 1069 1808 1095 velut

1025 1112 1186 1146 quibusdam
1203 1112 1319 1140 vinculis
1334 1113 1510 1148 constringat.

1063 1201 1110 1230 llis
1125 1207 1261 1237 permotus
1275 1208 1398 1230 excutior
1412 1202 1484 1230 velut
1496 1209 1511 1230 e
1530 1202 1605 1236 gravi
1619 1210 1714 1230 somno
1727 1211 1734 1228 :
1747 1209 1808 1229 mox

1026 1246 1170 1274 infeliciter
1188 1247 1278 1274 tritum
1293 1252 1398 1281 tempus
1411 1248 1501 1273 animo
1512 1246 1631 1278 volvens,
1646 1253 1807 1280 omnemque

1027 1297 1155 1326 reputans
1179 1292 1257 1328 nugis
1273 1292 1390 1320 deditam
1414 1292 1601 1327 juventulem,
1629 1291 1683 1319 alto
1703 1298 1809 1326 premor

1027 1338 1130 1370 dolore,
1144 1338 1170 1365 in
1184 1338 1298 1374 gratiam
1312 1338 1400 1365 redire
1409 1344 1469 1364 cum
1482 1336 1578 1364 litteris
1589 1337 1698 1364 instituo
1708 1342 1808 1370 easque

1028 1384 1127 1412 colere.
1152 1382 1207 1410 Nec
1228 1390 1302 1411 mora
1322 1391 1329 1410 :
1347 1383 1392 1410 diu
1417 1387 1551 1409 noctuaue
1574 1389 1635 1408 cum
1654 1381 1730 1408 libris
1743 1387 1809 1407 con—

1028 1434 1161 1461 Versatus,
1177 1434 1203 1456 et
1219 1430 1251 1456 ad
1269 1429 1388 1456 laborem
1401 1428 1457 1455 sine
1474 1428 1672 1455 intermissione
1695 1431 1808 1454 memet-

1027 1475 1113 1509 ipsum
1139 1481 1285 1506 exacuens,
1302 1475 1375 1501 brevi
1389 1473 1530 1500 nonnullos
1543 1473 1692 1501 litterarum
1706 1473 1809 1500 fructus

1028 1520 1133 1555 collegi.
1162 1519 1239 1553 Quod
1257 1525 1346 1547 autem
1366 1520 1431 1548 dicit
1452 1519 1622 1555 proverbium
1641 1528 1648 1545 :
1669 1518 1764 1546 Studio
1783 1523 1810 1546 et

1027 1573 1109 1600 opera
1130 1566 1210 1593 facile
1226 1566 1316 1593 omnia
1334 1566 1483 1600 comparari
1499 1570 1620 1600 possunt,
1640 1565 1705 1592 illud
1715 1572 1809 1592 verum

1027 1619 1088 1638 esse
1103 1611 1215 1646 cognovi
1226 1618 1260 1638 ex
1275 1611 1364 1638 Italica
1383 1616 1411 1638 et
1426 1611 1542 1638 maxime
1557 1619 1590 1638 ex
1603 1610 1695 1638 Graeca
1710 1610 1808 1644 lingua.

1029 1656 1103 1684 Hanc
1133 1657 1231 1691 quippe
1257 1661 1390 1684 mortuam
1415 1665 1525 1692 prorsus
1550 1663 1721 1690 mersamque
1741 1655 1810 1683 obli-

1028 1702 1117 1730 vionis
1155 1702 1288 1735 profundo
1324 1702 1447 1737 plurimis
1478 1702 1632 1733 laboribus,
1668 1701 1722 1728 Deo
1754 1701 1810 1728 solo

1025 1747 1148 1781 iuvante,
1167 1748 1290 1774 revocavi
1306 1748 1427 1782 scivique
1437 1753 1566 1782 quantum
1586 1754 1651 1774 sane
1665 1747 1729 1773 tuibi
1742 1754 1810 1780 opus

1029 1799 1089 1821 erat
1104 1798 1134 1820 ut
1150 1794 1258 1822 Graecos
1270 1799 1395 1821 auctores
1411 1794 1654 1828 quomodocunquc
1677 1791 1810 1827 intellige-

1030 1847 1085 1867 rem
1101 1845 1128 1867 et
1142 1841 1200 1867 sine
1213 1839 1370 1874 interpretis
1383 1840 1490 1866 auxilio.

1065 1971 1149 1998 Porro
1172 1978 1232 1998 cum
1251 1976 1326 2006 pater
1349 1971 1375 1998 in
1397 1971 1467 1998 bona
1493 1975 1630 1998 senectute
1650 1970 1710 1997 vita:
1731 1970 1810 1998 finem

1030 2017 1205 2052 implevisset,
1220 2017 1457 2052 necessariumque
1471 2018 1595 2045 solvisset
1610 2021 1712 2044 natura:
1728 2017 1811 2044 tribu-

1029 2067 1099 2096 tum,
1116 2071 1208 2090 eorum
1227 2070 1286 2098 quae
1300 2063 1366 2090 mihi
1383 2063 1481 2098 saepius
1494 2063 1698 2096 obstrepebant,
1724 2068 1752 2089 ct
1764 2070 1812 2096 per

1029 2109 1085 2136 vim
1100 2108 1251 2136 avellebant
1262 2113 1378 2136 mentem
1396 2116 1411 2135 a
1431 2108 1557 2135 familiari
1572 2108 1693 2136 discendi
1708 2109 1813 2143 cupidi-

1031 2160 1096 2188 tate,
1115 2163 1166 2183 non
1182 2155 1230 2181 tuli
1246 2155 1427 2189 tyrannidem,
1453 2161 1503 2181 nec
1520 2154 1708 2188 temporalium
1730 2162 1812 2188 nego-

1031 2201 1128 2228 tiorum
1150 2207 1210 2235 quas
1236 2200 1305 2227 latus
1329 2200 1396 2227 mihi
1418 2200 1560 2234 cingebant
1575 2199 1735 2227 molestiam.
1761 2200 1813 2226 Ea-

1031 2250 1152 2280 propter,
1180 2245 1272 2273 insciis
1286 2245 1411 2272 omnibus
1425 2246 1558 2280 cognatis,
1576 2250 1604 2271 ut
1628 2245 1700 2279 potui
1729 2245 1814 2272 celer-

1032 2292 1111 2324 ritne,
1140 2291 1305 2319 Avenionem
1339 2290 1476 2325 profectus
1505 2299 1574 2318 sum.
1601 2291 1656 2318 Illic
1687 2291 1812 2318 diuturna

1029 2338 1144 2372 quodam
1162 2345 1223 2365 cum
1239 2336 1333 2364 morbo
1348 2337 1498 2369 decertavi;
1525 2345 1578 2371 quo
1605 2337 1712 2364 laudent
1734 2345 1813 2369 supe-

1029 2389 1099 2416 rato,
1126 2383 1246 2418 impallui
1276 2382 1354 2410 libris
1380 2383 1515 2414 assiduus,
1547 2383 1717 2418 invictusque
1741 2384 1813 2411 vires

1029 2429 1154 2456 exhausit
1167 2429 1252 2456 labor.

1066 2474 1105 2501 Eo
1116 2481 1160 2502 res
1176 2475 1359 2502 devenerant:
1371 2475 1474 2502 litteras
1487 2480 1574 2503 autem
1587 2480 1714 2510 appetens
1723 2476 1812 2505 enixe.

1029 2521 1146 2555 benigna
1161 2521 1276 2554 quadam
1295 2521 1401 2548 fortuna
1415 2521 1636 2549 consuetudinem
1655 2520 1731 2554 iunxi
1750 2529 1811 2548 cum

1029 2567 1146 2594 civitatis
1167 2567 1237 2594 illius
1261 2567 1445 2603 theologorum
1473 2568 1594 2603 principe
1621 2567 1702 2594 Petro
1735 2567 1813 2594 Gali-

1030 2614 1120 2646 sardo,
1149 2614 1224 2649 cujus
1251 2615 1397 2641 amicitiam
1426 2615 1452 2641 in
1475 2621 1617 2641 numerum
1642 2621 1736 2641 eorum
1753 2621 1813 2647 qua:

1031 2659 1186 2688 felicitatem
1213 2659 1278 2686 mihi
1303 2664 1467 2694 pepererunt
1488 2659 1590 2686 referre
1609 2667 1662 2686 non
1678 2659 1812 2686 desinam.

1028 2705 1066 2733 Ea
1081 2705 1152 2733 enim
1166 2706 1258 2740 procul
1276 2713 1290 2732 a
1305 2713 1347 2733 me
1360 2713 1467 2740 semper
1483 2705 1638 2739 insipientia
1651 2725 1659 2738 ,
1682 2710 1712 2732 ut
1728 2705 1814 2732 bono-

1029 2753 1106 2779 randi
1122 2751 1193 2779 illius
1208 2752 1258 2779 viri
1277 2752 1432 2785 obliviscar,
1444 2757 1470 2779 et
1485 2760 1518 2778 cx
1532 2751 1623 2778 animo
1638 2759 1697 2779 meo
1712 2751 1815 2779 beneti-

1031 2797 1135 2825 ciorum
1169 2798 1265 2832 quibus
1293 2806 1335 2825 me
1365 2798 1524 2826 cumulavit.
1539 2798 1647 2824 excidat.
1674 2799 1813 2824 memoria.

1031 2842 1097 2869 Nam
1119 2843 1144 2870 in
1160 2844 1256 2870 studiis
1270 2844 1326 2878 ipse
1339 2851 1380 2870 mc
1400 2848 1540 2878 vagantem
1561 2844 1714 2870 inordinate
1733 2843 1813 2870 retin--

1031 2889 1070 2916 xit
1085 2889 1110 2916 in
1125 2889 1194 2916 viam
1209 2894 1328 2922 rectam;
1343 2895 1379 2921 et,
1394 2890 1415 2917 si
1430 2890 1493 2917 mihi
1508 2889 1547 2917 fas
1561 2894 1601 2917 cst
1620 2889 1682 2918 illud
1691 2888 1813 2924 Esehyli
