2055 3130
257 171 309 185 '5]!

256 180 288 201 ιη
293 180 310 199 Ο

806 169 922 198 JACOBI
943 169 1043 197 BlLLll
1064 169 1327 198 PREFATIONES.

1831 168 1884 198 ΞΗ

256 234 402 262 usurpare.
416 233 449 254 ex
462 227 544 254 stulto
558 231 585 254 et
598 226 768 261 imprudente
783 226 941 260 prudentem
953 226 1039 253 reddi-

1092 227 1122 253 τὸ
1140 227 1214 262 πρὶν,
1231 227 1321 253 ἔννουν
1338 227 1429 263 ἔθηκε,
1445 225 1491 253 καὶ
1510 226 1617 262 φρενῶν
1634 225 1767 253 ἐπίδολον.
1783 206 1884 253 Τοσοῦ-

256 274 296 301 dit
313 279 340 300 et
357 274 455 300 mentis
472 278 632 308 compotem.
660 274 744 300 Tanta
772 277 832 299 erat
858 272 930 299 illius
950 272 976 298 in
1000 279 1042 298 me

256 319 422 350 humanitas,
439 323 468 345 ut
479 326 560 353 smpe,
573 318 701 353 depositis
714 326 773 352 qua:
785 318 901 345 habebat
918 318 943 344 in
961 317 1043 344 mani-

256 365 318 397 bus,
345 365 412 392 mihi
430 366 509 392 dat-et
532 373 664 399 operum.
694 369 719 391 et
753 372 812 398 qua:
837 363 947 390 tttilitati
978 371 1043 390 mea:

257 412 440 440 conducerent
456 412 512 439 suis
526 411 610 447 ipsius
629 411 725 438 studiis
741 414 918 445 praeponeret.
942 409 1043 436 lnvise»

256 459 318 485 bam
345 458 429 493 igitur
455 466 516 486 eum
536 462 667 492 quantum
691 462 718 484 et
743 457 957 492 quotiescunque
976 454 1042 481 ntihi

256 504 367 537 libebat,
389 503 635 538 majoretnquedici
655 508 756 537 partettt
772 510 832 530 cuin
854 500 1042 533 eo’duccbam,

256 551 380 586 plurimis
393 550 531 585 variisque
545 550 626 577 ditior
643 556 751 584 semper
765 547 973 576 eruditionibus.

292 597 338 623 llle
372 596 492 632 quidem,
517 595 558 622 vir
582 596 656 622 omni
686 595 810 622 doctrina
847 593 1041 628 propemodum

255 643 390 673 excultus,
416 642 499 669 multa
524 642 648 672 libenter,
675 641 802 668 libentius
824 648 890 667 vero
908 639 1042 667 rhetorice

255 689 352 716 doctus
364 688 526 716 rhetoricam
547 696 589 715 tne
602 688 725 714 docebat.
748 686 782 714 Ut
801 691 889 714 autetn
904 694 920 713 a
940 686 1043 713 theolo-

254 736 308 771 sia,
326 735 403 768 cuius
414 739 474 762 erat
487 734 600 765 arbiter,
614 734 725 760 omnino
738 741 792 760 non
811 732 961 764 reet-deret,
975 731 1042 758 artis

255 781 382 809 oratoria:
398 785 542 815 prmcepta,
557 780 590 806 de
607 779 706 814 quibus
719 779 788 806 inter
802 786 851 806 nos
865 778 1040 812 colloquium.

256 827 424 863 inspicienda
470 825 635 853 monstrabat
673 825 699 852 in
734 824 928 859 interpretibus
958 830 1042 851 sacrae

257 874 406 909 Scriptura:
419 878 447 900 et
464 873 497 900 iis
510 873 555 907 qui
571 873 614 907 pia
637 871 768 898 orationis
791 874 949 905 argumenta
965 869 1042 897 insti-

1096 281 1140 299 τον
1152 274 1205 309 γὰρ
1217 271 1250 309 ἦν
1262 274 1336 309 αὐτῷ
1347 273 1376 300 τὸ
1387 273 1480 308 περιὸν
1496 273 1544 308 τῆς
1559 272 1598 304 εἰς
1611 272 1660 307 ἐμὲ
1668 272 1881 308 φιλανθρωπίας,

1096 319 1165 345 ὥστε
1176 319 1222 346 καὶ
1236 319 1291 345 τῶν
1308 319 1336 345 ὲν
1352 319 1430 354 χερσὶ
1447 318 1577 349 πολλάκις
1590 318 1736 353 ἀφέμενον,
1747 317 1809 352 ἐμοὶ
1821 326 1883 353 σχο-

1096 365 1197 397 λάζειν,
1213 366 1259 392 καὶ
1272 365 1381 392 πλείονα
1395 365 1444 401 τῆς
1459 364 1528 400 ἐμῆς
1543 363 1676 398 ὡφελείας
1689 364 1705 399 ἢ
1720 364 1769 399 τῆς
1787 363 1883 390 ἑαυτοῦ

1096 411 1286 446 πραγματείας
1297 411 1376 445 λόγον
1387 409 1560 446 ποιήσασθαι.
1575 409 1722 444 Χρὼμενος
1734 407 1780 436 οὖν
1790 409 1884 444 τάνδρὶ

1095 458 1145 485 ὅσα
1160 458 1206 484 καὶ
1219 457 1314 490 ὁσάκις
1328 457 1482 493 βουλομένῳ
1506 465 1550 492 μοι
1565 454 1609 492 ἦν,
1625 456 1656 482 τὸ
1669 456 1734 483 πολὺ
1751 456 1799 491 τῆς
1815 456 1883 492 mte-

1097 513 1146 540 ρας
1159 504 1217 540 μετ’
1228 504 1310 531 αὑτοῦ
1323 504 1408 540 ήμην,
1421 504 1464 530 ἀεί
1478 512 1504 530 τι
1518 503 1589 530 κατά
1602 502 1724 530 παιδείαν
1736 502 1885 538 ἐμπορευό-

1097 559 1186 587 μενος.

1136 597 1164 623 '0
1179 595 1207 622 δὲ
1222 596 1269 623 καὶ
1285 595 1370 622 πολλὰ
1387 596 1436 631 μὲν
1452 595 1519 622 ἄλλα
1533 595 1657 630 ἀσμένως
1669 594 1730 630 ἐμοὶ
1743 595 1883 630 παρεδίδου

1096 643 1198 679 (πάσης
1213 642 1268 678 γὰρ
1280 643 1446 674 παιδεύσεως
1459 643 1499 673 εἰς
1510 642 1595 676 αὐτὴν
1610 640 1701 676 σχεδὸν
1712 641 1824 675 έφθάκει
1835 641 1883 676 τὴν

1095 688 1243 724 ἀκρότητα)
1260 688 1458 724 ἀσμενέστερον
1476 687 1504 714 δὲ
1517 687 1566 723 τὴν
1579 687 1724 723 ῥητορικὴν
1735 687 1882 721 ἐδίδασκεν,

1095 733 1129 770 ἧς
1142 735 1270 769 πλείστην
1285 733 1342 770 εἶχε
1355 734 1403 770 τὴν
1414 733 1567 769 ἐμπειρίαν.
1585 734 1644 760 ’Ίνα
1664 733 1692 760 δὲ
1708 733 1746 768 μὴ
1756 733 1881 768 πάμπαν,

1094 780 1128 817 ἧς
1148 782 1322 817 ἐπρέσϐευεν,
1339 780 1473 815 ἀποσταίη
1490 781 1538 816 τῆς
1554 779 1703 814 Θεολογίας,
1724 779 1758 806 τὰ
1775 780 1824 814 τῆς
1840 779 1883 806 τέ-

1094 836 1160 864 χνης
1178 827 1396 863 παραγγέλματα.
1413 826 1559 862 κινούμενα
1578 825 1690 862 θεωρεῖν
1707 827 1834 861 παρεῖχεν
1853 826 1883 852 ὲν

1094 876 1150 906 τοῖς
1164 874 1213 909 τῆς
1229 874 1305 910 ἱερᾶς
1326 873 1435 908 Γραφῆς
1457 872 1612 907 ἐξηγηταῖς,
1635 872 1682 899 καὶ
1697 872 1818 903 εὐσεϐεῖς
1830 871 1882 898 τῶν

256 924 374 948 luerunt.
394 919 456 946 Haec
469 919 563 946 eadem
586 917 713 944 laudabat
728 917 919 951 indicabatque
934 916 961 943 itt
980 915 1039 942 aliis

1094 921 1180 955 λόγων
1195 920 1336 952 ὑποθέσεις
1350 919 1571 955 ἑνστησαμένοις.
1589 919 1689 945 Ἐποίει
1701 919 1729 945 δὲ
1744 918 1821 945 τοῦτο
1837 919 1883 946 καὶ

255 966 380 994 omnibus
400 965 446 1000 qui
463 963 597 992 sermonis
616 964 716 990 virtute
731 968 759 990 et
779 963 916 997 elegantia
940 968 1040 989 nomen

255 1012 307 1040 sibi
321 1016 524 1046 compararunt,
539 1016 567 1037 at
580 1010 714 1046 prwcipue
736 1010 762 1037 in
777 1009 908 1044 Gregorio
924 1008 1041 1036 Nazian-

255 1065 324 1087 zeno
338 1057 416 1091 cujus
431 1057 458 1084 in
473 1056 587 1084 dicendo
601 1055 784 1090 eloquentiam
801 1061 829 1082 ct
847 1054 1040 1082 sublimitatem

257 1103 376 1131 maxime
399 1103 559 1130 mirabatur.
587 1102 638 1136 ipsi
658 1107 748 1128 tatnen
778 1108 890 1135 operum
917 1099 1041 1136 Gregorii

257 1148 338 1177 lectio
351 1149 483 1176 molestiae
499 1148 622 1175 nonnihil
636 1147 757 1175 creabat.
780 1146 846 1173 Eunt
862 1146 933 1173 enim
949 1145 1042 1173 dolore

256 1195 370 1222 multum
387 1193 520 1222 afﬁciebat
534 1194 702 1222 obscuritate
724 1192 823 1220 referta
841 1191 1039 1226 interpretatio,

254 1249 316 1276 quae
332 1241 455 1276 pluribus
479 1241 506 1267 in
530 1240 599 1267 locis
622 1240 730 1271 vitiosa,
751 1239 836 1266 instar
851 1238 931 1265 nubis
951 1237 1042 1271 cujus—

255 1290 329 1319 dam.
352 1288 509 1315 od‘undebat
523 1288 582 1315 viro
599 1286 758 1314 doctissimo
773 1286 916 1316 tenebras.
941 1289 968 1311 et
987 1291 1040 1311 non

253 1335 340 1362 solum
355 1333 508 1362 facundiam
525 1334 595 1369 ejus,
619 1333 666 1360 sed
684 1333 849 1367 scriptorum
872 1331 956 1358 etiam
976 1338 1039 1358 sen-

254 1389 315 1408 sum
330 1380 516 1408 obnubilabat.
526 1379 695 1414 Quandoque
710 1379 792 1413 igitur
802 1378 901 1405 librum
919 1377 1041 1411 indigna-

253 1426 361 1454 bundus
387 1425 549 1460 projiuiebat
578 1424 604 1451 in
639 1424 841 1457 pavimentum;
878 1423 1040 1457 quandoque

253 1471 337 1498 etiam
351 1478 366 1497 a
382 1478 425 1497 tne
438 1470 594 1504 postulabat
612 1474 641 1496 ut
664 1477 724 1504 quae
749 1469 865 1496 obscura
881 1467 1040 1494 videbantur

254 1516 409 1543 accuratius
429 1516 627 1550 dilucidiusque
645 1515 786 1542 redderem
809 1519 836 1541 et
856 1513 1038 1548 explanarem.

254 1561 376 1596 Denique
386 1569 445 1589 cum
467 1561 555 1588 omnis
571 1561 596 1588 ei
613 1561 784 1588 stomachum
802 1564 923 1587 moveret
938 1559 1037 1591 versio,

255 1614 298 1633 tne
311 1607 423 1641 rogabat
439 1610 469 1632 ut
486 1605 633 1633 secundant
649 1613 755 1632 manum
776 1604 920 1638 adjicerem
938 1604 1040 1639 Grego-

255 1652 306 1683 rio.
335 1657 363 1678 et.
389 1651 454 1678 illud
485 1659 555 1679 onus
578 1651 698 1679 humeris
724 1651 902 1685 imponerem,
929 1650 1041 1684 publica:

254 1697 425 1732 prospiciens
440 1697 560 1724 utilitati.
579 1698 628 1724 Ast
646 1705 696 1732 ego
716 1704 783 1724 meae
804 1696 901 1731 partim
917 1695 1041 1724 conscius

253 1742 456 1776 intbecillitatis,
479 1750 560 1778 quam
579 1743 636 1778 ipse
651 1750 700 1778 pro
715 1743 798 1770 nintia
813 1743 840 1768 in
857 1750 900 1770 me
921 1743 1040 1770 benevo-

252 1790 337 1818 lentia
357 1797 410 1817 non
428 1796 616 1826 persenserat,
631 1791 728 1826 partim
747 1791 839 1825 operis
851 1790 964 1817 arduum
984 1797 1040 1817 me-

253 1839 333 1862 tuens
346 1834 517 1870 fngiensque,
536 1841 628 1863 mente
643 1840 770 1863 ueterum
785 1835 868 1862 rebus
890 1835 950 1862 aliis
977 1840 1041 1862 tunc

254 1880 386 1913 intentus,
401 1889 572 1916 nequaquam
588 1882 661 1916 potui
678 1882 803 1916 precibus
818 1881 905 1914 ﬂecti;
922 1881 968 1908 sed
982 1889 1040 1916 qua:

252 1926 337 1954 semel
357 1934 550 1961 proposueram
566 1928 752 1962 consertisque
763 1927 887 1954 tenebam
904 1927 1037 1958 manibus,

253 1972 280 1998 in
297 1972 339 1999 his
358 1972 466 2006 perstiti
481 1977 573 1999 tenax.
596 1972 653 1999 lllie
671 1973 754 2006 igitur
774 1979 826 1999 non
842 1972 948 1999 modico
969 1977 1039 1999 tetn-

252 2025 319 2052 pore
335 2022 471 2045 transacto
485 2019 592 2044 domum
609 2025 652 2045 me
675 2018 775 2052 recepi.

288 2063 378 2091 Multis
397 2068 488 2099 postea
511 2063 679 2098 diversisque
706 2071 850 2098 percussus
867 2063 1038 2095 vulneribus,

253 2109 333 2137 simul
352 2114 380 2136 ut
393 2110 582 2136 remissionem
596 2110 741 2144 quamdam
756 2114 783 2136 et
795 2112 879 2136 otium
896 2110 1038 2145 impetravi

253 2164 268 2183 a
283 2156 330 2184 Dei
346 2155 501 2188 clementia,
516 2156 606 2183 dimisi
627 2164 687 2190 qua:
709 2156 772 2183 mihi
795 2157 943 2184 ammniora
962 2162 1040 2184 erant

251 2206 280 2229 et
301 2202 460 2230 arridebant
480 2203 578 2236 magis,
595 2202 627 2229 ad
650 2210 718 2236 opus
733 2208 832 2230 memet
848 2203 953 2230 admovi
971 2203 1037 2230 dcti-

1094 969 1123 994 ὲν
1138 968 1205 994 πᾶσι
1221 967 1270 1001 μὲν
1282 966 1371 998 ἄλλοις
1388 967 1444 998 τοῖς
1463 966 1509 992 ἐπὶ
1521 966 1608 1000 λόγων
1623 966 1737 1000 δυνάμει
1757 966 1804 992 καὶ
1818 965 1883 992 καλρ

1093 1013 1208 1048 λιφωνία
1231 1012 1429 1048 εὐδοκιμοῦσιν,
1450 1012 1596 1048 ἐξαιρέτως
1613 1012 1642 1039 δὲ
1663 1013 1691 1038 ἐν
1710 1011 1749 1047 τῷ
1766 1010 1883 1044 Ναζιαν-

1093 1059 1167 1094 ζηνῴ
1183 1059 1202 1084 Γ
1205 1059 1336 1094 ρηγορίῳ,
1354 1056 1384 1085 οὗ
1397 1058 1445 1094 τὴν
1457 1058 1522 1094 περὶ
1534 1057 1564 1084 τὸ
1579 1057 1669 1091 λέγειν
1683 1057 1822 1092 δεινότητα
1834 1057 1881 1082 καὶ

1093 1106 1244 1141 ὐψηγορίαν
1263 1105 1445 1141 διαφερόντως
1463 1104 1628 1140 ἐθαύμαζεν.
1653 1104 1690 1130 Οὺ
1711 1103 1764 1139 μὴν
1780 1102 1882 1139 ἀμιγὴς

1093 1152 1187 1187 ἀηδίας
1203 1150 1340 1182 παντελῶς
1355 1148 1393 1186 ἦν.
1412 1150 1486 1185 αὐτῴ
1501 1149 1554 1176 τῶν
1576 1148 1671 1175 τούτου
1687 1149 1880 1183 συνταγμάτων

1093 1198 1280 1234 ήάνάγνωσις.
1300 1196 1409 1223 Ἑλύπει
1426 1196 1480 1230 γὰρ
1497 1195 1576 1222 αὐτὸν
1594 1195 1623 1221 οὐ
1641 1194 1786 1230 μετρίωςὴ
1800 1194 1880 1229 μετά-

1093 1252 1191 1280 φρασις
1216 1243 1350 1277 ἀσαφείας
1374 1242 1516 1273 ἀνάπλεως
1538 1239 1622 1272 οὖσα,
1648 1241 1694 1267 καὶ
1719 1241 1748 1266 ὲν
1774 1239 1880 1271 πολλοῖς

1092 1290 1260 1325 ἑσφαλμένη,
1271 1289 1386 1324 νεφέλης
1401 1288 1473 1320 τινος
1488 1287 1566 1323 δίκην
1582 1286 1792 1322 ἐλλογιμωτάτῳ
1803 1285 1879 1321 ἀνδρὶ

1092 1334 1304 1370 ὲπιπροσθοῦσα,
1329 1333 1376 1360 καὶ
1392 1333 1453 1368 οὐχ).
1473 1333 1522 1368 τὴν
1538 1332 1663 1358 εὐέπειαν
1683 1331 1766 1358 αὑτοῦ
1789 1331 1878 1366 μόνον,

1091 1378 1158 1405 ἀλλὰ
1170 1378 1216 1405 καὶ
1227 1378 1272 1404 τὸν
1286 1377 1347 1404 νοῦν
1361 1377 1416 1404 τῶν
1427 1377 1626 1413 γεγραμμένων
1641 1376 1877 1410 συγκαλύπτουσα.

1090 1425 1136 1451 Διὸ
1150 1425 1196 1451 καὶ
1212 1423 1383 1458 ἀγανακτῶν,
1405 1423 1469 1449 ποτὲ
1497 1423 1546 1458 μὲν
1561 1423 1607 1449 καὶ
1627 1422 1710 1458 αὐτὴν
1728 1422 1776 1458 τὴν
1791 1422 1878 1457 βίϐλον

1090 1471 1131 1502 εἰς
1146 1470 1277 1504 τοῦδαφος
1293 1470 1472 1506 ἀπέρριπτεν,
1493 1469 1558 1495 ποτὲ
1577 1468 1606 1495 δέ
1631 1477 1664 1504 με
1683 1469 1717 1496 τά
1736 1468 1878 1500 σκοτεινῶς

1090 1517 1161 1552 ἐχειν
1181 1516 1310 1543 δοκοῦντα
1326 1515 1496 1551 τρανώτερον
1517 1514 1673 1550 ἐξηγεῖσθαι
1687 1515 1733 1541 καὶ
1747 1515 1878 1550 διασαφη-

1091 1561 1173 1594 νίζειν
1187 1561 1310 1588 ἐκέλευε’
1331 1561 1406 1593 τέλος
1429 1561 1457 1587 δὲ
1484 1561 1531 1587 καὶ
1555 1560 1622 1596 πρὸς
1638 1560 1701 1595 ὃλην
1728 1560 1776 1596 τὴν
1798 1561 1879 1596 μετά-

1092 1617 1191 1644 φρασιν
1217 1607 1394 1643 δυσχεράνας,
1424 1605 1575 1642 παρεκάλει
1603 1614 1635 1641 με
1655 1607 1733 1642 χεῖρα
1752 1606 1878 1642 δευτέραν

1092 1655 1204 1688 ἐπάγειν
1220 1653 1258 1688 τῷ
1279 1653 1430 1688 Γρηγορίῳ,
1458 1653 1506 1679 καὶ
1530 1651 1576 1679 τοῦ
1597 1653 1671 1688 κοινῇ
1696 1652 1878 1688 συμφέροντος

1091 1701 1170 1736 χάριν
1186 1699 1244 1726 τόδε
1268 1699 1298 1726 τὸ
1317 1698 1398 1734 ἄχθος
1418 1699 1461 1724 ἐπ’
1474 1697 1542 1734 ὤμῳ
1558 1697 1684 1733 ἄρασθαι.
1701 1697 1772 1732 Ἐγὼ
1786 1697 1825 1729 δὲ,
1839 1698 1877 1733 πὴ

1093 1747 1142 1782 μὲν
1156 1746 1225 1782 πρὸς
1237 1745 1286 1781 τὴν
1299 1745 1369 1780 ἐμὴν
1388 1743 1528 1772 ἀσθένειαν
1547 1743 1666 1779 ἀφορῶν,
1690 1743 1723 1778 ἢν
1743 1743 1877 1776 αὺτὸς,διὰ

1090 1793 1121 1820 τὸ
1138 1787 1206 1828 πρὸς
1226 1792 1259 1827 μὲ
1276 1791 1386 1826 φίλτρον
1403 1790 1454 1816 οὐκ
1467 1789 1564 1821 ἐσεῖδε,
1582 1788 1620 1825 πὴ
1636 1789 1665 1815 δὲ
1683 1789 1714 1815 τὸ
1727 1789 1774 1815 τοῦ
1797 1789 1875 1824 ἔργου

1090 1839 1218 1875 δυσχερὲς
1237 1837 1445 1873 εὐλαϐούμενος,
1467 1836 1514 1862 καὶ
1536 1836 1593 1871 ἃμα
1619 1836 1685 1871 πρὸς
1707 1835 1796 1867 ἄλλοις
1809 1835 1876 1870 ἔχων

1089 1886 1150 1912 τότε
1166 1886 1211 1912 τὸν
1225 1884 1297 1915 νοῦν,
1315 1883 1382 1918 πρὸς
1395 1882 1444 1919 τὴν
1454 1882 1561 1917 αἴτησιν
1575 1882 1625 1908 οὐκ
1642 1881 1800 1917 ἐκάμφθην·
1819 1881 1875 1908 ἀλλ’

1090 1929 1130 1964 οἷς
1145 1931 1218 1964 ἅπαξ
1232 1930 1396 1966 προειλόμην
1422 1928 1634 1964 ὲνεκαρτέρησα,
1662 1927 1716 1954 τῶν
1733 1928 1762 1954 ἐν
1783 1929 1875 1963 χερσὶν

1091 1976 1174 2013 ἀπρὶξ
1191 1978 1317 2012 ἐχόμενος
1328 1983 1336 1992 ·
1354 1974 1451 2010 συχνοῦ
1464 1974 1492 2001 δὲ
1507 1975 1604 2010 χρόνου
1616 1975 1675 2000 ἐκεῖ
1691 1973 1877 2009 διεληλυθότος

1091 2023 1208 2050 ἐπανιὼν
1221 2022 1320 2049 οἴκαδε.

1126 2069 1241 2100 Πολλαῖς
1251 2077 1280 2094 τε
1299 2067 1345 2094 καὶ
1360 2067 1497 2098 ποικίλαις
1519 2066 1594 2102 παρὰ
1616 2065 1662 2093 τοῦ
1679 2066 1773 2102 καιροῦ
1791 2075 1873 2102 προσ-

1090 2115 1181 2146 ϐολαῖς
1204 2113 1327 2149 πληγεὶς,
1355 2113 1447 2148 ἐπειδὴ
1470 2113 1588 2144 ἀνέσεώς
1614 2121 1685 2144 τινος
1709 2113 1754 2139 καὶ
1780 2112 1874 2148 σχολῆς

1089 2160 1164 2196 παρά
1178 2159 1224 2187 τοῦ
1240 2159 1428 2194 φιλανθρώπου
1441 2159 1508 2185 Θεοῦ
1524 2158 1622 2193 τυχὼν,
1635 2158 1688 2184 τῶν
1718 2158 1875 2194 προύργιαι-

1089 2206 1174 2241 τέρων
1203 2205 1370 2240 ἀπηλλάγην,
1399 2203 1548 2240 τηνικαῦτα
1580 2203 1611 2238 δὴ
1635 2203 1705 2230 κατά
1745 2203 1873 2238 βελτέονος

252 2249 343 2276 ciente
359 2248 464 2276 meliori
480 2249 644 2284 interprete,
666 2254 694 2276 et
712 2250 737 2276 in
765 2249 829 2276 illud
850 2257 954 2276 sumtna
976 2257 1035 2276 cum

1091 2251 1229 2287 ἑρμηνέως
1244 2251 1360 2286 ἐρημίαν
1376 2250 1406 2276 τὸ
1428 2250 1507 2285 ἔργον
1532 2249 1720 2285 ἐπεϐαλόμην,
1741 2249 1788 2276 καὶ
1807 2250 1875 2285 μετὰ

253 2295 397 2322 alacritate
414 2299 442 2322 et
462 2295 600 2330 diligentia
614 2295 734 2323 incubui.
751 2295 804 2323 Sed
818 2302 870 2323 non
883 2295 967 2322 multo
978 2299 1038 2329 post

251 2342 366 2375 cognovi
387 2349 430 2368 tne
455 2342 586 2368 ntiserutn
614 2342 716 2369 viribus
736 2342 823 2376 impar
852 2349 920 2368 onus
946 2348 1037 2368 susce-

251 2387 325 2422 pisse
342 2396 348 2414 :
370 2387 434 2415 hinc
451 2388 517 2414 tnilti
533 2389 728 2415 succensebant
750 2388 821 2422 quod
836 2387 900 2414 illud
921 2391 1037 2414 tractare

251 2441 305 2460 non
323 2433 555 2460 rcfortnidnssetn.
579 2433 686 2461 Etenim
708 2435 774 2460 tnihi
793 2434 921 2468 pritnutn,
936 2433 1008 2461 velut
1022 2441 1037 2460 e

251 2483 331 2512 portu
355 2478 482 2508 solventi,
513 2486 609 2505 serena
626 2481 715 2506 omnia
740 2480 940 2514 tranquillaque
965 2479 1037 2506 vide-

250 2523 360 2555 bantur,
383 2524 418 2549 ita
444 2527 473 2549 ttt
493 2528 520 2549 et
539 2523 606 2549 tttihi
623 2523 656 2550 de
686 2524 794 2559 incepto
817 2525 969 2558 gratularer
986 2529 1037 2550 :at

250 2570 355 2605 longius
369 2570 514 2597 abductum
533 2574 607 2596 tanta
620 2577 662 2596 me
686 2575 831 2605 tempestas
848 2575 956 2605 tamque
971 2578 1036 2606 gra-

248 2615 553 2651 visjactavitprocella,
574 2614 733 2642 utvicinum
749 2615 906 2643 immineret
929 2617 1036 2643 naufra-

249 2664 335 2698 gium.
348 2662 381 2689 Et
397 2667 474 2689 certe
490 2661 632 2697 periissem
652 2661 819 2694 submersus,
834 2663 886 2688 nisi
900 2662 1036 2690 emendati

248 2709 360 2744 quidam
380 2709 582 2744 augustissima:
617 2708 716 2742 regina:
743 2707 805 2735 libri
828 2708 884 2743 jam
910 2708 1036 2735 ﬂuctibus

249 2755 391 2790 abreptum
406 2756 588 2782 reduxissent.
607 2754 656 2782 Ubi
678 2753 817 2788 adjutores
838 2755 903 2782 mihi
924 2761 1034 2787 venere,

249 2806 305 2828 tum
323 2809 417 2828 secare
432 2803 528 2834 undas,
549 2801 641 2829 multis
661 2802 769 2836 quidem
793 2809 854 2828 cutn
878 2801 1033 2834 sudoribus,

248 2851 277 2876 et
292 2846 404 2880 pelagus
422 2847 658 2880 interpretationis
677 2847 813 2881 trajicere.

1091 2298 1181 2333 πάσης
1197 2296 1351 2332 προθυμίας
1367 2296 1414 2322 ἐπὶ
1428 2296 1514 2330 τούτῳ
1530 2296 1661 2330 ἐπέκυψα.
1680 2297 1746 2323 Μετ’
1760 2296 1790 2322 οὺ
1808 2295 1873 2322 πολὺ

1086 2343 1115 2370 δὲ
1133 2343 1255 2379 ᾐσθόμην
1269 2342 1369 2374 ἄθλιος,
1388 2341 1479 2377 μεῖξον
1501 2342 1517 2377 ῆ
1540 2342 1609 2368 κατὰ
1635 2342 1668 2377 μὲ
1685 2341 1792 2377 φορτίον
1805 2342 1873 2378 ἀρά-

1089 2395 1178 2423 μενος,
1197 2387 1340 2414 καὶπολλὰ
1354 2387 1469 2422 ἐμαυτὸν
1487 2388 1536 2422 τῆς
1557 2387 1695 2422 τολμηρᾶς
1711 2387 1811 2423 ταύτης
1830 2389 1874 2422 ἐγ-

1087 2435 1237 2470 χειρήσεως
1257 2432 1493 2468 κατεμεμψάμην·
1511 2433 1556 2458 καὶ
1572 2433 1625 2468 γάρ
1639 2433 1679 2458 τοί
1694 2441 1719 2458 τι
1738 2433 1785 2468 μὲν
1801 2432 1874 2469 πρῶ-

1087 2489 1131 2507 τον
1146 2479 1240 2515 ὥσπερ
1259 2480 1292 2505 ἐκ
1305 2478 1414 2514 λιμένος
1437 2477 1562 2512 ἁνάγοντί
1579 2487 1623 2512 μοι
1636 2477 1711 2505 εὔδια
1727 2478 1814 2505 πάντα
1828 2480 1873 2505 καὶ

1086 2525 1206 2560 γαλήνης
1222 2524 1308 2560 μεστὰ
1324 2524 1458 2558 ἐφαίνετο,
1472 2523 1542 2550 ὥστε
1558 2524 1604 2549 καὶ
1617 2523 1663 2549 τοῦ
1678 2525 1874 2561 ἐγχειρήματος

1086 2570 1197 2606 ἐμαυτῷ
1214 2569 1372 2606 συνήδεσθαι
1385 2577 1391 2584 ·
1404 2569 1568 2605 πορρωτέρω
1576 2569 1603 2595 δὲ
1619 2570 1747 2605 προϊόντα
1764 2579 1797 2604 με
1813 2579 1872 2596 τοσ-

1087 2617 1164 2649 οῦτος
1185 2616 1288 2652 χειμὼν
1308 2617 1356 2643 καὶ
1376 2616 1447 2643 οὕτω
1460 2616 1532 2651 δεινὴ
1547 2616 1614 2651 ζάλη
1629 2616 1786 2646 κατέλαϐεν,
1803 2617 1871 2644 ὥστε

1087 2663 1134 2690 καὶ
1146 2662 1242 2698 μικρὸν
1257 2662 1389 2689 ἀπέλιπον
1405 2662 1452 2688 τοῦ
1478 2662 1515 2696 μὴ
1529 2662 1719 2690 καταδύεσοαι.
1739 2664 1793 2689 Καὶ
1807 2664 1872 2690 πάν-

1086 2719 1138 2742 τως
1159 2710 1191 2737 ἂν
1205 2709 1386 2746 καταῦρύχιος
1405 2710 1474 2742 ἑδυν,
1487 2711 1510 2736 εἰ
1530 2710 1567 2746 μὴ
1580 2711 1799 2746 ὲπηνωρθωμένα
1813 2712 1872 2738 τινὰ

1087 2757 1138 2791 τῆς
1157 2756 1226 2782 πάνυ
1245 2755 1403 2791 βασιλίσσης
1423 2755 1511 2790 βιϐλία
1531 2756 1591 2783 καθ’
1610 2756 1713 2783 ὑδάτων
1730 2757 1778 2793 ἥδη
1794 2758 1872 2792 φερό-

1090 2810 1168 2838 μενον
1184 2801 1364 2835 ἐπεκούφισαν
1375 2809 1381 2816 “
1398 2802 1442 2836 ὑφ’
1458 2799 1495 2828 ὧν
1512 2802 1701 2839 βοηθούμενος,
1713 2803 1760 2829 τοῦ
1772 2803 1872 2829 κλύδω-

1088 2856 1132 2879 νος
1149 2847 1228 2882 μόγις
1243 2847 1380 2883 ὑπερ-ἦρα,
1399 2849 1444 2875 καὶ
1464 2848 1494 2875 τὸ
1514 2849 1593 2884 τῆσδε
1608 2849 1658 2884 τῆς
1677 2850 1872 2885 μεταφράσεως

1089 2893 1155 2921 πέλα
1163 2902 1204 2930 (ος
1220 2893 1377 2931 διεπέρασα.
