2055 3130
237 188 290 217 347

752 189 897 218 JOANNIS
915 188 1149 218 LEUVENKLAII
1170 189 1368 217 ΡΒᾸΞῈᾹΤΙΟ.

1811 191 1865 220 548

239 250 311 277 rant,
331 245 395 280 quia
419 246 547 274 miserum
569 246 595 273 in
620 246 728 275 modum
753 248 787 275 ab
812 249 961 283 interprete
984 246 1258 283 sicAHieronymus
1286 247 1410 278 Wolfius,
1434 247 1476 274 vir
1493 247 1680 279 clarissimus,
1717 247 1810 275 Grzece
1837 251 1866 275 et

240 295 354 319 tractata
370 292 507 324 videbam,
522 296 550 319 ut
570 292 668 327 exiguo
685 300 746 319 cum
764 293 905 320 hominum
934 293 1024 320 fructu

239 337 286 371 (ne
298 337 362 371 quid
375 337 483 372 gravius
496 336 761 372 dicam),c:eteroqui
776 338 854 372 longe
870 338 1024 371 utilissima,

238 381 443 410 lectitarentur:
458 383 526 418 coepi
542 384 649 410 tandem
665 380 835 412 hortantibus
850 385 962 415 amicis.
980 385 1025 419 qui

238 428 306 456 tanti
323 428 373 455 viri
396 434 449 455 tam
475 429 591 457 barbare
608 429 755 464 garrientis
773 431 843 464 apud
868 439 918 458 nos
939 430 1025 457 vicem

239 473 371 506 dolerent,
397 474 431 501 ad
457 474 515 508 ejus
538 474 791 509 interpretationem
818 475 938 502 animum
956 475 1027 510 adji-

238 526 310 546 cere.
327 518 441 545 Factum
458 519 509 546 hoc
523 524 565 547 est
579 524 643 547 ante
661 524 733 547 totos
747 524 864 554 quatuor
877 527 974 553 annos,
1000 520 1026 547 id

238 565 309 599 quod
326 569 353 592 et
365 564 500 593 Guilleimi
516 565 643 598 Canteri,
664 571 691 593 et
710 565 819 593 Martini
842 566 949 599 Crusii,
968 566 1026 594 cla-

239 611 409 638 rissimorum
431 610 552 639 virorum
562 632 570 645 ,
587 619 620 638 ac
637 611 826 647 plerorumque
841 613 921 646 huius
931 613 1027 641 acade-

238 656 300 684 mia:
313 657 454 684 doctorum
469 657 632 686 testimoniis
648 659 797 686 ostendere
813 667 936 693 possum.

274 703 342 729 Cum
358 707 448 730 autem
474 703 500 730 id
522 704 633 732 omnino
650 704 742 732 facere
770 713 831 732 cum
855 706 946 733 animo
967 713 1027 734 meo

238 749 452 782 constituissem,
485 749 521 776 ita
559 750 624 777 mihi
649 750 846 778 elaborandum
877 752 929 779 hoc
959 760 1027 786 opus

237 795 440 828 existimabam,
462 800 492 822 ut
505 800 534 823 et
547 795 683 831 legentum
701 797 899 832 exspectationi
921 797 1028 825 satisfa-

239 846 324 873 ceret,
340 846 368 869 et
384 842 424 869 sui
445 842 565 869 auctoris
581 842 665 869 libros
680 842 742 869 illus
762 851 870 878 quoque
891 851 983 871 secum
1000 844 1027 871 in

240 887 358 915 medium
377 888 523 922 proferret,
540 887 587 922 qui
606 887 705 916 alicubi
730 888 955 917 bibliothecarum
977 890 1026 917 ad-

1079 294 1175 321 Latine
1185 301 1218 321 ex
1241 293 1461 327 interpretatione
1479 302 1526 321 sua
1541 294 1698 328 publicavit.
1719 293 1747 320 in
1773 302 1805 320 eo
1823 301 1865 321 me

1080 340 1190 366 minime
1214 339 1290 371 falli,
1317 340 1423 367 duobus
1445 340 1611 374 argumentis
1633 341 1729 367 docere
1745 347 1864 374 possum.

1079 385 1198 412 Primum
1220 385 1277 419 ipse
1301 384 1448 412 Choniatas
1470 385 1587 420 quodam
1615 385 1675 413 loco
1702 385 1864 412 versiculum

1079 430 1150 458 hunc
1163 431 1289 465 ascripsit
1310 439 1318 458 :

1203 477 1271 503 Θεοῦ
1283 477 1314 503 τὸ
1324 476 1422 511 δῶρον,
1433 477 1481 503 καὶ
1499 477 1579 509 πόνος
1591 477 1742 504 Χωνιάτου.

1082 523 1141 556 Quo
1157 531 1233 551 versu
1250 524 1375 557 indicari,
1391 531 1447 551 rem
1461 523 1571 558 quidem
1589 524 1675 558 ipsam
1695 524 1742 551 Dei
1766 523 1866 550 donum

1079 576 1153 601 esse,
1168 577 1260 596 verum
1275 568 1435 603 scriptionis
1456 569 1578 596 laborem
1597 568 1738 596 Choniataa
1761 568 1864 600 deberi,

1080 615 1171 649 quivis
1189 614 1410 642 animadvertere
1431 619 1529 649 potest.
1546 614 1647 641 Deinde
1661 613 1776 649 sparsim
1793 621 1867 641 more

1080 668 1130 689 suo
1144 661 1266 695 quaedam
1281 660 1490 695 epigrammata,
1506 660 1622 687 senariis
1638 659 1761 687 iambicis
1775 659 1844 687 facta
1856 679 1865 693 ,

1080 705 1244 732 Nazianzeni
1277 704 1448 732 orationibus
1474 704 1591 738 praefixit
1608 714 1614 731 :
1631 705 1702 740 quod
1732 705 1818 738 ipsum
1838 705 1866 732 in

1080 757 1129 778 sua
1157 757 1266 785 quoque
1288 750 1353 777 fecit
1382 750 1508 782 historia,
1535 750 1607 777 sicut
1626 751 1708 778 editio
1734 750 1866 778 Wolliana

1081 795 1260 824 demonstrat.
1276 795 1312 822 Ea
1330 803 1378 823 nos
1397 795 1493 823 Latine
1509 796 1633 831 exposita
1645 797 1701 824 suis
1717 796 1784 824 locis
1798 797 1868 824 inse-

1081 841 1199 874 ruimus,
1218 842 1244 868 in
1263 841 1488 868 annotationibus
1504 842 1599 869 Graeca
1616 842 1713 874 daturi,
1730 843 1761 869 de
1772 837 1881 876 quibus'

1082 887 1192 922 agnosci
1219 886 1366 914 Choniatas
1392 887 1471 922 plane
1495 887 1603 922 poterit.
1633 885 1660 914 in
1687 888 1782 915 eodem
1802 887 1870 914 libro

239 934 293 961 huc
309 933 464 961 carceribus
480 933 563 961 clausi
580 934 797 962 continerentur.
820 936 859 962 Ad
875 936 947 964 hanc
970 943 1026 963 rem
1043 932 1065 959 Β
1079 938 1203 960 extremo
1222 932 1405 967 fragmentum
1423 933 1592 968 publicarum
1613 933 1763 960 litterarum
1779 933 1869 961 cerni-

239 979 433 1014 perliciendam
458 979 588 1015 temporis
607 980 715 1016 aliquod
742 981 858 1015 spatium
885 981 966 1009 fitiSse
981 990 1028 1009 nc-

239 1026 405 1057 cessarium,
429 1026 545 1060 perspici
562 1026 642 1054 facile
659 1026 708 1054 abs
723 1028 820 1062 quovis
842 1033 939 1062 potest.
958 1027 1030 1055 Inte-

241 1070 293 1097 rim
323 1070 350 1097 in
371 1069 468 1098 Galliis
494 1071 536 1098 vir
559 1071 752 1104 doctissimus,
781 1072 898 1100 Jacohus
924 1072 1028 1106 llillius,

242 1117 457 1144 archimandrita
470 1117 656 1150 Michaelinus,
670 1118 761 1145 itidem
779 1118 816 1145 uti
830 1125 889 1150 nos,
903 1117 1028 1153 Gregorii

243 1166 348 1189 sortem
359 1162 485 1190 acerbam
503 1163 657 1196 miseratus,
672 1163 796 1190 eumdem
810 1163 959 1191 exornandi
973 1162 1031 1197 ejus

241 1209 343 1243 scripta
357 1207 489 1241 laborem,
509 1209 654 1243 etquidem
674 1210 768 1238 eodem
785 1217 890 1237 mecum
909 1215 1032 1245 tempore

241 1254 365 1288 suscipit.
385 1254 422 1282 De
437 1255 487 1282 hoc
500 1263 560 1282 cum
575 1262 609 1282 ex
622 1255 732 1284 Canteri
750 1256 835 1283 nostri
857 1256 956 1284 litteris
973 1264 1033 1284 cer-

241 1298 296 1325 tior
321 1297 407 1326 factus
428 1305 535 1330 essem,
559 1300 608 1327 etsi
629 1299 685 1334 jam
715 1300 872 1334 complures
895 1301 1034 1329 orationes

242 1342 337 1371 Latine
351 1344 569 1379 descripsissem,
586 1351 676 1372 tamen
692 1346 725 1373 de
741 1346 830 1372 tabula
848 1346 932 1382 (quod
947 1347 1033 1383 aiunt)

242 1396 352 1415 manum
370 1389 464 1417 tollere
478 1390 643 1425 cogitabam.
667 1392 740 1425 quod
754 1392 900 1426 gauderem
922 1392 1035 1420 alterius

243 1435 337 1463 labore
349 1437 511 1470 scriptorem
528 1437 602 1464 illum
616 1457 623 1469 ,
639 1438 684 1471 qui
699 1438 780 1465 aliam
798 1438 824 1464 in
842 1437 961 1474 linguam
979 1444 1034 1466 tra-

244 1481 304 1508 duci
331 1488 361 1508 se
387 1482 524 1516 perinvite
546 1487 696 1517 pateretur,
724 1484 751 1510 in
773 1484 912 1512 hominum
941 1492 1036 1513 manus

244 1529 400 1562 pervenire.
431 1527 485 1556 Nec
509 1529 623 1556 deerant
641 1530 692 1556 alia
718 1531 840 1565 quaedam
867 1531 980 1566 scripta,
1003 1532 1037 1559 de

244 1574 344 1609 quibus
375 1579 475 1602 certam
504 1575 571 1602 mihi
599 1574 746 1603 laureolam
772 1576 894 1611 polliceri
918 1583 1034 1611 possem,

245 1620 397 1655 prmsertim
411 1621 527 1648 antehac
539 1628 651 1656 prorsus
665 1622 775 1657 ignotis,
792 1627 820 1650 et
835 1628 925 1649 tamen
945 1623 1035 1658 appri-

249 1673 291 1693 me
308 1666 427 1693 utilibus.

282 1712 382 1740 Vernm
416 1713 460 1740 ubi
489 1713 618 1748 deinceps
643 1714 716 1741 edito
745 1713 837 1742 labore
853 1714 937 1746 Biliii,
968 1715 1037 1742 satis

246 1767 398 1792 cernerent,
417 1768 498 1796 quam
515 1760 599 1788 multa
616 1761 693 1796 prius
707 1769 761 1789 non
776 1761 833 1789 visa
847 1781 854 1794 ,
867 1762 966 1796 quibus
979 1762 1038 1797 ipse

248 1806 393 1838 caruisset,
418 1807 481 1833 hinc
503 1806 565 1834 inde
580 1807 799 1842 congessissent;
824 1808 937 1835 minime
959 1816 1038 1836 com-

248 1853 408 1880 mittendum
433 1852 545 1887 putavi,
575 1858 605 1880 ut
642 1853 694 1880 viri
725 1854 790 1882 boni
816 1861 849 1882 ac
875 1854 1037 1882 Nazianzeni

248 1903 372 1926 amantes
385 1899 494 1933 egregio
517 1899 648 1926 thesauro
668 1899 870 1927 fraudarentur.
899 1900 962 1928 Feci
989 1900 1041 1928 hoo

249 1953 282 1973 eo
297 1952 405 1979 quoque
422 1944 570 1977 lubentius,
594 1945 667 1980 quod
689 1945 755 1973 Elia:
779 1945 916 1973 Cretensis
937 1946 1041 1973 archie-

249 1989 355 2026 piscopi
383 1989 644 2017 commentariorum
675 1990 702 2017 in
729 1989 930 2018 Nazianzenum
958 1991 1041 2018 libros

250 2044 298 2064 xix
318 2040 423 2068 nactus,
442 2036 496 2062 illis
510 2036 576 2070 ipsis
595 2035 711 2063 ducibus
727 2037 761 2064 ad
774 2038 911 2065 eruendos
933 2037 1042 2064 abstru-

251 2090 297 2111 sos
321 2082 346 2109 in
370 2082 506 2116 plerisque
520 2081 588 2109 locis
612 2081 777 2109 Nazianzeni
806 2090 904 2110 sensus
931 2083 968 2110 uti
1000 2090 1042 2109 me

252 2136 332 2164 posse
346 2130 442 2163 m'a'gna
459 2135 519 2154 cum
536 2127 655 2155 utilitate
677 2128 810 2155 viderem.
834 2127 889 2155 Nec
913 2135 1043 2163 prmtcrea

252 2182 347 2210 parum
361 2178 432 2206 erat,
450 2173 550 2201 habere
567 2177 606 2200 tot
620 2173 730 2208 egregia
750 2172 915 2201 Nazianzeni
931 2175 1044 2209 scripto-

253 2228 312 2247 rum
327 2219 494 2254 exemplaria
506 2241 514 2254 ,
541 2219 665 2253 pluribus
680 2224 742 2246 ante
761 2219 868 2246 sacculis
885 2227 965 2247 manu
980 2228 1044 2247 exa-

1081 984 1135 1010 tur,
1149 979 1247 1014 quibus
1261 987 1341 1006 manu
1359 987 1407 1006 sua
1423 978 1540 1006 Joannes
1561 979 1770 1007 Cantacuzenus
1786 979 1870 1014 impe-

1081 1029 1153 1052 rator
1175 1024 1293 1056 rubrica,
1319 1032 1368 1059 pro
1382 1032 1478 1058 more,
1500 1025 1670 1059 subscripsit,
1695 1024 1871 1060 sequentibus

1082 1070 1165 1098 etiam
1187 1070 1265 1105 longa
1281 1070 1352 1097 serie
1365 1070 1611 1105 subscriptionibus
1624 1070 1793 1097 antistitum:
1809 1069 1870 1097 Cal-

1082 1117 1150 1149 listi,
1165 1116 1327 1150 patriarchae
1341 1116 1482 1151 Byzantini
1499 1125 1506 1150 ;
1519 1115 1653 1143 Philotimi
1677 1115 1870 1148 Iieraciiensis,

1081 1162 1168 1197 quise
1182 1161 1312 1197 πρόεδρον
1323 1161 1377 1188 τῶν
1396 1161 1554 1197 ὺπερτίμων
1570 1161 1706 1196 appellat,
1722 1166 1750 1188 et
1782 1161 1872 1197 πάσης

1082 1208 1192 1244 Θρᾴκης
1206 1207 1254 1234 καὶ
1268 1207 1434 1239 Μακεδονίας
1451 1206 1576 1243 ἔξαρχον
1594 1207 1717 1243 Gregorii
1731 1207 1872 1236 Thessalo-

1083 1254 1216 1285 nicensis,
1233 1253 1348 1290 ἐξάρχου
1365 1254 1456 1288 πάσης
1472 1253 1618 1285 Θετταλίας
1629 1261 1636 1268 ·
1654 1252 1764 1280 Macarii
1781 1252 1871 1279 Phila-

1084 1300 1246 1335 delphensis,
1276 1300 1392 1334 ἐξάρχου
1416 1299 1508 1334 πάσης
1532 1299 1643 1332 Λυδίας,
1667 1299 1713 1334 qui
1741 1306 1770 1326 se
1789 1299 1871 1326 etiam

1084 1345 1226 1372 καθολικὸν
1249 1346 1344 1381 κριτὴν
1359 1345 1426 1372 τῶν
1441 1344 1576 1380 Ρωμαίων
1602 1348 1738 1379 nuncupat
1755 1353 1762 1371 :
1776 1343 1873 1371 multo-

1085 1400 1144 1419 rum
1161 1392 1278 1426 denique
1303 1391 1429 1422 aliorum,
1456 1398 1573 1425 quorum
1592 1390 1702 1417 nomina
1727 1388 1873 1423 titulosqne

1087 1438 1190 1466 referre
1206 1437 1339 1471 prolixum
1355 1437 1448 1464 fuerit:

1121 1484 1242 1510 Alterum
1257 1488 1347 1510 autem
1366 1482 1504 1516 exemplar
1515 1482 1594 1516 longe
1606 1481 1658 1508 hoc
1671 1481 1753 1508 etiam
1770 1481 1874 1508 videtur

1087 1530 1237 1566 antiquius.
1256 1530 1422 1557 Litterarum
1439 1529 1548 1564 quidem
1561 1528 1694 1563 elegantia
1709 1527 1801 1555 multis
1811 1526 1874 1562 {mo-

1087 1577 1129 1605 dis
1147 1581 1268 1612 praestat,
1289 1576 1333 1603 cui
1358 1576 1437 1609 plane
1461 1573 1607 1609 respondet
1631 1573 1787 1607 scriptionis
1804 1573 1875 1599 inte-

1087 1625 1174 1660 gritas
1191 1634 1198 1652 :
1213 1624 1313 1652 eteniut
1330 1628 1403 1650 tanta
1421 1627 1564 1650 exaratum
1589 1626 1631 1648 est
1647 1620 1797 1655 diligentia,
1816 1619 1876 1646 ιιιιΙ-

1085 1671 1139 1697 ium
1160 1675 1189 1697 ut
1207 1670 1320 1696 verbum
1337 1669 1363 1695 in
1381 1676 1413 1695 eo
1435 1674 1578 1702 perperam
1605 1667 1736 1701 scriptum
1755 1666 1875 1700 reperia-

1087 1722 1141 1745 tur.
1164 1716 1229 1750 Ejus
1254 1715 1346 1743 utendi
1369 1720 1490 1749 potestas
1515 1721 1529 1740 a
1551 1713 1710 1740 liasiliensis
1732 1711 1878 1739 acadeutize

1087 1762 1255 1794 doctoribus,
1270 1761 1336 1788 viris
1351 1764 1378 1787 et
1395 1759 1548 1787 eruditione
1571 1766 1688 1791 summa,
1707 1763 1734 1785 et
1753 1758 1877 1785 humani-

1087 1814 1143 1837 tate
1155 1809 1256 1837 eximia
1273 1807 1478 1843 praestantibus,
1494 1814 1610 1841 quorum
1627 1810 1718 1833 exstat
1733 1806 1760 1832 in
1783 1806 1879 1832 biblio-

1087 1845 1165 1882 theca
1180 1855 1297 1889 publica,
1314 1853 1430 1888 benigne
1449 1852 1516 1879 mihi
1538 1852 1608 1879 facta
1623 1856 1674 1879 est.
1692 1851 1804 1878 Constat
1817 1857 1879 1879 ante

1089 1909 1173 1928 annos
1185 1909 1227 1932 CL,
1250 1906 1372 1933 tempore
1389 1898 1497 1926 concilii
1525 1897 1684 1925 Basiliensis
1700 1897 1752 1924 huc
1768 1897 1879 1924 allatum

1083 1935 1160 1980 "esse,
1185 1954 1216 1974 ac
1230 1946 1360 1981 deinceps
1379 1952 1476 1981 magna
1502 1944 1678 1972 veneratione
1699 1948 1879 1971 asservatum.

1089 1995 1264 2029 interspersa:
1283 1998 1347 2021 sunt
1367 1993 1467 2027 passim
1481 1993 1594 2027 picturae
1616 1991 1739 2026 qumdam
1752 2010 1759 2023 ,
1783 1990 1881 2025 quibus

1090 2041 1245 2069 Graecorum
1268 2040 1382 2068 vestitus
1405 2043 1433 2066 et
1449 2039 1559 2066 habitus
1583 2038 1722 2072 eleganter
1742 2035 1874 2071 exprimi-

1091 2091 1145 2113 tnr.
1163 2086 1262 2112 Eodem
1279 2085 1368 2119 imago
1387 2083 1511 2118 Gregorii
1529 2083 1695 2114 continetur,
1709 2082 1746 2108 ita
1769 2088 1878 2115 prorsus

1092 2132 1188 2163 cmi-ta,
1203 2131 1431 2166 quemadmodum
1448 2129 1506 2164 ejus
1521 2134 1577 2156 tum
1601 2127 1678 2154 faciei
1701 2127 1877 2158 lineamenta,

1093 2183 1148 2204 tum
1165 2177 1281 2204 aliorum
1293 2176 1475 2203 membrorum
1489 2174 1603 2201 formam
1617 2173 1726 2200 Simeon
1743 2171 1787 2198 ille
1800 2171 1880 2197 Meta-

1092 2224 1217 2258 phrastes
1237 2221 1397 2256 descripsit,
1425 2220 1502 2254 cujus
1523 2219 1604 2246 verba
1631 2218 1698 2245 Vita:
1721 2216 1882 2244 Nazianzeni

254 2271 324 2294 rata.
352 2265 418 2293 Nam
445 2270 476 2293 ιιι
501 2266 562 2293 dem
589 2265 697 2292 Biliium
723 2265 804 2293 etiam
826 2266 860 2293 de
881 2265 1041 2293 bibliotheca
1057 2267 1214 2307 Dsubjecta
1245 2270 1404 2300 sequentur.
1442 2264 1490 2291 His
1517 2272 1583 2299 ergo
1613 2270 1662 2291 nos
1684 2262 1884 2297 exemplaribus

255 2314 357 2349 reginae
371 2320 428 2340 sua:
443 2312 528 2340 libros
552 2313 753 2341 vetustissimos
780 2313 930 2348 accepisse,
948 2320 1043 2348 quem—

255 2360 402 2387 admodum
428 2367 473 2386 rcs
496 2359 554 2393 ipsa
580 2359 657 2386 docet
675 2369 681 2386 :
703 2364 792 2386 tamen
813 2359 892 2394 longe
909 2367 958 2387 nos
976 2360 1044 2386 inte-

256 2404 391 2441 grioribus
407 2411 471 2431 usos
483 2411 553 2436 esse,
567 2404 607 2432 vel
625 2404 688 2431 inde
712 2404 862 2439 perspicias
881 2404 955 2436 licet,
973 2404 1045 2438 quod

256 2459 310 2479 non
325 2450 414 2478 solum
440 2458 483 2484 ea,
506 2458 566 2484 quae
580 2450 673 2477 Billius
689 2456 776 2483 notat,
799 2451 827 2477 in
846 2451 948 2478 nostris
969 2458 1046 2486 repe-

258 2498 377 2530 riantur;
399 2503 491 2524 verum
503 2497 582 2523 etiam
599 2496 667 2524 bene
680 2496 767 2532 longa;
781 2496 884 2531 periodi
903 2497 1002 2530 passim
1019 2497 1046 2522 in

256 2543 381 2572 versione
412 2542 523 2569 Billiana
551 2543 747 2576 desiderentur,
782 2550 849 2577 quas
875 2542 1045 2576 exemplaria

257 2593 349 2617 nostra
366 2587 548 2622 suppeditant.
571 2586 678 2614 Patebit
697 2588 749 2614 hoc
764 2587 797 2615 de
813 2587 1045 2615 Annotationibus

258 2635 359 2663 nostris
372 2635 398 2661 in
417 2633 629 2666 Nazianzenum,
645 2641 714 2669 quas
725 2633 775 2662 sub
791 2634 864 2661 tertii
882 2634 947 2661 tomi
967 2634 1048 2661 linem

258 2681 353 2709 lectori
369 2679 458 2707 daturi
473 2686 578 2707 sumus.

295 2727 367 2754 Inter
384 2726 436 2753 alia
455 2733 520 2753 vero
535 2725 717 2760 exemplaria,
746 2726 847 2761 quibus
873 2734 969 2754 sumus
995 2726 1049 2760 usi,

260 2773 314 2801 duo
330 2773 464 2808 praecipue
479 2772 612 2801 celebrari
635 2777 784 2800 merentttr.
811 2772 910 2800 Eorum
936 2772 1050 2800 alterum

261 2819 392 2855 scriptum
408 2825 449 2848 est
464 2827 544 2847 manu
562 2819 702 2847 Choniata:
714 2819 869 2847 Acominati
879 2824 942 2847 ante
949 2819 1052 2854 aliquot

261 2865 370 2898 secula,
396 2865 456 2899 ejus
478 2865 525 2900 qui
553 2865 749 2901 imperatorum
774 2865 985 2901 Byzantinorum
1008 2873 1052 2894 res

262 2914 352 2945 gestas
379 2909 564 2946 compluribus
592 2909 670 2939 libris
694 2914 747 2946 cst
776 2909 952 2942 complexus,
985 2916 1052 2943 quos

1095 2313 1168 2345 freti,
1186 2317 1215 2340 et
1235 2312 1384 2347 depravata
1403 2311 1520 2346 plurima
1545 2309 1726 2342 correximus,
1746 2313 1774 2336 et
1791 2307 1884 2335 mutila

1095 2358 1244 2393 integritati
1258 2365 1314 2385 sine
1329 2357 1507 2384 restituimns.

1133 2404 1172 2432 De
1199 2404 1264 2431 Elim
1287 2403 1493 2430 commentariis
1519 2401 1590 2429 aliud
1612 2401 1678 2428 nihil
1703 2400 1809 2433 dicam,
1834 2399 1884 2427 nisi

1096 2457 1164 2484 opus
1187 2450 1272 2484 ipsum
1299 2448 1447 2476 bonitatem
1467 2455 1544 2474 suam
1568 2447 1674 2474 abunde
1689 2450 1887 2474 commonstra-

1097 2501 1199 2523 tnrum.
1218 2495 1280 2522 Fuit
1305 2499 1379 2522 certe
1395 2495 1437 2521 vir
1453 2494 1498 2521 ille
1510 2515 1517 2526 ,
1541 2493 1759 2529 quandocunque
1782 2492 1887 2519 tandem

1097 2542 1164 2570 vixit
1184 2541 1269 2575 (nihil
1281 2541 1354 2568 enim
1370 2541 1402 2568 de
1423 2540 1475 2567 hoc
1495 2539 1573 2567 nobis
1593 2538 1729 2572 constat),
1755 2538 1888 2564 maximus

1097 2594 1125 2616 et
1142 2588 1316 2623 philosophus
1332 2592 1359 2614 et
1381 2586 1522 2620 theologus
1534 2605 1542 2618 ,
1563 2585 1608 2620 qui
1625 2585 1748 2612 omnium
1764 2584 1886 2618 philoso-

1099 2635 1225 2669 phorum,
1245 2638 1399 2667 poetarum,
1421 2637 1576 2663 oratorum,
1593 2630 1798 2662 historicorum,
1823 2629 1890 2656 alio.

1099 2686 1214 2713 rumque
1228 2678 1312 2705 libros
1324 2677 1532 2712 diligentissime
1547 2676 1697 2707 lectitarat,
1716 2680 1769 2702 tam
1782 2679 1890 2702 veteres

1100 2731 1181 2759 quam
1205 2731 1307 2756 novos,
1335 2722 1485 2758 praesertim
1503 2721 1674 2754 Platonicos,
1698 2721 1890 2756 Porphyrium,

1100 2770 1287 2803 lamblichum,
1307 2769 1444 2803 Proclum,
1466 2773 1579 2796 ceteros
1593 2777 1600 2795 :
1616 2768 1643 2795 id
1661 2767 1733 2803 quod
1759 2767 1839 2794 facile
1858 2765 1892 2792 de

1101 2817 1220 2844 thesium
1230 2815 1432 2848 communium,
1447 2822 1528 2850 quain
1547 2814 1640 2841 multis
1655 2813 1723 2842 locis
1740 2812 1892 2849 pulcherri-

1104 2869 1163 2889 mas
1180 2866 1207 2889 ct
1219 2861 1349 2896 praeclara
1365 2860 1488 2888 doctrina
1503 2860 1618 2887 refertas
1636 2859 1768 2891 inseruit,
1792 2861 1892 2884 tracta—

1107 2909 1178 2937 tione
1193 2906 1360 2944 deprehendi
1375 2910 1472 2942 potest.
1491 2905 1564 2934 Nihil
1576 2904 1773 2934 commentario
1791 2904 1817 2931 in
1829 2909 1892 2930 ora-
