2055 3130
181 182 234 212 549

689 186 832 216 JOANNIS
855 188 1086 217 LEUVENKLAll
1105 189 1298 218 PREFATIO.

1747 192 1800 220 350

182 241 282 269 tionem
299 240 339 268 De
357 245 429 269 recta
449 241 596 270 disserendi
624 243 656 270 de
671 243 724 271 Deo
746 246 857 278 ratione,
884 253 964 280 quam
979 253 1002 281 Α
1019 252 1120 274 temere
1135 254 1258 281 vaneque
1278 246 1344 280 dici,
1369 253 1444 274 more
1465 236 1542 274 nunc
1558 235 1724 282 pervulgato,
1746 254 1799 282 quo

181 295 231 314 nos
250 287 276 314 in
295 287 390 315 ordine
410 289 557 316 secundam
582 290 709 323 fecimus,
739 290 790 325 legi
821 291 965 326 perfectius

181 333 348 360 eruditiusve
365 338 464 368 potest.
486 334 520 361 Et
543 335 653 370 scripsit
676 337 766 363 omnia
788 337 880 372 phrasi
899 345 965 366 sane

180 378 357 414 pereleganti,
381 379 492 414 munda,
517 381 629 409 minime
653 381 788 414 barbara,
816 383 964 418 cujusmodi

179 425 399 459 estGrtecorum,
416 425 462 461 qui
482 427 616 461 proximis
630 428 736 455 saeculis
747 428 883 461 vixerunt,
901 436 964 457 ora-

180 471 220 497 tio
235 480 241 497 :
258 471 292 498 de
306 479 359 506 quo
372 471 435 499 licet
451 473 596 505 aestimare,
610 481 663 501 non
684 482 769 509 usque
783 477 850 502 adeo
869 483 964 503 recen-

180 520 234 543 tem
253 517 339 543 Eliam
353 517 424 545 hunc
441 522 560 546 nostrum
583 526 643 547 esse
656 540 663 553 ,
688 521 735 547 scd
759 527 821 548 ante
845 521 964 557 pluscula

180 568 246 588 sane
260 562 356 589 saecula
376 563 488 591 vixisse.

214 605 309 634 Faciet
346 607 433 642 ipsius
463 610 719 636 commentariorum
757 610 900 638 lectionem
937 611 963 639 id

180 659 287 687 quoque
298 652 486 687 jucundiorem
500 674 507 688 ,
530 655 602 689 quod
618 655 658 683 eis
680 655 826 691 fragmenta
841 657 963 691 quaedam

182 697 344 732 scriptorum
372 702 493 727 veterum
527 700 728 734 contineantur,
764 708 878 736 quorum
915 709 964 730 nos

181 743 264 772 hodie
277 744 360 772 libros
374 744 492 780 integros
506 753 558 773 non
578 746 720 774 habemus.
743 746 816 775 Inter
833 748 901 776 alios
922 753 964 777 est

181 797 304 818 summus
332 790 377 818 ille
403 792 549 825 Maximus,
569 792 645 826 cujus
671 792 784 821 Lutetia:
810 794 963 829 publicatus

180 841 222 864 est
255 837 281 864 in
316 836 434 872 Dionysii
478 839 579 873 scripta
617 840 835 868 commentarius.
869 840 963 869 Exstat

179 882 298 916 ejusdem
315 883 384 918 apud
404 883 512 911 Graecos
530 884 617 912 adhuc
634 885 683 921 τῆς
699 885 774 918 θείας
793 886 962 922 λειτουργίας

1016 293 1181 327 emptoribus
1210 293 1374 327 imponatur,
1399 293 1636 321 existimenlibet
1659 294 1709 320 hoc
1740 293 1800 320 loco

1015 344 1100 372 pauca
1115 337 1237 372 quaedam
1254 338 1400 373 subjicere,
1415 338 1449 365 de
1461 338 1559 373 quibus
1574 342 1602 366 et
1619 345 1682 365 vere
1702 345 1753 366 nos
1773 338 1798 366 id

1015 383 1166 417 praedicare
1197 383 1284 411 lector
1313 383 1466 419 intelligat,
1492 387 1519 411 et
1547 384 1674 411 editionis
1699 389 1800 412 nostra:

1015 430 1148 457 rationem
1164 430 1323 465 perspiciat.

1051 475 1147 502 Statim
1165 476 1199 503 ab
1220 476 1298 503 initio
1320 475 1444 510 procemii
1473 475 1516 503 sui
1543 479 1626 502 tradit
1652 475 1736 508 Elias,
1761 476 1797 503 ab

1016 520 1187 549 Nazianzeno
1207 526 1312 549 tantum
1332 522 1471 549 orationes
1486 521 1544 549 sive
1558 522 1798 549 commentationes

1015 566 1087 602 (nam
1100 574 1152 594 vox
1168 566 1246 602 λόγος
1268 568 1418 602 generatim
1438 574 1453 594 a
1478 567 1615 594 veteribus
1641 571 1798 601 usurpatur,

1014 612 1047 640 de
1061 614 1156 647 quovis
1179 613 1281 648 scripto
1299 618 1381 646 atque
1402 612 1534 647 tractatu)
1551 619 1665 640 numero
1686 620 1723 640 LII
1739 619 1799 640 esse

1013 659 1175 694 publicatas,
1196 666 1263 693 quas
1280 659 1351 685 inter
1371 662 1399 685 et
1416 657 1536 693 epistola:
1550 661 1631 685 certae
1645 657 1739 684 referri
1753 657 1799 683 dc-

1013 705 1104 737 beant,
1128 705 1206 740 cujus
1221 705 1330 740 generis
1345 704 1398 732 illa!
1413 709 1487 736 sunt,
1503 711 1570 738 quas
1583 704 1616 731 ad
1629 703 1796 733 Nectarium.

1013 751 1169 786 Evagrium,
1186 751 1346 778 Cledonium
1363 750 1530 785 perscripsit.
1545 750 1601 777 Hoc
1615 750 1680 777 Eliae
1696 750 1797 776 dictum

1013 804 1075 824 cum
1101 797 1193 824 animo
1212 804 1272 824 meo
1297 797 1443 824 insedisset
1467 797 1559 830 altius,
1580 796 1696 831 primum
1710 803 1740 823 ea
1755 802 1798 822 me

1012 843 1123 870 liberari
1139 843 1266 878 opinione
1280 843 1469 874 animadverti,
1488 850 1569 877 quam
1592 842 1700 869 Billium
1720 849 1798 869 scen-

1014 891 1069 914 tum
1081 887 1165 914 luisse
1177 887 1266 915 video.
1278 887 1360 914 Putat
1372 887 1444 914 enim
1457 887 1616 922 Gregorium
1632 887 1702 913 haud
1717 887 1798 913 dubie

179 928 321 964 ἑρμηνεία.
336 928 419 956 Liber
432 929 465 956 ad
480 929 662 964 Thalassium,
676 931 709 958 ab
724 932 818 959 eodem
833 933 960 967 scriptus,
977 929 998 956 Β
1012 933 1103 969 plures
1121 933 1155 961 ad
1171 934 1297 968 populum
1320 934 1380 968 ejus
1403 934 1509 969 generis
1533 934 1670 961 orationes
1689 933 1797 960 habitas

180 982 196 1001 a
220 974 333 1002 Micaelo
355 974 438 1010 Glyca
468 976 577 1008 cilatur,
608 977 684 1011 cujus
705 977 825 1005 Annales
848 978 960 1006 necdum

179 1019 266 1047 editos
300 1020 351 1048 hoc
377 1025 499 1056 tempore
511 1021 745 1056 ,interpretamur:
761 1024 879 1058 itemque
898 1032 963 1051 κατ-

179 1065 287 1101 ήχησις,
314 1070 342 1093 et
361 1065 439 1093 θείων
464 1067 607 1102 δογμάτων
634 1068 779 1102 κεφάλαια,
799 1069 875 1104 cujus
900 1069 961 1097 libri

179 1116 271 1140 noster
284 1112 356 1141 Elias
369 1121 477 1148 quoque
496 1114 628 1143 meminit.
643 1115 735 1142 Multis
753 1116 834 1143 etiam
852 1116 877 1143 in
899 1116 963 1144 locis

179 1157 250 1185 Elias
264 1158 375 1192 indicat,
394 1167 425 1187 se
437 1159 504 1187 alias
520 1168 627 1196 quoque
649 1160 813 1188 Nazianzeni
827 1162 963 1190 orationes

179 1204 318 1239 perpetuis
339 1205 545 1233 commentariis
567 1214 722 1234 enarrasse.
742 1206 911 1242 Quapropter
935 1212 963 1235 et

180 1248 291 1277 Nicetas
310 1250 468 1283 Serronius.
492 1256 520 1280 et
539 1251 684 1288 Gregorius
708 1253 840 1286 Palamas,
865 1258 893 1281 et
916 1253 961 1281 alii

179 1295 274 1323 bucula
290 1296 369 1331 hujus
389 1305 484 1326 arasse
499 1299 583 1326 videri
600 1303 730 1333 possunt;
752 1299 830 1326 ’l'urta
853 1299 962 1335 quidem

179 1347 239 1367 esse
256 1340 340 1374 facta,
364 1342 458 1370 multis
486 1343 553 1371 locis
573 1343 737 1378 deprehendi
761 1349 860 1379 potest.
893 1345 964 1372 Citat

179 1387 280 1421 passim
304 1388 338 1415 de
360 1388 526 1418 Nazianzeni
550 1391 683 1425 poematis
704 1398 798 1419 versus
821 1392 961 1426 quosdam,

179 1433 298 1468 quicum
322 1434 350 1462 in
368 1435 450 1463 editis
472 1443 598 1470 prorsum
623 1444 675 1464 non
701 1442 851 1470 exstarent,
869 1445 918 1466 uos
929 1440 963 1466 ad

180 1480 378 1515 manuscriptos
395 1487 549 1516 poematum
564 1481 649 1510 libros
663 1489 770 1510 nostros
783 1488 962 1518 recurrentes,

179 1526 317 1553 universos
347 1527 499 1561 reperimus
522 1535 529 1553 :
555 1527 581 1554 id
610 1528 681 1562 quod
716 1529 806 1556 divino
833 1528 963 1557 beneﬁcio

179 1571 279 1598 factum
303 1572 476 1605 crediderim,
512 1577 543 1600 ut
569 1581 623 1607 quo
657 1579 776 1608 tempore
801 1574 961 1602 Nazianzeni

178 1625 259 1651 opera
274 1618 316 1645 illa
335 1624 431 1646 nactus
444 1627 542 1652 essem,
559 1627 592 1647 ne
604 1620 667 1655 quis
683 1627 714 1647 ea
728 1621 812 1655 ipsius
827 1629 887 1649 esse
903 1622 963 1649 inli-

179 1663 308 1697 ciaretur,
328 1663 445 1691 hominis
471 1665 539 1692 certi
556 1665 725 1699 {testimonio
754 1667 896 1693 commode
924 1667 962 1694 uti

178 1717 294 1744 possem.
310 1709 457 1738 Consimile
468 1711 594 1745 quiddam
613 1712 639 1738 in
656 1712 783 1744 Cmsario,
801 1711 963 1739 Nazianzeni

178 1763 308 1790 germano
321 1756 415 1789 fratre,
439 1756 506 1784 mihi
526 1759 664 1785 usuvenit.
681 1759 753 1792 {Eum
769 1763 831 1786 ante
848 1763 963 1793 quatuor

177 1807 264 1828 annos
296 1800 385 1828 divina
412 1801 478 1828 mihi
506 1801 617 1837 largitas
643 1803 754 1834 obtulit;
791 1811 906 1838 cumque
930 1804 964 1831 de

177 1846 278 1881 scripto
290 1847 413 1875 nonnihil
436 1848 598 1881 dubitarem,
626 1854 766 1884 propterea
783 1850 853 1884 quod
874 1850 964 1878 Cmsa-

177 1894 247 1920 rium
263 1894 358 1922 aulicis
378 1895 494 1929 negotiis
509 1899 536 1923 et
556 1897 701 1930 quaestorio
722 1905 832 1924 munere
849 1904 964 1932 occupa-

177 1943 246 1972 tum,
273 1945 432 1974 matureque
452 1940 534 1968 rebus
558 1941 683 1968 humanis
697 1948 849 1977 exemptum
866 1943 962 1975 fuisse,

179 1984 213 2012 de
235 1985 358 2020 Gregorii
383 1985 475 2013 fratris
498 1986 619 2014 oratione
642 1987 748 2015 funebri
772 1989 960 2023 accepissem:

177 2037 240 2057 ecce
254 2031 385 2064 superiori
403 2038 473 2058 anno
487 2035 584 2058 testem
605 2031 717 2067 (ilycam
733 2032 852 2065 invenio,
867 2034 912 2065 qui
929 2033 962 2060 de

178 2071 231 2103 illis
249 2076 314 2111 ipsis
329 2077 441 2104 Catsarii
459 2077 582 2114 dialogis,
601 2085 670 2113 ques
682 2086 754 2105 nunc
769 2080 884 2114 primum
899 2080 962 2107 Gre-

177 2122 244 2157 gorii
259 2123 344 2150 nostri
361 2124 545 2151 monumentis
559 2128 630 2151 tomo
646 2125 728 2152 tertio
747 2125 915 2160 suhjicimus,
928 2126 961 2153 ad

177 2166 288 2196 verbum
309 2168 437 2196 nonnulla
454 2169 532 2197 citat.

212 2214 288 2248 Quod
304 2214 327 2242 si
340 2215 392 2243 hoc
408 2222 516 2250 quoque
532 2214 683 2242 addendum
699 2219 740 2242 est
754 2215 786 2243 de
801 2215 870 2247 Elia,
886 2216 962 2251 equi-

1011 979 1138 1012 edidisse,
1153 978 1230 1013 cujus
1243 983 1287 1006 cst
1302 978 1358 1011 illa,
1370 986 1424 1013 qua
1436 979 1535 1005 dictum
1551 978 1650 1005 Christi
1667 986 1699 1005 ex
1713 978 1798 1005 Evan-

1012 1024 1081 1060 gelio
1098 1024 1217 1052 Matthaai
1236 1023 1371 1059 explanat.
1389 1023 1465 1056 Quod
1489 1024 1511 1051 si
1529 1031 1622 1051 verum
1636 1028 1718 1056 esset,
1737 1031 1799 1058 per-

1012 1070 1148 1104 quirenda:
1162 1069 1241 1097 nobis
1253 1073 1344 1097 essent
1358 1069 1539 1103 bibliothecae,
1549 1073 1578 1096 ut
1590 1077 1636 1097 eas
1649 1070 1796 1102 orationes,

1012 1115 1034 1143 si
1051 1124 1104 1143 non
1120 1123 1227 1148 omnes,
1243 1115 1339 1143 saltem
1356 1116 1500 1151 plerasque
1512 1116 1613 1150 publici
1635 1123 1701 1143 usus
1715 1123 1798 1143 causa

1013 1161 1207 1196 proferremus.
1229 1162 1264 1189 At
1284 1162 1335 1189 hoc
1358 1166 1415 1189 toto
1439 1162 1531 1189 labore
1557 1161 1734 1196 molestiaque
1755 1169 1799 1188 me

1012 1206 1122 1233 verbum
1147 1207 1198 1234 hoc
1213 1206 1323 1234 unicum
1343 1207 1408 1234 Elia:
1427 1206 1509 1239 levat,
1527 1206 1570 1234 cui
1587 1207 1632 1241 qui
1653 1206 1734 1234 lldem
1749 1206 1798 1234 de-

1013 1252 1113 1284 trahat,
1129 1252 1249 1279 arbitror
1262 1251 1320 1280 fore
1333 1252 1479 1279 neminem.

1047 1297 1104 1326 Hoc
1122 1298 1238 1333 primum
1264 1298 1447 1332 considerato,
1476 1298 1544 1333 coepi
1569 1298 1695 1332 deinceps
1711 1298 1798 1325 aciem

1012 1342 1094 1370 animi
1124 1342 1176 1370 mei
1202 1343 1319 1378 dirigere
1338 1342 1372 1370 ad
1397 1342 1554 1370 faciundum
1572 1343 1606 1370 de
1631 1343 1800 1370 orationibus

1013 1388 1059 1420 iis,
1081 1392 1214 1423 quotquot
1240 1393 1389 1421 exstarent,
1416 1388 1547 1422 judicium
1565 1397 1641 1424 aquo
1667 1389 1797 1422 viderem,

1012 1439 1140 1462 essentne
1172 1434 1293 1469 germani
1319 1434 1391 1462 fetus
1412 1434 1490 1468 hujus
1507 1436 1625 1463 auctoris
1643 1442 1747 1468 omnes,
1763 1442 1798 1462 an

1014 1481 1064 1508 sub
1078 1480 1137 1515 ejus
1156 1481 1266 1508 nomine
1284 1481 1448 1516 supposititii
1465 1481 1604 1516 quidpiam
1624 1481 1752 1509 latitaret.
1768 1481 1798 1508 ln

1014 1527 1065 1554 hac
1085 1535 1200 1554 censura
1225 1527 1407 1562 deprehendo,
1432 1527 1535 1555 duobus
1556 1528 1583 1555 in
1605 1527 1713 1562 scriptis
1736 1533 1800 1554 ante

1015 1581 1057 1600 me
1071 1573 1175 1599 Billium
1198 1573 1223 1600 id
1242 1573 1476 1606 animadvertisse,
1493 1574 1564 1609 quod
1587 1581 1631 1601 res
1645 1579 1697 1606 est,
1720 1573 1800 1600 nitui—

1015 1626 1073 1646 rum
1090 1626 1120 1645 ea
1141 1618 1313 1646 Nazianzeno
1337 1619 1418 1646 tribui
1443 1627 1613 1654 nequaquam
1638 1618 1753 1651 debere;
1771 1619 1798 1645 in

1015 1664 1095 1691 tertio
1113 1668 1166 1691 tam
1189 1665 1287 1699 ipsum,
1316 1672 1397 1699 quam
1420 1670 1533 1693 caeteros
1552 1672 1648 1693 omnes
1668 1665 1799 1692 hactenus

1014 1710 1176 1739 allucinatos
1200 1711 1295 1739 fuisse.
1320 1711 1416 1739 Priora
1440 1712 1493 1739 duo
1516 1716 1596 1746 sunt,
1619 1711 1799 1745 Inetaphrasis

1015 1757 1042 1784 in
1057 1757 1252 1791 Ecclesiastem,
1268 1765 1328 1792 qua:
1344 1758 1501 1793 Hieronymi
1524 1758 1678 1785 testimonio
1695 1757 1800 1791 Grego-

1014 1802 1047 1829 rii
1064 1802 1292 1831 Neocaesariensis
1306 1808 1366 1837 est;
1390 1808 1418 1831 et
1435 1804 1576 1831 annotatio
1590 1804 1618 1830 in
1631 1802 1798 1830 Ezechielum

1013 1853 1111 1881 vatem,
1136 1857 1194 1883 qua
1220 1854 1324 1876 tantum
1350 1850 1437 1882 abest,
1454 1853 1483 1876 ut
1502 1849 1665 1876 Nazianzeni
1691 1849 1736 1881 sit,
1751 1849 1798 1876 vix

1013 1899 1043 1921 ut
1069 1895 1170 1922 homini
1194 1895 1368 1924 mediocriter
1389 1895 1470 1923 docto
1492 1896 1571 1922 tribui
1593 1895 1700 1922 debeat.
1716 1893 1799 1921 Meta-

1013 1939 1123 1973 phrasin
1155 1940 1324 1968 retinendam
1356 1946 1499 1975 propterea
1526 1941 1700 1975 putabamus,
1725 1940 1797 1974 quod

1014 1985 1097 2012 Eliam
1108 1986 1283 2013 crederemus
1291 1987 1426 2014 communi
1440 1987 1564 2014 fortassis
1571 1994 1666 2014 err0re
1676 1987 1798 2017 ductum,

1014 2032 1084 2059 inter
1097 2031 1220 2066 Gregorii
1236 2032 1320 2060 libros
1333 2040 1393 2059 eam
1412 2033 1663 2068 numerassezquod
1675 2033 1696 2059 si
1714 2032 1799 2059 maxi-

1013 2086 1056 2106 me
1070 2086 1162 2106 verum
1179 2079 1225 2110 sit,
1242 2079 1341 2106 mirum
1357 2080 1458 2107 nemini
1477 2079 1561 2106 videri
1579 2079 1668 2110 debet,
1690 2079 1798 2112 quando

1013 2124 1058 2152 vix
1075 2129 1184 2152 mortuo
1200 2125 1332 2160 Gregorio
1351 2126 1443 2152 titulus
1465 2125 1595 2152 orationis
1617 2125 1645 2151 in
1666 2123 1798 2150 Heronem

1012 2173 1132 2196 mutatus
1149 2169 1209 2201 fuit,
1236 2175 1264 2196 ut
1290 2170 1481 2204 llieronymtts,
1495 2168 1616 2203 Gregorii
1631 2173 1796 2201 coaetaneus,

1013 2219 1113 2241 monet.
1128 2214 1203 2247 Quod
1221 2215 1243 2241 si
1266 2215 1317 2242 hac
1333 2215 1437 2242 ratione
1461 2214 1554 2241 lectori
1575 2220 1628 2240 non
1647 2213 1799 2240 satisfacie-

178 2261 238 2288 dem
258 2261 385 2288 existimo
412 2261 512 2289 vixisse
536 2262 563 2289 id
585 2261 714 2296 temporis
737 2261 883 2293 hominem,
899 2269 960 2289 cum
976 2267 999 2295 ι)
1014 2267 1083 2293 mus,
1097 2265 1181 2288 restat
1198 2266 1226 2287 nt
1240 2261 1427 2295 polliceamur,
1442 2260 1515 2287 omni
1531 2267 1580 2286 nos
1596 2259 1686 2286 studio
1701 2259 1798 2294 genui-

177 2306 256 2334 Creta
269 2314 318 2341 per
330 2307 496 2335 Sarracenos
513 2312 655 2342 occupata,
668 2312 696 2334 et
706 2307 861 2342 Byzantinis
876 2307 960 2341 impe-

177 2352 314 2379 ratoribus
337 2356 409 2380 esset
432 2352 568 2387 adempta,
597 2353 725 2380 nimirum
751 2353 829 2380 annis
848 2352 881 2379 ab
904 2359 961 2380 aevo

177 2403 269 2425 nostro
281 2397 340 2431 plus
353 2398 442 2425 minus
457 2399 602 2426 sexcentis.
617 2399 718 2426 Scribit
731 2399 803 2426 enim
822 2399 849 2425 in
868 2405 960 2432 prom-

178 2443 232 2470 mio
259 2443 462 2471 commentariis
495 2445 647 2479 praemisso,
682 2445 716 2471 ab
747 2452 777 2472 se
808 2445 834 2471 in
866 2444 961 2472 exsilio

177 2489 307 2523 scripturn
335 2489 387 2516 hoc
413 2489 580 2517 elaboratum
616 2490 710 2523 fuisse,
741 2491 812 2526 quod
836 2491 960 2518 exsilium

177 2542 241 2563 sane
256 2535 282 2562 in
304 2535 353 2563 hos
370 2536 443 2571 ipsos
456 2543 542 2564 annos
561 2536 672 2564 sevitiae
684 2536 875 2571 _Sarracenicze
890 2536 960 2564 inci-

177 2581 241 2609 dere
257 2581 373 2610 videtur.

214 2628 266 2656 Tot
295 2629 450 2664 talibusque
468 2629 578 2665 scriptis
601 2638 663 2658 cum
689 2630 728 2658 sic
750 2635 777 2657 et
796 2629 909 2664 expoliri
933 2633 960 2656 et

177 2675 271 2710 augeri
286 2683 368 2710 posse
389 2675 552 2704 Nazianzeni
575 2676 660 2705 libros
682 2677 845 2710 videremus,
866 2684 960 2711 parum

184 2725 216 2748 ut
229 2721 264 2749 ab
277 2721 323 2749 illa
343 2722 520 2757 perfectione,
537 2730 617 2757 quam
637 2723 663 2750 in
677 2723 840 2750 editionibus
858 2723 961 2757 prisco-

177 2774 237 2794 rum
250 2773 483 2796 monumentorum
498 2769 670 2804 requirimus,
683 2769 810 2796 abessent
824 2777 831 2795 :
846 2769 961 2796 Billiano

178 2812 271 2842 labore
296 2822 349 2842 non
369 2815 508 2847 contenti‘,
532 2815 678 2850 pristinum
701 2816 734 2842 ad
756 2816 907 2842 institutum
929 2815 961 2841 de

131 2865 134 2868 '
179 2858 284 2894 integro
307 2860 426 2887 animum
453 2860 611 2894 adjecimus.
636 2861 675 2888 Ne
692 2869 756 2888 vero
773 2862 905 2895 quispiam
923 2861 960 2892 id,

181 2905 251 2938 quod
266 2905 299 2933 de
312 2912 425 2940 operum
443 2906 605 2936 Nazianzeni
616 2907 780 2943 perfectione
792 2907 959 2942 pollicemur,

1014 2313 1076 2333 num
1093 2306 1216 2341 Gregorii
1228 2307 1359 2342 scriptum
1375 2306 1615 2341 pervestigaturos,
1630 2306 1701 2340 quod
1719 2305 1798 2339 hujus

1012 2350 1069 2378 loco
1102 2352 1291 2379 substituatur.
1323 2351 1532 2378 Annotationem
1572 2351 1600 2377 in
1632 2350 1798 2377 Ezechielum

1012 2405 1123 2432 prorsus
1139 2405 1171 2424 ex
1191 2398 1309 2425 editione
1336 2401 1441 2429 nostra,
1468 2404 1515 2424 seu
1539 2396 1670 2431 spuriam,
1688 2396 1798 2429 ejicien-

1012 2443 1073 2469 dam
1097 2443 1302 2471 statuebamus:
1318 2442 1396 2478 cujus
1420 2443 1507 2470 locum
1529 2447 1559 2469 ut
1572 2449 1731 2476 germanum
1746 2441 1798 2467 ali-

1013 2489 1084 2523 quod
1109 2489 1230 2524 Gregorii
1253 2489 1383 2524 scriptum
1406 2494 1563 2522 occuparet,
1583 2489 1667 2516 libros
1691 2493 1797 2515 veteres

1012 2534 1156 2569 diligenter
1170 2534 1330 2567 evolvendo,
1356 2535 1462 2562 tandem
1487 2534 1513 2562 id
1528 2535 1599 2569 quod
1622 2534 1797 2569 optabamus,

1011 2580 1099 2615 adepti
1115 2589 1217 2608 sumus.
1235 2580 1301 2608 Nam
1315 2581 1341 2608 in
1356 2581 1425 2608 libro
1437 2581 1576 2608 Choniata:
1588 2587 1668 2607 manu
1683 2583 1795 2606 exarato

1011 2628 1203 2664 panegyricam
1219 2627 1343 2662 Gregorii
1358 2627 1522 2661 orationem,
1536 2626 1655 2653 habitam
1670 2626 1694 2652 in
1709 2625 1796 2652 hono-

1011 2681 1068 2700 rem
1084 2673 1193 2700 testium
1211 2673 1345 2705 veritatis,
1359 2672 1575 2704 Arianorumque
1596 2670 1713 2697 furorem
1733 2677 1796 2703 gra-

1011 2719 1090 2753 phice
1112 2718 1324 2750 describentem,
1342 2718 1513 2753 reperimus:
1527 2723 1608 2751 quam
1623 2721 1699 2742 extra
1716 2714 1795 2742 dubi-

1013 2765 1140 2791 tationem
1157 2771 1264 2791 omnem
1283 2764 1364 2799 hujus
1386 2762 1505 2790 auctoris
1520 2768 1591 2794 esse,
1614 2765 1670 2787 tum
1689 2759 1794 2787 dicendi

1012 2811 1165 2842 character,
1179 2815 1235 2837 tum
1252 2817 1344 2837 rerum
1360 2809 1480 2843 ipsarum
1495 2808 1579 2836 facies
1591 2806 1721 2835 ostendit.

1047 2856 1168 2883 Tertium
1197 2855 1313 2890 denique
1345 2855 1474 2889 scriptum
1503 2854 1578 2886 illud,
1612 2853 1688 2887 cujus
1716 2852 1794 2878 modo

1014 2905 1175 2933 mentionem
1201 2904 1260 2937 feci,
1286 2908 1326 2932 est
1350 2902 1506 2930 Exhortatio
1531 2902 1564 2930 ad
1586 2901 1718 2936 uirginem.
1737 2897 1794 2925 Hoc
