2070 3135
252 178 307 208 851

252 236 328 264 inter
343 236 480 264 orationes
494 237 624 265 hactenus
638 239 751 266 relatum
765 247 816 274 est,
829 248 855 269 et
870 242 1038 271 Nazianzeuo

254 283 386 310 tributum
400 292 407 310 :
420 290 532 317 quorum
544 284 621 312 alteri
636 293 730 319 parum
744 294 906 322 repugnans,
921 289 1038 317 alterum

255 328 337 362 plane
353 336 496 363 perperam
511 329 610 356 factum
624 330 677 357 aio.
694 331 763 359 Nam
779 334 801 360 si
818 335 926 368 quidem
940 340 982 363 est
994 336 1040 363 ali-

256 381 310 408 qua
330 375 515 409 rhythmorum
540 376 619 407 ratio.
634 384 715 411 quam
731 378 860 406 Aurelius
874 381 1040 415 Augustinus

256 419 284 446 in
298 419 365 446 libro
378 419 414 446 De
425 421 524 447 musica
540 422 632 454 tradit,
647 427 674 450 et
687 430 753 450 vero
768 430 981 454 consentaneum
997 431 1041 454 est

254 464 354 498 priscis
380 465 406 492 in
427 474 476 492 ttsu
495 466 588 498 fuisse,
612 467 774 497 facientibus
794 469 851 503 eius
873 472 1038 498 mentionem

256 515 314 537 tum
334 511 488 543 Aristotele,
506 517 563 540 tum
581 514 719 546 Athenaeo,
739 520 766 542 et
786 516 858 547 aliis,
881 517 951 544 dabo
965 517 1041 552 equi-

255 556 318 583 dem
335 556 496 584 Nazianzeni
515 558 565 585 hoc
578 559 708 593 scriptum
723 567 794 592 esse,
813 562 1039 596 quemadmodum

258 607 285 630 et
305 603 452 630 Choniatas
471 604 596 635 credidit.
617 609 644 632 et
667 606 833 640 exemplaria
859 606 1040 634 vetustissima

259 653 392 676 testantur
408 659 415 676 :
432 657 525 676 verum
555 650 764 685 haudquaquam
791 651 862 678 inter
889 652 1038 685 orationes,

255 693 305 721 sed
318 698 439 728 pot-mata
455 695 548 722 referri
564 696 662 723 debere
679 696 751 726 volo.
767 696 833 724 Nam
849 701 934 724 totum
955 699 1039 726 meris

258 739 392 775 rhythmis
404 746 519 774 constat,
534 742 571 768 uti
589 749 632 769 res
647 742 706 776 ipsa
721 743 861 770 declarat:

363 797 484 834 Πᾳῖρβέγε
501 798 593 833 νύμφη
610 799 738 834 Χριστοῦ,

364 831 462 864 Δόξαζέ
479 841 524 868 ᾳου
536 831 592 859 'm‘
605 831 720 868 νυμφίον
729 843 736 849 ·

370 867 556 903 ᾊεὶγκάοαιρε
572 868 673 903 σαυτὴν

371 901 414 928 Ἐν
428 902 499 937 λόγῳ
515 901 560 929 aiat
578 901 672 938 σοφιᾴ,
689 907 741 930 etc.

259 969 335 1002 Quod
361 969 468 1004 quidem
494 969 564 1004 apud
592 977 641 996 ttos
665 977 679 996 a
710 970 816 998 nemine
844 970 1039 1005 deprehensum

259 1016 401 1047 hactenus,
420 1015 445 1042 in
460 1016 651 1050 antiquissimo
674 1016 743 1043 libro
759 1022 913 1051 poematum
926 1016 1041 1043 Nazian-

260 1062 319 1089 zeni
337 1070 397 1089 meo
410 1067 530 1089 uotatmn
545 1063 638 1097 paucis
652 1063 741 1090 verbis
755 1063 856 1095 inveni,
873 1071 934 1098 qua:
946 1063 1041 1091 Latine

259 1107 395 1142 proferam
411 1115 419 1135 :
437 1117 446 1133 ι
461 1107 488 1134 In
504 1108 555 1136 ltoe
571 1109 672 1144 scripto
683 1108 871 1144 Syrracusium
895 1109 1042 1144 Gregorius

260 1153 392 1186 imitatur,
408 1151 453 1188 qui
466 1154 539 1182 solus
558 1159 697 1189 poetarum
717 1155 853 1190 rhythmis
877 1160 958 1190 atque
973 1154 1041 1182 colis

260 1208 325 1228 usus
339 1205 389 1233 est,
405 1201 478 1228 omni
494 1201 545 1228 alia
567 1202 775 1228 scribendorum
791 1209 917 1228 versuum
933 1201 1040 1236 poetica

260 1246 365 1273 ratione
378 1246 508 1281 neglecta.
517 1256 526 1272 ›
544 1246 664 1274 Errorex
674 1247 848 1282 ambiguitate
862 1248 936 1275 vocis
949 1248 1040 1282 λόγος,

259 1299 319 1326 quia».
334 1292 433 1326 passim
450 1292 476 1319 in
500 1293 630 1320 librorum
647 1292 783 1320 lemmatis
801 1294 945 1328 reperitur,
963 1298 1040 1320 ortus

259 1343 311 1365 est.
327 1337 391 1365 Nam
407 1345 438 1365 ea
462 1346 514 1366 non
537 1338 688 1366 orationem
713 1342 820 1365 tantum
837 1339 982 1372 signiﬁcat,
1003 1339 1041 1366 uti

258 1385 314 1418 jam
330 1388 408 1411 antea
423 1391 530 1419 quoque
544 1385 697 1412 monuimus
713 1393 720 1410 :
738 1383 784 1410 sed
800 1383 826 1410 in
839 1391 937 1418 genere
947 1391 1040 1419 qnam-

259 1430 302 1457 vis
317 1431 568 1457 commentationem
588 1434 669 1464 atque
689 1430 829 1464 scriptum.
848 1429 906 1462 Quo
921 1430 979 1464 ipso
999 1429 1038 1462 fit,

261 1480 291 1502 ut
304 1475 375 1502 Eiias
392 1481 483 1502 noster
497 1474 620 1509 Gregorii
637 1479 758 1509 poemata
774 1474 870 1508 λόγους
887 1474 1042 1510 ἐμμέτρους

261 1525 349 1548 vocet.
376 1521 432 1548 Hoc
448 1521 528 1548 ntodo
551 1521 710 1555 quibusdam
733 1521 856 1552 resectis,
871 1525 898 1548 et
921 1522 1043 1548 oratione

261 1565 301 1593 De
312 1567 471 1601 martyribus
489 1567 624 1598 restituta,
640 1566 837 1601 quinquaginta
856 1571 884 1593 et
902 1567 970 1593 duos
988 1566 1042 1593 Na-

262 1611 384 1640 zianzeni
414 1617 547 1639 tractatus
573 1612 713 1644 habemus,
739 1619 819 1646 qttem
848 1611 955 1639 illorum
982 1620 1043 1640 esse

261 1665 404 1685 numerum
425 1658 569 1693 integrum,
586 1658 656 1685 Elias
674 1657 810 1685 memoria:
827 1658 955 1692 prodidit.
972 1659 1043 1691 Qua-

261 1706 370 1738 propter
395 1703 440 1730 hic
465 1703 572 1737 quidem
602 1702 673 1738 Quod
700 1702 815 1736 amplius
846 1702 1043 1736 desideremus,

262 1749 329 1775 nihil
343 1754 395 1776 est.

298 1795 456 1828 Sequuntur
473 1793 604 1828 epistolae,
621 1801 689 1829 quas
705 1801 757 1820 una
772 1797 877 1820 tantum
891 1793 996 1827 adjecta
1012 1795 1044 1821 de

262 1840 338 1868 libris
361 1848 441 1867 manu
461 1841 569 1876 Scriptis
593 1840 870 1867 auximuszaddituri
897 1840 1044 1875 aliquando

263 1886 364 1921 plures,
380 1893 448 1920 quas
466 1886 517 1913 hoc
539 1891 659 1920 tempore
682 1887 800 1914 nancisci
826 1895 879 1914 non
897 1888 1044 1922 potuimus,

265 1931 372 1958 tametsi
399 1939 451 1958 non
476 1931 643 1966 ignoremus,
671 1933 714 1959 ubi
745 1933 865 1960 locorum
897 1933 1044 1967 supersint.

264 1977 389 2004 Poemata
405 1984 470 2004 vero
487 1981 629 2011 tantopere
646 1985 719 2004 nunc
733 1978 823 2005 studio
839 1983 931 2005 nostro
950 1986 1046 2005 excrc-

264 2027 353 2054 scunt,
368 2027 395 2049 ut
408 2023 463 2055 jam
477 2022 637 2057 prodeuntia
661 2023 736 2057 prius
759 2023 892 2050 editorum
911 2024 1048 2059 magnitu-

265 2069 353 2096 dinem
374 2076 486 2095 numero
511 2076 636 2095 versuum
652 2074 770 2103 mquent,
788 2069 908 2097 bonitate
928 2070 1046 2103 pietate-

265 2123 317 2149 que
330 2114 407 2149 longe
422 2119 560 2149 superent.
578 2113 654 2141 Unus
684 2119 768 2141 restat
782 2115 911 2142 adversus
925 2115 1048 2149 Apolina-

265 2161 334 2188 rium
361 2161 438 2193 liber,
462 2161 584 2187 versibus
610 2168 624 2186 a
649 2159 779 2195 Gregorio
805 2161 939 2196 scriptus,
965 2169 1046 2195 quem

266 2206 353 2233 adhuc
368 2205 460 2232 Roma
480 2206 505 2232 in
524 2204 655 2232 Vaticana
672 2206 833 2234 bibliotheca
850 2211 1002 2234 exstantem
1017 2211 1047 2233 ttt

266 2251 382 2279 describi
404 2258 573 2282 curaremus,
595 2250 757 2286 jampridem
780 2259 889 2286 operam
913 2252 1047 2284 dedimus,

267 2303 402 2331 sumptum
426 2297 508 2323 etiant
530 2296 645 2330 aliquem
673 2297 832 2331 impensuri,
855 2297 903 2324 sed
934 2297 1046 2326 frustra.

267 2342 438 2376 Quapropter
452 2342 502 2369 hoc
516 2343 645 2377 scriptum
661 2343 714 2369 alio
739 2346 860 2376 tempore
875 2343 1049 2377 perquiretur

268 2394 282 2413 a
300 2387 388 2418 nobis,
404 2386 430 2413 in
447 2386 550 2414 ltaliant
566 2389 599 2423 (si
615 2388 668 2415 Deo
683 2389 768 2415 visum
787 2388 878 2423 fuerit)
893 2389 945 2416 iter
959 2389 1049 2417 susci-

268 2433 414 2467 pientibus.
430 2431 496 2459 Nam
520 2433 546 2460 in
573 2434 666 2461 eadem
689 2434 818 2461 Vaticana
834 2439 967 2462 tractatus
986 2435 1050 2463 Gre-

268 2478 335 2513 gorii
354 2478 421 2505 duos
436 2482 584 2510 extremos,
600 2487 714 2513 quorum
728 2480 796 2507 alter
806 2485 848 2507 est
862 2479 895 2507 de
908 2481 969 2514 fide,
982 2481 1051 2509 alter

269 2526 302 2552 de
319 2524 371 2551 iide
387 2523 504 2556 Nicena,
522 2532 665 2559 superesse
679 2525 773 2552 Graece
798 2526 951 2560 accepimus
963 2536 970 2553 :
982 2534 1050 2561 qttos

270 2570 351 2598 modo
370 2569 466 2597 Latine
489 2575 594 2597 tantum
611 2577 625 2597 a
648 2570 744 2598 Rufino
762 2579 908 2600 conversos
926 2572 1048 2608 legimus.

305 2616 344 2644 De
361 2616 412 2644 bac
425 2617 684 2644 commemoratione
699 2623 792 2644 nostra
804 2618 888 2645 lector
904 2619 1051 2653 intelligere

269 2666 368 2696 potest.
381 2669 433 2688 non
450 2668 511 2688 esse
522 2661 570 2688 abs
586 2668 624 2692 re,
634 2662 704 2695 quod
720 2662 789 2688 hanc
806 2663 952 2690 editionem
969 2671 1050 2698 quam

270 2707 393 2741 proxime
414 2707 447 2734 ad
473 2714 587 2741 oper-um
613 2706 734 2740 Gregorii
756 2707 947 2742 perfectionem
972 2717 1052 2737 acce-

272 2752 336 2780 dere
352 2753 480 2780 diximus.
496 2753 533 2780 Ea
547 2760 612 2780 vero
628 2757 683 2780 tres
695 2753 805 2780 omnino
821 2753 845 2780 in
860 2758 948 2781 tomos
960 2755 1052 2781 distri-

272 2798 354 2825 buere
375 2799 458 2826 certis
476 2799 509 2826 de
534 2799 624 2826 causis
645 2799 732 2826 visunt
749 2803 799 2830 est,
817 2806 932 2833 quorum
948 2800 1052 2833 primus

274 2842 410 2870 orationes
433 2851 469 2870 xx
493 2851 553 2871 cum
578 2843 680 2871 Elianis
703 2843 906 2871 commentariis
920 2843 1051 2876 continet,

275 2892 399 2924 totusque
425 2893 525 2917 uestrae
546 2889 659 2916 debetur
684 2889 832 2922 industritr,
858 2889 904 2924 qui
931 2895 992 2917 eum
1019 2889 1052 2917 de

762 184 907 214 JOANN‘iS
925 186 1156 217 LEUVENKLAII
1175 191 1381 220 PREFATIO.'

1815 196 1866 222 352

1051 249 1075 277 Α
1091 246 1186 275 Graeco
1203 249 1228 275 in
1246 248 1369 276 Latinum
1383 257 1536 278 sermonem
1551 251 1780 285 transcripsimus.
1794 254 1869 280 Alter

1090 293 1210 328 reliquas
1225 302 1299 321 xxxtt
1321 295 1458 323 orationes
1474 303 1534 323 cum
1563 296 1683 331 epistolis
1697 302 1723 323 et
1739 299 1869 332 poematis

1091 339 1221 366 hactenus
1241 340 1321 367 editis
1343 341 1551 375 complectitur;
1568 348 1626 376 qua:
1649 342 1757 376 quidem
1778 343 1868 370 omnia

1091 383 1123 410 de
1136 385 1253 412 editione
1276 384 1388 412 Billiana
1411 386 1584 421 sumpsimus,
1600 394 1632 414 ne
1644 386 1719 421 prius
1737 394 1813 414 versa
1827 395 1869 414 re-

1090 430 1217 462 texendo,
1245 437 1334 458 actunt
1363 439 1444 466 agere
1467 431 1629 459 videremur.
1653 432 1683 459 In
1710 433 1819 460 tertium
1842 439 1870 460 et

1091 475 1214 503 ultimum
1236 480 1348 508 tomum,
1372 477 1417 512 qui
1445 482 1517 504 totus
1540 478 1632 505 itidem
1656 482 1746 506 noster
1767 483 1820 510 est,
1836 486 1868 506 ea

1091 521 1213 556 Gregorii
1234 527 1359 557 poemata
1381 523 1533 557 referimus,
1550 531 1609 558 quae
1633 531 1705 550 mtnc
1724 524 1839 557 primum
1853 531 1869 550 a

1091 568 1169 594 nobis
1187 568 1248 595 luce
1273 568 1427 596 donantur:
1441 574 1569 603 praeterea
1587 568 1685 596 Niceta:
1702 573 1869 596 commenta-

1091 614 1160 640 rium
1187 614 1212 641 in
1237 613 1359 649 Gregorii
1386 614 1534 642 sententias
1559 619 1612 642 tam
1634 615 1773 649 quaternis
1787 622 1868 650 quam

1090 659 1204 694 singulis
1227 661 1348 687 versibus
1370 659 1486 687 inclusas
1511 660 1661 694 adjicimus,
1685 665 1712 688 et
1731 661 1868 696 egregium

1090 703 1180 736 Pselli,
1197 704 1343 732 Christiani
1357 705 1520 739 philosophi,
1537 706 1570 732 de
1589 704 1737 732 difficilium
1753 706 1869 732 Nazian-

1091 749 1149 776 zeni
1176 748 1295 776 locorum
1323 749 1458 776 intellectu
1487 749 1597 776 librum.
1625 750 1736 778 Accedit
1762 751 1795 778 ad
1818 751 1868 778 hos

1090 793 1221 821 Caesarius
1251 802 1366 830 quoque,
1399 803 1544 830 germanus
1576 795 1739 824 Nazianzeni
1771 796 1866 828 frater,

1091 841 1166 875 cujus
1195 841 1309 868 antehac
1341 841 1409 868 nihil
1432 841 1544 868 omnino
1570 841 1731 877 scriptorum
1758 843 1868 877 prodiit.

1091 886 1157 921 Ejus
1171 887 1294 922 Dialogus
1318 893 1461 922 propterea
1478 887 1649 922 potissimum
1664 886 1786 923 Gregorii
1800 889 1869 916 seri-

1091 931 1143 966 ptis
1156 931 1292 958 addendos
1309 932 1413 966 putavi,
1431 932 1502 966 quod
1524 932 1550 959 in
1565 932 1604 960 eis
1624 933 1755 960 Caesarius
1766 933 1869 968 Grego-

1091 977 1160 1003 rium
1176 976 1284 1004 fratrettt
1300 984 1314 1003 a
1330 977 1430 1011 seipso,
1447 976 1571 1010 Leontio,
1586 977 1716 1013 Gregorio
1735 978 1868 1013 Nysseno,

1092 1022 1205 1053 Domno,
1219 1027 1247 1050 et
1262 1023 1322 1050 aliis
1335 1023 1728 1058 familiaribusinterrogatum,
1744 1024 1777 1051 de
1793 1031 1868 1058 qua:-

1091 1069 1224 1097 stionibus
1239 1069 1406 1104 gravissimis
1431 1074 1488 1097 toto
1502 1069 1648 1104 quatriduo
1665 1071 1867 1104 respondentem

1092 1115 1253 1142 introduxit.
1265 1115 1332 1143 Ilnic
1343 1120 1370 1143 et
1378 1116 1572 1143 Annotationes
1584 1117 1610 1143 in
1621 1115 1744 1151 Gregorii
1756 1117 1869 1151 scripta,

1091 1161 1189 1196 quibus
1218 1161 1362 1188 lectionum
1386 1162 1503 1190 varietas
1525 1161 1690 1195 continetur,
1705 1167 1732 1190 et
1751 1163 1866 1190 Iudicem

1092 1207 1273 1235 necessarium
1287 1208 1455 1240 subiicimus.

1127 1251 1183 1280 Cur
1205 1258 1292 1280 autem
1317 1254 1343 1280 in
1366 1253 1535 1282 orationibus
1559 1253 1724 1283 collocandis
1749 1254 1871 1282 ordinem

1093 1305 1107 1324 a
1118 1297 1196 1325 Billio
1206 1298 1390 1333 praescriptum
1407 1299 1491 1326 secuti
1508 1307 1560 1326 non
1577 1299 1671 1331 simus,
1680 1307 1766 1327 causae
1781 1301 1870 1327 multa

1093 1347 1166 1375 sunt,
1181 1350 1273 1377 eaeque
1292 1350 1397 1378 graves.
1418 1343 1485 1371 Nam
1505 1345 1587 1372 duum
1610 1346 1720 1372 omnino
1742 1353 1868 1378 generum

1093 1392 1156 1414 sunt
1177 1387 1341 1415 Nazianzeni
1363 1388 1511 1416 orationes.
1534 1389 1654 1416 Aliarum
1679 1395 1793 1426 tempus.
1818 1398 1872 1425 quo

1092 1433 1134 1460 vel
1148 1433 1255 1468 scripta:
1267 1434 1330 1466 sint,
1347 1434 1388 1461 vel
1400 1435 1590 1469 pronuntiatae,
1605 1436 1667 1463 sciri
1683 1441 1769 1471 potest
1783 1446 1789 1464 :
1804 1437 1871 1463 alia-

1094 1487 1152 1506 rum
1176 1487 1227 1506 non
1249 1484 1346 1514 potest.
1368 1479 1452 1507 Primi
1474 1481 1580 1515 generis
1593 1486 1667 1514 sunt,
1686 1483 1822 1509 orationes
1834 1483 1871 1509 De

1093 1533 1167 1559 pace,
1181 1529 1274 1552 contra
1288 1525 1447 1557 Maximum,
1467 1526 1500 1553 ad
1522 1526 1651 1554 Basiliam
1672 1532 1699 1554 et
1713 1531 1815 1562 patrem
1827 1527 1874 1554 ali-

1094 1574 1168 1604 quot,
1178 1570 1298 1606 purgatio
1311 1570 1378 1605 fuga:
1389 1571 1414 1598 in
1423 1571 1550 1604 Pontum,
1562 1571 1695 1606 pleneque
1707 1572 1873 1599 laudationes

1094 1615 1232 1647 funebres,
1246 1620 1272 1642 ct
1286 1615 1345 1642 alia:
1357 1622 1364 1642 :
1378 1617 1500 1649 secumli,
1518 1617 1655 1644 orationes
1671 1617 1706 1643 ad
1725 1616 1875 1643 Eunomia-

1094 1669 1151 1692 nos,
1177 1662 1209 1688 de
1232 1667 1302 1688 recta
1319 1662 1463 1688 disserendi
1488 1663 1519 1689 de
1546 1662 1599 1690 Deo
1620 1663 1731 1694 ratione,
1748 1663 1786 1690 De
1800 1669 1870 1690 recta

1094 1707 1221 1733 doctrinm
1236 1707 1376 1740 sententia,
1388 1707 1426 1734 De
1440 1707 1510 1734 Filio
1524 1707 1595 1740 duae,
1606 1708 1644 1735 De
1657 1707 1757 1742 Spiritu
1772 1714 1874 1741 sancto,

1094 1752 1133 1778 De
1152 1752 1286 1778 moderata
1308 1753 1450 1780 disserendi
1474 1754 1585 1786 ratione,
1611 1754 1648 1780 De
1665 1753 1833 1786 Machuban's,
1847 1758 1875 1780 et

1095 1797 1154 1824 alite
1169 1797 1332 1832 complures.
1349 1798 1424 1830 Quod
1447 1806 1508 1826 cum
1524 1799 1560 1825 ita
1578 1799 1624 1832 sit,
1643 1799 1669 1826 in
1689 1798 1874 1826 collocationis

1095 1843 1165 1870 serie
1180 1844 1308 1877 temporis
1325 1843 1418 1870 haberi
1442 1844 1513 1870 ratio
1531 1848 1604 1870 certa
1627 1844 1738 1877 nequit:
1753 1844 1790 1870 uti
1809 1851 1872 1878 pro-

1096 1888 1166 1915 fecto
1177 1895 1211 1915 ne
1223 1896 1236 1914 a
1247 1888 1325 1915 Billio
1336 1889 1443 1923 quidem
1458 1895 1585 1916 accurate
1596 1889 1686 1917 habita
1700 1893 1751 1922 est,
1765 1890 1787 1916 si
1801 1895 1877 1917 recto

1097 1940 1153 1960 rem
1169 1934 1381 1962 consideremus.

1132 1978 1199 2005 Nam
1217 1979 1322 2006 ratione
1343 1979 1471 2014 temporis
1485 1979 1519 2014 (si
1538 1980 1645 2014 quidem
1671 1981 1735 2007 Elia:
1753 1981 1874 2008 Cretensi

1097 2029 1124 2051 et
1140 2024 1237 2051 Nicetzc
1257 2024 1384 2052 Serronio
1404 2025 1548 2060 credimus)
1569 2032 1628 2052 esse
1649 2026 1732 2060 prima
1746 2026 1870 2059 debebat,

1098 2077 1151 2095 non
1178 2076 1209 2095 ea
1228 2076 1279 2104 qua
1306 2068 1394 2103 fugam
1419 2069 1444 2095 itt
1465 2069 1579 2096 Pontum
1605 2077 1682 2096 suam
1697 2070 1798 2104 prolixe
1812 2079 1876 2105 pur-

1097 2119 1159 2148 gat,
1184 2115 1230 2140 sed
1258 2114 1354 2145 altera,
1381 2114 1457 2149 cujus
1481 2114 1622 2149 inscriptio
1645 2119 1730 2147 notat,
1758 2116 1876 2142 habitam

1098 2159 1181 2186 fuisse
1197 2160 1229 2186 ad
1246 2159 1304 2186 illos
1315 2160 1359 2194 qui
1375 2159 1462 2194 ipsum
1476 2159 1553 2187 initio
1566 2160 1731 2190 acciverant.
1741 2169 1790 2188 nec
1804 2167 1878 2195 post-

1098 2213 1178 2241 quam
1192 2206 1308 2233 senioris
1325 2213 1421 2232 munus
1443 2205 1467 2232 ei
1489 2205 1661 2232 commissttnt
1677 2205 1783 2238 fuisset,
1798 2214 1878 2233 vene-

1063 2255 1086 2284 D
1101 2256 1171 2279 rant.
1184 2251 1288 2278 Etenim
1311 2258 1341 2278 ea
1358 2251 1532 2285 pronuntiata
1552 2250 1603 2278 fuit
1625 2251 1652 2278 id
1672 2252 1810 2286 temporis,
1825 2259 1879 2286 quo

1100 2298 1215 2332 primum
1240 2297 1366 2324 sacerdos
1390 2297 1476 2324 factus
1500 2300 1558 2329 est;
1585 2304 1616 2323 ac
1638 2297 1783 2324 secundum
1808 2297 1879 2324 hanc

1101 2344 1232 2370 actionem
1254 2343 1280 2370 in
1300 2342 1414 2370 Pontttm
1439 2341 1551 2377 aufugit,
1569 2349 1583 2368 a
1598 2349 1649 2376 qua
1666 2342 1727 2376 fuga
1744 2349 1878 2375 reversus,

1100 2389 1127 2416 in
1142 2388 1243 2415 Pascha
1260 2392 1287 2414 ct
1300 2387 1453 2414 tarditatem
1465 2387 1614 2413 orationetn
1630 2386 1722 2413 habuit
1747 2386 1818 2419 (qua)
1829 2385 1881 2412 hoc

1101 2434 1208 2460 nomine
1232 2433 1379 2460 secundum
1403 2432 1453 2459 sibi
1484 2431 1570 2458 locum
1598 2431 1767 2465 vindicabit),
1782 2431 1881 2465 illaque

1101 2479 1182 2510 dicta,
1200 2484 1247 2512 per
1258 2477 1342 2504 otium
1355 2476 1423 2511 fuga:
1433 2476 1549 2503 Ponticae
1564 2475 1750 2510 purgationem
1761 2475 1881 2502 conscri-

1101 2524 1164 2558 psit.
1180 2522 1239 2550 Jam
1256 2523 1349 2550 Billius
1369 2527 1396 2549 et
1413 2522 1485 2549 illam
1509 2522 1673 2554 orationem,
1689 2529 1748 2555 quae
1765 2529 1882 2556 pronun-

1102 2571 1166 2597 tiata
1181 2575 1223 2597 est
1240 2570 1265 2597 in
1285 2569 1414 2597 electione
1427 2568 1600 2595 Doarensinm
1615 2567 1744 2594 antistitis
1761 2567 1872 2599 Eulalii,

1101 2621 1162 2651 post
1175 2624 1235 2644 eam
1249 2615 1398 2647 collocavit,
1411 2622 1470 2648 qua:
1484 2614 1510 2641 in
1524 2614 1638 2641 cottcilio
1649 2621 1681 2641 Cl.
1695 2614 1880 2648 episcoporum

1101 2668 1142 2689 est
1167 2662 1268 2690 habita.
1291 2662 1372 2696 Atqui
1396 2662 1470 2696 prior
1493 2662 1564 2688 dicta
1587 2665 1629 2688 est
1649 2661 1711 2687 vivo
1736 2659 1881 2687 etiamnum

1102 2706 1217 2738 Basilio.
1245 2707 1377 2741 posterior
1407 2714 1440 2734 eo
1466 2705 1622 2740 jamdudum
1647 2706 1728 2732 rebus
1753 2704 1877 2731 humanis

1102 2758 1238 2788 exetnpto.
1255 2753 1385 2781 Funebris
1397 2753 1423 2778 in
1441 2752 1569 2779 Basiliam
1585 2751 1671 2779 oratio
1684 2757 1819 2786 postrema
1833 2750 1883 2776 fuit

1102 2799 1232 2832 ontniutn,
1251 2799 1308 2826 sive
1331 2798 1518 2832 scriptionem,
1540 2798 1597 2825 sive
1621 2798 1806 2824 recitationem
1822 2803 1883 2830 spe-

1103 2850 1171 2877 ctes,
1187 2845 1357 2879 pronuntiata
1371 2844 1501 2872 Ctesarea:
1515 2844 1703 2878 Cappadocum
1721 2843 1747 2870 in
1761 2848 1882 2870 extrema

1105 2896 1224 2923 senecta,
1249 2898 1309 2918 cum
1336 2890 1428 2919 relicta
1446 2889 1676 2924 Constantinopoli
1690 2888 1836 2924 Gregorius
1854 2887 1884 2915 in
