2070 3135
190 165 243 194 555
711 160 853 192 JOANNIS
867 161 1005 191 LEUVEN

985 163 1098 191 NKLAII
1118 163 1315 193 PRIEFATIO.
1749 163 1802 193 556

190 221 306 258 patriam
319 219 852 254 reverteretur.Atquihazclocuminter
863 219 1047 252 prioresAet
1066 220 1251 246 auctoritatem
1280 219 1338 253 ejus
1367 221 1530 251 revocatam,
1560 224 1621 252 quae
1643 216 1699 251 jam
1729 219 1802 252 apud

189 268 303 296 invenit.
318 267 340 294 Ε
359 268 494 295 contrario
506 267 565 293 duae
579 266 606 292 in
617 265 754 293 lulianum
770 266 915 300 Augustum
932 264 971 291 in-
1022 263 1118 290 mullos
1141 263 1166 289 in
1184 266 1367 297 contemptum
1383 269 1453 297 pene
1472 266 1592 290 venerat.
1614 261 1703 289 llabes
1718 267 1745 289 et
1762 263 1804 290 di-

189 314 302 342 vectivae
322 313 380 341 loco
407 317 545 348 postremo
565 315 710 346 ponuntur,
732 318 791 345 quae
810 311 884 345 prius
897 310 972 337 fuere
1023 310 1119 335 tionem
1149 308 1432 340 Padermboruensem,
1453 308 1479 334 in
1507 315 1559 342 qua
1589 307 1661 335 idem
1685 307 1800 336 Carolus

191 361 307 394 scriptae,
320 367 400 393 quam
414 358 454 386 vel
465 358 620 393 Gregorius,
632 356 675 384 vel
690 356 804 384 Basilius
818 356 970 383 antistitum
1021 354 1134 389 Magnus
1148 355 1343 389 episcopatum,
1360 353 1497 380 Saxonum
1513 358 1593 389 gente
1606 354 1721 386 devicta,
1734 362 1800 381 con-

191 413 301 434 munere
321 405 393 439 fungi
414 405 569 439 coepissent.
1020 400 1117 427 stituit.
1147 400 1236 427 Habes
1267 399 1478 434 Osnabrugicam
1511 399 1649 434 denique,
1685 399 1801 434 primam

224 450 286 477 Haec
300 449 364 477 mihi
376 456 480 476 mecum
494 447 655 482 expendeuti
671 446 757 474 visqu
772 445 833 478 fuit,
854 445 970 480 primum
1019 445 1138 472 omnium
1162 446 1188 472 in
1210 445 1329 472 Saxonis
1349 445 1440 472 sedem
1463 445 1614 472 antistitum
1631 444 1801 472 Christiano-

190 495 223 523 iis
239 495 405 522 orationibus
428 494 456 520 in
479 493 597 520 editione
613 497 704 519 nostra
726 491 814 518 locum
838 490 969 522 tribuere.
1019 497 1089 521 rum,
1113 489 1234 524 ejusdem
1260 490 1432 523 imperatoris
1456 489 1620 516 auctoritate
1647 490 1800 517 munitam:

189 547 256 574 quas
268 540 375 575 egregie
387 543 479 566 noster
495 538 566 565 Elias
580 537 710 564 hactenus
725 536 877 570 incognitus
891 542 970 562 enar-
1019 535 1047 562 in
1072 535 1149 569 cujus
1177 535 1403 567 immunitatibus,
1430 542 1491 569 quae
1524 534 1664 570 privilegia
1692 539 1800 567 vocant,

190 590 296 613 rasset:
322 591 403 619 atque
421 584 476 611 illis
498 584 624 618 deinceps
650 583 718 609 alias
741 581 884 615 subjicere,
900 580 969 607 Billii
1019 581 1146 615 quiddam
1158 581 1255 607 merito
1268 580 1471 608 memorandum
1486 581 1519 607 ad
1536 587 1643 608 omnem
1659 581 1797 615 posterita-

189 632 280 659 labore
296 631 388 658 Latina
404 634 477 658 veste
489 628 695 656 donatas.llanc
710 634 798 654 autem
813 627 900 662 spatio
916 634 969 653 non
1020 633 1074 653 tem
1091 627 1254 654 continetur.

189 678 277 712 exigui
297 676 424 711 temporis
440 674 602 706 absolutam,
627 679 652 700 et
669 680 765 707 magno
780 672 888 706 quidem
907 679 969 698 cum
1056 671 1142 699 Lubet
1160 676 1250 699 autem
1268 672 1324 706 ipsa
1347 671 1479 699 Carolinae
1500 671 1701 699 constitutionis
1718 672 1801 699 verba

189 725 281 751 labore
295 722 518 754 lucubrationem,
534 728 581 747 cur
598 720 631 746 ad
648 718 902 746 reverendissimam
919 724 968 743 ex-
1018 718 1099 745 certis
1126 719 1159 745 de
1186 718 1275 745 causis
1295 717 1347 746 hoc
1374 718 1432 745 loco
1454 725 1564 753 ponere,
1589 725 1649 752 qua:
1668 717 1802 752 hodieque

188 768 335 795 celsitatem
357 771 430 793 tuam
458 765 627 800 potissimum
651 764 768 794 mittam,
787 762 969 789 illustrissime
1017 763 1132 797 publicis
1158 763 1313 798 diplomatis
1341 763 1471 798 inscripta
1497 767 1651 797 supersunt.
1684 772 1693 789 ί
1709 762 1801 790 Eidem

188 814 325 846 Princeps,
352 811 434 838 variis
455 817 487 837 ac
505 809 631 846 gravibus
653 816 718 836 sane
738 808 886 835 rationibus
911 814 969 834 mo-
1018 812 1157 846 episcopo,
1187 810 1274 845 inquit
1298 809 1412 837 Carolus
1438 809 1482 836 ille
1509 808 1620 844 Magnus
1643 809 1801 844 imperator,

187 867 262 887 veor.
287 859 406 886 Primum
430 863 484 884 tarn
510 856 577 884 clari
604 854 733 882 antistitis
759 861 840 889 opera
867 853 968 880 nemini

1025 857 1137 892 ejusque
1155 855 1357 884 successoribus
1380 855 1531 882 libertatem
1558 859 1715 890 perpetuam
1739 862 1801 881 con-

188 906 298 936 rectius,
314 911 394 938 quam
409 903 482 930 claro
500 901 592 929 itidem
608 900 721 927 antistiti
737 899 863 934 putabant
879 898 968 925 otl'erri
984 893 1005 920 Β
1020 904 1152 936 cedimus.
1171 907 1199 930 ει
1220 903 1253 930 ab
1266 901 1339 930 omni
1362 902 1446 936 regali
1464 901 1577 936 ῑηιρειιίο
1591 901 1801 928 absolutionem:

187 951 293 979 debere.
308 950 407 977 Deinde
420 953 561 983 patronum
580 946 646 974 mihi
663 952 855 978 censoremque
871 944 969 971 litteris
1019 948 1071 975 nisi
1093 947 1163 975 forte
1185 947 1336 981 contingat,
1357 950 1386 973 υι
1401 946 1548 980 imperator
1566 945 1759 977 Romanorum,
1775 949 1803 973 ει

187 998 324 1024 excultum
349 995 468 1029 deligere
491 993 573 1024 volui,
590 997 684 1020 contra
704 991 896 1025 plerarumque
911 997 969 1017 mo-
1019 1001 1064 1021 rex
1076 993 1241 1025 Graecorum,
1259 991 1407 1026 coniugalia
1424 991 1527 1018 foedera
1543 990 1611 1018 inter
1624 990 1692 1018 ﬁlios
1708 998 1800 1018 eorum

187 1051 255 1076 rem,
271 1042 316 1076 qui
334 1040 534 1068 lucubrationes
547 1046 610 1066 suas
626 1038 779 1065 hominibus
795 1036 874 1072 plane
893 1036 967 1063 lilio—
1018 1040 1177 1067 contrahere
1203 1038 1356 1073 disponant.
1382 1036 1458 1065 Tunc
1482 1037 1554 1064 enim
1579 1036 1709 1063 Ecclesia:
1730 1036 1802 1063 illius

187 1096 277 1115 rarum
294 1086 424 1122 imperitis
443 1085 590 1113 inscribere
606 1092 659 1112 non
673 1089 808 1111 verentur.
1017 1087 1158 1122 episcopus
1174 1092 1234 1112 cum
1251 1089 1357 1119 sumptu
1371 1091 1386 1111 a
1399 1090 1462 1119 rege
1478 1082 1520 1110 vel
1545 1083 1707 1117 imperatam
1723 1081 1802 1109 adhi-

222 1134 279 1161 Hoc
300 1140 364 1161 vero
386 1131 580 1163 consideranti,
607 1138 660 1158 non
684 1129 843 1157 occurrebat
860 1128 886 1155 in
908 1132 967 1155 toto
1018 1130 1073 1157 bito
1097 1129 1215 1157 laborem
1237 1128 1319 1156 simul
1347 1132 1375 1156 et
1398 1129 1530 1156 honorem
1556 1127 1628 1154 illius
1658 1127 1800 1162 legationis

186 1185 288 1209 nostra:
305 1179 424 1208 nationis
440 1177 554 1213 imperio
572 1177 714 1212 quisquam
729 1176 849 1203 virorum
865 1174 968 1210 princi-
1019 1179 1152 1202 assumet.
1175 1174 1209 1201 Et
1226 1182 1258 1201 ea
1285 1174 1319 1202 de
1336 1182 1418 1202 causa
1434 1174 1587 1204 statuimus.
1605 1177 1635 1199 ut
1657 1173 1683 1199 in
1705 1172 1804 1199 eodem

186 1235 249 1263 pum
264 1247 272 1260 ,
295 1233 374 1260 quem
398 1223 496 1251 illustri
525 1223 688 1258 prmstantiae
717 1225 769 1249 tum
798 1220 966 1256 praeferrem.
1018 1221 1076 1248 loco
1091 1220 1192 1248 Graecae
1214 1220 1370 1255 Latinaeque
1394 1220 1495 1247 schola:
1512 1219 1538 1246 in
1558 1223 1717 1254 perpetuum
1731 1218 1806 1245 ordi-

186 1273 291 1301 Etenim
307 1279 360 1299 non
379 1270 478 1298 eximia
495 1273 598 1296 tantum
619 1267 750 1297 doctrina:
769 1267 829 1294 laus
845 1267 968 1294 omnium
1019 1268 1128 1295 natione
1156 1271 1249 1294 nostra
1279 1271 1406 1293 maneant
1425 1275 1432 1293 :
1453 1273 1502 1292 nec
1533 1272 1652 1299 unquam
1685 1263 1802 1291 clericos

186 1326 316 1347 consensu
340 1317 386 1344 tibi
411 1315 537 1343 tribuitur
554 1321 562 1341 :
579 1314 626 1342 sed
648 1314 730 1341 etiam
756 1311 893 1347 plerisque
920 1318 968 1346 per
1019 1314 1160 1348 utriusque
1177 1313 1276 1348 lingua;
1292 1320 1391 1348 gnaros
1410 1312 1550 1339 defuturos
1565 1311 1738 1339 conﬁdimus,
1755 1319 1765 1336 ι

185 1371 292 1394 omnem
308 1363 443 1397 Europam
458 1361 663 1389 admirationem
684 1359 850 1387 merentibus
866 1357 964 1392 linguis
1054 1359 1110 1388 Hoc
1125 1359 1256 1393 majorum
1278 1359 1401 1386 instituto
1427 1363 1517 1385 motus
1533 1357 1605 1384 haud
1627 1356 1708 1384 dubie
1720 1363 1803 1391 supe—

185 1419 251 1439 sane
263 1418 343 1445 quam
358 1409 495 1444 eleganter
518 1406 613 1434 uteris.
629 1405 738 1432 Accedit
756 1404 789 1431 ad
807 1403 876 1435 haec,
892 1402 966 1436 qnod
1019 1405 1084 1432 riori
1099 1411 1170 1431 anno
1185 1403 1311 1431 dominus
1333 1407 1439 1435 noster,
1452 1402 1601 1436 imperator
1616 1400 1712 1428 Ctesar'
1723 1400 1805 1428 Maxi-

185 1458 210 1486 ei
225 1456 327 1492 regioni
348 1462 409 1482 cum
427 1453 541 1488 imperio
557 1456 742 1487 potestateque
768 1449 872 1484 praesis,
886 1455 901 1475 e
915 1455 968 1482 qua
1019 1450 1145 1478 milianus
1172 1448 1194 1476 ll
1210 1448 1278 1484 Aug.
1296 1448 1377 1475 tiliam
1390 1455 1465 1476 suam
1480 1455 1571 1482 regmn
1587 1446 1806 1474 Christianorum

185 1503 252 1531 mihi
263 1503 332 1529 avita
344 1500 496 1537 patritaque
509 1498 585 1534 Origo
606 1497 722 1525 ducitur.
739 1495 878 1523 Summam
893 1493 967 1520 enim
1020 1496 1137 1523 maximo
1145 1495 1302 1531 desponsam
1313 1502 1361 1529 per
1375 1500 1401 1521 te
1416 1494 1587 1528 potissimum
1598 1492 1697 1520 deduci
1709 1492 1803 1519 voluit:

185 1554 243 1577 tum
267 1547 424 1583 potentiam,
439 1550 495 1572 tum
515 1543 704 1571 auctoritatem
725 1540 831 1568 obtines
847 1540 873 1566 in
892 1538 966 1566 occi-
981 1562 1002 1591 α

986 1562 1003 1591 Β
1020 1550 1073 1577 quo
1092 1541 1199 1576 quidem
1215 1541 1242 1568 in
1263 1547 1375 1568 munere
1389 1539 1512 1567 obeundo
1526 1546 1650 1573 magnam
1664 1538 1803 1566 industrie

186 1596 237 1623 dua
255 1593 383 1627 Saxonis,
409 1599 469 1627 quae
493 1590 594 1618 recenti
622 1588 801 1624 appellatione
828 1585 968 1614 Vestualia
983 1584 1003 1591 "‘
1020 1587 1221 1623 prudentiaque
1242 1586 1350 1614 laudem
1375 1585 1511 1613 invenisti,
1534 1584 1611 1617 Quod
1625 1584 1647 1611 si
1664 1588 1736 1611 recte
1749 1591 1806 1611 rem

186 1641 293 1673 dicitur,
310 1647 371 1667 cum
387 1645 449 1666 vera
464 1637 499 1664 sit
514 1644 546 1663 ac
561 1640 638 1663 vetus
651 1633 780 1664 Somnia.
791 1631 969 1667 quemadmo-
1020 1634 1153 1662 aaslimare
1168 1633 1292 1666 velimus,
1308 1631 1442 1666 majorem
1461 1631 1488 1658 in
1507 1630 1540 1657 iis
1557 1629 1624 1657 locis
1642 1633 1804 1664 potestatem

185 1687 248 1714 dum
266 1685 397 1713 Cranzius
423 1683 494 1711 Saxo
509 1681 647 1709 multoties
668 1680 695 1707 in
714 1678 836 1706 historiis
854 1677 911 1705 suis
927 1677 970 1703 in-
1019 1687 1034 1706 θ
1052 1679 1143 1707 multis
1157 1679 1236 1706 annis
1258 1678 1353 1706 habuit,
1374 1684 1455 1705 nemo
1472 1686 1479 1704 ε
1496 1684 1575 1711 quam
1591 1676 1699 1710 quidem
1716 1675 1804 1703 felici-

185 1731 282 1759 culcat.
303 1730 390 1757 llabes
406 1729 591 1763 episcopatum
610 1725 862 1755 Mouaslel‘iensem,
878 1729 893 1749 2
907 1729 968 1749 ma-
1020 1729 1102 1752 tatem
1119 1725 1180 1752 boni
1198 1731 1292 1751 omnes
1314 1723 1421 1750 eximiae
1440 1722 1533 1749 virtuti
1557 1726 1608 1748 tua:
1625 1721 1744 1748 debitam
1764 1720 1807 1748 fa-

183 1777 288 1812 joribus
312 1775 411 1803 nostris
435 1772 689 1808 Mitningrodeusem
717 1769 890 1804 appellatum.
920 1767 967 1802 qui
1021 1775 1120 1802 tentur,
1142 1777 1174 1797 ac
1191 1769 1238 1796 tibi
1264 1768 1444 1804 gratulantur.
1461 1767 1581 1801 Quorum
1599 1767 1626 1794 in
1649 1774 1761 1794 numero
1776 1771 1807 1794 ut

186 1823 266 1851 tertio
281 1822 338 1850 loco
358 1822 384 1849 in
404 1820 522 1848 Saxonia
542 1816 714 1853 imperatoris
738 1815 855 1843 Caesaris
873 1813 966 1841 Caroli
1020 1823 1062 1843 me
1088 1822 1195 1850 quoque
1219 1814 1361 1842 arbitreris
1386 1820 1457 1846 esse,
1485 1820 1517 1840 ac
1539 1819 1627 1839 meam
1651 1812 1721 1839 hanc
1735 1812 1807 1840 velut

186 1869 272 1904 Magni
286 1868 397 1903 Augusti
421 1866 511 1894 studio
533 1864 697 1892 constitutus
714 1866 766 1889 est.
784 1860 848 1895 Ejus
864 1866 970 1892 semper
1021 1861 1245 1888 acclamationem
1257 1859 1374 1894 benigne
1389 1858 1517 1893 accipias,
1532 1858 1614 1885 etiam
1626 1862 1708 1892 atque
1723 1857 1805 1885 etiam

186 1903 280 1950 magna
294 1914 344 1942 fuit
358 1913 483 1949 dignitas,
500 1919 559 1947 que
575 1910 618 1937 vel
633 1909 696 1937 inde
715 1911 803 1943 potest
825 1904 967 1937 mstimari,
1019 1914 1094 1941 rogo.
1110 1906 1245 1934 Fortassis
1255 1904 1386 1933 olferetur
1397 1904 1542 1938 aliquando
1553 1903 1620 1931 mihi
1634 1903 1742 1931 occasio
1754 1904 1806 1931 mei

185 1948 256 1996 quod
279 1968 339 1987 ctnn
363 1957 505 1993 aliquando
530 1954 722 1983 Bremoneusis
747 1951 969 1986 archiepiscopus
1019 1958 1082 1985 erga
1093 1949 1657 1978 tuamexcelsitatemanimiveneratiouem
1668 1948 1807 1980 illustriori

186 1994 257 2034 hunc
271 2009 388 2040 peteret,
409 2011 461 2031 non
486 2001 560 2037 prius
575 1999 742 2035 impetrarit,
759 2005 840 2032 quain
864 1996 970 2023 archie-
1020 1996 1133 2029 quodam
1152 2000 1313 2030 argumento
1327 1994 1493 2022 declarandi.
1509 1994 1615 2021 Interea
1632 2000 1805 2028 summopere

185 2039 350 2087 piscopatum
366 2050 403 2077 illi
421 2051 603 2084 postponeret,
625 2050 653 2073 et
669 2045 695 2072 in
711 2043 898 2072 commendam
916 2040 968 2076 (uti
1020 2046 1091 2077 peto,
1109 2045 1138 2068 ut
1153 2041 1274 2069 studium
1289 2041 1316 2068 in
1338 2041 1389 2068 hoc
1407 2048 1505 2075 genere
1520 2039 1635 2075 publicis
1655 2039 1806 2067 commodis

186 2084 367 2131 superioribus
387 2094 465 2121 annis
482 2092 596 2120 barbare
609 2088 798 2125 loquebantur)
821 2087 968 2121 acciperet.
1021 2087 1166 2119 serviendi,
1179 2088 1252 2122 quod
1268 2086 1359 2114 animo
1373 2093 1433 2113 meo
1455 2085 1576 2120 pluribus
1592 2085 1625 2112 ab
1645 2084 1723 2111 anuis
1742 2084 1808 2111 iusi-

186 2129 226 2169 Es
237 2146 325 2168 autem
348 2139 411 2167 huic
424 2136 598 2174 optimojure
613 2134 766 2170 prtcl'ectus,
783 2132 824 2160 vel
846 2132 881 2159 ob
901 2131 970 2158 iusi-
1021 2134 1076 2167 det,
1099 2141 1153 2160 non
1181 2133 1260 2160 modo
1286 2137 1392 2168 gratum
1420 2131 1522 2159 habeas
1543 2135 1623 2165 atque
1644 2130 1752 2164 probes,
1767 2129 1806 2157 υιί

186 2194 264 2222 gnem
279 2185 438 2220 sapientiam
461 2188 543 2214 luant,
561 2182 603 2209 vel
625 2182 714 2216 prisca
733 2177 907 2222 nobilissimae
926 2175 970 2202 ia-

1021 2186 1086 2206 sane
1102 2178 1237 2205 facturum
1254 2183 1280 2205 te
1295 2178 1401 2205 contido
1414 2187 1420 2204 :
1437 2177 1485 2204 sed
1497 2176 1579 2204 etiatn
1593 2175 1687 2202 favore
1703 2179 1747 2202 tuo
1759 2174 1806 2203 be-

187 2218 266 2260 ;Ililiil!
282 2218 333 2259 ιυξε
348 2231 452 2258 merita.
473 2229 539 2256 Nam
563 2227 633 2270 Olil‘?
658 2218 895 2261 Mimiugrodeusis
918 2229 967 2248 an-
985 2241 1008 2268 Β
1023 2224 1209 2259 nignilateque
1227 2223 1312 2258 magis
1324 2223 1439 2254 excites,
1453 2229 1533 2257 quam
1550 2220 1690 2248 exhaustis
1712 2220 1803 2255 gravi-

187 2279 263 2306 tistes
285 2285 395 2305 numero
419 2284 479 2310 xu,
500 2282 590 2303 comes
610 2267 738 2305 Hui-auus,
765 2274 879 2306 agitatus
895 2273 967 2299 tuus,
985 2267 1001 2268 ί

990 2267 1001 2268 7
1023 2270 1073 2297 bus
1089 2270 1220 2297 molestiis
1241 2269 1359 2304 experiri
1378 2268 1527 2303 jucundum
1551 2272 1604 2294 est.
1622 2267 1697 2299 Vale,
1714 2267 1807 2294 claris-

187 2322 419 2358 Tekeueburgeusi
432 2322 539 2353 comite,
555 2320 666 2354 aliisque
680 2317 801 2349 domitis,
817 2316 862 2351 qui
881 2314 970 2342 Ecclc-
1023 2315 1090 2342 sime
1104 2314 1243 2349 Princeps,
1259 2321 1356 2348 meque
1372 2321 1420 2348 per
1440 2313 1510 2340 hanc
1527 2312 1743 2340 lucubrationem
1765 2320 1808 2340 re-

187 2371 233 2399 siu:
248 2371 428 2410 possessiones
443 2373 536 2396 contra
551 2368 595 2402 jus
613 2366 708 2400 fasque
723 2366 892 2395 invaserant,
915 2360 966 2387 itn-
1022 2361 1223 2388 vercndissima:
1233 2359 1382 2388 excelsitati
1396 2364 1447 2387 tua:
1461 2367 1491 2387 se
1503 2359 1665 2391 tradentem,
1677 2359 1808 2386 ineorum

189 2405 300 2444 moriale
327 2424 423 2443 nomen
450 2415 490 2448 (ut
519 2414 603 2449 ipsius
630 2411 753 2441 historici
779 2409 869 2436 verbis
896 2405 968 2441 utar)
1024 2414 1177 2438 numerum,
1193 2413 1263 2440 quos
1279 2405 1365 2441 gratia
1387 2405 1631 2440 benevolentiaque
1648 2409 1694 2432 tua
1715 2405 1810 2440 digna-

187 2463 257 2498 apud
272 2469 335 2490 suos
343 2461 461 2496 reliquit,
472 2466 582 2496 propter
594 2459 700 2486 additas
715 2455 827 2484 dioecesi
842 2454 967 2484 ditioues,
1023 2459 1072 2484 Ns,
1089 2452 1211 2487 recipito.

605 2556 675 2582 ΕΙΣ
699 2551 948 2581 ΓΡΗΓΟΡΙΟΝ
972 2550 1052 2576 ΤΟΝ
1076 2549 1395 2576 ΝᾹΖΙΑΝΖΗΝΟΝ

836 2598 878 2624 ΙΩ.
895 2599 916 2623 0
927 2595 1154 2623 ΛΕΩΓΚΛΑΙΟΣ.

426 2705 484 2735 DE
499 2702 716 2736 GREGORIO
729 2700 1008 2734 ΝΑΖΙΑΝΖΕΝΟ
1021 2698 1212 2732 JOANNES
1228 2699 1243 2730 l

753 2700 1008 2734 ΓΑΖΙΑΝΖΕΝΟ
1021 2698 1212 2732 JOANNES
1228 2696 1570 2730 LEUVENKLAIUS.

191 2814 349 2851 Γρηγορίοιο
364 2813 469 2847 λόγους,
489 2813 558 2848 μέγα
570 2811 664 2847 χρῆμα.
677 2810 725 2837 καὶ
746 2810 931 2847 ’Λττικοεργὲς

834 2812 931 2847 ιοεργὲς
1025 2808 1150 2844 Gregorii
1162 2806 1270 2842 quoties
1284 2804 1377 2840 Hyblae
1393 2802 1555 2837 redolentia;
1557 2805 1651 2828 nectar

229 2848 392 2896 υλτρεκέως,
403 2859 431 2886 ὲν
445 2859 513 2894 ἐμῇς
527 2857 607 2893 ἡνίκα
626 2857 720 2892 χερσὶν
737 2856 804 2891 ἔχω-

1061 2855 1088 2882 Ιιι
1108 2853 1233 2882 manibus
1247 2859 1324 2880 verso
1336 2850 1437 2885 scripta
1451 2849 1551 2877 diserta
1563 2848 1652 2876 meis:
1671 2862 1677 2883 ,ι
