2070 3135
242 166 297 196 355

245 227 303 255 Non
319 235 362 255 mc
376 231 498 256 oratores
513 227 607 254 fraude
622 224 737 260 amplius
751 224 823 252 illice
840 223 921 259 prisci
934 243 942 255 ,

280 274 352 307 Quos
366 274 427 301 tulit
441 279 550 309 argutos
562 273 650 300 Attica
666 277 750 305 terra,
767 275 887 298 movent.

245 319 363 347 Rursum
377 319 500 353 Gregorii
515 326 575 346 cum
589 319 633 346 dia
651 322 774 352 poemata
791 317 860 343 vatis

281 366 398 402 Pellego,
418 365 555 393 Maeonidae
573 372 635 392 mox
650 365 706 391 abit
717 364 806 391 omnis
821 369 907 389 arnor.

244 411 331 440 Vilius
349 419 386 439 res
401 418 467 438 auro
481 411 555 438 velut
570 415 627 443 est;
642 415 671 437 ut
684 410 780 437 cedere
795 409 933 444 plumbum

281 459 411 492 Argento,
424 462 453 484 ut
467 457 573 491 superis
586 456 726 488 inferiora,
745 460 819 490 patet
835 463 842 482 :

243 503 390 538 Gregorius
402 503 505 538 priscos
521 503 608 536 palma
624 502 664 530 sic
675 502 740 529 vicit
753 501 877 536 adempta

279 549 451 577 Carminibus
468 554 554 582 vates,
571 549 697 576 rhetoras
713 547 833 583 eloquio.

591 606 684 634 Aliud.

284 648 286 650 ’
314 652 405 681 Tellus
419 652 618 689 Cappadocum,
635 654 771 687 quondam
786 652 982 686 semibarbara,

279 698 422 734 Superavit
437 700 510 735 ipsas
528 699 590 727 inde
605 699 726 726 Athenas
741 698 856 732 Atticas,

279 744 331 772 Ubi
345 744 459 772 Basilius
475 748 502 772 et
519 743 667 780 Gregorius
681 743 833 771 doctissimi

280 791 457 818 Suavisonam
474 789 685 825 Cecropidarum
702 789 896 824 eloquentiam,

281 836 314 863 Et
331 840 428 863 cuncta
446 835 527 863 totius
536 839 697 863 ornamenta
713 834 837 868 Graeciaa,

280 882 343 909 Suae
355 881 476 913 intulere,
492 889 539 909 seu
557 881 689 913 victores,
705 880 809 915 patriae.

281 928 346 961 Quis
357 932 382 954 te
393 935 457 963 ergo
469 935 520 954 non
536 926 570 954 ob
586 927 636 954 hos
649 926 755 954 beatam
769 925 908 960 pradicet,

282 973 374 1001 Tcllus
388 973 588 1008 Cappadocum,
606 973 700 1000 talium
712 973 800 1000 virum
812 979 910 1006 parens

476 1029 516 1057 De
527 1029 654 1062 Casario,
672 1029 802 1064 ejusdem.

247 1076 362 1104 Nicaeam
379 1081 457 1104 terrae
472 1084 532 1104 cum
550 1081 628 1104 motae
638 1079 790 1104 succuteret
801 1075 852 1106 vis.

281 1121 414 1150 Caesarius
425 1122 511 1158 jacuit
525 1122 642 1157 pondere
653 1129 764 1157 pressus
777 1120 862 1148 humi.

247 1167 300 1196 Sed
317 1169 387 1196 Deus
398 1176 413 1196 e
428 1168 539 1195 latebris
553 1167 658 1195 salvum
675 1166 813 1202 produxit,
829 1166 909 1201 eique

284 1212 397 1240 Vivendi
414 1213 531 1248 spatium
544 1212 650 1248 longius
663 1211 726 1239 inde
739 1210 823 1238 dedit.

246 1258 404 1286 Cousimilis
417 1266 496 1286 casus
511 1263 686 1285 monumenta
702 1257 826 1292 excepit,
844 1256 945 1284 obisset

282 1304 427 1340 Postquam
441 1305 587 1332 immaturo
601 1304 696 1331 iuuere
711 1303 855 1331 Cmsarius.

247 1350 281 1379 Et
296 1354 385 1378 tamen
405 1350 463 1378 haec
478 1350 560 1378 etiam
575 1349 668 1376 divino
685 1356 798 1376 munere
809 1348 912 1382 profert

281 1397 352 1425 Cura
364 1396 561 1432 Leontonychi,
575 1396 749 1430 scmisepulta
770 1395 857 1430 prius.

247 1442 327 1470 Salve
335 1444 432 1470 iterum
444 1447 526 1477 atque
538 1442 646 1474 iterum,
656 1446 736 1469 terra:
744 1442 785 1468 bis
798 1445 892 1476 operte
901 1439 1035 1473 cavernis,

283 1487 317 1515 Et
328 1488 396 1516 dono
411 1487 438 1515 iu
451 1487 538 1516 lucem
550 1487 593 1516 bis
608 1491 732 1515 revocate
745 1487 803 1515 Dei.

453 1638 492 1666 De
505 1638 566 1666 Elia
582 1638 699 1666 Cretensi
712 1638 841 1666 antistite.

580 1686 717 1721 Ejusdem.

248 1732 372 1769 Gregorii
389 1733 522 1761 obscuros
535 1731 698 1766 scriptorum
713 1731 855 1766 inquirere
869 1737 968 1758 sensus

283 1780 368 1807 Antea
379 1786 424 1806 res
440 1778 529 1814 magni
541 1778 619 1813 plena
633 1777 733 1804 laboris
745 1782 805 1804 erat
814 1798 821 1810 ,

249 1823 340 1851 Donec
353 1825 387 1851 ab
403 1824 460 1851 Elia
476 1824 520 1851 lux
531 1824 584 1851 illis
600 1827 641 1851 est
657 1822 730 1855 data,
744 1830 851 1851 summa

283 1868 407 1902 Gregorii
422 1868 551 1904 explicuit
565 1867 610 1902 qui
623 1873 795 1895 monumenta
811 1868 872 1894 (ide.

249 1913 384 1942 Hactenus
397 1915 517 1950 ignotum
531 1914 579 1941 toti
592 1921 671 1949 quem
682 1913 786 1941 scilicet
798 1913 869 1945 orbi,

284 1960 361 1988 Nunc
374 1962 473 1989 iterum
489 1962 572 1988 donat
585 1960 645 1987 luce
659 1959 880 1995 Leontonychus.

250 2007 384 2035 Dcclrinze
401 2007 537 2042 egregium
552 2006 711 2034 thesaurum
725 2004 825 2032 sumite
838 2004 920 2040 grati,

285 2052 359 2086 Quos
372 2053 532 2087 bona,quos
546 2052 648 2086 pariter
661 2051 778 2086 plurima
793 2058 873 2078 nosse
886 2050 972 2085 juvat.
995 2056 1000 2060 '

287 2107 418 2142 Scipionis
430 2107 643 2140 Carteromachi,
660 2108 798 2141 interprete
820 2105 1002 2134 Leuvenktaio.

250 2153 386 2188 Inspirare
403 2154 501 2181 animis
512 2153 604 2181 divina
619 2158 743 2188 poemata
758 2152 863 2186 Musas,

286 2198 355 2226 Vale
370 2199 458 2234 magis
472 2198 540 2226 Chio
551 2197 701 2233 Gregorius
713 2196 818 2224 docuit.

251 2244 308 2273 lmo
320 2245 402 2273 ﬂabat
413 2245 477 2273 huic
488 2244 578 2280 potius
595 2244 714 2272 divinior
726 2251 803 2276 aura,

287 2291 402 2319 Deberet
417 2291 498 2318 Musis
513 2298 574 2318 cum
592 2298 641 2318 sua
658 2289 816 2317 Maeonides.

764 163 907 193 JOANNIS
925 162 1160 192 LEUVENKLMI
1178 162 1375 191 PRIEFATIO.

1049 229 1070 256 Α
1085 222 1122 249 Οὐ
1139 222 1211 257 μάλα
1224 221 1357 257 θαυμάζω
1370 222 1433 253 τοὺς
1445 222 1572 258 ῥήτορας,
1590 221 1638 254 οὓς
1651 223 1710 248 ποτ’
1724 220 1844 256 Ἀθηνῶν

1819 160 1873 191 556

1120 268 1202 302 Ἔσχε
1217 267 1304 300 πόλις,
1321 267 1431 302 δολερῆς
1445 268 1554 303 ῖδμονας
1565 268 1676 302 εὐεπίης
1686 276 1692 282 ·

1088 313 1131 345 Ὠς
1147 313 1169 339 δ’
1186 313 1408 347 ἀναγινώσκοντα
1422 313 1564 348 ποίηματα
1581 315 1600 340 Γ
1604 314 1740 349 ρηγορίοιο

1117 361 1174 387 Οὐκ
1188 361 1276 387 si:th
1291 370 1333 392 τις
1347 361 1403 396 ἔχει
1416 361 1551 396 Μηονίδαο
1567 360 1659 392 πόθος.

1081 406 1189 443 Χρυσὸς
1204 407 1266 434 ὅσον
1281 407 1403 442 χαλκοῖο,
1418 407 1550 443 μολύϐδου
1564 408 1588 434 τ’
1601 407 1720 443 ἄργυρος
1742 402 1819 433 αὖθι·

1117 453 1268 488 Κρείττων,
1286 454 1420 489 οὐρανίων
1436 453 1546 490 χείρονα
1558 454 1592 480 τὰ
1609 453 1712 488 χθόνια·

1090 498 1215 535 Ῥήτορες
1231 500 1338 535 ἀρχαῖοι
1354 499 1434 526 τόσον
1447 500 1583 535 ἡττῶνται
1597 500 1644 526 καὶ
1659 499 1743 526 ἀοιδοὶ

1118 545 1268 580 Γρηγορίω
1283 545 1307 572 τ’
1324 545 1412 578 ἔπεσι,
1430 545 1580 582 Γρηγορίου
1596 554 1625 572 τε
1639 545 1738 579 λόγοις.

1425 604 1531 631 Ἄλλο.

1152 648 1190 684 Γῆ
1204 648 1394 675 Καππάδοσσα
1407 649 1502 684 τοπρὶν
1515 649 1717 685 ὴμιὸάρὸαρος,

1118 694 1208 726 Αὑτὰς
1227 693 1348 730 ὑπερέῦη
1362 694 1412 726 τὰς
1426 695 1541 731 Ἀθήνας
1562 696 1697 728 Ἀττικὰς,

1124 738 1169 772 Ἐξ
1182 736 1212 767 οὗ
1232 739 1372 772 Βασίλειος
1387 740 1536 776 Γρηγόριός
1548 749 1576 767 τε
1587 740 1624 768 τὼ
1637 732 1710 775 ξοφὼ

1119 785 1174 821 Τὴν
1194 785 1363 821 ήδύφοογγον
1377 787 1555 822 Κεκροπιδῶν
1572 787 1736 821 εὑγλωττίαν

1119 832 1211 868 Πάσης
1225 831 1394 868 μετήνεγκάν
1408 841 1437 859 τε
1449 832 1550 869 κόσμον
1575 833 1699 865 Ἑλλάδος

1119 879 1166 910 Et;
1183 878 1386 906 Κάππάδοσσαν
1405 880 1497 913 γαῖαν,
1510 879 1548 910 ὡς
1567 879 1722 915 νικηφόροι.

1051 919 1073 946 Β
1123 925 1170 956 Τίς
1185 925 1216 952 οὐ
1232 926 1394 962 μακαρίσειέ
1412 934 1442 952 σε
1455 925 1510 961 γὰρ
1525 926 1674 958 εὐτεκνίας,

1123 972 1160 1003 Γῆ
1176 971 1371 1005 Καππάδοσσα,
1388 972 1474 1008 μῆτερ
1491 971 1595 1008 ἀνδρῶν
1609 972 1747 1007 κυδίμωνς

1238 1028 1290 1060 Εἰς
1299 1027 1353 1054 τὸν
1366 1027 1541 1062 Καισὰριονέ
1559 1027 1612 1054 τοῦ
1625 1027 1728 1054 αὑτοῦ.

1093 1072 1188 1099 Ἦνίκα
1204 1072 1321 1108 Νικαίης
1336 1073 1446 1108 μεγάλῳ
1462 1073 1565 1108 σεισμῷ
1576 1073 1734 1108 πτολίεθρον

1122 1118 1265 1149 Κάππεσε,
1282 1118 1434 1154 Καισάριος
1447 1118 1502 1150 ζῶν
1517 1119 1570 1145 ὑπὸ
1582 1119 1633 1155 γῆν
1649 1118 1764 1154 ὲκρύὸη.

1093 1162 1173 1189 ’Δὶλὰ
1191 1162 1258 1194 Θεὸς
1272 1172 1313 1190 νιν
1330 1163 1398 1190 σῶον
1415 1164 1463 1199 ἑῇς
1478 1163 1597 1199 ἐξήγαγε
1611 1164 1701 1200 χερσὶ,

1123 1208 1178 1234 Καὶ
1193 1208 1365 1240 λυκάϐαντας
1385 1208 1426 1235 ἔτι
1441 1209 1511 1236 δῶκε
1526 1209 1582 1245 βίου
1595 1210 1719 1242 πλέονας.

1093 1254 1230 1287 Ὡσαύτως
1243 1256 1288 1282 ὅτε
1306 1256 1456 1292 Καισάριος
1468 1256 1581 1292 τέθνηκε
1597 1247 1720 1292 πρόωρος
1729 1276 1737 1289 ,

1123 1300 1185 1336 Αἶψ¹
1199 1301 1314 1336 ἐγένοντ’
1328 1302 1441 1336 ἀφανεῖς
1455 1303 1615 1338 Καισαρίοιο
1629 1304 1712 1338 λόγοι.

1086 1348 1217 1383 Δημοσιοῖ
1232 1347 1261 1374 δὲ
1281 1348 1465 1384 Λεοντόνυχος
1483 1349 1543 1385 θείᾳ
1559 1350 1624 1376 πάλι
1640 1351 1722 1386 μοίρᾳ

1123 1393 1268 1429 Κρυπτοὺς
1283 1394 1436 1430 Καισαρίου
1455 1395 1552 1422 τούσδε
1567 1396 1681 1432 πάροιθε
1693 1396 1797 1430 λόγους.

1086 1439 1184 1475 Χαῖρε,
1202 1439 1305 1474 μάκαρ,
1319 1440 1360 1472 δὶς
1374 1441 1414 1467 ὲνὶ
1428 1441 1509 1476 χαίης
1525 1441 1665 1476 κευθμῶσι
1680 1442 1826 1478 καλυφῦεὶς
1835 1464 1845 1475 ,

1123 1485 1178 1512 Καὶ
1190 1485 1231 1517 δὶς
1244 1485 1416 1523 ἀναστρέψας
1430 1486 1533 1513 θειόθεν
1548 1488 1589 1519 εἰς
1599 1487 1630 1514 τὸ
1645 1488 1723 1522 φάος.

1126 1541 1332 1578 Καισαρίῳνκαὶ
1345 1540 1500 1578 Γρηγορίῳ,
1519 1543 1686 1578 μακάρεσσιν
1703 1542 1844 1577 ἀδελφοῖς,

1163 1576 1255 1602 Ταῦτα
1270 1576 1448 1612 Λεοντόνυχος
1462 1578 1523 1612 θῆκ’
1537 1578 1583 1604 ἐπὶ
1596 1576 1770 1614 γραμμάτια.

1174 1636 1228 1668 Εἰς
1245 1635 1351 1663 Ἠλίαν
1364 1635 1418 1662 τὸν
1431 1637 1550 1670 Κρήτης
1562 1639 1794 1672 μητροπολίτην.

1391 1681 1446 1710 Τοῦ
1461 1683 1564 1710 αὐτοῦ.

1091 1727 1176 1754 Θείων
1188 1727 1337 1763 Γρηγορίου
1354 1727 1502 1762 δυσέφικτα
1515 1729 1638 1763 νοήματα
1656 1727 1754 1763 βίϐλων

1127 1773 1230 1808 Τοπρὶν
1244 1773 1397 1808 ἀνιχνεύειν
1415 1771 1450 1808 ἧν
1468 1774 1522 1809 ἄρα
1541 1774 1727 1809 παγχάλεπον,

1093 1820 1198 1854 Ἀμμιν
1209 1820 1261 1851 ἕως
1273 1820 1358 1854 ἐφάνη
1373 1820 1524 1855 περιδέξιος
1537 1821 1706 1857 ἑρμηνευτὴς

1132 1865 1160 1892 Ὀ
1175 1866 1251 1901 Κρὴς
1275 1865 1368 1897 Ἠλίας
1384 1862 1543 1902 Γρηγορίοιο
1560 1866 1656 1901 λόγων.

1092 1913 1141 1939 Ὃν
1153 1920 1205 1947 περ
1223 1912 1301 1938 ὲόντα
1315 1912 1383 1944 τέως
1395 1912 1502 1948 θνητοῖς
1519 1913 1657 1947 ἄγνωστον
1668 1913 1780 1946 ἅπασιν,

1126 1957 1173 1987 Εἰς
1190 1957 1247 1992 φῶς
1264 1955 1342 1989 αὖθις
1357 1958 1418 1992 ἄγει
1430 1958 1488 1985 νυνὶ
1499 1959 1688 1994 Λεοντόνυχος.

1091 2003 1234 2038 Θησαυρὸν
1250 2004 1347 2039 σοφίης
1361 2003 1482 2040 ὲριούνια
1493 2004 1605 2039 δόγματ’
1620 2005 1714 2039 ἔχοντα

1126 2048 1247 2083 Δέξασθ’,
1263 2047 1304 2082 οἷς
1320 2050 1421 2084 γνῶναι
1439 2050 1524 2077 πολλὰ
1536 2050 1583 2077 καὶ
1597 2051 1679 2078 ἐσθλὰ
1694 2051 1780 2085 φίλον.

1242 2107 1407 2140 Σκιπίωνος
1421 2107 1474 2134 τοῦ
1498 2107 1735 2143 Καρτερομάχου.

1091 2152 1241 2187 Γρηγὸριος
1252 2152 1364 2185 Μούσας
1377 2153 1467 2189 πολλῷ
1479 2154 1559 2181 πλέον
1575 2156 1647 2190 ἢπερ
1662 2155 1784 2190 Ὄμηρος

1126 2199 1277 2229 Θειιλτάτων
1290 2199 1379 2225 ἐπέων
1393 2199 1478 2233 δεῖξεν
1494 2201 1661 2237 ὑπηρετίδας

1092 2244 1127 2270 Ἢ
1146 2243 1245 2279 μᾶλλον
1259 2244 1322 2278 τόγε
1335 2246 1388 2271 πᾶν
1398 2246 1513 2273 Μουσῶν
1527 2246 1579 2274 ὕπο
1594 2246 1669 2279 λέξεν
1687 2247 1759 2283 Ὀμη
1765 2255 1819 2283 ρος,

1128 2290 1271 2326 Γρηγορίῳ
1283 2291 1306 2317 δ’
1319 2290 1394 2318 ἔπνει
1409 2292 1508 2327 πνεῦμ’
1522 2293 1577 2326 ἄρα
1588 2292 1733 2329 θειότερον.

260 2369 1878 2384 ——————————-*—-———_—.

660 2453 797 2483 Joannes
812 2451 1040 2483 Leuvenklaius
1054 2452 1088 2483 S.
1103 2453 1142 2482 D.
1156 2452 1272 2484 Jacobo
1286 2454 1381 2485 Βίίίὶο
1401 2456 1435 2486 γ.
1457 2451 1508 2486 σ.’

287 2616 381 2644 Annus
397 2615 442 2643 hic
455 2619 569 2650 quartus
582 2618 640 2646 est,
655 2613 756 2642 Jacobe
771 2615 842 2648 Billi,
860 2625 893 2644 ex
911 2624 965 2652 quo
982 2617 1039 2652 pri-
1054 2620 1079 2649 D
1093 2622 1150 2645 tum
1167 2618 1295 2654 theologi,
1315 2619 1515 2647 commentariis
1527 2619 1722 2652 absolvissem,
1742 2621 1827 2648 visum
1843 2625 1886 2648 est

252 2671 325 2690 mum
341 2662 375 2689 ad
390 2660 642 2696 interpretationem
660 2661 949 2696 praestantissimorum
970 2664 1039 2691 Gre-

251 2708 321 2743 gorii
357 2707 522 2735 Naaianzeni
560 2707 724 2741 scriptorum
749 2707 920 2736 hortantibus
947 2710 1042 2737 amicis

251 2755 372 2782 animum
389 2755 486 2788 adjeci,
502 2754 535 2781 de
547 2754 638 2782 causis
660 2754 755 2782 iisdem
772 2755 838 2788 fere,
852 2763 923 2790 quas
946 2756 1042 2783 eodem

254 2804 374 2834 tempore
386 2799 449 2835 (nisi
465 2799 554 2835 fallor)
566 2800 705 2835 impulisse
716 2805 743 2828 te
754 2801 825 2828 idem
839 2802 872 2828 ad
888 2801 1041 2828 institutum

254 2846 362 2873 scribis.
385 2846 453 2874 Cum
479 2851 569 2873 autem
585 2853 697 2874 numero
716 2854 769 2874 non
790 2853 890 2881 paucas
903 2847 1042 2875 orationes

251 2900 315 2921 cum
330 2891 395 2920 Elia:
407 2892 544 2920 Cretensis
557 2892 698 2927 antistitis,
709 2893 802 2920 eximii
821 2897 876 2921 tum
889 2893 1040 2928 philosophi

1095 2663 1246 2697 relaxandi,
1262 2665 1332 2699 quod
1352 2673 1384 2692 ex
1398 2667 1526 2693 continua
1547 2667 1681 2694 mensium
1698 2668 1799 2702 aliquot
1813 2667 1884 2695 scri-

1096 2710 1188 2745 ptione
1202 2710 1458 2752 obrepserat,_t:edii
1475 2720 1556 2740 causa
1580 2710 1709 2748 quiddam
1733 2713 1834 2741 laboris
1850 2713 1887 2740 al-

1095 2756 1180 2783 terius
1194 2757 1333 2791 suscipere
1350 2764 1358 2784 :
1372 2765 1425 2792 quo
1440 2764 1614 2795 posteaquam
1631 2760 1774 2789 defunctus
1785 2753 1885 2794 essem.

1095 2802 1132 2828 ila
1153 2802 1252 2830 deinde
1263 2804 1408 2838 pristinum
1428 2804 1491 2832 illud
1503 2813 1573 2840 opus
1583 2806 1657 2835 velut
1677 2807 1885 2842 interpolatum,

1097 2848 1199 2883 majore
1212 2858 1274 2877 cum
1293 2850 1406 2878 aliorum
1426 2851 1527 2885 fructu,
1543 2853 1734 2889 voluptateque
1751 2863 1810 2882 mea
1824 2863 1886 2889 per—

1095 2895 1232 2923 ﬁceretur.
1250 2896 1283 2924 Et
1295 2897 1364 2925 facta
1376 2898 1454 2926 nobis
1466 2904 1596 2933 prrctcrea
1611 2901 1643 2928 de
1653 2901 1813 2936 quibusdam
1829 2900 1885 2928 Na-
