2070 3135
183 165 235 194 357

690 163 834 192 JOANNIS
855 163 920 192 LEU
926 163 1087 192 VENKLAII
1106 162 1294 191 PREFATIO

1763 158 1819 190 558

182 223 307 251 zianzeni
322 222 400 250 libris
411 229 465 250 non
478 222 559 250 editis
572 228 635 257 spes
651 226 727 255 erat,
740 230 810 257 quos
823 223 884 250 dum
913 223 972 258 api-
988 225 1012 253 Α
1026 222 1112 249 moria
1126 221 1232 256 publice
1251 221 1317 249 visis
1340 220 1439 249 rectius
1454 219 1573 256 impendi
1594 219 1714 248 laborem
1730 219 1816 248 inter-

181 277 333 304 sceremur,
346 269 374 297 in
386 269 439 297 alio
450 270 552 297 versari
565 269 732 297 malebamus
743 269 973 303 interpretationis

183 323 292 352 genere.
307 323 361 350 quo
372 314 522 350 paratiores
536 315 570 342 ad
582 314 783 342 Nazianzenum
800 314 949 342 rediremus
963 324 970 342 :

184 362 278 396 itaque
298 360 522 395 Xenophonteam
540 360 642 388 interea
655 360 871 388 lucubrationem
891 361 974 396 publi-

183 407 254 439 cavi,
268 411 296 434 et
307 406 432 442 Gregorii
445 406 560 442 Nysseni
578 414 613 434 xv
627 406 767 434 orationes
787 407 815 434 in
835 406 974 434 Canticum

183 453 368 484 canticorum,
394 451 621 487 Conslantinique
651 452 785 480 Manassis
818 452 973 480 Chronicon

184 499 378 533 interpretatus
396 506 467 527 sum.
479 498 583 531 Quibus
594 499 720 526 omnibus
732 499 899 534 expoliendis
911 499 973 526 dum

183 548 332 579 occupatus
347 549 389 571 est
413 543 520 571 animus
544 551 631 576 meus,
648 550 730 578 seque
746 549 831 571 totum
847 543 974 571 alacriter

184 589 217 616 ad
247 588 461 617 elaborationem
491 589 623 616 institutm
641 588 766 623 Gregorii
790 589 974 617 conversionis

182 639 276 670 parat;
299 635 471 663 commodum
492 635 648 670 'l'heologus
669 639 763 662 noster
782 634 878 662 Latina
897 639 974 662 veste

181 680 279 716 vigiliis
307 680 359 708 luis
381 684 493 708 ornatus
519 680 617 715 prodit.
633 679 699 714 Qua:
722 687 766 708 res
781 688 834 707 non
861 684 966 707 tantum

183 734 237 754 non
254 727 367 754 molesta
388 726 470 761 (quod
493 727 638 754 usuvenire
656 726 795 761 plerisque
808 725 886 759 solet,
903 733 974 760 aegre

183 772 334 801 ferentibus
348 772 457 800 otiicere
471 773 550 808 quasi
562 772 710 800 luminibus
732 773 788 800 suis
802 773 880 806 alios)
903 773 975 800 acci-

186 817 226 846 dit
237 817 328 845 animo
341 825 418 851 meo;
437 817 485 845 sed
498 818 580 845 etiam
598 817 728 853 voluptati
748 818 808 851 fuit,
823 818 973 852 praesertim

184 869 360 898 posteaquam
372 863 494 898 inspecto
504 863 584 895 libro,
597 867 625 890 et
635 863 774 898 eleganter
787 865 834 891 abs
849 869 874 892 te
884 872 973 896 versa,

184 916 234 936 nec
260 909 319 936 sine
347 908 449 944 judicio
477 908 606 943 pleraque
635 909 765 936 viderem.
797 909 894 937 Verum
925 909 970 937 ubi

183 955 310 988 deinceps
325 953 358 981 ad
384 958 429 981 tua
447 953 553 982 collatis
573 954 623 987 iis,
650 962 710 990 qua:
731 955 788 990 ipse
802 954 927 983 Latinam
944 955 970 984 in

181 999 299 1034 linguam
329 1000 582 1036 transeripsissetn,
601 1001 629 1028 in
644 1001 813 1028 orationibus
835 1009 880 1028 ιιι
903 1009 972 1036 pra:-

181 1045 253 1074 clare
268 1047 302 1074 ab
317 1046 375 1074 Elia
392 1045 515 1074 Cretensi
537 1047 673 1074 enarratis
690 1047 773 1074 multa
790 1055 852 1074 cum
868 1048 902 1075 oh
923 1056 970 1075 va-

182 1093 238 1119 rias
249 1097 404 1119 nostrorum
417 1092 542 1120 codicum
559 1092 812 1127 antiquissimorum
830 1093 969 1127 lectiones,

182 1146 238 1169 tum
264 1143 359 1166 acutas
383 1139 528 1166 admodum
559 1139 625 1166 Eliae
654 1139 863 1172 declarationes,
893 1140 972 1176 longe

184 1185 263 1213 aliter
280 1193 295 1213 a
315 1193 358 1213 me
371 1186 505 1220 traducta,
520 1193 600 1220 quam
620 1186 674 1214 tuis
688 1187 714 1213 in
730 1186 806 1214 libris
820 1187 971 1221 reperiren-

182 1237 236 1264 tur,
255 1232 500 1259 animadverterem
519 1242 526 1260 :
543 1232 656 1260 minime
674 1232 721 1260 tibi
744 1232 886 1259 molestum
912 1232 970 1260 fore

182 1277 323 1312 putabam,
341 1278 363 1304 si
388 1277 439 1304 hac
459 1277 568 1312 quidem
597 1276 625 1303 in
641 1280 718 1312 parte
733 1284 783 1312 pro
806 1277 860 1304 tuis
876 1282 970 1305 nostra

182 1330 241 1350 cum
262 1322 364 1350 Elianis
387 1323 589 1350 commentariis
617 1321 760 1356 conjuncta
782 1329 941 1355 reponerem
961 1331 968 1349 :

180 1374 276 1396 caetera
298 1375 372 1400 vero,
402 1376 462 1403 quae
488 1369 586 1403 partim
611 1368 711 1395 Niceta:
736 1367 846 1402 adjutus
874 1375 970 1402 opera,

181 1414 281 1448 partim
296 1422 345 1449 per
359 1419 385 1441 te
397 1414 513 1442 feliciter
525 1421 557 1442 ac
578 1414 700 1442 studiose
720 1414 907 1441 transtulisse:
918 1434 926 1446 ,
944 1414 970 1442 in

181 1460 300 1487 editione
313 1459 476 1487 Nazianzeni
490 1464 582 1487 nostra
604 1467 716 1494 prorsus
731 1461 770 1488 uti
793 1460 841 1488 abs
860 1465 886 1488 te
901 1460 971 1488 facta

182 1505 309 1539 fuissent,
322 1506 476 1534 retinerem.
490 1506 579 1541 Atque
595 1506 646 1534 hoc
659 1507 768 1541 quidem
780 1507 850 1534 citra
862 1514 969 1534 omnem

183 1550 313 1579 invidiam
330 1558 364 1579 eo
377 1551 435 1579 fieri
451 1559 466 1578 a
483 1559 526 1579 me
542 1559 620 1587 posse
634 1552 815 1580 confidentius
828 1552 970 1580 existima-

1024 268 1182 304 pretationis
1203 267 1282 295 amici
1295 267 1466 302 judicabant’,
1482 274 1563 302 quam
1578 265 1600 294 si
1618 267 1667 294 abs
1689 273 1718 293 re
1740 266 1816 301 prius

1024 314 1161 342 elaborata
1178 315 1254 350 quasi
1269 310 1466 341 mererentur.
1483 314 1630 341 Accessere
1647 313 1776 348 deinceps
1787 318 1815 340 et

1025 360 1078 388 alia
1095 361 1230 396 quaedam,
1247 360 1311 388 hinc
1325 359 1386 387 inde
1410 363 1537 394 congesta
1556 358 1655 394 partim
1682 358 1816 386 industria

1026 411 1131 440 nostra,
1161 406 1259 441 partim
1284 406 1435 432 amicorum
1460 412 1529 440 ope,
1551 411 1610 439 qua:
1633 404 1691 439 ipsa
1706 410 1815 439 quoque

1025 461 1087 482 cum
1119 452 1290 480 Nazianzeno
1318 452 1345 479 in
1368 451 1456 479 lucem
1471 451 1634 486 proferenda
1661 451 1816 478 necessario

1025 499 1194 526 viderentur.
1222 498 1250 526 In
1275 505 1329 533 quo
1345 505 1445 531 genere
1463 497 1565 525 Nicette
1587 496 1814 525 commentarium

1026 545 1054 572 in
1071 545 1222 572 sententias
1236 549 1291 571 tam
1305 543 1419 579 singulis
1437 551 1519 579 quam
1538 543 1681 578 quaternis
1695 543 1816 571 inclusas

1025 592 1159 624 versibus,
1187 591 1268 619 l‘selli
1289 591 1322 618 de
1336 590 1483 618 ditliciliunt
1507 589 1671 617 Nazianzeni
1694 589 1814 617 locorum

1025 637 1162 665 intellectu
1178 637 1286 669 librum,
1307 636 1416 664 Cmsarii
1441 636 1561 671 germani
1579 635 1744 663 Nazianzeni
1760 635 1816 663 fra-

1026 684 1074 711 tris
1085 683 1204 718 dialogos
1215 690 1252 714 tv,
1265 687 1337 709 tomo
1349 682 1427 709 tertio
1439 681 1628 708 exhibebimus
1645 680 1695 708 :'ut
1709 685 1814 708 taceam

1025 731 1058 757 de
1083 729 1226 757 multorum
1250 729 1372 756 locorum
1403 727 1639 760 rcstitutionibus,
1656 734 1716 761 qua:
1739 725 1815 753 libris

1024 775 1126 811 aliquot
1146 775 1308 802 venerandae
1343 773 1486 801 vetustatis
1510 773 1599 800 studio
1624 777 1715 799 nostro
1735 771 1816 799 colle-

1024 823 1075 850 ctis
1088 826 1114 849 et
1131 821 1235 849 collatis
1251 820 1392 848 debentur.
1412 820 1581 855 Quapropter
1599 819 1723 854 equidem
1740 817 1807 845 mihi

1025 868 1165 903 polliceor,
1182 873 1206 895 te
1221 868 1309 895 virum
1324 867 1473 902 sapientem
1497 873 1529 893 ac
1542 865 1661 897 doctum,
1682 864 1812 899 optimam

1025 915 1052 942 in
1069 919 1174 950 partem
1191 914 1335 942 consilium
1353 917 1474 940 nostrum
1490 912 1743 946 interpretaturum.
1764 911 1815 938 De-

1025 953 1071 989 bet
1086 961 1158 988 enim
1171 961 1266 988 abesse
1277 968 1337 987 cum
1354 959 1427 986 omni
1438 959 1471 986 ab
1483 958 1621 986 hominum
1633 965 1742 991 genere,
1758 961 1814 984 tum

1024 1006 1153 1033 litteratis
1166 1005 1338 1040 potissimum
1353 1005 1455 1031 invidia
1469 1013 1476 1031 :
1491 1004 1590 1038 quibus
1609 1010 1669 1030 esse
1684 1002 1749 1029 nihil
1767 1009 1815 1029 an-

1025 1052 1128 1087 tiquius
1140 1059 1190 1086 par
1202 1055 1254 1083 est,
1273 1059 1354 1086 quam
1369 1056 1399 1078 ut
1412 1056 1440 1078 et
1455 1051 1504 1085 ipsi
1523 1050 1650 1085 juvandze
1672 1049 1734 1076 totis
1747 1048 1814 1076 viri-

1024 1099 1075 1126 bus
1093 1097 1248 1132 reipublicae
1272 1096 1417 1129 studeant,
1435 1101 1463 1124 et
1482 1097 1550 1124 alios
1566 1097 1636 1124 idem
1661 1098 1813 1128 institutum

1024 1147 1151 1177 urgentes
1173 1149 1227 1169 non
1241 1142 1320 1169 modo
1342 1149 1396 1169 non
1411 1142 1496 1169 livore
1511 1143 1627 1176 quodam
1644 1143 1812 1179 impediant;

1025 1185 1073 1213 sed
1089 1185 1171 1214 etiam
1188 1185 1258 1213 ultro
1275 1186 1413 1214 benevolis
1428 1186 1666 1215 cohortationibus
1683 1190 1812 1217 excitent.

1024 1233 1080 1266 Qua
1109 1232 1142 1259 de
1165 1239 1195 1260 re
1215 1232 1337 1266 pluribus
1360 1239 1486 1267 agerem,
1518 1233 1569 1261 nisi
1584 1237 1610 1261 te
1635 1235 1813 1270 probaturum

1024 1278 1170 1305 editionem
1185 1278 1255 1306 hanc
1274 1278 1354 1312 plane
1364 1278 1539 1312 conﬁderem,
1554 1283 1581 1307 et
1597 1279 1720 1308 lubenter
1730 1282 1812 1308 etiam

1024 1324 1188 1357 agniturum,
1219 1323 1390 1358 conjunctam
1418 1324 1488 1351 hanc
1517 1332 1646 1353 essenon
1672 1331 1726 1353 tam
1746 1334 1814 1355 meae
1861 1345 1863 1349 ι

1025 1376 1085 1396 cum
1113 1368 1193 1396 famae
1220 1369 1413 1404 propagatione
1437 1370 1511 1405 (nam
1533 1371 1606 1398 illam
1624 1379 1675 1407 ego
1703 1373 1815 1402 minime

1024 1416 1155 1450 spectavi,
1174 1415 1221 1443 sed
1234 1415 1379 1443 utilitatem
1395 1416 1529 1451 publicam
1545 1418 1655 1453 potius),
1669 1425 1750 1453 quam
1763 1419 1814 1446 ho-

1024 1469 1089 1488 nore
1103 1461 1286 1496 dignitateque
1301 1465 1345 1489 tua
1361 1470 1368 1489 :
1385 1469 1465 1496 quem
1479 1463 1512 1492 de
1534 1468 1573 1491 tot
1584 1465 1737 1492 orationum
1752 1472 1814 1500 poe-

1024 1514 1180 1542 matumque
1196 1508 1375 1536 conversione
1393 1509 1490 1536 merito
1513 1509 1577 1537 boni
1599 1518 1693 1538 omnes
1709 1515 1737 1539 et
1758 1511 1814 1538 Na-

1025 1554 1149 1581 lianzeni
1176 1559 1413 1582 monumentorum
1433 1555 1547 1584 studiosi
1575 1557 1715 1585 amabunt.
1736 1556 1812 1586 Vale.

182 1596 256 1630 bam,
272 1597 344 1632 quod
359 1597 486 1625 nonnulla
501 1584 558 1632 iam
573 1597 739 1625 Nazianzeni
760 1598 861 1634 scripta
875 1603 971 1626 nactus
985 1584 1006 1613 θ’
1023 1599 1168 1628 Basilea.a.
1185 1600 1212 1627 d.
1230 1600 1247 1628 3
1261 1599 1331 1628 Non.
1346 1599 1407 1628 Jan.
1424 1608 1496 1629 anno
1508 1601 1614 1629 Domini
1629 1602 1695 1630 1571

179 1649 280 1676 essem,
294 1642 394 1678 quibus
408 1651 547 1678 nunquam
570 1643 702 1672 hactenus
716 1648 809 1671 nostra
830 1651 898 1672 sane
912 1651 970 1672 me-

623 1783 805 1814 Orthodocco
820 1782 930 1814 lectori
943 1782 1080 1814 Iacobus
1093 1782 1208 1814 Billius
1224 1782 1367 1814 salutem.

214 1928 282 1957 Cum
301 1929 327 1956 in
341 1928 480 1957 Basiliensi
494 1929 618 1965 Gregorii
638 1930 724 1958 nostri
748 1930 868 1958 editione
883 1931 968 1959 Joan-

181 1981 243 2002 nem
257 1973 466 2002 Leuvenklaium
482 1976 618 2003 orationes
634 1975 753 2010 aliquot,
772 1975 874 2003 Elianis
888 1976 970 2004 Com-

180 2021 321 2047 mentariis
338 2021 504 2055 explanatas,
531 2021 700 2048 transtulisse
717 2022 844 2049 vidissem
858 2043 865 2055 ,
881 2027 964 2057 atque

181 2066 290 2101 insuper
318 2066 351 2093 ad
377 2066 468 2101 operis
497 2066 598 2093 calcem
623 2068 813 2094 annotationes
837 2068 967 2102 quasdam

180 2111 321 2145 adjecisse,
336 2112 363 2138 in
377 2112 487 2146 quibus,
502 2112 649 2140 laureolam
663 2113 767 2140 scilicet
783 2113 809 2140 in
828 2118 967 2141 mustaceo

180 2163 313 2190 querens,
326 2157 348 2184 si
363 2157 438 2192 quid,
455 2157 480 2184 in
495 2165 550 2193 quo
562 2158 683 2185 auctoris
699 2162 816 2185 mentem
834 2166 887 2185 non
902 2158 969 2186 satis

180 2201 205 2227 ei
229 2206 368 2228 assecutus
386 2209 449 2229 esse
468 2202 572 2233 videar,
589 2202 796 2235 animadvertit,
818 2202 899 2238 idque
916 2210 969 2230 non

1023 1932 1130 1968 quidem
1150 1931 1361 1959 Leuvenklaium
1374 1952 1382 1966 ,
1397 1931 1488 1967 iniquo
1506 1931 1596 1960 animo
1610 1931 1727 1960 laturum
1740 1953 1748 1966 ,
1768 1933 1811 1967 si,

1023 1978 1093 2013 quod
1113 1978 1157 2005 ille
1170 1978 1239 2013 juris
1263 1978 1289 2005 in
1304 1985 1346 2006 me
1369 1978 1548 2013 sumpsisset,
1573 1978 1644 2006 idem
1662 1987 1768 2014 quoque
1784 1981 1811 2007 in

1024 2032 1084 2052 eum
1100 2032 1272 2059 usurparetn.
1291 2023 1376 2060 Hujus
1392 2032 1474 2059 porro
1490 2025 1540 2058 rei,
1557 2032 1609 2052 non
1625 2032 1658 2052 ex
1673 2025 1810 2059 omnibus,

1024 2077 1127 2104 qttmex
1144 2070 1193 2098 hoc
1209 2075 1319 2098 auctore
1335 2070 1472 2097 transtulit
1491 2070 1584 2105 (nimis
1596 2070 1668 2097 enim
1685 2071 1737 2098 hoc
1750 2070 1811 2098 lon-

1024 2122 1086 2150 gum
1103 2115 1208 2147 fuisset,
1222 2123 1273 2143 nec
1285 2116 1392 2143 animus
1407 2120 1467 2143 erat
1480 2115 1567 2143 bonas
1579 2115 1661 2143 horas
1672 2120 1726 2143 tam
1739 2116 1811 2144 male

1024 2161 1178 2197 collocare),
1194 2162 1240 2188 sed
1255 2169 1288 2188 ex
1307 2162 1388 2189 unico
1401 2161 1530 2196 opusculo
1547 2161 1695 2196 periculum
1720 2161 1810 2190 facere

1024 2206 1136 2240 placuit,
1159 2211 1186 2233 et
1207 2206 1316 2241 quidem
1337 2213 1370 2233 ex
1395 2213 1445 2239 eo,
1470 2207 1542 2241 quod
1563 2206 1644 2235 totius
1666 2207 1810 2236 voluminis

180 2250 235 2273 tam
251 2253 284 2273 ex
298 2254 347 2274 suo
363 2247 483 2281 ingenio,
500 2254 580 2281 quam
598 2254 632 2274 ev
656 2247 722 2275 Eine
736 2247 862 2282 aliusque
877 2247 970 2282 Cujus-
986 2253 1008 2280 ι)
1021 2252 1097 2279 frons
1112 2257 1172 2279 erat
1187 2261 1194 2279 :
1209 2257 1239 2279 nt
1254 2252 1368 2287 proinde
1380 2252 1445 2279 mihi
1460 2259 1554 2286 parum
1567 2252 1715 2281 verisimile
1726 2259 1808 2287 esset,

180 2291 241 2318 dam
252 2291 338 2319 Graeci
353 2292 504 2320 scholiasta:
515 2292 635 2328 vestigiis
648 2293 692 2320 vix
706 2292 759 2320 dici
777 2297 877 2327 potest,
890 2300 969 2327 quam

180 2336 297 2365 libenter
312 2345 345 2365 ac
360 2338 422 2366 laeto
442 2339 533 2366 animo
551 2339 578 2366 id
595 2339 725 2373 proferat.
743 2339 874 2374 Equidem
891 2340 970 2366 aliter

184 2384 340 2412 existimare
360 2392 413 2412 non
427 2389 547 2420 poteram
558 2405 566 2418 ,
582 2385 666 2419 quin,
683 2386 729 2420 qui
747 2386 772 2413 in
791 2386 889 2414 erratis
904 2385 971 2413 alio-

182 2437 242 2457 rum
259 2431 383 2464 notandis
407 2438 439 2458 ac
454 2431 625 2466 publicandis
639 2436 694 2459 tam
717 2431 842 2459 sedulum
867 2436 894 2459 et
909 2431 970 2458 dili-

181 2482 289 2512 gentem
301 2484 331 2504 se
338 2477 509 2511 praebuisset,
527 2478 553 2504 in
572 2477 615 2511 iis,
632 2485 691 2512 qua:
706 2477 764 2512 ipse
775 2477 969 2510 transtulisset,

181 2530 235 2550 non
244 2530 377 2550 summam
387 2523 531 2558 quamdam
543 2523 693 2551 doctrinam
704 2527 785 2558 atque
796 2523 968 2556 industriam,

180 2569 227 2596 καὶ
241 2569 351 2596 πάντων
369 2569 422 2596 τῶν
446 2569 541 2605 μώμου
559 2569 642 2605 βελῶν
659 2569 809 2605 ἀνωτὲραν,
826 2569 968 2604 ρτεδιίιίε-

180 2620 232 2643 set.
258 2614 311 2642 Sed
337 2619 428 2643 tamen
450 2623 512 2643 cum
535 2615 572 2643 ita
589 2615 646 2643 fere
671 2621 768 2642 natura
783 2619 968 2649 comparatum

179 2669 240 2689 esse
252 2661 360 2694 scirem,
374 2665 404 2688 ut
422 2661 468 2696 qui
487 2662 514 2689 in
530 2661 643 2689 aliorum
658 2661 767 2696 scriptis
784 2661 927 2688 censendis
941 2665 970 2688 et

179 2707 325 2742 carpendis
340 2707 464 2736 lubenter
475 2712 629 2741 versantur,
647 2707 783 2734 interdum
799 2706 825 2734 in
843 2706 900 2734 suis
916 2715 969 2734 cae-

179 2753 300 2785 cutiant,
318 2753 346 2781 in
367 2758 485 2781 mentem
511 2754 577 2781 mihi
596 2753 670 2781 venit
691 2753 828 2788 experiri,
854 2760 889 2780 an
911 2753 968 2787 ipse

180 2801 232 2829 hoc
254 2802 280 2829 in
306 2809 406 2837 genere
422 2801 496 2837 αὐτῷ
509 2802 549 2838 τῷ
574 2802 686 2837 μέτρῳ,
715 2805 746 2828 ut
760 2799 870 2828 Hesiodi
884 2801 968 2829 verbo

180 2851 251 2878 utar,
276 2847 391 2882 gratiam
415 2847 440 2874 ei
458 2847 577 2874 remetiri
593 2854 710 2881 possem.
730 2845 821 2881 Neque
835 2846 907 2873 enim
923 2854 966 2874 ar-

179 2892 310 2924 bitrabar,
335 2900 387 2921 non
401 2892 463 2920 dico
482 2900 642 2928 quemquam
660 2892 758 2925 alium,
774 2892 819 2919 sed
834 2898 867 2919 ne
879 2892 965 2927 ipsum

1023 2298 1106 2326 multa
1125 2298 1179 2325 illic
1192 2298 1290 2326 offendi
1316 2305 1411 2332 posse,
1426 2305 1487 2333 quae
1502 2299 1677 2332 quantumvis
1699 2307 1810 2327 moroso

1021 2346 1116 2374 lectori
1131 2345 1220 2372 minus
1236 2345 1425 2372 satisfacerent
1438 2354 1446 2372 :
1459 2345 1689 2380 quandoquidem,
1707 2346 1729 2373 si
1744 2346 1809 2381 quid

1021 2398 1064 2420 est
1082 2393 1110 2420 in
1127 2392 1181 2419 ullo
1206 2391 1315 2419 homine
1332 2392 1454 2426 ingenii,
1470 2392 1492 2418 si
1516 2391 1579 2426 quid
1601 2392 1740 2420 industria:
1752 2413 1760 2425 ,
1777 2400 1810 2420 ac

1021 2438 1179 2473 diligentiae,
1194 2437 1220 2465 id
1232 2437 1258 2464 in
1269 2437 1358 2472 operis
1371 2437 1503 2472 principio
1517 2437 1687 2472 potissimum
1703 2438 1809 2466 elucere

1021 2484 1109 2511 solet:
1126 2491 1177 2511 nec
1190 2483 1246 2510 fere
1259 2483 1415 2518 quisquam,
1431 2483 1482 2510 nisi
1499 2483 1580 2518 plane
1595 2484 1717 2518 stupidus
1731 2504 1738 2516 ,
1754 2488 1808 2511 tam

1021 2526 1075 2553 cito
1086 2526 1244 2558 dormitare,
1262 2525 1359 2552 nedum
1375 2529 1492 2552 stertere
1510 2525 1613 2559 incipit.
1635 2525 1710 2552 Hanc
1725 2526 1808 2560 igitur

1020 2570 1111 2598 Vitam
1127 2578 1188 2598 cum
1200 2569 1380 2598 attentissime
1394 2570 1580 2605 perlegissem,
1593 2578 1654 2598 eum
1665 2577 1750 2604 eaque
1769 2570 1806 2603 ip-

1021 2614 1078 2641 sius
1094 2614 1298 2642 translationem
1311 2614 1500 2647 contulissem,
1510 2622 1605 2650 magna
1619 2622 1684 2642 sane
1695 2615 1809 2642 admira-

1022 2660 1094 2687 tione
1103 2665 1214 2694 repente
1222 2668 1281 2688 sum
1292 2660 1414 2690 all‘ectus.
1424 2660 1506 2688 Plane
1515 2660 1626 2693 etenim,
1637 2664 1668 2687 ut
1677 2667 1737 2687 cum
1744 2659 1810 2687 Gre-

1020 2706 1095 2740 gorio
1110 2710 1203 2733 nostro
1214 2705 1318 2740 loquar,
1329 2704 1408 2742 εὗρον
1422 2706 1534 2733 ἄπιστα.
1545 2705 1662 2736 Etenim,
1675 2709 1703 2731 ut
1713 2711 1809 2732 versus

1020 2753 1093 2787 ipsos
1106 2759 1158 2779 non
1170 2752 1259 2784 καλῶς
1272 2753 1314 2787 (ut
1324 2752 1356 2779 de
1369 2752 1479 2779 Platone
1489 2751 1603 2785 Gorgias
1617 2750 1746 2786 dicebat),
1760 2750 1807 2778 sed

1020 2798 1140 2825 κάκιστα
1151 2805 1263 2833 prorsus
1276 2798 1452 2834 Ιαμϐίζοντας
1461 2817 1469 2830 ,
1483 2803 1564 2832 atque
1576 2797 1676 2831 ubique
1686 2805 1806 2832 παρανο-

1021 2842 1148 2878 μοῦντας,
1161 2843 1297 2876 omittam,
1310 2843 1400 2871 inveni
1415 2849 1489 2874 eum,
1506 2842 1678 2877 qui.aliorum
1695 2843 1806 2870 offendi-

1019 2889 1079 2917 cula
1093 2894 1146 2917 tam
1163 2889 1257 2918 sedulo
1272 2889 1414 2922 explorat,
1432 2888 1458 2916 in
1472 2888 1536 2924 .ipso
1554 2888 1648 2917 limine
1663 2888 1806 2925 plusquam
