2070 3135
251 166 305 195 559

247 223 361 255 centies,
385 230 438 250 non
462 221 557 262 leviter
575 218 772 250 oﬂ'endentem,
800 217 847 245 sed
874 215 1032 250 turpissime
1045 216 1069 244 Α

249 273 420 298 corruentem
429 275 502 299 eum,
513 267 560 302 qui
572 272 625 297 me,
639 265 662 292 si
673 263 737 298 quid
751 262 820 290 forte
831 262 857 289 in
868 261 970 289 Graecis
978 261 1034 287 suis

249 316 387 344 codicibus
403 313 545 345 invenerit,
557 312 628 346 quod
638 318 653 337 a
667 310 734 337 meis
747 308 901 338 dissentiat.
913 308 951 340 id,
964 306 1036 333 nullo

250 361 371 388 adhibito
384 359 497 395 judicio,
516 364 642 392 tanquam
659 355 776 391 ἕρμαιον
797 354 940 388 arripiens,
957 357 1035 387 petu-

249 408 337 436 lanter
349 407 376 434 in
390 413 433 433 me
448 404 577 436 insultat;
600 403 638 429 ita
659 402 781 429 hebetem
796 404 876 433 atque
899 399 1036 428 obtusum,

250 459 281 481 nt
294 461 346 480 non
362 451 441 479 modo
457 450 558 477 nullum
584 447 747 475 mendosum
763 444 923 473 vocabulum
947 451 994 477 per
1009 450 1038 470 se

252 498 482 527 animadvertere,
496 495 594 522 nedum
608 494 754 521 emendare
778 491 874 526 possit,
894 490 941 517 sed
957 490 1038 516 etiam

253 546 280 573 in
294 543 440 571 levissimis
458 541 610 577 quibusque
622 537 871 572 interpunctionum
884 535 1039 563 Grauzarum

251 590 325 617 vitiis
343 588 442 615 misere
468 587 580 617 Intereat,
596 590 677 618 atque
693 583 721 610 in
742 589 850 610 sensum
866 580 900 608 ab
922 579 1040 606 auctoris

253 640 344 663 mente
355 632 550 660 alienissimum
564 637 684 665 praeceps
701 629 821 656 feratur:
839 634 900 654 eum
915 625 1041 659 denique,

252 681 298 716 qui
313 681 394 708 etiam
409 677 601 706 celeberrimos
619 682 740 710 quosque
767 673 887 701 historiae
912 671 1042 699 ecclesia-

253 729 327 756 sticae
342 726 490 760 scriptorcs
509 723 644 758 exagitat,
673 722 699 748 in
729 719 842 748 historia
858 719 894 746 ita
909 717 1001 744 rudem
1016 721 1044 743 et

253 773 397 808 hospitem,
427 776 457 798 ut
482 777 517 797 ne
532 769 642 804 quidem
665 768 691 795 in
707 774 761 801 quo
779 765 837 792 Arii
861 771 939 791 error
956 762 1044 789 consi-

253 806 318 851 stat,
333 823 505 854 perspectum
521 815 639 846 habeat,
666 819 760 840 verum
777 818 839 838 eum
866 809 939 836 velut
961 806 1044 843 διφυῆ

255 865 400 901 quemdam
412 863 575 896 Cecropem,
603 858 683 887 simul
708 863 737 885 et
762 856 932 884 teterrimum
959 855 1046 882 hazre‘

256 912 402 942 siarcham,
421 914 449 937 et
465 907 648 936 orthodoxum
677 904 756 932 nobis
784 909 832 937 per
848 907 980 929 sutnmam
999 901 1042 927 in-

256 958 362 986 scitiam
378 956 480 991 pingat.
501 954 661 987 Quanquam
689 949 752 977 illud
772 953 940 983 postremum
955 946 1044 974 minus

257 1003 355 1030 mirum
372 999 456 1027 videri
472 998 564 1030 debet,
580 996 607 1023 in
630 995 738 1023 homine
755 993 906 1027 praesertim
934 993 970 1018 ita
997 999 1044 1018 ca-

257 1047 390 1078 chectico,
403 1050 434 1072 ut
448 1045 473 1072 ei
491 1042 578 1077 magis
596 1041 702 1076 placeat
720 1039 845 1066 Zosiuius
859 1038 997 1069 ethnicus,
1017 1037 1044 1064 in

257 1094 374 1129 optimos
400 1092 592 1126 imperatores,
622 1094 654 1114 ac
681 1087 714 1113 de
736 1084 891 1113 Christiana
916 1083 1047 1119 religione

258 1139 387 1176 praeclare
400 1137 524 1168 meritos,
545 1134 671 1162 caninam
685 1139 760 1160 suam
789 1131 891 1158 rabiem
907 1136 1047 1162 evomens,

258 1194 340 1223 quam
351 1186 386 1221 pii
401 1184 558 1219 scriptores,
575 1189 590 1208 a
608 1180 706 1216 quibus
722 1184 816 1206 eorum
833 1177 927 1204 laudes
944 1177 1048 1203 littera-

259 1242 320 1263 rum
333 1230 516 1260 monumentis
529 1226 724 1256 commendatae
739 1229 816 1252 sunt.
839 1223 929 1251 Testis
950 1227 992 1250 est
1005 1230 1049 1250 ve-

260 1287 326 1308 sana
342 1279 386 1306 illa
414 1277 546 1313 planeque
561 1272 703 1307 sacrilega,
719 1276 747 1298 et
770 1277 804 1298 ex
818 1269 962 1297 Christiani
976 1268 1050 1296 orbis

262 1326 360 1353 finibus
376 1331 437 1351 cum
455 1325 582 1357 perpetua
601 1317 722 1354 parentis
736 1316 778 1344 sui
793 1314 940 1351 ignominia
958 1319 1050 1341 exter-

263 1371 389 1399 minanda
417 1368 557 1403 Apologia,
579 1366 606 1393 in
624 1371 676 1399 qua
699 1364 737 1390 ita
765 1370 795 1390 se
811 1361 891 1396 gerit,
908 1365 938 1388 ut
961 1367 1050 1394 quem-

264 1416 406 1444 admodum
418 1414 451 1441 de
468 1411 579 1439 Milesiis
593 1409 656 1436 olim
668 1407 777 1443 quidam
790 1406 906 1438 dicebat,
925 1412 972 1432 eos
987 1405 1052 1431 stul-

264 1469 306 1490 tos
322 1469 375 1489 non
394 1467 465 1492 esse,
481 1458 528 1486 sed
544 1457 649 1488 eadem,
665 1462 726 1489 qua:
739 1453 834 1481 stultos
847 1452 946 1482 facere,
966 1451 1001 1477 ita
1019 1451 1051 1477 de

264 1517 297 1536 eo
320 1515 374 1535 non
391 1507 486 1534 minus:
505 1502 645 1532 commode
659 1501 712 1528 dici
728 1500 822 1534 possit,
837 1497 1048 1526 Leuvenklaium

265 1553 393 1590 gentilem
411 1560 465 1581 non
483 1559 556 1584 esse,
574 1549 620 1577 sed
634 1548 727 1575 eadem
743 1554 803 1580 quae
819 1545 933 1580 gentiles
951 1543 1048 1570 facere.

839 158 914 186 FED.
934 156 1086 186 MORELLI
1106 154 1290 183 PROCEMIA.

1817 145 1870 173 360

1083 213 1152 246 Quid
1160 213 1232 239 enim
1247 210 1382 242 ethnicus,
1391 207 1591 243 quantumlibet
1604 204 1760 233 Christiano
1770 203 1872 230 nomini

1086 257 1199 284 infestus
1210 261 1237 283 et
1246 255 1371 282 infensus
1378 253 1473 285 hostis,
1487 251 1578 278 acrius
1587 258 1635 285 pro
1642 249 1734 284 gentili
1743 248 1873 280 scribere,

1088 310 1120 329 ac
1131 302 1259 328 furiosius
1272 305 1365 327 contra
1377 298 1547 326 Christianos
1564 294 1723 322 debacchari
1732 293 1875 328 potuisset,

1087 355 1168 382 quam
1183 347 1204 374 is
1218 345 1296 377 facit,
1312 345 1356 379 qui
1370 351 1398 371 se
1414 342 1610 374 Christianum,
1631 344 1659 367 et
1672 339 1781 374 quidem
1794 337 1874 365 defae-

1087 398 1187 425 catum,
1204 390 1365 427 profitetur?
1376 389 1429 417 Sed
1441 393 1470 415 ut
1484 388 1516 415 ad
1532 395 1589 414 rem
1599 386 1720 416 redeam,
1729 391 1790 411 cum
1805 384 1830 410 in
1843 383 1876 410 iis

1088 438 1314 466 Annotationihus
1341 444 1410 471 quas
1438 435 1502 461 huic
1518 433 1587 460 Vitae
1603 432 1778 466 subjecimus,
1795 437 1875 464 quam

1089 492 1159 520 saape
1173 483 1350 519 δοκησίσοφος
1376 483 1427 509 iste
1454 481 1599 514 interpres,
1627 483 1655 505 et
1681 478 1708 504 in
1739 476 1877 503 vertendis

1089 531 1193 559 Graecis
1203 529 1345 560 erraverit,
1364 532 1391 556 et
1407 527 1433 554 iu
1448 525 1617 560 corrigendis
1637 531 1725 552 caecus
1747 523 1829 551 fuerit
1851 526 1879 549 et

1091 578 1119 605 in
1135 578 1177 609 iis,
1193 584 1253 611 quae
1272 576 1305 602 ad
1318 575 1462 602 historiam
1477 573 1622 608 pertinent,
1652 569 1788 597 inscitiam
1802 576 1877 595 suam

1091 623 1249 658 prodiderit,
1261 621 1409 649 meridiana
1421 620 1482 646 luce
1498 618 1598 646 clarius
1615 617 1811 647 demonstrato,
1823 619 1878 641 tum

1093 677 1157 698 vero
1174 668 1269 696 lectori
1293 666 1494 700 conjiciendum
1510 664 1677 698 relinquam,
1695 669 1756 689 cum
1784 661 1812 688 in
1827 667 1879 687 nne

1094 715 1294 751 quaternione,
1325 720 1352 741 et
1378 713 1486 747 quidem
1517 710 1605 745 primo
1633 709 1714 736 toties
1746 707 1881 743 peccarit,

1095 765 1208 796 quanta,
1233 760 1254 786 si
1271 759 1362 786 omnia
1382 764 1442 791 qua:
1462 756 1519 790 ipse
1542 753 1689 784 transtulit,
1708 753 1741 780 ad
1757 751 1881 779 eumdem

1096 807 1202 834 modqu
1216 805 1371 833 examinare
1386 807 1466 837 atque
1481 801 1611 836 colligere
1633 799 1789 830 voluissem,
1804 805 1882 825 erro-

1096 861 1155 881 rum
1170 853 1232 879 llias
1244 856 1270 878 et
1282 850 1410 877 colluvies
1427 848 1585 876 exstitisset.
1596 846 1657 874 llmc
1669 845 1691 872 si
1703 843 1883 872 Leuvenklaio

1096 899 1207 927 ntolesta
1221 898 1290 925 lectu
1311 902 1384 928 sunt,
1396 896 1483 923 discat
1499 893 1715 929 μετριοφρονεῖν,
1731 895 1830 917 etcum
1855 896 1884 916 se

1095 946 1149 973 ἀπὸ
1161 945 1208 973 τοῦ
1225 944 1418 979 ἀναμαρτήτου
1434 948 1487 970 tam
1508 942 1587 976 longe
1600 943 1733 967 remotum
1747 945 1807 964 esse
1827 943 1886 971 per-

1095 993 1204 1028 spiciat,
1217 990 1398 1019 necessariam
1412 989 1501 1024 potius
1524 987 1551 1014 in
1575 986 1632 1014 suis
1647 982 1885 1019 recognoscendis,

1095 1046 1176 1074 quam
1188 1037 1215 1064 in
1233 1037 1358 1069 aliorum,
1373 1035 1429 1070 qui,
1445 1035 1508 1061 dum
1526 1029 1758 1064 vivunt,sibiipsis
1773 1028 1886 1055 fortasse

1098 1084 1200 1111 mederi
1212 1080 1458 1118 possunt,jerratis,
1477 1079 1564 1112 iisque
1581 1078 1741 1112 plerumque
1757 1079 1885 1109 perquam

1100 1131 1217 1163 levibus,
1234 1127 1410 1156 traducendis
1425 1131 1506 1160 atque
1525 1122 1692 1152 insectandis
1709 1127 1818 1156 operam
1837 1125 1887 1153 po-

1098 1181 1156 1209 nat,
1188 1182 1271 1210 seque
1295 1174 1422 1208 deinceps
1447 1179 1480 1199 ex
1507 1178 1603 1198 eorum
1632 1175 1744 1196 numero
1769 1166 1889 1193 eximere

1099 1223 1218 1254 studeat,
1236 1221 1294 1256 qui,
1309 1226 1338 1248 ut
1359 1220 1392 1247 de
1417 1218 1528 1246 Arianis
1553 1215 1662 1244 dicebat
1689 1213 1888 1243 Nazianzenus,

1100 1271 1174 1297 lenes
1189 1269 1242 1296 sibi
1256 1273 1318 1295 sunt
1332 1266 1448 1302 judices,
1463 1264 1525 1291 aliis
1538 1267 1627 1290 autent
1645 1259 1732 1288 severi
1744 1263 1886 1288 censores;

1099 1315 1211 1342 vulnera
1224 1315 1335 1346 habent,
1353 1317 1381 1340 et
1396 1312 1456 1339 aliis
1479 1311 1583 1338 vibices
1603 1307 1755 1342 objiciunt;
1776 1302 1890 1336 turpiter

1101 1361 1212 1394 cadunt,
1223 1366 1251 1388 ct
1262 1360 1377 1388 aliorum
1385 1355 1596 1386 olleusiunculas
1606 1353 1761 1388 exagitant;
1775 1351 1801 1377 iu
1813 1354 1890 1376 εωιιο

1100 1408 1265 1438 volutantur,
1290 1410 1318 1433 et
1342 1413 1374 1433 ex
1394 1405 1509 1431 aliorum
1533 1400 1645 1429 maculis
1658 1398 1818 1432 voluptatem
1839 1394 1890 1422 sibi

1103 1454 1226 1489 fingunt;
1242 1452 1360 1486 denique
1373 1457 1519 1485 oppressos
1530 1448 1653 1475 trabibus
1668 1444 1761 1473 oculos
1776 1442 1891 1472 habent,

1103 1505 1131 1527 ct
1150 1500 1269 1526 festucas
1280 1499 1340 1525 aliis
1357 1497 1457 1533 probro
1473 1499 1591 1522 vertunt.

269 1600 1864 1627 ______________________._———————

433 1700 718 1734 SANCTISSIMO
734 1699 788 1731 AC
803 1696 1068 1728 BEATISSIMO
1081 1693 1220 1727 PAULO
1238 1694 1272 1730 V,
1290 1691 1513 1723 PONTIFICI
1528 1686 1721 1724 MAXIMO,

799 1790 826 1812 S.
851 1789 890 1811 ΕΤ
909 1787 1083 1810 HUMILLIMA
1100 1786 1207 1809 PEDUM
1231 1784 1360 1807 OSCULA.

950 1863 1008 1899 ,(Ex
1024 1862 1094 1890 Edit.
1111 1860 1204 1897 1609.)

1054 1943 1090 1951 ...-

305 2012 345 2040 De
374 2011 534 2040 Sanctorum
558 2010 667 2037 Patrum
697 2015 752 2037 tam
777 2009 944 2042 Graecorum,
973 2017 1054 2044 quam
1068 2013 1090 2042 (ι
1107 2009 1190 2040 tione,
1205 2015 1257 2035 non
1273 2011 1316 2035 est
1329 2006 1513 2042 dedignatus:
1532 2004 1611 2040 cujus
1637 2003 1758 2038 vestigiis
1785 2002 1894 2031 Genna-

268 2057 450 2086 Romanorum
467 2057 585 2091 scriptis,
598 2056 753 2083 beatissime
765 2055 858 2087 Pater,
873 2055 934 2089 jure
946 2063 977 2083 ac
997 2063 1055 2084 me-

269 2105 322 2133 rito
339 2102 391 2132 dici
406 2107 504 2138 potest,
520 2102 591 2135 quod
612 2101 645 2128 de
660 2101 778 2128 Historia
805 2108 853 2127 sua
868 2101 964 2127 scribit
979 2100 1054 2127 Thu-

269 2150 393 2186 cydides,
414 2148 514 2184 Κτῆμα
536 2149 564 2179 ἐς
579 2147 623 2174 ἀεὶ
650 2146 751 2182 μᾶλλον
776 2147 793 2182 ἢ
811 2146 956 2182 ἀγώνισμα
977 2147 1005 2178 ἐς
1026 2145 1056 2172 τὸ

271 2195 439 2232 παραχρῆμα
452 2193 560 2221 ἀκούειν
569 2193 717 2227 ξύγκειται,
735 2199 893 2228 perpetuum
908 2192 1056 2219 munimen-

271 2246 328 2269 tum
341 2241 428 2277 potius
440 2245 560 2273 exstare,
575 2247 657 2276 quam
671 2239 742 2274 quod
759 2240 842 2266 animi
858 2246 938 2266 causa
951 2240 977 2265 in
991 2246 1057 2273 pra:-

272 2288 358 2316 sentia
376 2287 509 2315 audiatur.
525 2286 669 2314 Enimvero
689 2285 820 2320 ejusmodi
840 2293 978 2312 sacrarum
999 2293 1058 2311 mu-

272 2342 363 2363 sarum
384 2333 453 2361 fetus
469 2334 504 2361 ab
522 2332 638 2367 ingeniis
665 2331 791 2358 maximis
807 2335 835 2358 et
850 2330 986 2357 mentibus
1009 2338 1059 2365 pu-

272 2379 388 2408 rissimis
410 2379 518 2413 Deoque
542 2376 639 2404 afflatis
666 2376 830 2411 exprompti,
850 2376 930 2410 genio
954 2377 1057 2411 optimo

273 2424 565 2454 comitatirCanescent
579 2423 658 2451 seclis
668 2423 925 2450 innumerabilibus:
938 2431 947 2448 ι
961 2427 1058 2449 etcum

273 2473 308 2501 iis
321 2477 445 2499 auctores
453 2471 559 2498 illorum
568 2477 600 2497 ac
608 2475 734 2504 parentes
744 2475 820 2504 parte
837 2470 878 2496 sui
894 2470 1015 2503 tneliore,
1030 2474 1060 2497 ιιι

273 2518 348 2548 ccelis
361 2525 418 2545 arvo
441 2516 608 2551 sempiterno
622 2516 758 2548 fruuntur,
783 2516 824 2543 sic
845 2515 871 2543 in
892 2517 972 2544 terris
987 2516 1060 2544 fama

271 2565 330 2592 veri
342 2563 449 2592 conscia
469 2563 573 2594 vivent,
589 2562 707 2596 quandiu
727 2561 834 2596 piorum
861 2562 1060 2589 studiosorum-

273 2618 325 2646 que
340 2609 571 2646 genusconsistet,
585 2613 612 2636 et
623 2616 682 2643 quae
703 2609 853 2644 μακαρίται
870 2608 906 2636 illi
924 2608 1062 2636 memoria:

272 2658 426 2693 prodidere,
445 2656 540 2683 diurna
562 2659 749 2689 nocturnaque
765 2662 845 2682 manu
862 2655 981 2682 versabit
998 2663 1004 2681 :
1021 2654 1059 2681 si-

273 2685 381 2739 quidem
398 2685 447 2729 hos
466 2702 606 2729 thesauros
630 2700 677 2736 (ut
702 2685 792 2727 aiebat
818 2700 949 2727 Domitius
979 2699 1058 2734 Piso)
1075 2685 1098 2716 D

275 2756 386 2776 censere
401 2753 518 2782 oportet,
532 2754 586 2775 non
606 2747 701 2774 libros.
720 2746 823 2774 Idcirco
837 2746 867 2774 D.
880 2746 1060 2781 Hieronymus

276 2793 402 2821 Ecclesia:
421 2793 549 2821 Romana!
572 2794 712 2821 doctorum
740 2792 944 2826 celeberrimus,
973 2792 1060 2820 eccle-

276 2839 399 2867 siasticos
412 2841 559 2874 scriptores
579 2840 606 2866 in
622 2839 744 2866 ordinem
763 2839 898 2873 digerere,
913 2846 1062 2873 eontmque

276 2884 427 2920 catalogum
443 2890 545 2918 texere,
560 2885 650 2913 Dextri
663 2885 790 2920 praetorio
807 2884 926 2919 prazlecti
937 2885 1063 2912 cohorta-

1106 2055 1166 2083 dius
1176 2054 1352 2082 Massiliensis
1375 2052 1515 2085 insistens,
1536 2052 1565 2080 in
1588 2051 1700 2085 relitptis
1716 2050 1894 2085 scriptoribus

1106 2101 1296 2129 enumerandis
1317 2099 1476 2127 elaboravit.
1511 2098 1573 2126 Haec
1611 2101 1746 2125 tantorum
1775 2097 1894 2124 virorum

1106 2153 1198 2181 opera,
1210 2145 1298 2172 omnis
1309 2144 1418 2180 generis
1426 2144 1568 2174 doctrinae,
1581 2151 1612 2170 ac
1624 2142 1744 2170 caelestis
1757 2145 1784 2169 et
1795 2141 1894 2168 divina!

1107 2192 1288 2227 potissimum,
1313 2191 1387 2226 gazis
1411 2189 1529 2223 referta,
1547 2194 1576 2216 et
1590 2199 1599 2215 ι
1618 2188 1727 2216 linenda
1751 2187 1849 2218 cedro,
1867 2191 1896 2214 et

1108 2237 1181 2265 tenui
1206 2238 1336 2264 servanda
1362 2243 1500 2270 cupresso,
1517 2244 1527 2260 ι
1542 2234 1652 2268 arcolis,
1674 2232 1836 2269 κειμηλίοις,
1853 2232 1895 2259 bi-

1108 2284 1260 2316 bliothecis,
1271 2291 1286 2309 a
1301 2282 1474 2318 pontificibus
1486 2289 1519 2309 ac
1535 2281 1700 2316 principibus
1711 2280 1815 2307 litteras
1826 2278 1897 2306 litte-

1109 2337 1236 2365 ratosque
1251 2328 1406 2356 amantibus
1421 2333 1449 2356 et
1463 2329 1563 2364 pietate
1575 2327 1736 2362 insignibus,
1755 2325 1897 2361 magnifico

1109 2378 1229 2409 structis,
1250 2383 1347 2411 magna
1364 2383 1396 2403 ex
1413 2379 1489 2409 parte
1514 2379 1590 2402 εει-ια
1612 2378 1685 2402 tecta
1706 2378 1770 2401 sunt
1786 2379 1897 2400 conser-

1109 2428 1170 2450 vata
1187 2428 1231 2450 :et
1243 2421 1440 2458 Iypographicaa
1455 2421 1563 2448 demum
1575 2421 1643 2447 artis
1658 2419 1788 2447 librarum
1798 2425 1898 2453 promte

1111 2471 1203 2499 condat:
1225 2468 1355 2497 beneﬁcio
1369 2467 1403 2495 ab
1420 2467 1518 2503 injuria
1546 2467 1677 2502 temporis
1703 2466 1899 2500 hominumque

1111 2516 1244 2544 vindicata
1255 2514 1374 2550 quotidie
1391 2514 1567 2541 reviviscunt.

1146 2560 1201 2588 Nec
1229 2560 1319 2587 minus
1340 2559 1421 2586 hodie
1446 2558 1473 2586 in
1490 2557 1588 2586 Galliis
1608 2565 1690 2592 quam
1710 2557 1737 2584 in
1751 2556 1823 2584 'ullis
1840 2556 1899 2584 aliis

1111 2606 1259 2636 Christiani
1278 2606 1385 2641 imperii
1405 2604 1472 2638 oris,
1497 2605 1556 2632 haec
1578 2604 1719 2631 litterario:
1743 2603 1899 2637 reipublicae

1113 2661 1177 2680 cura
1193 2657 1219 2680 et
1231 2653 1315 2688 gloria
1324 2652 1414 2687 viget;
1425 2651 1476 2678 sub
1491 2650 1609 2678 Henrico
1623 2650 1668 2681 IV,
1684 2657 1747 2684 rege
1768 2649 1901 2676 Christia-

1113 2699 1227 2727 nissimo
1254 2698 1538 2731 clementissimoque,
1557 2702 1587 2725 ut
1610 2697 1694 2724 armis
1722 2696 1833 2728 invicto,
1863 2696 1901 2722 ita

1113 2745 1188 2780 pacis
1200 2745 1299 2772 artium
1317 2744 1516 2776 amantissimo,
1530 2743 1609 2778 cujus
1632 2743 1758 2771 felicibus
1773 2741 1903 2777 auspiciis

1112 2791 1330 2819 reverendissimi
1345 2791 1439 2818 Galliae
1462 2791 1594 2826 episcopi,
1610 2790 1755 2822 antistites,
1769 2794 1797 2816 et
1813 2788 1903 2816 clerus

1113 2837 1235 2864 Francia:
1254 2838 1339 2871 regni,
1360 2845 1415 2864 uno
1427 2844 1573 2869 consensu,
1595 2843 1701 2863 summo
1724 2835 1825 2867 studio,
1843 2834 1903 2861 sin-

1116 2883 1201 2918 gulari
1217 2884 1385 2919 benignitate
1405 2891 1437 2912 ac
1451 2883 1624 2917 liberalitate,
1647 2882 1777 2918 optimam
1792 2887 1903 2916 operam
