2070 3135
191 167 242 198 ΖΜ

770 163 847 192 FED.
868 162 1020 193 MORELLI
1038 162 1235 191 PROJIMIA.‘

1763 164 1813 193 369

192 226 221 256 in
247 226 297 253 hac
317 223 418 259 optima
441 230 470 250 re
487 222 673 254 collocarunt,
703 225 732 249 ut
759 222 796 257 pii
817 222 977 257 probatique
991 223 1013 251 Α
1029 220 1056 248 ἰη
1078 219 1229 248 Sanctitate
1246 218 1304 247 Tua
1322 223 1361 248 tot
1375 219 1526 249 clarissima
1540 221 1669 250 virtutum
1693 223 1813 251 omnium

193 271 334 305 utriusque
346 269 445 303 lingua:
456 268 617 302 scriptorqu
627 270 752 295 auctores
761 267 866 300 sedulo,
880 267 976 300 nitide,

191 318 274 350 culte,
295 315 480 349 castigateque
491 314 560 348 typis
572 313 781 349 elegantioribus
809 314 975 346 ederentur;

191 368 274 398 atque
299 361 349 388 hoc
371 360 608 396 praeclarissimum
633 364 752 393 coeptum
769 364 797 386 et
824 360 977 386 institutum

193 415 278 442 usque
305 407 372 434 adeo
393 405 534 440 processit,
562 409 592 432 ut
613 412 644 432 ex
678 404 870 440 typographica
888 404 979 431 radice

193 453 281 481 imbre
296 459 380 480 aureo
397 451 508 486 irrigata
526 451 688 486 optimorum
715 450 838 478 codicum
868 449 980 484 διγλώτι

191 507 256 531 των,
272 497 432 525 densissima
449 497 515 524 silva
531 496 663 531 pullulare
677 496 796 531 incipiat.

227 543 257 572 ιη
275 544 317 572 his
333 550 398 570 vero
414 541 471 570 fere
483 542 632 576 principem
646 541 733 568 locum
755 545 848 568 tenent
871 540 980 567 absolu-

194 591 299 618 tissima
313 589 412 623 scripta
436 588 506 615 beati
531 586 654 622 Gregorii
678 587 843 614 Nazianzeni
873 587 980 614 theolo-

193 644 288 673 gorum
318 635 465 663 Orientalis
493 634 620 662 Ecclesiae
636 634 868 669 κορυφαιοτάτου,
899 640 978 667 quem

194 684 227 711 D.
242 683 423 718 Hieronymus
439 685 632 716 praeceptorem
647 688 726 708 suum
743 680 831 706 virum
847 679 979 713 eloquent—

194 730 329 758 tissimum
347 728 487 763 praedicat,
507 734 593 762 eoque
608 727 757 761 scripturas
773 725 934 760 cxplanante
950 732 979 752 se

195 777 322 803 didicisse
334 774 488 802 confitetur.
503 773 564 801 Haec
574 778 688 808 utraque
703 773 792 807 lingua
808 772 898 806 liegiis
911 771 980 806 typis

195 819 298 847 Graecis
313 826 384 846 nunc
395 822 522 846 accurate
530 818 618 853 quoad
643 818 702 852 ejus
718 817 778 844 ﬁeri
796 817 882 851 potuit
896 818 980 848 edita,

195 865 348 900 etquodam
360 865 440 892 etiam
452 863 625 898 eplstolarum
635 864 764 891 hactenus
781 871 833 891 non
848 864 980 891 cditarum

1031 267 1118 295 sidera
1132 266 1316 302 conspiceret?
1329 265 1386 294 Hoc.
1398 271 1473 294 certe
1487 266 1514 294 in
1528 267 1597 294 votis
1613 267 1695 296 fuisse
1711 273 1815 296 constat

1031 312 1207 340 nobilissimis
1231 311 1303 339 illius
1328 310 1481 348 μακαρίτου
1511 313 1729 348 consanguineis,
1745 314 1818 342 inter

1031 366 1100 394 quos
1127 358 1230 394 pietate
1249 361 1331 392 atque
1345 358 1497 385 eruditione
1512 366 1565 386 non
1589 359 1693 394 vulgari
1717 360 1816 387 eminet

1032 404 1273 432 reverendissimus
1288 403 1430 438 episcopus
1444 408 1471 430 et
1484 404 1536 430 dux
1550 403 1751 439 Laudunensis,
1768 412 1818 440 par

1031 449 1165 482 Francia.
1182 449 1275 477 Jacobi
1294 449 1378 477 frater
1390 449 1630 486 αὐτοκασίγνητος.

1069 496 1201 530 Equidem
1224 495 1261 522 ita
1286 494 1337 522 feci
1353 502 1386 522 ac
1404 495 1510 529 lubens,
1538 500 1568 522 ut
1590 501 1631 523 tot
1645 497 1768 525 doctrina
1783 505 1817 526 ac

1032 542 1166 577 probitate
1183 541 1328 575 insignium
1346 541 1466 568 virorum
1493 549 1641 576 consensu,
1668 543 1819 571 antistitem

1034 590 1106 616 hunc
1120 594 1149 615 et
1167 588 1285 616 Orientis
1307 587 1492 623 theologorum
1516 588 1600 616 solem
1619 589 1703 617 radiis
1720 590 1818 618 nativis

1033 634 1115 661 Attici
1141 633 1240 668 leporis
1256 638 1284 661 et
1304 634 1429 662 ascititiis
1444 633 1560 662 Romani
1586 635 1625 662 tui
1644 635 1820 670 pontificatus

1034 683 1154 714 tempora
1182 679 1317 706 illustrare
1339 678 1510 714 gaudentem,
1528 678 1671 707 Sanctitati
1688 678 1753 708 Tua:
1780 684 1819 708 tot

1034 725 1202 753 heroicorum
1223 725 1427 760 cmlestiumque
1449 727 1595 761 gratiarum
1611 727 1757 755 luminibus
1772 736 1821 754 un.

1035 772 1114 805 dique
1134 771 1245 807 fulgenti
1266 772 1384 799 dicatum
1404 772 1593 806 producerem.
1612 772 1668 801 Nec
1684 781 1749 801 vero
1768 774 1819 800 du-

1034 816 1121 844 bitare
1132 817 1172 843 fas
1186 822 1238 849 est,
1255 817 1411 844 beatissime
1426 817 1515 851 Pater,
1532 818 1598 852 quin
1612 818 1717 852 placido
1733 818 1820 850 vultu.

1035 870 1088 897 quo
1115 862 1301 890 Christianum
1326 863 1438 895 orbem,
1466 867 1642 897 tempestates
1671 863 1820 897 Ecclesiae,

196 910 340 939 corollario
358 918 373 936 a
389 909 467 937 nobis
481 909 626 941 cumulata.
643 909 786 945 cujusnam
817 910 981 944 augustioris
997 912 1019 940 Β
1034 906 1184 942 ccelumque
1209 914 1331 939 serenas,
1357 908 1428 935 hunc
1444 912 1663 944 mystagogorum
1688 908 1823 944 Hyperio-

196 956 315 984 nominis
331 956 430 983 tutiore
445 956 569 990 praesidio
583 955 685 982 munita
698 955 838 989 prodirent
848 955 875 982 in
892 955 980 989 publi--

197 1010 271 1035 cum,
288 1010 368 1036 quam
385 1008 443 1035 tuo,
458 1002 539 1029 Pater
555 1001 735 1034 sanctissime,
749 1009 802 1036 quo
819 1009 872 1029 uno
887 1001 983 1029 Eccle-

197 1047 246 1075 siae
258 1047 399 1074 militantis
409 1047 482 1074 acies
498 1047 654 1074 recreatur?

233 1091 327 1120 Nonne
345 1091 584 1119 reverendissimus
607 1091 698 1118 Sancti
724 1091 865 1119 Michaelis
888 1098 985 1120 cceno-

199 1138 309 1167 biarcha
324 1138 441 1166 Jacobus
455 1138 560 1169 Billius,
584 1145 598 1164 a
615 1145 668 1171 quo
690 1138 844 1172 pererudito
861 1145 893 1164 ac
913 1137 985 1164 fideli

200 1185 347 1219 interprete
374 1184 495 1219 ejusdem
524 1183 646 1218 Gregorii
674 1181 838 1210 Nazianzeni
865 1183 982 1217 scripta,

200 1229 316 1264 primum
333 1228 479 1256 Latinitate
491 1229 601 1260 donata,
628 1233 656 1256 et
667 1227 798 1263 Gregorio
812 1227 881 1261 Xlll,
897 1228 985 1262 ponti-

200 1275 244 1304 ﬁci
255 1275 371 1302 Maximo
384 1275 506 1302 dedicata
520 1273 638 1307 fuerant,
656 1274 678 1301 si
692 1275 780 1306 hodie,
801 1274 907 1302 volente
921 1275 986 1307 Deo,

201 1322 235 1349 ad
258 1321 328 1348 hanc
351 1321 434 1348 vitam
458 1325 639 1352 revocaretur,
656 1320 726 1347 ultro
753 1319 987 1354 libentissimeque

200 1367 352 1395 Versionem
369 1367 568 1401 editionemque
589 1365 783 1401 Gregorianam
796 1365 982 1393 Graeco-Lati-

201 1420 264 1440 nam
279 1413 366 1440 eidem
377 1412 534 1440 felicissimo
547 1411 651 1438 Nomini
669 1417 715 1439 tuo
725 1416 910 1444 consecraret,
923 1419 985 1439 cum

1032 959 1093 979 nem
1120 953 1146 979 in
1171 952 1361 987 augustissima
1380 954 1410 980 D.
1440 953 1513 981 Petri
1539 953 1675 981 cathedrae
1701 953 1820 981 sacraria

1032 997 1147 1032 benigne
1163 998 1338 1030 intromittas,
1351 998 1624 1033 acoeptissimumque
1636 998 1748 1026 habeas.
1766 999 1821 1026 llos

1031 1048 1112 1078 prout
1125 1043 1202 1074 nobis
1216 1043 1454 1077 persuasissimum
1471 1049 1523 1076 est,
1542 1044 1583 1072 sic
1598 1051 1646 1072 nos
1667 1043 1738 1072 Deus
1753 1045 1820 1072 bene

1033 1094 1117 1120 amet,
1132 1094 1160 1116 ut
1176 1090 1313 1117 Sanctitas
1331 1088 1388 1116 Tua
1417 1090 1486 1117 votis
1510 1090 1568 1117 suis
1582 1090 1691 1123 divinis,
1709 1094 1821 1117 cunctus

1033 1140 1124 1162 autem
1142 1135 1248 1170 piorum
1264 1140 1351 1163 cmtus
1364 1140 1390 1163 te
1408 1136 1512 1170 optimo
1533 1136 1651 1164 maximo
1666 1143 1715 1163 suo
1731 1135 1821 1170 ponti-

1034 1181 1085 1209 ﬁce
1104 1182 1199 1216 perdiu
1227 1182 1356 1216 potiatur.
1381 1181 1495 1210 Lutetiae
1515 1181 1683 1210 Parisiorum
1703 1189 1741 1209 xtl
1761 1181 1820 1208 Kal.

1034 1227 1119 1263 April.
1136 1234 1230 1255 HDCIX.

1107 1274 1171 1302 Tua:
1191 1274 1369 1302 Beatitudiuis

1281 1319 1452 1349 Hnmillimus
1469 1328 1564 1350 servus
1580 1321 1648 1349 an.
1663 1321 1820 1356 Montium.

1357 1367 1472 1402 profess.
1488 1371 1515 1395 et
1530 1368 1662 1402 interpres
1677 1367 1777 1403 regius.

213 1488 1813 1502 ————————————-——————-————————-—_—

795 1573 868 1617 AD
906 1573 1247 1619 LEGTOBEM.

775 1668 828 1704 (et
846 1669 916 1696 san.
934 1668 1027 1697 Morel.
1050 1668 1118 1698 1609
1134 1674 1161 1697 et
1172 1669 1264 1706 1650.)

238 1823 302 1853 Scio
315 1832 368 1861 quo
383 1824 477 1853 lendas
492 1829 519 1852 ct
533 1832 672 1860 properes,
693 1825 855 1853 suavissime
874 1833 964 1854 rerum
981 1835 989 1860 ;
1004 1829 1026 1858 α
1042 1826 1161 1859 videtur,
1176 1825 1295 1854 collectae
1306 1830 1369 1853 sunt
1381 1827 1463 1853 varize
1477 1825 1607 1854 lectiones
1623 1826 1757 1862 quaedam,
1773 1834 1827 1854 non

203 1871 266 1906 quia
288 1878 349 1898 cras
367 1878 458 1898 serum
487 1875 529 1898 est
554 1878 649 1906 sapere
662 1875 690 1898 et
707 1872 822 1903 discere,
838 1871 943 1898 discere
962 1875 991 1898 et

204 1923 300 1951 sapere
315 1916 357 1943 vis
372 1916 462 1944 hodie.
479 1916 631 1950 Quominus
644 1921 718 1944 certe
735 1917 760 1944 id
785 1916 882 1950 facias.
899 1917 926 1944 in
948 1925 990 1945 me

206 1969 281 1988 mora
302 1969 354 1989 non
366 1963 418 1990 erit
432 1962 495 1989 ulla.
508 1961 609 1990 Vacuis
626 1968 654 1990 ct
665 1963 798 1998 religiosis
812 1963 924 1991 auribus
938 1965 991 1992 tuis

206 2007 271 2036 dare
283 2009 349 2036 nihil
363 2009 501 2041 constitui,
515 2017 568 2044 quo
587 2009 769 2037 offenduntur.
784 2009 812 2037 Si
832 2010 990 2045 patientiam

204 2054 341 2090 paulisper
348 2055 554 2083 accommodare
565 2063 618 2082 non
628 2056 745 2090 piguerit
754 2075 762 2088 ,
775 2056 845 2083 forte
857 2064 890 2083 an
901 2056 992 2084 brevis

206 2100 285 2134 hujus
303 2101 435 2135 proloquii
460 2102 615 2129 meminisse
629 2102 745 2137 juvabit.
766 2102 807 2130 Ad
826 2103 863 2130 tui
887 2103 991 2131 similes

207 2146 445 2182 φιλογρηγορίους,
462 2155 471 2172 ι
483 2147 589 2182 Quique
606 2148 648 2175 sui
665 2155 801 2176 memores
818 2148 885 2176 alios
902 2149 992 2177 fecere

207 2192 354 2223 merendo,_
366 2200 376 2216 ι
395 2195 421 2219 te
435 2199 510 2218 voco.
527 2191 572 2219 Sic
587 2192 668 2226 igitur
681 2193 789 2220 habeto.

243 2235 309 2262 Cum
326 2243 421 2262 novam
435 2236 557 2272 Gregorii
581 2237 747 2266 Nazianzeni
764 2246 875 2273 operum
893 2239 992 2267 editio-

207 2287 269 2306 nem
288 2284 402 2314 utraque
419 2281 506 2316 lingua
523 2283 633 2316 aggredi
652 2284 829 2310 constitutum
849 2284 955 2317 fuisset,
977 2293 994 2312 e

208 2332 238 2352 re
255 2325 314 2359 fuit,
327 2328 382 2353 into
396 2334 484 2360 operae
493 2329 607 2362 pretium
624 2328 733 2357 Graecos
750 2331 855 2358 codices
873 2335 994 2359 vetustos

208 2377 378 2404 comparare.
398 2371 452 2399 Hos
477 2372 555 2400 nobis
569 2374 759 2407 augustissima
772 2375 843 2410 regis
855 2375 992 2403 Christia-

208 2415 312 2442 nissitui
331 2414 499 2444 Bibliotheca
527 2418 733 2453 suppeditavit;
757 2425 785 2447 et
810 2420 992 2455 amplissimus

207 2460 250 2487 vir
276 2459 390 2488 Jacobus
415 2462 581 2497 Augustinus
594 2463 731 2497 Thuanus,
752 2470 833 2493 curtae
858 2474 992 2501 supremae

208 2515 320 2542 praeses,
343 2509 555 2537 vetustissimum
580 2511 741 2546 optimaque
756 2519 826 2540 nota:
837 2514 991 2541 manuscri-

207 2559 283 2588 ptum
299 2562 314 2582 e
331 2555 441 2583 librario
467 2562 536 2590 penu
551 2563 600 2584 suo
616 2558 789 2593 perbeuigne,
805 2565 858 2593 quo
875 2559 900 2585 in
915 2558 991 2586 litte-

209 2607 255 2628 ras
272 2604 314 2627 est
331 2601 431 2634 animo,
450 2602 581 2629 exhibuit.
594 2602 682 2630 Alium
695 2604 815 2632 codicem
831 2612 893 2631 cum
909 2605 992 2632 variis

209 2647 401 2680 manuscriptis
432 2647 459 2675 in
486 2648 578 2683 Belgio
608 2649 853 2677 eruditissimorum
870 2650 991 2678 virorum

209 2695 273 2715 cura
290 2689 432 2725 studioque
443 2691 581 2725 collatum,
598 2694 675 2721 nobis
692 2694 733 2720 vir
746 2694 918 2722 doctissimus
932 2695 990 2722 An-

209 2735 299 2763 tonius
315 2735 463 2771 Vaquerius
481 2737 696 2767 Noviodunensis
713 2741 932 2769 communicavit.
950 2741 991 2770 Ex

209 2782 243 2809 iis
257 2783 396 2811 codicibus
408 2792 477 2818 quos
494 2787 738 2815 reverendissimus
758 2787 876 2817 Iacobus
895 2789 990 2818 Billius

210 2827 302 2855 Sancti
329 2827 465 2857 Michaelis
489 2831 592 2864 abbas,
622 2832 724 2861 Latina:
752 2835 884 2862 versionis
912 2835 991 2869 hujus

210 2872 348 2905 scriptoris
371 2878 474 2906 auctor,
498 2874 604 2909 legisse.
626 2881 671 2902 aut
684 2881 758 2905 certe
772 2877 918 2905 contulisse
936 2885 989 2905 non

328 2921 464 2952 ΡΑτιιοι..
484 2923 543 2954 Gn.
555 2923 689 2955 XXXV.

1041 1871 1084 1899 inf
1085 1871 1217 1906 rugiferm.

1076 1917 1135 1946 Jam
1160 1926 1226 1946 vero
1252 1918 1397 1946 editionem
1425 1917 1548 1946 Graecam
1577 1917 1766 1946 Germanicam
1790 1919 1826 1946 ab

1041 1965 1136 1992 eodem
1148 1971 1286 1998 nunquam
1306 1964 1373 1991 satis
1390 1963 1499 1992 laudato
1516 1963 1595 1992 Billio
1607 1964 1752 1999 diligenter
1765 1972 1827 1991 cum

1041 2009 1132 2044 Regiis
1144 2009 1336 2044 manuscriptis
1356 2009 1493 2042 collatam,
1508 2013 1536 2037 et
1551 2016 1612 2037 cum
1628 2009 1763 2038 Medicaeis
1781 2017 1828 2037 re-

1042 2056 1111 2090 ginze
1125 2056 1237 2090 matris;
1258 2056 1345 2091 iisque
1371 2063 1438 2092 quos
1457 2056 1655 2084 illustrissimus
1681 2056 1827 2084 cardinalis

1044 2101 1159 2129 Sirletus
1175 2109 1210 2128 cx
1235 2101 1311 2128 Italia
1334 2101 1455 2133 miserat.
1487 2101 1563 2138 ἱερὰν
1581 2102 1827 2138 παρακαταθήκην,

1043 2147 1115 2175 ultro
1126 2147 1204 2175 nobis
1218 2147 1436 2175 commodavitV.
1455 2147 1487 2176 C.
1504 2147 1603 2176 Paulus
1624 2148 1760 2181 Petavius,
1773 2147 1826 2175 Pa-

1043 2192 1167 2220 risiensis
1187 2193 1270 2220 curia:
1289 2200 1422 2227 suprema:
1442 2197 1553 2221 senator
1576 2193 1777 2229 integerrimus.
1799 2194 1827 2221 In

1043 2238 1100 2272 ejus
1126 2242 1216 2265 autem
1242 2238 1303 2265 libri
1331 2245 1378 2265 ora
1394 2238 1546 2273 marginali,
1570 2239 1708 2266 variantes
1720 2239 1826 2274 quidem

1044 2283 1185 2316 lectiones,
1204 2284 1374 2318 conjecturas
1392 2289 1420 2312 et
1436 2284 1642 2313 emendationes
1660 2285 1754 2313 Billius
1764 2293 1826 2320 ope-

1046 2337 1105 2356 rosa
1120 2329 1264 2357 sedulitate
1275 2330 1451 2357 adnotaverat
1467 2338 1473 2357 :
1490 2336 1678 2359 verumtamen
1690 2331 1826 2359 academi-

1046 2383 1105 2403 cam
1112 2376 1228 2411 ἐποχήν,
1238 2382 1318 2411 atque
1327 2376 1493 2404 assensionis
1499 2378 1679 2405 retentionem
1688 2382 1741 2405 tam
1751 2384 1826 2405 caute

1044 2426 1256 2457 constanterque
1274 2422 1450 2455 adhibuerat,
1464 2428 1493 2450 ut
1507 2431 1587 2458 quam
1600 2423 1673 2456 λέξιν
1689 2424 1736 2450 καὶ
1748 2424 1826 2459 ῥῆσιν

1045 2467 1130 2502 magis
1140 2467 1277 2501 probaret,
1289 2474 1369 2502 quam
1385 2467 1517 2502 rejiceret,
1534 2468 1680 2505 διαῤῥήδην
1693 2476 1826 2503 nunquam

1011 2514 1033 2542 D
1046 2514 1219 2547 exprimeret.
1236 2513 1305 2546 Quid
1331 2513 1376 2541 hic
1397 2514 1549 2548 agaslAn,
1567 2520 1596 2542 ut
1609 2515 1673 2542 olim
1685 2514 1796 2547 factum,
1815 2521 1826 2541 a

1043 2558 1168 2594 Philippo
1187 2559 1270 2587 tacito
1291 2564 1319 2587 et
1340 2560 1428 2596 sopito
1452 2561 1486 2588 ad
1513 2561 1664 2597 Philippum
1681 2560 1826 2588 excitatum

1043 2609 1227 2639 attentumque
1238 2606 1387 2640 provoces?
1402 2606 1533 2633 Nimirum
1553 2607 1587 2634 ab
1606 2605 1825 2640 interpretatione

1043 2650 1162 2684 ejusdem
1174 2650 1269 2678 Latina
1278 2652 1398 2678 omnium
1413 2652 1498 2680 ferme
1512 2652 1678 2679 eruditorum
1692 2650 1824 2685 theologo-

1045 2703 1104 2722 rum
1119 2696 1221 2723 calculo
1233 2697 1393 2732 jamdudum
1423 2698 1571 2732 approbata
1599 2701 1776 2732 receptaque,
1801 2702 1825 2725 ut

1044 2741 1194 2769 Mercuriali
1210 2743 1326 2778 quadam
1341 2744 1427 2779 virga,
1441 2743 1642 2778 diiudicandum
1655 2744 1769 2771 solerter
1779 2743 1825 2771 fuit

1046 2794 1106 2822 qua:
1120 2788 1286 2822 potissimum
1303 2789 1393 2820 lectio,
1407 2794 1435 2816 ut
1448 2797 1587 2824 germana,
1598 2790 1733 2824 sequenda
1748 2795 1825 2818 esset.

1045 2833 1080 2860 At
1099 2833 1142 2860 hic
1155 2841 1232 2868 opus,
1247 2834 1291 2862 hic
1306 2834 1382 2862 labor
1392 2839 1461 2862 erat.
1477 2835 1521 2862 'Ev
1533 2832 1573 2867 οἷς
1591 2835 1710 2871 μάλιστα
1724 2835 1825 2870 μεγάλα

1045 2879 1282 2916 τὰΙίδιαφέροντα,
1315 2881 1347 2916 ἦν
1378 2890 1405 2908 τι
1437 2882 1585 2909 πταίσωσιν
1614 2883 1638 2909 οἱ
1668 2883 1826 2919 κρίναντες·

1621 2932 1658 2959 12
