2070 3135
236 176 291 204 365

236 233 386 271 praesertim
417 231 460 257 ubi
486 231 619 266 πρπ.μ.ᾅν
652 229 691 255 δεῖ
721 228 770 263 τὴν
796 228 937 262 ἀλήθειαν.

273 279 397 307 Occurrit
410 277 500 304 divina
520 276 597 310 quasi
612 275 715 310 virgula
731 275 775 308 qui
795 279 830 307 te,
849 275 893 309 qui
909 273 1022 308 φιλαλή‹

239 326 294 357 Dat;
314 331 418 357 omnes,
434 324 484 350 hoc
496 322 568 349 fasce
586 321 698 353 levaret,
717 320 956 348 reverendissimus
971 319 1022 346 Pa-

239 379 282 401 ter
295 372 394 399 Fronto
407 370 529 400 Ducazus,
546 367 689 395 Societatis
703 367 766 394 .lcsu
781 366 932 401 theologus,
947 370 1021 392 tanto

240 419 348 445 nomine
361 417 466 450 dignus,
483 419 511 442 et
527 414 668 448 utriusque
694 413 792 447 linguae
817 412 997 446 peritissimtts
1014 420 1020 438 :

239 465 285 491 hic
301 462 435 490 indefesso
451 461 545 488 labore
561 460 589 487 in
614 459 750 494 republica
767 458 922 485 Christiana
939 462 966 484 et
980 458 1024 484 lit-

239 508 338 536 teraria
357 507 489 541 juvanda,
516 506 554 532 in'
570 506 621 532 hoc
636 512 718 539 opere
732 503 864 539 palmario
888 502 1023 530 assiduam

239 556 423 590 optirnamque
457 559 565 588 operam
589 552 690 585 optime
724 549 883 582 collocavit;
918 548 1023 575 tametsi

239 602 334 629 eodem
351 605 471 634 tempore
493 599 518 625 in
541 596 766 633 Χρυσοστομείων
789 595 883 622 Latina
900 595 1025 622 versione

239 651 267 674 et
279 646 395 674 editione
407 644 517 679 bilingui
530 643 720 675 distineretur;
733 642 780 669 sed
789 647 931 675 utrumque
944 642 1025 675 ἀσχο-

239 692 299 723 λίας
316 692 465 726 ὑπέρτερον
492 691 607 725 πρᾶγμα
636 687 813 715 existimavit.
840 686 909 720 Quid
936 691 1026 712 autem

239 738 405 773 praestiterit,
416 745 512 768 magna
529 744 589 762 cum
605 735 688 762 animi
703 734 740 760 tui
757 734 903 768 voluptate,
920 732 942 760 si
953 739 1026 758 men-

241 790 295 812 tem
313 783 478 814 adhibueris,
494 781 572 808 facile
596 779 752 815 perspicies.

276 840 346 874 Quid
362 845 400 872 tu,
420 838 539 870 Morelle,
566 837 690 872 inquies,
717 835 854 862 nullamne
875 835 928 861 huc
954 840 1027 868 sym-

240 886 329 914 bolam
345 884 500 913 contulisti?
518 883 649 917 Equidem
667 888 777 916 operam
791 881 924 914 denegare
940 886 1025 905 meam

242 932 270 959 in
285 930 344 964 ejus
359 929 479 957 auctoris
491 927 600 962 scriptis
616 926 738 957 edendis,
754 925 800 959 qui
823 924 888 951 mihi
908 924 942 950 ab
962 924 1026 950 ado-

243 977 373 1006 lescentia
386 978 412 1004 in
432 976 535 1003 deliciis
548 974 606 1005 fuit,
628 973 748 1008 religioni
763 972 926 999 habuissem.
941 970 1027 1005 Spici-

243 1024 341 1059 legium
364 1022 458 1050 saltem
485 1020 591 1053 aliquod
604 1026 651 1046 seu
676 1017 885 1045 racemationem
912 1015 1028 1042 contuli-

243 1076 320 1097 mus:
337 1074 379 1095 est
397 1067 440 1093 ubi
469 1066 496 1092 in
506 1065 623 1092 'Gratcis
646 1063 763 1090 maxime
780 1062 868 1090 mendi
893 1061 1025 1094 suspectis

244 1123 297 1151 qua
310 1115 343 1142 ab
358 1111 582 1147 interpunctione,
597 1117 648 1145 qua
667 1117 680 1135 a
694 1109 843 1136 litterarum
858 1107 1024 1142 trajectioue,

244 1161 363 1190 medicas
384 1159 510 1186 adhibere
525 1163 620 1184 manus
644 1154 798 1188 conjectura
826 1153 866 1181 vel
891 1160 940 1187 ope
961 1159 1025 1178 mss.

815 168 889 196 FED.
912 167 1062 195 MORELLI
1083 167 1266 195 PRO(EMIA.

1036 230 1059 257 Α
1076 227 1264 253 tentavimus:
1287 229 1314 252 ct
1340 223 1512 252 corollarium
1542 222 1716 258 epistolarum
1747 220 1859 248 ἀνεκδό-

1807 162 1858 190 565

1074 281 1127 298 των
1143 272 1291 306 adjecituus
1308 278 1367 298 cum
1382 270 1507 297 versione
1523 274 1615 296 nostra
1633 267 1793 295 cuicuimodi
1814 266 1858 298 sit,

1075 323 1282 352 extemporanea
1300 322 1384 348 certe,
1412 320 1439 342 et
1464 314 1544 341 unico
1562 318 1654 340 nostro
1673 311 1859 344 manuscripto

1075 363 1185 397 antiquo
1205 370 1329 396 magnam
1345 366 1448 395 partem
1469 359 1546 389 fulta,
1570 357 1747 393 ταχυγράφου
1771 356 1860 390 potius

1075 408 1213 441 cujusdam
1227 415 1306 442 quam
1318 406 1504 441 καλλιγράφου
1517 412 1597 431 manu
1617 407 1742 430 exarata:
1753 406 1783 428 ut
1793 402 1861 428 bene

1076 459 1172 489 agatur
1188 461 1248 480 cum
1264 460 1297 479 eo
1313 452 1359 486 qui
1387 451 1479 483 vertit,
1503 450 1525 477 si
1554 459 1563 475 ‹
1591 450 1663 476 intra
1680 455 1754 482 spem
1774 447 1859 474 venia:

1076 503 1181 531 cautus,
1199 497 1296 524 vitavit
1321 496 1438 531 culpam,
1471 502 1523 522 non
1550 494 1656 521 laudem
1683 492 1800 524 meruit;
1825 498 1857 518 ex

1076 551 1158 579 opera
1173 543 1284 570 nimium
1300 542 1380 570 celeri
1408 548 1529 575 curaque
1548 544 1668 566 carente.
1690 548 1699 564 ι
1721 537 1777 565 Nisi
1801 536 1860 572 ejus

1077 589 1196 616 animum
1211 588 1370 623 perpendas,
1385 587 1431 621 qui
1447 585 1513 613 nihil
1530 589 1584 612 tant
1602 592 1679 612 suum
1697 591 1758 611 esse
1773 583 1860 615 duxit,

1077 643 1156 670 quam
1171 635 1241 669 quod
1254 639 1326 661 esset
1339 633 1485 668 publicum.

1112 681 1256 716 Cmterum,
1272 681 1294 707 si
1310 681 1360 707 hoc
1376 686 1482 714 quoque
1495 678 1565 706 scire
1574 684 1647 709 aves,
1661 677 1699 708 ὼς
1712 675 1787 702 οὐδὲν
1797 675 1862 710 γλυ‹

1077 729 1189 764 κύτερον
1213 728 1229 763 ἦ
1248 727 1336 754 πάντα
1361 726 1472 759 εἰδέναι,
1504 724 1627 752 consulto
1650 723 1777 756 sejuncta:
1800 726 1863 749 sunt

1078 775 1212 810 perdoctae
1228 773 1298 800 Billii
1314 773 1513 803 adnotatioues,
1541 776 1569 798 et
1592 777 1653 797 cum
1670 769 1770 796 Nicetae
1797 768 1864 795 alio-

1078 828 1191 855 rumque
1213 819 1421 847 scholiastarum
1447 816 1650 845 commentariis
1671 815 1697 843 in
1712 815 1862 843 secundum

1079 870 1183 893 tomum
1208 864 1377 893 commodius
1405 863 1528 897 rejeclte;
1558 863 1603 896 qui
1635 869 1710 889 sacra
1740 860 1863 895 Gregorii

1042 907 1064 935 Β
1079 911 1162 939 nostri
1176 915 1310 946 poemata,
1325 915 1351 937 et
1365 909 1468 937 scholia
1480 916 1539 943 qua:
1551 912 1659 935 exstant
1674 907 1700 934 in
1716 907 1774 942 ejus
1783 913 1864 941 opera

1081 957 1174 985 Graece
1192 957 1292 992 pariter
1308 961 1334 983 et
1351 955 1444 982 Latine
1467 954 1628 982 continebit.
1645 953 1720 985 Vive,
1741 953 1810 985 vale,
1837 956 1866 980 et

1082 1010 1141 1037 qua:
1160 1003 1272 1034 dantur,
1297 1002 1367 1036 azqui
1393 1002 1509 1036 bonique
1536 1002 1658 1033 consule,
1688 1006 1715 1027 et
1744 1000 1865 1026 muneris

1079 1055 1159 1083 atque
1182 1049 1271 1083 operis
1290 1048 1371 1082 hujus
1389 1052 1524 1079 auctores,
1547 1046 1702 1081 adjutores,
1719 1045 1866 1081 συνεργούς

1079 1102 1159 1122 ama:
1184 1102 1287 1122 memor
1303 1094 1374 1122 illius
1399 1094 1558 1129 Pythagorae
1583 1092 1658 1126 dicti,
1684 1096 1688 1127 ξ

1116 1151 1160 1185 Μὴ
1185 1150 1293 1187 ἔχθαιρε
1309 1150 1383 1184 φίλην
1403 1150 1448 1176 σὺν
1466 1150 1621 1186 ἁμαρτάδας
1637 1149 1729 1176 εἵνεκα
1746 1130 1856 1185 μιξρῆς.

752 1263 908 1291 LECTUliI
926 1264 1129 1290 ΦΙΛΑΛΗΘΕΙ
1147 1262 1355 1291 MORELLUS.

776 1312 826 1345 (Ex
844 1311 914 1337 Edit.
934 1310 1013 1343 1‘309,
1031 1315 1095 1338 tom.
1113 1309 1145 1342 ll,
1164 1311 1196 1337 ad
1215 1309 1338 1339 calcem.i

281 1365 338 1393 Non
352 1364 419 1399 fugit
434 1370 483 1391 nos
502 1362 622 1397 pectoris
649 1360 686 1387 tui
710 1359 824 1390 candor,
841 1359 887 1393 qui
913 1358 978 1385 facit
1000 1362 1028 1384 ut

245 1412 336 1440 omnia
349 1410 417 1445 aequi
433 1409 550 1443 bonique
564 1407 689 1435 consulas
699 1425 707 1438 ,
726 1410 753 1432 et
772 1404 876 1432 calculo
893 1408 938 1430 tuo
952 1411 1027 1431 eoin-

244 1458 343 1493 probes
358 1464 417 1492 qua:
439 1456 508 1484 bono
532 1453 638 1489 publico
654 1451 754 1486 suscipi
775 1458 806 1478 ac
829 1450 922 1485 perlici
943 1450 1028 1476 vides.

245 1503 350 1531 Idcirco
374 1509 424 1529 nec
450 1501 592 1528 molestum
616 1505 666 1525 nec
698 1497 873 1531 iujucutulum
901 1495 948 1522 tibi
971 1494 1029 1522 fore

1077 1362 1136 1389 est.
1163 1358 1189 1384 in
1217 1363 1318 1384 tomum
1342 1358 1490 1385 secundum
1515 1357 1678 1393 rejiciendas
1702 1359 1865 1384 censuerat:

1077 1404 1175 1438 quippe
1200 1404 1246 1438 qui
1272 1408 1383 1430 crateras
1409 1403 1527 1436 Nicetm,
1545 1403 1642 1436 Pselli,
1671 1402 1778 1434 Nonni,
1803 1401 1867 1429 Elite

1077 1450 1213 1478 Cretensis
1244 1450 1431 1477 annotatioues
1458 1455 1485 1476 et
1512 1449 1722 1477 commentarios
1748 1447 1867 1483 comple-

1078 1503 1164 1524 xurus
1194 1501 1276 1528 erat,
1300 1504 1354 1522 una
1391 1503 1452 1523 cum
1485 1495 1607 1530 Gregorii
1640 1494 1772 1530 poematis
1798 1503 1804 1520 :
1833 1500 1868 1521 ex

247 1549 372 1577 duximus
385 1567 392 1580 ,
409 1548 430 1575 si
444 1545 575 1581 propositi
589 1543 750 1577 consiliique
769 1542 854 1569 nostri
868 1549 900 1568 ac
919 1548 971 1568 non
986 1540 1031 1568 du-
1044 1559 1067 1589 Ε
1083 1543 1180 1578 quibus
1203 1543 1328 1576 quoniam
1359 1541 1433 1569 mille
1457 1542 1567 1569 circiter
1594 1548 1626 1568 ac
1645 1540 1754 1568 ducenti
1773 1547 1866 1567 versus

245 1595 298 1622 bite
309 1592 496 1622 destinationis
508 1592 533 1618 in
548 1590 579 1617 D.
592 1589 714 1624 Gregorii
728 1587 889 1615 Nazianzeni
903 1586 1030 1621 operibus

246 1640 340 1668 Graece
360 1643 388 1666 et
399 1638 495 1665 Latine
508 1637 533 1664 in
554 1636 641 1663 lucem
660 1634 772 1662 edendis
788 1638 814 1660 te
827 1633 920 1667 paucis
933 1632 1030 1659 admo-

246 1692 384 1714 neremus.
403 1684 449 1711 Sic
462 1683 545 1717 igitur
559 1680 674 1713 habeto,
691 1687 740 1707 nos
754 1679 779 1706 in
795 1680 886 1706 animo
901 1677 1029 1705 habuisse

246 1732 327 1766 hujus
340 1728 504 1758 sanctissimi
530 1732 558 1755 et
579 1724 795 1762 eloquentissimi
821 1723 949 1751 antistitis
963 1729 1030 1758 ope-

246 1784 306 1805 rum
327 1775 470 1809 δῐγῖιωττον
491 1772 638 1801 editionem
659 1769 767 1806 aggredi
788 1776 821 1796 ex
844 1768 936 1795 codice
951 1766 1031 1794 Basi-

246 1821 340 1849 liensis
354 1819 485 1849 ὲκῦὁσεως
495 1837 502 1849 ,
524 1825 569 1844 an.
584 1815 662 1847 1550,
677 1814 747 1850 apud
763 1814 935 1848 liervagium,
949 1819 1031 1847 quem

246 1867 415 1894 clarissimus
445 1865 487 1892 vir
511 1863 632 1891 Jacohus
657 1861 753 1888 Billius
780 1861 809 1888 S.
838 1859 977 1887 Michaelis
1003 1858 1030 1885 in

247 1913 346 1940 Eremo
369 1910 506 1945 quondam
538 1909 622 1936 abbas
650 1907 863 1938 meritissimus,
888 1905 1031 1938 utriusque

247 1959 344 1993 lingua:
362 1957 543 1992 peritissimus
553 1975 561 1986 ,
579 1961 639 1981 cum
653 1953 736 1988 regiis
747 1952 885 1980 codicibus
898 1951 1009 1978 Gallicis
1022 1969 1029 1982 ,

247 2010 275 2033 et
294 2011 355 2032 cum
378 2002 496 2034 Italicis,
518 2001 551 2028 ab
573 1997 963 2033 illustrissimis}cardinalibus
979 1996 1032 2024 Ca-

247 2050 306 2078 rolo
319 2049 498 2083 Lotharingo,
518 2052 545 2074 et
565 2046 636 2073 Guil.
663 2045 762 2072 Sirleto
776 2051 868 2072 secum
883 2042 1033 2071 communi-

247 2098 333 2130 catis,
357 2098 485 2122 accurate
506 2092 677 2124 contulerat,
703 2096 733 2118 ut
759 2090 933 2129 doctissimus
958 2089 1030 2117 Gilb.

248 2140 439 2169 Genebrardus
450 2140 476 2166 in
490 2137 649 2173 praefatione
660 2143 707 2164 sua
717 2135 811 2167 refert,
823 2134 886 2162 dum
899 2142 913 2160 a
927 2140 1033 2161 summo

247 2187 376 2222 pontifice
393 2184 499 2213 obnixis
515 2184 642 2219 precibus
659 2181 809 2213 contendit,
831 2185 861 2207 ut
878 2179 1033 2215 sumptibus

1083 1589 1189 1616 iambici
1217 1588 1438 1615 desiderabantur
1465 1588 1490 1614 in
1519 1587 1599 1622 regizc
1625 1586 1796 1614 Bibliotheca:
1821 1593 1868 1613 co-

1082 1634 1207 1666 dicibus,
1231 1642 1298 1669 quos
1314 1634 1431 1662 Joannes
1456 1633 1641 1662 Lcwenclaius
1663 1633 1691 1660 in
1723 1632 1867 1661 Germania

1082 1679 1177 1707 Latine
1204 1685 1320 1712 tantum,
1345 1685 1372 1707 et
1399 1681 1484 1707 soluta
1513 1680 1654 1713 oratione,
1680 1683 1743 1707 ante
1768 1678 1867 1706 multos

1082 1733 1166 1753 annos
1186 1725 1321 1758 ediderat;
1349 1726 1461 1760 proinde
1485 1726 1571 1752 danda
1588 1732 1670 1759 opera
1696 1725 1764 1756 fuit,
1787 1729 1866 1751 utne

1082 1771 1151 1800 hanc
1168 1771 1273 1805 quidem
1299 1776 1400 1805 partem
1422 1778 1532 1805 operum
1555 1770 1625 1805 ejus,
1648 1771 1686 1802 ὡς
1707 1770 1757 1797 οὐκ
1776 1770 1867 1806 ἐλάχι-

1083 1825 1145 1844 στον
1161 1818 1242 1852 μέρος
1257 1817 1310 1843 τῶν
1327 1816 1417 1852 ἱερῶν,
1430 1817 1513 1844 editio
1525 1816 1624 1844 Gallica
1639 1816 1865 1851 praetermitteret.

1082 1861 1148 1890 Cum
1169 1862 1251 1896 igitur
1275 1861 1414 1896 diligenter
1439 1869 1488 1897 per
1512 1869 1606 1889 omnes
1629 1861 1744 1896 Europa:
1769 1861 1866 1888 biblio-

1082 1908 1174 1935 thecas
1200 1915 1232 1934 ea
1252 1913 1335 1934 metra
1351 1907 1464 1943 κείμεναι
1492 1907 1642 1942 conquisita
1667 1912 1777 1939 essent,
1804 1914 1867 1934 nus-

1083 1961 1163 1988 quam
1181 1953 1291 1988 reperiri
1306 1958 1448 1987 potuerunt
1463 1954 1500 1980 illi
1517 1954 1624 1982 codices
1646 1961 1680 1980 ex
1703 1953 1800 1987 quibus
1821 1953 1867 1980 illa

1083 1999 1218 2034 quondam
1235 1998 1421 2026 Leweuclaius
1446 2000 1636 2033 exscripserat,
1652 2003 1678 2026 et
1695 1997 1790 2025 Latine
1806 2005 1868 2025 ver-

1084 2049 1164 2072 terat.
1178 2044 1277 2072 V'erum
1292 2044 1376 2071 Roma
1391 2045 1498 2071 tandem
1514 2045 1590 2072 nobis
1605 2044 1688 2072 missa
1705 2048 1768 2070 sunt
1783 2042 1824 2079 (ut
1835 2042 1867 2069 τὸ

1085 2090 1248 2125 ζητούμενον
1262 2089 1364 2116 ἁλωτόν
1381 2089 1468 2123 ﬁeret)
1492 2090 1664 2117 illustrissimi
1681 2090 1756 2116 card.
1780 2088 1867 2116 Maﬂ'si

1084 2136 1223 2164 Barberini
1247 2136 1346 2168 studio,
1361 2143 1427 2163 cura
1442 2140 1470 2163 et
1493 2136 1625 2170 impensa,
1648 2134 1785 2162 Vaticanis
1798 2141 1814 2162 e
1832 2134 1866 2161 li-

1085 2181 1158 2213 bris,
1193 2181 1305 2216 aliisque
1336 2181 1514 2209 Bibliothecis
1545 2181 1674 2209 Romanis
1701 2175 1864 2215 exscripta:

248 2234 306 2260 suis
331 2236 467 2259 auctorem
485 2230 561 2258 illum
580 2228 676 2256 excudi
698 2231 816 2255 curaret.
839 2225 941 2254 Verum
958 2226 1030 2253 enim
1047 2231 1070 2258 ι)
1084 2227 1180 2255 deinde
1195 2228 1309 2254 alterunt
1327 2228 1481 2255 earumdem
1499 2227 1658 2262 ἀπόγραφον
1678 2227 1711 2254 ab
1730 2226 1868 2254 humanis-

249 2279 376 2314 quoniam
396 2286 449 2306 non
470 2279 570 2313 ubique
592 2284 653 2304 cum
678 2276 763 2311 ipsius
781 2275 875 2302 Latina
900 2275 1033 2309 interpre-

251 2326 352 2352 tatione
365 2325 562 2352 conveniebant
572 2323 628 2357 ejus
640 2323 842 2350 emendationcs
855 2326 882 2348 et
892 2319 1032 2355 εἰκασμοί,

250 2370 387 2404 multaque
408 2370 516 2397 fuerant
530 2369 563 2396 ab
580 2367 668 2396 illo‘in
682 2372 756 2395 textu
768 2367 867 2399 deleta,
887 2374 946 2401 qua:
961 2366 1032 2393 idem

250 2423 354 2448 rursus,
371 2415 502 2450 δευτέρων
517 2414 675 2449 ἀμεινόνων,
689 2413 841 2448 reponenda
857 2411 1031 2442 ἀναπεισθεὶς

250 2465 411 2489 censuerat:
438 2466 465 2487 et
487 2465 582 2487 contra
606 2459 753 2487 sustulerat
778 2460 804 2485 in
826 2457 922 2485 Latina
945 2458 1032 2484 inter-

251 2507 419 2541 pretatione,
436 2513 495 2541 qua:
516 2505 542 2532 in
565 2505 668 2533 Graecis
689 2505 783 2532 relicta
805 2509 902 2537 erant;
929 2508 1032 2531 tantum

250 2554 300 2580 sibi
324 2559 462 2580 assumere
484 2551 569 2578 noluit
595 2550 738 2585 praefectus
760 2549 926 2585 διωρθώσεσι
954 2553 1033 2584 typo-

249 2598 384 2634 graphicis
393 2617 400 2630 ,
417 2603 445 2624 ut
457 2597 490 2624 de
503 2597 567 2623 tanti
583 2596 633 2623 viri
651 2603 732 2630 opere
744 2600 771 2622 et
785 2594 911 2630 ἀγχινοίᾳ
924 2600 1033 2621 senten-

251 2645 315 2671 tiatn
332 2644 432 2676 ferret;
450 2642 598 2677 maluitque
617 2642 687 2668 bona
714 2641 765 2668 fide
781 2641 814 2668 de
827 2641 878 2668 hoc
899 2640 950 2667 sibi
975 2644 1034 2667 tra-

251 2691 306 2717 dito
327 2690 494 2724 exprimere,
525 2696 557 2715 ac
590 2687 686 2715 deinde
716 2686 743 2713 in
775 2686 848 2713 notis
872 2693 904 2713 ac
926 2685 1035 2713 scholiis

251 2736 378 2762 collectas
406 2735 495 2761 varias
523 2733 653 2761 lectiones
678 2735 894 2767 repraesentare,
920 2738 1034 2765 qumque

252 2783 336 2815 magis
352 2789 413 2808 cum
434 2782 610 2815 interpretum
626 2780 749 2806 oratione
770 2779 957 2805 consentirent
971 2797 978 2809 ,
992 2777 1034 2804 vel

251 2835 312 2854 eum
332 2829 450 2854 auctoris
465 2835 545 2854 sensu
568 2826 759 2858 convenirent,
776 2826 801 2851 iu
818 2825 884 2851 locis
901 2823 1034 2858 ambiguis

253 2874 379 2901 indicare.
406 2873 459 2900 llas
477 2881 555 2908 porro
582 2877 676 2904 notas,
703 2876 731 2898 ut
757 2871 783 2898 in
814 2878 887 2898 more
915 2870 1030 2904 positum

1084 2273 1153 2300 simo
1170 2273 1379 2307 doctissimoque
1392 2273 1448 2300 viro
1464 2272 1563 2300 Davide
1580 2272 1739 2300 Hoeschelio
1755 2272 1867 2299 missum

1084 2318 1254 2352 acccpiuuts;
1280 2318 1350 2352 quod
1377 2325 1392 2344 a
1423 2316 1516 2345 Judmo
1543 2317 1714 2345 Fraucofurti
1754 2316 1869 2344 feliciter

1084 2364 1169 2398 pretio
1189 2363 1355 2398 redemptum
1373 2363 1470 2390 fuerat.
1495 2363 1604 2390 Interim
1630 2367 1719 2390 tamen
1738 2363 1800 2390 dum
1826 2371 1869 2390 se-

1085 2410 1164 2437 cundi
1195 2411 1259 2437 torni
1289 2410 1434 2437 editionem
1468 2410 1525 2436 haec
1553 2409 1710 2444 perquisitio
1736 2414 1868 2441 moratur.

1085 2463 1148 2482 ecce
1168 2455 1214 2482 tibi
1235 2463 1332 2482 novum
1357 2463 1390 2482 ex
1413 2455 1508 2489 Anglia
1537 2455 1709 2488 monitorem,
1725 2454 1771 2489 qui
1796 2459 1826 2481 ut
1842 2454 1870 2480 in

1086 2502 1138 2528 alio
1154 2509 1235 2536 opere
1261 2502 1392 2533 curiosus,
1414 2501 1702 2536 ἀλλοτριοεπισκοπος,
1730 2505 1810 2527 tanta:
1826 2500 1869 2527 di-

1086 2547 1194 2574 lationis
1219 2548 1376 2581 impatiens,
1400 2547 1467 2574 duas
1494 2547 1630 2574 orationes
1664 2545 1869 2581 στηλιτευτικάς

1086 2597 1179 2618 contra
1192 2590 1340 2623 lulianum,
1355 2599 1414 2619 cum
1431 2592 1536 2619 scholio
1560 2591 1654 2618 Graeco
1677 2591 1759 2618 edere
1776 2591 1868 2622 voluit,

1086 2641 1112 2664 et
1139 2642 1216 2664 notas
1248 2636 1379 2669 attexuit,
1407 2637 1504 2671 quibus
1527 2637 1616 2665 varias
1644 2637 1773 2664 lectiones
1793 2626 1877 2670 com-j

1086 2683 1178 2716 plexus
1191 2687 1233 2710 est
1247 2682 1330 2709 variis
1349 2690 1364 2709 e
1382 2682 1459 2710 libris
1479 2684 1616 2716 collectas,
1638 2683 1774 2718 simulque
1794 2687 1869 2716 typo-

1086 2729 1227 2763 graphicos
1249 2736 1365 2761 errores,
1381 2728 1536 2763 σφάλματα,
1559 2736 1660 2761 naevos,
1677 2728 1804 2756 editionis
1822 2727 1870 2754 Pa-

1087 2774 1208 2801 risiensis
1232 2774 1384 2802 observavit
1409 2779 1436 2802 et
1462 2774 1605 2802 indicavit.
1628 2774 1749 2801 Fuerunt
1773 2773 1869 2808 quippe

1087 2820 1149 2845 olim
1179 2820 1212 2845 ah
1238 2820 1330 2854 Anglis
1365 2821 1578 2848 amanuensibus
1617 2820 1791 2846 eruditissimi
1820 2818 1868 2845 viri

1088 2865 1194 2893 llent'ici
1221 2867 1314 2894 Sat‘ilii
1336 2867 1440 2895 lustrati
1459 2867 1535 2894 codd.
1562 2866 1755 2899 mattttscripii;
1777 2870 1804 2893 et
1825 2864 1870 2892 ille
