  <div class='ocr_page' id='page_1' title='image "/cluster/home/n/w/nwhite01/storage/ocr_20150623/35/njp.32101077772554/192.png"; bbox 0 0 2070 3135; ppageno 0'>
   <div class='ocr_carea' id='block_1_1' title="bbox 186 157 240 185">
    <p class='ocr_par' dir='ltr' id='par_1_1' title="bbox 186 157 240 185">
     <span class='ocr_line' id='line_1_1' title="bbox 186 157 240 185; baseline 0 -1"><span class='ocrx_word' id='word_1_1' title='bbox 186 157 240 185; x_wconf 76' lang='lat'><strong>565</strong></span> 
     </span>
    </p>
   </div>
   <div class='ocr_carea' id='block_1_2' title="bbox 766 156 1219 185">
    <p class='ocr_par' dir='ltr' id='par_1_2' title="bbox 766 156 1219 185">
     <span class='ocr_line' id='line_1_2' title="bbox 766 156 1219 185; baseline 0.002 -1"><span class='ocrx_word' id='word_1_2' title='bbox 766 157 845 184; x_wconf 80' lang='lat' dir='ltr'><strong>FED.</strong></span> <span class='ocrx_word' id='word_1_3' title='bbox 865 156 1018 183; x_wconf 71' lang='lat' dir='ltr'><strong>MOBELIJ</strong></span> <span class='ocrx_word' id='word_1_4' title='bbox 1038 156 1219 185; x_wconf 70' lang='lat' dir='ltr'><strong>PROtEMlA.</strong></span> 
     </span>
    </p>
   </div>
   <div class='ocr_carea' id='block_1_3' title="bbox 1747 157 1799 184">
    <p class='ocr_par' dir='ltr' id='par_1_3' title="bbox 1747 157 1799 184">
     <span class='ocr_line' id='line_1_3' title="bbox 1747 157 1799 184; baseline 0 0"><span class='ocrx_word' id='word_1_5' title='bbox 1747 157 1799 184; x_wconf 73' lang='lat'><strong>366</strong></span> 
     </span>
    </p>
   </div>
   <div class='ocr_carea' id='block_1_4' title="bbox 187 213 1798 252">
    <p class='ocr_par' dir='ltr' id='par_1_4' title="bbox 187 213 1798 252">
     <span class='ocr_line' id='line_1_4' title="bbox 187 213 1798 252; baseline 0.001 -11"><span class='ocrx_word' id='word_1_6' title='bbox 187 215 244 248; x_wconf 91' lang='lat' dir='ltr'><strong>ipse</strong></span> <span class='ocrx_word' id='word_1_7' title='bbox 268 213 336 241; x_wconf 84' lang='lat' dir='ltr'><strong>Billii</strong></span> <span class='ocrx_word' id='word_1_8' title='bbox 354 221 434 241; x_wconf 92' lang='lat' dir='ltr'><strong>manu</strong></span> <span class='ocrx_word' id='word_1_9' title='bbox 457 214 630 246; x_wconf 86' lang='lat' dir='ltr'><strong>emendatus,</strong></span> <span class='ocrx_word' id='word_1_10' title='bbox 653 216 700 249; x_wconf 89' lang='lat' dir='ltr'><strong>qui</strong></span> <span class='ocrx_word' id='word_1_11' title='bbox 728 222 799 242; x_wconf 90' lang='lat' dir='ltr'><strong>nunc</strong></span> <span class='ocrx_word' id='word_1_12' title='bbox 820 220 862 242; x_wconf 91' lang='lat' dir='ltr'><strong>est</strong></span> <span class='ocrx_word' id='word_1_13' title='bbox 885 222 968 250; x_wconf 85' lang='lat' dir='ltr'><strong>penes</strong></span> <span class='ocrx_word' id='word_1_14' title='bbox 983 218 1005 245; x_wconf 70' lang='grc' dir='ltr'>Α</span> <span class='ocrx_word' id='word_1_15' title='bbox 1019 215 1137 249; x_wconf 79' lang='grc' dir='ltr'><strong>ανάγοις.</strong></span> <span class='ocrx_word' id='word_1_16' title='bbox 1155 215 1348 250; x_wconf 80' lang='lat' dir='ltr'><strong>Nonnunquam</strong></span> <span class='ocrx_word' id='word_1_17' title='bbox 1366 222 1440 246; x_wconf 81' lang='lat' dir='ltr'><strong>vero,</strong></span> <span class='ocrx_word' id='word_1_18' title='bbox 1454 215 1514 250; x_wconf 85' lang='lat' dir='ltr'><strong>quia</strong></span> <span class='ocrx_word' id='word_1_19' title='bbox 1523 215 1604 242; x_wconf 85' lang='lat' dir='ltr'><strong>multa</strong></span> <span class='ocrx_word' id='word_1_20' title='bbox 1619 216 1798 252; x_wconf 70' lang='lat' dir='ltr'><strong>exscripserat</strong></span> 
     </span>
    </p>
   </div>
   <div class='ocr_carea' id='block_1_5' title="bbox 183 260 966 290">
    <p class='ocr_par' dir='ltr' id='par_1_5' title="bbox 183 260 966 290">
     <span class='ocr_line' id='line_1_5' title="bbox 183 260 966 290; baseline -0.003 0"><span class='ocrx_word' id='word_1_21' title='bbox 183 261 363 290; x_wconf 89' lang='lat' dir='ltr'><strong>clarissimum</strong></span> <span class='ocrx_word' id='word_1_22' title='bbox 380 266 532 288; x_wconf 85' lang='lat' dir='ltr'><strong>senatorem</strong></span> <span class='ocrx_word' id='word_1_23' title='bbox 552 261 730 288; x_wconf 75' lang='lat' dir='ltr'><strong>Parisiensem</strong></span> <span class='ocrx_word' id='word_1_24' title='bbox 756 261 866 288; x_wconf 87' lang='lat' dir='ltr'><strong>Paulum</strong></span> <span class='ocrx_word' id='word_1_25' title='bbox 887 260 966 288; x_wconf 63' lang='lat' dir='ltr'><strong>Peta«</strong></span> 
     </span>
    </p>
   </div>
   <div class='ocr_carea' id='block_1_6' title="bbox 182 307 968 341">
    <p class='ocr_par' dir='ltr' id='par_1_6' title="bbox 182 307 968 341">
     <span class='ocr_line' id='line_1_6' title="bbox 182 307 968 341; baseline -0.001 -7"><span class='ocrx_word' id='word_1_26' title='bbox 182 307 277 336; x_wconf 80' lang='lat' dir='ltr'><strong>vium:</strong></span> <span class='ocrx_word' id='word_1_27' title='bbox 294 307 405 341; x_wconf 86' lang='lat' dir='ltr'><strong>perinde</strong></span> <span class='ocrx_word' id='word_1_28' title='bbox 423 315 455 334; x_wconf 87' lang='lat' dir='ltr'><strong>ac</strong></span> <span class='ocrx_word' id='word_1_29' title='bbox 479 308 500 334; x_wconf 88' lang='lat' dir='ltr'><strong>si</strong></span> <span class='ocrx_word' id='word_1_30' title='bbox 526 307 558 334; x_wconf 92' lang='lat' dir='ltr'><strong>de</strong></span> <span class='ocrx_word' id='word_1_31' title='bbox 583 308 669 334; x_wconf 81' lang='lat' dir='ltr'><strong>nostri</strong></span> <span class='ocrx_word' id='word_1_32' title='bbox 690 307 800 334; x_wconf 89' lang='lat' dir='ltr'><strong>alterius</strong></span> <span class='ocrx_word' id='word_1_33' title='bbox 826 307 888 334; x_wconf 90' lang='lat' dir='ltr'><strong>tomi</strong></span> <span class='ocrx_word' id='word_1_34' title='bbox 912 307 968 334; x_wconf 91' lang='lat' dir='ltr'><strong>edi-</strong></span> 
     </span>
    </p>
   </div>
   <div class='ocr_carea' id='block_1_7' title="bbox 184 344 968 388">
    <p class='ocr_par' dir='ltr' id='par_1_7' title="bbox 184 344 968 388">
     <span class='ocr_line' id='line_1_7' title="bbox 184 344 968 388; baseline -0.001 -8"><span class='ocrx_word' id='word_1_35' title='bbox 184 353 257 380; x_wconf 89' lang='lat' dir='ltr'><strong>tione</strong></span> <span class='ocrx_word' id='word_1_36' title='bbox 271 360 345 386; x_wconf 87' lang='lat' dir='ltr'><strong>spem</strong></span> <span class='ocrx_word' id='word_1_37' title='bbox 366 359 472 379; x_wconf 84' lang='lat' dir='ltr'><strong>omnem</strong></span> <span class='ocrx_word' id='word_1_38' title='bbox 489 344 754 388; x_wconf 36' lang='lat' dir='ltr'><strong>deposuissent,&#39;non</strong></span> <span class='ocrx_word' id='word_1_39' title='bbox 771 352 889 380; x_wconf 88' lang='lat' dir='ltr'><strong>tulerunt</strong></span> <span class='ocrx_word' id='word_1_40' title='bbox 912 357 968 379; x_wconf 85' lang='lat' dir='ltr'><strong>tan-</strong></span> 
     </span>
    </p>
   </div>
   <div class='ocr_carea' id='block_1_8' title="bbox 185 396 966 432">
    <p class='ocr_par' dir='ltr' id='par_1_8' title="bbox 185 396 966 432">
     <span class='ocr_line' id='line_1_8' title="bbox 185 396 966 432; baseline 0 -8"><span class='ocrx_word' id='word_1_41' title='bbox 185 403 239 425; x_wconf 83' lang='lat' dir='ltr'><strong>tam</strong></span> <span class='ocrx_word' id='word_1_42' title='bbox 253 398 448 424; x_wconf 78' lang='lat' dir='ltr'><strong>correctionem</strong></span> <span class='ocrx_word' id='word_1_43' title='bbox 464 403 580 432; x_wconf 75' lang='lat' dir='ltr'><strong>segetem</strong></span> <span class='ocrx_word' id='word_1_44' title='bbox 595 398 644 425; x_wconf 85' lang='lat' dir='ltr'><strong>sibi</strong></span> <span class='ocrx_word' id='word_1_45' title='bbox 657 396 846 425; x_wconf 80' lang='grc' dir='ltr'>δεινοπαθοῦσι</span> <span class='ocrx_word' id='word_1_46' title='bbox 863 398 966 432; x_wconf 81' lang='lat' dir='ltr'><strong>perire;</strong></span> 
     </span>
    </p>
   </div>
   <div class='ocr_carea' id='block_1_9' title="bbox 185 442 968 477">
    <p class='ocr_par' dir='ltr' id='par_1_9' title="bbox 185 442 968 477">
     <span class='ocr_line' id='line_1_9' title="bbox 185 442 968 477; baseline 0 -7"><span class='ocrx_word' id='word_1_47' title='bbox 185 444 262 477; x_wconf 82' lang='lat' dir='ltr'><strong>quasi</strong></span> <span class='ocrx_word' id='word_1_48' title='bbox 281 444 306 470; x_wconf 92' lang='lat' dir='ltr'><strong>in</strong></span> <span class='ocrx_word' id='word_1_49' title='bbox 325 443 358 470; x_wconf 87' lang='lat' dir='ltr'><strong>iis</strong></span> <span class='ocrx_word' id='word_1_50' title='bbox 378 442 493 471; x_wconf 63' lang='lat' dir='ltr'><strong>fortunae</strong></span> <span class='ocrx_word' id='word_1_51' title='bbox 511 444 622 471; x_wconf 68' lang='lat' dir='ltr'><strong>Graeciae</strong></span> <span class='ocrx_word' id='word_1_52' title='bbox 637 444 824 471; x_wconf 86' lang='lat' dir='ltr'><strong>consisterent.</strong></span> <span class='ocrx_word' id='word_1_53' title='bbox 842 442 968 471; x_wconf 80' lang='lat' dir='ltr'><strong>Inventus</strong></span> 
     </span>
    </p>
   </div>
   <div class='ocr_carea' id='block_1_10' title="bbox 187 487 966 524">
    <p class='ocr_par' dir='ltr' id='par_1_10' title="bbox 187 487 966 524">
     <span class='ocr_line' id='line_1_10' title="bbox 187 487 966 524; baseline 0.001 -10"><span class='ocrx_word' id='word_1_54' title='bbox 187 489 290 515; x_wconf 77' lang='lat' dir='ltr'><strong>tandem</strong></span> <span class='ocrx_word' id='word_1_55' title='bbox 305 492 346 515; x_wconf 91' lang='lat' dir='ltr'><strong>est</strong></span> <span class='ocrx_word' id='word_1_56' title='bbox 363 488 450 520; x_wconf 78' lang='grc' dir='ltr'>κοινὸς</span> <span class='ocrx_word' id='word_1_57' title='bbox 467 488 582 524; x_wconf 78' lang='grc' dir='ltr'><strong>Ἑρμῆς,</strong></span> <span class='ocrx_word' id='word_1_58' title='bbox 606 488 756 515; x_wconf 76' lang='lat' dir='ltr'><strong>Richardus</strong></span> <span class='ocrx_word' id='word_1_59' title='bbox 777 487 966 519; x_wconf 79' lang='lat' dir='ltr'><strong>Ilontacutius,</strong></span> 
     </span>
    </p>
   </div>
   <div class='ocr_carea' id='block_1_11' title="bbox 184 533 967 569">
    <p class='ocr_par' dir='ltr' id='par_1_11' title="bbox 184 533 967 569">
     <span class='ocr_line' id='line_1_11' title="bbox 184 533 967 569; baseline -0.003 -8"><span class='ocrx_word' id='word_1_60' title='bbox 184 535 229 568; x_wconf 89' lang='lat' dir='ltr'><strong>qui</strong></span> <span class='ocrx_word' id='word_1_61' title='bbox 247 542 324 561; x_wconf 85' lang='lat' dir='ltr'><strong>suum</strong></span> <span class='ocrx_word' id='word_1_62' title='bbox 346 534 398 562; x_wconf 84' lang='lat' dir='ltr'><strong>illis</strong></span> <span class='ocrx_word' id='word_1_63' title='bbox 417 535 573 569; x_wconf 81' lang='lat' dir='ltr'><strong>obsequium</strong></span> <span class='ocrx_word' id='word_1_64' title='bbox 592 534 718 566; x_wconf 81' lang='lat' dir='ltr'><strong>deferret,</strong></span> <span class='ocrx_word' id='word_1_65' title='bbox 738 538 765 560; x_wconf 91' lang='lat' dir='ltr'><strong>et</strong></span> <span class='ocrx_word' id='word_1_66' title='bbox 780 533 924 561; x_wconf 81' lang='lat' dir='ltr'><strong>laureolam</strong></span> <span class='ocrx_word' id='word_1_67' title='bbox 941 534 967 560; x_wconf 93' lang='lat' dir='ltr'><strong>in</strong></span> 
     </span>
    </p>
   </div>
   <div class='ocr_carea' id='block_1_12' title="bbox 185 579 968 613">
    <p class='ocr_par' dir='ltr' id='par_1_12' title="bbox 185 579 968 613">
     <span class='ocr_line' id='line_1_12' title="bbox 185 579 968 613; baseline 0 -7"><span class='ocrx_word' id='word_1_68' title='bbox 185 584 324 606; x_wconf 86' lang='lat' dir='ltr'><strong>mustaceo</strong></span> <span class='ocrx_word' id='word_1_69' title='bbox 343 586 467 612; x_wconf 64' lang='lat' dir='ltr'><strong>quarrens</strong></span> <span class='ocrx_word' id='word_1_70' title='bbox 486 579 606 606; x_wconf 86' lang='lat' dir='ltr'><strong>dicteriis</strong></span> <span class='ocrx_word' id='word_1_71' title='bbox 628 587 659 606; x_wconf 88' lang='lat' dir='ltr'><strong>ac</strong></span> <span class='ocrx_word' id='word_1_72' title='bbox 676 579 769 613; x_wconf 85' lang='lat' dir='ltr'><strong>lepidis</strong></span> <span class='ocrx_word' id='word_1_73' title='bbox 793 579 892 606; x_wconf 89' lang='lat' dir='ltr'><strong>salibus</strong></span> <span class='ocrx_word' id='word_1_74' title='bbox 911 579 968 606; x_wconf 89' lang='lat' dir='ltr'><strong>illo-</strong></span> 
     </span>
    </p>
   </div>
   <div class='ocr_carea' id='block_1_13' title="bbox 186 624 968 665">
    <p class='ocr_par' dir='ltr' id='par_1_13' title="bbox 186 624 968 665">
     <span class='ocr_line' id='line_1_13' title="bbox 186 624 968 665; baseline -0.003 -13"><span class='ocrx_word' id='word_1_75' title='bbox 186 633 246 652; x_wconf 91' lang='lat' dir='ltr'><strong>rum</strong></span> <span class='ocrx_word' id='word_1_76' title='bbox 264 625 464 652; x_wconf 79' lang='lat' dir='ltr'><strong>observationes</strong></span> <span class='ocrx_word' id='word_1_77' title='bbox 487 625 618 658; x_wconf 85' lang='lat' dir='ltr'><strong>condiret,</strong></span> <span class='ocrx_word' id='word_1_78' title='bbox 645 624 742 665; x_wconf 73' lang='lat' dir='ltr'><strong>qujbus</strong></span> <span class='ocrx_word' id='word_1_79' title='bbox 759 624 902 652; x_wconf 88' lang='lat' dir='ltr'><strong>editionem</strong></span> <span class='ocrx_word' id='word_1_80' title='bbox 922 624 968 650; x_wconf 82' lang='lat' dir='ltr'><strong>Pa-</strong></span> 
     </span>
    </p>
   </div>
   <div class='ocr_carea' id='block_1_14' title="bbox 187 670 969 706">
    <p class='ocr_par' dir='ltr' id='par_1_14' title="bbox 187 670 969 706">
     <span class='ocr_line' id='line_1_14' title="bbox 187 670 969 706; baseline -0.003 -8"><span class='ocrx_word' id='word_1_81' title='bbox 187 670 327 698; x_wconf 87' lang='lat' dir='ltr'><strong>risiensem</strong></span> <span class='ocrx_word' id='word_1_82' title='bbox 348 671 519 706; x_wconf 81' lang='lat' dir='ltr'><strong>exagitaret:</strong></span> <span class='ocrx_word' id='word_1_83' title='bbox 537 677 569 698; x_wconf 89' lang='lat' dir='ltr'><strong>ac</strong></span> <span class='ocrx_word' id='word_1_84' title='bbox 591 670 712 705; x_wconf 85' lang='lat' dir='ltr'><strong>pauculis</strong></span> <span class='ocrx_word' id='word_1_85' title='bbox 733 670 870 698; x_wconf 90' lang='lat' dir='ltr'><strong>mensibus</strong></span> <span class='ocrx_word' id='word_1_86' title='bbox 892 675 969 697; x_wconf 89' lang='lat' dir='ltr'><strong>notas</strong></span> 
     </span>
    </p>
   </div>
   <div class='ocr_carea' id='block_1_15' title="bbox 186 715 969 743">
    <p class='ocr_par' dir='ltr' id='par_1_15' title="bbox 186 715 969 743">
     <span class='ocr_line' id='line_1_15' title="bbox 186 715 969 743; baseline -0.001 0"><span class='ocrx_word' id='word_1_87' title='bbox 186 721 292 743; x_wconf 81' lang='lat' dir='ltr'><strong>nostras</strong></span> <span class='ocrx_word' id='word_1_88' title='bbox 304 716 457 743; x_wconf 83' lang='lat' dir='ltr'><strong>antevertit.</strong></span> <span class='ocrx_word' id='word_1_89' title='bbox 469 715 566 743; x_wconf 88' lang='lat' dir='ltr'><strong>Verum</strong></span> <span class='ocrx_word' id='word_1_90' title='bbox 578 716 676 743; x_wconf 87' lang='lat' dir='ltr'><strong>accidit</strong></span> <span class='ocrx_word' id='word_1_91' title='bbox 687 721 715 743; x_wconf 94' lang='lat' dir='ltr'><strong>ut</strong></span> <span class='ocrx_word' id='word_1_92' title='bbox 726 716 787 742; x_wconf 91' lang='lat' dir='ltr'><strong>dum</strong></span> <span class='ocrx_word' id='word_1_93' title='bbox 801 715 880 743; x_wconf 89' lang='lat' dir='ltr'><strong>nimis</strong></span> <span class='ocrx_word' id='word_1_94' title='bbox 892 716 969 742; x_wconf 75' lang='grc' dir='ltr'>σοϐα-</span> 
     </span>
    </p>
   </div>
   <div class='ocr_carea' id='block_1_16' title="bbox 188 760 967 796">
    <p class='ocr_par' dir='ltr' id='par_1_16' title="bbox 188 760 967 796">
     <span class='ocr_line' id='line_1_16' title="bbox 188 760 967 796; baseline 0.001 -9"><span class='ocrx_word' id='word_1_95' title='bbox 188 761 252 796; x_wconf 83' lang='grc' dir='ltr'>ρῶς,</span> <span class='ocrx_word' id='word_1_96' title='bbox 275 761 427 796; x_wconf 74' lang='grc' dir='ltr'><strong>προπετῶς,</strong></span> <span class='ocrx_word' id='word_1_97' title='bbox 447 765 474 788; x_wconf 89' lang='lat' dir='ltr'><strong>et</strong></span> <span class='ocrx_word' id='word_1_98' title='bbox 491 761 617 788; x_wconf 86' lang='lat' dir='ltr'><strong>iracunde</strong></span> <span class='ocrx_word' id='word_1_99' title='bbox 639 760 665 787; x_wconf 92' lang='lat' dir='ltr'><strong>in</strong></span> <span class='ocrx_word' id='word_1_100' title='bbox 691 768 739 788; x_wconf 90' lang='lat' dir='ltr'><strong>nos</strong></span> <span class='ocrx_word' id='word_1_101' title='bbox 758 761 854 794; x_wconf 79' lang='lat' dir='ltr'><strong>fertur,</strong></span> <span class='ocrx_word' id='word_1_102' title='bbox 879 761 967 788; x_wconf 85' lang='lat' dir='ltr'><strong>homi-</strong></span> 
     </span>
    </p>
   </div>
   <div class='ocr_carea' id='block_1_17' title="bbox 187 806 966 840">
    <p class='ocr_par' dir='ltr' id='par_1_17' title="bbox 187 806 966 840">
     <span class='ocr_line' id='line_1_17' title="bbox 187 806 966 840; baseline 0 -8"><span class='ocrx_word' id='word_1_103' title='bbox 187 814 247 833; x_wconf 84' lang='lat' dir='ltr'><strong>nem</strong></span> <span class='ocrx_word' id='word_1_104' title='bbox 263 814 367 840; x_wconf 86' lang='lat' dir='ltr'><strong>quoque</strong></span> <span class='ocrx_word' id='word_1_105' title='bbox 388 814 417 833; x_wconf 89' lang='lat' dir='ltr'><strong>se</strong></span> <span class='ocrx_word' id='word_1_106' title='bbox 435 806 518 833; x_wconf 84' lang='lat' dir='ltr'><strong>luisse</strong></span> <span class='ocrx_word' id='word_1_107' title='bbox 548 807 683 840; x_wconf 85' lang='lat' dir='ltr'><strong>proderet,</strong></span> <span class='ocrx_word' id='word_1_108' title='bbox 697 811 725 832; x_wconf 90' lang='lat' dir='ltr'><strong>ut</strong></span> <span class='ocrx_word' id='word_1_109' title='bbox 746 813 837 833; x_wconf 88' lang='lat' dir='ltr'><strong>errare</strong></span> <span class='ocrx_word' id='word_1_110' title='bbox 859 811 966 840; x_wconf 76' lang='lat' dir='ltr'><strong>posset;</strong></span> 
     </span>
    </p>
   </div>
   <div class='ocr_carea' id='block_1_18' title="bbox 187 852 968 887">
    <p class='ocr_par' dir='ltr' id='par_1_18' title="bbox 187 852 968 887">
     <span class='ocr_line' id='line_1_18' title="bbox 187 852 968 887; baseline 0.001 -9"><span class='ocrx_word' id='word_1_111' title='bbox 187 853 307 886; x_wconf 75' lang='lat' dir='ltr'><strong>adeoque</strong></span> <span class='ocrx_word' id='word_1_112' title='bbox 328 860 400 880; x_wconf 67' lang='lat' dir='ltr'><strong>caeco</strong></span> <span class='ocrx_word' id='word_1_113' title='bbox 421 860 539 886; x_wconf 83' lang='lat' dir='ltr'><strong>praeceps</strong></span> <span class='ocrx_word' id='word_1_114' title='bbox 562 853 662 887; x_wconf 87' lang='lat' dir='ltr'><strong>impetu</strong></span> <span class='ocrx_word' id='word_1_115' title='bbox 678 858 784 885; x_wconf 80' lang='lat' dir='ltr'><strong>rueret,</strong></span> <span class='ocrx_word' id='word_1_116' title='bbox 808 857 837 879; x_wconf 91' lang='lat' dir='ltr'><strong>ut</strong></span> <span class='ocrx_word' id='word_1_117' title='bbox 859 853 884 879; x_wconf 93' lang='lat' dir='ltr'><strong>in</strong></span> <span class='ocrx_word' id='word_1_118' title='bbox 910 852 968 879; x_wconf 89' lang='lat' dir='ltr'><strong>illos</strong></span> 
     </span>
    </p>
   </div>
   <div class='ocr_carea' id='block_1_19' title="bbox 188 898 967 932">
    <p class='ocr_par' dir='ltr' id='par_1_19' title="bbox 188 898 967 932">
     <span class='ocr_line' id='line_1_19' title="bbox 188 898 967 932; baseline -0.001 -7"><span class='ocrx_word' id='word_1_119' title='bbox 188 899 261 932; x_wconf 80' lang='lat' dir='ltr'><strong>ipsos</strong></span> <span class='ocrx_word' id='word_1_120' title='bbox 290 906 357 932; x_wconf 91' lang='lat' dir='ltr'><strong>quos</strong></span> <span class='ocrx_word' id='word_1_121' title='bbox 385 898 463 925; x_wconf 88' lang='lat' dir='ltr'><strong>nobis</strong></span> <span class='ocrx_word' id='word_1_122' title='bbox 492 898 636 932; x_wconf 83' lang='lat' dir='ltr'><strong>objiciebat</strong></span> <span class='ocrx_word' id='word_1_123' title='bbox 670 905 776 925; x_wconf 88' lang='lat' dir='ltr'><strong>err0res</strong></span> <span class='ocrx_word' id='word_1_124' title='bbox 808 898 967 925; x_wconf 80' lang='lat' dir='ltr'><strong>incurreret.</strong></span> 
     </span>
    </p>
   </div>
   <div class='ocr_carea' id='block_1_20' title="bbox 187 943 966 979">
    <p class='ocr_par' dir='ltr' id='par_1_20' title="bbox 187 943 966 979">
     <span class='ocr_line' id='line_1_20' title="bbox 187 943 966 979; baseline 0 -9"><span class='ocrx_word' id='word_1_125' title='bbox 187 944 308 978; x_wconf 74' lang='lat' dir='ltr'><strong>EXempli</strong></span> <span class='ocrx_word' id='word_1_126' title='bbox 323 944 408 979; x_wconf 82' lang='lat' dir='ltr'><strong>gratia</strong></span> <span class='ocrx_word' id='word_1_127' title='bbox 420 953 427 971; x_wconf 94' lang='lat'>:</span> <span class='ocrx_word' id='word_1_128' title='bbox 439 944 576 972; x_wconf 79' lang='lat' dir='ltr'><strong>exciderat</strong></span> <span class='ocrx_word' id='word_1_129' title='bbox 589 943 676 978; x_wconf 85' lang='lat' dir='ltr'><strong>operis</strong></span> <span class='ocrx_word' id='word_1_130' title='bbox 692 943 792 970; x_wconf 90' lang='lat' dir='ltr'><strong>nostris</strong></span> <span class='ocrx_word' id='word_1_131' title='bbox 806 950 883 970; x_wconf 89' lang='lat' dir='ltr'><strong>error</strong></span> <span class='ocrx_word' id='word_1_132' title='bbox 905 951 966 978; x_wconf 87' lang='lat' dir='ltr'><strong>pag.</strong></span> 
     </span>
    </p>
   </div>
   <div class='ocr_carea' id='block_1_21' title="bbox 187 985 969 1023">
    <p class='ocr_par' dir='ltr' id='par_1_21' title="bbox 187 985 969 1023">
     <span class='ocr_line' id='line_1_21' title="bbox 187 985 969 1023; baseline -0.004 -8"><span class='ocrx_word' id='word_1_133' title='bbox 187 989 251 1022; x_wconf 65' lang='lat'><strong>5&amp;9,</strong></span> <span class='ocrx_word' id='word_1_134' title='bbox 266 986 288 1015; x_wconf 84' lang='grc' dir='ltr'>ὦ</span> <span class='ocrx_word' id='word_1_135' title='bbox 303 985 391 1020; x_wconf 73' lang='grc' dir='ltr'>οὗτος,</span> <span class='ocrx_word' id='word_1_136' title='bbox 405 988 499 1023; x_wconf 89' lang='lat' dir='ltr'><strong>spiritu</strong></span> <span class='ocrx_word' id='word_1_137' title='bbox 515 988 596 1015; x_wconf 90' lang='lat' dir='ltr'><strong>denso</strong></span> <span class='ocrx_word' id='word_1_138' title='bbox 613 987 739 1014; x_wconf 88' lang='lat' dir='ltr'><strong>nimirum</strong></span> <span class='ocrx_word' id='word_1_139' title='bbox 755 994 802 1021; x_wconf 89' lang='lat' dir='ltr'><strong>pro</strong></span> <span class='ocrx_word' id='word_1_140' title='bbox 817 986 868 1013; x_wconf 88' lang='lat' dir='ltr'><strong>leni</strong></span> <span class='ocrx_word' id='word_1_141' title='bbox 882 995 888 1013; x_wconf 75' lang='grc' dir='ltr'>ι</span> <span class='ocrx_word' id='word_1_142' title='bbox 906 994 969 1021; x_wconf 77' lang='lat' dir='ltr'><strong>ergo</strong></span> 
     </span>
    </p>
   </div>
   <div class='ocr_carea' id='block_1_22' title="bbox 187 1032 967 1069">
    <p class='ocr_par' dir='ltr' id='par_1_22' title="bbox 187 1032 967 1069">
     <span class='ocr_line' id='line_1_22' title="bbox 187 1032 967 1069; baseline -0.004 -9"><span class='ocrx_word' id='word_1_143' title='bbox 187 1035 328 1069; x_wconf 81' lang='lat' dir='ltr'><strong>legendum</strong></span> <span class='ocrx_word' id='word_1_144' title='bbox 348 1039 438 1061; x_wconf 88' lang='lat' dir='ltr'><strong>monet</strong></span> <span class='ocrx_word' id='word_1_145' title='bbox 459 1033 638 1060; x_wconf 84' lang='lat' dir='ltr'><strong>Montacutius</strong></span> <span class='ocrx_word' id='word_1_146' title='bbox 655 1033 748 1059; x_wconf 86' lang='lat' dir='ltr'><strong>eodem</strong></span> <span class='ocrx_word' id='word_1_147' title='bbox 774 1033 852 1066; x_wconf 81' lang='lat' dir='ltr'><strong>plane</strong></span> <span class='ocrx_word' id='word_1_148' title='bbox 878 1032 967 1063; x_wconf 86' lang='lat' dir='ltr'><strong>modo,</strong></span> 
     </span>
    </p>
   </div>
   <div class='ocr_carea' id='block_1_23' title="bbox 187 1077 969 1112">
    <p class='ocr_par' dir='ltr' id='par_1_23' title="bbox 187 1077 969 1112">
     <span class='ocr_line' id='line_1_23' title="bbox 187 1077 969 1112; baseline -0.005 -5"><span class='ocrx_word' id='word_1_149' title='bbox 187 1088 240 1107; x_wconf 87' lang='lat' dir='ltr'><strong>non</strong></span> <span class='ocrx_word' id='word_1_150' title='bbox 257 1077 279 1106; x_wconf 81' lang='grc' dir='ltr'><strong>ὦ</strong></span> <span class='ocrx_word' id='word_1_151' title='bbox 297 1077 383 1111; x_wconf 72' lang='grc' dir='ltr'>οὗτος,</span> <span class='ocrx_word' id='word_1_152' title='bbox 407 1085 435 1106; x_wconf 83' lang='grc' dir='ltr'>ιιι</span> <span class='ocrx_word' id='word_1_153' title='bbox 460 1079 527 1106; x_wconf 81' lang='lat' dir='ltr'><strong>ratio</strong></span> <span class='ocrx_word' id='word_1_154' title='bbox 556 1083 627 1105; x_wconf 87' lang='lat' dir='ltr'><strong>recta</strong></span> <span class='ocrx_word' id='word_1_155' title='bbox 649 1078 786 1112; x_wconf 91' lang='lat' dir='ltr'><strong>postulat:</strong></span> <span class='ocrx_word' id='word_1_156' title='bbox 802 1077 901 1112; x_wconf 76' lang='lat' dir='ltr'><strong>p.550,</strong></span> <span class='ocrx_word' id='word_1_157' title='bbox 926 1077 969 1103; x_wconf 78' lang='grc' dir='ltr'><strong>αἴ-</strong></span> 
     </span>
    </p>
   </div>
   <div class='ocr_carea' id='block_1_24' title="bbox 188 1123 970 1162">
    <p class='ocr_par' dir='ltr' id='par_1_24' title="bbox 188 1123 970 1162">
     <span class='ocr_line' id='line_1_24' title="bbox 188 1123 970 1162; baseline -0.004 -10"><span class='ocrx_word' id='word_1_158' title='bbox 188 1134 299 1162; x_wconf 84' lang='grc' dir='ltr'><strong>ροντες,</strong></span> <span class='ocrx_word' id='word_1_159' title='bbox 329 1133 388 1152; x_wconf 92' lang='lat' dir='ltr'><strong>cum</strong></span> <span class='ocrx_word' id='word_1_160' title='bbox 421 1124 515 1159; x_wconf 82' lang='lat' dir='ltr'><strong>spiritu</strong></span> <span class='ocrx_word' id='word_1_161' title='bbox 543 1125 607 1152; x_wconf 81' lang='lat' dir='ltr'><strong>item</strong></span> <span class='ocrx_word' id='word_1_162' title='bbox 641 1131 745 1158; x_wconf 83' lang='lat' dir='ltr'><strong>aspero.</strong></span> <span class='ocrx_word' id='word_1_163' title='bbox 782 1123 970 1156; x_wconf 69' lang='lat' dir='ltr'><strong>Smpenumero</strong></span> 
     </span>
    </p>
   </div>
   <div class='ocr_carea' id='block_1_25' title="bbox 187 1167 970 1198">
    <p class='ocr_par' dir='ltr' id='par_1_25' title="bbox 187 1167 970 1198">
     <span class='ocr_line' id='line_1_25' title="bbox 187 1167 970 1198; baseline -0.006 0"><span class='ocrx_word' id='word_1_164' title='bbox 187 1171 268 1198; x_wconf 89' lang='lat' dir='ltr'><strong>etiam</strong></span> <span class='ocrx_word' id='word_1_165' title='bbox 285 1175 390 1197; x_wconf 89' lang='lat' dir='ltr'><strong>veteres</strong></span> <span class='ocrx_word' id='word_1_166' title='bbox 417 1176 525 1197; x_wconf 89' lang='lat' dir='ltr'><strong>errores</strong></span> <span class='ocrx_word' id='word_1_167' title='bbox 549 1168 652 1195; x_wconf 72' lang='lat' dir='ltr'><strong>Aldinae</strong></span> <span class='ocrx_word' id='word_1_168' title='bbox 676 1172 722 1194; x_wconf 85' lang='lat' dir='ltr'><strong>aut</strong></span> <span class='ocrx_word' id='word_1_169' title='bbox 747 1167 901 1194; x_wconf 85' lang='lat' dir='ltr'><strong>Basiliensis</strong></span> <span class='ocrx_word' id='word_1_170' title='bbox 916 1167 970 1194; x_wconf 86' lang='lat' dir='ltr'><strong>edi-</strong></span> 
     </span>
    </p>
   </div>
   <div class='ocr_carea' id='block_1_26' title="bbox 188 1213 970 1250">
    <p class='ocr_par' dir='ltr' id='par_1_26' title="bbox 188 1213 970 1250">
     <span class='ocr_line' id='line_1_26' title="bbox 188 1213 970 1250; baseline -0.004 -7"><span class='ocrx_word' id='word_1_171' title='bbox 188 1217 295 1243; x_wconf 81' lang='lat' dir='ltr'><strong>tionisa</strong></span> <span class='ocrx_word' id='word_1_172' title='bbox 316 1216 394 1243; x_wconf 91' lang='lat' dir='ltr'><strong>Billio</strong></span> <span class='ocrx_word' id='word_1_173' title='bbox 412 1215 605 1250; x_wconf 67' lang='lat' dir='ltr'><strong>praetermissos</strong></span> <span class='ocrx_word' id='word_1_174' title='bbox 629 1214 704 1241; x_wconf 90' lang='lat' dir='ltr'><strong>novis</strong></span> <span class='ocrx_word' id='word_1_175' title='bbox 724 1213 861 1241; x_wconf 86' lang='lat' dir='ltr'><strong>erroribus</strong></span> <span class='ocrx_word' id='word_1_176' title='bbox 887 1214 970 1240; x_wconf 89' lang='lat' dir='ltr'><strong>corri-</strong></span> 
     </span>
    </p>
   </div>
   <div class='ocr_carea' id='block_1_27' title="bbox 189 1260 971 1296">
    <p class='ocr_par' dir='ltr' id='par_1_27' title="bbox 189 1260 971 1296">
     <span class='ocr_line' id='line_1_27' title="bbox 189 1260 971 1296; baseline -0.005 -6"><span class='ocrx_word' id='word_1_177' title='bbox 189 1263 243 1296; x_wconf 72' lang='lat' dir='ltr'><strong>git;</strong></span> <span class='ocrx_word' id='word_1_178' title='bbox 261 1267 289 1289; x_wconf 89' lang='lat' dir='ltr'><strong>ut</strong></span> <span class='ocrx_word' id='word_1_179' title='bbox 306 1270 366 1290; x_wconf 90' lang='lat' dir='ltr'><strong>cum</strong></span> <span class='ocrx_word' id='word_1_180' title='bbox 387 1269 446 1296; x_wconf 82' lang='lat' dir='ltr'><strong>pag.</strong></span> <span class='ocrx_word' id='word_1_181' title='bbox 460 1261 522 1293; x_wconf 61' lang='grc' dir='ltr'><strong>ΜΞ,</strong></span> <span class='ocrx_word' id='word_1_182' title='bbox 544 1260 636 1292; x_wconf 73' lang='grc' dir='ltr'>ἔθνους</span> <span class='ocrx_word' id='word_1_183' title='bbox 651 1268 680 1286; x_wconf 84' lang='grc' dir='ltr'><strong>τε</strong></span> <span class='ocrx_word' id='word_1_184' title='bbox 699 1260 821 1295; x_wconf 79' lang='grc' dir='ltr'><strong>πλήρεις,</strong></span> <span class='ocrx_word' id='word_1_185' title='bbox 838 1261 971 1292; x_wconf 85' lang='lat' dir='ltr'><strong>emendat,</strong></span> 
     </span>
    </p>
   </div>
   <div class='ocr_carea' id='block_1_28' title="bbox 188 1307 971 1343">
    <p class='ocr_par' dir='ltr' id='par_1_28' title="bbox 188 1307 971 1343">
     <span class='ocr_line' id='line_1_28' title="bbox 188 1307 971 1343; baseline 0.001 -9"><span class='ocrx_word' id='word_1_186' title='bbox 188 1308 281 1340; x_wconf 77' lang='grc' dir='ltr'>ἔθνους</span> <span class='ocrx_word' id='word_1_187' title='bbox 315 1317 344 1335; x_wconf 81' lang='grc' dir='ltr'>τε</span> <span class='ocrx_word' id='word_1_188' title='bbox 367 1308 490 1343; x_wconf 80' lang='grc' dir='ltr'>πλήρης·</span> <span class='ocrx_word' id='word_1_189' title='bbox 516 1307 593 1342; x_wconf 89' lang='lat' dir='ltr'><strong>quasi</strong></span> <span class='ocrx_word' id='word_1_190' title='bbox 615 1307 731 1343; x_wconf 78' lang='grc' dir='ltr'><strong>πλήρης,</strong></span> <span class='ocrx_word' id='word_1_191' title='bbox 754 1315 814 1334; x_wconf 88' lang='lat' dir='ltr'><strong>cum</strong></span> <span class='ocrx_word' id='word_1_192' title='bbox 832 1314 895 1334; x_wconf 86' lang='lat' dir='ltr'><strong>voce</strong></span> <span class='ocrx_word' id='word_1_193' title='bbox 915 1314 971 1341; x_wconf 88' lang='lat' dir='ltr'><strong>seq.</strong></span> 
     </span>
    </p>
   </div>
   <div class='ocr_carea' id='block_1_29' title="bbox 187 1350 975 1387">
    <p class='ocr_par' dir='ltr' id='par_1_29' title="bbox 187 1350 975 1387">
     <span class='ocr_line' id='line_1_29' title="bbox 187 1350 975 1387; baseline 0 -9"><span class='ocrx_word' id='word_1_194' title='bbox 187 1353 304 1387; x_wconf 75' lang='grc' dir='ltr'><strong>λέϐητας</strong></span> <span class='ocrx_word' id='word_1_195' title='bbox 327 1352 416 1386; x_wconf 80' lang='lat' dir='ltr'><strong>possit</strong></span> <span class='ocrx_word' id='word_1_196' title='bbox 433 1358 589 1386; x_wconf 80' lang='lat' dir='ltr'><strong>congruere.</strong></span> <span class='ocrx_word' id='word_1_197' title='bbox 606 1350 668 1386; x_wconf 83' lang='lat' dir='ltr'><strong>Pag.</strong></span> <span class='ocrx_word' id='word_1_198' title='bbox 681 1350 742 1384; x_wconf 82' lang='lat'><strong>570,</strong></span> <span class='ocrx_word' id='word_1_199' title='bbox 763 1351 893 1385; x_wconf 81' lang='grc' dir='ltr'><strong>λογισθέν,</strong></span> <span class='ocrx_word' id='word_1_200' title='bbox 911 1351 975 1386; x_wconf 78' lang='lat' dir='ltr'><strong>legit</strong></span> 
     </span>
    </p>
   </div>
   <div class='ocr_carea' id='block_1_30' title="bbox 188 1397 973 1434">
    <p class='ocr_par' dir='ltr' id='par_1_30' title="bbox 188 1397 973 1434">
     <span class='ocr_line' id='line_1_30' title="bbox 188 1397 973 1434; baseline -0.003 -9"><span class='ocrx_word' id='word_1_201' title='bbox 188 1405 238 1433; x_wconf 87' lang='lat' dir='ltr'><strong>pro</strong></span> <span class='ocrx_word' id='word_1_202' title='bbox 254 1398 383 1434; x_wconf 79' lang='grc' dir='ltr'><strong>ζηλωοέν.</strong></span> <span class='ocrx_word' id='word_1_203' title='bbox 400 1398 465 1433; x_wconf 86' lang='lat' dir='ltr'><strong>Pag.</strong></span> <span class='ocrx_word' id='word_1_204' title='bbox 490 1397 551 1430; x_wconf 78' lang='grc'><strong>554,</strong></span> <span class='ocrx_word' id='word_1_205' title='bbox 568 1398 744 1433; x_wconf 80' lang='grc' dir='ltr'>νικήσαντος,</span> <span class='ocrx_word' id='word_1_206' title='bbox 769 1398 881 1432; x_wconf 82' lang='lat' dir='ltr'><strong>corrigit</strong></span> <span class='ocrx_word' id='word_1_207' title='bbox 902 1399 973 1432; x_wconf 90' lang='grc' dir='ltr'>κινή-</span> 
     </span>
    </p>
   </div>
   <div class='ocr_carea' id='block_1_31' title="bbox 189 1443 972 1479">
    <p class='ocr_par' dir='ltr' id='par_1_31' title="bbox 189 1443 972 1479">
     <span class='ocr_line' id='line_1_31' title="bbox 189 1443 972 1479; baseline 0 -9"><span class='ocrx_word' id='word_1_208' title='bbox 189 1452 294 1475; x_wconf 78' lang='grc' dir='ltr'><strong>σαντες,</strong></span> <span class='ocrx_word' id='word_1_209' title='bbox 311 1451 358 1478; x_wconf 90' lang='lat' dir='ltr'><strong>pro</strong></span> <span class='ocrx_word' id='word_1_210' title='bbox 370 1443 544 1479; x_wconf 75' lang='grc' dir='ltr'><strong>κινήσαντος,</strong></span> <span class='ocrx_word' id='word_1_211' title='bbox 566 1447 646 1478; x_wconf 86' lang='lat' dir='ltr'><strong>atque</strong></span> <span class='ocrx_word' id='word_1_212' title='bbox 665 1443 858 1470; x_wconf 80' lang='lat' dir='ltr'><strong>absurditatem</strong></span> <span class='ocrx_word' id='word_1_213' title='bbox 873 1450 972 1470; x_wconf 85' lang='lat' dir='ltr'><strong>sanare</strong></span> 
     </span>
    </p>
   </div>
   <div class='ocr_carea' id='block_1_32' title="bbox 189 1486 973 1524">
    <p class='ocr_par' dir='ltr' id='par_1_32' title="bbox 189 1486 973 1524">
     <span class='ocr_line' id='line_1_32' title="bbox 189 1486 973 1524; baseline -0.003 -8"><span class='ocrx_word' id='word_1_214' title='bbox 189 1490 244 1516; x_wconf 90' lang='lat' dir='ltr'><strong>vult</strong></span> <span class='ocrx_word' id='word_1_215' title='bbox 267 1489 440 1516; x_wconf 85' lang='lat' dir='ltr'><strong>absurditate.</strong></span> <span class='ocrx_word' id='word_1_216' title='bbox 457 1489 520 1524; x_wconf 83' lang='lat' dir='ltr'><strong>Pag.</strong></span> <span class='ocrx_word' id='word_1_217' title='bbox 535 1489 597 1521; x_wconf 78' lang='lat'><strong>379,</strong></span> <span class='ocrx_word' id='word_1_218' title='bbox 613 1489 650 1520; x_wconf 82' lang='grc' dir='ltr'>ὡς</span> <span class='ocrx_word' id='word_1_219' title='bbox 669 1486 715 1516; x_wconf 74' lang='grc' dir='ltr'>οὖν</span> <span class='ocrx_word' id='word_1_220' title='bbox 729 1488 833 1524; x_wconf 80' lang='grc' dir='ltr'><strong>νεκρῶν</strong></span> <span class='ocrx_word' id='word_1_221' title='bbox 844 1510 850 1521; x_wconf 85' lang='grc'>,</span> <span class='ocrx_word' id='word_1_222' title='bbox 867 1496 917 1524; x_wconf 93' lang='lat' dir='ltr'><strong>pro</strong></span> <span class='ocrx_word' id='word_1_223' title='bbox 935 1488 973 1520; x_wconf 86' lang='grc' dir='ltr'>ὠς</span> 
     </span>
    </p>
   </div>
   <div class='ocr_carea' id='block_1_33' title="bbox 189 1535 971 1570">
    <p class='ocr_par' dir='ltr' id='par_1_33' title="bbox 189 1535 971 1570">
     <span class='ocr_line' id='line_1_33' title="bbox 189 1535 971 1570; baseline -0.003 -8"><span class='ocrx_word' id='word_1_224' title='bbox 189 1536 235 1562; x_wconf 65' lang='grc' dir='ltr'><strong>οὑ-</strong></span> <span class='ocrx_word' id='word_1_225' title='bbox 254 1543 314 1570; x_wconf 76' lang='lat' dir='ltr'><strong>pag.</strong></span> <span class='ocrx_word' id='word_1_226' title='bbox 334 1535 395 1567; x_wconf 67' lang='grc'><strong>546,</strong></span> <span class='ocrx_word' id='word_1_227' title='bbox 420 1535 471 1570; x_wconf 84' lang='lat' dir='ltr'><strong>legi</strong></span> <span class='ocrx_word' id='word_1_228' title='bbox 488 1535 544 1562; x_wconf 85' lang='lat' dir='ltr'><strong>vult</strong></span> <span class='ocrx_word' id='word_1_229' title='bbox 561 1535 601 1570; x_wconf 82' lang='grc' dir='ltr'><strong>τῷ</strong></span> <span class='ocrx_word' id='word_1_230' title='bbox 621 1536 706 1570; x_wconf 85' lang='grc' dir='ltr'><strong>Ἰωνᾷ,</strong></span> <span class='ocrx_word' id='word_1_231' title='bbox 732 1542 841 1570; x_wconf 87' lang='lat' dir='ltr'><strong>prorsus</strong></span> <span class='ocrx_word' id='word_1_232' title='bbox 867 1535 971 1568; x_wconf 87' lang='lat' dir='ltr'><strong>inepte;</strong></span> 
     </span>
    </p>
   </div>
   <div class='ocr_carea' id='block_1_34' title="bbox 189 1580 971 1617">
    <p class='ocr_par' dir='ltr' id='par_1_34' title="bbox 189 1580 971 1617">
     <span class='ocr_line' id='line_1_34' title="bbox 189 1580 971 1617; baseline -0.001 -9"><span class='ocrx_word' id='word_1_233' title='bbox 189 1583 250 1617; x_wconf 82' lang='lat' dir='ltr'><strong>quis</strong></span> <span class='ocrx_word' id='word_1_234' title='bbox 273 1583 344 1610; x_wconf 90' lang='lat' dir='ltr'><strong>enim</strong></span> <span class='ocrx_word' id='word_1_235' title='bbox 364 1589 458 1609; x_wconf 87' lang='lat' dir='ltr'><strong>sensus</strong></span> <span class='ocrx_word' id='word_1_236' title='bbox 482 1587 567 1615; x_wconf 86' lang='lat' dir='ltr'><strong>esset,</strong></span> <span class='ocrx_word' id='word_1_237' title='bbox 592 1581 694 1617; x_wconf 72' lang='grc' dir='ltr'>ἔπασχε</span> <span class='ocrx_word' id='word_1_238' title='bbox 720 1581 759 1617; x_wconf 81' lang='grc' dir='ltr'>τῷ</span> <span class='ocrx_word' id='word_1_239' title='bbox 776 1582 861 1616; x_wconf 84' lang='grc' dir='ltr'><strong>Ἰωνᾷ.</strong></span> <span class='ocrx_word' id='word_1_240' title='bbox 882 1580 971 1608; x_wconf 84' lang='lat' dir='ltr'><strong>Etiam</strong></span> 
     </span>
    </p>
   </div>
   <div class='ocr_carea' id='block_1_35' title="bbox 189 1627 967 1664">
    <p class='ocr_par' dir='ltr' id='par_1_35' title="bbox 189 1627 967 1664">
     <span class='ocr_line' id='line_1_35' title="bbox 189 1627 967 1664; baseline -0.003 -10"><span class='ocrx_word' id='word_1_241' title='bbox 189 1627 225 1655; x_wconf 73' lang='grc' dir='ltr'><strong>τὰ</strong></span> <span class='ocrx_word' id='word_1_242' title='bbox 237 1628 286 1663; x_wconf 82' lang='grc' dir='ltr'><strong>τῆς</strong></span> <span class='ocrx_word' id='word_1_243' title='bbox 300 1629 494 1664; x_wconf 81' lang='grc' dir='ltr'><strong>γραμματικῆς</strong></span> <span class='ocrx_word' id='word_1_244' title='bbox 509 1628 634 1663; x_wconf 85' lang='lat' dir='ltr'><strong>ignorare</strong></span> <span class='ocrx_word' id='word_1_245' title='bbox 647 1636 676 1655; x_wconf 86' lang='lat' dir='ltr'><strong>se</strong></span> <span class='ocrx_word' id='word_1_246' title='bbox 691 1628 817 1658; x_wconf 86' lang='lat' dir='ltr'><strong>ostendit,</strong></span> <span class='ocrx_word' id='word_1_247' title='bbox 831 1635 891 1654; x_wconf 87' lang='lat' dir='ltr'><strong>cum</strong></span> <span class='ocrx_word' id='word_1_248' title='bbox 906 1634 967 1661; x_wconf 84' lang='lat' dir='ltr'><strong>pag.</strong></span> 
     </span>
    </p>
   </div>
   <div class='ocr_carea' id='block_1_36' title="bbox 190 1671 973 1707">
    <p class='ocr_par' dir='ltr' id='par_1_36' title="bbox 190 1671 973 1707">
     <span class='ocr_line' id='line_1_36' title="bbox 190 1671 973 1707; baseline -0.004 -7"><span class='ocrx_word' id='word_1_249' title='bbox 190 1673 253 1706; x_wconf 80' lang='grc'><strong>751,</strong></span> <span class='ocrx_word' id='word_1_250' title='bbox 275 1674 400 1700; x_wconf 81' lang='lat' dir='ltr'><strong>emendat</strong></span> <span class='ocrx_word' id='word_1_251' title='bbox 420 1673 541 1705; x_wconf 75' lang='grc' dir='ltr'>ἐδύνατο,</span> <span class='ocrx_word' id='word_1_252' title='bbox 566 1673 643 1707; x_wconf 88' lang='lat' dir='ltr'><strong>quasi</strong></span> <span class='ocrx_word' id='word_1_253' title='bbox 668 1672 823 1699; x_wconf 89' lang='lat' dir='ltr'><strong>mendosum</strong></span> <span class='ocrx_word' id='word_1_254' title='bbox 849 1675 919 1698; x_wconf 80' lang='lat' dir='ltr'><strong>esset</strong></span> <span class='ocrx_word' id='word_1_255' title='bbox 943 1671 973 1697; x_wconf 82' lang='grc' dir='ltr'>τὸ</span> 
     </span>
    </p>
   </div>
   <div class='ocr_carea' id='block_1_37' title="bbox 191 1715 973 1752">
    <p class='ocr_par' dir='ltr' id='par_1_37' title="bbox 191 1715 973 1752">
     <span class='ocr_line' id='line_1_37' title="bbox 191 1715 973 1752; baseline -0.004 -8"><span class='ocrx_word' id='word_1_256' title='bbox 191 1717 327 1752; x_wconf 77' lang='grc' dir='ltr'><strong>ἠδύνατο,</strong></span> <span class='ocrx_word' id='word_1_257' title='bbox 352 1717 451 1752; x_wconf 87' lang='lat' dir='ltr'><strong>duplici</strong></span> <span class='ocrx_word' id='word_1_258' title='bbox 476 1722 628 1752; x_wconf 81' lang='lat' dir='ltr'><strong>augmento,</strong></span> <span class='ocrx_word' id='word_1_259' title='bbox 653 1725 700 1750; x_wconf 82' lang='lat' dir='ltr'><strong>per</strong></span> <span class='ocrx_word' id='word_1_260' title='bbox 721 1717 900 1744; x_wconf 77' lang='lat' dir='ltr'><strong>Atticismum.</strong></span> <span class='ocrx_word' id='word_1_261' title='bbox 926 1715 973 1747; x_wconf 84' lang='grc' dir='ltr'>Τίς</span> 
     </span>
    </p>
   </div>
   <div class='ocr_carea' id='block_1_38' title="bbox 191 1762 974 1798">
    <p class='ocr_par' dir='ltr' id='par_1_38' title="bbox 191 1762 974 1798">
     <span class='ocr_line' id='line_1_38' title="bbox 191 1762 974 1798; baseline -0.004 -8"><span class='ocrx_word' id='word_1_262' title='bbox 191 1763 323 1798; x_wconf 79' lang='grc' dir='ltr'>ὲμφράξει</span> <span class='ocrx_word' id='word_1_263' title='bbox 338 1763 425 1798; x_wconf 87' lang='grc' dir='ltr'><strong>τούτῳ</strong></span> <span class='ocrx_word' id='word_1_264' title='bbox 443 1763 474 1789; x_wconf 80' lang='grc' dir='ltr'><strong>τὸ</strong></span> <span class='ocrx_word' id='word_1_265' title='bbox 492 1762 595 1798; x_wconf 83' lang='grc' dir='ltr'><strong>στόμα;</strong></span> <span class='ocrx_word' id='word_1_266' title='bbox 617 1762 825 1790; x_wconf 80' lang='lat' dir='ltr'><strong>EmendatiOnes</strong></span> <span class='ocrx_word' id='word_1_267' title='bbox 842 1767 922 1796; x_wconf 89' lang='lat' dir='ltr'><strong>porro</strong></span> <span class='ocrx_word' id='word_1_268' title='bbox 946 1765 974 1787; x_wconf 90' lang='lat' dir='ltr'><strong>et</strong></span> 
     </span>
    </p>
   </div>
   <div class='ocr_carea' id='block_1_39' title="bbox 189 1807 973 1842">
    <p class='ocr_par' dir='ltr' id='par_1_39' title="bbox 189 1807 973 1842">
     <span class='ocr_line' id='line_1_39' title="bbox 189 1807 973 1842; baseline -0.004 -6"><span class='ocrx_word' id='word_1_269' title='bbox 189 1810 281 1837; x_wconf 86' lang='lat' dir='ltr'><strong>varias</strong></span> <span class='ocrx_word' id='word_1_270' title='bbox 307 1809 433 1836; x_wconf 89' lang='lat' dir='ltr'><strong>lectiones</strong></span> <span class='ocrx_word' id='word_1_271' title='bbox 462 1816 495 1836; x_wconf 89' lang='lat' dir='ltr'><strong>ex</strong></span> <span class='ocrx_word' id='word_1_272' title='bbox 521 1808 566 1836; x_wconf 88' lang='lat' dir='ltr'><strong>lib.</strong></span> <span class='ocrx_word' id='word_1_273' title='bbox 587 1808 656 1835; x_wconf 90' lang='lat' dir='ltr'><strong>Billii</strong></span> <span class='ocrx_word' id='word_1_274' title='bbox 687 1807 756 1835; x_wconf 84' lang='lat' dir='ltr'><strong>falso</strong></span> <span class='ocrx_word' id='word_1_275' title='bbox 780 1814 973 1842; x_wconf 88' lang='lat' dir='ltr'><strong>perperamque</strong></span> 
     </span>
    </p>
   </div>
   <div class='ocr_carea' id='block_1_40' title="bbox 191 1853 973 1890">
    <p class='ocr_par' dir='ltr' id='par_1_40' title="bbox 191 1853 973 1890">
     <span class='ocr_line' id='line_1_40' title="bbox 191 1853 973 1890; baseline -0.003 -9"><span class='ocrx_word' id='word_1_276' title='bbox 191 1855 315 1890; x_wconf 79' lang='lat' dir='ltr'><strong>profert:</strong></span> <span class='ocrx_word' id='word_1_277' title='bbox 333 1860 362 1882; x_wconf 90' lang='lat' dir='ltr'><strong>ut</strong></span> <span class='ocrx_word' id='word_1_278' title='bbox 388 1863 448 1890; x_wconf 86' lang='lat' dir='ltr'><strong>pag.</strong></span> <span class='ocrx_word' id='word_1_279' title='bbox 464 1855 526 1887; x_wconf 74' lang='grc'><strong>597,</strong></span> <span class='ocrx_word' id='word_1_280' title='bbox 547 1854 694 1889; x_wconf 79' lang='grc' dir='ltr'>ἐπανάγοις</span> <span class='ocrx_word' id='word_1_281' title='bbox 717 1853 766 1889; x_wconf 88' lang='lat' dir='ltr'><strong>legi</strong></span> <span class='ocrx_word' id='word_1_282' title='bbox 790 1853 903 1885; x_wconf 83' lang='lat' dir='ltr'><strong>asserit,</strong></span> <span class='ocrx_word' id='word_1_283' title='bbox 928 1853 973 1879; x_wconf 90' lang='lat' dir='ltr'><strong>ubi</strong></span> 
     </span>
    </p>
   </div>
   <div class='ocr_carea' id='block_1_41' title="bbox 192 1897 973 1933">
    <p class='ocr_par' dir='ltr' id='par_1_41' title="bbox 192 1897 973 1933">
     <span class='ocr_line' id='line_1_41' title="bbox 192 1897 973 1933; baseline -0.003 -7"><span class='ocrx_word' id='word_1_284' title='bbox 192 1899 322 1933; x_wconf 86' lang='lat' dir='ltr'><strong>scriptum</strong></span> <span class='ocrx_word' id='word_1_285' title='bbox 346 1904 388 1926; x_wconf 88' lang='lat' dir='ltr'><strong>est</strong></span> <span class='ocrx_word' id='word_1_286' title='bbox 409 1899 560 1933; x_wconf 79' lang='grc' dir='ltr'><strong>διεξάγοις·</strong></span> <span class='ocrx_word' id='word_1_287' title='bbox 588 1899 662 1933; x_wconf 91' lang='lat' dir='ltr'><strong>atqui</strong></span> <span class='ocrx_word' id='word_1_288' title='bbox 687 1899 732 1926; x_wconf 84' lang='lat' dir='ltr'><strong>illa</strong></span> <span class='ocrx_word' id='word_1_289' title='bbox 756 1898 889 1926; x_wconf 84' lang='lat' dir='ltr'><strong>correctio</strong></span> <span class='ocrx_word' id='word_1_290' title='bbox 918 1897 973 1924; x_wconf 83' lang='lat' dir='ltr'><strong>Bil-</strong></span> 
     </span>
    </p>
   </div>
   <div class='ocr_carea' id='block_1_42' title="bbox 192 1942 974 1978">
    <p class='ocr_par' dir='ltr' id='par_1_42' title="bbox 192 1942 974 1978">
     <span class='ocr_line' id='line_1_42' title="bbox 192 1942 974 1978; baseline -0.003 -8"><span class='ocrx_word' id='word_1_291' title='bbox 192 1944 274 1976; x_wconf 84' lang='lat' dir='ltr'><strong>liana,</strong></span> <span class='ocrx_word' id='word_1_292' title='bbox 294 1944 441 1978; x_wconf 80' lang='grc' dir='ltr'>ὲποινάγοις</span> <span class='ocrx_word' id='word_1_293' title='bbox 457 1948 498 1971; x_wconf 90' lang='lat' dir='ltr'><strong>est</strong></span> <span class='ocrx_word' id='word_1_294' title='bbox 521 1943 659 1971; x_wconf 78' lang='lat' dir='ltr'><strong>referenda</strong></span> <span class='ocrx_word' id='word_1_295' title='bbox 680 1945 713 1970; x_wconf 88' lang='lat' dir='ltr'><strong>ad</strong></span> <span class='ocrx_word' id='word_1_296' title='bbox 729 1943 775 1970; x_wconf 93' lang='lat' dir='ltr'><strong>lin.</strong></span> <span class='ocrx_word' id='word_1_297' title='bbox 792 1944 818 1970; x_wconf 81' lang='grc' dir='ltr'><strong>(Ι.</strong></span> <span class='ocrx_word' id='word_1_298' title='bbox 842 1951 866 1977; x_wconf 83' lang='lat' dir='ltr'><strong>c.</strong></span> <span class='ocrx_word' id='word_1_299' title='bbox 887 1942 914 1976; x_wconf 72' lang='lat'><strong>2,</strong></span> <span class='ocrx_word' id='word_1_300' title='bbox 931 1942 974 1969; x_wconf 92' lang='lat' dir='ltr'><strong>ubi</strong></span> 
     </span>
    </p>
   </div>
   <div class='ocr_carea' id='block_1_43' title="bbox 193 1988 976 2024">
    <p class='ocr_par' dir='ltr' id='par_1_43' title="bbox 193 1988 976 2024">
     <span class='ocr_line' id='line_1_43' title="bbox 193 1988 976 2024; baseline -0.003 -8"><span class='ocrx_word' id='word_1_301' title='bbox 193 1989 330 2024; x_wconf 76' lang='lat' dir='ltr'><strong>legebatur</strong></span> <span class='ocrx_word' id='word_1_302' title='bbox 342 1990 369 2016; x_wconf 91' lang='lat' dir='ltr'><strong>in</strong></span> <span class='ocrx_word' id='word_1_303' title='bbox 383 1989 463 2017; x_wconf 88' lang='lat' dir='ltr'><strong>Basil.</strong></span> <span class='ocrx_word' id='word_1_304' title='bbox 475 1989 602 2024; x_wconf 76' lang='grc' dir='ltr'>ἀπάγοις,</span> <span class='ocrx_word' id='word_1_305' title='bbox 617 1995 644 2017; x_wconf 85' lang='lat' dir='ltr'><strong>et</strong></span> <span class='ocrx_word' id='word_1_306' title='bbox 662 1990 782 2017; x_wconf 81' lang='lat' dir='ltr'><strong>correxit</strong></span> <span class='ocrx_word' id='word_1_307' title='bbox 799 1988 894 2015; x_wconf 86' lang='lat' dir='ltr'><strong>Billius</strong></span> <span class='ocrx_word' id='word_1_308' title='bbox 927 1989 976 2014; x_wconf 75' lang='grc' dir='ltr'><strong>ἐπ-</strong></span> 
     </span>
    </p>
   </div>
   <div class='ocr_carea' id='block_1_44' title="bbox 1017 260 1798 293">
    <p class='ocr_par' dir='ltr' id='par_1_44' title="bbox 1017 260 1798 293">
     <span class='ocr_line' id='line_1_44' title="bbox 1017 260 1798 293; baseline 0.001 -5"><span class='ocrx_word' id='word_1_309' title='bbox 1017 269 1050 288; x_wconf 82' lang='lat' dir='ltr'><strong>ex</strong></span> <span class='ocrx_word' id='word_1_310' title='bbox 1068 261 1176 289; x_wconf 89' lang='lat' dir='ltr'><strong>seholiis</strong></span> <span class='ocrx_word' id='word_1_311' title='bbox 1202 260 1356 288; x_wconf 60' lang='lat' dir='ltr'><strong>Griecorum</strong></span> <span class='ocrx_word' id='word_1_312' title='bbox 1375 261 1479 293; x_wconf 82' lang='lat' dir='ltr'><strong>Billius,</strong></span> <span class='ocrx_word' id='word_1_313' title='bbox 1502 267 1528 288; x_wconf 89' lang='lat' dir='ltr'><strong>et</strong></span> <span class='ocrx_word' id='word_1_314' title='bbox 1545 262 1570 289; x_wconf 94' lang='lat' dir='ltr'><strong>in</strong></span> <span class='ocrx_word' id='word_1_315' title='bbox 1588 262 1646 289; x_wconf 91' lang='lat' dir='ltr'><strong>libri</strong></span> <span class='ocrx_word' id='word_1_316' title='bbox 1663 263 1703 290; x_wconf 88' lang='lat' dir='ltr'><strong>sui</strong></span> <span class='ocrx_word' id='word_1_317' title='bbox 1727 270 1798 289; x_wconf 85' lang='lat' dir='ltr'><strong>mar-</strong></span> 
     </span>
    </p>
   </div>
   <div class='ocr_carea' id='block_1_45' title="bbox 1017 306 1794 343">
    <p class='ocr_par' dir='ltr' id='par_1_45' title="bbox 1017 306 1794 343">
     <span class='ocr_line' id='line_1_45' title="bbox 1017 306 1794 343; baseline 0.001 -9"><span class='ocrx_word' id='word_1_318' title='bbox 1017 309 1077 343; x_wconf 77' lang='lat' dir='ltr'><strong>gine</strong></span> <span class='ocrx_word' id='word_1_319' title='bbox 1091 307 1258 341; x_wconf 79' lang='lat' dir='ltr'><strong>adjunxerat,</strong></span> <span class='ocrx_word' id='word_1_320' title='bbox 1273 314 1305 334; x_wconf 91' lang='lat' dir='ltr'><strong>eo</strong></span> <span class='ocrx_word' id='word_1_321' title='bbox 1321 306 1419 334; x_wconf 81' lang='lat' dir='ltr'><strong>factum</strong></span> <span class='ocrx_word' id='word_1_322' title='bbox 1436 312 1486 340; x_wconf 88' lang='lat' dir='ltr'><strong>est,</strong></span> <span class='ocrx_word' id='word_1_323' title='bbox 1507 312 1534 334; x_wconf 90' lang='lat' dir='ltr'><strong>ut</strong></span> <span class='ocrx_word' id='word_1_324' title='bbox 1559 315 1611 335; x_wconf 90' lang='lat' dir='ltr'><strong>non</strong></span> <span class='ocrx_word' id='word_1_325' title='bbox 1629 308 1708 335; x_wconf 92' lang='lat' dir='ltr'><strong>modo</strong></span> <span class='ocrx_word' id='word_1_326' title='bbox 1732 315 1794 335; x_wconf 93' lang='lat' dir='ltr'><strong>cor-</strong></span> 
     </span>
    </p>
   </div>
   <div class='ocr_carea' id='block_1_46' title="bbox 1017 353 1797 389">
    <p class='ocr_par' dir='ltr' id='par_1_46' title="bbox 1017 353 1797 389">
     <span class='ocr_line' id='line_1_46' title="bbox 1017 353 1797 389; baseline 0.003 -9"><span class='ocrx_word' id='word_1_327' title='bbox 1017 354 1114 388; x_wconf 81' lang='lat' dir='ltr'><strong>rigere,</strong></span> <span class='ocrx_word' id='word_1_328' title='bbox 1134 354 1180 381; x_wconf 91' lang='lat' dir='ltr'><strong>sed</strong></span> <span class='ocrx_word' id='word_1_329' title='bbox 1196 353 1277 380; x_wconf 87' lang='lat' dir='ltr'><strong>etiam</strong></span> <span class='ocrx_word' id='word_1_330' title='bbox 1293 360 1391 388; x_wconf 86' lang='lat' dir='ltr'><strong>augere</strong></span> <span class='ocrx_word' id='word_1_331' title='bbox 1413 361 1441 381; x_wconf 88' lang='lat' dir='ltr'><strong>se</strong></span> <span class='ocrx_word' id='word_1_332' title='bbox 1466 361 1544 387; x_wconf 87' lang='lat' dir='ltr'><strong>posse</strong></span> <span class='ocrx_word' id='word_1_333' title='bbox 1557 353 1684 389; x_wconf 78' lang='lat' dir='ltr'><strong>Gregorii</strong></span> <span class='ocrx_word' id='word_1_334' title='bbox 1711 354 1797 382; x_wconf 87' lang='lat' dir='ltr'><strong>libros</strong></span> 
     </span>
    </p>
   </div>
   <div class='ocr_carea' id='block_1_47' title="bbox 1018 398 1801 435">
    <p class='ocr_par' dir='ltr' id='par_1_47' title="bbox 1018 398 1801 435">
     <span class='ocr_line' id='line_1_47' title="bbox 1018 398 1801 435; baseline 0.003 -9"><span class='ocrx_word' id='word_1_335' title='bbox 1018 400 1162 426; x_wconf 88' lang='lat' dir='ltr'><strong>autumarit</strong></span> <span class='ocrx_word' id='word_1_336' title='bbox 1177 399 1371 432; x_wconf 87' lang='lat' dir='ltr'><strong>Montacutius,</strong></span> <span class='ocrx_word' id='word_1_337' title='bbox 1397 406 1430 426; x_wconf 87' lang='lat' dir='ltr'><strong>ac</strong></span> <span class='ocrx_word' id='word_1_338' title='bbox 1449 398 1579 432; x_wconf 83' lang='lat' dir='ltr'><strong>ejusmodi</strong></span> <span class='ocrx_word' id='word_1_339' title='bbox 1595 399 1756 435; x_wconf 81' lang='lat' dir='ltr'><strong>glossemata</strong></span> <span class='ocrx_word' id='word_1_340' title='bbox 1773 401 1801 428; x_wconf 95' lang='lat' dir='ltr'><strong>in</strong></span> 
     </span>
    </p>
   </div>
   <div class='ocr_carea' id='block_1_48' title="bbox 1018 443 1802 478">
    <p class='ocr_par' dir='ltr' id='par_1_48' title="bbox 1018 443 1802 478">
     <span class='ocr_line' id='line_1_48' title="bbox 1018 443 1802 478; baseline 0.003 -7"><span class='ocrx_word' id='word_1_341' title='bbox 1018 448 1118 471; x_wconf 85' lang='lat' dir='ltr'><strong>textum</strong></span> <span class='ocrx_word' id='word_1_342' title='bbox 1135 444 1288 476; x_wconf 77' lang='lat' dir='ltr'><strong>inseruerit,</strong></span> <span class='ocrx_word' id='word_1_343' title='bbox 1311 448 1340 470; x_wconf 93' lang='lat' dir='ltr'><strong>ut</strong></span> <span class='ocrx_word' id='word_1_344' title='bbox 1363 443 1528 470; x_wconf 85' lang='lat' dir='ltr'><strong>ostendimus</strong></span> <span class='ocrx_word' id='word_1_345' title='bbox 1552 443 1578 470; x_wconf 94' lang='lat' dir='ltr'><strong>in</strong></span> <span class='ocrx_word' id='word_1_346' title='bbox 1596 451 1654 478; x_wconf 78' lang='lat' dir='ltr'><strong>pag.</strong></span> <span class='ocrx_word' id='word_1_347' title='bbox 1683 443 1750 476; x_wconf 68' lang='lat'><strong>152;</strong></span> <span class='ocrx_word' id='word_1_348' title='bbox 1775 449 1802 473; x_wconf 85' lang='lat' dir='ltr'><strong>et</strong></span> 
     </span>
    </p>
   </div>
   <div class='ocr_carea' id='block_1_49' title="bbox 1018 487 1793 524">
    <p class='ocr_par' dir='ltr' id='par_1_49' title="bbox 1018 487 1793 524">
     <span class='ocr_line' id='line_1_49' title="bbox 1018 487 1793 524; baseline 0 -8"><span class='ocrx_word' id='word_1_349' title='bbox 1018 494 1110 517; x_wconf 88' lang='lat' dir='ltr'><strong>contra</strong></span> <span class='ocrx_word' id='word_1_350' title='bbox 1131 497 1162 516; x_wconf 87' lang='lat' dir='ltr'><strong>ex</strong></span> <span class='ocrx_word' id='word_1_351' title='bbox 1183 489 1298 524; x_wconf 81' lang='lat' dir='ltr'><strong>genuino</strong></span> <span class='ocrx_word' id='word_1_352' title='bbox 1312 492 1384 515; x_wconf 83' lang='lat' dir='ltr'><strong>textu</strong></span> <span class='ocrx_word' id='word_1_353' title='bbox 1399 487 1520 522; x_wconf 57' lang='lat' dir='ltr'><strong>quadam</strong></span> <span class='ocrx_word' id='word_1_354' title='bbox 1537 492 1638 515; x_wconf 82' lang='lat' dir='ltr'><strong>temere</strong></span> <span class='ocrx_word' id='word_1_355' title='bbox 1652 489 1793 522; x_wconf 84' lang='lat' dir='ltr'><strong>expuuxit,</strong></span> 
     </span>
    </p>
   </div>
   <div class='ocr_carea' id='block_1_50' title="bbox 1019 531 1801 569">
    <p class='ocr_par' dir='ltr' id='par_1_50' title="bbox 1019 531 1801 569">
     <span class='ocr_line' id='line_1_50' title="bbox 1019 531 1801 569; baseline -0.001 -7"><span class='ocrx_word' id='word_1_356' title='bbox 1019 539 1144 569; x_wconf 87' lang='lat' dir='ltr'><strong>tauquam</strong></span> <span class='ocrx_word' id='word_1_357' title='bbox 1159 534 1327 568; x_wconf 79' lang='lat' dir='ltr'><strong>glossemata,</strong></span> <span class='ocrx_word' id='word_1_358' title='bbox 1342 540 1401 568; x_wconf 62' lang='lat' dir='ltr'><strong>quae</strong></span> <span class='ocrx_word' id='word_1_359' title='bbox 1416 533 1496 567; x_wconf 86' lang='lat' dir='ltr'><strong>plane</strong></span> <span class='ocrx_word' id='word_1_360' title='bbox 1508 538 1572 560; x_wconf 87' lang='lat' dir='ltr'><strong>sunt</strong></span> <span class='ocrx_word' id='word_1_361' title='bbox 1587 535 1749 566; x_wconf 87' lang='lat' dir='ltr'><strong>necessaria,</strong></span> <span class='ocrx_word' id='word_1_362' title='bbox 1762 531 1801 561; x_wconf 81' lang='grc' dir='ltr'>ὧν</span> 
     </span>
    </p>
   </div>
   <div class='ocr_carea' id='block_1_51' title="bbox 1018 577 1801 614">
    <p class='ocr_par' dir='ltr' id='par_1_51' title="bbox 1018 577 1801 614">
     <span class='ocr_line' id='line_1_51' title="bbox 1018 577 1801 614; baseline -0.004 -7"><span class='ocrx_word' id='word_1_363' title='bbox 1018 581 1081 608; x_wconf 76' lang='grc' dir='ltr'>ἄνευ</span> <span class='ocrx_word' id='word_1_364' title='bbox 1097 581 1127 606; x_wconf 84' lang='grc' dir='ltr'>οὐ</span> <span class='ocrx_word' id='word_1_365' title='bbox 1140 580 1170 606; x_wconf 78' lang='grc' dir='ltr'><strong>τὸ</strong></span> <span class='ocrx_word' id='word_1_366' title='bbox 1185 577 1225 610; x_wconf 82' lang='grc' dir='ltr'>εὖ,</span> <span class='ocrx_word' id='word_1_367' title='bbox 1241 586 1289 606; x_wconf 90' lang='lat' dir='ltr'><strong>ceu</strong></span> <span class='ocrx_word' id='word_1_368' title='bbox 1305 579 1387 613; x_wconf 89' lang='lat' dir='ltr'><strong>liquet</strong></span> <span class='ocrx_word' id='word_1_369' title='bbox 1408 586 1441 605; x_wconf 79' lang='lat' dir='ltr'><strong>ex</strong></span> <span class='ocrx_word' id='word_1_370' title='bbox 1459 578 1528 605; x_wconf 90' lang='lat' dir='ltr'><strong>notis</strong></span> <span class='ocrx_word' id='word_1_371' title='bbox 1550 579 1577 605; x_wconf 96' lang='lat' dir='ltr'><strong>in</strong></span> <span class='ocrx_word' id='word_1_372' title='bbox 1599 586 1661 614; x_wconf 80' lang='lat' dir='ltr'><strong>pag.</strong></span> <span class='ocrx_word' id='word_1_373' title='bbox 1672 578 1734 606; x_wconf 70' lang='lat'><strong>212.</strong></span> <span class='ocrx_word' id='word_1_374' title='bbox 1749 578 1801 606; x_wconf 82' lang='lat' dir='ltr'><strong>Fa-</strong></span> 
     </span>
    </p>
   </div>
   <div class='ocr_carea' id='block_1_52' title="bbox 1019 624 1795 660">
    <p class='ocr_par' dir='ltr' id='par_1_52' title="bbox 1019 624 1795 660">
     <span class='ocr_line' id='line_1_52' title="bbox 1019 624 1795 660; baseline -0.001 -7"><span class='ocrx_word' id='word_1_375' title='bbox 1019 631 1090 654; x_wconf 89' lang='lat' dir='ltr'><strong>tetur</strong></span> <span class='ocrx_word' id='word_1_376' title='bbox 1113 633 1183 659; x_wconf 68' lang='lat' dir='ltr'><strong>smpe</strong></span> <span class='ocrx_word' id='word_1_377' title='bbox 1201 624 1414 660; x_wconf 89' lang='lat' dir='ltr'><strong>quamplurimos</strong></span> <span class='ocrx_word' id='word_1_378' title='bbox 1434 624 1618 659; x_wconf 74' lang='lat' dir='ltr'><strong>typographia:</strong></span> <span class='ocrx_word' id='word_1_379' title='bbox 1636 631 1743 651; x_wconf 89' lang='lat' dir='ltr'><strong>errores</strong></span> <span class='ocrx_word' id='word_1_380' title='bbox 1761 631 1795 652; x_wconf 83' lang='lat' dir='ltr'><strong>ex</strong></span> 
     </span>
    </p>
   </div>
   <div class='ocr_carea' id='block_1_53' title="bbox 1019 668 1798 704">
    <p class='ocr_par' dir='ltr' id='par_1_53' title="bbox 1019 668 1798 704">
     <span class='ocr_line' id='line_1_53' title="bbox 1019 668 1798 704; baseline 0 -6"><span class='ocrx_word' id='word_1_381' title='bbox 1019 671 1159 699; x_wconf 85' lang='lat' dir='ltr'><strong>collatione</strong></span> <span class='ocrx_word' id='word_1_382' title='bbox 1183 678 1242 697; x_wconf 91' lang='lat' dir='ltr'><strong>eum</strong></span> <span class='ocrx_word' id='word_1_383' title='bbox 1262 669 1332 696; x_wconf 83' lang='lat' dir='ltr'><strong>Billii</strong></span> <span class='ocrx_word' id='word_1_384' title='bbox 1356 668 1450 695; x_wconf 86' lang='lat' dir='ltr'><strong>Latino</strong></span> <span class='ocrx_word' id='word_1_385' title='bbox 1475 674 1547 696; x_wconf 83' lang='lat' dir='ltr'><strong>textu</strong></span> <span class='ocrx_word' id='word_1_386' title='bbox 1576 670 1674 704; x_wconf 81' lang='lat' dir='ltr'><strong>corrigi</strong></span> <span class='ocrx_word' id='word_1_387' title='bbox 1699 677 1798 704; x_wconf 86' lang='lat' dir='ltr'><strong>posse:</strong></span> 
     </span>
    </p>
   </div>
   <div class='ocr_carea' id='block_1_54' title="bbox 1019 712 1800 748">
    <p class='ocr_par' dir='ltr' id='par_1_54' title="bbox 1019 712 1800 748">
     <span class='ocr_line' id='line_1_54' title="bbox 1019 712 1800 748; baseline -0.001 -6"><span class='ocrx_word' id='word_1_388' title='bbox 1019 720 1134 742; x_wconf 86' lang='lat' dir='ltr'><strong>attamen</strong></span> <span class='ocrx_word' id='word_1_389' title='bbox 1161 714 1285 742; x_wconf 85' lang='lat' dir='ltr'><strong>notandis</strong></span> <span class='ocrx_word' id='word_1_390' title='bbox 1314 712 1550 748; x_wconf 66' lang='grc' dir='ltr'><strong>λεπτομερέστατα</strong></span> <span class='ocrx_word' id='word_1_391' title='bbox 1583 720 1614 740; x_wconf 78' lang='lat' dir='ltr'><strong>ex</strong></span> <span class='ocrx_word' id='word_1_392' title='bbox 1642 719 1800 741; x_wconf 85' lang='lat' dir='ltr'><strong>accentuum</strong></span> 
     </span>
    </p>
   </div>
   <div class='ocr_carea' id='block_1_55' title="bbox 1020 759 1802 797">
    <p class='ocr_par' dir='ltr' id='par_1_55' title="bbox 1020 759 1802 797">
     <span class='ocr_line' id='line_1_55' title="bbox 1020 759 1802 797; baseline 0.003 -10"><span class='ocrx_word' id='word_1_393' title='bbox 1020 767 1052 788; x_wconf 85' lang='lat' dir='ltr'><strong>ac</strong></span> <span class='ocrx_word' id='word_1_394' title='bbox 1074 760 1225 794; x_wconf 88' lang='lat' dir='ltr'><strong>spirituum,</strong></span> <span class='ocrx_word' id='word_1_395' title='bbox 1261 759 1460 793; x_wconf 85' lang='lat' dir='ltr'><strong>incisorumque</strong></span> <span class='ocrx_word' id='word_1_396' title='bbox 1489 761 1636 789; x_wconf 87' lang='lat' dir='ltr'><strong>emissione</strong></span> <span class='ocrx_word' id='word_1_397' title='bbox 1656 768 1702 788; x_wconf 88' lang='lat' dir='ltr'><strong>seu</strong></span> <span class='ocrx_word' id='word_1_398' title='bbox 1732 770 1802 797; x_wconf 82' lang='grc' dir='ltr'><strong>παρ-</strong></span> 
     </span>
    </p>
   </div>
   <div class='ocr_carea' id='block_1_56' title="bbox 1019 806 1801 841">
    <p class='ocr_par' dir='ltr' id='par_1_56' title="bbox 1019 806 1801 841">
     <span class='ocr_line' id='line_1_56' title="bbox 1019 806 1801 841; baseline 0.003 -9"><span class='ocrx_word' id='word_1_399' title='bbox 1019 806 1111 841; x_wconf 78' lang='grc' dir='ltr'>οράσει</span> <span class='ocrx_word' id='word_1_400' title='bbox 1133 806 1380 840; x_wconf 86' lang='lat' dir='ltr'><strong>paginasimpendit</strong></span> <span class='ocrx_word' id='word_1_401' title='bbox 1397 811 1482 838; x_wconf 87' lang='lat' dir='ltr'><strong>totas;</strong></span> <span class='ocrx_word' id='word_1_402' title='bbox 1507 813 1568 833; x_wconf 91' lang='lat' dir='ltr'><strong>cum</strong></span> <span class='ocrx_word' id='word_1_403' title='bbox 1594 806 1677 841; x_wconf 88' lang='lat' dir='ltr'><strong>ipsius</strong></span> <span class='ocrx_word' id='word_1_404' title='bbox 1694 807 1801 834; x_wconf 90' lang='lat' dir='ltr'><strong>interim</strong></span> 
     </span>
    </p>
   </div>
   <div class='ocr_carea' id='block_1_57' title="bbox 1021 851 1801 886">
    <p class='ocr_par' dir='ltr' id='par_1_57' title="bbox 1021 851 1801 886">
     <span class='ocr_line' id='line_1_57' title="bbox 1021 851 1801 886; baseline 0.004 -8"><span class='ocrx_word' id='word_1_405' title='bbox 1021 857 1090 879; x_wconf 84' lang='lat' dir='ltr'><strong>notae</strong></span> <span class='ocrx_word' id='word_1_406' title='bbox 1113 852 1204 886; x_wconf 72' lang='lat' dir='ltr'><strong>Aegin:</strong></span> <span class='ocrx_word' id='word_1_407' title='bbox 1226 851 1330 878; x_wconf 89' lang='lat' dir='ltr'><strong>stabulo</strong></span> <span class='ocrx_word' id='word_1_408' title='bbox 1352 851 1463 884; x_wconf 86' lang='lat' dir='ltr'><strong>similes,</strong></span> <span class='ocrx_word' id='word_1_409' title='bbox 1487 853 1523 878; x_wconf 89' lang='lat' dir='ltr'><strong>ita</strong></span> <span class='ocrx_word' id='word_1_410' title='bbox 1549 853 1653 880; x_wconf 90' lang='lat' dir='ltr'><strong>mendis</strong></span> <span class='ocrx_word' id='word_1_411' title='bbox 1669 858 1801 885; x_wconf 86' lang='lat' dir='ltr'><strong>scateant,</strong></span> 
     </span>
    </p>
   </div>
   <div class='ocr_carea' id='block_1_58' title="bbox 1020 897 1801 933">
    <p class='ocr_par' dir='ltr' id='par_1_58' title="bbox 1020 897 1801 933">
     <span class='ocr_line' id='line_1_58' title="bbox 1020 897 1801 933; baseline 0.004 -9"><span class='ocrx_word' id='word_1_412' title='bbox 1020 903 1049 924; x_wconf 96' lang='lat' dir='ltr'><strong>ut</strong></span> <span class='ocrx_word' id='word_1_413' title='bbox 1065 898 1109 924; x_wconf 84' lang='lat' dir='ltr'><strong>vix</strong></span> <span class='ocrx_word' id='word_1_414' title='bbox 1134 905 1186 924; x_wconf 85' lang='lat' dir='ltr'><strong>una</strong></span> <span class='ocrx_word' id='word_1_415' title='bbox 1201 897 1246 929; x_wconf 86' lang='lat' dir='ltr'><strong>sit,</strong></span> <span class='ocrx_word' id='word_1_416' title='bbox 1263 897 1290 924; x_wconf 91' lang='lat' dir='ltr'><strong>in</strong></span> <span class='ocrx_word' id='word_1_417' title='bbox 1314 904 1366 931; x_wconf 87' lang='lat' dir='ltr'><strong>qua</strong></span> <span class='ocrx_word' id='word_1_418' title='bbox 1384 897 1476 924; x_wconf 88' lang='lat' dir='ltr'><strong>decem</strong></span> <span class='ocrx_word' id='word_1_419' title='bbox 1498 897 1539 924; x_wconf 92' lang='lat' dir='ltr'><strong>vel</strong></span> <span class='ocrx_word' id='word_1_420' title='bbox 1565 897 1705 926; x_wconf 84' lang='lat' dir='ltr'><strong>duodecim</strong></span> <span class='ocrx_word' id='word_1_421' title='bbox 1735 907 1801 933; x_wconf 85' lang='lat' dir='ltr'><strong>pue-</strong></span> 
     </span>
    </p>
   </div>
   <div class='ocr_carea' id='block_1_59' title="bbox 1020 942 1798 978">
    <p class='ocr_par' dir='ltr' id='par_1_59' title="bbox 1020 942 1798 978">
     <span class='ocr_line' id='line_1_59' title="bbox 1020 942 1798 978; baseline 0.003 -8"><span class='ocrx_word' id='word_1_422' title='bbox 1020 943 1083 971; x_wconf 88' lang='lat' dir='ltr'><strong>riles</strong></span> <span class='ocrx_word' id='word_1_423' title='bbox 1097 943 1187 977; x_wconf 86' lang='lat' dir='ltr'><strong>lapsus</strong></span> <span class='ocrx_word' id='word_1_424' title='bbox 1199 950 1253 970; x_wconf 91' lang='lat' dir='ltr'><strong>non</strong></span> <span class='ocrx_word' id='word_1_425' title='bbox 1268 946 1421 970; x_wconf 82' lang='lat' dir='ltr'><strong>occurrant.</strong></span> <span class='ocrx_word' id='word_1_426' title='bbox 1436 942 1568 970; x_wconf 83' lang='lat' dir='ltr'><strong>Sexcenta</strong></span> <span class='ocrx_word' id='word_1_427' title='bbox 1583 950 1722 978; x_wconf 82' lang='lat' dir='ltr'><strong>possemus</strong></span> <span class='ocrx_word' id='word_1_428' title='bbox 1740 944 1798 972; x_wconf 90' lang='lat' dir='ltr'><strong>loca</strong></span> 
     </span>
    </p>
   </div>
   <div class='ocr_carea' id='block_1_60' title="bbox 1019 987 1802 1024">
    <p class='ocr_par' dir='ltr' id='par_1_60' title="bbox 1019 987 1802 1024">
     <span class='ocr_line' id='line_1_60' title="bbox 1019 987 1802 1024; baseline 0.004 -10"><span class='ocrx_word' id='word_1_429' title='bbox 1019 987 1140 1023; x_wconf 79' lang='lat' dir='ltr'><strong>proferre</strong></span> <span class='ocrx_word' id='word_1_430' title='bbox 1154 988 1220 1015; x_wconf 81' lang='lat' dir='ltr'><strong>falso</strong></span> <span class='ocrx_word' id='word_1_431' title='bbox 1235 995 1267 1015; x_wconf 78' lang='lat' dir='ltr'><strong>ex</strong></span> <span class='ocrx_word' id='word_1_432' title='bbox 1283 988 1428 1021; x_wconf 86' lang='lat' dir='ltr'><strong>Gabrielio,</strong></span> <span class='ocrx_word' id='word_1_433' title='bbox 1447 988 1580 1023; x_wconf 85' lang='lat' dir='ltr'><strong>Billioque</strong></span> <span class='ocrx_word' id='word_1_434' title='bbox 1602 993 1628 1016; x_wconf 87' lang='lat' dir='ltr'><strong>et</strong></span> <span class='ocrx_word' id='word_1_435' title='bbox 1643 989 1732 1024; x_wconf 81' lang='lat' dir='ltr'><strong>Regiis</strong></span> <span class='ocrx_word' id='word_1_436' title='bbox 1755 997 1802 1017; x_wconf 83' lang='lat' dir='ltr'><strong>co-</strong></span> 
     </span>
    </p>
   </div>
   <div class='ocr_carea' id='block_1_61' title="bbox 1020 1032 1800 1067">
    <p class='ocr_par' dir='ltr' id='par_1_61' title="bbox 1020 1032 1800 1067">
     <span class='ocr_line' id='line_1_61' title="bbox 1020 1032 1800 1067; baseline 0 -7"><span class='ocrx_word' id='word_1_437' title='bbox 1020 1033 1123 1060; x_wconf 90' lang='lat' dir='ltr'><strong>dicibus</strong></span> <span class='ocrx_word' id='word_1_438' title='bbox 1146 1032 1258 1067; x_wconf 85' lang='lat' dir='ltr'><strong>prolata,</strong></span> <span class='ocrx_word' id='word_1_439' title='bbox 1283 1033 1323 1059; x_wconf 89' lang='lat' dir='ltr'><strong>vel</strong></span> <span class='ocrx_word' id='word_1_440' title='bbox 1345 1033 1426 1059; x_wconf 90' lang='lat' dir='ltr'><strong>etiam</strong></span> <span class='ocrx_word' id='word_1_441' title='bbox 1449 1040 1482 1059; x_wconf 81' lang='lat' dir='ltr'><strong>ex</strong></span> <span class='ocrx_word' id='word_1_442' title='bbox 1504 1032 1647 1061; x_wconf 82' lang='lat' dir='ltr'><strong>Basiliensi</strong></span> <span class='ocrx_word' id='word_1_443' title='bbox 1671 1034 1800 1065; x_wconf 87' lang='lat' dir='ltr'><strong>editione,</strong></span> 
     </span>
    </p>
   </div>
   <div class='ocr_carea' id='block_1_62' title="bbox 1019 1078 1802 1113">
    <p class='ocr_par' dir='ltr' id='par_1_62' title="bbox 1019 1078 1802 1113">
     <span class='ocr_line' id='line_1_62' title="bbox 1019 1078 1802 1113; baseline 0.001 -9"><span class='ocrx_word' id='word_1_444' title='bbox 1019 1086 1079 1113; x_wconf 76' lang='lat' dir='ltr'><strong>qua:</strong></span> <span class='ocrx_word' id='word_1_445' title='bbox 1090 1086 1220 1112; x_wconf 84' lang='lat' dir='ltr'><strong>nusquam</strong></span> <span class='ocrx_word' id='word_1_446' title='bbox 1233 1078 1260 1104; x_wconf 93' lang='lat' dir='ltr'><strong>in</strong></span> <span class='ocrx_word' id='word_1_447' title='bbox 1273 1078 1324 1105; x_wconf 91' lang='lat' dir='ltr'><strong>illis</strong></span> <span class='ocrx_word' id='word_1_448' title='bbox 1335 1083 1447 1112; x_wconf 90' lang='lat' dir='ltr'><strong>possunt</strong></span> <span class='ocrx_word' id='word_1_449' title='bbox 1458 1078 1582 1109; x_wconf 84' lang='lat' dir='ltr'><strong>inveniri.</strong></span> <span class='ocrx_word' id='word_1_450' title='bbox 1592 1078 1706 1113; x_wconf 88' lang='lat' dir='ltr'><strong>denique</strong></span> <span class='ocrx_word' id='word_1_451' title='bbox 1715 1078 1802 1106; x_wconf 75' lang='grc' dir='ltr'>ἄλλων</span> 
     </span>
    </p>
   </div>
   <div class='ocr_carea' id='block_1_63' title="bbox 1022 1123 1802 1160">
    <p class='ocr_par' dir='ltr' id='par_1_63' title="bbox 1022 1123 1802 1160">
     <span class='ocr_line' id='line_1_63' title="bbox 1022 1123 1802 1160; baseline 0.003 -10"><span class='ocrx_word' id='word_1_452' title='bbox 1022 1124 1111 1160; x_wconf 74' lang='grc' dir='ltr'><strong>ἰατρὸς</strong></span> <span class='ocrx_word' id='word_1_453' title='bbox 1124 1123 1203 1154; x_wconf 72' lang='grc' dir='ltr'>αὑτὸς</span> <span class='ocrx_word' id='word_1_454' title='bbox 1216 1123 1309 1149; x_wconf 73' lang='grc' dir='ltr'>ἕλκεσι</span> <span class='ocrx_word' id='word_1_455' title='bbox 1325 1124 1422 1158; x_wconf 84' lang='grc' dir='ltr'><strong>βρύων.</strong></span> <span class='ocrx_word' id='word_1_456' title='bbox 1435 1123 1493 1150; x_wconf 83' lang='lat' dir='ltr'><strong>Jam</strong></span> <span class='ocrx_word' id='word_1_457' title='bbox 1509 1124 1658 1152; x_wconf 82' lang='lat' dir='ltr'><strong>calumnias</strong></span> <span class='ocrx_word' id='word_1_458' title='bbox 1671 1124 1727 1158; x_wconf 78' lang='lat' dir='ltr'><strong>ejus</strong></span> <span class='ocrx_word' id='word_1_459' title='bbox 1742 1125 1802 1159; x_wconf 86' lang='lat' dir='ltr'><strong>quis</strong></span> 
     </span>
    </p>
   </div>
   <div class='ocr_carea' id='block_1_64' title="bbox 1020 1169 1801 1204">
    <p class='ocr_par' dir='ltr' id='par_1_64' title="bbox 1020 1169 1801 1204">
     <span class='ocr_line' id='line_1_64' title="bbox 1020 1169 1801 1204; baseline 0 -8"><span class='ocrx_word' id='word_1_460' title='bbox 1020 1169 1174 1196; x_wconf 74' lang='lat' dir='ltr'><strong>enumeret?</strong></span> <span class='ocrx_word' id='word_1_461' title='bbox 1190 1177 1251 1196; x_wconf 90' lang='lat' dir='ltr'><strong>cum</strong></span> <span class='ocrx_word' id='word_1_462' title='bbox 1266 1177 1297 1196; x_wconf 85' lang='lat' dir='ltr'><strong>ea</strong></span> <span class='ocrx_word' id='word_1_463' title='bbox 1309 1177 1367 1204; x_wconf 66' lang='lat' dir='ltr'><strong>quae</strong></span> <span class='ocrx_word' id='word_1_464' title='bbox 1382 1169 1488 1195; x_wconf 83' lang='lat' dir='ltr'><strong>fuerant</strong></span> <span class='ocrx_word' id='word_1_465' title='bbox 1502 1177 1515 1195; x_wconf 91' lang='lat' dir='ltr'><strong>a</strong></span> <span class='ocrx_word' id='word_1_466' title='bbox 1532 1169 1609 1196; x_wconf 80' lang='lat' dir='ltr'><strong>Billio</strong></span> <span class='ocrx_word' id='word_1_467' title='bbox 1620 1170 1706 1197; x_wconf 90' lang='lat' dir='ltr'><strong>deleta</strong></span> <span class='ocrx_word' id='word_1_468' title='bbox 1724 1170 1801 1197; x_wconf 77' lang='lat' dir='ltr'><strong>linxit</strong></span> 
     </span>
    </p>
   </div>
   <div class='ocr_carea' id='block_1_65' title="bbox 1021 1215 1801 1251">
    <p class='ocr_par' dir='ltr' id='par_1_65' title="bbox 1021 1215 1801 1251">
     <span class='ocr_line' id='line_1_65' title="bbox 1021 1215 1801 1251; baseline 0.001 -9"><span class='ocrx_word' id='word_1_469' title='bbox 1021 1223 1034 1242; x_wconf 89' lang='lat' dir='ltr'><strong>a</strong></span> <span class='ocrx_word' id='word_1_470' title='bbox 1053 1216 1128 1243; x_wconf 88' lang='lat' dir='ltr'><strong>nobis</strong></span> <span class='ocrx_word' id='word_1_471' title='bbox 1146 1222 1233 1246; x_wconf 84' lang='lat' dir='ltr'><strong>erosa,</strong></span> <span class='ocrx_word' id='word_1_472' title='bbox 1259 1219 1287 1242; x_wconf 91' lang='lat' dir='ltr'><strong>ut</strong></span> <span class='ocrx_word' id='word_1_473' title='bbox 1306 1223 1366 1250; x_wconf 85' lang='lat' dir='ltr'><strong>pag.</strong></span> <span class='ocrx_word' id='word_1_474' title='bbox 1377 1215 1439 1247; x_wconf 76' lang='lat'><strong>359,</strong></span> <span class='ocrx_word' id='word_1_475' title='bbox 1455 1223 1480 1250; x_wconf 92' lang='lat' dir='ltr'><strong>p.</strong></span> <span class='ocrx_word' id='word_1_476' title='bbox 1493 1215 1555 1248; x_wconf 72' lang='lat'><strong>2:2,</strong></span> <span class='ocrx_word' id='word_1_477' title='bbox 1573 1215 1621 1247; x_wconf 83' lang='grc' dir='ltr'>Τίς</span> <span class='ocrx_word' id='word_1_478' title='bbox 1638 1216 1748 1251; x_wconf 75' lang='grc' dir='ltr'><strong>ἐκκόψει</strong></span> <span class='ocrx_word' id='word_1_479' title='bbox 1771 1217 1801 1244; x_wconf 83' lang='grc' dir='ltr'><strong>τὸ</strong></span> 
     </span>
    </p>
   </div>
   <div class='ocr_carea' id='block_1_66' title="bbox 1022 1260 1389 1296">
    <p class='ocr_par' dir='ltr' id='par_1_66' title="bbox 1022 1260 1389 1296">
     <span class='ocr_line' id='line_1_66' title="bbox 1022 1260 1389 1296; baseline 0 -10"><span class='ocrx_word' id='word_1_480' title='bbox 1022 1261 1133 1296; x_wconf 76' lang='grc' dir='ltr'><strong>κέντρον</strong></span> <span class='ocrx_word' id='word_1_481' title='bbox 1152 1261 1232 1294; x_wconf 78' lang='grc' dir='ltr'><strong>τῆσδε</strong></span> <span class='ocrx_word' id='word_1_482' title='bbox 1248 1260 1372 1296; x_wconf 77' lang='grc' dir='ltr'><strong>διαϐολῆς</strong></span> <span class='ocrx_word' id='word_1_483' title='bbox 1382 1269 1389 1293; x_wconf 87' lang='grc'>;</span> 
     </span>
    </p>
   </div>
   <div class='ocr_carea' id='block_1_67' title="bbox 1057 1306 1803 1341">
    <p class='ocr_par' dir='ltr' id='par_1_67' title="bbox 1057 1306 1803 1341">
     <span class='ocr_line' id='line_1_67' title="bbox 1057 1306 1803 1341; baseline 0.003 -9"><span class='ocrx_word' id='word_1_484' title='bbox 1057 1306 1113 1333; x_wconf 85' lang='lat' dir='ltr'><strong>Hoc</strong></span> <span class='ocrx_word' id='word_1_485' title='bbox 1135 1307 1265 1333; x_wconf 85' lang='lat' dir='ltr'><strong>duntaxat</strong></span> <span class='ocrx_word' id='word_1_486' title='bbox 1289 1307 1353 1341; x_wconf 86' lang='lat' dir='ltr'><strong>agit,</strong></span> <span class='ocrx_word' id='word_1_487' title='bbox 1376 1311 1406 1333; x_wconf 87' lang='lat' dir='ltr'><strong>ut</strong></span> <span class='ocrx_word' id='word_1_488' title='bbox 1429 1311 1547 1334; x_wconf 86' lang='lat' dir='ltr'><strong>nostram</strong></span> <span class='ocrx_word' id='word_1_489' title='bbox 1575 1307 1644 1334; x_wconf 85' lang='lat' dir='ltr'><strong>hanc</strong></span> <span class='ocrx_word' id='word_1_490' title='bbox 1671 1306 1803 1334; x_wconf 84' lang='lat' dir='ltr'><strong>Parisien-</strong></span> 
     </span>
    </p>
   </div>
   <div class='ocr_carea' id='block_1_68' title="bbox 1022 1353 1802 1387">
    <p class='ocr_par' dir='ltr' id='par_1_68' title="bbox 1022 1353 1802 1387">
     <span class='ocr_line' id='line_1_68' title="bbox 1022 1353 1802 1387; baseline 0.001 -7"><span class='ocrx_word' id='word_1_491' title='bbox 1022 1359 1078 1380; x_wconf 84' lang='lat' dir='ltr'><strong>sem</strong></span> <span class='ocrx_word' id='word_1_492' title='bbox 1100 1353 1245 1380; x_wconf 87' lang='lat' dir='ltr'><strong>editionem</strong></span> <span class='ocrx_word' id='word_1_493' title='bbox 1267 1353 1334 1380; x_wconf 77' lang='lat' dir='ltr'><strong>falso</strong></span> <span class='ocrx_word' id='word_1_494' title='bbox 1352 1358 1478 1387; x_wconf 88' lang='lat' dir='ltr'><strong>tanquam</strong></span> <span class='ocrx_word' id='word_1_495' title='bbox 1498 1354 1652 1382; x_wconf 87' lang='lat' dir='ltr'><strong>mendosam</strong></span> <span class='ocrx_word' id='word_1_496' title='bbox 1675 1359 1802 1382; x_wconf 86' lang='lat' dir='ltr'><strong>accuset:</strong></span> 
     </span>
    </p>
   </div>
   <div class='ocr_carea' id='block_1_69' title="bbox 1023 1398 1806 1434">
    <p class='ocr_par' dir='ltr' id='par_1_69' title="bbox 1023 1398 1806 1434">
     <span class='ocr_line' id='line_1_69' title="bbox 1023 1398 1806 1434; baseline 0.003 -10"><span class='ocrx_word' id='word_1_497' title='bbox 1023 1399 1127 1425; x_wconf 79' lang='lat' dir='ltr'><strong>tametsi</strong></span> <span class='ocrx_word' id='word_1_498' title='bbox 1147 1398 1211 1425; x_wconf 91' lang='lat' dir='ltr'><strong>nihil</strong></span> <span class='ocrx_word' id='word_1_499' title='bbox 1227 1398 1278 1425; x_wconf 84' lang='lat' dir='ltr'><strong>tale</strong></span> <span class='ocrx_word' id='word_1_500' title='bbox 1294 1399 1319 1425; x_wconf 91' lang='lat' dir='ltr'><strong>in</strong></span> <span class='ocrx_word' id='word_1_501' title='bbox 1335 1406 1365 1426; x_wconf 87' lang='lat' dir='ltr'><strong>ea</strong></span> <span class='ocrx_word' id='word_1_502' title='bbox 1388 1400 1547 1433; x_wconf 87' lang='lat' dir='ltr'><strong>reperiatur,</strong></span> <span class='ocrx_word' id='word_1_503' title='bbox 1571 1399 1650 1434; x_wconf 89' lang='lat' dir='ltr'><strong>quale</strong></span> <span class='ocrx_word' id='word_1_504' title='bbox 1665 1400 1721 1434; x_wconf 88' lang='lat' dir='ltr'><strong>ipse</strong></span> <span class='ocrx_word' id='word_1_505' title='bbox 1736 1407 1806 1427; x_wconf 86' lang='lat' dir='ltr'><strong>som-</strong></span> 
     </span>
    </p>
   </div>
   <div class='ocr_carea' id='block_1_70' title="bbox 1024 1443 1806 1477">
    <p class='ocr_par' dir='ltr' id='par_1_70' title="bbox 1024 1443 1806 1477">
     <span class='ocr_line' id='line_1_70' title="bbox 1024 1443 1806 1477; baseline 0.004 -7"><span class='ocrx_word' id='word_1_506' title='bbox 1024 1444 1079 1471; x_wconf 89' lang='lat' dir='ltr'><strong>niat</strong></span> <span class='ocrx_word' id='word_1_507' title='bbox 1090 1451 1097 1470; x_wconf 92' lang='lat'>:</span> <span class='ocrx_word' id='word_1_508' title='bbox 1109 1453 1118 1469; x_wconf 71' lang='grc' dir='ltr'>ι</span> <span class='ocrx_word' id='word_1_509' title='bbox 1135 1443 1190 1470; x_wconf 90' lang='lat' dir='ltr'><strong>Nec</strong></span> <span class='ocrx_word' id='word_1_510' title='bbox 1204 1448 1292 1470; x_wconf 88' lang='lat' dir='ltr'><strong>mente</strong></span> <span class='ocrx_word' id='word_1_511' title='bbox 1312 1444 1463 1477; x_wconf 68' lang='lat' dir='ltr'><strong>innocens,»</strong></span> <span class='ocrx_word' id='word_1_512' title='bbox 1480 1449 1508 1472; x_wconf 89' lang='lat' dir='ltr'><strong>ut</strong></span> <span class='ocrx_word' id='word_1_513' title='bbox 1525 1445 1725 1473; x_wconf 83' lang='lat' dir='ltr'><strong>D.Ambrosius</strong></span> <span class='ocrx_word' id='word_1_514' title='bbox 1739 1446 1806 1473; x_wconf 82' lang='lat' dir='ltr'><strong>scri-</strong></span> 
     </span>
    </p>
   </div>
   <div class='ocr_carea' id='block_1_71' title="bbox 1023 1489 1804 1527">
    <p class='ocr_par' dir='ltr' id='par_1_71' title="bbox 1023 1489 1804 1527">
     <span class='ocr_line' id='line_1_71' title="bbox 1023 1489 1804 1527; baseline 0.001 -10"><span class='ocrx_word' id='word_1_515' title='bbox 1023 1489 1072 1523; x_wconf 90' lang='lat' dir='ltr'><strong>bit,</strong></span> <span class='ocrx_word' id='word_1_516' title='bbox 1087 1499 1096 1516; x_wconf 82' lang='grc'><strong><em>‹</em></strong></span> <span class='ocrx_word' id='word_1_517' title='bbox 1106 1495 1132 1517; x_wconf 90' lang='lat' dir='ltr'><strong>et</strong></span> <span class='ocrx_word' id='word_1_518' title='bbox 1143 1498 1222 1517; x_wconf 87' lang='lat' dir='ltr'><strong>manu</strong></span> <span class='ocrx_word' id='word_1_519' title='bbox 1237 1489 1357 1518; x_wconf 62' lang='lat' dir='ltr'><strong>feralisn</strong></span> <span class='ocrx_word' id='word_1_520' title='bbox 1372 1490 1479 1518; x_wconf 89' lang='lat' dir='ltr'><strong>lnterim</strong></span> <span class='ocrx_word' id='word_1_521' title='bbox 1490 1492 1584 1526; x_wconf 85' lang='lat' dir='ltr'><strong>cymba</strong></span> <span class='ocrx_word' id='word_1_522' title='bbox 1598 1497 1691 1519; x_wconf 73' lang='lat' dir='ltr'><strong>nostra</strong></span> <span class='ocrx_word' id='word_1_523' title='bbox 1702 1492 1804 1527; x_wconf 77' lang='grc' dir='ltr'>κύμασι</span> 
     </span>
    </p>
   </div>
   <div class='ocr_carea' id='block_1_72' title="bbox 1024 1535 1804 1572">
    <p class='ocr_par' dir='ltr' id='par_1_72' title="bbox 1024 1535 1804 1572">
     <span class='ocr_line' id='line_1_72' title="bbox 1024 1535 1804 1572; baseline 0.001 -8"><span class='ocrx_word' id='word_1_524' title='bbox 1024 1537 1229 1570; x_wconf 78' lang='grc' dir='ltr'><strong>συκοφαντικοῖς</strong></span> <span class='ocrx_word' id='word_1_525' title='bbox 1249 1536 1348 1570; x_wconf 79' lang='lat' dir='ltr'><strong>agitata</strong></span> <span class='ocrx_word' id='word_1_526' title='bbox 1369 1535 1488 1565; x_wconf 84' lang='lat' dir='ltr'><strong>ﬂuctuat.</strong></span> <span class='ocrx_word' id='word_1_527' title='bbox 1503 1537 1555 1564; x_wconf 89' lang='lat' dir='ltr'><strong>Sed</strong></span> <span class='ocrx_word' id='word_1_528' title='bbox 1579 1538 1637 1566; x_wconf 70' lang='lat' dir='ltr'><strong>haec</strong></span> <span class='ocrx_word' id='word_1_529' title='bbox 1657 1537 1804 1572; x_wconf 68' lang='lat' dir='ltr'><strong>sigillatim.</strong></span> 
     </span>
    </p>
   </div>
   <div class='ocr_carea' id='block_1_73' title="bbox 1025 1581 1807 1616">
    <p class='ocr_par' dir='ltr' id='par_1_73' title="bbox 1025 1581 1807 1616">
     <span class='ocr_line' id='line_1_73' title="bbox 1025 1581 1807 1616; baseline 0.003 -7"><span class='ocrx_word' id='word_1_530' title='bbox 1025 1583 1108 1611; x_wconf 88' lang='lat' dir='ltr'><strong>lector</strong></span> <span class='ocrx_word' id='word_1_531' title='bbox 1132 1581 1282 1616; x_wconf 65' lang='lat' dir='ltr'><strong>atquissime</strong></span> <span class='ocrx_word' id='word_1_532' title='bbox 1296 1602 1302 1613; x_wconf 89' lang='lat'><strong>,</strong></span> <span class='ocrx_word' id='word_1_533' title='bbox 1323 1589 1356 1608; x_wconf 82' lang='lat' dir='ltr'><strong>ex</strong></span> <span class='ocrx_word' id='word_1_534' title='bbox 1373 1587 1494 1609; x_wconf 87' lang='lat' dir='ltr'><strong>notarmn</strong></span> <span class='ocrx_word' id='word_1_535' title='bbox 1518 1587 1671 1610; x_wconf 88' lang='lat' dir='ltr'><strong>nostrarum</strong></span> <span class='ocrx_word' id='word_1_536' title='bbox 1693 1583 1807 1611; x_wconf 88' lang='lat' dir='ltr'><strong>lectione</strong></span> 
     </span>
    </p>
   </div>
   <div class='ocr_carea' id='block_1_74' title="bbox 1026 1627 1808 1664">
    <p class='ocr_par' dir='ltr' id='par_1_74' title="bbox 1026 1627 1808 1664">
     <span class='ocr_line' id='line_1_74' title="bbox 1026 1627 1808 1664; baseline -0.001 -8"><span class='ocrx_word' id='word_1_537' title='bbox 1026 1629 1131 1664; x_wconf 85' lang='lat' dir='ltr'><strong>penitus</strong></span> <span class='ocrx_word' id='word_1_538' title='bbox 1157 1635 1312 1662; x_wconf 83' lang='lat' dir='ltr'><strong>cognosces.</strong></span> <span class='ocrx_word' id='word_1_539' title='bbox 1338 1627 1426 1655; x_wconf 89' lang='lat' dir='ltr'><strong>Unum</strong></span> <span class='ocrx_word' id='word_1_540' title='bbox 1448 1628 1513 1656; x_wconf 90' lang='lat' dir='ltr'><strong>illud</strong></span> <span class='ocrx_word' id='word_1_541' title='bbox 1540 1629 1655 1662; x_wconf 86' lang='lat' dir='ltr'><strong>addam,</strong></span> <span class='ocrx_word' id='word_1_542' title='bbox 1681 1637 1742 1657; x_wconf 93' lang='lat' dir='ltr'><strong>cum</strong></span> <span class='ocrx_word' id='word_1_543' title='bbox 1763 1629 1808 1656; x_wconf 88' lang='lat' dir='ltr'><strong>ille</strong></span> 
     </span>
    </p>
   </div>
   <div class='ocr_carea' id='block_1_75' title="bbox 1026 1673 1807 1710">
    <p class='ocr_par' dir='ltr' id='par_1_75' title="bbox 1026 1673 1807 1710">
     <span class='ocr_line' id='line_1_75' title="bbox 1026 1673 1807 1710; baseline 0.001 -9"><span class='ocrx_word' id='word_1_544' title='bbox 1026 1673 1103 1701; x_wconf 78' lang='lat' dir='ltr'><strong>nobis</strong></span> <span class='ocrx_word' id='word_1_545' title='bbox 1122 1673 1236 1708; x_wconf 84' lang='lat' dir='ltr'><strong>Epicteti</strong></span> <span class='ocrx_word' id='word_1_546' title='bbox 1253 1673 1388 1700; x_wconf 86' lang='lat' dir='ltr'><strong>lucernam</strong></span> <span class='ocrx_word' id='word_1_547' title='bbox 1412 1674 1564 1709; x_wconf 84' lang='lat' dir='ltr'><strong>exprobret,</strong></span> <span class='ocrx_word' id='word_1_548' title='bbox 1579 1675 1640 1710; x_wconf 91' lang='lat' dir='ltr'><strong>jure</strong></span> <span class='ocrx_word' id='word_1_549' title='bbox 1664 1682 1713 1702; x_wconf 90' lang='lat' dir='ltr'><strong>nos</strong></span> <span class='ocrx_word' id='word_1_550' title='bbox 1728 1682 1807 1710; x_wconf 84' lang='lat' dir='ltr'><strong>posse</strong></span> 
     </span>
    </p>
   </div>
   <div class='ocr_carea' id='block_1_76' title="bbox 1027 1719 1807 1753">
    <p class='ocr_par' dir='ltr' id='par_1_76' title="bbox 1027 1719 1807 1753">
     <span class='ocr_line' id='line_1_76' title="bbox 1027 1719 1807 1753; baseline 0.001 -6"><span class='ocrx_word' id='word_1_551' title='bbox 1027 1719 1152 1753; x_wconf 85' lang='lat' dir='ltr'><strong>Diogenis</strong></span> <span class='ocrx_word' id='word_1_552' title='bbox 1173 1719 1262 1753; x_wconf 88' lang='lat' dir='ltr'><strong>potius</strong></span> <span class='ocrx_word' id='word_1_553' title='bbox 1286 1719 1422 1746; x_wconf 88' lang='lat' dir='ltr'><strong>lucernam</strong></span> <span class='ocrx_word' id='word_1_554' title='bbox 1447 1727 1596 1753; x_wconf 89' lang='lat' dir='ltr'><strong>assumere,</strong></span> <span class='ocrx_word' id='word_1_555' title='bbox 1619 1725 1648 1748; x_wconf 90' lang='lat' dir='ltr'><strong>ut</strong></span> <span class='ocrx_word' id='word_1_556' title='bbox 1672 1721 1807 1749; x_wconf 89' lang='lat' dir='ltr'><strong>hominem</strong></span> 
     </span>
    </p>
   </div>
   <div class='ocr_carea' id='block_1_77' title="bbox 1026 1763 1806 1798">
    <p class='ocr_par' dir='ltr' id='par_1_77' title="bbox 1026 1763 1806 1798">
     <span class='ocr_line' id='line_1_77' title="bbox 1026 1763 1806 1798; baseline 0.001 -6"><span class='ocrx_word' id='word_1_557' title='bbox 1026 1765 1053 1792; x_wconf 91' lang='lat' dir='ltr'><strong>in</strong></span> <span class='ocrx_word' id='word_1_558' title='bbox 1076 1763 1134 1798; x_wconf 82' lang='lat' dir='ltr'><strong>ejus</strong></span> <span class='ocrx_word' id='word_1_559' title='bbox 1156 1764 1264 1798; x_wconf 88' lang='lat' dir='ltr'><strong>scriptis</strong></span> <span class='ocrx_word' id='word_1_560' title='bbox 1283 1771 1454 1798; x_wconf 63' lang='lat' dir='ltr'><strong>quieramus:</strong></span> <span class='ocrx_word' id='word_1_561' title='bbox 1470 1765 1536 1792; x_wconf 84' lang='lat' dir='ltr'><strong>nihil</strong></span> <span class='ocrx_word' id='word_1_562' title='bbox 1552 1766 1624 1793; x_wconf 90' lang='lat' dir='ltr'><strong>enim</strong></span> <span class='ocrx_word' id='word_1_563' title='bbox 1647 1766 1674 1793; x_wconf 94' lang='lat' dir='ltr'><strong>in</strong></span> <span class='ocrx_word' id='word_1_564' title='bbox 1694 1766 1738 1793; x_wconf 86' lang='lat' dir='ltr'><strong>his</strong></span> <span class='ocrx_word' id='word_1_565' title='bbox 1755 1766 1806 1793; x_wconf 94' lang='lat' dir='ltr'><strong>hu-</strong></span> 
     </span>
    </p>
   </div>
   <div class='ocr_carea' id='block_1_78' title="bbox 1025 1809 1808 1844">
    <p class='ocr_par' dir='ltr' id='par_1_78' title="bbox 1025 1809 1808 1844">
     <span class='ocr_line' id='line_1_78' title="bbox 1025 1809 1808 1844; baseline 0.004 -7"><span class='ocrx_word' id='word_1_566' title='bbox 1025 1810 1177 1842; x_wconf 88' lang='lat' dir='ltr'><strong>manitatis,</strong></span> <span class='ocrx_word' id='word_1_567' title='bbox 1201 1810 1268 1837; x_wconf 91' lang='lat' dir='ltr'><strong>nihil</strong></span> <span class='ocrx_word' id='word_1_568' title='bbox 1291 1809 1439 1842; x_wconf 74' lang='grc' dir='ltr'>ἐπιεικείας</span> <span class='ocrx_word' id='word_1_569' title='bbox 1463 1811 1597 1844; x_wconf 88' lang='lat' dir='ltr'><strong>occurrit;</strong></span> <span class='ocrx_word' id='word_1_570' title='bbox 1624 1819 1683 1839; x_wconf 92' lang='lat' dir='ltr'><strong>cum</strong></span> <span class='ocrx_word' id='word_1_571' title='bbox 1705 1811 1748 1840; x_wconf 83' lang='lat' dir='ltr'><strong>vel</strong></span> <span class='ocrx_word' id='word_1_572' title='bbox 1769 1812 1808 1840; x_wconf 81' lang='lat' dir='ltr'><strong>ie-</strong></span> 
     </span>
    </p>
   </div>
   <div class='ocr_carea' id='block_1_79' title="bbox 1028 1855 1809 1892">
    <p class='ocr_par' dir='ltr' id='par_1_79' title="bbox 1028 1855 1809 1892">
     <span class='ocr_line' id='line_1_79' title="bbox 1028 1855 1809 1892; baseline 0.003 -10"><span class='ocrx_word' id='word_1_573' title='bbox 1028 1856 1135 1883; x_wconf 85' lang='lat' dir='ltr'><strong>vissima</strong></span> <span class='ocrx_word' id='word_1_574' title='bbox 1160 1855 1313 1891; x_wconf 78' lang='grc' dir='ltr'><strong>σφάλματα,</strong></span> <span class='ocrx_word' id='word_1_575' title='bbox 1338 1861 1464 1890; x_wconf 88' lang='lat' dir='ltr'><strong>tanquam</strong></span> <span class='ocrx_word' id='word_1_576' title='bbox 1482 1861 1601 1884; x_wconf 88' lang='lat' dir='ltr'><strong>monstra</strong></span> <span class='ocrx_word' id='word_1_577' title='bbox 1618 1857 1739 1892; x_wconf 60' lang='lat' dir='ltr'><strong>quadam</strong></span> <span class='ocrx_word' id='word_1_578' title='bbox 1760 1857 1809 1885; x_wconf 88' lang='lat' dir='ltr'><strong>ob-</strong></span> 
     </span>
    </p>
   </div>
   <div class='ocr_carea' id='block_1_80' title="bbox 1029 1902 1808 1938">
    <p class='ocr_par' dir='ltr' id='par_1_80' title="bbox 1029 1902 1808 1938">
     <span class='ocr_line' id='line_1_80' title="bbox 1029 1902 1808 1938; baseline 0.003 -10"><span class='ocrx_word' id='word_1_579' title='bbox 1029 1902 1205 1936; x_wconf 84' lang='lat' dir='ltr'><strong>stupesccndo</strong></span> <span class='ocrx_word' id='word_1_580' title='bbox 1232 1902 1393 1935; x_wconf 83' lang='lat' dir='ltr'><strong>detestetur,</strong></span> <span class='ocrx_word' id='word_1_581' title='bbox 1418 1906 1445 1929; x_wconf 83' lang='lat' dir='ltr'><strong>et</strong></span> <span class='ocrx_word' id='word_1_582' title='bbox 1472 1910 1505 1929; x_wconf 79' lang='lat' dir='ltr'><strong>ex</strong></span> <span class='ocrx_word' id='word_1_583' title='bbox 1521 1909 1613 1930; x_wconf 85' lang='lat' dir='ltr'><strong>musca</strong></span> <span class='ocrx_word' id='word_1_584' title='bbox 1636 1902 1728 1938; x_wconf 78' lang='lat' dir='ltr'><strong>gignat</strong></span> <span class='ocrx_word' id='word_1_585' title='bbox 1752 1902 1808 1930; x_wconf 90' lang='lat' dir='ltr'><strong>ele-</strong></span> 
     </span>
    </p>
   </div>
   <div class='ocr_carea' id='block_1_81' title="bbox 1029 1949 1167 1983">
    <p class='ocr_par' dir='ltr' id='par_1_81' title="bbox 1029 1949 1167 1983">
     <span class='ocr_line' id='line_1_81' title="bbox 1029 1949 1167 1983; baseline 0 -9"><span class='ocrx_word' id='word_1_586' title='bbox 1029 1949 1167 1983; x_wconf 81' lang='lat' dir='ltr'><strong>phantom.</strong></span> 
     </span>
    </p>
   </div>
   <div class='ocr_carea' id='block_1_82' title="bbox 201 2055 1789 2068">
    <p class='ocr_par' dir='ltr' id='par_1_82' title="bbox 201 2055 1789 2068">
     <span class='ocr_line' id='line_1_82' title="bbox 201 2055 1789 2068; baseline 0 -2"><span class='ocrx_word' id='word_1_587' title='bbox 201 2055 1789 2068; x_wconf 47' lang='grc' dir='ltr'>Μ</span> 
     </span>
    </p>
   </div>
   <div class='ocr_carea' id='block_1_83' title="bbox 630 2138 1368 2185">
    <p class='ocr_par' dir='ltr' id='par_1_83' title="bbox 630 2138 1368 2185">
     <span class='ocr_line' id='line_1_83' title="bbox 630 2138 1368 2185; baseline 0.003 -2"><span class='ocrx_word' id='word_1_588' title='bbox 630 2138 894 2184; x_wconf 88' lang='lat' dir='ltr'><strong>EJUSDEM</strong></span> <span class='ocrx_word' id='word_1_589' title='bbox 934 2138 1065 2182; x_wconf 87' lang='lat' dir='ltr'><strong>FED.</strong></span> <span class='ocrx_word' id='word_1_590' title='bbox 1103 2138 1368 2185; x_wconf 79' lang='lat' dir='ltr'><strong>MORELLI</strong></span> 
     </span>
    </p>
   </div>
   <div class='ocr_carea' id='block_1_84' title="bbox 897 2234 1105 2265">
    <p class='ocr_par' dir='ltr' id='par_1_84' title="bbox 897 2234 1105 2265">
     <span class='ocr_line' id='line_1_84' title="bbox 897 2234 1105 2265; baseline -0.005 0"><span class='ocrx_word' id='word_1_591' title='bbox 897 2234 1105 2265; x_wconf 88' lang='lat' dir='ltr'><strong>PHALEUCII.</strong></span> 
     </span>
    </p>
   </div>
   <div class='ocr_carea' id='block_1_85' title="bbox 624 2381 1299 2423">
    <p class='ocr_par' dir='ltr' id='par_1_85' title="bbox 624 2381 1299 2423">
     <span class='ocr_line' id='line_1_85' title="bbox 624 2381 1299 2423; baseline 0.001 -10"><span class='ocrx_word' id='word_1_592' title='bbox 624 2381 753 2423; x_wconf 54' lang='lat' dir='ltr'><strong>E‘aulum</strong></span> <span class='ocrx_word' id='word_1_593' title='bbox 784 2381 967 2423; x_wconf 71' lang='lat' dir='ltr'><strong>Christigeni</strong></span> <span class='ocrx_word' id='word_1_594' title='bbox 994 2383 1105 2423; x_wconf 41' lang='lat' dir='ltr'><strong>gregis,</strong></span> <span class='ocrx_word' id='word_1_595' title='bbox 1120 2392 1299 2423; x_wconf 87' lang='lat' dir='ltr'><strong>supremum</strong></span> 
     </span>
    </p>
   </div>
   <div class='ocr_carea' id='block_1_86' title="bbox 625 2421 1262 2460">
    <p class='ocr_par' dir='ltr' id='par_1_86' title="bbox 625 2421 1262 2460">
     <span class='ocr_line' id='line_1_86' title="bbox 625 2421 1262 2460; baseline 0 -8"><span class='ocrx_word' id='word_1_596' title='bbox 625 2422 783 2452; x_wconf 80' lang='lat' dir='ltr'><strong>Pastorem</strong></span> <span class='ocrx_word' id='word_1_597' title='bbox 795 2421 828 2452; x_wconf 89' lang='lat' dir='ltr'><strong>in</strong></span> <span class='ocrx_word' id='word_1_598' title='bbox 840 2422 986 2452; x_wconf 84' lang='lat' dir='ltr'><strong>cathedra</strong></span> <span class='ocrx_word' id='word_1_599' title='bbox 999 2422 1079 2452; x_wconf 86' lang='lat' dir='ltr'><strong>Petri</strong></span> <span class='ocrx_word' id='word_1_600' title='bbox 1093 2421 1262 2460; x_wconf 78' lang='lat' dir='ltr'><strong>sedentem,</strong></span> 
     </span>
    </p>
   </div>
   <div class='ocr_carea' id='block_1_87' title="bbox 625 2460 1262 2501">
    <p class='ocr_par' dir='ltr' id='par_1_87' title="bbox 625 2460 1262 2501">
     <span class='ocr_line' id='line_1_87' title="bbox 625 2460 1262 2501; baseline 0.005 -11"><span class='ocrx_word' id='word_1_601' title='bbox 625 2461 739 2501; x_wconf 84' lang='lat' dir='ltr'><strong>Ingens</strong></span> <span class='ocrx_word' id='word_1_602' title='bbox 764 2461 942 2501; x_wconf 81' lang='lat' dir='ltr'><strong>Gregorius.</strong></span> <span class='ocrx_word' id='word_1_603' title='bbox 967 2460 1064 2492; x_wconf 87' lang='lat' dir='ltr'><strong>decus</strong></span> <span class='ocrx_word' id='word_1_604' title='bbox 1088 2462 1262 2501; x_wconf 80' lang='lat' dir='ltr'><strong>Pelasgum,</strong></span> 
     </span>
    </p>
   </div>
   <div class='ocr_carea' id='block_1_88' title="bbox 626 2500 1089 2569">
    <p class='ocr_par' dir='ltr' id='par_1_88' title="bbox 626 2500 1089 2569">
     <span class='ocr_line' id='line_1_88' title="bbox 626 2500 1089 2569; baseline 0.002 -39"><span class='ocrx_word' id='word_1_605' title='bbox 626 2500 760 2530; x_wconf 82' lang='lat' dir='ltr'><strong>Antistes</strong></span> <span class='ocrx_word' id='word_1_606' title='bbox 774 2500 845 2569; x_wconf 52' lang='lat' dir='ltr'><strong>gius</strong></span> <span class='ocrx_word' id='word_1_607' title='bbox 858 2500 911 2530; x_wconf 87' lang='lat' dir='ltr'><strong>ille</strong></span> <span class='ocrx_word' id='word_1_608' title='bbox 925 2500 1068 2531; x_wconf 79' lang='lat' dir='ltr'><strong>Nazianzi</strong></span> <span class='ocrx_word' id='word_1_609' title='bbox 1082 2524 1089 2537; x_wconf 86' lang='lat'><strong>,</strong></span> 
     </span>
     <span class='ocr_line' id='line_1_89' title="bbox 627 2539 1089 2569; baseline 0 0"><span class='ocrx_word' id='word_1_610' title='bbox 627 2539 760 2569; x_wconf 82' lang='lat' dir='ltr'><strong>Romam</strong></span> <span class='ocrx_word' id='word_1_611' title='bbox 799 2539 899 2569; x_wconf 84' lang='lat' dir='ltr'><strong>arisiis</strong></span> <span class='ocrx_word' id='word_1_612' title='bbox 914 2543 1026 2569; x_wconf 82' lang='lat' dir='ltr'><strong>Detens</strong></span> <span class='ocrx_word' id='word_1_613' title='bbox 1038 2539 1089 2569; x_wconf 87' lang='lat' dir='ltr'><strong>reli</strong></span> 
     </span>
    </p>
   </div>
   <div class='ocr_carea' id='block_1_89' title="bbox 627 2539 760 2569">
    <p class='ocr_par' dir='ltr' id='par_1_89' title="bbox 627 2539 760 2569">
     <span class='ocr_line' id='line_1_90' title="bbox 627 2539 760 2569; baseline 0 0"><span class='ocrx_word' id='word_1_614' title='bbox 627 2539 760 2569; x_wconf 82' lang='lat' dir='ltr'><strong>Romam</strong></span> 
     </span>
    </p>
   </div>
   <div class='ocr_carea' id='block_1_90' title="bbox 799 2539 1164 2579">
    <p class='ocr_par' dir='ltr' id='par_1_90' title="bbox 799 2539 1164 2579">
     <span class='ocr_line' id='line_1_91' title="bbox 799 2539 1164 2579; baseline 0.003 -9"><span class='ocrx_word' id='word_1_615' title='bbox 799 2539 899 2579; x_wconf 79' lang='lat' dir='ltr'><strong>arisiis</strong></span> <span class='ocrx_word' id='word_1_616' title='bbox 914 2543 1026 2579; x_wconf 86' lang='lat' dir='ltr'><strong>petens</strong></span> <span class='ocrx_word' id='word_1_617' title='bbox 1038 2539 1164 2577; x_wconf 86' lang='lat' dir='ltr'><strong>relictis,</strong></span> 
     </span>
    </p>
   </div>
   <div class='ocr_carea' id='block_1_91' title="bbox 626 2578 1158 2610">
    <p class='ocr_par' dir='ltr' id='par_1_91' title="bbox 626 2578 1158 2610">
     <span class='ocr_line' id='line_1_92' title="bbox 626 2578 1158 2610; baseline 0.004 -2"><span class='ocrx_word' id='word_1_618' title='bbox 626 2579 662 2608; x_wconf 87' lang='lat' dir='ltr'><strong>Et</strong></span> <span class='ocrx_word' id='word_1_619' title='bbox 690 2579 781 2609; x_wconf 86' lang='lat' dir='ltr'><strong>Graio</strong></span> <span class='ocrx_word' id='word_1_620' title='bbox 807 2578 972 2609; x_wconf 68' lang='lat' dir='ltr'><strong>decoratus</strong></span> <span class='ocrx_word' id='word_1_621' title='bbox 999 2581 1030 2609; x_wconf 88' lang='lat' dir='ltr'><strong>et</strong></span> <span class='ocrx_word' id='word_1_622' title='bbox 1051 2579 1158 2610; x_wconf 82' lang='lat' dir='ltr'><strong>Latino</strong></span> 
     </span>
    </p>
   </div>
   <div class='ocr_carea' id='block_1_92' title="bbox 625 2617 1170 2655">
    <p class='ocr_par' dir='ltr' id='par_1_92' title="bbox 625 2617 1170 2655">
     <span class='ocr_line' id='line_1_93' title="bbox 625 2617 1170 2655; baseline 0.004 -8"><span class='ocrx_word' id='word_1_623' title='bbox 625 2617 714 2648; x_wconf 87' lang='lat' dir='ltr'><strong>Cultu</strong></span> <span class='ocrx_word' id='word_1_624' title='bbox 739 2617 828 2648; x_wconf 78' lang='lat' dir='ltr'><strong>laetus</strong></span> <span class='ocrx_word' id='word_1_625' title='bbox 851 2618 925 2655; x_wconf 87' lang='lat' dir='ltr'><strong>adit,</strong></span> <span class='ocrx_word' id='word_1_626' title='bbox 954 2618 1082 2655; x_wconf 82' lang='lat' dir='ltr'><strong>salutat,</strong></span> <span class='ocrx_word' id='word_1_627' title='bbox 1107 2620 1170 2650; x_wconf 76' lang='lat' dir='ltr'><strong>orat&quot;</strong></span> 
     </span>
    </p>
   </div>
   <div class='ocr_carea' id='block_1_93' title="bbox 625 2657 1297 2699">
    <p class='ocr_par' dir='ltr' id='par_1_93' title="bbox 625 2657 1297 2699">
     <span class='ocr_line' id='line_1_94' title="bbox 625 2657 1297 2699; baseline 0.004 -12"><span class='ocrx_word' id='word_1_628' title='bbox 625 2657 666 2699; x_wconf 65' lang='grc' dir='ltr'>Ψ</span> <span class='ocrx_word' id='word_1_629' title='bbox 689 2658 789 2688; x_wconf 85' lang='lat' dir='ltr'><strong>Roma</strong></span> <span class='ocrx_word' id='word_1_630' title='bbox 815 2657 966 2699; x_wconf 67' lang='lat' dir='ltr'><strong>incolumi</strong></span> <span class='ocrx_word' id='word_1_631' title='bbox 992 2661 1051 2689; x_wconf 84' lang='lat' dir='ltr'><strong>stet</strong></span> <span class='ocrx_word' id='word_1_632' title='bbox 1073 2658 1142 2699; x_wconf 84' lang='lat' dir='ltr'><strong>ipse</strong></span> <span class='ocrx_word' id='word_1_633' title='bbox 1157 2661 1297 2699; x_wconf 84' lang='lat' dir='ltr'><strong>utraque,</strong></span> 
     </span>
    </p>
   </div>
   <div class='ocr_carea' id='block_1_94' title="bbox 627 2696 1282 2737">
    <p class='ocr_par' dir='ltr' id='par_1_94' title="bbox 627 2696 1282 2737">
     <span class='ocr_line' id='line_1_95' title="bbox 627 2696 1282 2737; baseline 0.005 -11"><span class='ocrx_word' id='word_1_634' title='bbox 627 2696 714 2727; x_wconf 85' lang='lat' dir='ltr'><strong>Casta</strong></span> <span class='ocrx_word' id='word_1_635' title='bbox 726 2699 760 2727; x_wconf 90' lang='lat' dir='ltr'><strong>ut</strong></span> <span class='ocrx_word' id='word_1_636' title='bbox 773 2697 887 2737; x_wconf 83' lang='lat' dir='ltr'><strong>scripta</strong></span> <span class='ocrx_word' id='word_1_637' title='bbox 900 2697 1044 2736; x_wconf 81' lang='lat' dir='ltr'><strong>legantur</strong></span> <span class='ocrx_word' id='word_1_638' title='bbox 1058 2696 1134 2729; x_wconf 73' lang='lat' dir='ltr'><strong>orbe</strong></span> <span class='ocrx_word' id='word_1_639' title='bbox 1150 2696 1246 2729; x_wconf 57' lang='lat' dir='ltr'><strong>toto.&quot;</strong></span> <span class='ocrx_word' id='word_1_640' title='bbox 1277 2704 1282 2710; x_wconf 88' lang='lat'>&#39;</span> 
     </span>
    </p>
   </div>
  </div>
