2070 3135
246 163 314 206 ’δᾶνι

854 169 1066 197 MONTACUTH
1086 169 1282 199 PREFATIO.

1818 169 1870 196 368

260 253 1471 266 ___________‘____—__—_———_—_

257 336 524 361 REVERENDISSIMO
538 335 570 357 IN
584 334 712 356 CIIRISTO
726 333 816 355 PATR!
834 333 872 354 AC
889 332 1023 360 DOMINO,
1038 331 1158 353 DOMINO
1176 331 1346 359 RICHARDO,
1371 331 1598 353 CANTUABJENSI
1618 329 1870 360 ARCHIEPISCOPO,

688 384 799 406 TOTIUS
816 382 936 405 ANGLUE
955 382 1082 404 PRIMATI
1103 382 1140 403 ET
1162 381 1428 403 METROPOLITANO.

804 457 852 489 (Ex
868 456 939 483 Edit.
955 455 1101 483 Montacut.
1119 454 1212 481 Etona:
1225 453 1314 489 1610.)

287 615 466 650 Antiquorum
491 613 616 641 Ecclesia:
637 612 745 639 Patrum
768 612 867 646 scripta
894 611 982 646 (quod
1007 616 1034 639 tu
1050 613 1074 642 Α
1087 611 1115 638 in
1129 610 1255 646 squalore
1280 611 1421 644 despectus
1440 608 1539 644 jaceat.
1556 609 1635 637 Anno
1658 609 1800 638 ediderunt
1815 610 1869 637 Na-

253 660 363 688 tninime
377 661 496 695 ignoras,
518 657 845 692 reverendissimePater)
865 657 978 684 multum
993 657 1035 684 in-

254 705 349 732 tererit
360 705 399 732 rei
411 704 582 736 Christianae,
596 710 676 737 quam
691 703 908 730 emendatissima
921 702 1032 729 circum-

252 750 328 778 ferri.
345 750 430 782 Nam,
445 755 473 777 et
485 750 510 775 oi
527 748 556 782 ἐξ
576 748 700 780 ἐναντίας
724 748 819 775 Patres
851 752 977 782 crepant,
1005 752 1035 774 ut

250 795 356 830 iuratos
371 796 397 822 in
412 801 522 822 causam
537 801 612 821 suam
633 799 724 825 testes,
739 798 767 819 et
779 793 812 819 ad
834 791 940 823 Patres,
955 797 984 819 ut
998 791 1031 818 ad

252 847 407 874 supremum
423 838 548 872 tribunal,
562 845 668 872 semper
682 837 709 864 in
726 837 799 863 omni
817 837 965 870 quaestione
989 842 1033 862 so-

252 885 309 913 lent
321 891 489 919 provocare:
507 888 535 911 et
552 891 600 910 nos
616 883 730 910 libenter
745 882 771 908 in
789 881 971 909 controversis
986 881 1035 909 do-

255 931 405 966 gmatibus,
421 937 468 958 eos
486 928 564 956 facile
585 928 751 955 admittimus
775 927 938 954 diribitores.
964 926 1030 953 Nam

253 981 317 1005 sunt
340 975 479 1011 religionis
499 974 661 1002 Christiana:
686 979 828 1007 proceres.
846 972 975 999 doctrinae
992 979 1034 999 re-

253 1022 347 1050 velata:
367 1019 562 1056 promi-condi,
581 1026 660 1054 quam
678 1018 711 1045 ab
727 1017 854 1053 apostolis
873 1017 1033 1049 derivatam,

253 1071 383 1102 perpetua
401 1065 478 1099 praxi
496 1063 680 1092 conﬁrmatam
696 1064 730 1090 ad
754 1067 844 1089 nostra
865 1069 950 1096 usque
965 1065 1033 1088 tem-

253 1120 319 1146 pora
338 1111 552 1139 transmiserunt.
564 1109 707 1143 Quocirca.
721 1116 777 1135 rem
793 1108 859 1142 ipsis
875 1108 1032 1143 gloriosam,

253 1158 309 1186 Deo
330 1161 478 1193 procurant
491 1156 702 1191 perplaceutem,
720 1154 872 1188 reipublica:
894 1154 984 1180 utilem
1007 1159 1035 1180 et

253 1203 388 1232 communi
406 1210 505 1236 causae,
523 1202 568 1237 qui
581 1201 607 1228 in
620 1200 775 1228 evolvendis
787 1198 896 1226 Patrum
909 1199 1028 1233 scriptis,

253 1254 332 1284 atque
344 1248 396 1276 illis
409 1247 605 1279 emaculandis,
617 1251 644 1273 et
655 1253 726 1273 nunc
737 1251 763 1272 et
777 1245 841 1272 olim
855 1239 1032 1272 desudarunt.

1087 658 1246 684 zianzenum
1271 655 1438 683 Parisienkes
1468 654 1722 687 Latino-Graecum.
1744 657 1790 684 sed
1819 664 1869 684 nec

1087 703 1222 736 integrum
1235 723 1242 735 ,
1257 707 1285 729 et
1302 702 1424 736 plurimis
1438 702 1543 729 mendis
1566 709 1615 736 per
1629 708 1761 728 summam
1776 702 1865 736 negli-

1085 749 1205 783 gentiam
1222 748 1413 775 deformatum.
1432 748 1546 780 Actum,
1565 747 1636 782 quod
1650 747 1758 781 dicitur,
1776 748 1865 775 nolui-

1085 802 1146 822 mus
1166 801 1264 829 agere,
1287 799 1315 821 at
1331 794 1522 829 castigationes
1544 793 1622 820 valde
1644 794 1821 826 necessarias,
1835 802 1868 822 ex

1086 840 1177 868 multis
1203 840 1365 868 membranis
1393 840 1522 868 collectas
1555 839 1582 866 in
1608 847 1704 867 omnes
1727 840 1864 867 orationes

1085 885 1189 913 edimus
1205 890 1233 913 et
1248 886 1387 919 epistolas,
1399 885 1497 920 quibus
1509 885 1602 920 Augia:
1615 885 1748 912 stabulum
1766 892 1867 919 purga-

1084 932 1190 964 vintus,
1212 935 1240 959 et
1258 931 1388 966 Gregorio
1411 931 1525 958 nitorem
1549 931 1725 959 restituimus.
1752 931 1869 958 Pmter—

1078 976 1166 1008 ,missa
1188 976 1316 1003 nonnulla
1348 977 1548 1010 suppl’evimus,
1572 976 1660 1003 adhuc
1684 976 1789 1010 publice
1814 984 1867 1004 non

1084 1022 1139 1048 visa
1157 1030 1164 1048 :
1178 1025 1205 1049 et
1220 1021 1277 1048 illas
1293 1022 1321 1048 in
1334 1020 1473 1048 lulianum
1488 1022 1650 1055 invectivas,
1672 1021 1742 1048 inter
1769 1028 1864 1049 omnes

1083 1066 1218 1092 orationes
1231 1066 1458 1101 κορυφαιοτάτοις,
1471 1074 1524 1101 qua
1541 1073 1556 1093 a
1571 1066 1676 1098 Nonno,
1690 1073 1743 1101 qua
1757 1073 1772 1093 a
1785 1066 1865 1094 scho-

1084 1111 1161 1138 liaste
1182 1116 1274 1139 vetere
1292 1116 1318 1138 et
1341 1112 1446 1139 erudito
1466 1112 1638 1146 ornatiores,
1655 1120 1709 1147 qua
1722 1119 1737 1139 a
1759 1112 1867 1140 mendis

1085 1157 1234 1184 innumeris
1258 1158 1437 1185 correctiores
1458 1160 1542 1186 multo
1558 1166 1637 1193 quam
1653 1162 1716 1185 ante
1738 1158 1865 1190 fuerant,

1084 1203 1240 1230 emittimus.
1254 1202 1310 1231 Hoc
1323 1203 1451 1239 quidquid
1465 1208 1507 1231 est
1518 1203 1626 1238 opellae,
1642 1203 1867 1231 rererendissime

1085 1246 1175 1280 Pater,
1190 1247 1240 1274 sub
1259 1251 1304 1275 tuo
1318 1248 1436 1280 nomine,
1450 1247 1502 1275 sub
1521 1248 1574 1275 tuis
1589 1248 1716 1282 auspiciis
1732 1247 1758 1274 in
1781 1247 1864 1274 lucem

253 1296 311 1329 Quo
327 1295 435 1330 quidem
448 1294 475 1321 in
490 1300 588 1329 genere
602 1293 687 1328 prima
704 1292 762 1319 laus
778 1291 890 1319 debetur
903 1291 1031 1318 illustris-
1049 1291 1070 1320 Β
1085 1293 1183 1327 prodit.
1202 1292 1269 1320 Nam
1291 1293 1313 1321 si
1336 1294 1400 1328 quid
1416 1294 1442 1320 in
1457 1293 1510 1321 hoc
1530 1300 1629 1329 genere
1643 1292 1810 1325 elaboratur,
1824 1292 1866 1319 vi-

253 1341 322 1368 simo
338 1345 366 1367 et
382 1339 537 1367 doctissimo
555 1339 585 1366 D.
605 1338 722 1370 Savilio,
740 1338 785 1372 qui
811 1344 915 1365 summa
940 1337 991 1363 lide
1007 1342 1034 1364 et

254 1386 412 1422 diligentia,
443 1385 536 1413 labore
562 1385 644 1411 etiam
667 1383 824 1416 indefesso,
848 1383 1032 1417 Chrysostomi

252 1433 362 1467 scripta,
379 1435 511 1467 quotquot
529 1430 624 1458 haberi
641 1435 752 1464 possunt
766 1429 870 1463 Graece,
884 1429 1032 1457 innumeris

254 1477 280 1505 in
295 1477 360 1504 locis
374 1477 504 1509 correxit,
517 1476 669 1511 supplevit,
693 1475 844 1502 elucidavit.
862 1474 1034 1502 Contidenter

253 1523 324 1556 dico,
340 1522 562 1550 reverendissime
582 1521 712 1553 Domine,
723 1525 783 1555 post
803 1521 938 1548 inventam
956 1525 1034 1556 typo-

254 1568 403 1604 graphiam,
415 1575 495 1595 nemo
506 1571 626 1594 veterum
638 1572 685 1593 aut
697 1567 844 1594 recentiutn
856 1567 1031 1601 scriptorum,

254 1619 326 1641 tanta
349 1614 400 1641 title
425 1618 453 1641 et
467 1613 595 1648 religione
607 1633 615 1646 ,
635 1617 688 1639 tam
707 1612 875 1644 cmaculate,
892 1612 919 1639 in
938 1619 1033 1639 manus

253 1660 392 1688 hominum
408 1659 518 1694 prodiit,
533 1665 612 1694 quam
626 1657 742 1692 prodibit
755 1658 824 1693 apud
836 1665 885 1685 nos
895 1658 909 1684 ό
920 1658 1033 1694 χρυσοῤ-

254 1707 359 1742 mpm.
378 1705 487 1733 lnterim
503 1712 578 1737 vero,
600 1705 662 1732 dum
688 1709 798 1739 urgetur
812 1711 880 1739 opus
891 1725 900 1737 ,
915 1704 985 1739 quod
999 1704 1033 1731 ad

252 1751 361 1778 tertium
377 1751 432 1785 jam
447 1750 580 1784 processit
597 1754 714 1782 tomum,
733 1749 780 1776 καὶ
797 1749 846 1776 σὺν
858 1748 917 1783 Θεῷ
935 1750 1032 1780 εἰπεῖν,

253 1797 286 1824 ad
310 1796 453 1830 septimum
479 1795 608 1831 procedet
629 1799 676 1822 aut
695 1799 836 1827 octavum,
851 1794 972 1828 prmludit
994 1793 1032 1820 illi

251 1842 454 1876 Nazianzenus,
479 1841 656 1868 mellitissitno
683 1840 808 1876 scriptori
832 1844 923 1867 orator
951 1839 1033 1866 vehe-

251 1895 343 1921 mens,
357 1892 385 1915 et
400 1886 553 1915 Graecorum
570 1887 679 1914 Patrum
703 1885 968 1922 μεγαλοφωνότατος.
987 1883 1032 1912 Sic

250 1933 322 1961 enim
341 1933 428 1961 solent
443 1933 467 1959 οἱ
487 1932 641 1968 ἑστιάτορες
654 1951 662 1964 ,
677 1932 805 1959 convivas
825 1931 943 1958 bellariis
962 1930 1031 1957 invi-

252 1983 320 2012 tare,
335 1979 398 2006 dum
411 1978 538 2006 lautiores
551 1978 635 2012 epulae
652 1983 825 2012 apparantur.
837 1976 964 2004 Praeludit
977 1976 1034 2009 qui-

251 2028 323 2059 dem,
338 2032 388 2053 nec
405 2025 503 2060 injuria
518 2034 524 2052 :
541 2024 629 2052 fuerat
648 2024 674 2051 iu
698 2023 853 2059 episcopatu
875 2027 1031 2050 antecessor

251 2071 295 2105 qui
317 2076 359 2098 est
380 2071 414 2098 ad
437 2071 532 2105 vulgus
551 2069 730 2097 anteambulo.
758 2068 813 2096 Nec
839 2068 865 2095 id
889 2067 1030 2095 ferendum

251 2117 333 2145 videri
352 2115 456 2151 possit,
473 2120 503 2143 ut
522 2123 538 2143 e
560 2114 664 2143 duobus
681 2114 814 2149 episcopis
839 2113 1030 2141 Constantino-

250 2162 386 2197 politanis,
400 2162 467 2190 alter
485 2167 598 2190 ornatus
612 2161 653 2189 sic
667 2165 694 2189 et
708 2160 832 2188 excultus
846 2160 942 2191 abeat,
960 2160 1030 2187 alter

252 2227 953 2241 _._._______..——————

1084 1339 1156 1366 deris
1170 1339 1288 1374 tibijure
1299 1340 1447 1372 vindicare,
1463 1340 1506 1367 cui
1519 1347 1578 1371 nos.
1595 1340 1640 1374 qui
1655 1346 1749 1367 sumus
1764 1340 1865 1375 ἱερατιο

1084 1384 1133 1411 κοῦ
1150 1384 1271 1420 βήματος
1296 1384 1374 1421 (cum
1392 1385 1449 1420 ipso
1464 1385 1560 1421 loquor
1572 1385 1759 1419 Nazianteno)
1778 1388 1866 1412 noset

1084 1435 1177 1457 nostra
1189 1430 1364 1465 comprobare
1377 1429 1446 1457 κατὰ
1456 1430 1578 1466 μεγάλην
1588 1430 1697 1466 ἐντολήν
1706 1430 1864 1464 obligatuur.

1085 1475 1193 1508 Deinde,
1202 1475 1342 1503 videbatur
1350 1481 1558 1504 consentaneum
1569 1480 1598 1504 ut
1606 1476 1638 1503 ad
1646 1475 1864 1510 arcliiprzcsulem

1083 1521 1431 1558 festinctarchiepiscopus,
1449 1522 1605 1558 Gregorius,
1629 1522 1715 1550 dicam
1727 1522 1820 1554 libere,
1831 1521 1865 1547 anl

1083 1567 1253 1603 Gregorium.
1263 1568 1337 1601 Quod
1343 1569 1401 1603 siet
1410 1568 1497 1596 locum
1512 1569 1537 1596 in
1548 1569 1592 1596 illo
1602 1572 1646 1595 tuo
1655 1567 1865 1604 φροντιστηρίῳ,

1084 1614 1290 1642 instructissima
1300 1622 1380 1648 quam
1395 1615 1511 1643 adornas
1522 1615 1694 1646 bibliotheca,
1712 1613 1861 1641 Nazianze-

1085 1667 1134 1687 nus
1145 1660 1188 1687 hic
1196 1664 1288 1687 noster
1300 1660 1438 1692 sortiatur,
1453 1667 1502 1687 nec
1510 1659 1583 1687 illum
1593 1659 1743 1695 pudebitab
1758 1659 1865 1685 homine

1087 1712 1156 1732 novo
1169 1705 1318 1737 trausiisse,
1335 1713 1384 1733 nec
1401 1706 1473 1732 hunc
1489 1705 1515 1732 in
1532 1710 1667 1740 posterum
1683 1704 1823 1740 paenitebit
1835 1711 1866 1731 se

1085 1757 1201 1784 suosque
1219 1750 1324 1777 labores
1339 1750 1365 1776 in
1388 1750 1439 1777 hac
1455 1755 1530 1785 parte
1546 1749 1672 1778 Ecclesize
1693 1755 1864 1776 consecrare.

1083 1795 1158 1828 Quod
1178 1800 1310 1830 superest,
1326 1796 1340 1821 ὁ
1364 1795 1450 1831 μέγας
1477 1795 1690 1831 μητροπολίτης,
1712 1800 1740 1822 et
1755 1800 1867 1828 magnus

1088 1843 1172 1870 totius
1187 1843 1261 1870 orbis
1278 1842 1444 1877 patriarcha,
1462 1842 1615 1876 unigenitus
1628 1841 1674 1868 Dei
1689 1840 1768 1868 .lcsus
1788 1839 1866 1867 Chri-

1083 1893 1140 1915 stus
1160 1892 1277 1916 vestram
1288 1907 1296 1920 ,
1314 1887 1564 1920 Reverendissime,
1582 1887 1787 1922 paternitatem,
1804 1885 1864 1912 diue

1085 1935 1187 1962 tissime
1210 1934 1353 1968 Ecclesiae,
1379 1939 1406 1961 et
1431 1933 1509 1961 bonis
1523 1933 1649 1961 omnibus
1673 1936 1815 1961 conservet
1839 1934 1866 1958 et

1087 1985 1200 2007 tueatur.

1329 2046 1568 2074 Reverendissimze
1579 2045 1681 2072 Vestrae
1702 2044 1862 2072 Paternitati

1398 2092 1531 2119 humiliter
1544 2091 1710 2118 deditissimu

1507 2148 1658 2175 timuimus
1678 2146 1818 2174 Moaraco.

956 2222 1861 2234 .____________————

834 2305 906 2350 AD
944 2305 1132 2351 LECTO
1144 2306 1283 2350 REM.

777 2405 833 2440 (Ex
854 2404 924 2431 Edit.
945 2403 1102 2431 Montacutii
1123 2405 1216 2433 Etona:
1236 2404 1340 2440 1610.)

282 2549 431 2580 lnvectivas
447 2550 528 2577 hasce
538 2549 604 2576 duas
615 2549 762 2580 orationes,
777 2549 825 2584 τὴν
842 2549 888 2576 τοῦ
913 2549 1030 2576 Ἰουλια-

1084 2550 1216 2585 amplius:
1241 2550 1429 2584 D.lSavilius,
1448 2552 1463 2578 ὀ
1493 2551 1574 2584 πάνυ,
1597 2556 1626 2579 ut
1649 2556 1692 2580 est
1713 2552 1747 2580 de
1767 2552 1866 2580 litteris

248 2599 294 2626 νοῦ
317 2597 452 2625 πολιτείαν
468 2595 692 2631 στηλιτωούσας,
717 2595 780 2626 tibi,
806 2595 842 2622 mi
867 2595 960 2630 lector,
989 2604 1032 2624 se-

246 2645 359 2680 junctim
379 2643 483 2679 Graeqe.
499 2649 560 2669 cum
582 2641 693 2668 scholiis
707 2641 826 2674 Grtecis,
845 2645 872 2669 et
895 2641 1032 2670 nonnullis

247 2690 366 2724 eiusdem
382 2688 504 2724 Gregorii
519 2686 671 2718 ἀνεκδότους
688 2686 861 2714 exhibemus.
885 2686 952 2714 Nam
969 2694 1030 2715 cum

248 2732 409 2761 Nazianzcni
424 2738 505 2766 opera
523 2729 645 2757 revocari
658 2729 708 2757 sub
722 2728 796 2764 prelo
815 2729 990 2761 correctiora,
1005 2733 1030 2757 et

247 2777 373 2807 studiosis
388 2777 549 2804 conduceret
571 2780 599 2803 et
617 2774 732 2807 auctori,
748 2774 818 2809 quod
839 2779 867 2802 et
887 2773 930 2801 illa
944 2774 1028 2802 editio

247 2823 407 2862 Basilecnsis
422 2821 644 2857 depravatissime
670 2820 815 2856 prodiisset
827 2840 834 2852 ,
850 2824 930 2854 atque
944 2820 1026 2847 etiam

249 2869 383 2896 distractis
393 2867 590 2902 exemplaribus
602 2869 671 2902 apud
684 2866 808 2895 ollicinas
823 2873 874 2894 non
891 2870 1025 2901 prostaret

1081 2596 1182 2631 optime
1206 2596 1335 2629 meritus,
1351 2597 1385 2624 de
1407 2597 1525 2624 editione
1538 2602 1656 2632 cteperat
1673 2598 1802 2633 cogitare.
1830 2598 1863 2625 Et

1081 2641 1188 2676 quidem
1210 2646 1271 2676 post
1295 2640 1516 2677 Chrysostomum
1535 2642 1580 2669 τὸν
1604 2643 1861 2679 πολυγραφώτατον,

1082 2692 1160 2720 quem
1179 2686 1283 2721 magnis
1299 2687 1427 2721 impensis
1439 2693 1488 2721 per
1501 2694 1595 2714 onmes
1608 2687 1785 2716 bibliothecas
1799 2696 1861 2723 per-

1082 2731 1221 2766 quisitum,
1237 2732 1270 2758 ad
1283 2732 1391 2759 tertium
1414 2731 1468 2766 jam
1485 2736 1585 2759 tomum
1603 2733 1716 2768 subjecit
1729 2734 1813 2768 prelo,
1829 2734 1864 2761 ad

1081 2776 1151 2803 hanc
1165 2776 1332 2811 provinciam
1354 2778 1536 2804 exornandam
1564 2779 1735 2813 undiquaque
1756 2779 1865 2807 accive-

1082 2827 1125 2850 rat
1140 2822 1312 2857 adjumenta:
1334 2823 1382 2850 sed
1396 2823 1542 2851 intervenit
1558 2825 1615 2852 [nec
1635 2826 1763 2860 cogitanti
1778 2825 1862 2854 editio

1080 2875 1180 2902 nupera
1200 2866 1413 2900 Latino-Graeca,
1435 2876 1450 2896 a
1469 2868 1664 2899 Parisieusibus
1690 2871 1863 2907 typographis
