2070 3135
225 198 279 226 369

682 196 839 223 GlLBElKTl
859 196 1078 225 GENEBRARDI
1099 199 1209 227 EPIST.
1231 199 1386 228 DEDICAT.

1794 201 1853 230 3:70

226 255 348 291 specioso
371 254 539 289 frontispicio
561 254 738 286 lemniscata;
764 255 810 290 qui
827 255 894 282 nihil
919 255 1012 283 minus
1026 261 1050 289 Α
1063 257 1112 285 bus
1130 257 1240 292 Billius,
1255 259 1288 286 ad
1300 259 1340 286 sui
1357 258 1416 286 libri
1434 259 1582 293 marginem
1605 259 1797 293 adnotaverat,
1814 268 1848 287 ex

224 307 353 338 pra-stant
376 310 456 336 quam
471 301 643 336 pollicemur.
657 301 799 328 Habebunt
813 301 942 334 fortasse,
963 302 1012 328 ha-

225 348 288 377 bere
311 355 376 375 sane
403 352 548 382 poterant,
579 345 695 382 Regios,
728 347 876 382 Regineos,
908 347 1012 374 Petavii

225 395 309 423 libros
320 414 327 426 ,
343 392 444 429 Syrleti
457 414 465 427 ,
478 393 583 420 Thuani
594 412 602 425 ,
621 392 747 428 Vaquerii
762 393 888 427 codices;
903 393 949 420 sed
960 413 968 426 ,
983 396 1011 420 ut

225 441 270 470 ille
293 441 407 476 Epicteti
431 440 591 473 lucernam,
617 439 651 466 ad
672 439 879 467 ostentationem
902 447 955 466 non
977 440 1011 466 ad

226 495 316 519 usum,
329 486 429 521 quippe
448 485 496 521 qui
523 485 610 520 magis
634 484 821 513 deformarunt
837 485 1010 520 Gregorium,

226 539 306 566 quam
321 531 407 558 fuerat
419 531 445 558 in
456 530 576 558 editione
587 531 686 565 prima.
700 531 768 558 Hinc
786 530 846 564 tibi,
866 531 900 557 mi
917 530 1009 562 lector.

225 576 394 608 intercisum,
406 576 439 604 de
452 576 557 604 edendo
571 575 711 610 Gregorio,
723 575 864 603 consilium
878 576 962 611 prius,
977 584 1012 604 ne

226 628 316 651 tamen
334 623 422 658 possis
438 630 531 651 carere
552 623 659 658 penitus
680 622 776 657 quibus
801 623 894 657 nequit
919 630 1012 650 carere

225 669 428 701 Nazianzenus,
450 669 539 696 visum
562 673 604 697 est
631 668 782 696 clarissimo
805 668 843 695 illi
859 669 927 700 viro.
955 668 1012 695 [nec

225 722 285 749 quae
299 722 370 742 nunc
384 714 479 741 damus
492 713 710 746 communicare;
726 713 789 748 qui.
813 721 867 748 quo
883 721 926 741 me
942 713 1011 741 solet

225 769 318 788 amore
335 761 483 796 prosequi,
499 761 532 787 ad
553 761 622 788 hanc
644 761 774 788 vicariam
793 761 843 796 ipsi
868 761 1010 789 locandam

225 814 334 840 operam
361 807 492 841 imparem
508 806 602 839 oneri,
625 811 652 834 et
681 806 844 842 imparatum
864 807 1008 841 protraxit.

225 851 355 884 Quocirca
371 857 400 878 ut
411 852 482 879 scias
496 852 558 886 quid
575 852 726 886 praestitum
744 853 780 879 sit
794 860 808 879 a
823 853 902 880 nobis
917 852 943 879 in
958 853 1010 880 hac

225 897 337 924 istorum
352 897 586 933 ἁποσπασματίων
597 897 713 931 ἐκδόσει,
728 902 831 926 textum
844 898 1009 926 Nazianzeni

1066 302 1164 330 Italicis
1179 309 1206 331 et
1220 303 1332 331 Gallicis
1345 303 1557 338 exemplaribus,
1575 305 1620 339 qui
1637 304 1705 332 liber
1721 311 1792 332 nunc
1806 311 1850 332 est

1064 348 1140 376 Pauli
1161 349 1262 376 Petavii
1286 350 1420 377 senatoris
1446 349 1618 377 Parisiensis.
1640 349 1715 385 Syrl.
1739 350 1850 384 optima:

1064 399 1134 421 noti‘e
1155 394 1191 422 M.
1209 394 1237 421 S.
1262 403 1276 422 a
1291 395 1324 423 εὶ.
1342 394 1448 429 Syrleto
1463 395 1599 422 cardinale
1616 396 1684 430 apud
1706 395 1848 422 Petavium

1064 441 1090 467 in
1108 440 1177 468 libro
1190 440 1270 468 Billii.
1288 440 1333 468 Tr.
1349 441 1459 468 denotat
1477 440 1538 468 cod.
1553 441 1621 468 satis
1644 445 1776 468 vetustum
1794 440 1849 468 col-

1064 485 1126 520 legii
1146 486 1251 513 Sancta:
1273 486 1414 513 Trinitatis
1435 486 1461 513 in
1482 485 1569 514 Oxon.
1585 487 1749 518 Academia.
1767 494 1848 521 quem

1064 533 1096 558 ad
1118 532 1229 564 librum,
1261 532 1318 567 ipse
1341 531 1373 560 D.
1400 532 1516 560 Savilius
1530 552 1537 565 ,
1566 541 1608 559 xv:
1633 532 1693 559 illas
1712 533 1849 560 orationes

1064 583 1208 612 exegerat,
1232 577 1259 604 in
1279 585 1347 612 quas
1369 578 1478 612 scripsit
1503 578 1612 606 Nicetas
1635 578 1848 606 Commentator.

1064 623 1149 651 Porro
1172 624 1214 650 vir
1227 623 1399 651 doctissimus
1412 623 1563 652 Richardus
1581 624 1716 651 Thomson
1728 644 1736 656 ,
1752 628 1779 651 et
1793 624 1851 651 Au-

1063 669 1185 704 gustinus
1206 668 1315 696 Lindsel
1339 669 1538 701 amicissimus,
1556 677 1619 697 suas
1640 670 1692 698 huc
1710 669 1849 705 symbolas

1063 715 1243 741 contulerunt.
1262 714 1313 742 Hic
1325 714 1397 742 enim
1413 715 1606 750 castigationes
1622 715 1684 743 Julii
1706 715 1847 747 Gabrielii,

1063 760 1096 787 ad
1110 768 1204 788 omnes
1217 768 1261 795 ep.
1273 766 1301 788 et
1311 766 1380 788 orat.
1394 768 1409 788 e
1424 761 1563 789 Vaticanis
1578 761 1744 789 membranis
1758 761 1792 788 ad
1805 768 1849 788 me

1063 807 1146 839 misit,
1163 807 1248 833 editas
1263 807 1323 834 illas
1339 807 1408 842 apud
1426 806 1580 834 Plantinum
1594 826 1602 840 ,
1623 807 1670 834 sed
1685 805 1849 833 Parisiensi-

1063 851 1113 878 bus
1134 860 1186 878 non
1208 852 1278 880 visas
1297 861 1304 878 :
1328 857 1410 886 atque
1430 853 1454 880 is
1473 857 1514 879 est
1532 852 1600 879 liber
1622 860 1702 886 quem
1718 858 1846 879 vocamus

1063 896 1096 931 G;
1113 897 1157 925 ille
1178 903 1267 925 autem
1283 905 1360 925 suum
1376 898 1438 925 cod.
1454 899 1681 930 communicavit,
1697 905 1759 925 cum
1778 898 1848 924 scri-

224 941 347 970 Grtecum
360 962 367 976 ,
383 950 444 970 cum
460 943 542 970 variis
559 943 685 971 collatum
704 945 912 979 manuscriptis,
928 952 1008 979 quam
1027 940 1049 968 Β
1062 945 1115 979 ptis
1127 944 1255 971 collatum
1271 944 1297 971 in
1314 944 1389 971 Italia
1405 951 1413 971 :
1435 949 1516 979 atque
1531 945 1553 971 is
1569 948 1611 971 est
1627 951 1706 978 quem
1722 950 1770 977 per
1795 941 1846 970 ΤΙι.

224 996 366 1024 possumus
379 989 626 1016 emendatissimum
647 989 807 1017 exhibemus
817 1009 826 1021 .
841 990 941 1017 scholia
962 990 1009 1016 ad-

223 1036 360 1070 junximus
384 1043 437 1062 non
464 1035 588 1066 inutilia,
616 1035 649 1062 de
666 1035 727 1062 cod.
754 1035 891 1070 descripta
912 1043 1008 1071 perve-

226 1083 298 1107 tusto
322 1079 427 1114 collegii
453 1080 539 1108 beata:
562 1079 653 1107 Mariae
678 1079 842 1115 Magdalenae
863 1081 896 1108 ‘in
920 1081 1003 1108 Acad.

225 1125 311 1153 Oxon.
327 1125 451 1152 Nonnum
468 1125 531 1153 huic
551 1125 704 1153 scholiastre
718 1133 797 1160 quem
815 1126 987 1160 adjunximus
998 1146 1006 1160 ,

223 1172 268 1198 τὸν
284 1171 429 1207 ἐξηγητὴν,
454 1171 501 1198 καὶ
515 1171 569 1198 τῶν
588 1171 712 1208 ἱστοριῶν
738 1172 897 1206 συναγωγέα
913 1179 1009 1207 suppe-

224 1217 319 1245 ditavit
332 1217 455 1244 Cmsarea
468 1217 627 1245 Viennensis
641 1217 815 1251 bibliotheca,
827 1225 860 1245 ex
876 1219 1009 1253 scriptore

224 1263 431 1298 diligentissimo
452 1262 578 1290 Samucle
597 1263 688 1291 Slado.
713 1263 850 1291 Aberrant
872 1264 1007 1292 interdum

225 1312 348 1343 uterque,
365 1308 462 1341 fateor,
476 1308 574 1336 alicubi
590 1313 654 1336 sunt
669 1308 809 1336 manifeste
823 1309 1007 1343 corrupti,sed

224 1355 258 1381 de
274 1355 306 1381 iis
319 1354 429 1381 solliciti
456 1354 591 1382 noluimus
604 1362 664 1382 esse
675 1374 683 1387 ,
709 1359 812 1382 tantum
838 1355 956 1382 contenti
974 1355 1008 1381 τὰ

223 1398 372 1434 ἀπόγραφα
394 1399 506 1426 lideliter
521 1399 620 1433 ubique
638 1399 814 1434 expressisse,
831 1404 928 1427 cratera
944 1407 1007 1427 eru-

224 1446 280 1472 dito
305 1445 399 1473 lectori
420 1446 612 1480 permittimus.
638 1445 676 1473 De
704 1446 825 1480 epistolis
845 1450 872 1474 et
885 1446 1007 1474 oratione

224 1491 375 1523 ἀνεκδότοις
387 1510 395 1524 ,
413 1496 441 1519 et
462 1491 495 1519 de
514 1496 676 1519 testamento
695 1492 843 1520 correctius
861 1492 953 1524 edito,
979 1492 1007 1519 in

224 1536 283 1564 loco
299 1537 416 1565 diximus
427 1537 460 1565 ad
473 1542 561 1565 notas.
581 1536 640 1565 Jam
654 1546 716 1565 vero
731 1546 798 1573 quas
813 1539 908 1566 damus
924 1539 1006 1566 casti-

223 1584 344 1618 gationes
367 1584 393 1611 in
416 1588 487 1612 orat.
503 1585 584 1619 epist.
605 1589 633 1612 et
652 1584 736 1619 ipsius
754 1585 840 1612 Vitam
852 1605 860 1618 ,
876 1585 908 1613 de
925 1585 1007 1612 variis

224 1629 441 1665 συνηρανίσαμεν
450 1631 625 1666 manuscript.
634 1638 701 1666 quas
711 1631 872 1665 perlitteras
886 1631 1006 1659 initiales
1021 1621 1043 1652 ο

223 1674 250 1700 in
264 1675 377 1709 singulis
391 1683 452 1710 pag.
466 1675 659 1711 designamus;
684 1676 715 1703 Il.
730 1681 806 1703 uolat
818 1677 880 1703 cod.
897 1676 1007 1711 Reginae

224 1719 318 1747 matris
334 1719 481 1747 Mediceum
504 1728 520 1748 e
540 1721 702 1749 bibliotheca
722 1721 765 1748 illa
781 1721 947 1757 περιϐοήτῳ.
972 1721 1003 1748 Ρ.

223 1767 380 1794 varietatem
397 1766 540 1795 lectionum
551 1788 560 1801 ,
576 1775 644 1803 quas
658 1768 722 1796 olim
736 1769 907 1796 doctissimus
922 1769 1002 1796 Jaco-

1062 990 1246 1025 intelligimus.
1262 990 1313 1018 οι.
1330 994 1406 1017 notat
1424 990 1601 1017 membranas
1617 989 1845 1024 Magdalenenscs,

1062 1042 1133 1062 xxxu
1154 1039 1223 1062 orat.
1247 1040 1275 1062 et
1303 1035 1406 1062 scholia
1427 1039 1557 1070 perpetua
1582 1035 1763 1061 continentes.
1781 1032 1846 1062 Pal.

1061 1080 1135 1107 illum
1154 1080 1284 1108 Palatina:
1307 1080 1478 1107 bibliotheca:
1495 1080 1556 1106 eod.
1572 1087 1652 1114 quem
1667 1079 1708 1105 vir
1723 1078 1847 1106 eruditus

1061 1127 1092 1155 P.
1108 1128 1302 1155 Felckmanuus
1315 1127 1381 1154 citat
1409 1127 1444 1154 ad
1458 1126 1529 1154 illam
1543 1125 1664 1161 Gregorii
1677 1126 1717 1156 εἰς
1734 1124 1848 1152 Ἀθανά-

1062 1182 1128 1200 σιον.
1151 1172 1215 1200 Bas.
1240 1176 1281 1199 est
1302 1172 1385 1199 editio
1404 1172 1568 1199 Basileeusis
1591 1179 1598 1198 :
1622 1170 1686 1197 Bill.
1713 1171 1848 1204 interpres

1060 1217 1176 1245 Jacobus
1191 1217 1286 1244 Billius
1298 1224 1306 1243 :
1320 1216 1363 1243 El.
1380 1217 1513 1251 interpres
1532 1217 1605 1243 Elias
1617 1215 1765 1243 Cretensis.
1779 1216 1845 1243 Scit.

1061 1269 1137 1292 notat
1157 1264 1271 1292 schedas
1282 1263 1315 1291 ab
1326 1263 1433 1290 Andrea
1446 1263 1558 1290 Schotto
1571 1272 1577 1289 :
1591 1266 1618 1289 et
1629 1261 1699 1289 Bod.
1711 1262 1846 1294 codicem,

1061 1318 1126 1338 sane
1150 1309 1372 1342 memorabilem,
1395 1309 1562 1336 bibliotheca:
1582 1307 1844 1341 Bodleiameron.;

1061 1365 1123 1384 nam
1148 1361 1175 1384 et
1191 1364 1286 1384 omnes
1305 1355 1470 1382 Nazianzeni
1494 1354 1624 1389 epistolas
1646 1354 1745 1387 habet,
1769 1354 1846 1388 prius

1060 1402 1164 1434 editas,
1192 1406 1219 1430 et
1237 1409 1305 1436 quas
1318 1401 1398 1436 primi
1419 1401 1535 1427 damus:
1560 1405 1589 1427 et
1607 1406 1738 1435 praeterea
1751 1399 1845 1426 Basilii

1060 1448 1162 1483 aliquot
1188 1447 1322 1480 decadas,
1346 1453 1441 1473 omnes
1468 1446 1558 1473 adhuc
1580 1445 1739 1477 ἀνεκδότους
1753 1465 1761 1478 ,
1777 1452 1846 1480 quas

1061 1495 1123 1522 hinc
1137 1494 1286 1529 descriptas
1308 1493 1438 1521 habemus
1456 1500 1515 1520 nos.
1533 1492 1586 1519 llas
1604 1497 1696 1519 autem
1713 1492 1847 1520 lectiones

1060 1545 1087 1567 et
1097 1539 1285 1575 castigationes
1291 1537 1489 1567 concinnaviad
1496 1537 1676 1565 Parisiensem
1688 1537 1847 1571 editionem,

1061 1586 1131 1613 illius
1145 1585 1300 1613 methodum
1315 1585 1341 1611 in
1355 1585 1526 1612 orationibus
1537 1604 1545 1616 ,
1561 1583 1714 1611 orationum
1728 1583 1843 1618 paginis,

1059 1632 1216 1667 paginarum
1238 1631 1357 1658 numeris
1370 1630 1410 1657 sic
1425 1635 1534 1657 secutus
1544 1649 1552 1661 ,
1571 1634 1601 1656 ut
1616 1633 1745 1663 utrosque
1760 1629 1843 1656 libros

1059 1677 1227 1711 comparauti
1244 1684 1296 1704 non
1320 1675 1356 1703 sit
1370 1675 1495 1709 dilIicile,
1513 1674 1583 1701 κατὰ
1603 1674 1672 1702 πόδα.
1693 1674 1780 1708 sequi.
1803 1674 1843 1701 'l‘u

1059 1728 1148 1750 autem
1165 1723 1216 1754 his,
1239 1723 1324 1749 lector
1334 1741 1342 1755 ,
1355 1727 1441 1754 utere,
1455 1721 1547 1749 fruere
1559 1720 1593 1748 ad
1609 1725 1680 1747 tuam
1699 1720 1845 1747 utilitatem

1058 1770 1232 1804 comparatis.
1251 1767 1325 1795 Vale.

221 1831 1827 1843 ~———-————————-—————————_——_

389 1915 546 1939 GREGORIO
565 1915 622 1938 XIII
646 1915 799 1938 PONTIFICI
823 1915 944 1937 MAXIMO
971 1914 1144 1940 TOTIUSQUE
1165 1913 1315 1935 ECCLESUE
1333 1913 1424 1935 PATRI
1445 1905 1668 1944 SANCTISSIMO,]

711 1992 715 1999 ι
732 1968 901 1990 GILBERTUS
926 1967 1152 1990 GENEBRARDUS
1167 1967 1204 1989 ΕΤ
1219 1966 1357 1990 JOANNES

883 2019 1074 2047 CHATARDUS,
1090 2019 1119 2040 T.
1133 2019 1186 2041 DD.

704 2091 740 2119 Et
756 2092 824 2119 Edit.
841 2091 924 2119 Nivel.
943 2091 1022 2124 1585,
1035 2091 1127 2119 Morel.
1147 2091 1215 2119 l609
1227 2097 1253 2119 et
1274 2092 1365 2126 1650.)

254 2233 344 2262 Multis
374 2235 554 2269 gravibusque
575 2235 664 2262 causis
688 2234 795 2262 adducti
814 2243 917 2268 sumus,
936 2243 999 2262 san-
1016 2236 1039 2263 D
1052 2235 1208 2267 ostendunt,
1222 2240 1252 2262 ut
1266 2236 1353 2263 sancti
1381 2238 1554 2262 monumenta
1579 2234 1699 2269 undique
1722 2234 1774 2261 tuis
1798 2234 1840 2261 in-

220 2281 340 2308 ctissime
362 2279 502 2313 Pontifex,
527 2285 555 2308 ut
571 2281 597 2308 in
623 2286 669 2308 tuo
692 2281 863 2309 sanctissimo
891 2282 1000 2309 nomine

221 2326 289 2353 banc
313 2334 420 2359 novam,
449 2326 564 2361 plenam,
591 2327 738 2362 perfectam
764 2327 1001 2362 D.Grcgoriil‘1‘a-

219 2373 341 2400 zianzeni
370 2374 575 2401 conversionem
602 2381 731 2408 apparere
755 2374 915 2401 faceremus.
941 2374 1002 2401 Pri-

219 2425 291 2445 mum
313 2419 370 2445 haec
392 2424 518 2453 perpetua
541 2419 592 2446 fuit
613 2425 640 2446 et
664 2424 793 2447 constans
814 2420 960 2447 doctissimi
974 2425 1001 2447 et

219 2464 376 2491 nobilissimi
407 2464 564 2498 interpretis
593 2464 661 2491 Billii
690 2465 828 2497 voluntas,
854 2464 929 2498 cujus
955 2472 1000 2491 su-

218 2507 317 2541 premis
337 2507 406 2533 votis
423 2507 532 2534 minime
545 2512 687 2541 parentare
703 2507 777 2534 nefas
790 2515 849 2535 esse
863 2508 997 2541 duximus,

218 2552 364 2586 praesertim
388 2560 449 2579 cum
477 2559 564 2588 neque
589 2553 733 2586 :equiorem
751 2561 806 2580 sua:
833 2553 993 2580 eruditionis

216 2603 376 2631 patronum,
406 2604 492 2631 neque
522 2599 702 2631 potentiorem
729 2605 842 2625 suorum
873 2598 996 2625 laborum

215 2649 450 2678 propugnatorem,
467 2651 555 2678 neque
574 2644 804 2671 vehementiorem
821 2644 863 2671 sui
878 2643 997 2671 Nazian-

215 2689 274 2716 zeui
294 2689 436 2721 cultorem,
458 2697 547 2724 neque
567 2690 724 2717 similiorem
746 2697 801 2717 sua:
817 2690 908 2717 virtuti
926 2691 997 2717 anti-

215 2734 302 2761 stitem
318 2735 437 2762 nancisci
455 2740 554 2769 posset.
571 2735 670 2762 Deinde
685 2736 813 2771 quoniam
839 2741 863 2762 te
882 2737 995 2764 mirilice

213 2785 316 2807 recreat
330 2788 362 2807 ac
385 2781 472 2808 reficit
488 2781 567 2815 hujus
584 2781 705 2816 Gregorii
727 2789 834 2815 nomen,
852 2788 881 2809 ut
901 2782 994 2809 Ronue

212 2823 406 2860 Gregorianum
423 2826 550 2853 sacellum
567 2835 583 2853 a
607 2831 633 2854 te
656 2828 845 2862 augustissime
867 2833 895 2854 et
910 2829 994 2855 muni-

214 2869 384 2899 liceutissime
396 2872 539 2899 excitatutn
555 2873 684 2904 declarat,
699 2878 728 2900 ut
742 2873 914 2901 sanctissima
929 2874 989 2908 pul-

213 2914 315 2943 vinaria
341 2916 403 2944 huic
429 2917 490 2945 divo
518 2917 731 2952 splendidissime
748 2926 762 2947 a
785 2923 811 2948 te
833 2925 990 2948 consecrata

1057 2281 1181 2315 gentibus
1198 2281 1349 2316 sumptibus
1369 2280 1521 2315 conquisita
1538 2285 1691 2313 testantur;
1708 2280 1838 2315 quidquid

1054 2326 1229 2360 reliquiarum
1252 2326 1310 2359 ejus
1335 2326 1448 2360 adipisci
1470 2326 1625 2360 potuimus,
1648 2325 1675 2352 in
1699 2329 1774 2352 tuum
1792 2332 1838 2352 sa-

1053 2379 1128 2399 crum
1151 2371 1276 2397 aerarium
1303 2372 1352 2406 ipsi
1370 2372 1452 2398 etiam
1479 2376 1691 2405 comportamus,
1712 2379 1745 2398 ac
1767 2372 1837 2406 apud

1054 2422 1089 2450 te,
1112 2422 1238 2451 tanquam
1256 2417 1415 2444 ﬁdissimum
1437 2417 1587 2449 custodem,
1608 2417 1733 2452 religiose
1755 2417 1837 2452 depo-

1052 2464 1151 2490 nituus.
1167 2462 1334 2491 Godofredus
1350 2462 1443 2490 Billius
1453 2463 1546 2491 Jacobi
1563 2463 1719 2497 interpretis
1735 2463 1832 2496 frater,

1050 2509 1137 2537 sancti
1152 2508 1282 2536 Vincentii
1308 2508 1495 2536 Laudunensis
1519 2509 1614 2541 abbas,
1627 2516 1641 2536 a
1659 2510 1737 2536 nobis
1753 2516 1835 2543 expe-

1050 2556 1113 2582 tiit:
1131 2555 1221 2582 caeteri
1245 2555 1304 2590 ejus
1328 2556 1523 2590 consanguinei
1547 2563 1599 2583 non
1626 2556 1706 2582 modo
1726 2555 1835 2589 generis

1049 2605 1192 2627 stemmate
1211 2604 1239 2626 et
1262 2601 1406 2635 prmcipnis
1429 2601 1504 2636 regni
1529 2600 1676 2628 honoribus
1703 2600 1833 2635 insignes,

1049 2654 1141 2674 verum
1158 2646 1240 2673 etiam
1257 2647 1389 2673 catholica
1404 2647 1581 2682 professione,
1596 2651 1650 2673 tota
1666 2645 1753 2672 Gallia
1772 2652 1834 2673 con.-

1047 2691 1143 2726 spicui,
1159 2691 1229 2717 hanc
1244 2691 1284 2718 sui
1308 2692 1427 2718 vulneris
1450 2699 1465 2718 c
1489 2692 1554 2718 tanti
1584 2691 1727 2726 propinqui
1755 2690 1832 2718 obitu

1046 2737 1148 2773 accepti
1168 2737 1328 2765 levationem
1350 2743 1377 2765 et
1393 2738 1516 2765 solatium
1531 2745 1590 2765 esse
1608 2738 1832 2771 interpretantur,

1045 2784 1067 2811 si
1090 2791 1119 2810 se
1137 2783 1281 2818 apostolica
1296 2783 1482 2811 benedictione
1500 2784 1636 2818 perfusos,
1659 2784 1681 2810 si
1703 2784 1746 2811 sui
1767 2790 1830 2811 san-

1045 2830 1134 2864 guinis
1161 2829 1272 2856 exuvias
1297 2830 1330 2856 ab
1359 2830 1503 2864 apostolico
1531 2830 1637 2861 throno,
1664 2829 1742 2865 cujus
1766 2833 1832 2857 sunt.

1045 2875 1247 2906 studiosissimi,
1263 2875 1331 2902 bene
1351 2875 1465 2907 habitas,
1479 2874 1501 2902 si
1517 2876 1557 2902 sui
1574 2875 1643 2902 Billii
1668 2875 1829 2910 pientissimi

1044 2929 1076 2950 ac
1090 2920 1237 2950 doctissimi
1251 2921 1447 2950 cwuobiarcha:
1463 2921 1678 2950 recordationem
1696 2921 1828 2957 aliquanti
