2070 3135
245 161 295 188 371

709 162 868 190 GlLBERTl
889 162 1109 190 GENEBRAllDl
1130 163 1238 190 EPIST.
1261 163 1417 191 DEDIGAT.

1808 162 1862 190 3'12

243 225 342 248 tactam
357 228 370 246 a
383 220 536 249 doctissimo
560 220 828 255 doctissimorumque
842 220 1026 248 amantissimo
1041 223 1063 250 Α
1077 222 1146 254 Quid
1166 222 1338 253 Triuitarios,
1355 222 1454 256 Deitas,
1477 219 1626 251 Tredeitas,
1642 219 1690 254 (tot
1705 219 1775 246 enim
1797 226 1861 253 pro-

243 266 368 301 pontiﬁce
384 266 574 293 intellexerint.

279 312 378 346 Aceipe
412 312 493 345 igitur
529 312 716 340 communibus
750 312 868 339 omnium
906 316 1026 339 nostrum

242 358 341 391 optatis
361 357 429 384 Billii
453 357 622 392 Gregorium,
640 358 694 384 imo
712 365 775 384 vero
798 362 883 388 tuutn,
904 357 948 392 qui
965 364 1025 384 eum

243 408 297 429 tam
327 403 477 437 magniﬁcis
502 403 614 436 salibus,
640 407 693 430 tam
720 404 840 439 angustis
868 403 1025 437 honoribus,

243 453 299 474 tam
316 448 441 483 pretiosis
461 449 580 477 donariis
599 450 771 484 prosequeris
786 459 793 477 :
809 458 924 484 quorum
944 451 1025 477 etiam

241 499 322 519 causa
349 493 511 526 addidimus,
539 494 651 521 consilio
679 495 842 522 venerabilis
868 495 1026 523 Sanctitatis

242 537 346 565 Vestrae
369 539 453 564 ttuutii
481 537 594 566 Joannis
626 538 744 567 Castellii
764 540 944 567 Arimineusis
969 541 1025 575 epi-

239 583 333 618 scopi,
360 583 554 618 Gregorianum
582 585 718 612 Laurentii
745 586 852 613 Frizolii
879 587 1024 619 sacellum,

238 632 269 655 ut
292 629 391 664 posteri
417 630 486 658 illius
513 631 709 658 dedicationem
735 631 781 658 tibi
808 632 918 659 ontnino
942 632 1025 659 fuisse

238 674 357 702 debitam
378 676 483 708 norint,
510 677 543 703 ad
569 677 644 711 cujus
664 678 873 711 perpetuandam
892 685 1025 705 exornan-

229 719 355 761 ‘damque
378 720 578 748 venerationem
611 725 650 748 tot
680 727 807 756 tantaque
838 722 1021 757 iusumpsisti,

237 769 340 792 etcum
366 769 405 792 tot
429 766 582 793 seminariis
602 771 658 794 toto
678 768 743 794 orbe
766 768 921 794 Christiano
949 776 1023 795 sum-

235 809 409 842 ptuosissime
436 811 577 843 excitatis.
603 819 664 837 cum
689 815 726 837 tot
751 816 859 845 tamque
888 811 1023 838 variarum

238 854 390 889 linguarum
414 857 483 891 typis
504 856 595 883 Roma:
620 857 695 883 cusis
721 856 882 891 theologiam
910 857 942 884 ab
966 858 1023 891 ipso

237 903 366 929 traditam
382 903 479 931 tabttlis
492 903 630 938 signisque
645 904 806 931 instruxisti.
823 903 1022 936 Gratulaberis,

237 953 281 975 sat
297 949 407 981 scimus,
431 949 580 984 interpreti,
605 949 650 984 qui
674 957 708 976 eo
729 950 879 984 praesertim
903 953 1024 984 tempore

236 994 357 1021 auctoris
370 994 596 1029 elegantissimam
621 994 765 1022 editionem
786 995 1024 1029 ﬁdelissimamque

236 1040 296 1067 orbi
311 1039 407 1066 Latino
423 1039 551 1071 exhibuit,
572 1047 625 1074 quo
639 1045 698 1067 erat
720 1039 862 1067 utilissima
884 1047 915 1067 ac
940 1047 1024 1075 prope

237 1087 401 1124 necessaria.
427 1086 479 1114 Isto
507 1087 646 1119 videlicet,
673 1094 726 1122 quo
759 1087 915 1114 Calviniana
939 1087 1023 1122 pestis

237 1135 323 1159 totum
345 1137 477 1160 terrarum
498 1137 650 1160 nostrarutn
667 1133 759 1160 orbem
779 1133 888 1167 depasci
913 1139 1020 1167 conata,

236 1181 335 1204 cuncta
359 1177 401 1204 illa
426 1183 561 1210 monstra,
584 1185 644 1212 qua:
671 1178 810 1213 theologus
837 1179 903 1206 olim
931 1179 1022 1207 labore

237 1224 379 1257 plusquam
396 1224 527 1251 llerculeo
553 1225 704 1258 domuerat,
719 1229 746 1252 et
763 1225 791 1252 in
818 1232 911 1252 orcum
935 1229 1024 1253 trans-

239 1271 362 1301 miserat,
377 1278 410 1297 ex
428 1270 574 1298 inferorum
593 1276 672 1298 antro
689 1271 792 1299 eduxit.
813 1271 935 1299 Prol'udit
950 1272 1022 1300 enim

237 1315 316 1342 nobis
342 1315 461 1342 Valleum
486 1321 513 1342 et
535 1316 667 1350 ejusmodi
693 1317 796 1350 atheos,
811 1317 908 1352 quibus
934 1318 1022 1345 omnis

237 1362 331 1396 religio
351 1367 392 1389 est
409 1361 506 1389 fabula.
524 1362 630 1397 Peperit
646 1362 766 1390 Natalem
787 1362 926 1390 Jornctum
952 1363 1022 1390 ludi-

245 1407 427 1441 ntagistellum
446 1408 496 1435 hoc
511 1416 581 1436 anno
602 1407 678 1437 Netis
696 1409 721 1435 in
736 1409 841 1435 vincula
859 1409 1021 1444 conjectum,

236 1458 265 1479 ct
299 1453 420 1480 fortassis
439 1461 547 1480 suorum
571 1454 780 1481 commilitonum
796 1462 846 1488 ope
862 1462 1020 1485 evasurum,

237 1497 284 1531 qui
300 1497 396 1524 librum
412 1503 505 1524 contra
525 1498 702 1532 patriarcltas,
719 1499 873 1533 prophetas,
889 1499 1022 1533 apostolos

238 1544 367 1576 condidit,
393 1551 492 1578 eosque
515 1549 544 1571 ut
569 1545 728 1579 imposteros
754 1553 785 1571 ac
812 1545 937 1571 falsarum
957 1545 1016 1571 reli-
1036 1560 1056 1589 Ο

238 1590 346 1622 gionum
361 1595 485 1618 auctores
508 1598 698 1625 praeconesque
715 1591 842 1618 traducit.
859 1591 958 1619 Gcnuit
974 1593 1022 1619 Be-

238 1646 297 1665 aam
328 1637 486 1665 Nestoriaue
514 1639 583 1666 duas
620 1638 805 1673 hypostaticas
848 1639 961 1666 uniones
997 1640 1022 1666 in

237 1684 345 1712 Christo
372 1685 579 1712 constituentem
605 1685 768 1719 :Langum,
797 1684 926 1719 Eutycltis
953 1685 1022 1718 ritu,

239 1738 347 1758 carnem
364 1731 464 1758 Christi
481 1738 545 1758 vere
564 1735 590 1758 et
614 1730 794 1757 essentialiter
811 1730 962 1757 deiﬁcatant
981 1739 1023 1758 as-

238 1781 373 1804 serenlem
396 1785 404 1804 :
426 1776 608 1803 Brouhardum
634 1775 780 1803 Manicltzea
808 1776 908 1803 musica
935 1777 1024 1804 Calvi-

240 1824 369 1850 uistarutn
398 1823 503 1850 furores
531 1822 738 1850 demulcentem.
765 1822 880 1849 Protulit
904 1823 1022 1850 scholam

239 1870 424 1896 Genevensem
446 1869 545 1896 Ariane
567 1873 594 1895 et
618 1868 809 1895 Macedoniane
826 1869 1022 1896 sanctissimam

240 1918 499 1952 saluberrimamque
514 1917 752 1952 preeatiunculam,
768 1927 777 1942 ί
793 1918 891 1944 Sancta
904 1917 1024 1944 Trinitas

240 1970 309 1989 unus
325 1962 406 1995 Deus,
426 1963 554 1990 miserere
568 1962 662 1994 nostri,
673 1971 683 1988 ι
694 1963 876 1994 damnantem,
888 1967 917 1988 ut
931 1963 1025 1989 incon—

239 2009 309 2036 sulte
322 2017 337 2035 a
354 2008 478 2035 Patribus
494 2009 605 2040 dictam,
619 2011 648 2034 ut
664 2007 853 2042 periculosant,
879 2012 907 2034 ut
927 2009 1025 2037 barba-

240 2061 309 2085 ram,
324 2058 352 2080 ut
367 2053 551 2087 impropriam.
732 2063 737 2071 -

276 2099 341 2132 Quis
376 2102 545 2132 posterorum
579 2102 680 2124 tantam
712 2098 815 2132 copiam
842 2098 869 2125 in
897 2098 1022 2142 blasphe-

242 2145 340 2172 mando
359 2145 470 2172 credet:
490 2144 532 2170 cui
556 2144 682 2178 deinceps
699 2145 732 2171 ad
754 2145 832 2171 istam
851 2145 932 2179 impie
953 2145 1024 2172 fandi

241 2190 376 2217 licentiam
395 2197 447 2217 non
465 2189 612 2217 horrebunt
634 2189 697 2224 pili?
721 2189 877 2217 Procreavit
892 2190 1026 2218 Calvinia-

1077 268 1177 303 digiosa
1197 267 1328 296 vocabula
1354 271 1463 302 propter
1488 265 1667 301 prodigiosam
1694 265 1860 299 impietatem

1077 318 1138 340 sunt
1152 314 1252 349 sortiti)
1266 314 1362 348 quibus
1385 317 1438 340 tres
1451 311 1639 344 diielsistunt,
1658 318 1727 338 nunc
1742 311 1810 344 aequi
1829 315 1858 338 et

1076 367 1164 394 pares,
1186 367 1259 386 nunc
1276 358 1421 393 inaequales
1442 362 1469 384 et
1486 357 1619 392 impares?
1636 356 1704 390 Quid
1718 356 1861 384 Antitrini-

1077 408 1160 434 tarios
1185 406 1227 433 ltis
1258 406 1392 433 contraria
1420 405 1581 436 sentientes,
1609 408 1689 437 atque
1716 404 1752 431 ita
1776 411 1858 431 unum

1076 452 1159 478 Deum
1187 451 1345 483 conﬁantcs,
1368 455 1397 476 ιιι
1421 450 1491 476 inter
1516 449 1582 476 istos
1598 454 1625 475 et
1641 448 1787 476 Sabellium
1813 450 1859 476 vix

1077 498 1220 532 quidquam
1231 496 1393 523 discriminis
1405 495 1584 530 percipiatur?
1594 494 1662 527 Quid
1678 494 1858 526 Valentinum,

1076 542 1186 569 Paulum
1206 541 1350 573 Alciatum,
1372 540 1555 572 Blandratum,
1572 539 1785 566 Mahometanum
1803 540 1859 567 bel-

1075 588 1146 615 luam
1177 588 1202 614 in
1231 595 1305 614 suam
1333 586 1546 613 communionem
1571 585 1729 620 recipientes
1753 593 1785 612 ac
1803 592 1862 621 my-

1075 635 1156 660 steria
1177 632 1348 660 dit-inissimzc
1366 631 1425 658 ﬁdei
1446 638 1461 658 e
1477 630 1609 657 diabolico
1624 629 1758 657 Alcorano
1776 629 1861 657 dedu-

1075 683 1176 709 centes,
1198 682 1277 711 atque
1292 677 1465 707 Alcoranum,
1483 675 1654 710 Evangelium
1673 680 1701 702 et
1722 675 1859 710 propheti-

1074 730 1133 750 cam
1157 721 1335 756 Scripturam,
1352 727 1478 754 tanquam
1500 721 1550 747 tria
1570 720 1733 746 Θεόπνευστα
1752 726 1860 755 porten-

1075 769 1210 796 tosissime
1224 767 1384 802 jungcntes?
1406 766 1474 799 Quid
1490 767 1591 801 reliqua
1606 767 1715 793 humani
1739 767 1858 801 generis,

1075 814 1171 840 nedum
1185 813 1340 843 Christiani,
1360 812 1502 844 dedecora,
1525 818 1584 845 qua:
1608 810 1746 845 theologia:
1769 811 1858 839 omnis

1074 867 1182 886 sensum
1191 866 1260 894 pene
1276 865 1308 885 ex
1318 857 1457 885 hominum
1473 856 1649 884 conscientiis
1663 856 1857 892 exstirparunt.

1075 904 1140 931 Nam
1157 912 1208 931 non
1221 904 1276 938 jam
1294 904 1362 931 inter
1379 903 1451 938 ipsos
1468 903 1501 930 de
1523 905 1602 930 rebus
1618 903 1651 930 ad
1671 903 1753 930 Deum
1777 903 1860 937 perli-

1074 949 1200 976 ueutibus
1229 949 1333 983 impure
1368 948 1507 983 quaeritur,
1534 956 1627 975 verum
1656 948 1689 976 de
1719 949 1773 975 Deo
1801 949 1859 982 ipso

1074 1002 1179 1022 summo
1207 1002 1296 1022 rerum
1326 999 1437 1029 parente
1473 994 1680 1022 sceleratissima
1712 995 1789 1022 ardet
1824 994 1858 1022 lis

1075 1045 1154 1075 atque
1169 1041 1313 1068 contentio.

1110 1086 1213 1120 Quibus
1236 1087 1360 1113 omnibus
1378 1094 1437 1114 cum
1463 1086 1505 1114 vel
1524 1093 1593 1113 unus
1623 1085 1806 1114 efﬁcacissime
1831 1089 1859 1113 ct

1074 1131 1219 1159 lor-tissime
1235 1137 1361 1158 occurrat
1386 1131 1537 1166 theologus,
1558 1132 1674 1166 suscepti
1695 1139 1710 1158 a
1728 1131 1804 1158 Billio
1818 1131 1842 1158 la

1073 1179 1154 1205 bores
1168 1178 1200 1204 ad
1217 1178 1290 1205 illum
1307 1179 1384 1205 nobis
1398 1182 1492 1205 contra
1509 1178 1574 1204 istas
1596 1177 1681 1204 furias
1701 1176 1858 1212 pugnaturis

1074 1224 1125 1251 ﬁde
1142 1231 1173 1251 ac
1191 1231 1256 1258 pure
1273 1223 1468 1255 exhibendum,
1485 1225 1554 1257 apud
1573 1227 1598 1250 te
1612 1222 1793 1258 potissimunt,
1815 1221 1858 1248 cui

1073 1269 1210 1305 provincia
1232 1269 1358 1296 divinitus
1373 1271 1516 1296 commissa
1540 1274 1581 1297 est
1597 1269 1715 1302 videndi,
1735 1276 1768 1296 ne
1792 1267 1855 1303 quid

1074 1316 1229 1343 detrimenti
1246 1315 1339 1349 religio
1355 1315 1457 1350 capiat,
1483 1315 1599 1347 inibunt,
1623 1315 1775 1350 opinamur,
1796 1321 1857 1350 gra-

1074 1362 1138 1388 tiam
1150 1369 1229 1396 quam
1245 1361 1399 1388 maximam.
1413 1361 1525 1388 Accedit
1535 1362 1567 1388 ad
1580 1362 1646 1389 istos
1661 1360 1858 1388 labefactandos

1073 1413 1099 1434 et
1116 1407 1241 1434 universa
1266 1407 1386 1434 Ecclesia
1410 1407 1517 1441 penitus
1539 1407 1731 1438 exturbandos,
1755 1407 1856 1434 nullum

1073 1454 1157 1481 videri
1173 1453 1318 1480 remedium
1335 1453 1505 1487 prtesentius,
1522 1461 1602 1488 quam
1617 1458 1645 1481 ut
1669 1453 1856 1488 cognominem

1074 1501 1144 1527 hunc
1172 1504 1244 1526 tuum
1275 1501 1455 1535 patriarcham
1483 1500 1632 1533 :emuleris,
1656 1508 1688 1527 ac
1708 1507 1762 1535 quo
1778 1504 1856 1535 pacto

1074 1554 1102 1573 se
1117 1545 1160 1572 ille
1185 1546 1312 1573 adversus
1329 1546 1368 1573 sui
1393 1547 1521 1580 temporis
1544 1546 1675 1574 sectarios
1697 1547 1790 1582 gessit,
1810 1554 1855 1574 eo-

1074 1592 1134 1618 dem
1159 1592 1298 1617 adversum
1326 1591 1392 1618 istos
1418 1592 1532 1618 enitare.
1553 1590 1641 1618 Verbo
1666 1591 1711 1618 Dei
1736 1591 1795 1618 illos
1813 1598 1856 1617 re-

1074 1637 1156 1672 pulit,
1190 1637 1292 1663 litteras
1310 1637 1392 1664 coluit
1414 1643 1441 1664 et
1467 1637 1619 1672 promovit,
1644 1644 1690 1664 eas
1710 1637 1855 1671 praecipue,

1074 1682 1170 1716 quibus
1192 1682 1303 1708 istormn
1320 1682 1430 1708 audacia
1448 1687 1474 1709 et
1491 1683 1629 1709 temeritas
1648 1682 1789 1716 frangitur.
1805 1681 1858 1708 Eu-

1074 1728 1164 1755 laliutu
1186 1733 1211 1755 et
1227 1729 1293 1755 alios
1311 1730 1409 1764 probos
1435 1729 1582 1764 doctusque
1603 1729 1743 1764 episcopos
1758 1728 1859 1755 cortsti-

1075 1775 1133 1806 tuit,
1148 1774 1194 1809 qui
1209 1775 1302 1806 verbo,
1325 1774 1459 1809 exemplo,
1473 1775 1581 1810 scriptis
1596 1775 1708 1803 istorum
1735 1774 1860 1809 blasphe-

1075 1820 1144 1852 ntiis,
1163 1820 1344 1855 improbitati,
1371 1820 1511 1855 imperitia:
1530 1821 1700 1848 resisterent.
1728 1819 1857 1847 Basilium

1075 1874 1200 1902 magnum
1222 1874 1316 1902 magna
1337 1868 1508 1895 contentione
1526 1867 1594 1902 invit
1614 1869 1647 1895 ad
1663 1868 1857 1896 Caesariensem

1075 1913 1335 1947 archiepiscopatum
1358 1915 1586 1948 consequendum,
1601 1919 1630 1942 ut
1646 1915 1671 1942 in
1692 1915 1858 1950 Cappadocia

1076 1966 1188 1992 serpens
1208 1958 1515 1986 Pneumatomachorum
1535 1965 1563 1987 et
1590 1961 1735 1988 amentium
1756 1960 1858 1994 Apolli-

1076 2005 1239 2031 naristarum
1257 2012 1357 2031 cancer
1383 2007 1604 2040 restingueretur.
1620 2005 1764 2034 Theodosii
1779 2006 1859 2033 Citri-

1076 2052 1233 2079 stianissiuti
1252 2053 1422 2088 itnperatoris
1442 2061 1519 2088 opem
1535 2055 1688 2089 imploravit
1709 2055 1742 2081 ad
1766 2059 1859 2081 retun-

1076 2098 1190 2125 dendam
1207 2099 1380 2131 Arianorum,
1400 2099 1664 2133 Macedonianorum,
1679 2099 1858 2134 Apollinario-

1077 2155 1135 2174 rum
1156 2148 1359 2182 impudentiam,
1382 2147 1427 2181 qui
1454 2146 1535 2174 verbo
1550 2146 1597 2173 Dei
1613 2153 1642 2173 se
1661 2145 1861 2180 persuadendos

1078 2201 1130 2220 non
1147 2194 1312 2228 praebebant.
1326 2192 1489 2228 Olympium,
1503 2191 1696 2226 Sophronium,
1710 2191 1858 2223 Asterium,

243 2244 294 2264 nus
319 2237 447 2266 vomicas.
473 2236 543 2263 hattc
568 2236 779 2264 enuntiationem
799 2244 812 2263 a
833 2237 957 2265 Patribus
977 2238 1024 2265 Μ·
1041 2235 1063 2263 D
1079 2239 1226 2272 Victorem,
1244 2238 1411 2269 Modarium,
1435 2237 1609 2272 Eutropium,
1632 2237 1860 2271 Amphilochium,

242 2283 325 2310 carnis
341 2289 435 2309 contra
449 2282 596 2309 inferorum
610 2289 701 2316 portas
720 2282 875 2310 dulcissime
897 2291 1026 2318 persona-

243 2333 310 2359 tam,
329 2336 338 2352 ί
355 2328 437 2354 Deum
458 2327 490 2354 de
504 2326 571 2360 Deo,
586 2327 676 2354 lumen
691 2328 725 2355 de
744 2328 854 2360 lumine,
876 2328 959 2356 Deum
980 2337 1026 2356 ve-

243 2381 302 2400 rum
323 2372 358 2400 de
379 2373 431 2399 Deo
446 2380 520 2404 vero,
536 2382 545 2398 ι
563 2377 592 2400 ut
613 2374 718 2407 duram,
742 2379 771 2401 ut
795 2374 979 2409 improprium,
997 2380 1027 2402 ut

243 2418 362 2446 maxime
380 2419 557 2453 periculosam
573 2420 760 2448 abhorrentes.
786 2420 893 2448 induxit
915 2429 963 2455 per
976 2421 1027 2449 Le-

243 2465 375 2492 ntatticant
396 2458 546 2498 collhviem,
567 2473 662 2492 novatn
682 2473 803 2499 persona:
822 2467 878 2494 sive
899 2468 1026 2502 hyposta-

242 2518 304 2538 sees
329 2510 523 2541 deﬁnitionem,
548 2518 600 2544 qua
627 2519 680 2537 non
705 2510 761 2544 jam
794 2519 907 2546 persona
936 2513 1026 2540 divina

243 2556 374 2585 subsistat
395 2563 443 2590 per
459 2563 498 2589 se,
514 2557 561 2583 sed
584 2564 630 2590 per
646 2558 791 2584 essentiam
811 2563 838 2585 et
857 2558 882 2585 in
896 2559 1026 2591 essentia;

243 2612 296 2631 non
316 2604 372 2639 jam
391 2612 439 2638 per
455 2611 515 2631 sese
530 2603 675 2635 cohaereat,
697 2605 744 2632 sed
761 2604 794 2631 de
809 2606 943 2632 comruuni
965 2612 1028 2640 qua-

243 2651 304 2677 dam
325 2651 476 2678 substantia
496 2651 628 2685 pendeat,
648 2651 726 2685 eique
747 2658 822 2678 more
850 2651 1027 2679 accidentiunt

244 2696 382 2723 inhaereat.
406 2697 475 2729 Quid
501 2696 598 2724 addam
621 2697 808 2724 Autotlteanos
836 2701 936 2724 temere
964 2705 1027 2732 pro-

245 2742 400 2769 nuntiantes
416 2741 513 2769 Filium
529 2747 557 2769 et
573 2742 702 2776 Spiritum
730 2747 853 2770 sanctqu
876 2742 943 2769 nihil
965 2745 1027 2770 sub—

245 2787 350 2814 stantia;
373 2796 386 2814 a
408 2788 485 2815 Patre
509 2793 685 2822 consecutos,
711 2788 756 2816 sed
780 2796 794 2815 a
812 2796 842 2816 se
869 2789 932 2816 deos
952 2788 1030 2816 esse?

277 2876 300 2891 '-‘
320 2875 327 2902 Ι
345 2876 405 2903 Cor.
423 2884 456 2908 l\,
472 2877 514 2903 ‘ll.

1079 2285 1229 2316 Julianum,
1252 2284 1436 2316 Calidianum,
1460 2283 1595 2318 principes
1619 2283 1813 2318 przerectosque
1828 2284 1861 2311 ad

1080 2331 1230 2366 perdendos
1252 2330 1328 2361 istos,
1342 2337 1373 2357 ac
1389 2337 1418 2357 ea
1435 2337 1494 2364 quae
1507 2333 1568 2355 sunt
1583 2329 1656 2363 pacis
1672 2329 1862 2357 ecclesiasticae.

1080 2376 1232 2410 przestanda
1254 2375 1370 2409 impulit.
1393 2374 1488 2401 Pacem
1513 2374 1578 2401 fovit
1596 2375 1667 2401 inter
1688 2375 1822 2410 principes
1837 2382 1864 2403 et

1080 2426 1202 2455 pastores
1216 2419 1372 2450 catholicos,
1396 2424 1426 2446 ut
1445 2418 1598 2446 Christiana
1615 2419 1686 2446 acies
1703 2423 1797 2446 contra
1814 2419 1864 2446 im-

1080 2467 1139 2501 pios
1161 2469 1233 2493 esset
1258 2465 1369 2492 ﬁrtnior.
1393 2464 1515 2492 Gladium
1538 2464 1648 2498 spiritus
1671 2468 1698 2491 et
1718 2465 1782 2492 ferri
1809 2465 1861 2492 mi-

1081 2511 1165 2543 scuit,
1188 2515 1268 2545 atque
1285 2517 1346 2536 cum
1367 2509 1493 2544 Apostolo
1519 2508 1598 2535 modo
1626 2509 1652 2536 in
1678 2509 1751 2544 virga
1774 2509 1863 2542 venit,

1082 2557 1161 2584 ntodo
1186 2557 1212 2583 in
1237 2557 1369 2583 charitate
1385 2560 1412 2582 et
1436 2556 1532 2590 spiritu
1557 2556 1770 2584 mansuetudinis
1780 2555 1814 2588 ⁸³,
1836 2561 1863 2582 ut

1080 2601 1228 2629 Ecclesiam
1245 2600 1394 2628 haeresibus
1410 2606 1564 2635 corruptam
1582 2608 1637 2628 suae
1652 2601 1763 2635 puritati
1786 2601 1864 2628 resti-

1083 2652 1180 2674 lueret.
1195 2646 1361 2674 Cltaritatem
1383 2646 1467 2674 coluit
1482 2654 1542 2674 cum
1566 2648 1702 2680 omnibus,
1716 2647 1757 2676 sui
1782 2647 1863 2674 etiam

1081 2692 1199 2720 nominis
1214 2696 1242 2719 et
1266 2692 1355 2720 throni
1381 2692 1532 2727 dispendio.
1550 2692 1677 2728 Projicite
1693 2700 1745 2727 me,
1765 2693 1863 2728 inquit,

1081 2739 1108 2766 in
1132 2747 1220 2771 mare,
1244 2739 1266 2767 si
1284 2745 1394 2774 propter
1408 2746 1451 2766 me
1466 2744 1524 2767 orta
1549 2745 1592 2766 est
1611 2743 1772 2774 tempestas:
1791 2738 1863 2765 inde-

1082 2794 1150 2822 que,
1174 2793 1200 2814 et
1224 2787 1329 2822 quidem
1348 2787 1454 2813 Cmsarc
1480 2787 1592 2821 aliisque
1613 2787 1663 2819 piis
1686 2785 1862 2821 gementibus.
