2070 3135
236 199 290 228 575

701 201 859 228 CILBERTI
879 202 1100 230 GENEBRARDI
1115 203 1223 230 EPIST.
1239 203 1397 231 DEDlCAT.

1803 206 1854 234 δτι

237 258 373 291 Nectario,
392 265 499 286 summo
514 265 544 286 ac
560 259 693 286 ditissimo
710 259 905 294 patriarcbatu,
925 268 1021 293 nempe
1035 264 1058 292 Α
1075 267 1146 289 tenet
1164 267 1264 296 partes.
1284 261 1351 288 Nam
1373 262 1561 296 interpretem,
1581 262 1644 290 dum
1662 267 1780 296 vrveret,
1801 271 1854 291 non

235 305 546 340 Constantinopolitano,
568 311 629 340 post
648 305 823 340 apostolicum
855 306 1020 340 amplissimo

235 349 327 382 cessit,
346 358 381 377 ne
401 350 443 378 vel
460 350 601 378 minimum
621 351 775 378 schismatis
798 351 869 379 inter
881 351 1020 387 episcopos

235 398 366 423 eemeret.

233 435 235 437 ’
271 441 374 469 Caetera
392 442 553 477 scriptorum
567 442 625 476 ejus
640 442 721 470 lectio
737 443 921 478 copiosissime
938 445 1020 473 doces

235 488 286 520 bit,
298 495 358 523 quae
370 494 403 516 eo
417 488 506 515 futura
519 492 561 515 est
574 488 676 523 gratior
687 495 720 516 ac
731 489 880 523 probatior,
894 497 946 524 quo
959 497 1018 518 me-

235 534 330 561 liorem
347 538 426 562 nacta
442 539 484 562 est
500 534 676 569 interpretem
694 542 702 562 :
721 542 816 570 nempe
833 542 906 569 eum,
922 535 949 563 in
966 543 1019 571 quo

235 583 339 607 tantum
354 579 461 607 videtur
474 579 650 615 eloquentiae,
668 585 698 606 ut
714 587 763 615 per
776 581 857 607 alium
873 581 1019 616 Gregorius

234 628 296 652 tuus
315 624 482 659 eloquentius
503 625 599 653 Latine
617 626 710 654 dicere
727 625 771 652 vix
791 627 893 660 possit;
915 632 1018 654 tantum

235 671 382 703 doctrinae,
400 675 428 698 ut
445 679 492 706 per
507 671 587 699 alium
606 672 709 699 doctius
727 676 754 698 et
771 673 902 701 eruditius
920 681 1018 708 reproa-

235 717 337 744 sentari
349 717 393 744 vix
408 722 504 752 queat;
522 721 626 744 tantum
644 718 795 745 sanctitatis
811 725 842 745 ac
856 719 974 751 virtutis.
989 724 1018 754 ut

236 761 365 797 Spiritum
384 767 506 790 sanctum
525 763 566 791 sui
585 763 678 797 organi
698 771 776 790 sensa
797 763 912 792 libenter
930 765 953 792 ei
975 765 1016 792 in-

234 806 353 841 spirasse
378 812 590 835 consentaneum
615 809 667 841 sit;
695 813 797 836 tantum
822 810 966 844 diligentiae
991 816 1018 838 et

233 853 330 884 studii,
349 857 378 880 ut
394 853 451 887 ipse
468 861 555 888 neque
568 854 645 885 vitm,
661 855 694 881 ad
710 855 854 883 volvendos
869 856 952 884 libros
967 865 1017 884 suo

235 897 358 927 instituto
370 896 536 931 commodos,
551 907 638 933 neque
651 900 764 927 fortunis
778 901 811 928 ad
827 903 959 936 parandos
974 903 1014 929 in-

1073 307 1153 335 modo
1169 308 1333 336 amicissime
1347 307 1441 340 coluit,
1451 315 1545 335 verum
1557 308 1638 336 etiam
1654 308 1776 340 consilio,
1793 316 1855 336 sen-

1072 355 1168 385 tentia,
1184 354 1323 381 recondita
1340 361 1389 381 sua
1406 353 1569 386 eruditione,
1583 354 1655 381 omni
1672 354 1787 388 denique
1799 362 1863 389 qua,

1071 400 1159 434 potuit
1171 407 1199 427 re
1211 407 1242 426 ac
1254 400 1341 427 studio
1350 399 1431 434 juvit,
1442 398 1533 426 missis
1544 399 1625 427 etiam
1637 406 1669 426 ex
1681 397 1753 426 Urbe
1764 406 1855 427 exem-

1072 445 1192 480 plaribus
1209 444 1311 473 Graecis
1326 451 1410 480 penes
1426 451 1475 471 nos
1491 444 1580 472 adhuc
1595 444 1740 480 depositis,
1757 445 1855 479 quibus

1073 489 1114 517 vel
1131 490 1250 524 corrupti
1268 490 1318 517 loci
1335 489 1556 522 emendarentur,
1570 488 1612 516 vel
1628 490 1735 517 obscuri
1754 489 1859 517 illumi-,

1070 540 1212 568 narentur,
1231 535 1273 562 vel
1295 542 1363 570 opus
1388 535 1474 569 ipsum
1496 541 1626 562 novorum
1647 535 1854 562 commentario-

1070 589 1145 613 rum,
1161 581 1330 613 orationum,
1345 581 1536 615 epistolarum,
1552 580 1701 608 carminum
1716 587 1853 615 nunquam

1070 631 1149 654 antea
1163 627 1299 655 editorum
1315 626 1471 654 accessione
1486 627 1562 654 valde
1577 626 1796 661 locupletaretur.
1813 626 1854 654 Ex

1070 673 1168 707 quibus
1184 672 1308 700 otnnibus
1324 680 1385 700 cum
1403 679 1480 699 suum
1495 671 1550 706 jam
1567 680 1650 699 unum
1667 673 1750 706 probe
1767 671 1851 700 colla-

1069 723 1126 745 tum
1142 723 1168 745 et
1182 718 1420 753 castigatissimum
1436 718 1560 746 eil'ectum
1576 718 1737 749 absolverit,
1751 718 1853 752 optime

1069 764 1225 796 morereris,
1244 763 1323 790 Pater
1336 763 1518 796 sanctissime,
1532 765 1565 791 de
1582 771 1611 791 re
1625 763 1793 797 Christiana,
1810 768 1852 790 at—

1070 816 1122 844 que
1135 809 1200 835 adeo
1213 809 1246 835 de
1262 807 1319 842 ipso
1335 807 1474 842 Gregorio,
1488 815 1566 843 quem
1581 808 1625 843 pie
1640 807 1708 836 colis
1721 812 1749 835 et
1763 808 1795 835 ad
1811 808 1855 842 pie

1068 854 1209 882 colendum
1222 859 1316 881 omnes
1327 854 1441 886 excitas,
1453 854 1475 881 si
1487 861 1549 881 eum
1562 853 1596 881 de
1608 854 1714 888 integro
1725 861 1757 880 ex
1770 854 1854 888 ipsius

1068 900 1210 928 emendato
1230 899 1324 927 codice
1343 899 1439 926 excudi
1459 899 1620 934 imperares,
1633 900 1672 933 fac
1691 899 1765 926 illum
1784 900 1854 934 typis

235 943 356 971 dulserit.
374 943 408 971 Et
425 951 506 976 sane,
527 949 554 970 ut
572 945 657 978 prima
675 945 794 972 editione
814 950 887 973 recte
906 947 940 974 ab
960 948 1016 981 ipso
1032 941 1055 972 Β
1071 946 1123 973 tuis
1146 945 1364 980 elegantissimis,
1385 945 1482 980 quibus
1502 945 1646 972 concilium
1668 944 1853 972 Florentinum

233 994 275 1016 est
287 994 456 1021 annotatum,
467 997 527 1017 eum
540 990 583 1024 qui
596 990 621 1017 in
634 990 684 1018 hoc
696 995 806 1018 auctore
818 992 1015 1025 transferendo,

233 1035 368 1069 specimen
384 1035 424 1062 sui
442 1036 562 1070 praebere
577 1036 649 1068 vult,
664 1036 756 1063 multis
772 1038 930 1073 magnisque
946 1047 1016 1074 νιτρ-

233 1080 309 1108 sidiis
322 1081 482 1108 instructum
496 1088 555 1109 esse
567 1088 683 1116 oportet.
697 1083 724 1110 In
739 1091 772 1110 eo
785 1084 857 1110 enim
870 1084 1014 1111 verborum

233 1126 343 1160 argutiae
365 1127 541 1162 undecunque
563 1132 688 1162 captatus,
713 1129 812 1164 ubique
833 1137 900 1163 pene
922 1137 1016 1157 cruces

234 1170 318 1206 ﬁgunt
335 1172 486 1207 interpreti.
504 1172 618 1200 Prolixaa
636 1175 758 1208 periodi,
776 1180 804 1201 ut
821 1174 922 1202 Grzecre
940 1175 1015 1202 locu-

234 1218 299 1246 tioni
316 1219 351 1246 ob
368 1220 546 1246 connectendi
565 1219 720 1247 facilitatem
740 1228 792 1247 non
810 1228 903 1255 parum
921 1223 1015 1256 gratia:

233 1270 312 1299 atque
327 1265 479 1292 ornamenti
497 1265 628 1298 all‘crunt,
644 1265 680 1292 ita
695 1266 728 1292 ad
744 1265 852 1293 Latinas
867 1275 946 1294 aures
962 1276 1014 1294 non

232 1310 290 1338 ine
308 1311 389 1338 animi
408 1311 585 1345 suspensione
604 1316 631 1338 et
651 1311 760 1339 fastidio
778 1313 1013 1341 transfunduntur.

232 1354 400 1382 Brevissimae
411 1355 556 1383 allusiones
566 1357 669 1384 crebris
681 1357 747 1384 locis
757 1365 857 1391 sparsa:
870 1366 922 1385 non
935 1359 1014 1386 modo

231 1400 352 1435 plurimae
361 1400 492 1431 lectionis,
503 1408 595 1427 verum
608 1401 687 1428 etiarn
701 1401 863 1429 felicissinue
876 1404 1014 1430 memoria:

231 1445 405 1479 interpretem
419 1446 540 1481 eligunt,
554 1446 651 1481 quibus
663 1447 704 1474 vel
721 1447 850 1481 ignoratis
862 1448 902 1475 vel
919 1449 1011 1483 negle-

232 1495 296 1517 cum
315 1490 447 1523 decursis,
467 1498 576 1518 necesse
593 1491 628 1518 sit
647 1493 828 1526 peregrinari,
846 1493 970 1528 velutque
987 1494 1013 1521 in

231 1535 321 1562 alieno
341 1535 398 1563 solo
419 1537 532 1569 versari,
554 1544 585 1564 ac
605 1539 830 1572 quemadmodum
852 1540 933 1568 habet
953 1542 1013 1574 Job,

230 1581 319 1613 ἄλλοις
333 1582 461 1617 νήχεσθαι
474 1582 573 1616 λόγοις.
588 1583 736 1611 Peeuliaris
752 1588 874 1620 quaedam
891 1587 1012 1620 phrasis,

231 1631 258 1654 et
269 1628 374 1661 quidem
387 1627 557 1655 Polemonica
570 1629 742 1664 Hieronymo,
757 1631 899 1660 lsocratica
913 1622 1049 1672 δυωδεηο

231 1674 407 1701 disertissima
419 1675 543 1702 omnibus
554 1675 647 1702 Graece
657 1676 816 1709 scientibus,
838 1678 1014 1713 inprimisque

231 1719 388 1746 eruditayvel
405 1720 653 1755 perspicaeissimos
666 1722 758 1749 oculos
773 1724 870 1757 smpius
883 1726 1013 1758 perstrin-

230 1767 286 1802 git,
302 1772 333 1795 ut
348 1768 400 1796 nisi
416 1775 523 1797 summa
538 1776 602 1796 cura
617 1769 868 1804 animadversioque
887 1771 1014 1798 adhibea-

231 1819 286 1846 tur,
305 1821 368 1841 vera
390 1814 532 1850 scriptoris
553 1823 640 1848 mens,
669 1816 696 1842 in
718 1816 802 1843 levem
824 1818 966 1852 quamdam
989 1822 1015 1845 et

231 1859 338 1889 inanem
355 1862 489 1893 umbram,
503 1866 531 1887 ut
546 1862 579 1888 ab
595 1861 686 1889 Ixione
699 1863 823 1889 adamata
837 1863 906 1890 Juno
922 1863 947 1890 in
964 1872 1014 1890 nu-

230 1906 292 1934 bem
311 1907 416 1940 migret.
436 1906 469 1933 Ut
485 1908 556 1934 enim
576 1908 673 1934 Daedali
692 1912 806 1938 statuas,
825 1909 875 1935 nisi
893 1909 1015 1936 lirmissi-

230 1953 282 1980 mis
295 1953 407 1980 vinculis
422 1953 645 1988 astringerentur,
662 1953 750 1986 lugam
766 1953 903 1987 corripere
918 1954 1014 1982 solitas

230 1998 322 2025 retulit
341 1998 432 2030 Plato,
452 1998 487 2024 ita
508 1998 622 2033 genuina
644 1998 722 2031 hujus
741 1997 886 2028 sententia,
904 1998 954 2024 nisi
971 2006 1015 2023 ar-

231 2045 350 2072 ctissima
370 2045 518 2071 attentione
535 2048 563 2071 et
582 2043 720 2078 diligentia
739 2043 881 2076 vinciatur,
901 2044 1014 2070 vertenti

233 2093 309 2126 quasi
327 2093 359 2120 de
375 2092 499 2119 manibus
515 2091 640 2118 elabitur.

266 2138 452 2166 Diﬂicultatem
469 2139 545 2165 anxit
562 2137 672 2165 Graecus
688 2138 771 2165 codex
790 2138 950 2172 impressus,
968 2137 1012 2171 qui

229 2192 290 2212 cum
306 2185 401 2211 unicus
415 2190 549 2218 suppetat,
567 2188 605 2210 tot
621 2184 745 2217 tantique
763 2184 891 2210 momenti
908 2184 1012 2210 merulis

229 2235 329 2262 scatet,
343 2234 371 2257 ut
384 2231 417 2257 ad
432 2230 483 2257 boc
495 2229 588 2264 Augim
600 2228 732 2256 stabulant
747 2230 945 2263 repurgandum
960 2237 1012 2256 non

1071 996 1098 1018 et
1111 991 1239 1025 pleraque
1250 990 1302 1017 alia
1316 990 1463 1018 emittenda
1476 990 1588 1022 curasti,
1603 989 1732 1018 traderes.
1746 989 1852 1023 Alioqui

1073 1039 1159 1066 nostri
1177 1038 1336 1074 typographi
1354 1042 1474 1072 torpent,
1490 1045 1540 1065 nec
1553 1038 1660 1065 Grmcas
1675 1038 1768 1072 prima:
1784 1041 1850 1063 nota‘

1070 1085 1203 1112 editiones
1215 1085 1296 1112 facile
1308 1085 1469 1119 suscipiunt,
1481 1084 1538 1112 sive
1549 1084 1619 1119 quod
1630 1084 1753 1118 privatim
1766 1083 1849 1110 minur

1071 1131 1151 1158 tantis
1166 1130 1316 1165 sumptibus
1331 1129 1479 1163 sufﬁciant,
1495 1130 1552 1157 sive
1566 1130 1637 1164 quod
1652 1129 1755 1156 lucrum
1772 1136 1787 1156 e
1803 1129 1847 1156 La-

1070 1177 1132 1203 tinis
1145 1181 1171 1203 et
1184 1175 1335 1203 vernaculis
1352 1183 1471 1210 prmsens
1487 1175 1601 1210 publica:
1615 1175 1726 1202 utilitati
1742 1180 1848 1210 antepov

1069 1226 1144 1248 nant.
1163 1220 1317 1248 Grmcorum
1339 1220 1410 1247 enim
1429 1221 1610 1248 venditionem
1632 1220 1773 1247 lentiorem
1791 1227 1849 1248 esse

1069 1272 1224 1299 causantur,
1237 1266 1307 1294 baud
1319 1266 1398 1293 dubie
1410 1271 1518 1301 propter
1529 1265 1597 1294 bella
1609 1271 1636 1293 et
1649 1266 1776 1297 haereses,
1786 1273 1846 1300 quo

1068 1321 1126 1340 rum
1146 1320 1227 1339 causa
1247 1312 1345 1347 lingua:
1364 1317 1390 1338 et
1410 1312 1549 1339 solidiores
1569 1311 1718 1346 disciplinae
1736 1311 1835 1346 ubique

1068 1358 1119 1385 nisi
1133 1365 1148 1384 a
1163 1361 1188 1384 te
1202 1357 1353 1388 foveantur,
1370 1355 1497 1390 languere
1510 1355 1656 1390 incipiunt;
1673 1360 1701 1382 ut
1716 1360 1849 1383 taceamus

1068 1404 1219 1436 avaritiam,
1233 1411 1292 1438 qua;
1304 1410 1356 1430 non
1371 1403 1437 1429 sinit
1453 1402 1576 1430 homines
1590 1401 1632 1429 his
1647 1402 1846 1429 litterisincum-

1067 1450 1147 1481 bere,
1162 1457 1220 1483 qtue
1235 1456 1300 1484 opes
1314 1455 1403 1483 neque
1416 1455 1542 1483 magnas,
1558 1454 1645 1481 neque
1659 1447 1750 1474 faciles
1763 1447 1849 1474 conciv

1068 1494 1143 1521 liant.
1153 1493 1212 1520 Tibi
1223 1494 1274 1521 erit
1286 1494 1404 1520 maximo
1414 1497 1584 1524 ornamento,
1597 1492 1642 1520 tibi
1655 1493 1732 1520 cedet
1743 1492 1849 1519 immor-

1068 1539 1113 1566 tali
1127 1539 1228 1574 εἱστία»,
1239 1539 1262 1567 si
1275 1548 1321 1567 eas
1333 1546 1489 1570 conserves,
1503 1546 1545 1570 ac,
1558 1543 1587 1565 ut
1601 1538 1720 1573 cmpisti,
1731 1537 1850 1566 eruditos

1067 1584 1150 1611 librOs
1161 1584 1217 1612 suis
1229 1585 1324 1618 primis
1334 1584 1433 1619 linguis
1444 1583 1702 1618 characteribusque
1714 1582 1850 1615 restituas,

1065 1634 1144 1664 atque
1158 1630 1190 1656 ad
1207 1633 1329 1664 posteros
1345 1629 1523 1656 transmittas.

1102 1675 1190 1703 llabes
1202 1675 1382 1703 domesticum
1397 1675 1549 1709 exemplum
1564 1673 1668 1701 Nicolai
1682 1673 1767 1708 quinti
1785 1681 1850 1700 nun-

1066 1729 1145 1756 quam
1161 1721 1227 1749 satis
1241 1721 1370 1748 celebrati
1385 1720 1537 1755 pontiﬁcis,
1553 1720 1630 1754 cujus
1642 1719 1755 1753 opibus,
1772 1719 1847 1754 largi-

1066 1768 1197 1799 tionibus,
1216 1767 1351 1800 potentia,
1369 1766 1530 1794 auctoritate
1546 1764 1647 1793 Graeca:
1664 1764 1776 1796 litterae,
1791 1771 1851 1797 quae

1067 1814 1092 1841 in
1117 1814 1187 1840 Italia
1210 1820 1293 1847 atque
1310 1813 1377 1840 adeo
1398 1812 1523 1839 universo
1546 1810 1642 1838 Latino
1664 1810 1730 1838 orbe
1750 1810 1838 1844 septin

1067 1860 1154 1894 gentis
1172 1867 1254 1894 prope
1273 1858 1352 1885 annis
1370 1858 1535 1890 occiderant,
1556 1856 1680 1891 spiritum
1697 1860 1725 1884 et
1743 1856 1848 1890 sangui-

1066 1913 1127 1932 nem
1147 1908 1364 1938 resumpserunt;
1387 1903 1527 1930 llebraica:
1547 1902 1614 1929 tanti
1634 1901 1712 1929 facta:
1727 1907 1801 1933 sunt,
1823 1906 1848 1927 ut

1067 1951 1185 1986 quinque
1207 1957 1352 1977 aureorum
1374 1949 1457 1976 millia
1479 1948 1653 1983 Evangelium
1676 1948 1707 1974 D.
1729 1946 1848 1976 Mattlnri

1067 1996 1227 2024 llebraicum
1241 1995 1274 2022 ad
1290 1995 1374 2030 ipsum
1390 1994 1520 2021 delerenti
1534 1994 1589 2020 sint
1601 1993 1743 2027 promissa.
1756 1991 1784 2018 In
1798 1999 1849 2025 quo

1066 2050 1094 2069 se
1110 2049 1172 2068 vere
1187 2041 1327 2068 catholica:
1343 2040 1471 2068 Ecclesia:
1488 2039 1635 2066 antistitem
1653 2037 1784 2073 praestitit.
1801 2037 1846 2063 Ec-

1066 2087 1147 2113 clesia
1164 2086 1235 2112 enim
1251 2085 1358 2120 proprie
1373 2084 1503 2111 catholica
1517 2084 1617 2111 dicitttr
1629 2084 1662 2110 ab
1676 2082 1849 2109 universitate

1066 2132 1196 2166 gentium,
1209 2139 1276 2165 quas
1289 2131 1345 2165 ipsa
1358 2137 1408 2158 suo
1420 2130 1523 2165 gremio
1534 2129 1735 2164 complectitur,
1746 2134 1774 2156 et
1785 2136 1847 2155 cum

1065 2178 1164 2213 quibus
1180 2185 1227 2213 per
1241 2177 1360 2211 linguas,
1377 2176 1525 2212 prmsertim
1539 2176 1674 2209 eruditas,
1691 2175 1848 2209 grammati—

1065 2231 1127 2255 cas,
1143 2223 1221 2250 titulo
1237 2223 1324 2249 crucis
1341 2222 1486 2249 Dominicm
1501 2225 1674 2248 consecratas
1690 2221 1767 2255 longe
1784 2220 1848 2247 late-

230 2283 283 2303 un.)
297 2276 410 2303 Hercule
423 2284 490 2311 opus
505 2275 595 2303 fuerit.
608 2274 685 2302 Nulla
701 2276 783 2309 prope
797 2275 894 2309 pagina
909 2275 1012 2309 gravis-
1030 2289 1051 2315 υ
1068 2277 1120 2303 quo
1135 2268 1316 2296 communicat
1333 2272 1360 2315 et
1377 2267 1496 2302 loquitur
1513 2275 1519 2293 =
1538 2274 1589 2293 non
1605 2270 1633 2292 ut
1648 2265 1776 2315 iudaica.
1791 2273 1850 2315 {tunc

230 2322 305 2349 simis
319 2322 473 2348 vulneribus
488 2326 582 2353 vacat,
598 2321 695 2355 quibus
711 2320 839 2347 sanandis
854 2320 933 2347 aliter
949 2328 1011 2347 sue-

229 2367 301 2394 curri
318 2375 370 2393 non
386 2366 481 2400 potuit,
495 2374 574 2400 quam
590 2365 630 2392 vel
647 2364 827 2391 nancisccndo
843 2364 1011 2390 doctissimos

230 2413 338 2444 Nicetze,
353 2412 442 2443 Pselli,
459 2411 556 2442 Nonui,
571 2411 634 2438 Elire
649 2409 787 2438 Cretensis
802 2410 1012 2437 commentarios

230 2459 359 2486 hactenus
377 2459 403 2484 in
422 2457 540 2484 tenebris
558 2456 674 2488 abditos,
692 2455 732 2482 vel
749 2455 886 2482 evocando
905 2455 1012 2482 codices

230 2504 417 2538 castigatiorcs
435 2503 647 2537 manuscriptos,
668 2502 694 2528 id
713 2507 769 2533 est,
790 2501 898 2535 Regios,
917 2508 930 2527 a
949 2508 1012 2535 rege

229 2550 461 2577 (lbristianissimo
471 2549 634 2583 exquisitos;
646 2548 789 2583 Regineos,
800 2556 813 2574 a
824 2549 914 2582 regina
928 2554 1012 2574 matre

230 2600 402 2630 nnpetratos;
419 2594 537 2626 Italicos,
551 2595 585 2621 ab
601 2594 703 2628 aliquot
717 2593 907 2621 illustrissimis
921 2594 1009 2621 cardi-

229 2641 334 2668 nalibus
355 2646 381 2668 et
399 2640 459 2668 aliis
479 2640 591 2668 summis
609 2640 674 2667 viris
694 2644 788 2674 sponte
807 2639 920 2667 oblatos.
939 2639 1011 2666 inter

228 2693 294 2720 quos
318 2686 516 2714 illustrissimus
539 2685 582 2713 ille
607 2684 751 2713 cardinalis
775 2683 889 2713 Sirlctus
911 2685 1010 2720 primas

1066 2323 1119 2342 uno
1141 2315 1199 2342 fere
1217 2314 1315 2349 popqu
1337 2313 1622 2343 circumscribebatur,
1642 2312 1683 2338 vel
1706 2312 1849 2344 haeretica,

1066 2367 1125 2394 qua:
1137 2360 1258 2394 angustis
1269 2366 1415 2393 paucarum
1427 2358 1546 2393 gentium
1560 2358 1658 2384 liuibus
1669 2357 1848 2384 concluditur.

1066 2405 1163 2432 Verum
1173 2425 1180 2438 ,
1197 2413 1229 2432 ne
1245 2405 1382 2432 videamur
1396 2404 1430 2431 de
1445 2409 1490 2431 tua
1505 2404 1530 2430 in
1546 2411 1592 2431 cas
1607 2404 1786 2438 propensionc
1801 2403 1850 2430 du-

1065 2453 1162 2484 bitare,
1175 2452 1208 2478 ad
1222 2452 1372 2478 institutum
1386 2450 1557 2483 revenimus,
1572 2454 1650 2484 teque
1662 2450 1848 2482 obsecramus,

1066 2503 1094 2524 ut
1113 2497 1249 2525 memOria:
1269 2502 1322 2523 tam
1341 2496 1495 2530 praestantis
1515 2495 1671 2530 interpretis
1690 2494 1798 2526 faveas,
1817 2502 1849 2521 ac

1067 2551 1126 2576 nos,
1143 2542 1188 2577 qui
1207 2542 1266 2576 (-jus
1284 2545 1453 2568 monumenta
1470 2549 1484 2567 a
1501 2541 1560 2567 labe
1577 2541 1756 2573 vindicamus,
1773 2544 1799 2566 et
1815 2540 1849 2566 ad

1066 2593 1125 2615 tuos
1143 2593 1250 2622 postes,
1268 2588 1380 2614 fratrum
1399 2587 1481 2621 ipsius
1499 2586 1725 2613 nobilissimorum
1743 2590 1770 2611 et
1787 2585 1834 2612 reli

1065 2633 1277 2668 giosissimorum
1296 2633 1388 2667 jussu,
1404 2632 1534 2666 alligimns
1545 2652 1551 2663 ,
1568 2631 1713 2665 apostolica
1732 2630 1843 2656 benedi-

1065 2681 1153 2708 ctione
1173 2687 1345 2708 oroscuuare.
1361 2679 1471 2707 Lutetiae
1489 2678 1614 2705 Kalendis
1630 2676 1690 2704 Julii
1708 2684 1742 2706 an
1767 2675 1848 2705 1583.
