2070 3135
246 174 301 204 575
847 175 1003 204 ELOGIUM
1021 176 1138 204 JACUBI
1158 175 1270 203 BlLLll.
1815 169 1870 198 376

255 250 672 267 p——~—.—__

847 175 1003 204 ELOGIUM
1021 176 1138 204 JACUBI
1158 175 1270 203 BlLLll.

307 323 461 356 ΕιοοιυΜ
479 324 674 352 REVERENDI
693 324 818 352 PATRIS
836 324 868 353 Ι).
888 325 1006 353 JACOBI
1027 325 1095 353 BILI

1088 325 1126 352 Lll
1145 325 1295 358 PRUNA‘ZI,
1315 324 1459 352 ABBATIS
1480 322 1603 360 ΞᾼΝΟΤΙ
1622 321 1804 351 ΜΙΟΠΔΕΜδ

578 384 611 412 IN
630 385 749 414 EREMO
767 385 972 414 PlENTISSlMI
992 385 1036 413 ET
1055 385 1288 414 ERUDlTlSSIMl
1307 385 1380 414 CUM
1399 383 1552 414 TUMULO.

668 464 788 495 Joanne
803 463 966 500 Chatardo,
983 463 1088 503 priore
1103 463 1296 500 Tossiniaco,
1307 465 1445 494 auctore.

769 547 809 574 Ad
826 547 922 574 nobiles
934 546 1050 581 defuncti
1060 547 1217 582 propinquos
1232 551 1254 573 et
1268 546 1378 574 anticus.

974 689 1143 719 LECTORI.

681 769 730 804 (Ex
745 769 817 797 Edit.
833 769 919 798 Nivel.
935 769 1015 804 1583,
1032 774 1098 797 tom.
1115 769 1146 804 ll,
1163 778 1223 805 pag.
1249 770 1318 797 1548
1335 774 1362 797 et
1373 770 1442 805 seq.)

283 837 382 864 Orsus
400 837 521 873 pretium
541 845 584 865 me
601 837 735 865 facturum
752 837 856 872 putavi,
870 837 892 865 si
909 837 954 864 hic
970 837 1137 865 inscreretur
1149 837 1269 872 Eloginm
1288 837 1370 870 istud,
1386 837 1466 872 quale
1480 836 1582 864 editum
1597 841 1640 865 est
1657 837 1682 865 in
1700 837 1783 873 ipsius
1801 837 1869 866 Billii

246 888 351 917 morte,
365 892 447 920 quam
463 884 531 912 obiit
545 885 607 912 dum
624 884 676 912 hoc
691 883 889 920 Gregorianum
903 892 972 920 opus
989 892 1037 918 pro
1053 884 1170 912 secunda
1186 884 1306 911 editione
1323 885 1392 920 typis
1405 886 1561 916 mandaret.
1574 889 1719 912 exomarel
1732 891 1760 913 et
1774 885 1870 920 ampli-

248 931 359 965 ﬁcaret;
379 937 410 960 ut
428 932 492 960 hinc
510 932 603 966 paucis
621 939 653 959 ac
666 931 739 959 velut
753 931 912 966 compendio
925 932 1040 966 quodam
1054 932 1116 958 vitae
1130 931 1279 965 mortisque
1294 931 1379 966 ipsius
1395 931 1473 966 (nam
1488 939 1520 959 ex
1535 931 1593 967 ejus
1605 931 1689 960 variis
1702 932 1870 960 doctissimis

251 982 279 1005 et
292 978 422 1012 piissimis
435 978 544 1013 scriptis
557 977 633 1012 plura
647 985 728 1005 nosse
743 977 860 1012 poteris)
877 978 1053 1012 intelligeres,
1066 977 1138 1012 quis,
1153 976 1275 1011 qualisve
1289 981 1316 1004 et
1330 983 1448 1011 quantus
1462 976 1543 1004 fuerit
1559 977 1628 1005 ﬁdus
1643 977 1688 1004 ille
1702 977 1733 1005 D.
1746 977 1870 1011 Gregorii

254 1026 400 1060 interpres.
413 1025 496 1060 Cujus
508 1032 562 1052 non
578 1025 656 1053 modo
672 1024 817 1057 doctrinm,
831 1024 878 1052 sed
890 1029 918 1052 et
931 1031 1036 1051 morum
1047 1025 1162 1059 vitaeque
1175 1024 1355 1051 sanctissima:
1365 1031 1446 1051 verus
1460 1023 1607 1058 discipulus
1620 1031 1652 1051 ac
1666 1024 1787 1051 imitator
1799 1025 1849 1052 fuit
1861 1033 1868 1052 :

253 1071 325 1098 haud
340 1070 449 1098 dubium
463 1071 527 1106 quin
541 1076 569 1098 et
583 1071 628 1105 qui
643 1070 758 1098 similem
770 1070 852 1098 vitam
867 1070 893 1097 in
908 1070 988 1097 terris
1000 1074 1123 1105 egerunt,
1136 1074 1160 1097 et
1177 1074 1259 1097 totam
1273 1077 1320 1104 per
1332 1069 1377 1096 Dei
1391 1068 1540 1096 Ecclesiam
1554 1068 1741 1103 profuderunt.
1755 1069 1780 1096 in
1793 1070 1871 1097 cmlis

250 1124 359 1152 quoque
375 1116 456 1145 simul
475 1116 599 1144 fruantur
613 1116 672 1152 ejus
689 1116 789 1151 gloria,
806 1123 886 1152 quem
904 1117 938 1144 ad
954 1121 1106 1144 extremum
1122 1116 1186 1143 vitae
1201 1115 1327 1150 spiritum
1345 1116 1451 1143 sincere
1468 1115 1626 1148 coluerunt,
1643 1119 1670 1142 et
1686 1115 1762 1149 cujus
1778 1116 1868 1149 ampla

248 1164 352 1192 talenta
367 1168 423 1191 tam
439 1163 582 1199 diligenter
595 1167 622 1191 et
638 1163 776 1196 alacriter,
792 1167 846 1190 tam
864 1163 908 1198 pie
924 1167 953 1191 et
967 1166 1063 1190 sancte
1077 1166 1160 1197 alque
1175 1161 1291 1189 feliciter
1304 1161 1496 1196 impenderunt
1510 1167 1542 1189 ac
1558 1161 1779 1196 multiplicarunt.
1792 1161 1854 1189 Vale
1878 1175 1883 1189 λ

250 1215 279 1238 et
296 1210 396 1238 fruere.

1040 1257 1077 1264 ...-

905 1318 1206 1350 POSTERITATI.

287 1383 424 1414 IACOBO
445 1383 569 1412 BILLIO
592 1382 751 1418 PRUNE,
773 1380 1012 1411 NOBILISSIMA
1033 1380 1081 1415 ET
1104 1380 1327 1411 CLARISSIMA
1349 1379 1557 1411 BILLIORUM
1579 1381 1733 1411 FAMILIA
1755 1381 1871 1418 ORTO,

249 1423 386 1455 ABBATI
405 1422 538 1452 SANCTI
559 1421 761 1451 MICHAELIS
779 1421 819 1450 IN
836 1420 966 1450 EREMO
987 1420 1168 1450 PIENTISS.
1184 1420 1312 1450 ΒΑΟΒᾸΞ
1331 1421 1378 1450 ET
1395 1421 1605 1451 POLITIORIS
1620 1421 1872 1452 LITERATURIE

247 1461 452 1492 CALLENTIS
465 1461 496 1490 S.
506 1461 731 1490 LINGUARUM
744 1460 954 1495 HEBRAIG/E,
963 1460 1118 1494 GRIEC/E,
1127 1459 1175 1488 ET
1190 1460 1336 1489 LATIN/E
1346 1460 1527 1490 PERITISS.
1536 1460 1762 1490 SANCTORUM
1772 1461 1874 1491 GRAE-

247 1502 378 1532 CORUM
412 1500 571 1530 PATRUM
603 1500 837 1530 INTERPRETI
868 1499 997 1529 FIDISS.
1028 1499 1244 1528 CATHOLICA‘I
1278 1500 1378 1532 FIDEI
1404 1499 1700 1529 PROPUGNATORI
1733 1500 1871 1531 ACERR.

248 1540 458 1571 PAUPERUM
475 1539 592 1569 PATRI
609 1539 777 1569 CHARISS.
798 1539 838 1569 IN
857 1539 1013 1568 CUNCTIS
1032 1538 1248 1568 RELIGIONIS
1267 1539 1315 1568 ET
1331 1539 1501 1569 PIETATIS
1515 1539 1703 1569 OPERIBUS
1716 1539 1871 1569 EXERCI-

247 1580 389 1610 TATISS.
404 1579 499 1609 OMNI
515 1578 681 1614 DENIQUE
694 1579 894 1609 VIRTUTUM
908 1578 1062 1608 GENERE
1079 1578 1321 1608 CUMULATISS.
1342 1579 1480 1610 MULTIS
1494 1579 1618 1608 LIBRIS
1633 1579 1792 1614 GRECIS,
1807 1580 1872 1608 LA-

247 1620 360 1651 TINIS.
383 1619 430 1648 ET
452 1618 619 1648 GALLICIS
637 1618 769 1647 SUMMA
785 1618 945 1648 PIETATE
965 1618 1012 1647 ET
1033 1617 1221 1647 DOCTRINA
1241 1618 1439 1654 REFERTIS,
1465 1618 1663 1653 PROSAQUE
1676 1619 1723 1647 ET
1742 1619 1873 1649 METRO

247 1659 371 1690 EDITIS
385 1658 594 1688 CELEBERR.
608 1658 775 1688 JOANNES
789 1656 1014 1688 CHATARDUS
1026 1657 1177 1686 MULTAS
1189 1657 1237 1686 ΟΒ
1253 1657 1393 1688 CAUSAS
1405 1658 1573 1688 M(ERENS
1587 1657 1733 1689 POSUIT.

1036 1733 1072 1741 ...-

774 1794 939 1825 Librorum
954 1804 1029 1834 quos
1044 1795 1171 1834 scripsit
1184 1794 1351 1825 Elenchus.

284 1866 486 1893 Couscnonss
505 1865 737 1898 consolationnm,
757 1870 782 1892 et
803 1865 931 1893 salutaria
951 1866 1074 1899 liuelisA
1126 1867 1157 1894 ἰ).
1184 1867 1296 1894 Joannis
1320 1867 1480 1894 Damasceni
1504 1873 1585 1900 opera
1612 1865 1697 1893 multo
1722 1873 1801 1900 quam
1825 1874 1874 1894 an-

248 1911 346 1941 animae
370 1911 547 1944 documenta,
570 1918 604 1938 ex
629 1911 766 1938 volumine
788 1912 819 1938 D.
840 1911 984 1947 Augustini
1008 1913 1037 1938 in
1090 1915 1167 1941 tehac
1181 1914 1316 1946 auctiora,
1330 1921 1481 1949 magnaque
1494 1921 1526 1941 ex
1542 1917 1619 1942 parte
1633 1920 1704 1940 nunc
1718 1913 1751 1939 de
1765 1913 1872 1948 integro

248 1957 370 1986 Psalmos
392 1962 536 1993 excerpta,
555 1957 657 1985 Gallice
679 1957 842 1992 c0nscripta.
1087 1968 1226 1987 conversa.

285 2004 323 2032 De
346 2004 465 2032 secundo
488 2002 594 2030 Domini
618 2003 735 2030 adventu
757 2003 818 2030 libri
842 2011 907 2037 sex,
927 2003 1037 2031 Gallicis
1123 2005 1162 2032 Ex
1180 2004 1211 2032 D.
1224 2004 1327 2032 Joanne
1340 2005 1535 2040 Chrysostomo
1550 2004 1681 2032 translata
1694 2005 1788 2037 multa,
1800 2004 1872 2039 ejus-

248 2050 373 2077 Versibus
394 2049 470 2083 editi,
490 2056 551 2076 cum
571 2053 686 2075 lrncwlu
708 2047 740 2074 Ι)-
758 2047 849 2075 Basilii
869 2048 906 2075 De
925 2048 973 2075 Dei
990 2048 1037 2082 ju-
1088 2059 1140 2087 que
1154 2052 1236 2078 variis
1249 2051 1357 2085 scriptis
1371 2051 1486 2081 inserta,
1502 2055 1531 2077 ut
1545 2050 1700 2085 explanatio
1714 2050 1741 2077 in
1755 2050 1822 2084 psal.
1845 2058 1871 2082 ι,

249 2096 328 2123 dicio.
1088 2099 1227 2132 desumpta
1240 2105 1273 2124 ex
1289 2096 1449 2124 bibliotheca
1461 2096 1598 2124 illustriss.
1617 2096 1771 2124 Catharinze
1792 2095 1872 2122 Medi-

284 2143 316 2170 D.
329 2141 452 2177 Gregorii
468 2140 632 2168 Nazianzeni
650 2138 826 2171 tetrasticha,
843 2145 904 2165 cum
919 2138 996 2166 brevi
1011 2144 1038 2166 et

251 2188 380 2216 familiari
394 2187 564 2222 expositione
579 2185 692 2213 Gallica.

285 2233 455 2269 Anthologiae
469 2240 555 2260 sacrae
568 2239 601 2259 ex
616 2229 815 2266 probatissimis
829 2229 972 2265 utriusque
986 2229 1037 2257 lin-

250 2286 309 2313 guae
325 2278 452 2306 Patribus
472 2278 607 2310 collectae,
630 2282 711 2311 atque
734 2275 892 2303 octastichis
913 2283 1038 2308 compre-

251 2324 356 2355 hensae.
375 2331 407 2351 ac
422 2324 497 2351 brevi
515 2323 711 2351 commentario
729 2321 871 2348 illustratze
888 2320 949 2348 libri
966 2321 1035 2352 duo,

251 2369 365 2405 adjectis
382 2369 415 2395 ad
430 2369 530 2396 calcem
547 2369 650 2403 aliquot
664 2367 822 2394 octastichis
835 2366 947 2394 Graecis.

286 2415 360 2448 Quos
377 2415 443 2441 duos
459 2414 544 2442 libros
561 2414 622 2441 aliis
637 2414 742 2441 duobus
756 2413 816 2440 odis
831 2412 941 2440 Gallicis
957 2412 1038 2447 spiri-

250 2462 396 2490 ritnalibns
413 2470 516 2489 summa
535 2462 635 2497 ingenii
651 2461 814 2488 dexteritate
831 2459 948 2487 reddidit
965 2469 972 2486 :
989 2460 1036 2486 ad-

247 2507 330 2545 jectis
340 2508 422 2536 etiam
435 2507 544 2535 Gallicis
555 2508 759 2535 commentariis
772 2514 805 2534 ex
819 2506 882 2533 solis
896 2506 953 2533 fere
966 2506 1037 2532 anti—

1089 2151 1143 2171 ceae
1165 2143 1263 2177 reginae
1288 2142 1393 2169 Matris.
1412 2142 1449 2169 De
1467 2142 1626 2176 paenitentia
1650 2141 1871 2169 commentarius.

1089 2189 1166 2221 Item.
1181 2188 1326 2222 explicatio
1343 2187 1411 2222 psal.
1426 2195 1476 2219 LII,
1498 2192 1525 2215 et
1538 2187 1676 2214 enarratio
1702 2186 1730 2213 in
1753 2186 1821 2220 psal.
1845 2193 1872 2218 α,

1089 2239 1116 2262 et
1132 2239 1236 2269 septem
1263 2238 1409 2268 sequentes
1421 2253 1428 2265 ,
1446 2238 1474 2260 et
1498 2233 1525 2259 in
1549 2233 1618 2267 psal.
1636 2240 1717 2260 cxvm
1736 2237 1762 2259 et
1783 2239 1872 2267 prum-

1088 2278 1183 2305 mium.
1199 2276 1281 2304 Liber
1301 2277 1478 2312 epistularum
1496 2284 1511 2305 e
1533 2277 1696 2304 bibliotheca
1713 2276 1813 2311 Cujacii
1829 2277 1873 2312 ju-

1088 2323 1256 2351 risconsulti.
1273 2323 1347 2350 Nova
1365 2323 1482 2359 denique
1498 2323 1686 2357 interpretatio
1709 2323 1872 2350 narrationis

1089 2370 1174 2405 ipsius
1192 2369 1375 2405 Clirysostomi
1391 2369 1419 2396 in
1432 2361 1462 2395 Π
1474 2368 1554 2395 Pauli
1566 2368 1711 2405 Epistulam
1727 2368 1761 2396 ad
1775 2368 1872 2396 Corin~

1089 2417 1167 2443 tilias.

1125 2459 1156 2487 D.
1185 2459 1306 2495 Gregorii
1343 2459 1506 2486 Nazianzeni
1539 2463 1716 2494 cognomento
1746 2459 1873 2494 Theologi

1089 2515 1169 2541 opera
1187 2507 1288 2539 omnia,
1301 2514 1360 2541 qua:
1379 2507 1486 2540 quidem
1502 2510 1619 2538 exstant,
1637 2513 1704 2532 nova
1719 2506 1873 2533 translatio-

250 2555 313 2590 quis
335 2554 469 2589 theologis
487 2554 624 2586 collectis,
643 2561 705 2581 cum
725 2552 826 2587 aliquot
848 2552 908 2579 aliis
927 2551 1039 2586 poeticis
1057 2547 1077 2574 Β
1090 2559 1123 2578 ne
1138 2552 1256 2583 donata;
1285 2559 1338 2578 una
1363 2558 1424 2578 cum
1449 2550 1613 2578 doctissimis
1630 2549 1729 2578 Niceta:
1753 2551 1872 2578 Serronii

253 2601 413 2628 tractatibus
427 2599 548 2634 ejusdem
565 2600 727 2635 argumenti.

285 2647 318 2673 D.
351 2646 475 2682 Gregorii
504 2645 668 2674 Nazianzeni
699 2650 880 2681 cognomento
908 2643 1037 2678 Theologi

250 2691 381 2726 opuscula
403 2692 526 2726 qumdam
552 2700 624 2719 nunc
646 2692 762 2727 primum
787 2692 813 2719 in
837 2691 923 2718 lucem
949 2689 1038 2721 edita,

250 2737 360 2771 aliaque
380 2737 443 2764 item
461 2737 585 2765 versibus
606 2737 720 2772 reddita,
740 2743 890 2775 magnaque
908 2743 942 2762 ex
962 2738 1040 2769 parte

250 2779 334 2817 Cypri
353 2782 549 2818 Dadrybreusis
567 2783 773 2810 commentariis
792 2782 934 2809 illustrata.

287 2827 466 2856 Locutionum
484 2828 641 2856 Graecarum
660 2830 686 2856 in
706 2835 866 2857 communes
891 2828 964 2856 locos
990 2833 1038 2861 per

249 2871 386 2908 Ilphabeli
401 2873 523 2901 ordinem
537 2875 702 2909 digestarum
714 2873 849 2902 volumen.

1089 2597 1293 2624 commentariis
1311 2597 1337 2624 in
1356 2597 1491 2623 sexdecim
1518 2596 1692 2631 panegyricas
1716 2597 1870 2630 orationes;

1089 2644 1153 2671 Elite
1168 2643 1307 2671 Cretensis
1325 2643 1352 2670 in
1369 2643 1473 2677 aliquot
1489 2642 1574 2675 alias;
1588 2643 1668 2670 Pselli
1686 2643 1712 2670 in
1729 2643 1872 2670 secundum

1088 2690 1239 2717 orationem
1254 2689 1292 2716 De
1303 2689 1453 2720 Paschate;
1469 2688 1556 2716 Nonni
1577 2688 1613 2715 De
1627 2688 1743 2715 historiis
1758 2693 1783 2714 et
1794 2687 1872 2723 fabu-

1087 2737 1119 2763 lis
1132 2744 1192 2770 quae
1211 2736 1238 2763 in
1254 2735 1395 2762 invectivis
1416 2737 1541 2762 adversus
1562 2733 1702 2761 lulianum
1719 2735 1873 2768 Apostatum

1087 2782 1270 2818 reperiuntur,
1291 2781 1405 2816 adjectis
1418 2780 1501 2808 etiam
1524 2781 1623 2815 ubique
1648 2780 1775 2808 brevibus
1794 2780 1873 2808 scho-

1087 2828 1139 2856 liis.

1121 2873 1201 2902 Multa
1217 2873 1267 2901 alia
1283 2872 1391 2909 reliquit
1405 2879 1485 2908 opera
1499 2872 1591 2901 eadem
1607 2873 1705 2908 pietate
1721 2877 1746 2901 et
1780 2871 1875 2900 erudi-
