2070 3135
199 182 248 210 377

792 182 949 211 ELOGIUM
968 181 1088 210 JACOBI
1108 181 1221 209 BlLLll.

1766 180 1820 209 578

198 244 281 273 tione,
299 250 358 277 quae
372 247 443 270 ve-ut
460 243 596 278 posthumi
611 243 701 276 liberi,
716 243 770 271 Deo
783 243 906 279 auspice,
920 251 980 270 ma-
997 245 1021 274 Α
1035 243 1134 278 piditas
1157 242 1304 269 Latinitate
1326 241 1397 268 hunc
1419 242 1548 273 donandi.
1565 245 1592 268 et
1607 242 1641 268 ab
1660 240 1819 271 innumeris,

198 296 251 324 gno
260 288 419 316 Christianae
428 289 582 324 reipublicae
591 290 731 317 commodo
742 289 814 316 brevi
828 290 983 324 prodihunt.

199 335 238 362 Ex
253 335 295 362 his
312 341 377 361 vero
394 335 520 363 omnibus
536 336 634 370 qualis,
645 341 797 371 quantusve
812 336 895 363 fuerit
907 357 914 369 ,
926 337 984 363 sive

199 381 325 408 eximiam
350 381 409 416 ejus
425 381 593 414 doctrinam,
612 387 639 409 et
655 382 831 418 multiplicem
848 390 939 410 rerum
954 387 982 410 et

200 426 350 461 linguarum
364 427 556 460 cognitionem,
571 428 776 463 Tullianamque
789 428 983 462 eloquentiam,

200 473 257 499 sive
271 472 432 507 singularem
456 473 514 507 ejus
528 474 656 508 pietatem
671 495 679 506 ,
694 475 811 508 vitaeque
823 479 850 501 et
878 482 983 502 morum

200 517 384 557 integritatem
400 538 407 550 ,
423 518 481 546 sive
496 519 627 554 quidquid
642 520 717 547 aliud
739 525 873 552 oratores,
887 524 983 555 poetae,

199 563 333 596 historici,
348 565 500 600 philosophi
521 574 553 593 ac
568 567 684 602 theologi
699 567 854 595 desiderare
870 572 896 594 et
909 574 983 594 com-

200 608 329 635 mendare
343 609 439 642 solent,
456 615 609 644 spectemus
622 630 630 643 ,
653 611 732 639 facile
753 612 868 646 perspici
885 616 981 647 potest.

201 653 252 688 ipsi
278 654 377 688 quippe
403 655 469 682 muti
494 656 615 690 magistri
641 656 740 692 (qualis
763 658 834 685 enim
851 659 903 689 vir,
920 658 982 686 talis

201 697 300 731 oratio)
312 706 380 733 quos
396 699 516 726 condidit
531 704 558 727 et
567 700 600 727 ad
617 705 741 734 posteros
764 703 931 735 transmisit,
949 702 984 730 de

201 743 243 770 his
253 743 397 778 loquuntur
411 744 496 772 fusius
511 750 539 772 et
552 746 702 780 elegantius
721 748 866 783 veriusque
888 748 984 775 testifi-

201 794 309 822 cantur,
323 797 402 824 quam
419 790 489 817 ullus
502 791 650 825 quamlibet
671 791 802 819 facundus
817 798 909 820 orator
920 800 983 828 pos-

200 834 257 862 sit:
275 834 311 862 ita
334 840 364 862 ut
386 843 617 870 supervacaneum
635 838 751 871 putarim
771 839 804 865 de
822 839 864 866 his
879 838 983 872 longio-

201 887 258 906 rem
277 885 368 908 tcxere
381 880 575 908 narrationem.
601 881 666 914 Quis
678 890 743 910 vero
761 883 842 910 fuerit
857 903 864 916 ,
877 889 903 911 et
922 884 983 919 quis

205 926 266 952 vitae
282 926 340 960 ejus
355 933 460 958 cursus,
472 933 573 960 quosve
590 931 749 962 progressas
766 928 871 961 fecerit,
886 930 908 957 si
922 930 982 964 quis

204 971 274 999 scire
291 971 446 1005 desideret,
462 979 495 999 ex
511 973 563 1000 hac
575 973 777 1001 narratiuncula
793 975 885 1009 paucis
905 975 985 1002 intel-

203 1016 276 1051 liget.

237 1062 411 1094 Anu01535,
431 1062 606 1091 nobilissimis
631 1068 658 1091 et
680 1064 839 1092 clarissimis
865 1066 986 1100 parenti-

200 1108 251 1136 bus
265 1107 401 1135 Ludovico
424 1107 507 1135 Billio
529 1112 558 1135 et
583 1108 667 1135 Maria
693 1109 862 1137 Brichantzea
887 1110 987 1138 Guisiae

202 1159 281 1182 natus
293 1157 346 1186 est,
364 1161 417 1189 quo
433 1158 554 1188 tempore
567 1155 796 1188 generosissimus
811 1156 896 1191 ipsius
911 1162 987 1191 pater

202 1199 352 1228 Lud0vicus
372 1199 466 1227 Billius
494 1200 650 1228 Corvillaeus
664 1201 716 1236 (sic
741 1201 814 1228 enim
832 1209 846 1228 a
875 1207 987 1236 paterno

202 1249 227 1272 et
248 1245 346 1279 insigni
375 1252 443 1280 pago
473 1244 669 1276 Corvillzco.ut
685 1251 779 1281 postea
797 1255 812 1274 a
830 1247 912 1274 nobili
938 1255 986 1275 sua

202 1291 313 1318 Prunma
330 1291 410 1319 domo
432 1296 459 1319 et
481 1292 542 1319 vioo
556 1292 589 1319 ad
603 1291 750 1320 Carnutum
778 1294 842 1326 sito,
859 1293 987 1322 Prumeus

201 1336 425 1372 nuncupabatur)
458 1337 495 1364 ibi
535 1337 656 1372 proregis
687 1338 774 1365 otlicio
812 1338 986 1373 fungebatur.

202 1382 354 1409 Admodum
380 1390 457 1417 puer,
484 1388 512 1410 ut
535 1391 550 1409 a
575 1383 677 1410 teneris
700 1384 779 1411 annis
796 1385 874 1412 bonis
888 1385 988 1412 litteris

204 1435 237 1455 ac
252 1428 401 1463 disciplinis
417 1428 621 1461 informaretur,
639 1433 667 1457 et
683 1429 757 1456 velut
779 1438 838 1456 cum
854 1431 924 1458 lacte
939 1439 988 1457 nu-

204 1474 280 1501 tricis
309 1474 498 1507 imbueretur,
527 1473 660 1501 Lutetiam
698 1474 864 1502 Parisiorum
904 1476 986 1503 venit.

203 1519 291 1552 Unde,
315 1519 397 1554 jactis
420 1519 577 1547 Latinarum
604 1519 756 1547 litterarum
776 1520 855 1556 (nam
881 1520 989 1548 Graecas

206 1570 308 1592 tantum
326 1565 473 1602 attigerat)
491 1565 683 1598 fundamentis,
699 1573 713 1593 a
729 1565 890 1601 parentibus
913 1574 990 1594 revo-
1003 1580 1024 1609 α

203 1615 291 1645 catus,
317 1610 360 1637 vix
384 1618 470 1638 annos
497 1614 577 1638 natus
603 1618 681 1644 xvnt,
699 1611 835 1638 Aureliam
853 1616 880 1639 et
899 1611 990 1639 Picta-

203 1663 265 1683 vum
287 1656 414 1689 mittitur,
429 1656 695 1692 utjurisprudentia:
726 1662 839 1684 navaret
863 1665 988 1692 operam.

205 1701 259 1730 Sed
275 1702 344 1729 hanc
364 1702 470 1735 lusisse,
485 1702 511 1729 in
535 1702 634 1737 illaque
655 1701 734 1736 nihil,
751 1708 798 1729 aut
818 1710 914 1737 parum
928 1710 991 1738 pro-

205 1748 332 1780 movisse,
353 1748 411 1775 sive
434 1747 584 1775 reluctante
606 1751 634 1775 et
662 1747 746 1775 invita
772 1747 830 1781 ejus
859 1748 989 1781 minerva,

204 1794 262 1822 sive
277 1794 402 1821 obstante
423 1793 531 1828 juniore
549 1793 593 1820 illa
610 1798 691 1821 aetate
708 1794 742 1821 ad
761 1793 894 1828 juveniles
917 1794 990 1822 lusus

206 1840 393 1875 propensiore,
421 1840 479 1867 sive
501 1841 583 1867 etiam
611 1840 665 1867 Deo
691 1840 725 1867 ad
747 1840 902 1867 sublimiora
929 1847 989 1867 eum

206 1887 293 1914 studia
320 1886 486 1918 destinante,
507 1886 623 1921 ingenue
652 1884 731 1913 fateri
749 1885 862 1918 solebat,
878 1893 992 1920 eamque

206 1933 336 1968 temporis
351 1933 425 1968 (quo
439 1932 507 1959 nihil
530 1932 638 1959 tandem
652 1931 747 1959 habuit
764 1932 892 1967 charius)
905 1932 992 1967 jactu-

207 1986 264 2005 ram
285 1978 446 2013 saepiuscule
462 1978 580 2013 lugebat.

242 2024 416 2051 Postmodum
442 2025 602 2059 parentibus
624 2023 736 2051 orbatus
772 2023 932 2059 Lugdunum
964 2027 992 2051 et

206 2070 366 2097 Avinionem
395 2069 442 2104 (ea
459 2076 584 2104 quarens
601 2068 659 2096 loca
681 2069 707 2095 in
721 2069 818 2103 quibus
845 2076 859 2095 a
886 2069 992 2096 nemine

208 2121 411 2150 agnosceretur.
427 2123 481 2150 quo
501 2115 614 2143 liberius
641 2120 668 2142 et
692 2115 854 2142 familiarius
866 2122 992 2142 mansue—

208 2161 322 2189 tioribus
347 2161 432 2189 tnusis
450 2161 603 2196 frueretur)
617 2161 811 2196 proﬁciscitur,
837 2161 880 2188 ubi
906 2161 993 2188 incre-

209 2206 282 2233 dibili
304 2206 455 2233 litterarum
481 2205 637 2233 Graecarum
663 2212 755 2233 amore
768 2205 884 2241 ﬂagrare
898 2207 990 2239 coepit.

1035 287 1136 322 quibus
1162 287 1295 319 scatebat,
1324 286 1429 314 tuendis
1462 291 1490 313 et
1515 286 1632 314 salebris
1660 285 1820 321 repurgandi

1035 337 1116 367 atque
1133 332 1297 359 illustrandi.
1315 332 1393 365 Quod
1420 331 1510 359 nullus
1535 338 1655 366 unquam
1686 331 1755 357 alius
1774 338 1821 363 ag-

1035 379 1111 413 gredi
1125 385 1206 405 ausus
1220 377 1326 409 est,vel
1336 386 1369 405 ea
1384 385 1450 405 sane
1462 378 1596 412 elegantia
1615 381 1642 404 et
1662 376 1751 403 nitore
1762 384 1822 403 scr-

1035 425 1133 455 monis,
1152 430 1237 456 caque
1265 423 1393 451 felicitate
1412 428 1440 451 et
1465 423 1526 456 fide,
1540 427 1567 450 et
1589 422 1709 450 oratoria
1723 426 1750 449 et
1765 429 1822 449 me-

1034 469 1102 496 triCa
1115 475 1167 503 qua
1182 468 1252 501 ipse,
1270 472 1400 503 praestare
1417 469 1513 503 potuit.

1069 513 1108 542 lbi
1135 522 1200 549 ergo
1225 515 1289 542 dum
1316 514 1463 548 delitescit,
1481 520 1508 542 et
1530 515 1681 543 mirabilem
1711 515 1820 543 Graeca-

1034 567 1095 587 rum
1122 559 1275 587 litterarum
1303 560 1376 586 sitim
1391 561 1434 587 die
1460 565 1595 596 nocteque
1608 561 1705 595 explet,
1722 565 1750 588 et
1767 559 1820 588 lin-

1035 612 1093 640 guae
1111 604 1251 632 llebraica:
1264 605 1315 632 sub
1331 605 1424 633 Judaao
1437 606 1554 640 quodam
1572 607 1722 634 rudimenta
1735 607 1819 641 ponit,

1033 658 1108 684 ecce,
1125 652 1169 678 vix
1193 656 1291 678 exacto
1317 651 1442 678 Avinioni
1470 652 1580 679 biennio
1596 660 1611 679 a
1628 652 1778 680 reverendo
1794 656 1822 679 et

1033 697 1156 732 pientiss.
1175 698 1258 724 fratre
1269 697 1373 724 Joanne
1389 697 1467 725 Billio
1483 698 1582 726 abbate
1598 698 1691 726 Sancti
1706 699 1822 726 Michae-

1034 743 1068 771 lis
1097 744 1124 770 in
1155 743 1266 776 Eremo,
1281 748 1308 770 et
1325 744 1394 771 divae
1424 744 1515 771 Mariae
1541 745 1568 772 in
1591 744 1716 780 Regiensi
1733 745 1821 772 insula

1034 788 1186 816 accersitur
1214 793 1243 816 et
1274 794 1429 816 revocatur.
1458 789 1527 816 Tum
1558 790 1631 816 enim
1659 791 1692 817 de
1706 791 1821 818 abbatiis

1035 833 1100 866 illis,
1117 835 1205 869 deque
1221 834 1312 870 amplo
1325 839 1352 862 et
1371 834 1454 861 nobili
1467 834 1630 870 patrimonio
1643 834 1760 870 (quippe
1774 836 1820 870 qui

1035 878 1150 907 fratrum
1158 884 1223 907 natu
1241 884 1299 907 erat
1315 880 1467 915 maximus)
1483 885 1510 908 et
1525 882 1558 908 de
1573 881 1632 916 ipso
1646 881 1822 916 relinquendo

1035 924 1144 957 saeculo,
1176 925 1264 960 deque
1283 932 1353 953 novo
1378 926 1439 952 vita:
1469 933 1569 961 genere
1600 927 1767 954 instituendo
1793 931 1821 955 et

1035 970 1188 1006 deligendo,
1205 978 1304 1006 nempe
1313 971 1497 999 Chartusiano
1516 972 1564 1006 (ut
1577 972 1619 1000 via
1633 973 1751 1000 arctiore
1764 972 1822 1007 qui-

1035 1016 1106 1048 dem,
1121 1018 1167 1044 sed
1185 1017 1266 1044 etiam
1281 1017 1315 1044 ad
1327 1017 1410 1044 vitam
1418 1017 1555 1045 caelestem
1570 1017 1820 1053 compendiosiore)

1036 1061 1231 1093 meditabatur,
1249 1069 1281 1088 ac
1303 1061 1479 1089 vehementer
1493 1062 1621 1097 cupiebat
1642 1062 1670 1089 in
1685 1070 1764 1089 suum
1780 1062 1821 1089 lo-

1035 1114 1096 1134 cum
1115 1106 1246 1134 Jacobnm
1267 1106 1379 1136 fratrem
1395 1108 1530 1141 sutiicere,
1552 1115 1584 1136 ac
1607 1108 1658 1136 sibi
1679 1115 1821 1136 successo—

1036 1159 1092 1179 rem
1108 1152 1272 1187 relinquere,
1287 1160 1339 1180 non
1353 1159 1406 1180 tam
1429 1154 1534 1181 ratione
1559 1153 1687 1181 fraternae
1702 1154 1821 1181 necessi-

1037 1198 1148 1229 tudinis,
1167 1203 1215 1225 aut
1229 1198 1319 1225 carnis
1340 1203 1368 1226 et
1394 1199 1536 1233 sanguinis
1553 1199 1631 1234 (quas
1646 1199 1699 1233 iam
1725 1199 1764 1227 illi
1777 1200 1819 1226 vi-

1036 1243 1169 1280 luerant),
1189 1251 1271 1279 quatn
1285 1244 1357 1272 illius
1368 1245 1511 1279 singularis
1530 1246 1636 1280 pietatis
1647 1251 1675 1273 et
1689 1246 1822 1273 eruditio-

1037 1290 1090 1323 nis,
1107 1298 1167 1324 qute
1185 1290 1211 1317 in
1231 1292 1290 1324 ipso
1313 1291 1439 1318 omnibus
1463 1290 1616 1326 alfulgebat,
1636 1296 1766 1326 concepta
1787 1291 1822 1319 de

1037 1344 1081 1368 eo,
1096 1336 1169 1363 velut
1182 1337 1215 1363 de
1232 1341 1322 1370 segete
1339 1337 1364 1363 in
1378 1336 1471 1364 herbis
1484 1344 1531 1371 spe
1548 1337 1634 1372 (haud
1649 1345 1714 1365 sane
1730 1337 1821 1373 inani)

1036 1389 1098 1409 eum
1119 1385 1224 1409 tantum
1247 1382 1396 1417 aliquando
1425 1382 1503 1416 fore,
1523 1383 1570 1417 qui
1600 1383 1647 1410 Dei
1675 1383 1822 1410 Ecclesiam

1038 1436 1204 1464 magnopere
1227 1428 1335 1462 juvaret
1357 1433 1385 1456 et
1406 1434 1562 1457 exornaret.
1589 1429 1643 1457 Sed
1659 1429 1705 1456 vix
1723 1429 1820 1455 adduci

1038 1475 1126 1509 potuit
1141 1474 1301 1503 adolescens
1313 1476 1431 1503 nondum
1447 1483 1534 1503 annos
1551 1480 1632 1503 natus
1649 1475 1770 1510 quinque
1792 1479 1821 1502 et

1038 1520 1145 1556 viginti,
1155 1525 1184 1548 ut
1209 1521 1267 1548 haec
1278 1521 1428 1548 sacerdotia
1445 1522 1606 1556 susciperet,
1621 1528 1669 1548 sua
1680 1525 1824 1548 contentus

1040 1565 1211 1593 Ferrariensi
1232 1565 1432 1599 abbatiuncula,
1449 1573 1552 1601 suoque
1571 1566 1643 1601 (quo
1656 1573 1698 1593 me
1716 1566 1823 1593 tandem

1041 1618 1136 1645 magna
1152 1618 1200 1638 sua
1214 1618 1278 1646 erga
1294 1618 1338 1638 me
1360 1611 1548 1638 benevolentia
1565 1611 1672 1638 ornavit
1696 1615 1724 1638 et
1748 1610 1824 1637 locu-

1039 1655 1166 1692 pletavit)
1183 1657 1306 1691 prioratu
1325 1656 1496 1689 Tossiniaco,
1510 1657 1582 1691 quod
1600 1656 1767 1684 existimaret
1780 1657 1824 1684 his

1039 1702 1166 1729 oneribus
1193 1702 1358 1729 sustinendis
1383 1702 1502 1737 impares
1517 1710 1547 1730 se
1569 1702 1669 1729 habere
1685 1703 1822 1735 humeros,

1041 1748 1165 1782 ipsosque
1189 1747 1293 1782 amplos
1317 1753 1462 1782 proventus
1487 1749 1586 1783 saepius
1615 1755 1678 1776 esse
1708 1748 1823 1782 impedi-

1041 1799 1132 1822 mento
1160 1794 1312 1822 litterarum
1336 1795 1433 1822 studiis
1450 1794 1584 1830 (quorum
1611 1794 1669 1822 solo
1692 1794 1825 1822 desiderio

1042 1839 1200 1874 tenebatur)
1216 1846 1296 1873 quam
1315 1839 1480 1873 adjumeuto.
1505 1839 1605 1866 Verum
1621 1839 1747 1874 precibus
1768 1839 1824 1865 fra-

1042 1885 1092 1912 tris
1111 1890 1138 1912 et
1163 1885 1313 1912 amicorum
1329 1885 1416 1912 victus
1431 1892 1462 1912 ea
1477 1884 1599 1919 suscipit,
1624 1893 1676 1912 non
1692 1885 1752 1912 sine
1768 1885 1825 1912 fre-

1041 1931 1132 1967 quenti
1146 1936 1239 1966 postea
1261 1931 1339 1958 taedio
1362 1938 1394 1958 ac
1416 1937 1541 1959 maerore.
1559 1931 1599 1957 Ita
1613 1935 1701 1958 autem
1718 1931 1744 1958 in
1762 1931 1827 1965 ipsis

1041 1986 1071 2005 se
1090 1978 1184 2013 gessit,
1198 1982 1281 2012 atque
1295 1977 1322 2004 in
1346 1977 1419 2005 omni
1433 1977 1542 2012 pietatis
1567 1984 1666 2012 genere
1688 1977 1824 2009 excelluit,

1042 2030 1071 2053 ut
1087 2033 1138 2052 non
1160 2024 1240 2053 modo
1257 2024 1402 2052 coenobitis
1420 2024 1489 2057 suis,
1504 2024 1551 2051 sed
1568 2028 1597 2051 et
1620 2023 1745 2052 omnibus
1760 2025 1825 2051 vici-

1041 2071 1094 2102 nis,
1106 2070 1222 2105 illucqne
1237 2069 1449 2097 adventantibus
1467 2069 1539 2096 velut
1558 2069 1667 2104 juvenis
1685 2069 1754 2097 alter
1771 2069 1823 2096 Da-

1041 2117 1096 2144 niel
1112 2115 1282 2143 admirationi
1300 2120 1327 2142 et
1338 2115 1462 2150 exemplo
1472 2119 1556 2143 esset.

1080 2161 1134 2189 Sed
1149 2162 1219 2189 hanc
1239 2161 1316 2189 nobis
1341 2165 1368 2188 et
1391 2161 1437 2187 Dei
1456 2160 1584 2188 Ecclesiae
1598 2160 1723 2188 invidens
1737 2160 1825 2187 felici-

1044 2211 1127 2235 tatem
1141 2207 1185 2234 illc
1210 2207 1255 2241 qui
1269 2215 1316 2233 sua
1332 2207 1431 2233 invidia
1453 2211 1568 2234 mortem
1583 2206 1686 2234 invexit
1699 2207 1725 2232 in
1748 2214 1828 2233 IIIUII-

209 2252 238 2280 ln
252 2252 351 2287 quibus
376 2251 449 2279 nullo
474 2259 542 2286 pene
569 2255 735 2286 pneceptore
753 2259 827 2283 uSus.
849 2259 896 2278 sua
910 2252 992 2278 indu-
1008 2248 1030 2276 D
1046 2255 1118 2286 dum,
1142 2253 1268 2280 secundis
1288 2253 1363 2280 bellis
1391 2252 1518 2280 civilibus
1546 2253 1578 2279 ad
1601 2252 1783 2280 defectionem
1808 2260 1824 2279 a

211 2299 278 2326 stria
294 2298 340 2334 (ut
353 2297 460 2332 sagacis
475 2301 536 2324 erat
557 2296 668 2331 ingenii,
683 2297 820 2324 memoria:
836 2299 950 2329 tenacis,
968 2301 995 2324 et

209 2343 453 2380 peracrisjudicii)
475 2343 665 2377 indefessoque
688 2342 779 2370 labore
795 2343 830 2370 ita
846 2343 919 2370 brevi
933 2350 995 2377 pro-

211 2391 285 2423 fecit,
301 2394 329 2417 ut
342 2397 447 2417 coavos
462 2395 526 2416 suos
546 2396 642 2415 omnes
657 2390 845 2420 anteverterit,
864 2388 995 2422 longoque

210 2442 272 2473 post
290 2444 319 2464 se
341 2437 483 2464 intervallo
510 2437 662 2471 reliquerit,
690 2436 743 2463 imo
771 2439 799 2462 et
827 2442 926 2469 paucos
945 2441 995 2461 suo

212 2484 310 2511 smculo
330 2490 411 2518 pares
429 2483 576 2510 habuerit:
594 2490 676 2517 super
702 2489 781 2509 senes
809 2481 935 2507 nimirum
952 2478 997 2515 (ut

213 2530 358 2565 Scriptura!
381 2529 473 2558 verbis
492 2534 554 2557 utar
566 2529 606 2564 ι³³)
624 2528 791 2556 intellexisse
806 2526 923 2559 videtur,
941 2533 997 2553 ma-

213 2576 284 2604 xime
298 2575 325 2602 in
340 2575 428 2603 sacris
450 2579 478 2603 et
501 2575 620 2610 antiquis
642 2573 835 2609 intelligendis,
853 2571 998 2599 enuclean-

213 2622 265 2654 dis,
286 2622 497 2657 interpretandis
522 2626 549 2649 et
580 2621 755 2649 traducendis
778 2620 880 2648 Graecis
903 2623 997 2646 aucto-

214 2668 299 2695 ribus.
316 2668 389 2696 lnter
404 2675 472 2703 quos
488 2675 660 2703 summOpere
674 2667 823 2695 delectatus
834 2670 876 2693 est
888 2664 918 2691 ί).
929 2664 998 2692 Gre-

215 2713 289 2747 gorio
305 2712 477 2741 Nazianzeno
493 2713 640 2748 'l‘heologo,
659 2720 721 2740 cum
742 2716 853 2747 propter
863 2717 997 2738 summam

214 2758 273 2793 ejus
284 2759 477 2793 eloquentiam,
497 2765 551 2787 tum
567 2760 602 2787 ob
614 2758 779 2794 singularcm
795 2758 853 2791 ejus
866 2758 995 2792 pietatem

214 2809 243 2832 et
262 2805 412 2832 doctrinam
429 2813 436 2831 :
454 2805 525 2833 unde
538 2810 603 2833 tunc
630 2804 759 2840 temporis
776 2803 887 2832 incessit
903 2802 928 2830 ei
947 2810 995 2830 cus

251 2909 464 2941 “Pssl._cxvttt,
479 2909 537 2937 l00.

1044 2307 1106 2334 rege
1115 2304 1141 2326 et
1155 2299 1273 2326 Ecclesia
1288 2299 1453 2333 Rnpellanos
1465 2301 1528 2332 (eos
1548 2299 1654 2333 excipio
1673 2299 1773 2333 quibus
1784 2298 1826 2324 in-

1043 2350 1101 2372 erat
1118 2344 1235 2371 scintilla
1248 2344 1370 2378 qmedam
1392 2343 1500 2378 pietatis
1513 2348 1540 2370 et
1556 2343 1656 2371 amoris
1672 2351 1736 2378 erga
1755 2343 1828 2370 litte-

1043 2390 1136 2426 ratos)
1157 2390 1229 2417 velut
1252 2397 1284 2416 ex
1316 2397 1382 2416 orco
1411 2397 1460 2416 suo
1483 2393 1511 2416 et
1537 2394 1664 2424 tanquam
1679 2389 1782 2416 alacres
1801 2393 1828 2416 et

1044 2436 1283 2471 peraccommodos
1304 2435 1400 2462 nefarii
1434 2435 1475 2462 sui
1509 2435 1624 2462 instituti
1654 2435 1827 2462 administros

1043 2482 1167 2514 suscitat,
1185 2489 1301 2516 quorum
1314 2481 1464 2508 ministerio
1478 2481 1503 2508 id
1518 2489 1580 2516 erga
1591 2489 1688 2508 novum
1704 2481 1827 2508 abbatem

1044 2527 1142 2561 effecit,
1156 2528 1227 2562 quod
1241 2526 1305 2554 olim
1322 2534 1385 2562 erga
1398 2525 1494 2554 Johum
1507 2534 1615 2553 servum
1630 2525 1825 2554 Deieximium.

1044 2573 1110 2600 Nam
1135 2573 1188 2600 duo
1214 2571 1272 2607 ejus
1296 2573 1460 2600 monasteria
1479 2572 1517 2599 illi
1543 2576 1715 2603 exusserunt,
1734 2572 1826 2599 dirue-

1045 2623 1109 2647 runt
1147 2624 1175 2646 et
1202 2620 1260 2646 solo
1284 2620 1470 2654 aqunaruut.
1498 2618 1616 2645 Arbores
1643 2617 1724 2644 etiam
1748 2617 1827 2651 (nam

1049 2664 1105 2691 illic
1124 2669 1184 2691 erat
1195 2664 1222 2691 in
1238 2664 1329 2691 littore
1345 2663 1428 2690 maris
1444 2663 1520 2690 lucus
1543 2661 1686 2689 arboribus
1700 2665 1828 2696 perpetuo

1048 2709 1244 2737 virescentibus
1270 2709 1406 2742 consitus,
1429 2714 1457 2736 et
1478 2714 1662 2743 peramtenus,
1693 2707 1829 2739 musisque

1049 2756 1228 2792 aptissimus)
1259 2755 1356 2791 partim
1384 2754 1566 2786 succidernnt,
1580 2753 1676 2788 partim
1702 2753 1829 2780 radicitus

1050 2803 1211 2831 avulserunt
1227 2811 1233 2829 :
1249 2808 1275 2831 et
1294 2806 1428 2838 quotquot
1446 2801 1472 2829 in
1494 2800 1712 2828 Saumicbaelina
1728 2807 1791 2828 arce
1801 2804 1830 2827 et
