2070 3135
230 180 284 205 a7,

834 178 989 207 ELOGIUM
1009 178 1123 206 JACOBI
1145 179 1253 206 BlLLI‘l.

1803 182 1852 209 38f]

239 235 341 268 templo
359 235 432 261 viros
456 234 605 268 religiosos,
628 236 726 262 milites
751 245 781 262 ac
801 239 921 264 subduus
937 232 1023 273 tquns
1038 239 1061 267 Α
1075 243 1173 272 prater
1196 239 1397 264 innumerorum
1421 239 1678 273 consanguineorum
1704 242 1730 265 et
1753 239 1853 265 anticu-

233 278 271 307 ibi
290 280 362 307 velut
389 280 569 313 prmsidiarios
595 281 710 315 privatis
734 282 885 316 sutnptibus
913 284 1018 319 alebat)

233 325 350 352 admotis
385 326 486 354 bellicis
518 327 657 354 tormentis
678 333 830 362 expugnato
849 334 1018 363 repererunt,

236 371 382 398 crudeliter
397 371 577 405 trucidarttttt,
596 372 664 399 alios
690 372 785 407 gladiis
801 374 1018 406 eonscindentcs,

235 415 303 442 alios
317 415 412 449 laqueo
427 415 619 450 przefocantes,
632 417 700 444 alios
723 418 874 453 praacipitio
886 419 1016 446 colliden-

238 464 288 492 tes,
306 459 373 487 alios
390 460 539 488 semineces
551 468 582 488 ac
597 462 673 489 rivos
686 462 712 489 in
727 467 820 496 puteos
831 465 1016 498 projicientes.

236 505 311 533 llanc
326 506 398 532 enim
413 513 490 533 suam
507 507 595 540 primo
612 508 713 535 rabiem
731 509 757 535 in
771 510 874 537 vicinos
890 518 1018 538 evontue-

237 556 312 584 runt,
323 559 410 586 eoque
425 552 562 580 crudelius
586 554 743 586 saevierunt,
759 563 813 590 qtto
829 556 950 584 sanctior
963 561 1022 583 erat

236 597 313 624 locus
330 603 357 625 et
375 598 526 626 sanctiores
551 599 603 633 ipsi
623 599 717 627 incolae
732 600 828 636 (cibus
842 602 914 628 enim
936 602 1022 635 ipsius

238 643 393 674 Satanae,’ut
402 643 440 670 ait
449 643 579 677 propheta
588 644 632 676 ιδ’,
644 644 767 681 electus);
776 646 879 672 invisus
892 646 1021 672 nimirum

237 689 290 716 illis
301 693 360 717 erat
376 694 429 716 tam
445 690 506 723 pius
520 690 614 723 abbas,
634 692 734 726 quippe
748 693 793 726 qui
805 693 948 727 splendore
966 694 1023 719 vir-

238 736 303 762 tutis
328 743 384 763 suae
400 740 515 763 noctuas
541 736 608 764 istas
631 738 840 773 perstringeret.
861 739 920 774 ipse
934 743 1022 766 tamen

239 785 304 808 tunc
320 781 424 809 aberat.

274 827 341 855 Nam
355 829 435 862 paulo
450 834 513 857 ante
529 829 618 864 (egre
643 830 763 864 quidem,
789 830 836 858 sed
864 831 978 864 utiliter,
993 838 1025 858 ac

239 874 437 902 emnobitarum
455 879 484 902 et
500 874 649 902 amicorum
670 881 782 902 suorum
803 875 918 902 consilio
937 877 1025 903 etint-

239 919 329 955 pulsu,
348 924 377 947 ut
391 921 442 948 sibi
459 921 546 955 magis
557 921 590 948 ad
606 921 756 948 litterarum
775 922 862 948 studia
878 927 903 949 et
919 930 1023 956 pacem,
1040 908 1062 937 Β

240 973 321 1000 qttam
335 968 368 994 ad
385 975 461 994 arma
476 972 540 994 nato
555 967 719 1000 consuleret,
739 975 822 1002 seque
838 968 882 996 Dei
899 968 1025 995 Ecclesia:

241 1011 275 1037 ad
291 1011 401 1038 meliora
427 1014 564 1046 servaret)
588 1013 726 1040 Nannetas
748 1020 778 1040 se
804 1018 952 1048 receperat.
975 1014 1024 1041 Ubi

241 1055 379 1089 aliquanto
392 1061 452 1091 post
469 1061 592 1092 tempore
606 1058 657 1085 hac
671 1061 725 1084 tam
752 1058 903 1085 truculenta
921 1067 952 1086 ac
966 1060 1027 1086 tiar-

241 1101 305 1128 bara
322 1106 412 1136 strage
428 1101 462 1129 ab
475 1102 612 1131 illustrlss.
635 1102 779 1139 Martignio
804 1103 949 1132 Britannia:
964 1113 1027 1140 pro-

242 1154 318 1181 rege,
339 1148 384 1182 qui
401 1152 456 1175 tum
482 1148 518 1175 ibi
544 1149 651 1183 aderat,
667 1154 694 1177 et
708 1150 751 1177 cui
770 1150 797 1177 in
815 1151 857 1177 via
881 1150 950 1178 forte
972 1151 1028 1178 for-

241 1195 307 1218 tuna
324 1198 498 1225 occurrerat,
512 1194 628 1228 primum
653 1194 754 1227 audita,
776 1196 882 1223 domum
898 1196 987 1229 rediit,
1001 1201 1028 1224 et

243 1236 268 1262 in
287 1237 420 1272 Iacrymas
440 1240 572 1274 prorupit.
587 1239 627 1267 Ad
643 1247 722 1275 quem
742 1241 806 1268 dum
823 1243 923 1269 accedo
940 1243 964 1269 ei
979 1251 1028 1276 pro

243 1282 315 1309 virili
344 1283 443 1317 aliquid
472 1285 560 1312 solatii
585 1285 786 1320 impertiturus,
817 1294 883 1314 voce
906 1287 1028 1315 faucibus

242 1335 297 1361 pra:
331 1335 432 1363 angore
466 1329 586 1357 haerente
615 1330 642 1356 in
672 1330 808 1366 lacrymas
836 1331 916 1358 simul
947 1332 1028 1358 etiam

242 1381 364 1407 erumpe,
380 1375 478 1409 quibus
494 1381 607 1410 uterque
632 1379 687 1402 tam
720 1376 900 1404 miserabilem
927 1377 1029 1404 caedem

243 1419 343 1447 aﬂ'atitn
361 1426 518 1455 prosecutus
543 1427 596 1453 est,
615 1422 719 1456 fuitque
739 1423 846 1457 utrique
878 1428 932 1450 ttnn
957 1431 1030 1457 qua:-

245 1465 307 1492 datn
323 1464 389 1492 ﬂere
412 1467 545 1501 voluptas.
563 1466 617 1494 Sed
635 1468 741 1495 tandem
758 1469 942 1495 arescentibus
966 1469 1028 1502 illis,

245 1514 273 1537 et
291 1518 360 1544 pene
384 1512 535 1544 exhaustis,
562 1512 734 1547 collectisque
760 1513 866 1545 anitnis,
889 1513 957 1540 Deus
974 1513 1031 1550 (in-

247 1556 357 1590 quicbat
379 1556 447 1589 ille),
463 1563 586 1585 venerunt
612 1564 698 1593 gentes
712 1560 739 1586 in
751 1559 930 1586 [nereditatem
947 1564 1028 1592 tuam.

243 1607 385 1636 posuerunt
403 1602 527 1636 templum
553 1608 673 1630 sanctum
690 1610 762 1631 tuum
782 1605 808 1632 in
831 1613 968 1639 pomorum
986 1615 1030 1633 cu-

244 1647 369 1677 stodiam.
382 1653 522 1680 posuerunt
535 1649 684 1676 morticiuia
695 1657 827 1676 servorum
841 1655 945 1677 tuorum
961 1660 1032 1678 escas

244 1692 391 1719 volatilibus
410 1693 477 1725 cwi’i,
488 1701 578 1720 carnes
594 1699 742 1720 sanctorum
762 1699 864 1721 tuorum
879 1697 965 1723 bestiis
980 1701 1032 1722 ter-

246 1745 293 1770 ra’,
308 1738 455 1772 effuderunt
468 1739 618 1772 sanguinem
630 1739 745 1771 ipsorum
759 1745 882 1775 tanquam
892 1750 997 1776 aquam.
1009 1747 1031 1768 et

247 1791 299 1810 non
321 1788 377 1810 erat
392 1784 436 1818 qui
450 1784 566 1818 sepeliret
575 1784 609 1812 ⁸³.
622 1785 726 1811 Altaria
743 1789 800 1817 tua,
816 1785 936 1817 Domine,
952 1787 1033 1820 xtl/fo-

246 1831 350 1861 derunt,
367 1834 390 1855 et
404 1837 490 1856 servos
517 1834 575 1856 tuos
603 1831 754 1857 occiderunt
778 1831 877 1865 gladia,
892 1837 915 1858 et
939 1841 985 1866 ego
1001 1840 1032 1859 ex

247 1873 417 1902 Micltaelinis
433 1874 533 1902 nostris
551 1875 657 1902 reiictus
681 1884 740 1902 sum
763 1876 835 1902 solus
847 1877 880 1902 ⁸⁸.
897 1877 928 1903 Et
943 1886 1034 1910 quem-

247 1920 390 1948 admodum
415 1920 509 1953 David,
534 1921 626 1948 audita
649 1927 703 1947 tant
728 1922 827 1948 tttisera
850 1922 928 1949 clade
946 1922 1034 1950 Saulis

244 1965 320 2000 jussu
348 1972 376 1994 et
399 1974 481 1994 manu
497 1967 568 2001 Docg
588 1966 696 1994 Idumaei
720 1973 871 2001 perpetrata
883 1969 1033 1995 occisorum

247 2013 383 2047 octoginta
408 2013 528 2048 quinque
543 2014 662 2040 virorum
677 2014 764 2047 epltod
778 2014 848 2041 lineo
863 2015 1031 2047 vestitorum,

249 2058 357 2085 dicebat
374 2058 407 2086 ad
423 2058 556 2085 Abiathar
571 2058 657 2085 tilium
683 2058 842 2092 Acltitnelis,
856 2060 900 2092 qui
916 2060 989 2086 solus
1001 2060 1033 2085 ad

250 2103 336 2138 ipsum
363 2111 396 2131 ex
416 2112 447 2132 ea
463 2104 593 2140 effugerat
609 2113 615 2132 :
633 2105 689 2139 Ego
706 2113 764 2131 sum
776 2113 834 2130 reus
846 2105 960 2131 omnium
976 2107 1034 2131 mti-

249 2158 353 2178 marum
369 2151 462 2178 domus
489 2152 572 2186 patris
600 2151 639 2177 tui
652 2151 674 2166 ⁸⁷
690 2159 697 2177 :
711 2151 747 2177 ita
772 2155 800 2177 et
816 2152 884 2184 ipse,
911 2151 976 2186 Ego,
995 2151 1035 2177 in-

249 2198 320 2232 quit,
348 2205 410 2225 reus
436 2205 496 2224 sum
525 2197 647 2225 omnium
676 2198 827 2224 animarum
845 2197 966 2224 istarum.
983 2198 1033 2225 Sed

250 2243 382 2271 luctuosis
394 2243 447 2270 illis
464 2243 546 2270 etiam
567 2243 658 2270 verbis
682 2250 732 2277 ego
747 2250 806 2270 eum
830 2242 947 2274 solabar,
965 2243 1034 2276 quod

251 2287 276 2314 ei
301 2287 371 2314 idern
395 2289 465 2322 quod
487 2287 580 2314 Davidi
600 2287 660 2314 viro
687 2287 823 2314 innocenti
837 2292 865 2314 et
888 2289 1034 2315 secundum

252 2339 299 2360 cor
315 2332 419 2360 Domini
440 2333 607 2367 contigisset,
625 2333 774 2367 eodemque
793 2340 862 2367 pene
889 2333 942 2360 telo
973 2342 1033 2360 cum

253 2385 284 2405 eo
298 2378 421 2404 conﬁxus
434 2378 538 2406 fuisset.

287 2423 352 2450 Post
371 2423 441 2450 hanc
454 2423 559 2450 ruinatn
582 2429 608 2450 et
628 2424 727 2452 caedem
744 2424 912 2451 Nannetibtts
929 2433 1035 2452 menses

253 2468 357 2503 aliquot
382 2472 576 2501 commoratur,
592 2477 644 2495 non
658 2470 750 2503 procul
769 2470 850 2505 (quia
867 2471 977 2504 propius
992 2479 1038 2497 ac-

254 2514 350 2540 cedere
366 2520 419 2540 non
438 2513 546 2547 licebat)
564 2521 578 2540 a
596 2515 721 2542 cwnobio
745 2523 805 2547 suo,
828 2517 924 2543 similis
944 2518 1039 2544 avibus

255 2558 308 2586 illis
325 2566 385 2593 quae
398 2558 468 2585 nidis
484 2558 565 2585 etiam
580 2559 606 2585 in
621 2565 720 2587 terram
745 2561 866 2588 excussis
886 2562 1038 2588 circumvo-

255 2606 333 2633 litare
354 2605 454 2637 solent,
468 2612 519 2632 nec
545 2605 624 2640 longe
642 2606 798 2633 abscedere.
818 2606 890 2633 Nihil
915 2614 1034 2641 tmquant

255 2652 280 2679 ei
296 2651 429 2679 funestius
455 2659 486 2679 ac
512 2651 616 2679 tristius
644 2652 801 2687 contigisse,
829 2653 955 2686 mtlloqtte
978 2660 1039 2686 gra-

255 2697 324 2725 viori
349 2705 413 2725 casu
427 2703 455 2725 et
481 2697 574 2725 dolore
590 2698 616 2724 itt
631 2698 685 2724 vita
711 2697 865 2732 perculsum
883 2698 968 2725 fuisse
986 2705 1041 2723 tne-

257 2743 324 2770 mini
338 2751 345 2769 :
358 2751 512 2778 quanquam
528 2744 611 2771 multa
626 2745 649 2771 ei
667 2744 754 2771 tristia
778 2749 804 2771 et
819 2744 942 2771 luctuosa
956 2743 1041 2770 maxi—

259 2795 310 2815 me'
327 2789 499 2818 saevientibus
524 2789 602 2818 bellis
626 2790 751 2818 civilibus
783 2790 946 2817 acciderint.
974 2789 1040 2816 Nam

296 2883 329 2899 "'
346 2883 445 2912 Habac.
462 2893 479 2917 ι,
497 2885 537 2912 I6.

576 2886 598 2901 "
614 2886 683 2914 l‘sal.
701 2894 810 2916 ωλι-ιιι,
832 2886 882 2913 Ε-ὂ.

922 2886 943 2900 '“‘
959 2885 989 2912 lll
1007 2885 1069 2921 Heg.
1085 2893 1139 2916 ιιι,
1161 2884 1199 2911 10.

1071 291 1143 314 rum,
1160 292 1239 318 quam
1267 284 1294 310 in
1323 284 1388 318 ipsis
1403 283 1478 317 fecit,
1493 284 1639 318 jacturant,
1659 284 1750 310 amisit
1763 284 1854 318 primis

1071 329 1231 357 tumttltibus
1243 330 1268 357 in
1283 330 1411 357 Drncensi
1430 337 1518 365 pugna
1541 330 1687 357 avunculos
1698 331 1766 357 duos
1781 330 1855 357 viros

1071 375 1286 408 illustrissimus,
1317 375 1509 402 Brichanteum
1552 375 1723 402 Bellovacum
1755 379 1782 402 et
1807 375 1854 402 Gi-

1070 421 1170 454 vrinm,
1188 421 1296 454 fralres,
1328 422 1373 456 qui
1402 422 1427 448 itt
1447 422 1534 456 prima
1552 422 1610 448 acie
1633 429 1695 448 cum
1726 421 1855 456 magistro

1071 467 1191 500 equitum
1219 467 1326 494 fortiter
1342 473 1491 501 pugnantes
1514 467 1671 494 ceciderunt
1697 475 1703 493 :
1729 467 1772 494 hic
1797 468 1856 502 qui-

1072 512 1131 538 dem
1149 512 1175 539 in
1199 513 1257 546 ipso
1274 513 1411 545 conﬂictu,
1432 513 1476 540 ille
1493 521 1526 541 ex
1552 514 1663 541 vulnere
1688 513 1725 540 ibi
1744 519 1855 548 accepto

1073 557 1210 592 aliquanto
1232 564 1292 593 post
1316 565 1453 593 tempore;
1471 559 1612 587 Prunaaum
1643 561 1724 586 etiam
1745 559 1855 586 fratrem

1072 598 1213 626 Claudium
1239 601 1343 627 Billiutn
1374 602 1400 628 in
1428 601 1521 636 prmlto
1549 603 1582 629 ad
1613 601 1758 629 Iarnacum
1783 609 1857 629 corn-

1073 645 1165 677 misso,
1183 646 1245 672 dum
1269 647 1368 673 fractos
1384 655 1416 674 ac
1434 647 1570 682 fugientes
1587 648 1679 675 hostes
1702 647 1808 682 longius
1831 652 1857 674 ct

1073 691 1163 718 acrius
1175 692 1362 726 persequitur;
1373 692 1537 720 Ludovicutn
1555 693 1661 720 Billium
1674 693 1857 720 Vertronmum

1074 735 1188 762 alterum
1218 736 1329 764 fratrem
1359 737 1385 763 in
1411 737 1552 765 obsidione
1585 737 1737 765 Pictavensi
1764 738 1858 765 urbem

1074 782 1130 815 regi
1147 785 1174 808 et
1185 781 1290 808 civibus
1306 786 1508 817 protegentem;
1530 783 1596 810 alios
1623 784 1703 810 etiam
1722 783 1789 812 duos
1806 783 1859 810 fra-

1075 830 1131 853 tres
1149 827 1175 854 in
1190 826 1317 854 Drncensi
1333 829 1424 862 praelio
1438 838 1445 855 :
1457 837 1569 862 quorutu
1586 834 1640 856 tres
1659 829 1763 864 priores
1783 829 1859 856 fuere

1075 872 1181 906 equites
1198 873 1340 907 Torquati,
1358 878 1384 900 et
1405 873 1646 908 Catapltractorum
1666 876 1787 909 equitum
1811 876 1859 901 du-

1076 925 1121 944 ces
1139 917 1233 953 inclyti
1261 927 1294 946 ac
1318 919 1474 953 fortissimi;
1495 920 1540 946 alii
1568 922 1671 947 strenui
1689 926 1716 948 et
1737 922 1859 956 generosi

1077 963 1264 991 adolescentes
1302 966 1436 999 peditibus
1475 966 1654 1001 imperabant.
1682 966 1793 998 Horum,
1821 968 1861 993 in-

1077 1016 1168 1043 quam,
1185 1009 1321 1044 (quorum
1338 1011 1394 1044 ipse
1408 1011 1490 1038 etiam
1507 1012 1532 1038 in
1553 1011 1710 1047 Anthologia
1722 1020 1769 1039 sua
1782 1020 1860 1039 sacra

1078 1055 1216 1091 meminit)
1243 1061 1270 1082 et
1297 1057 1409 1084 aliorum
1436 1058 1646 1093 propinqttorum
1667 1063 1694 1086 et
1711 1059 1857 1085 amicorum

1077 1100 1340 1135 quamplurimorum
1374 1102 1498 1130 interitus
1526 1110 1589 1130 eum
1618 1110 1717 1138 magno
1749 1103 1862 1137 perculit

1078 1145 1182 1178 dolore,
1198 1153 1359 1182 summaque
1383 1147 1471 1175 affecit
1496 1147 1605 1175 tristitia
1623 1149 1692 1175 :sed
1714 1156 1774 1183 quae
1801 1156 1862 1175 mox

1079 1189 1105 1216 in
1131 1190 1251 1218 laetitiam
1276 1192 1442 1223 vertebatur,
1470 1193 1533 1219 dum
1557 1192 1690 1226 cogitaret
1719 1200 1766 1219 eos
1789 1193 1861 1220 velut

1079 1235 1146 1262 alios
1174 1235 1342 1263 Macltabacos
1368 1244 1417 1270 pro
1433 1237 1489 1264 aris
1516 1242 1543 1264 et
1573 1238 1652 1270 focis,
1667 1245 1715 1272 pro
1730 1238 1861 1269 Ecrlesia.

1079 1289 1128 1316 pro
1147 1288 1210 1316 rege
1231 1287 1258 1308 et
1296 1283 1433 1316 republica
1461 1282 1567 1310 fortiter
1602 1283 1756 1310 dimicando
1783 1291 1863 1310 oceu-

1080 1327 1181 1358 buisse.
1196 1332 1223 1354 et
1237 1335 1270 1354 ex
1288 1335 1335 1355 sua
1355 1328 1454 1355 familia
1487 1334 1514 1356 et
1544 1329 1703 1364 cognatione
1728 1328 1801 1355 velut
1830 1336 1862 1355 ex

1080 1380 1149 1407 eqtto
1166 1373 1283 1408 Trojano
1302 1377 1339 1400 tot
1363 1374 1436 1401 viros
1462 1374 1545 1401 fortes
1559 1380 1586 1401 et
1599 1375 1632 1402 de
1647 1375 1782 1408 republica
1797 1375 1862 1402 bene

1080 1419 1191 1446 meritos
1206 1419 1349 1446 exsiliisse.

1116 1465 1169 1494 Sed
1200 1466 1310 1494 tristitia
1347 1466 1391 1494 illa
1421 1467 1454 1494 de
1487 1467 1590 1495 crudeli
1619 1472 1646 1495 et
1676 1472 1786 1494 cruenta
1817 1466 1859 1493 Mi-

1081 1511 1232 1539 chaelitaoa
1249 1513 1323 1539 caede
1347 1517 1374 1539 ct
1390 1513 1467 1539 ruina
1483 1513 1534 1548 (de
1561 1519 1613 1546 qua
1638 1513 1695 1546 ipse
1719 1512 1745 1538 itt
1765 1520 1859 1539 nuncu-

1082 1557 1188 1590 patoritt
1220 1557 1265 1584 illa
1279 1558 1392 1592 epistola
1408 1558 1442 1584 ad
1452 1558 1576 1585 Carolum
1593 1558 1784 1592 Lotharingum
1809 1565 1854 1585 car

1084 1603 1201 1630 dinalem
1239 1604 1446 1637 amplissimum,
1474 1611 1554 1638 qttatn
1590 1603 1664 1637 operi
1699 1603 1862 1630 Nazianzenr

1083 1649 1206 1683 praeﬁxit,
1226 1650 1310 1676 verba
1335 1649 1456 1676 faciens:
1472 1650 1553 1682 Quis,
1576 1650 1663 1684 inquit
1677 1670 1684 1682 ,
1711 1649 1865 1676 Michaelini

1083 1696 1167 1722 nostri
1183 1696 1300 1722 emnoltii
1326 1695 1429 1722 cladem
1453 1696 1505 1722 ulla
1523 1695 1670 1730 quamlibet
1687 1696 1787 1730 tragica
1803 1704 1865 1722 ora-

1084 1742 1155 1768 tione
1168 1749 1216 1775 pro
1236 1742 1272 1768 rei
1291 1742 1431 1768 atrocitate
1442 1741 1581 1774 deplorare
1600 1741 1715 1776 queat?)
1742 1745 1770 1767 ttt
1782 1742 1866 1773 major

1083 1793 1151 1818 erat,
1166 1788 1200 1814 ita
1215 1789 1288 1814 cordi
1302 1788 1360 1821 ejus
1384 1792 1411 1814 et
1431 1788 1522 1814 animo
1536 1788 1643 1822 penitus
1659 1795 1690 1814 ac
1705 1787 1805 1814 diutius
1823 1788 1865 1814 itt-

1084 1832 1170 1859 it:esit.
1189 1832 1281 1860 Postea
1304 1834 1414 1868 regione
1443 1833 1487 1860 illa
1514 1833 1682 1864 exturbatus,
1700 1833 1752 1860 huc
1765 1837 1792 1860 et
1806 1833 1869 1860 illuc

1084 1878 1176 1912 vagari
1206 1877 1299 1910 coepit,
1317 1882 1344 1903 et
1369 1876 1572 1911 peregrinorum
1591 1883 1665 1903 tttore
1684 1876 1806 1909 cupidius
1819 1884 1868 1902 ex-

1084 1927 1206 1957 spectare
1216 1929 1242 1949 et
1254 1923 1390 1956 inquirere
1403 1922 1539 1949 civitatem
1553 1922 1624 1948 illaut
1636 1922 1753 1948 futuratn
1769 1927 1867 1949 statam

1084 1973 1111 1994 ct
1130 1967 1193 1994 nulli
1219 1968 1349 1994 bellorutn
1372 1975 1404 1995 ac
1422 1973 1572 2002 temporum
1586 1968 1611 1994 vi
1627 1971 1654 1994 et
1678 1967 1783 2002 injuria:
1805 1975 1866 2002 per-

1084 2015 1165 2040 viam.
1191 2014 1309 2041 Secessit
1335 2014 1423 2048 primo
1448 2013 1606 2040 Laodunum
1624 2013 1658 2039 ad
1678 2013 1867 2040 charissimum

1086 2060 1196 2087 fratrem
1220 2065 1248 2086 et
1277 2060 1453 2086 reverendum
1479 2057 1594 2086 emnobii
1616 2057 1707 2085 Sancti
1732 2058 1867 2086 Vincentii

1086 2105 1220 2138 abbatem,
1249 2105 1275 2131 in
1305 2111 1369 2139 quo,
1401 2108 1429 2131 et
1458 2103 1673 2138 Sandionysiaco
1700 2103 1759 2137 (ubi
1786 2103 1866 2130 etiam

1086 2150 1183 2176 summi
1200 2149 1299 2184 prioris
1317 2157 1430 2177 munere
1457 2149 1648 2185 fungebatur),
1665 2148 1767 2182 aliquot
1784 2156 1868 2176 annos

1088 2195 1218 2230 transegit
1242 2196 1358 2230 propriis
1381 2195 1513 2223 coenobiis
1539 2195 1653 2229 pulsus,
1680 2199 1707 2222 et
1738 2195 1869 2222 reditibus

1088 2240 1226 2275 spoliatus.
1242 2241 1340 2268 Verutn
1352 2248 1459 2275 semper
1474 2241 1587 2275 cupidus
1603 2241 1737 2268 revisendi
1756 2241 1870 2268 Michae-

1089 2287 1134 2312 lini
1149 2286 1211 2316 soli,
1227 2286 1291 2312 inita
1307 2293 1372 2320 pace
1383 2290 1410 2312 et
1424 2285 1525 2312 sedatis
1548 2290 1682 2320 utcunque
1702 2285 1870 2316 tumultibus,

1089 2331 1168 2358 modo
1183 2331 1327 2362 Lutetiam,
1349 2330 1428 2356 modo
1454 2329 1649 2364 Oysonvillam,
1671 2328 1748 2354 tttodo
1763 2327 1870 2353 Nanne-

1089 2383 1140 2408 tas,
1172 2377 1251 2403 tnodo
1281 2376 1313 2402 ad
1342 2376 1505 2402 'l'uronicutn
1536 2374 1719 2402 Tossiniacum
1750 2377 1870 2400 nostrum

1090 2423 1218 2456 perrexit,
1245 2430 1292 2456 spe
1316 2422 1428 2448 ulterius
1439 2421 1638 2455 progrediendi,
1651 2425 1678 2447 et
1698 2420 1759 2446 illuc
1776 2426 1872 2452 perve-

1088 2469 1188 2496 niendi.
1218 2469 1270 2495 Sed
1299 2467 1503 2494 renascentibus
1526 2467 1649 2493 civilibus
1665 2465 1752 2496 bellis,
1768 2465 1808 2492 vel
1824 2472 1872 2499 po-

1087 2515 1139 2541 tius
1151 2514 1207 2540 illie
1228 2513 1463 2548 perseverantibus
1479 2520 1486 2538 :
1502 2512 1543 2539 vel
1559 2512 1658 2538 morbis
1670 2532 1677 2543 ,
1695 2511 1793 2545 quibus
1811 2517 1872 2544 pro-

1088 2561 1262 2595 ﬂigabantur,
1285 2557 1466 2589 obstantibus,
1489 2565 1521 2584 ac
1539 2556 1694 2584 reflantibus
1717 2555 1874 2590 procellosae

1090 2611 1189 2633 ucstra:
1205 2604 1360 2638 reipublicae
1377 2604 1476 2636 ventis,
1496 2602 1557 2630 illuc
1584 2609 1721 2636 nunquam
1738 2601 1873 2636 appellere

1089 2653 1177 2687 potuit
1201 2656 1264 2678 ante
1279 2656 1442 2685 postremam
1461 2654 1595 2682 aestatem,
1608 2648 1711 2683 aliquot
1726 2652 1787 2675 ante
1801 2655 1874 2674 men-

1091 2698 1167 2725 sibus
1184 2705 1264 2731 quam
1281 2697 1410 2723 tribututn
1427 2701 1530 2722 natura:
1541 2696 1678 2730 penderet.

1127 2743 1230 2769 Interea
1256 2750 1318 2769 vero
1346 2741 1557 2768 valetudinarius
1579 2741 1652 2774 licet,
1677 2745 1704 2768 ct
1729 2739 1874 2768 miserrimi

1093 2790 1179 2817 nostri
1201 2789 1292 2815 δίρρυιι
1319 2787 1446 2815 ﬂuctibus
1467 2787 1518 2814 ltue
1540 2793 1567 2815 et
1591 2786 1793 2822 illucjactatus,
1812 2794 1875 2814 nus-

1253 2884 1272 2897 “
1288 2883 1371 2917 ιιιυε.
1390 2889 1456 2914 uti,
1469 2882 1513 2908 “2:2.
1545 2887 1557 2911 ἶ
