2070 3135
214 185 263 213 531

818 188 972 217 ELOGlUlll
992 188 1107 217 JACOBI
1127 190 1234 218 BlLLll.

1782 188 1834 215 εδὲ

213 250 294 278 quam
319 243 367 270 fon
397 249 499 270 otiosus
525 243 631 279 (otium
663 245 734 271 enim
753 249 777 271 et
794 244 923 272 desidiam
940 248 1211 276 tan-Amonachum
1239 246 1356 274 tolerare
1379 250 1514 281 poterant.
1539 250 1579 274 Ao
1606 252 1758 281 episcopatu
1783 245 1834 273 fre-

215 296 295 324 quam
312 288 410 315 lethale
425 289 560 324 quoddam
578 297 722 322 venenum,
739 291 864 324 ipso'sque
881 291 996 322 desides,

215 338 247 360 ut
271 333 421 368 reipublica:
443 334 551 361 inutiles
574 342 607 361 ac
632 334 798 369 perniciosos
828 342 997 368 summopere

214 378 326 414 oderat)
340 387 348 412 ;
369 378 432 412 quin
448 379 536 413 plura,
549 383 576 405 et
593 379 726 412 doctiora,
741 379 901 413 utilioraque
915 379 998 406 edidit

215 431 306 458 opera,
323 432 402 458 quam
432 424 500 451 ullus
524 431 580 452 suae
609 424 726 452 fortasse
753 425 842 451 anatis
857 424 929 451 alius
947 433 954 450 :
969 429 998 451 ut

216 478 276 496 cum
291 469 374 496 Paulo
388 470 476 497 dicere
488 470 604 504 potuerit
621 480 627 497 :
645 470 717 497 Tum:
735 475 826 505 potens
845 478 915 500 sum,
939 478 997 496 cum

215 516 359 549 inﬁrmor:
375 516 456 542 virtus
487 517 554 543 enim
584 516 611 542 in
637 516 792 550 inﬁrmitate
816 515 996 549 perﬁcitur“.

217 562 287 588 Nihil
311 562 382 589 enim
405 562 429 589 ei
459 561 607 594 excidebat,
636 569 670 589 ne
697 566 861 588 momentum
890 561 996 596 quidem

217 606 355 641 temporis,
373 613 423 634 nec
439 607 511 634 diem
526 607 606 633 ullam
635 606 686 633 labi
712 606 818 633 sinebat
843 607 900 633 sine
917 606 997 638 linea,

217 653 271 680 imo
294 659 343 680 nec
370 652 429 680 sine
451 657 562 680 exarata
586 652 681 680 saltem
703 652 799 687 pagina
813 652 912 686 aliqua.
931 651 997 678 Nam

217 698 313 725 morbo
330 697 412 725 etiam
445 697 572 725 laborans
589 697 636 733 (ut
655 697 842 732 frequentibus
867 701 926 724 erat
949 696 996 724 ob-

216 743 324 775 noxius,
340 743 458 770 maxime
480 743 630 775 articulari,
645 748 671 770 et
688 742 861 776 ﬂuxionibus)
877 742 997 769 relaxato

216 788 260 815 vel
287 789 444 816 intermisso
468 789 561 816 dolore
575 796 669 816 versus
691 789 796 823 aliquos
811 789 852 816 vel
878 788 996 820 Grzecos.

216 833 259 860 vel
274 832 393 865 Latinos,
410 834 450 860 vel
466 834 546 860 etiam
565 833 692 867 Gallicos,
706 837 752 861 aut
767 834 839 861 aliud
852 833 997 869 lquidpiam

217 885 323 912 semper
337 877 480 906 condebat.
504 877 611 905 Etenim
633 878 727 905 silvam
755 878 835 906 etiam
852 879 997 913 quamdam

1053 297 1165 324 quenter
1180 292 1232 318 sibi
1244 292 1336 318 oblato
1349 296 1476 326 tanquam
1497 299 1511 318 a
1532 292 1605 318 letali
1629 291 1739 324 scopulo
1760 298 1833 318 sem-

1052 343 1101 370 per
1128 336 1258 371 profugit,
1283 344 1313 364 se
1339 341 1413 364 tanto
1442 343 1554 364 munere
1581 336 1718 371 indignum
1747 341 1833 370 ratus,

1051 380 1143 408 multis
1162 381 1247 409 fretus
1274 386 1430 408 sanctorum
1442 386 1469 408 et
1483 381 1698 408 doctissimorum
1713 381 1836 415 antiquo-

1053 434 1110 452 rum
1128 426 1235 453 Patrum
1253 427 1433 462 exemplis,et
1459 434 1554 460 magno
1568 427 1664 454 animae
1679 427 1835 454 imminente

1052 471 1171 505 periculo
1185 472 1342 500 deterritus.
1365 474 1463 500 Animo
1475 478 1564 500 autem
1584 480 1654 507 sape
1675 473 1834 507 angebatur,

1054 515 1213 551 ferebatque
1246 517 1432 552 indignissime
1461 517 1532 552 quod
1558 517 1686 552 episcopi,
1713 518 1834 550 abbates,

1052 569 1141 597 reges,
1159 570 1191 590 ac
1207 563 1346 596 pomifices
1362 563 1512 590 sacerdotia
1537 568 1589 590 tam
1608 562 1677 589 male
1704 562 1835 594 locarent,

1051 612 1078 634 et
1091 607 1189 634 Christi
1208 615 1273 635 oves
1287 611 1362 634 tanto
1373 607 1459 642 pretio
1471 607 1624 641 redemptae
1635 607 1704 641 lupis
1719 614 1791 641 stepe
1804 615 1835 634 ae

1052 650 1174 678 leonibus
1188 651 1272 685 (addo
1292 651 1386 687 etiam)
1407 656 1434 679 et
1455 651 1597 678 lenonibus
1625 651 1835 679 committerent.
1870 655 1874 658 '

1087 696 1125 722 Ex
1138 696 1214 731 cujus
1232 696 1331 723 Christi
1344 697 1436 724 schola
1450 701 1478 723 ut.
1492 697 1581 724 omnis
1594 697 1700 731 generis
1711 696 1835 729 virtutes,

1051 743 1168 770 maxime
1194 751 1259 770 vero
1276 742 1361 777 ipsius
1385 743 1522 778 propriam
1541 742 1730 777 perdidicerat,
1749 747 1835 769 tanto.

1050 796 1102 822 que
1115 789 1246 823 cupidius.
1267 795 1372 823 quanto
1394 789 1480 823 magis
1500 787 1595 816 oderat
1610 788 1704 815 vitium
1721 788 1758 815 illi
1774 795 1836 815 con-

1051 835 1180 868 trarium,
1202 835 1274 870 quod
1301 834 1409 870 angelos
1431 835 1502 869 ipsos
1527 835 1560 862 de
1583 834 1653 862 coelo
1673 835 1834 862 deturbavit.

1050 879 1117 907 Cum
1131 880 1280 908 humilibus
1298 881 1411 915 repebat
1424 881 1511 914 humi,
1524 888 1585 908 cum
1596 881 1718 915 superbis
1733 885 1760 908 et
1778 881 1836 908 ela-

216 923 267 950 sibi
279 927 421 958 paraverat
432 923 628 950 sententiarum
651 927 678 951 et
689 927 921 958 argumentorum,
937 931 997 958 quae
1013 923 1034 951 B
1048 924 1082 951 tis
1110 924 1183 951 male
1204 923 1366 952 eobazrebat.
1380 925 1495 952 Generis
1518 924 1559 952 sui
1582 925 1760 956 nobilitatem,
1776 932 1836 959 quae

217 969 244 995 in
258 968 336 1001 lecto,
352 968 397 996 ubi
414 976 469 996 non
485 968 585 996 licebat
597 969 696 996 multos
710 969 794 997 libros
808 970 925 1003 volvere,
939 978 1000 998 ver-

217 1019 290 1042 saret
304 1015 406 1047 animo,
418 1020 445 1042 et
457 1015 615 1042 amanuensi
627 1015 752 1042 dictaret.
766 1015 834 1048 Quin
847 1016 926 1043 etiam
938 1024 998 1043 cum

217 1059 360 1094 aliquando
381 1060 526 1094 equitaret,
542 1068 556 1087 a
576 1061 706 1088 comitatu
732 1068 802 1096 stepo
816 1061 957 1088 secedebat
971 1065 1000 1088 ut

221 1105 387 1133 meditationi
408 1111 527 1139 vacaret,
546 1110 573 1133 et
589 1113 620 1134 ea
641 1113 700 1141 quae
725 1107 751 1133 in
768 1107 857 1134 animo
875 1107 998 1139 habebat,

220 1151 289 1186 apud
301 1159 330 1178 se
344 1151 469 1186 agitaret,
479 1159 594 1186 quorum
606 1153 695 1187 capita
711 1153 891 1188 pugillaribus
906 1154 999 1181 inscri-

218 1197 281 1224 bere
293 1197 409 1231 solebat,
428 1198 507 1232 idque
521 1198 619 1232 raptim
633 1204 660 1225 et
675 1198 777 1226 furtim.

252 1242 275 1269 Δ
296 1250 337 1269 me
350 1250 470 1277 namque
485 1243 651 1276 potissimum
665 1251 725 1271 sese
740 1244 916 1278 subducebat,
928 1244 999 1279 quod

216 1287 241 1316 ei
270 1288 367 1323 sapius
390 1288 545 1322 obiicerem,
575 1296 607 1316 ac
633 1290 707 1317 velut
731 1290 830 1317 bellum
856 1290 996 1322 inferrem,

217 1335 288 1367 quod
303 1341 332 1361 se
347 1342 401 1361 non
420 1335 575 1369 respiceret,
591 1340 618 1362 et
634 1336 753 1363 animum
771 1336 920 1363 litterarum
941 1343 999 1363 ssu-

218 1378 272 1404 diis
286 1377 359 1405 Velut
375 1386 468 1405 arcmn
484 1387 590 1414 semper
602 1380 734 1407 intensutn
746 1388 880 1414 nunquam
896 1381 1000 1408 relaxa-

216 1428 267 1450 ret.
281 1422 338 1450 Non
352 1424 424 1451 enim
438 1425 472 1452 ob
486 1425 558 1452 aliud
583 1425 653 1452 inter
666 1434 714 1453 nos
725 1427 848 1454 obortum
860 1432 901 1453 est
916 1428 997 1454 dissi-

216 1470 300 1503 dium,
316 1476 343 1498 et
357 1471 428 1505 quod
443 1472 525 1499 nimia
541 1472 629 1500 inedia
654 1478 682 1500 et
696 1474 999 1508 crcbrioribusjejuniis

216 1515 335 1549 (nullum
366 1518 450 1548 enim,
465 1523 562 1552 pra-ter
581 1518 631 1545 alia
660 1524 820 1552 spontanea,
837 1528 868 1547 ex
883 1521 924 1548 bis
940 1529 999 1556 qua:

217 1561 312 1589 indixit
334 1561 465 1594 Ecclesia.
485 1564 697 1599 intermittebat)
719 1566 858 1593 tabescens
884 1574 994 1601 corpus,

217 1612 297 1635 tenue
322 1616 354 1636 ac
378 1610 562 1643 macileutum,
584 1616 666 1645 atque
689 1611 806 1647 σκελετῷ
831 1620 896 1646 pene
911 1613 999 1640 simile

216 1654 371 1681 oonliceret.
391 1653 419 1681 lu
436 1662 498 1682 vase
520 1656 593 1682 enim
622 1655 694 1682 fictili
711 1663 738 1683 et
751 1657 894 1684 admodum
910 1657 998 1692 fragili

219 1706 332 1734 magnus
344 1705 402 1726 erat
422 1701 556 1735 repositus
573 1701 724 1732 thesaurus.
743 1705 855 1736 eratque
868 1702 926 1737 ejus
939 1706 998 1731 ani~

217 1752 276 1771 Inus
291 1745 363 1772 velut
377 1747 510 1780 pretiosus
528 1746 637 1780 lapillus
660 1747 760 1774 annulo
774 1749 858 1775 vitreo
871 1749 997 1782 inclusus,

217 1797 249 1817 ac
259 1791 308 1818 sub
320 1791 422 1819 villosis
435 1791 504 1818 Esau
523 1792 714 1826 integumentis
728 1801 808 1820 verus
825 1794 947 1821 latitabat
958 1795 1000 1822 Ja-

217 1835 281 1863 cob.
295 1835 438 1864 Enimvero
455 1842 484 1863 ut
507 1837 581 1871 pacis
605 1843 662 1864 erat
679 1838 887 1872 amantissimus,
901 1846 926 1866 et
943 1840 999 1874 ipsa

217 1880 367 1909 litterarum
395 1881 483 1908 studia
502 1882 556 1908 otia
585 1887 612 1908 et
638 1889 773 1909 secessum
793 1890 926 1917 qmerunt,
943 1893 999 1911 ma-

218 1933 335 1960 gnopere
358 1927 483 1961 cupiebat
501 1927 589 1955 locum
614 1928 729 1962 aliquem
750 1930 868 1964 quietum
883 1935 910 1957 et
927 1935 1000 1957 tran-

222 1970 332 2005 quillum
357 1971 488 2003 nancisci.
503 1972 528 1999 in
545 1980 599 2007 quo
612 1973 801 2001 bibliothecam
820 1979 950 2003 statueret
972 1981 999 2004 et

219 2018 376 2050 instrueret,
392 2022 419 2045 et
435 2020 632 2047 mansuetiores
648 2028 740 2048 musas
762 2021 874 2050 liberius
897 2023 998 2058 ample-

216 2068 336 2096 xaretur,
351 2064 506 2098 l'overetque
522 2066 613 2092 tutius.

253 2108 328 2143 Quod
343 2109 464 2143 plerique
485 2108 665 2143 intelligeutcs
679 2115 707 2137 et
722 2118 769 2145 spe
785 2116 903 2145 quaestus
919 2111 998 2148 (nam

219 2154 251 2181 de
265 2161 353 2182 annuo
370 2163 419 2182 suo
436 2155 522 2182 reditu
539 2155 652 2182 multum
665 2156 708 2183 ille
725 2158 863 2185 remittere
876 2159 998 2192 volebat)

218 2199 305 2228 allecti
321 2201 353 2227 ad
369 2208 430 2228 eum
453 2201 641 2234 adventarunt,
656 2208 683 2228 et
701 2203 796 2230 crebro
816 2211 877 2230 cum
896 2212 929 2231 eo
942 2211 1001 2231 ser~

218 2253 324 2273 Inouem
339 2246 515 2273 instituerunt
540 2247 572 2274 de
596 2247 780 2281 permutandis
797 2248 848 2276 illis
875 2250 931 2276 suis
952 2250 998 2276 ab-

217 2290 308 2317 batiis.
332 2290 385 2317 Sed
399 2291 460 2324 quia
482 2291 538 2323 alii,
556 2291 596 2318 vel
611 2292 728 2326 suspecti
749 2297 827 2320 erant
854 2295 998 2327 haereseos,

217 2335 259 2362 vel
274 2343 347 2362 arma
362 2336 566 2371 profitebantur,
581 2337 621 2364 vel
635 2345 687 2364 non
701 2338 829 2366 carebant
843 2341 999 2375 suspicione

218 2382 346 2409 Simonia:
368 2382 467 2416 (quam
483 2383 555 2410 velut
571 2383 701 2411 malorum
726 2389 878 2412 nostrorum
896 2386 998 2414 lernam

217 2428 350 2463 imprimis
374 2427 574 2463 detestabatur)
601 2430 695 2458 maluit
716 2439 775 2458 cum
800 2432 919 2466 periculo
945 2441 1000 2461 sure

216 2473 391 2506 valetudinis,
406 2479 434 2501 et
457 2475 606 2502 studiorum
623 2483 733 2503 suorum
756 2477 894 2511 dispendio
908 2478 959 2505 huc
973 2483 999 2505 et

216 2519 280 2547 illuc
303 2524 448 2554 perpertuo
470 2519 544 2554 ferri,
560 2528 640 2556 quam
665 2522 766 2549 nomini
791 2530 840 2549 suo
859 2523 900 2550 vel
917 2524 998 2550 mini-

217 2572 290 2592 mam
310 2565 443 2593 maculam
472 2566 591 2599 inurere,
608 2571 636 2594 et
652 2575 731 2601 quam
748 2569 940 2596 couseientiam
954 2568 999 2604 (in

218 2618 270 2644 qua
288 2618 354 2645 pura
370 2612 503 2639 servanda
522 2617 581 2640 erat
595 2613 836 2648 vigilantissimus)
854 2614 894 2642 vel
911 2615 1001 2642 tantil-

218 2655 273 2683 lum
289 2655 396 2686 lzedere.
413 2656 481 2691 Quin
496 2662 524 2685 et
532 2665 602 2692 saepe
618 2658 655 2685 illi
668 2658 717 2685 fuit
732 2659 837 2686 animus
848 2659 1002 2695 relinquen-

219 2702 259 2728 dae
271 2702 383 2730 alterius
397 2710 453 2730 sua:
468 2704 595 2736 abbatiae,
609 2705 681 2739 quod
697 2705 721 2732 ei
739 2705 856 2740 bigamia
881 2706 926 2734 illa
948 2713 1002 2734 non

219 2749 337 2783 placeret
351 2758 358 2775 :
374 2750 421 2777 sed
440 2749 467 2776 id
493 2749 634 2777 commodo
657 2750 714 2777 fieri
729 2759 780 2778 non
797 2753 883 2785 potuit
901 2753 936 2779 ob
953 2753 1002 2779 ad-

219 2801 296 2821 versa
317 2799 437 2829 tempora
453 2798 480 2821 et
498 2793 556 2822 loca
571 2801 631 2829 qua:
651 2795 752 2822 nullum
769 2797 804 2822 ibi
820 2797 944 2825 abbatem
957 2797 999 2825 vel

246 2894 279 2911 ’“
293 2893 314 2922 ll
329 2895 392 2924 Cor.
410 2903 459 2929 xu,
479 2896 518 2927 l0,
536 2896 560 2923 9.
597 2895 620 2911 θ’
640 2896 648 2923 l
665 2896 726 2924 Cor.
746 2904 803 2929 vui,
823 2897 844 2924 i.

1050 969 1199 998 clarissima
1214 974 1282 1003 erat,
1298 978 1430 1004 nusquam
1444 970 1590 1001 ostentavit
1600 970 1681 1005 (quod
1697 970 1756 997 vani
1772 978 1836 1004 pas-

1049 1015 1100 1042 sim
1114 1015 1212 1048 solent,
1229 1020 1256 1043 et
1267 1022 1297 1042 ea
1314 1016 1517 1051 intumescere),
1543 1016 1642 1043 nullam
1652 1023 1742 1043 veram
1755 1016 1835 1042 aliam

1049 1061 1211 1088 existimans
1227 1069 1307 1095 quam
1321 1069 1381 1096 quae
1400 1061 1499 1089 virtute
1509 1067 1652 1097 pararetur
1663 1066 1710 1089 aut
1726 1061 1836 1089 fulcire-

1052 1111 1106 1134 tur.
1121 1106 1277 1134 Doctrinam
1291 1107 1396 1141 pariter
1422 1114 1498 1134 suam
1513 1111 1541 1133 et
1554 1107 1730 1142 multiplicem
1746 1114 1836 1134 rerum

1050 1160 1082 1179 ac
1097 1151 1249 1187 linguarum
1267 1151 1460 1186 cognitionem,
1480 1159 1540 1186 quae
1559 1152 1652 1179 multis
1669 1152 1769 1180 cristas
1780 1153 1836 1179 eri-

1050 1205 1124 1232 gere.
1137 1202 1166 1224 ct
1192 1197 1364 1231 supercilium
1394 1196 1518 1224 attollere
1534 1197 1685 1229 consuevit,
1699 1205 1836 1231 nunquam

1050 1243 1157 1275 extulit,
1186 1243 1250 1277 quin
1278 1250 1338 1269 eam
1365 1242 1499 1277 depressit
1522 1243 1622 1277 potius.
1644 1243 1708 1269 Erat
1723 1243 1793 1270 enim
1811 1244 1835 1270 ei

1049 1290 1124 1317 velut
1140 1290 1232 1316 innata
1252 1288 1294 1315 illa
1310 1289 1441 1320 Charitas,
1457 1296 1516 1322 qua:
1539 1296 1590 1315 non
1607 1289 1693 1320 inﬂat,
1709 1289 1757 1316 sed
1773 1290 1837 1315 tedi-

1051 1335 1115 1362 iicat
1128 1335 1162 1366 ³⁵,
1180 1339 1208 1361 ut
1223 1342 1253 1361 ex
1270 1334 1328 1367 ejus
1341 1334 1461 1368 scriptis,
1475 1334 1542 1360 nihil
1558 1339 1632 1361 certe
1646 1334 1717 1361 aliud
1729 1335 1835 1368 spiran-

1051 1381 1134 1413 tibus,
1149 1380 1232 1415 liquet
1248 1387 1254 1405 :
1272 1380 1340 1406 sicut
1357 1384 1383 1406 et
1402 1387 1434 1406 ex
1458 1380 1540 1413 ipsius
1556 1379 1720 1418 quotidianis
1733 1387 1836 1406 sermo-

1050 1426 1129 1453 nibus
1153 1431 1181 1453 et
1204 1425 1346 1459 colloquiis
1362 1425 1447 1452 cuivis
1464 1425 1546 1451 etiam
1573 1432 1664 1452 notmn
1680 1433 1713 1452 ac
1731 1426 1836 1459 perspi-

1050 1479 1129 1498 cuum
1147 1475 1215 1498 erat.
1237 1471 1264 1497 ln
1280 1470 1376 1504 quibus
1391 1469 1543 1500 familiaris.
1557 1470 1651 1500 comis,
1672 1477 1704 1495 ac
1719 1469 1833 1500 facetus,

1050 1517 1144 1543 creber
1171 1516 1327 1547 sententiis,
1345 1520 1372 1544 et
1387 1516 1489 1550 pietate
1508 1521 1535 1543 et
1557 1515 1709 1543 eruditione
1731 1523 1837 1551 semprr

1052 1561 1162 1595 insignis
1179 1561 1237 1588 fuit.

1087 1607 1124 1634 De
1151 1607 1285 1640 republica
1314 1606 1466 1634 Christiana
1492 1610 1519 1634 et
1542 1605 1644 1634 Gallica
1668 1607 1709 1633 vir
1738 1607 1834 1640 publici

1052 1654 1186 1680 amantior
1200 1661 1281 1687 quam
1307 1654 1358 1685 sui,
1375 1653 1533 1687 frequenter
1554 1658 1581 1679 et
1595 1661 1627 1680 ex
1648 1653 1737 1679 animo
1756 1653 1835 1679 verba

1053 1699 1177 1730 faciebat,
1203 1699 1279 1734 juxta
1296 1699 1433 1733 vulgatum
1456 1699 1636 1732 proverbium,
1658 1698 1702 1725 ubi
1728 1698 1834 1729 vulnus,

1053 1745 1089 1770 ibi
1103 1752 1198 1771 manus
1213 1752 1221 1770 :
1237 1743 1282 1770 ubi
1310 1744 1397 1777 plaga,
1415 1743 1451 1770 ibi
1475 1743 1577 1777 lingua.
1592 1743 1752 1777 Deplorabat
1763 1743 1834 1770 enim

1052 1789 1171 1824 quotidie
1192 1789 1374 1816 miserrimum
1398 1789 1455 1822 ejus
1484 1789 1643 1815 hodiernum
1661 1793 1771 1821 statum,
1788 1797 1836 1815 nec

1053 1836 1126 1862 aliud
1154 1835 1316 1869 sperandum
1333 1834 1450 1865 dicebat,
1469 1841 1548 1868 quam
1564 1835 1673 1860 brevem
1692 1834 1834 1865 quamdam

1054 1881 1138 1916 ipsius
1166 1881 1348 1912 eversionem,
1363 1887 1395 1906 ac
1417 1887 1476 1906 eam
1496 1886 1564 1913 pene
1583 1879 1666 1913 (quod
1692 1879 1761 1906 Deus
1779 1884 1833 1912 opt.

1053 1934 1126 1953 uiax.
1143 1928 1258 1958 avertat)
1274 1933 1334 1959 qua:
1358 1925 1408 1952 sub
1435 1924 1602 1951 Phaethonte
1617 1925 1725 1956 accidit,
1738 1925 1837 1951 conﬂa-

1052 1973 1210 2007 grationem.
1239 1971 1323 1997 Tanta
1354 1974 1442 1998 autem
1465 1974 1525 1997 erat
1547 1970 1706 2004 prudentia,
1729 1975 1836 2004 tamque

1052 2019 1107 2046 acri
1121 2023 1147 2046 et
1168 2017 1316 2053 perspicaci
1332 2017 1440 2051 ingenio
1453 2016 1602 2051 et-judicio,
1614 2021 1642 2043 ut
1656 2024 1688 2043 ex
1700 2021 1836 2050 antegres-

1053 2064 1090 2091 sis
1104 2063 1192 2091 futura
1211 2063 1292 2090 etiam
1307 2063 1483 2097 conjectarel,
1500 2071 1531 2090 ac
1547 2070 1618 2096 saepe
1632 2062 1776 2093 divinaret,
1789 2069 1836 2088 ea-

1053 2117 1105 2145 que
1123 2109 1238 2136 velutex
1264 2109 1317 2135 alta
1341 2109 1457 2142 quadam
1488 2108 1595 2142 specula
1619 2108 1785 2142 praevideret.
1803 2107 1836 2134 Ut

1053 2155 1203 2182 litterarum
1216 2175 1223 2185 ,
1239 2155 1275 2182 ita
1297 2159 1323 2182 et
1337 2155 1517 2182 litteratorum
1542 2159 1599 2181 erat
1612 2155 1813 2180 amantissimus
1827 2163 1834 2184 ;

1053 2201 1099 2229 sed
1111 2208 1204 2227 eorum
1220 2201 1368 2235 praesertim
1392 2201 1437 2235 qui
1455 2200 1647 2234 rempublicam
1665 2200 1834 2233 litterariam,

1053 2251 1080 2274 et
1097 2247 1142 2273 Dei
1155 2246 1301 2274 Ecclesium
1315 2246 1448 2279 juvarent.
1465 2245 1532 2272 Nam
1553 2253 1658 2277 eorum,
1674 2245 1718 2279 qui
1731 2245 1755 2272 ei
1768 2246 1835 2272 infe-

1053 2292 1088 2319 sti
1110 2295 1199 2324 erant,
1215 2290 1381 2318 consortium
1400 2290 1543 2324 diligenter
1561 2291 1674 2323 vitabat,
1695 2295 1722 2318 et
1743 2291 1777 2317 ab
1792 2299 1837 2318 co-

1054 2346 1112 2366 rum
1124 2338 1199 2365 libris
1219 2337 1381 2364 abstinebat.
1393 2336 1494 2364 Oderat
1509 2337 1550 2363 vir
1565 2337 1732 2364 castissimus
1743 2341 1836 2372 poetas

1053 2388 1081 2411 et
1092 2383 1238 2417 scriptores
1255 2390 1366 2418 spurcos
1383 2388 1410 2409 et
1419 2383 1561 2415 obscenos,
1572 2390 1673 2417 eosque
1685 2390 1778 2410 omnes
1790 2384 1834 2418 qui

1054 2432 1101 2459 Dei
1115 2431 1222 2458 talentis
1236 2430 1419 2461 abuterentur,
1434 2436 1461 2458 et
1475 2437 1505 2457 ea
1524 2430 1709 2465 impenderent
1722 2431 1747 2457 in
1764 2431 1835 2458 cele-

1060 2477 1169 2504 brandis
1192 2476 1279 2510 potius
1298 2475 1394 2502 Bacchi
1420 2481 1447 2502 et
1472 2476 1600 2507 Veneris,
1618 2476 1659 2502 vel
1684 2476 1764 2502 etiam
1790 2477 1835 2503 im-

1055 2524 1214 2550 meritorqu
1231 2523 1368 2549 hominum
1386 2522 1521 2554 laudibus,
1544 2530 1624 2556 quant
1636 2522 1746 2550 Christi.

1090 2568 1247 2596 Lectissima
1265 2569 1324 2602 ejus
1343 2568 1440 2594 liOlllUS
1465 2571 1537 2595 velut
1561 2572 1683 2595 sanciunt
1699 2567 1834 2602 quoddam

1051 2614 1201 2644 coenobium
1216 2617 1244 2639 et
1261 2613 1468 2644 xenodochium,
1483 2612 1628 2646 scholaque
1641 2612 1749 2638 virtutis
1762 2617 1833 2643 erat,

1051 2660 1122 2694 quod
1143 2666 1176 2686 ex
1204 2658 1272 2685 bene
1292 2658 1404 2685 moratis
1418 2662 1445 2685 et
1461 2658 1581 2692 pacilicis
1603 2657 1662 2691 ejus
1682 2657 1834 2686 domesticis

1051 2703 1248 2738 innotescebat,
1268 2705 1335 2731 adeo
1351 2709 1381 2730 ut
1395 2711 1428 2731 ex
1451 2704 1515 2737 ipsis
1532 2709 1724 2738 agnosceretur
1735 2704 1834 2738 patris-

1055 2750 1172 2778 familias
1187 2750 1327 2784 prudentia
1341 2759 1348 2777 :
1363 2750 1450 2785 qualis
1461 2749 1587 2776 videlicet
1601 2753 1690 2776 rector
1704 2749 1832 2783 civitatis,

1053 2797 1119 2825 tales
1135 2796 1286 2825 habitantes
1300 2795 1325 2822 in
1343 2803 1383 2824 ea.
1399 2795 1468 2823 Viris
1482 2795 1543 2830 piis,
1559 2795 1643 2824 doctis
1659 2800 1685 2823 et
1700 2795 1834 2831 religiosis
