  <div class='ocr_page' id='page_1' title='image "/cluster/home/n/w/nwhite01/storage/ocr_20150623/35/njp.32101077772554/201.png"; bbox 0 0 2070 3135; ppageno 0'>
   <div class='ocr_carea' id='block_1_1' title="bbox 233 185 284 213">
    <p class='ocr_par' dir='ltr' id='par_1_1' title="bbox 233 185 284 213">
     <span class='ocr_line' id='line_1_1' title="bbox 233 185 284 213; baseline -0.02 0"><span class='ocrx_word' id='word_1_1' title='bbox 233 185 284 213; x_wconf 54' lang='lat'><strong>$3</strong></span> 
     </span>
    </p>
   </div>
   <div class='ocr_carea' id='block_1_2' title="bbox 833 184 1258 212">
    <p class='ocr_par' dir='ltr' id='par_1_2' title="bbox 833 184 1258 212">
     <span class='ocr_line' id='line_1_2' title="bbox 833 184 1258 212; baseline 0.002 -2"><span class='ocrx_word' id='word_1_2' title='bbox 833 184 989 212; x_wconf 76' lang='lat' dir='ltr'><strong>ELOGIUM</strong></span> <span class='ocrx_word' id='word_1_3' title='bbox 1009 184 1125 212; x_wconf 80' lang='lat' dir='ltr'><strong>JACOBI</strong></span> <span class='ocrx_word' id='word_1_4' title='bbox 1147 184 1258 211; x_wconf 84' lang='lat' dir='ltr'><strong>BlLLll.</strong></span> 
     </span>
    </p>
   </div>
   <div class='ocr_carea' id='block_1_3' title="bbox 1802 185 1854 212">
    <p class='ocr_par' dir='ltr' id='par_1_3' title="bbox 1802 185 1854 212">
     <span class='ocr_line' id='line_1_3' title="bbox 1802 185 1854 212; baseline 0.019 -1"><span class='ocrx_word' id='word_1_5' title='bbox 1802 185 1854 212; x_wconf 69' lang='grc'><strong>584</strong></span> 
     </span>
    </p>
   </div>
   <div class='ocr_carea' id='block_1_4' title="bbox 234 239 1856 277">
    <p class='ocr_par' dir='ltr' id='par_1_4' title="bbox 234 239 1856 277">
     <span class='ocr_line' id='line_1_4' title="bbox 234 239 1856 277; baseline -0.001 -9"><span class='ocrx_word' id='word_1_6' title='bbox 234 241 342 277; x_wconf 81' lang='lat' dir='ltr'><strong>(nempe</strong></span> <span class='ocrx_word' id='word_1_7' title='bbox 352 240 392 267; x_wconf 89' lang='lat' dir='ltr'><strong>sui</strong></span> <span class='ocrx_word' id='word_1_8' title='bbox 408 239 552 275; x_wconf 85' lang='lat' dir='ltr'><strong>similibus)</strong></span> <span class='ocrx_word' id='word_1_9' title='bbox 563 244 658 275; x_wconf 88' lang='lat' dir='ltr'><strong>patens</strong></span> <span class='ocrx_word' id='word_1_10' title='bbox 671 244 699 267; x_wconf 92' lang='lat' dir='ltr'><strong>et</strong></span> <span class='ocrx_word' id='word_1_11' title='bbox 713 241 815 275; x_wconf 82' lang='lat' dir='ltr'><strong>pervia.</strong></span> <span class='ocrx_word' id='word_1_12' title='bbox 829 247 908 276; x_wconf 83' lang='lat' dir='ltr'><strong>atque</strong></span> <span class='ocrx_word' id='word_1_13' title='bbox 921 243 1020 269; x_wconf 79' lang='lat' dir='ltr'><strong>Christi</strong></span> <span class='ocrx_word' id='word_1_14' title='bbox 1035 245 1059 273; x_wconf 75' lang='grc' dir='ltr'><strong><em>Α</em></strong></span> <span class='ocrx_word' id='word_1_15' title='bbox 1073 241 1134 272; x_wconf 87' lang='lat' dir='ltr'><strong>bus,</strong></span> <span class='ocrx_word' id='word_1_16' title='bbox 1150 241 1294 275; x_wconf 77' lang='lat' dir='ltr'><strong>multisque</strong></span> <span class='ocrx_word' id='word_1_17' title='bbox 1315 239 1348 267; x_wconf 91' lang='lat' dir='ltr'><strong>ad</strong></span> <span class='ocrx_word' id='word_1_18' title='bbox 1371 247 1430 266; x_wconf 86' lang='lat' dir='ltr'><strong>eum</strong></span> <span class='ocrx_word' id='word_1_19' title='bbox 1447 240 1530 266; x_wconf 79' lang='lat' dir='ltr'><strong>Roma</strong></span> <span class='ocrx_word' id='word_1_20' title='bbox 1552 240 1641 266; x_wconf 59' lang='lat' dir='ltr'><strong>missis</strong></span> <span class='ocrx_word' id='word_1_21' title='bbox 1657 240 1689 267; x_wconf 88' lang='lat' dir='ltr'><strong>ab</strong></span> <span class='ocrx_word' id='word_1_22' title='bbox 1705 240 1856 266; x_wconf 87' lang='lat' dir='ltr'><strong>illustrissi-</strong></span> 
     </span>
    </p>
   </div>
   <div class='ocr_carea' id='block_1_5' title="bbox 234 287 1021 323">
    <p class='ocr_par' dir='ltr' id='par_1_5' title="bbox 234 287 1021 323">
     <span class='ocr_line' id='line_1_5' title="bbox 234 287 1021 323; baseline 0.003 -9"><span class='ocrx_word' id='word_1_23' title='bbox 234 287 408 323; x_wconf 85' lang='lat' dir='ltr'><strong>pauperibus,</strong></span> <span class='ocrx_word' id='word_1_24' title='bbox 425 295 538 322; x_wconf 89' lang='lat' dir='ltr'><strong>quorum</strong></span> <span class='ocrx_word' id='word_1_25' title='bbox 557 292 688 322; x_wconf 88' lang='lat' dir='ltr'><strong>perpetuo</strong></span> <span class='ocrx_word' id='word_1_26' title='bbox 701 287 750 314; x_wconf 92' lang='lat' dir='ltr'><strong>fuit</strong></span> <span class='ocrx_word' id='word_1_27' title='bbox 765 289 976 322; x_wconf 87' lang='lat' dir='ltr'><strong>amantissimus,</strong></span> <span class='ocrx_word' id='word_1_28' title='bbox 993 293 1021 316; x_wconf 84' lang='lat' dir='ltr'><strong>et</strong></span> 
     </span>
    </p>
   </div>
   <div class='ocr_carea' id='block_1_6' title="bbox 235 331 1019 368">
    <p class='ocr_par' dir='ltr' id='par_1_6' title="bbox 235 331 1019 368">
     <span class='ocr_line' id='line_1_6' title="bbox 235 331 1019 368; baseline 0.003 -9"><span class='ocrx_word' id='word_1_29' title='bbox 235 338 311 366; x_wconf 82' lang='lat' dir='ltr'><strong>pater</strong></span> <span class='ocrx_word' id='word_1_30' title='bbox 325 331 563 366; x_wconf 86' lang='lat' dir='ltr'><strong>locupletissimus.</strong></span> <span class='ocrx_word' id='word_1_31' title='bbox 576 332 638 359; x_wconf 89' lang='lat' dir='ltr'><strong>Ideo</strong></span> <span class='ocrx_word' id='word_1_32' title='bbox 659 339 720 359; x_wconf 91' lang='lat' dir='ltr'><strong>eum</strong></span> <span class='ocrx_word' id='word_1_33' title='bbox 737 334 868 368; x_wconf 70' lang='lat' dir='ltr'><strong>gregatim</strong></span> <span class='ocrx_word' id='word_1_34' title='bbox 883 338 910 360; x_wconf 86' lang='lat' dir='ltr'><strong>et</strong></span> <span class='ocrx_word' id='word_1_35' title='bbox 922 335 1019 367; x_wconf 88' lang='lat' dir='ltr'><strong>passim</strong></span> 
     </span>
    </p>
   </div>
   <div class='ocr_carea' id='block_1_7' title="bbox 235 377 1021 413">
    <p class='ocr_par' dir='ltr' id='par_1_7' title="bbox 235 377 1021 413">
     <span class='ocr_line' id='line_1_7' title="bbox 235 377 1021 413; baseline 0.001 -8"><span class='ocrx_word' id='word_1_36' title='bbox 235 378 433 413; x_wconf 75' lang='lat' dir='ltr'><strong>sequebantur,</strong></span> <span class='ocrx_word' id='word_1_37' title='bbox 446 378 523 412; x_wconf 84' lang='lat' dir='ltr'><strong>juxta</strong></span> <span class='ocrx_word' id='word_1_38' title='bbox 546 377 610 405; x_wconf 90' lang='lat' dir='ltr'><strong>illud</strong></span> <span class='ocrx_word' id='word_1_39' title='bbox 632 378 824 413; x_wconf 82' lang='lat' dir='ltr'><strong>Evangelicum</strong></span> <span class='ocrx_word' id='word_1_40' title='bbox 843 387 849 405; x_wconf 88' lang='lat'><strong>:</strong></span> <span class='ocrx_word' id='word_1_41' title='bbox 870 379 1021 413; x_wconf 71' lang='lat' dir='ltr'><strong>Ubicunque</strong></span> 
     </span>
    </p>
   </div>
   <div class='ocr_carea' id='block_1_8' title="bbox 235 425 1021 460">
    <p class='ocr_par' dir='ltr' id='par_1_8' title="bbox 235 425 1021 460">
     <span class='ocr_line' id='line_1_8' title="bbox 235 425 1021 460; baseline 0.001 -9"><span class='ocrx_word' id='word_1_42' title='bbox 235 425 315 459; x_wconf 75' lang='lat' dir='ltr'><strong>fuerit</strong></span> <span class='ocrx_word' id='word_1_43' title='bbox 329 432 440 459; x_wconf 76' lang='lat' dir='ltr'><strong>corpus,</strong></span> <span class='ocrx_word' id='word_1_44' title='bbox 455 425 519 451; x_wconf 82' lang='lat' dir='ltr'><strong>illuc</strong></span> <span class='ocrx_word' id='word_1_45' title='bbox 540 425 767 459; x_wconf 68' lang='lat' dir='ltr'><strong>congregabantur</strong></span> <span class='ocrx_word' id='word_1_46' title='bbox 777 431 801 452; x_wconf 80' lang='grc' dir='ltr'><strong>ει</strong></span> <span class='ocrx_word' id='word_1_47' title='bbox 814 426 910 460; x_wconf 63' lang='lat' dir='ltr'><strong>aquilio</strong></span> <span class='ocrx_word' id='word_1_48' title='bbox 921 427 954 453; x_wconf 80' lang='lat'><strong>&#39;°.</strong></span> <span class='ocrx_word' id='word_1_49' title='bbox 977 426 1021 452; x_wconf 89' lang='lat' dir='ltr'><strong>Di-</strong></span> 
     </span>
    </p>
   </div>
   <div class='ocr_carea' id='block_1_9' title="bbox 233 467 1021 504">
    <p class='ocr_par' dir='ltr' id='par_1_9' title="bbox 233 467 1021 504">
     <span class='ocr_line' id='line_1_9' title="bbox 233 467 1021 504; baseline 0 -8"><span class='ocrx_word' id='word_1_50' title='bbox 233 478 301 504; x_wconf 77' lang='lat' dir='ltr'><strong>gnus</strong></span> <span class='ocrx_word' id='word_1_51' title='bbox 313 470 358 504; x_wconf 90' lang='lat' dir='ltr'><strong>qtri</strong></span> <span class='ocrx_word' id='word_1_52' title='bbox 373 476 433 496; x_wconf 91' lang='lat' dir='ltr'><strong>cum</strong></span> <span class='ocrx_word' id='word_1_53' title='bbox 446 467 549 496; x_wconf 84' lang='lat' dir='ltr'><strong>Joanne</strong></span> <span class='ocrx_word' id='word_1_54' title='bbox 568 468 789 503; x_wconf 82' lang='lat' dir='ltr'><strong>Eleemosynario</strong></span> <span class='ocrx_word' id='word_1_55' title='bbox 801 468 980 501; x_wconf 80' lang='lat' dir='ltr'><strong>conferretur,</strong></span> <span class='ocrx_word' id='word_1_56' title='bbox 993 474 1021 496; x_wconf 86' lang='lat' dir='ltr'><strong>et</strong></span> 
     </span>
    </p>
   </div>
   <div class='ocr_carea' id='block_1_10' title="bbox 233 513 1019 548">
    <p class='ocr_par' dir='ltr' id='par_1_10' title="bbox 233 513 1019 548">
     <span class='ocr_line' id='line_1_10' title="bbox 233 513 1019 548; baseline -0.004 -8"><span class='ocrx_word' id='word_1_57' title='bbox 233 522 292 541; x_wconf 89' lang='lat' dir='ltr'><strong>cum</strong></span> <span class='ocrx_word' id='word_1_58' title='bbox 306 513 375 541; x_wconf 72' lang='grc' dir='ltr'><strong>εἰοὺο</strong></span> <span class='ocrx_word' id='word_1_59' title='bbox 388 513 449 547; x_wconf 83' lang='lat' dir='ltr'><strong>jure</strong></span> <span class='ocrx_word' id='word_1_60' title='bbox 465 513 569 541; x_wconf 88' lang='lat' dir='ltr'><strong>diceret</strong></span> <span class='ocrx_word' id='word_1_61' title='bbox 583 521 590 538; x_wconf 91' lang='lat'><strong>:</strong></span> <span class='ocrx_word' id='word_1_62' title='bbox 606 513 704 540; x_wconf 79' lang='lat' dir='ltr'><strong>Oculus</strong></span> <span class='ocrx_word' id='word_1_63' title='bbox 716 513 754 548; x_wconf 76' lang='lat' dir='ltr'><strong>fui</strong></span> <span class='ocrx_word' id='word_1_64' title='bbox 764 521 843 544; x_wconf 74' lang='lat' dir='ltr'><strong>creto,</strong></span> <span class='ocrx_word' id='word_1_65' title='bbox 857 522 901 548; x_wconf 75' lang='lat' dir='ltr'><strong>pes</strong></span> <span class='ocrx_word' id='word_1_66' title='bbox 916 514 1019 545; x_wconf 77' lang='lat' dir='ltr'><strong>claudo,</strong></span> 
     </span>
    </p>
   </div>
   <div class='ocr_carea' id='block_1_11' title="bbox 231 558 1021 594">
    <p class='ocr_par' dir='ltr' id='par_1_11' title="bbox 231 558 1021 594">
     <span class='ocr_line' id='line_1_11' title="bbox 231 558 1021 594; baseline 0 -8"><span class='ocrx_word' id='word_1_67' title='bbox 231 565 306 594; x_wconf 77' lang='lat' dir='ltr'><strong>pater</strong></span> <span class='ocrx_word' id='word_1_68' title='bbox 318 559 507 594; x_wconf 82' lang='lat' dir='ltr'><strong>pauperum&quot;.</strong></span> <span class='ocrx_word' id='word_1_69' title='bbox 524 558 598 592; x_wconf 85' lang='lat' dir='ltr'><strong>Quos</strong></span> <span class='ocrx_word' id='word_1_70' title='bbox 619 559 702 586; x_wconf 84' lang='lat' dir='ltr'><strong>etiam</strong></span> <span class='ocrx_word' id='word_1_71' title='bbox 719 559 838 586; x_wconf 85' lang='lat' dir='ltr'><strong>moriens</strong></span> <span class='ocrx_word' id='word_1_72' title='bbox 859 564 1021 586; x_wconf 87' lang='lat' dir='ltr'><strong>testamento</strong></span> 
     </span>
    </p>
   </div>
   <div class='ocr_carea' id='block_1_12' title="bbox 233 604 1020 640">
    <p class='ocr_par' dir='ltr' id='par_1_12' title="bbox 233 604 1020 640">
     <span class='ocr_line' id='line_1_12' title="bbox 233 604 1020 640; baseline 0.001 -8"><span class='ocrx_word' id='word_1_73' title='bbox 233 604 355 632; x_wconf 68' lang='lat' dir='ltr'><strong>lrteredes</strong></span> <span class='ocrx_word' id='word_1_74' title='bbox 368 612 479 632; x_wconf 85' lang='lat' dir='ltr'><strong>suarum</strong></span> <span class='ocrx_word' id='word_1_75' title='bbox 492 604 652 632; x_wconf 73' lang='lat' dir='ltr'><strong>facultatum</strong></span> <span class='ocrx_word' id='word_1_76' title='bbox 664 604 783 640; x_wconf 83' lang='lat' dir='ltr'><strong>reliquit,</strong></span> <span class='ocrx_word' id='word_1_77' title='bbox 798 607 915 633; x_wconf 78' lang='lat' dir='ltr'><strong>maxime</strong></span> <span class='ocrx_word' id='word_1_78' title='bbox 926 614 1020 633; x_wconf 89' lang='lat' dir='ltr'><strong>earnm</strong></span> 
     </span>
    </p>
   </div>
   <div class='ocr_carea' id='block_1_13' title="bbox 232 650 1021 686">
    <p class='ocr_par' dir='ltr' id='par_1_13' title="bbox 232 650 1021 686">
     <span class='ocr_line' id='line_1_13' title="bbox 232 650 1021 686; baseline 0.003 -10"><span class='ocrx_word' id='word_1_79' title='bbox 232 657 292 684; x_wconf 69' lang='lat' dir='ltr'><strong>qua:</strong></span> <span class='ocrx_word' id='word_1_80' title='bbox 307 657 339 677; x_wconf 87' lang='lat' dir='ltr'><strong>ex</strong></span> <span class='ocrx_word' id='word_1_81' title='bbox 366 650 467 677; x_wconf 87' lang='lat' dir='ltr'><strong>Christi</strong></span> <span class='ocrx_word' id='word_1_82' title='bbox 492 650 657 685; x_wconf 90' lang='lat' dir='ltr'><strong>patrimonio</strong></span> <span class='ocrx_word' id='word_1_83' title='bbox 674 651 698 678; x_wconf 87' lang='lat' dir='ltr'><strong>ei</strong></span> <span class='ocrx_word' id='word_1_84' title='bbox 723 655 891 686; x_wconf 85' lang='lat' dir='ltr'><strong>supererant,</strong></span> <span class='ocrx_word' id='word_1_85' title='bbox 910 651 1021 678; x_wconf 87' lang='lat' dir='ltr'><strong>sacrile-</strong></span> 
     </span>
    </p>
   </div>
   <div class='ocr_carea' id='block_1_14' title="bbox 233 696 1018 730">
    <p class='ocr_par' dir='ltr' id='par_1_14' title="bbox 233 696 1018 730">
     <span class='ocr_line' id='line_1_14' title="bbox 233 696 1018 730; baseline 0.004 -9"><span class='ocrx_word' id='word_1_86' title='bbox 233 696 306 729; x_wconf 69' lang='lat' dir='ltr'><strong>gium</strong></span> <span class='ocrx_word' id='word_1_87' title='bbox 335 696 468 730; x_wconf 91' lang='lat' dir='ltr'><strong>quoddam</strong></span> <span class='ocrx_word' id='word_1_88' title='bbox 497 696 644 724; x_wconf 76' lang='lat' dir='ltr'><strong>arbitratus</strong></span> <span class='ocrx_word' id='word_1_89' title='bbox 670 697 693 724; x_wconf 78' lang='lat' dir='ltr'><strong>si</strong></span> <span class='ocrx_word' id='word_1_90' title='bbox 718 697 770 724; x_wconf 81' lang='lat' dir='ltr'><strong>alio</strong></span> <span class='ocrx_word' id='word_1_91' title='bbox 798 696 1018 724; x_wconf 79' lang='lat' dir='ltr'><strong>transferrentur.</strong></span> 
     </span>
    </p>
   </div>
   <div class='ocr_carea' id='block_1_15' title="bbox 233 740 1021 773">
    <p class='ocr_par' dir='ltr' id='par_1_15' title="bbox 233 740 1021 773">
     <span class='ocr_line' id='line_1_15' title="bbox 233 740 1021 773; baseline 0.003 -6"><span class='ocrx_word' id='word_1_92' title='bbox 233 740 297 773; x_wconf 87' lang='lat' dir='ltr'><strong>Ejus</strong></span> <span class='ocrx_word' id='word_1_93' title='bbox 308 748 400 768; x_wconf 90' lang='lat' dir='ltr'><strong>mensa</strong></span> <span class='ocrx_word' id='word_1_94' title='bbox 415 743 474 768; x_wconf 65' lang='lat' dir='ltr'><strong>taeta</strong></span> <span class='ocrx_word' id='word_1_95' title='bbox 499 746 526 768; x_wconf 90' lang='lat' dir='ltr'><strong>et</strong></span> <span class='ocrx_word' id='word_1_96' title='bbox 541 741 612 768; x_wconf 85' lang='lat' dir='ltr'><strong>lauta</strong></span> <span class='ocrx_word' id='word_1_97' title='bbox 628 749 634 768; x_wconf 87' lang='lat'><strong>:</strong></span> <span class='ocrx_word' id='word_1_98' title='bbox 651 742 698 769; x_wconf 88' lang='lat' dir='ltr'><strong>sed</strong></span> <span class='ocrx_word' id='word_1_99' title='bbox 713 750 746 769; x_wconf 90' lang='lat' dir='ltr'><strong>eo</strong></span> <span class='ocrx_word' id='word_1_100' title='bbox 766 742 853 769; x_wconf 71' lang='lat' dir='ltr'><strong>Imtior</strong></span> <span class='ocrx_word' id='word_1_101' title='bbox 868 750 899 768; x_wconf 90' lang='lat' dir='ltr'><strong>ac</strong></span> <span class='ocrx_word' id='word_1_102' title='bbox 923 742 1021 769; x_wconf 84' lang='lat' dir='ltr'><strong>lautior</strong></span> 
     </span>
    </p>
   </div>
   <div class='ocr_carea' id='block_1_16' title="bbox 233 785 1021 821">
    <p class='ocr_par' dir='ltr' id='par_1_16' title="bbox 233 785 1021 821">
     <span class='ocr_line' id='line_1_16' title="bbox 233 785 1021 821; baseline 0.004 -10"><span class='ocrx_word' id='word_1_103' title='bbox 233 793 286 819; x_wconf 85' lang='lat' dir='ltr'><strong>quo</strong></span> <span class='ocrx_word' id='word_1_104' title='bbox 305 785 471 819; x_wconf 83' lang='lat' dir='ltr'><strong>spiritalibus</strong></span> <span class='ocrx_word' id='word_1_105' title='bbox 487 785 584 820; x_wconf 90' lang='lat' dir='ltr'><strong>epulis,</strong></span> <span class='ocrx_word' id='word_1_106' title='bbox 596 787 716 812; x_wconf 90' lang='lat' dir='ltr'><strong>animum</strong></span> <span class='ocrx_word' id='word_1_107' title='bbox 728 787 813 821; x_wconf 72' lang='lat' dir='ltr'><strong>magis</strong></span> <span class='ocrx_word' id='word_1_108' title='bbox 828 794 907 820; x_wconf 88' lang='lat' dir='ltr'><strong>quam</strong></span> <span class='ocrx_word' id='word_1_109' title='bbox 923 794 1021 820; x_wconf 79' lang='lat' dir='ltr'><strong>corpus</strong></span> 
     </span>
    </p>
   </div>
   <div class='ocr_carea' id='block_1_17' title="bbox 234 832 1020 867">
    <p class='ocr_par' dir='ltr' id='par_1_17' title="bbox 234 832 1020 867">
     <span class='ocr_line' id='line_1_17' title="bbox 234 832 1020 867; baseline 0.001 -9"><span class='ocrx_word' id='word_1_110' title='bbox 234 832 419 859; x_wconf 75' lang='lat' dir='ltr'><strong>relirientibus</strong></span> <span class='ocrx_word' id='word_1_111' title='bbox 432 839 464 859; x_wconf 89' lang='lat' dir='ltr'><strong>ac</strong></span> <span class='ocrx_word' id='word_1_112' title='bbox 476 832 662 866; x_wconf 77' lang='lat' dir='ltr'><strong>saginanlibus</strong></span> <span class='ocrx_word' id='word_1_113' title='bbox 686 838 746 859; x_wconf 87' lang='lat' dir='ltr'><strong>erat</strong></span> <span class='ocrx_word' id='word_1_114' title='bbox 761 833 928 860; x_wconf 80' lang='lat' dir='ltr'><strong>instructior.</strong></span> <span class='ocrx_word' id='word_1_115' title='bbox 941 832 1020 867; x_wconf 82' lang='lat' dir='ltr'><strong>Sym-</strong></span> 
     </span>
    </p>
   </div>
   <div class='ocr_carea' id='block_1_18' title="bbox 234 878 1020 912">
    <p class='ocr_par' dir='ltr' id='par_1_18' title="bbox 234 878 1020 912">
     <span class='ocr_line' id='line_1_18' title="bbox 234 878 1020 912; baseline 0 -8"><span class='ocrx_word' id='word_1_116' title='bbox 234 878 308 912; x_wconf 85' lang='lat' dir='ltr'><strong>posia</strong></span> <span class='ocrx_word' id='word_1_117' title='bbox 337 878 394 911; x_wconf 84' lang='lat' dir='ltr'><strong>ejus</strong></span> <span class='ocrx_word' id='word_1_118' title='bbox 421 878 570 906; x_wconf 89' lang='lat' dir='ltr'><strong>Platonicis</strong></span> <span class='ocrx_word' id='word_1_119' title='bbox 595 882 670 905; x_wconf 89' lang='lat' dir='ltr'><strong>tanto</strong></span> <span class='ocrx_word' id='word_1_120' title='bbox 697 879 903 912; x_wconf 71' lang='lat' dir='ltr'><strong>praestantiora,</strong></span> <span class='ocrx_word' id='word_1_121' title='bbox 919 883 1020 912; x_wconf 90' lang='lat' dir='ltr'><strong>quanto</strong></span> 
     </span>
    </p>
   </div>
   <div class='ocr_carea' id='block_1_19' title="bbox 235 923 1021 958">
    <p class='ocr_par' dir='ltr' id='par_1_19' title="bbox 235 923 1021 958">
     <span class='ocr_line' id='line_1_19' title="bbox 235 923 1021 958; baseline 0 -8"><span class='ocrx_word' id='word_1_122' title='bbox 235 924 378 958; x_wconf 80' lang='lat' dir='ltr'><strong>theologia,</strong></span> <span class='ocrx_word' id='word_1_123' title='bbox 393 928 421 951; x_wconf 89' lang='lat' dir='ltr'><strong>et</strong></span> <span class='ocrx_word' id='word_1_124' title='bbox 435 923 589 951; x_wconf 87' lang='lat' dir='ltr'><strong>Christiana</strong></span> <span class='ocrx_word' id='word_1_125' title='bbox 604 923 772 957; x_wconf 75' lang='lat' dir='ltr'><strong>philosophia</strong></span> <span class='ocrx_word' id='word_1_126' title='bbox 785 923 847 958; x_wconf 86' lang='lat' dir='ltr'><strong>(qua</strong></span> <span class='ocrx_word' id='word_1_127' title='bbox 860 925 943 958; x_wconf 86' lang='lat' dir='ltr'><strong>dapes</strong></span> <span class='ocrx_word' id='word_1_128' title='bbox 957 931 1021 951; x_wconf 88' lang='lat' dir='ltr'><strong>suas</strong></span> 
     </span>
    </p>
   </div>
   <div class='ocr_carea' id='block_1_20' title="bbox 234 969 1020 1004">
    <p class='ocr_par' dir='ltr' id='par_1_20' title="bbox 234 969 1020 1004">
     <span class='ocr_line' id='line_1_20' title="bbox 234 969 1020 1004; baseline 0 -8"><span class='ocrx_word' id='word_1_129' title='bbox 234 971 347 997; x_wconf 85' lang='lat' dir='ltr'><strong>condire</strong></span> <span class='ocrx_word' id='word_1_130' title='bbox 360 975 387 997; x_wconf 91' lang='lat' dir='ltr'><strong>et</strong></span> <span class='ocrx_word' id='word_1_131' title='bbox 400 977 546 1004; x_wconf 77' lang='lat' dir='ltr'><strong>aspergere</strong></span> <span class='ocrx_word' id='word_1_132' title='bbox 559 970 673 1004; x_wconf 70' lang='lat' dir='ltr'><strong>solebat)</strong></span> <span class='ocrx_word' id='word_1_133' title='bbox 692 969 859 996; x_wconf 74' lang='lat' dir='ltr'><strong>Platonicam</strong></span> <span class='ocrx_word' id='word_1_134' title='bbox 875 970 1020 997; x_wconf 84' lang='lat' dir='ltr'><strong>antecellit.</strong></span> 
     </span>
    </p>
   </div>
   <div class='ocr_carea' id='block_1_21' title="bbox 234 1015 1022 1051">
    <p class='ocr_par' dir='ltr' id='par_1_21' title="bbox 234 1015 1022 1051">
     <span class='ocr_line' id='line_1_21' title="bbox 234 1015 1022 1051; baseline 0.001 -9"><span class='ocrx_word' id='word_1_135' title='bbox 234 1015 310 1048; x_wconf 85' lang='lat' dir='ltr'><strong>Quod</strong></span> <span class='ocrx_word' id='word_1_136' title='bbox 325 1015 346 1042; x_wconf 86' lang='lat' dir='ltr'><strong>si</strong></span> <span class='ocrx_word' id='word_1_137' title='bbox 362 1016 425 1051; x_wconf 88' lang='lat' dir='ltr'><strong>quid</strong></span> <span class='ocrx_word' id='word_1_138' title='bbox 439 1017 464 1043; x_wconf 94' lang='lat' dir='ltr'><strong>in</strong></span> <span class='ocrx_word' id='word_1_139' title='bbox 479 1017 518 1043; x_wconf 85' lang='lat' dir='ltr'><strong>eis</strong></span> <span class='ocrx_word' id='word_1_140' title='bbox 539 1023 553 1043; x_wconf 85' lang='lat' dir='ltr'><strong>a</strong></span> <span class='ocrx_word' id='word_1_141' title='bbox 569 1016 670 1042; x_wconf 89' lang='lat' dir='ltr'><strong>virtute</strong></span> <span class='ocrx_word' id='word_1_142' title='bbox 690 1023 814 1043; x_wconf 86' lang='lat' dir='ltr'><strong>aversum</strong></span> <span class='ocrx_word' id='word_1_143' title='bbox 833 1015 976 1050; x_wconf 78' lang='lat' dir='ltr'><strong>aliquibus,</strong></span> <span class='ocrx_word' id='word_1_144' title='bbox 994 1021 1022 1043; x_wconf 88' lang='lat' dir='ltr'><strong>ut</strong></span> 
     </span>
    </p>
   </div>
   <div class='ocr_carea' id='block_1_22' title="bbox 234 1061 1021 1097">
    <p class='ocr_par' dir='ltr' id='par_1_22' title="bbox 234 1061 1021 1097">
     <span class='ocr_line' id='line_1_22' title="bbox 234 1061 1021 1097; baseline 0 -9"><span class='ocrx_word' id='word_1_145' title='bbox 234 1062 372 1089; x_wconf 84' lang='lat' dir='ltr'><strong>nobilibus</strong></span> <span class='ocrx_word' id='word_1_146' title='bbox 387 1067 414 1089; x_wconf 88' lang='lat' dir='ltr'><strong>et</strong></span> <span class='ocrx_word' id='word_1_147' title='bbox 430 1070 504 1088; x_wconf 86' lang='lat' dir='ltr'><strong>arma</strong></span> <span class='ocrx_word' id='word_1_148' title='bbox 519 1062 707 1097; x_wconf 84' lang='lat' dir='ltr'><strong>profitentibus</strong></span> <span class='ocrx_word' id='word_1_149' title='bbox 723 1061 832 1096; x_wconf 88' lang='lat' dir='ltr'><strong>(quibus</strong></span> <span class='ocrx_word' id='word_1_150' title='bbox 848 1069 919 1096; x_wconf 65' lang='lat' dir='ltr'><strong>saepe</strong></span> <span class='ocrx_word' id='word_1_151' title='bbox 934 1062 1021 1089; x_wconf 91' lang='lat' dir='ltr'><strong>minus</strong></span> 
     </span>
    </p>
   </div>
   <div class='ocr_carea' id='block_1_23' title="bbox 234 1106 1020 1142">
    <p class='ocr_par' dir='ltr' id='par_1_23' title="bbox 234 1106 1020 1142">
     <span class='ocr_line' id='line_1_23' title="bbox 234 1106 1020 1142; baseline 0.003 -10"><span class='ocrx_word' id='word_1_152' title='bbox 234 1111 275 1133; x_wconf 83' lang='lat' dir='ltr'><strong>est</strong></span> <span class='ocrx_word' id='word_1_153' title='bbox 286 1113 358 1133; x_wconf 64' lang='lat' dir='ltr'><strong>curre</strong></span> <span class='ocrx_word' id='word_1_154' title='bbox 374 1107 460 1140; x_wconf 88' lang='lat' dir='ltr'><strong>pictas</strong></span> <span class='ocrx_word' id='word_1_155' title='bbox 483 1110 510 1134; x_wconf 91' lang='lat' dir='ltr'><strong>et</strong></span> <span class='ocrx_word' id='word_1_156' title='bbox 529 1107 682 1134; x_wconf 85' lang='lat' dir='ltr'><strong>Christiana</strong></span> <span class='ocrx_word' id='word_1_157' title='bbox 707 1106 800 1141; x_wconf 79' lang='lat' dir='ltr'><strong>religio</strong></span> <span class='ocrx_word' id='word_1_158' title='bbox 811 1127 818 1138; x_wconf 91' lang='lat'><strong>,</strong></span> <span class='ocrx_word' id='word_1_159' title='bbox 838 1112 866 1133; x_wconf 91' lang='lat' dir='ltr'><strong>et</strong></span> <span class='ocrx_word' id='word_1_160' title='bbox 881 1114 896 1133; x_wconf 90' lang='lat' dir='ltr'><strong>a</strong></span> <span class='ocrx_word' id='word_1_161' title='bbox 912 1107 1020 1142; x_wconf 89' lang='lat' dir='ltr'><strong>quibus,</strong></span> 
     </span>
    </p>
   </div>
   <div class='ocr_carea' id='block_1_24' title="bbox 235 1151 1022 1186">
    <p class='ocr_par' dir='ltr' id='par_1_24' title="bbox 235 1151 1022 1186">
     <span class='ocr_line' id='line_1_24' title="bbox 235 1151 1022 1186; baseline 0.003 -9"><span class='ocrx_word' id='word_1_162' title='bbox 235 1155 265 1177; x_wconf 91' lang='lat' dir='ltr'><strong>ut</strong></span> <span class='ocrx_word' id='word_1_163' title='bbox 280 1151 454 1178; x_wconf 81' lang='lat' dir='ltr'><strong>nobilissimis</strong></span> <span class='ocrx_word' id='word_1_164' title='bbox 471 1156 498 1178; x_wconf 89' lang='lat' dir='ltr'><strong>et</strong></span> <span class='ocrx_word' id='word_1_165' title='bbox 521 1151 681 1179; x_wconf 87' lang='lat' dir='ltr'><strong>clarissimis</strong></span> <span class='ocrx_word' id='word_1_166' title='bbox 704 1151 862 1186; x_wconf 88' lang='lat' dir='ltr'><strong>parentibus</strong></span> <span class='ocrx_word' id='word_1_167' title='bbox 876 1157 962 1184; x_wconf 88' lang='lat' dir='ltr'><strong>ortus,</strong></span> <span class='ocrx_word' id='word_1_168' title='bbox 979 1153 1022 1179; x_wconf 94' lang='lat' dir='ltr'><strong>in-</strong></span> 
     </span>
    </p>
   </div>
   <div class='ocr_carea' id='block_1_25' title="bbox 233 1196 1020 1231">
    <p class='ocr_par' dir='ltr' id='par_1_25' title="bbox 233 1196 1020 1231">
     <span class='ocr_line' id='line_1_25' title="bbox 233 1196 1020 1231; baseline 0.001 -8"><span class='ocrx_word' id='word_1_169' title='bbox 233 1196 383 1231; x_wconf 86' lang='lat' dir='ltr'><strong>visebatur)</strong></span> <span class='ocrx_word' id='word_1_170' title='bbox 397 1197 543 1227; x_wconf 86' lang='lat' dir='ltr'><strong>excideret.</strong></span> <span class='ocrx_word' id='word_1_171' title='bbox 559 1204 621 1223; x_wconf 89' lang='lat' dir='ltr'><strong>nrox</strong></span> <span class='ocrx_word' id='word_1_172' title='bbox 639 1204 685 1224; x_wconf 88' lang='lat' dir='ltr'><strong>eos</strong></span> <span class='ocrx_word' id='word_1_173' title='bbox 698 1197 734 1224; x_wconf 88' lang='lat' dir='ltr'><strong>ita</strong></span> <span class='ocrx_word' id='word_1_174' title='bbox 749 1198 835 1224; x_wconf 83' lang='lat' dir='ltr'><strong>amice</strong></span> <span class='ocrx_word' id='word_1_175' title='bbox 849 1198 1020 1231; x_wconf 83' lang='lat' dir='ltr'><strong>corripiebat,</strong></span> 
     </span>
    </p>
   </div>
   <div class='ocr_carea' id='block_1_26' title="bbox 234 1242 1021 1277">
    <p class='ocr_par' dir='ltr' id='par_1_26' title="bbox 234 1242 1021 1277">
     <span class='ocr_line' id='line_1_26' title="bbox 234 1242 1021 1277; baseline 0 -8"><span class='ocrx_word' id='word_1_176' title='bbox 234 1247 361 1277; x_wconf 87' lang='lat' dir='ltr'><strong>tantaque</strong></span> <span class='ocrx_word' id='word_1_177' title='bbox 374 1251 436 1269; x_wconf 89' lang='lat' dir='ltr'><strong>ctrru</strong></span> <span class='ocrx_word' id='word_1_178' title='bbox 453 1247 595 1269; x_wconf 89' lang='lat' dir='ltr'><strong>venustate</strong></span> <span class='ocrx_word' id='word_1_179' title='bbox 604 1247 631 1269; x_wconf 90' lang='lat' dir='ltr'><strong>et</strong></span> <span class='ocrx_word' id='word_1_180' title='bbox 646 1242 714 1277; x_wconf 75' lang='lat' dir='ltr'><strong>sale,</strong></span> <span class='ocrx_word' id='word_1_181' title='bbox 724 1246 754 1269; x_wconf 93' lang='lat' dir='ltr'><strong>ut</strong></span> <span class='ocrx_word' id='word_1_182' title='bbox 768 1242 840 1277; x_wconf 89' lang='lat' dir='ltr'><strong>ipsos</strong></span> <span class='ocrx_word' id='word_1_183' title='bbox 850 1243 941 1270; x_wconf 84' lang='lat' dir='ltr'><strong>statim</strong></span> <span class='ocrx_word' id='word_1_184' title='bbox 957 1243 1021 1270; x_wconf 87' lang='lat' dir='ltr'><strong>dicti</strong></span> 
     </span>
    </p>
   </div>
   <div class='ocr_carea' id='block_1_27' title="bbox 233 1273 1021 1323">
    <p class='ocr_par' dir='ltr' id='par_1_27' title="bbox 233 1273 1021 1323">
     <span class='ocr_line' id='line_1_27' title="bbox 233 1273 1021 1323; baseline 0 -8"><span class='ocrx_word' id='word_1_185' title='bbox 233 1293 280 1315; x_wconf 88' lang='lat' dir='ltr'><strong>aut</strong></span> <span class='ocrx_word' id='word_1_186' title='bbox 294 1288 357 1315; x_wconf 90' lang='lat' dir='ltr'><strong>facti</strong></span> <span class='ocrx_word' id='word_1_187' title='bbox 374 1288 529 1322; x_wconf 78' lang='lat' dir='ltr'><strong>paeniteret.</strong></span> <span class='ocrx_word' id='word_1_188' title='bbox 545 1287 630 1315; x_wconf 87' lang='lat' dir='ltr'><strong>Norat</strong></span> <span class='ocrx_word' id='word_1_189' title='bbox 647 1273 719 1315; x_wconf 62' lang='lat' dir='ltr'><strong>eni’m</strong></span> <span class='ocrx_word' id='word_1_190' title='bbox 741 1288 786 1316; x_wconf 88' lang='lat' dir='ltr'><strong>ille</strong></span> <span class='ocrx_word' id='word_1_191' title='bbox 807 1288 875 1316; x_wconf 87' lang='lat' dir='ltr'><strong>alter</strong></span> <span class='ocrx_word' id='word_1_192' title='bbox 887 1289 1021 1323; x_wconf 85' lang='lat' dir='ltr'><strong>evangeli-</strong></span> 
     </span>
    </p>
   </div>
   <div class='ocr_carea' id='block_1_28' title="bbox 233 1331 1021 1366">
    <p class='ocr_par' dir='ltr' id='par_1_28' title="bbox 233 1331 1021 1366">
     <span class='ocr_line' id='line_1_28' title="bbox 233 1331 1021 1366; baseline 0.003 -8"><span class='ocrx_word' id='word_1_193' title='bbox 233 1339 282 1359; x_wconf 89' lang='lat' dir='ltr'><strong>cus</strong></span> <span class='ocrx_word' id='word_1_194' title='bbox 296 1331 444 1359; x_wconf 77' lang='lat' dir='ltr'><strong>Samarites</strong></span> <span class='ocrx_word' id='word_1_195' title='bbox 457 1332 547 1359; x_wconf 88' lang='lat' dir='ltr'><strong>oleum</strong></span> <span class='ocrx_word' id='word_1_196' title='bbox 563 1332 693 1366; x_wconf 85' lang='lat' dir='ltr'><strong>lenitatis,</strong></span> <span class='ocrx_word' id='word_1_197' title='bbox 707 1337 735 1360; x_wconf 91' lang='lat' dir='ltr'><strong>et</strong></span> <span class='ocrx_word' id='word_1_198' title='bbox 750 1333 841 1360; x_wconf 89' lang='lat' dir='ltr'><strong>vinum</strong></span> <span class='ocrx_word' id='word_1_199' title='bbox 855 1334 1021 1361; x_wconf 83' lang='lat' dir='ltr'><strong>austeritatis</strong></span> 
     </span>
    </p>
   </div>
   <div class='ocr_carea' id='block_1_29' title="bbox 233 1376 1020 1414">
    <p class='ocr_par' dir='ltr' id='par_1_29' title="bbox 233 1376 1020 1414">
     <span class='ocr_line' id='line_1_29' title="bbox 233 1376 1020 1414; baseline 0.004 -11"><span class='ocrx_word' id='word_1_200' title='bbox 233 1376 270 1404; x_wconf 79' lang='lat' dir='ltr'><strong>ita</strong></span> <span class='ocrx_word' id='word_1_201' title='bbox 283 1377 395 1405; x_wconf 86' lang='lat' dir='ltr'><strong>miscere</strong></span> <span class='ocrx_word' id='word_1_202' title='bbox 407 1382 434 1404; x_wconf 93' lang='lat' dir='ltr'><strong>ct</strong></span> <span class='ocrx_word' id='word_1_203' title='bbox 449 1382 610 1412; x_wconf 86' lang='lat' dir='ltr'><strong>temperare,</strong></span> <span class='ocrx_word' id='word_1_204' title='bbox 625 1385 657 1406; x_wconf 91' lang='lat' dir='ltr'><strong>ac</strong></span> <span class='ocrx_word' id='word_1_205' title='bbox 677 1379 834 1406; x_wconf 81' lang='lat' dir='ltr'><strong>vulneribus</strong></span> <span class='ocrx_word' id='word_1_206' title='bbox 849 1384 1020 1414; x_wconf 82' lang='lat' dir='ltr'><strong>peccatorum</strong></span> 
     </span>
    </p>
   </div>
   <div class='ocr_carea' id='block_1_30' title="bbox 234 1423 1019 1456">
    <p class='ocr_par' dir='ltr' id='par_1_30' title="bbox 234 1423 1019 1456">
     <span class='ocr_line' id='line_1_30' title="bbox 234 1423 1019 1456; baseline 0.005 -7"><span class='ocrx_word' id='word_1_207' title='bbox 234 1423 385 1456; x_wconf 77' lang='lat' dir='ltr'><strong>infundere,</strong></span> <span class='ocrx_word' id='word_1_208' title='bbox 401 1427 431 1450; x_wconf 89' lang='lat' dir='ltr'><strong>ut</strong></span> <span class='ocrx_word' id='word_1_209' title='bbox 446 1423 500 1450; x_wconf 89' lang='lat' dir='ltr'><strong>illis</strong></span> <span class='ocrx_word' id='word_1_210' title='bbox 515 1423 596 1451; x_wconf 79' lang='lat' dir='ltr'><strong>facile</strong></span> <span class='ocrx_word' id='word_1_211' title='bbox 622 1431 654 1451; x_wconf 88' lang='lat' dir='ltr'><strong>ac</strong></span> <span class='ocrx_word' id='word_1_212' title='bbox 678 1425 737 1451; x_wconf 88' lang='lat' dir='ltr'><strong>sine</strong></span> <span class='ocrx_word' id='word_1_213' title='bbox 750 1424 842 1451; x_wconf 90' lang='lat' dir='ltr'><strong>dolore</strong></span> <span class='ocrx_word' id='word_1_214' title='bbox 856 1426 1019 1453; x_wconf 80' lang='lat' dir='ltr'><strong>mederetur.</strong></span> 
     </span>
    </p>
   </div>
   <div class='ocr_carea' id='block_1_31' title="bbox 233 1467 1021 1504">
    <p class='ocr_par' dir='ltr' id='par_1_31' title="bbox 233 1467 1021 1504">
     <span class='ocr_line' id='line_1_31' title="bbox 233 1467 1021 1504; baseline 0.004 -10"><span class='ocrx_word' id='word_1_215' title='bbox 233 1467 322 1500; x_wconf 78' lang='lat' dir='ltr'><strong>Quare</strong></span> <span class='ocrx_word' id='word_1_216' title='bbox 337 1468 369 1494; x_wconf 87' lang='lat' dir='ltr'><strong>ad</strong></span> <span class='ocrx_word' id='word_1_217' title='bbox 384 1476 445 1495; x_wconf 88' lang='lat' dir='ltr'><strong>eum</strong></span> <span class='ocrx_word' id='word_1_218' title='bbox 459 1473 552 1503; x_wconf 87' lang='lat' dir='ltr'><strong>postea</strong></span> <span class='ocrx_word' id='word_1_219' title='bbox 570 1469 697 1497; x_wconf 87' lang='lat' dir='ltr'><strong>meliores</strong></span> <span class='ocrx_word' id='word_1_220' title='bbox 712 1469 846 1503; x_wconf 88' lang='lat' dir='ltr'><strong>redibant,</strong></span> <span class='ocrx_word' id='word_1_221' title='bbox 864 1474 892 1497; x_wconf 89' lang='lat' dir='ltr'><strong>et</strong></span> <span class='ocrx_word' id='word_1_222' title='bbox 906 1471 939 1497; x_wconf 88' lang='lat' dir='ltr'><strong>ab</strong></span> <span class='ocrx_word' id='word_1_223' title='bbox 950 1470 1021 1504; x_wconf 83' lang='lat' dir='ltr'><strong>ejus-</strong></span> 
     </span>
    </p>
   </div>
   <div class='ocr_carea' id='block_1_32' title="bbox 233 1513 498 1541">
    <p class='ocr_par' dir='ltr' id='par_1_32' title="bbox 233 1513 498 1541">
     <span class='ocr_line' id='line_1_32' title="bbox 233 1513 498 1541; baseline 0 -1"><span class='ocrx_word' id='word_1_224' title='bbox 233 1513 305 1540; x_wconf 86' lang='lat' dir='ltr'><strong>modi</strong></span> <span class='ocrx_word' id='word_1_225' title='bbox 317 1513 498 1541; x_wconf 85' lang='lat' dir='ltr'><strong>abstinebant.</strong></span> 
     </span>
    </p>
   </div>
   <div class='ocr_carea' id='block_1_33' title="bbox 267 1558 1019 1589">
    <p class='ocr_par' dir='ltr' id='par_1_33' title="bbox 267 1558 1019 1589">
     <span class='ocr_line' id='line_1_33' title="bbox 267 1558 1019 1589; baseline 0.005 -5"><span class='ocrx_word' id='word_1_226' title='bbox 267 1558 369 1586; x_wconf 86' lang='lat' dir='ltr'><strong>Amicis</strong></span> <span class='ocrx_word' id='word_1_227' title='bbox 395 1559 446 1586; x_wconf 92' lang='lat' dir='ltr'><strong>fuit</strong></span> <span class='ocrx_word' id='word_1_228' title='bbox 464 1559 647 1588; x_wconf 87' lang='lat' dir='ltr'><strong>amicissimus</strong></span> <span class='ocrx_word' id='word_1_229' title='bbox 674 1563 703 1588; x_wconf 89' lang='lat' dir='ltr'><strong>et</strong></span> <span class='ocrx_word' id='word_1_230' title='bbox 728 1560 950 1588; x_wconf 78' lang='lat' dir='ltr'><strong>ofﬁciosissimus.</strong></span> <span class='ocrx_word' id='word_1_231' title='bbox 979 1563 1019 1589; x_wconf 82' lang='lat' dir='ltr'><strong>Ad</strong></span> 
     </span>
    </p>
   </div>
   <div class='ocr_carea' id='block_1_34' title="bbox 1071 284 1854 318">
    <p class='ocr_par' dir='ltr' id='par_1_34' title="bbox 1071 284 1854 318">
     <span class='ocr_line' id='line_1_34' title="bbox 1071 284 1854 318; baseline -0.001 -4"><span class='ocrx_word' id='word_1_232' title='bbox 1071 287 1124 314; x_wconf 91' lang='lat' dir='ltr'><strong>mis</strong></span> <span class='ocrx_word' id='word_1_233' title='bbox 1153 286 1336 314; x_wconf 85' lang='lat' dir='ltr'><strong>cardinalibus</strong></span> <span class='ocrx_word' id='word_1_234' title='bbox 1362 285 1484 317; x_wconf 71' lang='lat' dir='ltr'><strong>Pelvmo,</strong></span> <span class='ocrx_word' id='word_1_235' title='bbox 1512 284 1620 317; x_wconf 78' lang='lat' dir='ltr'><strong>Sirlcto,</strong></span> <span class='ocrx_word' id='word_1_236' title='bbox 1646 285 1762 318; x_wconf 69' lang='lat' dir='ltr'><strong>Caram,</strong></span> <span class='ocrx_word' id='word_1_237' title='bbox 1786 285 1854 313; x_wconf 87' lang='lat' dir='ltr'><strong>Baro</strong></span> 
     </span>
    </p>
   </div>
   <div class='ocr_carea' id='block_1_35' title="bbox 1071 330 1855 364">
    <p class='ocr_par' dir='ltr' id='par_1_35' title="bbox 1071 330 1855 364">
     <span class='ocr_line' id='line_1_35' title="bbox 1071 330 1855 364; baseline -0.003 -5"><span class='ocrx_word' id='word_1_238' title='bbox 1071 333 1239 364; x_wconf 85' lang='lat' dir='ltr'><strong>subdatario,</strong></span> <span class='ocrx_word' id='word_1_239' title='bbox 1260 331 1381 358; x_wconf 85' lang='lat' dir='ltr'><strong>Gerardo</strong></span> <span class='ocrx_word' id='word_1_240' title='bbox 1399 331 1487 362; x_wconf 88' lang='lat' dir='ltr'><strong>Ursio,</strong></span> <span class='ocrx_word' id='word_1_241' title='bbox 1503 330 1618 362; x_wconf 81' lang='lat' dir='ltr'><strong>Morino,</strong></span> <span class='ocrx_word' id='word_1_242' title='bbox 1639 331 1752 364; x_wconf 75' lang='lat' dir='ltr'><strong>aliiSqtre</strong></span> <span class='ocrx_word' id='word_1_243' title='bbox 1765 331 1789 357; x_wconf 91' lang='lat' dir='ltr'><strong>ei</strong></span> <span class='ocrx_word' id='word_1_244' title='bbox 1809 337 1855 357; x_wconf 91' lang='lat' dir='ltr'><strong>no-</strong></span> 
     </span>
    </p>
   </div>
   <div class='ocr_carea' id='block_1_36' title="bbox 1070 376 1855 413">
    <p class='ocr_par' dir='ltr' id='par_1_36' title="bbox 1070 376 1855 413">
     <span class='ocr_line' id='line_1_36' title="bbox 1070 376 1855 413; baseline -0.003 -7"><span class='ocrx_word' id='word_1_245' title='bbox 1070 380 1142 406; x_wconf 91' lang='lat' dir='ltr'><strong>mine</strong></span> <span class='ocrx_word' id='word_1_246' title='bbox 1155 379 1264 413; x_wconf 88' lang='lat' dir='ltr'><strong>pietatis</strong></span> <span class='ocrx_word' id='word_1_247' title='bbox 1277 383 1303 404; x_wconf 91' lang='lat' dir='ltr'><strong>et</strong></span> <span class='ocrx_word' id='word_1_248' title='bbox 1324 378 1475 404; x_wconf 87' lang='lat' dir='ltr'><strong>litterarum</strong></span> <span class='ocrx_word' id='word_1_249' title='bbox 1499 376 1736 411; x_wconf 72' lang='lat' dir='ltr'><strong>coniunctissimis,</strong></span> <span class='ocrx_word' id='word_1_250' title='bbox 1750 384 1818 411; x_wconf 85' lang='lat' dir='ltr'><strong>quos</strong></span> <span class='ocrx_word' id='word_1_251' title='bbox 1828 379 1855 404; x_wconf 74' lang='lat' dir='ltr'><strong>et</strong></span> 
     </span>
    </p>
   </div>
   <div class='ocr_carea' id='block_1_37' title="bbox 1071 422 1855 460">
    <p class='ocr_par' dir='ltr' id='par_1_37' title="bbox 1071 422 1855 460">
     <span class='ocr_line' id='line_1_37' title="bbox 1071 422 1855 460; baseline -0.004 -8"><span class='ocrx_word' id='word_1_252' title='bbox 1071 426 1126 460; x_wconf 83' lang='lat' dir='ltr'><strong>ipse</strong></span> <span class='ocrx_word' id='word_1_253' title='bbox 1143 425 1251 459; x_wconf 86' lang='lat' dir='ltr'><strong>scriptis</strong></span> <span class='ocrx_word' id='word_1_254' title='bbox 1272 424 1328 451; x_wconf 86' lang='lat' dir='ltr'><strong>suis</strong></span> <span class='ocrx_word' id='word_1_255' title='bbox 1349 423 1508 456; x_wconf 87' lang='lat' dir='ltr'><strong>celebravit)</strong></span> <span class='ocrx_word' id='word_1_256' title='bbox 1530 422 1600 458; x_wconf 86' lang='lat' dir='ltr'><strong>typis</strong></span> <span class='ocrx_word' id='word_1_257' title='bbox 1622 422 1747 454; x_wconf 86' lang='lat' dir='ltr'><strong>mandat,</strong></span> <span class='ocrx_word' id='word_1_258' title='bbox 1763 427 1790 449; x_wconf 90' lang='lat' dir='ltr'><strong>et</strong></span> <span class='ocrx_word' id='word_1_259' title='bbox 1803 423 1855 449; x_wconf 82' lang='lat' dir='ltr'><strong>hoc</strong></span> 
     </span>
    </p>
   </div>
   <div class='ocr_carea' id='block_1_38' title="bbox 1070 466 1855 504">
    <p class='ocr_par' dir='ltr' id='par_1_38' title="bbox 1070 466 1855 504">
     <span class='ocr_line' id='line_1_38' title="bbox 1070 466 1855 504; baseline -0.005 -8"><span class='ocrx_word' id='word_1_260' title='bbox 1070 477 1136 504; x_wconf 89' lang='lat' dir='ltr'><strong>opus</strong></span> <span class='ocrx_word' id='word_1_261' title='bbox 1153 470 1187 496; x_wconf 92' lang='lat' dir='ltr'><strong>ob</strong></span> <span class='ocrx_word' id='word_1_262' title='bbox 1212 473 1380 504; x_wconf 81' lang='lat' dir='ltr'><strong>grassantem</strong></span> <span class='ocrx_word' id='word_1_263' title='bbox 1407 473 1510 502; x_wconf 86' lang='lat' dir='ltr'><strong>pestem</strong></span> <span class='ocrx_word' id='word_1_264' title='bbox 1537 467 1642 501; x_wconf 85' lang='lat' dir='ltr'><strong>pridem</strong></span> <span class='ocrx_word' id='word_1_265' title='bbox 1672 466 1855 493; x_wconf 89' lang='lat' dir='ltr'><strong>intermissum</strong></span> 
     </span>
    </p>
   </div>
   <div class='ocr_carea' id='block_1_39' title="bbox 1071 511 1855 549">
    <p class='ocr_par' dir='ltr' id='par_1_39' title="bbox 1071 511 1855 549">
     <span class='ocr_line' id='line_1_39' title="bbox 1071 511 1855 549; baseline -0.005 -8"><span class='ocrx_word' id='word_1_266' title='bbox 1071 520 1158 549; x_wconf 76' lang='lat' dir='ltr'><strong>urget,</strong></span> <span class='ocrx_word' id='word_1_267' title='bbox 1175 515 1325 541; x_wconf 88' lang='lat' dir='ltr'><strong>renascitur</strong></span> <span class='ocrx_word' id='word_1_268' title='bbox 1339 513 1391 540; x_wconf 88' lang='lat' dir='ltr'><strong>alvi</strong></span> <span class='ocrx_word' id='word_1_269' title='bbox 1416 512 1588 547; x_wconf 82' lang='lat' dir='ltr'><strong>proﬂuvium,</strong></span> <span class='ocrx_word' id='word_1_270' title='bbox 1603 511 1672 546; x_wconf 93' lang='lat' dir='ltr'><strong>quod</strong></span> <span class='ocrx_word' id='word_1_271' title='bbox 1693 519 1755 538; x_wconf 91' lang='lat' dir='ltr'><strong>mox</strong></span> <span class='ocrx_word' id='word_1_272' title='bbox 1770 511 1855 538; x_wconf 59' lang='lat' dir='ltr'><strong>comi«</strong></span> 
     </span>
    </p>
   </div>
   <div class='ocr_carea' id='block_1_40' title="bbox 1071 557 1856 595">
    <p class='ocr_par' dir='ltr' id='par_1_40' title="bbox 1071 557 1856 595">
     <span class='ocr_line' id='line_1_40' title="bbox 1071 557 1856 595; baseline -0.004 -8"><span class='ocrx_word' id='word_1_273' title='bbox 1071 567 1162 587; x_wconf 86' lang='lat' dir='ltr'><strong>tantur</strong></span> <span class='ocrx_word' id='word_1_274' title='bbox 1186 560 1290 595; x_wconf 81' lang='lat' dir='ltr'><strong>paratis</strong></span> <span class='ocrx_word' id='word_1_275' title='bbox 1316 565 1344 586; x_wconf 90' lang='lat' dir='ltr'><strong>et</strong></span> <span class='ocrx_word' id='word_1_276' title='bbox 1363 558 1506 586; x_wconf 91' lang='lat' dir='ltr'><strong>catarrhus</strong></span> <span class='ocrx_word' id='word_1_277' title='bbox 1531 557 1648 585; x_wconf 85' lang='lat' dir='ltr'><strong>ubertim</strong></span> <span class='ocrx_word' id='word_1_278' title='bbox 1667 558 1694 584; x_wconf 90' lang='lat' dir='ltr'><strong>in</strong></span> <span class='ocrx_word' id='word_1_279' title='bbox 1714 557 1856 592; x_wconf 87' lang='lat' dir='ltr'><strong>pulmones</strong></span> 
     </span>
    </p>
   </div>
   <div class='ocr_carea' id='block_1_41' title="bbox 1071 602 1854 639">
    <p class='ocr_par' dir='ltr' id='par_1_41' title="bbox 1071 602 1854 639">
     <span class='ocr_line' id='line_1_41' title="bbox 1071 602 1854 639; baseline -0.005 -6"><span class='ocrx_word' id='word_1_280' title='bbox 1071 607 1189 634; x_wconf 82' lang='lat' dir='ltr'><strong>deﬂuens</strong></span> <span class='ocrx_word' id='word_1_281' title='bbox 1203 614 1211 632; x_wconf 85' lang='lat'><strong>:</strong></span> <span class='ocrx_word' id='word_1_282' title='bbox 1225 605 1324 639; x_wconf 89' lang='lat' dir='ltr'><strong>phthisi</strong></span> <span class='ocrx_word' id='word_1_283' title='bbox 1349 605 1449 639; x_wconf 86' lang='lat' dir='ltr'><strong>quippe</strong></span> <span class='ocrx_word' id='word_1_284' title='bbox 1471 603 1584 630; x_wconf 89' lang='lat' dir='ltr'><strong>interiit.</strong></span> <span class='ocrx_word' id='word_1_285' title='bbox 1615 602 1741 630; x_wconf 85' lang='lat' dir='ltr'><strong>Serttiens</strong></span> <span class='ocrx_word' id='word_1_286' title='bbox 1765 608 1854 629; x_wconf 89' lang='lat' dir='ltr'><strong>autem</strong></span> 
     </span>
    </p>
   </div>
   <div class='ocr_carea' id='block_1_42' title="bbox 1071 648 1856 687">
    <p class='ocr_par' dir='ltr' id='par_1_42' title="bbox 1071 648 1856 687">
     <span class='ocr_line' id='line_1_42' title="bbox 1071 648 1856 687; baseline -0.006 -8"><span class='ocrx_word' id='word_1_287' title='bbox 1071 653 1257 687; x_wconf 80' lang='lat' dir='ltr'><strong>ingravescere</strong></span> <span class='ocrx_word' id='word_1_288' title='bbox 1274 651 1397 678; x_wconf 88' lang='lat' dir='ltr'><strong>morbum</strong></span> <span class='ocrx_word' id='word_1_289' title='bbox 1410 650 1513 684; x_wconf 83' lang='lat' dir='ltr'><strong>aliquot</strong></span> <span class='ocrx_word' id='word_1_290' title='bbox 1523 654 1586 675; x_wconf 85' lang='lat' dir='ltr'><strong>ante</strong></span> <span class='ocrx_word' id='word_1_291' title='bbox 1598 648 1655 676; x_wconf 85' lang='lat' dir='ltr'><strong>dies</strong></span> <span class='ocrx_word' id='word_1_292' title='bbox 1668 655 1749 683; x_wconf 90' lang='lat' dir='ltr'><strong>quam</strong></span> <span class='ocrx_word' id='word_1_293' title='bbox 1766 653 1856 675; x_wconf 87' lang='lat' dir='ltr'><strong>extre-</strong></span> 
     </span>
    </p>
   </div>
   <div class='ocr_carea' id='block_1_43' title="bbox 1071 693 1854 728">
    <p class='ocr_par' dir='ltr' id='par_1_43' title="bbox 1071 693 1854 728">
     <span class='ocr_line' id='line_1_43' title="bbox 1071 693 1854 728; baseline -0.005 -4"><span class='ocrx_word' id='word_1_294' title='bbox 1071 705 1144 724; x_wconf 83' lang='lat' dir='ltr'><strong>mum</strong></span> <span class='ocrx_word' id='word_1_295' title='bbox 1172 697 1320 728; x_wconf 85' lang='lat' dir='ltr'><strong>clauderet,</strong></span> <span class='ocrx_word' id='word_1_296' title='bbox 1346 695 1423 728; x_wconf 87' lang='lat' dir='ltr'><strong>quasi</strong></span> <span class='ocrx_word' id='word_1_297' title='bbox 1447 703 1509 722; x_wconf 90' lang='lat' dir='ltr'><strong>cum</strong></span> <span class='ocrx_word' id='word_1_298' title='bbox 1538 694 1653 721; x_wconf 85' lang='lat' dir='ltr'><strong>Ezechia</strong></span> <span class='ocrx_word' id='word_1_299' title='bbox 1679 694 1798 720; x_wconf 87' lang='lat' dir='ltr'><strong>audisset</strong></span> <span class='ocrx_word' id='word_1_300' title='bbox 1819 693 1854 720; x_wconf 87' lang='lat' dir='ltr'><strong>ab</strong></span> 
     </span>
    </p>
   </div>
   <div class='ocr_carea' id='block_1_44' title="bbox 1070 739 1855 776">
    <p class='ocr_par' dir='ltr' id='par_1_44' title="bbox 1070 739 1855 776">
     <span class='ocr_line' id='line_1_44' title="bbox 1070 739 1855 776; baseline -0.005 -7"><span class='ocrx_word' id='word_1_301' title='bbox 1070 743 1137 770; x_wconf 88' lang='lat' dir='ltr'><strong>Isaia</strong></span> <span class='ocrx_word' id='word_1_302' title='bbox 1151 750 1158 769; x_wconf 87' lang='lat'><strong>:</strong></span> <span class='ocrx_word' id='word_1_303' title='bbox 1172 742 1286 776; x_wconf 78' lang='lat' dir='ltr'><strong>Diapone</strong></span> <span class='ocrx_word' id='word_1_304' title='bbox 1302 741 1391 768; x_wconf 84' lang='lat' dir='ltr'><strong>domui</strong></span> <span class='ocrx_word' id='word_1_305' title='bbox 1403 746 1463 771; x_wconf 74' lang='lat' dir='ltr'><strong>tum,</strong></span> <span class='ocrx_word' id='word_1_306' title='bbox 1479 748 1538 766; x_wconf 78' lang='lat' dir='ltr'><strong>cras</strong></span> <span class='ocrx_word' id='word_1_307' title='bbox 1557 740 1625 767; x_wconf 78' lang='lat' dir='ltr'><strong>enim</strong></span> <span class='ocrx_word' id='word_1_308' title='bbox 1638 739 1755 766; x_wconf 79' lang='lat' dir='ltr'><strong>morieris</strong></span> <span class='ocrx_word' id='word_1_309' title='bbox 1764 739 1798 771; x_wconf 75' lang='grc' dir='ltr'><strong>θ’,</strong></span> <span class='ocrx_word' id='word_1_310' title='bbox 1812 746 1855 766; x_wconf 79' lang='lat' dir='ltr'><strong>sa-</strong></span> 
     </span>
    </p>
   </div>
   <div class='ocr_carea' id='block_1_45' title="bbox 1070 785 1855 822">
    <p class='ocr_par' dir='ltr' id='par_1_45' title="bbox 1070 785 1855 822">
     <span class='ocr_line' id='line_1_45' title="bbox 1070 785 1855 822; baseline -0.004 -7"><span class='ocrx_word' id='word_1_311' title='bbox 1070 789 1124 816; x_wconf 88' lang='lat' dir='ltr'><strong>cris</strong></span> <span class='ocrx_word' id='word_1_312' title='bbox 1138 788 1224 822; x_wconf 86' lang='lat' dir='ltr'><strong>primo</strong></span> <span class='ocrx_word' id='word_1_313' title='bbox 1242 787 1400 822; x_wconf 84' lang='lat' dir='ltr'><strong>postulatis,</strong></span> <span class='ocrx_word' id='word_1_314' title='bbox 1419 791 1446 813; x_wconf 91' lang='lat' dir='ltr'><strong>et</strong></span> <span class='ocrx_word' id='word_1_315' title='bbox 1467 786 1510 821; x_wconf 90' lang='lat' dir='ltr'><strong>pie</strong></span> <span class='ocrx_word' id='word_1_316' title='bbox 1529 785 1653 820; x_wconf 84' lang='lat' dir='ltr'><strong>sumptis,</strong></span> <span class='ocrx_word' id='word_1_317' title='bbox 1671 789 1752 819; x_wconf 88' lang='lat' dir='ltr'><strong>atque</strong></span> <span class='ocrx_word' id='word_1_318' title='bbox 1765 789 1855 819; x_wconf 88' lang='lat' dir='ltr'><strong>postea</strong></span> 
     </span>
    </p>
   </div>
   <div class='ocr_carea' id='block_1_46' title="bbox 1071 830 1856 868">
    <p class='ocr_par' dir='ltr' id='par_1_46' title="bbox 1071 830 1856 868">
     <span class='ocr_line' id='line_1_46' title="bbox 1071 830 1856 868; baseline -0.004 -8"><span class='ocrx_word' id='word_1_319' title='bbox 1071 834 1202 868; x_wconf 84' lang='lat' dir='ltr'><strong>repetitis,</strong></span> <span class='ocrx_word' id='word_1_320' title='bbox 1218 834 1290 868; x_wconf 87' lang='lat' dir='ltr'><strong>(nam</strong></span> <span class='ocrx_word' id='word_1_321' title='bbox 1314 834 1376 858; x_wconf 88' lang='lat' dir='ltr'><strong>dum</strong></span> <span class='ocrx_word' id='word_1_322' title='bbox 1403 832 1472 859; x_wconf 88' lang='lat' dir='ltr'><strong>bona</strong></span> <span class='ocrx_word' id='word_1_323' title='bbox 1496 831 1650 858; x_wconf 89' lang='lat' dir='ltr'><strong>valetudine</strong></span> <span class='ocrx_word' id='word_1_324' title='bbox 1678 830 1812 858; x_wconf 86' lang='lat' dir='ltr'><strong>frueretur</strong></span> <span class='ocrx_word' id='word_1_325' title='bbox 1829 838 1856 857; x_wconf 91' lang='lat' dir='ltr'><strong>In</strong></span> 
     </span>
    </p>
   </div>
   <div class='ocr_carea' id='block_1_47' title="bbox 1070 876 1856 912">
    <p class='ocr_par' dir='ltr' id='par_1_47' title="bbox 1070 876 1856 912">
     <span class='ocr_line' id='line_1_47' title="bbox 1070 876 1856 912; baseline -0.003 -7"><span class='ocrx_word' id='word_1_326' title='bbox 1070 879 1237 906; x_wconf 82' lang='lat' dir='ltr'><strong>celebrandis</strong></span> <span class='ocrx_word' id='word_1_327' title='bbox 1255 878 1402 905; x_wconf 85' lang='lat' dir='ltr'><strong>tremendis</strong></span> <span class='ocrx_word' id='word_1_328' title='bbox 1419 877 1554 912; x_wconf 78' lang='lat' dir='ltr'><strong>mysteriis</strong></span> <span class='ocrx_word' id='word_1_329' title='bbox 1576 876 1759 904; x_wconf 90' lang='lat' dir='ltr'><strong>creberrimus</strong></span> <span class='ocrx_word' id='word_1_330' title='bbox 1772 881 1801 903; x_wconf 88' lang='lat' dir='ltr'><strong>et</strong></span> <span class='ocrx_word' id='word_1_331' title='bbox 1814 884 1856 903; x_wconf 88' lang='lat' dir='ltr'><strong>re-</strong></span> 
     </span>
    </p>
   </div>
   <div class='ocr_carea' id='block_1_48' title="bbox 1036 913 1855 959">
    <p class='ocr_par' dir='ltr' id='par_1_48' title="bbox 1036 913 1855 959">
     <span class='ocr_line' id='line_1_48' title="bbox 1036 913 1855 959; baseline -0.005 -8"><span class='ocrx_word' id='word_1_332' title='bbox 1036 913 1057 939; x_wconf 69' lang='grc' dir='ltr'><strong>Β</strong></span> <span class='ocrx_word' id='word_1_333' title='bbox 1073 925 1258 959; x_wconf 80' lang='lat' dir='ltr'><strong>ligiosissimus</strong></span> <span class='ocrx_word' id='word_1_334' title='bbox 1272 924 1341 959; x_wconf 89' lang='lat' dir='ltr'><strong>erat)</strong></span> <span class='ocrx_word' id='word_1_335' title='bbox 1358 923 1391 950; x_wconf 91' lang='lat' dir='ltr'><strong>de</strong></span> <span class='ocrx_word' id='word_1_336' title='bbox 1402 923 1514 957; x_wconf 80' lang='lat' dir='ltr'><strong>singulis</strong></span> <span class='ocrx_word' id='word_1_337' title='bbox 1527 921 1584 949; x_wconf 86' lang='lat' dir='ltr'><strong>sive</strong></span> <span class='ocrx_word' id='word_1_338' title='bbox 1597 929 1656 956; x_wconf 66' lang='lat' dir='ltr'><strong>quin</strong></span> <span class='ocrx_word' id='word_1_339' title='bbox 1672 922 1704 948; x_wconf 92' lang='lat' dir='ltr'><strong>ad</strong></span> <span class='ocrx_word' id='word_1_340' title='bbox 1727 921 1855 953; x_wconf 87' lang='lat' dir='ltr'><strong>animam,</strong></span> 
     </span>
    </p>
   </div>
   <div class='ocr_carea' id='block_1_49' title="bbox 1071 967 1855 1004">
    <p class='ocr_par' dir='ltr' id='par_1_49' title="bbox 1071 967 1855 1004">
     <span class='ocr_line' id='line_1_49' title="bbox 1071 967 1855 1004; baseline -0.006 -6"><span class='ocrx_word' id='word_1_341' title='bbox 1071 972 1128 998; x_wconf 81' lang='lat' dir='ltr'><strong>sive</strong></span> <span class='ocrx_word' id='word_1_342' title='bbox 1141 978 1201 1004; x_wconf 77' lang='lat' dir='ltr'><strong>qua:</strong></span> <span class='ocrx_word' id='word_1_343' title='bbox 1218 970 1251 996; x_wconf 87' lang='lat' dir='ltr'><strong>ad</strong></span> <span class='ocrx_word' id='word_1_344' title='bbox 1266 977 1375 1004; x_wconf 88' lang='lat' dir='ltr'><strong>corpus,</strong></span> <span class='ocrx_word' id='word_1_345' title='bbox 1392 969 1450 996; x_wconf 91' lang='lat' dir='ltr'><strong>sive</strong></span> <span class='ocrx_word' id='word_1_346' title='bbox 1463 975 1523 1002; x_wconf 85' lang='lat' dir='ltr'><strong>quae</strong></span> <span class='ocrx_word' id='word_1_347' title='bbox 1536 967 1570 994; x_wconf 89' lang='lat' dir='ltr'><strong>ad</strong></span> <span class='ocrx_word' id='word_1_348' title='bbox 1595 975 1651 994; x_wconf 85' lang='lat' dir='ltr'><strong>rem</strong></span> <span class='ocrx_word' id='word_1_349' title='bbox 1669 967 1855 999; x_wconf 84' lang='lat' dir='ltr'><strong>domesticam,</strong></span> 
     </span>
    </p>
   </div>
   <div class='ocr_carea' id='block_1_50' title="bbox 1071 1012 1856 1049">
    <p class='ocr_par' dir='ltr' id='par_1_50' title="bbox 1071 1012 1856 1049">
     <span class='ocr_line' id='line_1_50' title="bbox 1071 1012 1856 1049; baseline -0.006 -7"><span class='ocrx_word' id='word_1_350' title='bbox 1071 1021 1099 1042; x_wconf 87' lang='lat' dir='ltr'><strong>et</strong></span> <span class='ocrx_word' id='word_1_351' title='bbox 1117 1015 1279 1049; x_wconf 84' lang='lat' dir='ltr'><strong>temporaria</strong></span> <span class='ocrx_word' id='word_1_352' title='bbox 1291 1015 1469 1049; x_wconf 81' lang='lat' dir='ltr'><strong>pertinerent,</strong></span> <span class='ocrx_word' id='word_1_353' title='bbox 1485 1014 1521 1040; x_wconf 87' lang='lat' dir='ltr'><strong>ita</strong></span> <span class='ocrx_word' id='word_1_354' title='bbox 1534 1013 1676 1047; x_wconf 84' lang='lat' dir='ltr'><strong>disposuit,</strong></span> <span class='ocrx_word' id='word_1_355' title='bbox 1692 1018 1721 1038; x_wconf 90' lang='lat' dir='ltr'><strong>ut</strong></span> <span class='ocrx_word' id='word_1_356' title='bbox 1732 1012 1798 1040; x_wconf 93' lang='lat' dir='ltr'><strong>nihil</strong></span> <span class='ocrx_word' id='word_1_357' title='bbox 1812 1020 1856 1047; x_wconf 90' lang='lat' dir='ltr'><strong>pe-</strong></span> 
     </span>
    </p>
   </div>
   <div class='ocr_carea' id='block_1_51' title="bbox 1071 1057 1856 1094">
    <p class='ocr_par' dir='ltr' id='par_1_51' title="bbox 1071 1057 1856 1094">
     <span class='ocr_line' id='line_1_51' title="bbox 1071 1057 1856 1094; baseline -0.006 -6"><span class='ocrx_word' id='word_1_358' title='bbox 1071 1069 1105 1088; x_wconf 90' lang='lat' dir='ltr'><strong>ne</strong></span> <span class='ocrx_word' id='word_1_359' title='bbox 1129 1062 1258 1087; x_wconf 86' lang='lat' dir='ltr'><strong>intactum</strong></span> <span class='ocrx_word' id='word_1_360' title='bbox 1285 1060 1435 1094; x_wconf 83' lang='lat' dir='ltr'><strong>reliquerit,</strong></span> <span class='ocrx_word' id='word_1_361' title='bbox 1452 1059 1532 1093; x_wconf 88' lang='lat' dir='ltr'><strong>eique</strong></span> <span class='ocrx_word' id='word_1_362' title='bbox 1553 1058 1610 1085; x_wconf 90' lang='lat' dir='ltr'><strong>fere</strong></span> <span class='ocrx_word' id='word_1_363' title='bbox 1621 1058 1711 1084; x_wconf 87' lang='lat' dir='ltr'><strong>omnia</strong></span> <span class='ocrx_word' id='word_1_364' title='bbox 1729 1058 1761 1084; x_wconf 87' lang='lat' dir='ltr'><strong>ad</strong></span> <span class='ocrx_word' id='word_1_365' title='bbox 1774 1057 1856 1084; x_wconf 89' lang='lat' dir='ltr'><strong>animi</strong></span> 
     </span>
    </p>
   </div>
   <div class='ocr_carea' id='block_1_52' title="bbox 1072 1104 1855 1137">
    <p class='ocr_par' dir='ltr' id='par_1_52' title="bbox 1072 1104 1855 1137">
     <span class='ocr_line' id='line_1_52' title="bbox 1072 1104 1855 1137; baseline -0.005 -4"><span class='ocrx_word' id='word_1_366' title='bbox 1072 1107 1235 1133; x_wconf 83' lang='lat' dir='ltr'><strong>voluntatem</strong></span> <span class='ocrx_word' id='word_1_367' title='bbox 1263 1105 1374 1132; x_wconf 84' lang='lat' dir='ltr'><strong>ﬂuxisse</strong></span> <span class='ocrx_word' id='word_1_368' title='bbox 1400 1105 1567 1132; x_wconf 86' lang='lat' dir='ltr'><strong>viderentur.</strong></span> <span class='ocrx_word' id='word_1_369' title='bbox 1589 1104 1695 1137; x_wconf 88' lang='lat' dir='ltr'><strong>Quanta</strong></span> <span class='ocrx_word' id='word_1_370' title='bbox 1706 1110 1771 1130; x_wconf 88' lang='lat' dir='ltr'><strong>vero</strong></span> <span class='ocrx_word' id='word_1_371' title='bbox 1794 1104 1855 1136; x_wconf 83' lang='lat' dir='ltr'><strong>fide,</strong></span> 
     </span>
    </p>
   </div>
   <div class='ocr_carea' id='block_1_53' title="bbox 1072 1148 1856 1184">
    <p class='ocr_par' dir='ltr' id='par_1_53' title="bbox 1072 1148 1856 1184">
     <span class='ocr_line' id='line_1_53' title="bbox 1072 1148 1856 1184; baseline 0 -9"><span class='ocrx_word' id='word_1_372' title='bbox 1072 1157 1151 1184; x_wconf 89' lang='lat' dir='ltr'><strong>quam</strong></span> <span class='ocrx_word' id='word_1_373' title='bbox 1168 1149 1272 1176; x_wconf 85' lang='lat' dir='ltr'><strong>ardenti</strong></span> <span class='ocrx_word' id='word_1_374' title='bbox 1290 1150 1434 1182; x_wconf 84' lang='lat' dir='ltr'><strong>ebaritate,</strong></span> <span class='ocrx_word' id='word_1_375' title='bbox 1449 1156 1530 1184; x_wconf 90' lang='lat' dir='ltr'><strong>quam</strong></span> <span class='ocrx_word' id='word_1_376' title='bbox 1555 1149 1687 1183; x_wconf 86' lang='lat' dir='ltr'><strong>profunda</strong></span> <span class='ocrx_word' id='word_1_377' title='bbox 1703 1153 1731 1176; x_wconf 90' lang='lat' dir='ltr'><strong>et</strong></span> <span class='ocrx_word' id='word_1_378' title='bbox 1752 1148 1856 1183; x_wconf 88' lang='lat' dir='ltr'><strong>abjecla</strong></span> 
     </span>
    </p>
   </div>
   <div class='ocr_carea' id='block_1_54' title="bbox 1072 1193 1856 1230">
    <p class='ocr_par' dir='ltr' id='par_1_54' title="bbox 1072 1193 1856 1230">
     <span class='ocr_line' id='line_1_54' title="bbox 1072 1193 1856 1230; baseline -0.001 -9"><span class='ocrx_word' id='word_1_379' title='bbox 1072 1194 1130 1230; x_wconf 89' lang='lat' dir='ltr'><strong>(sed</strong></span> <span class='ocrx_word' id='word_1_380' title='bbox 1146 1201 1194 1228; x_wconf 86' lang='lat' dir='ltr'><strong>spe</strong></span> <span class='ocrx_word' id='word_1_381' title='bbox 1209 1193 1350 1221; x_wconf 89' lang='lat' dir='ltr'><strong>meliorum</strong></span> <span class='ocrx_word' id='word_1_382' title='bbox 1377 1194 1478 1228; x_wconf 88' lang='lat' dir='ltr'><strong>erecta)</strong></span> <span class='ocrx_word' id='word_1_383' title='bbox 1498 1193 1651 1220; x_wconf 86' lang='lat' dir='ltr'><strong>humilitate</strong></span> <span class='ocrx_word' id='word_1_384' title='bbox 1675 1194 1726 1220; x_wconf 89' lang='lat' dir='ltr'><strong>hoc</strong></span> <span class='ocrx_word' id='word_1_385' title='bbox 1749 1201 1856 1220; x_wconf 80' lang='lat' dir='ltr'><strong>sacrant</strong></span> 
     </span>
    </p>
   </div>
   <div class='ocr_carea' id='block_1_55' title="bbox 1071 1239 1855 1274">
    <p class='ocr_par' dir='ltr' id='par_1_55' title="bbox 1071 1239 1855 1274">
     <span class='ocr_line' id='line_1_55' title="bbox 1071 1239 1855 1274; baseline -0.001 -7"><span class='ocrx_word' id='word_1_386' title='bbox 1071 1241 1210 1271; x_wconf 82' lang='lat' dir='ltr'><strong>viaticum.</strong></span> <span class='ocrx_word' id='word_1_387' title='bbox 1223 1241 1249 1266; x_wconf 88' lang='lat' dir='ltr'><strong>in</strong></span> <span class='ocrx_word' id='word_1_388' title='bbox 1273 1247 1327 1274; x_wconf 88' lang='lat' dir='ltr'><strong>quo</strong></span> <span class='ocrx_word' id='word_1_389' title='bbox 1355 1247 1492 1267; x_wconf 90' lang='lat' dir='ltr'><strong>sunrmum</strong></span> <span class='ocrx_word' id='word_1_390' title='bbox 1509 1247 1619 1274; x_wconf 86' lang='lat' dir='ltr'><strong>semper</strong></span> <span class='ocrx_word' id='word_1_391' title='bbox 1633 1239 1786 1274; x_wconf 72' lang='lat' dir='ltr'><strong>prmsidiurn</strong></span> <span class='ocrx_word' id='word_1_392' title='bbox 1802 1239 1855 1266; x_wconf 74' lang='lat' dir='ltr'><strong>col-</strong></span> 
     </span>
    </p>
   </div>
   <div class='ocr_carea' id='block_1_56' title="bbox 1072 1284 1856 1318">
    <p class='ocr_par' dir='ltr' id='par_1_56' title="bbox 1072 1284 1856 1318">
     <span class='ocr_line' id='line_1_56' title="bbox 1072 1284 1856 1318; baseline 0 -7"><span class='ocrx_word' id='word_1_393' title='bbox 1072 1284 1223 1316; x_wconf 76' lang='lat' dir='ltr'><strong>locaverat,</strong></span> <span class='ocrx_word' id='word_1_394' title='bbox 1238 1290 1266 1311; x_wconf 91' lang='lat' dir='ltr'><strong>et</strong></span> <span class='ocrx_word' id='word_1_395' title='bbox 1290 1291 1343 1318; x_wconf 86' lang='lat' dir='ltr'><strong>quo</strong></span> <span class='ocrx_word' id='word_1_396' title='bbox 1364 1292 1394 1311; x_wconf 90' lang='lat' dir='ltr'><strong>se</strong></span> <span class='ocrx_word' id='word_1_397' title='bbox 1413 1284 1439 1311; x_wconf 92' lang='lat' dir='ltr'><strong>in</strong></span> <span class='ocrx_word' id='word_1_398' title='bbox 1457 1284 1597 1311; x_wconf 63' lang='lat' dir='ltr'><strong>caelestem</strong></span> <span class='ocrx_word' id='word_1_399' title='bbox 1621 1289 1740 1311; x_wconf 74' lang='lat' dir='ltr'><strong>montem</strong></span> <span class='ocrx_word' id='word_1_400' title='bbox 1768 1284 1856 1312; x_wconf 72' lang='lat' dir='ltr'><strong>invitis</strong></span> 
     </span>
    </p>
   </div>
   <div class='ocr_carea' id='block_1_57' title="bbox 1071 1329 1856 1364">
    <p class='ocr_par' dir='ltr' id='par_1_57' title="bbox 1071 1329 1856 1364">
     <span class='ocr_line' id='line_1_57' title="bbox 1071 1329 1856 1364; baseline -0.003 -6"><span class='ocrx_word' id='word_1_401' title='bbox 1071 1331 1196 1358; x_wconf 89' lang='lat' dir='ltr'><strong>omnibus</strong></span> <span class='ocrx_word' id='word_1_402' title='bbox 1211 1329 1331 1357; x_wconf 91' lang='lat' dir='ltr'><strong>hostibus</strong></span> <span class='ocrx_word' id='word_1_403' title='bbox 1348 1337 1524 1357; x_wconf 84' lang='lat' dir='ltr'><strong>ascensurum</strong></span> <span class='ocrx_word' id='word_1_404' title='bbox 1546 1329 1685 1364; x_wconf 87' lang='lat' dir='ltr'><strong>sperabat,</strong></span> <span class='ocrx_word' id='word_1_405' title='bbox 1700 1330 1856 1364; x_wconf 84' lang='lat' dir='ltr'><strong>sumpserit,</strong></span> 
     </span>
    </p>
   </div>
   <div class='ocr_carea' id='block_1_58' title="bbox 1070 1375 1521 1410">
    <p class='ocr_par' dir='ltr' id='par_1_58' title="bbox 1070 1375 1521 1410">
     <span class='ocr_line' id='line_1_58' title="bbox 1070 1375 1521 1410; baseline -0.004 -7"><span class='ocrx_word' id='word_1_406' title='bbox 1070 1376 1116 1404; x_wconf 81' lang='lat' dir='ltr'><strong>vix</strong></span> <span class='ocrx_word' id='word_1_407' title='bbox 1137 1382 1262 1402; x_wconf 85' lang='lat' dir='ltr'><strong>sermone</strong></span> <span class='ocrx_word' id='word_1_408' title='bbox 1279 1375 1407 1410; x_wconf 81' lang='lat' dir='ltr'><strong>explicari</strong></span> <span class='ocrx_word' id='word_1_409' title='bbox 1423 1379 1521 1410; x_wconf 90' lang='lat' dir='ltr'><strong>potest.</strong></span> 
     </span>
    </p>
   </div>
   <div class='ocr_carea' id='block_1_59' title="bbox 1110 1420 1855 1455">
    <p class='ocr_par' dir='ltr' id='par_1_59' title="bbox 1110 1420 1855 1455">
     <span class='ocr_line' id='line_1_59' title="bbox 1110 1420 1855 1455; baseline -0.001 -8"><span class='ocrx_word' id='word_1_410' title='bbox 1110 1421 1166 1447; x_wconf 91' lang='lat' dir='ltr'><strong>Duo</strong></span> <span class='ocrx_word' id='word_1_411' title='bbox 1180 1425 1281 1452; x_wconf 88' lang='lat' dir='ltr'><strong>autem,</strong></span> <span class='ocrx_word' id='word_1_412' title='bbox 1302 1422 1364 1448; x_wconf 88' lang='lat' dir='ltr'><strong>dum</strong></span> <span class='ocrx_word' id='word_1_413' title='bbox 1387 1420 1439 1447; x_wconf 85' lang='lat' dir='ltr'><strong>alia</strong></span> <span class='ocrx_word' id='word_1_414' title='bbox 1460 1420 1544 1448; x_wconf 90' lang='lat' dir='ltr'><strong>multa</strong></span> <span class='ocrx_word' id='word_1_415' title='bbox 1571 1424 1713 1455; x_wconf 73' lang='lat' dir='ltr'><strong>praetereo,</strong></span> <span class='ocrx_word' id='word_1_416' title='bbox 1729 1424 1785 1446; x_wconf 89' lang='lat' dir='ltr'><strong>tum</strong></span> <span class='ocrx_word' id='word_1_417' title='bbox 1801 1427 1855 1446; x_wconf 86' lang='lat' dir='ltr'><strong>ma-</strong></span> 
     </span>
    </p>
   </div>
   <div class='ocr_carea' id='block_1_60' title="bbox 1072 1465 1858 1501">
    <p class='ocr_par' dir='ltr' id='par_1_60' title="bbox 1072 1465 1858 1501">
     <span class='ocr_line' id='line_1_60' title="bbox 1072 1465 1858 1501; baseline -0.003 -7"><span class='ocrx_word' id='word_1_418' title='bbox 1072 1467 1144 1494; x_wconf 90' lang='lat' dir='ltr'><strong>xime</strong></span> <span class='ocrx_word' id='word_1_419' title='bbox 1170 1466 1303 1500; x_wconf 59' lang='lat' dir='ltr'><strong>praestitit.</strong></span> <span class='ocrx_word' id='word_1_420' title='bbox 1324 1466 1457 1499; x_wconf 78' lang='lat' dir='ltr'><strong>Alterum,</strong></span> <span class='ocrx_word' id='word_1_421' title='bbox 1474 1465 1759 1501; x_wconf 83' lang='lat' dir='ltr'><strong>quod.visoDomino,</strong></span> <span class='ocrx_word' id='word_1_422' title='bbox 1777 1466 1802 1492; x_wconf 86' lang='lat' dir='ltr'><strong>ei</strong></span> <span class='ocrx_word' id='word_1_423' title='bbox 1824 1466 1858 1492; x_wconf 85' lang='lat' dir='ltr'><strong>de</strong></span> 
     </span>
    </p>
   </div>
   <div class='ocr_carea' id='block_1_61' title="bbox 1076 1510 1855 1547">
    <p class='ocr_par' dir='ltr' id='par_1_61' title="bbox 1076 1510 1855 1547">
     <span class='ocr_line' id='line_1_61' title="bbox 1076 1510 1855 1547; baseline -0.001 -8"><span class='ocrx_word' id='word_1_424' title='bbox 1076 1517 1114 1539; x_wconf 88' lang='lat' dir='ltr'><strong>tot</strong></span> <span class='ocrx_word' id='word_1_425' title='bbox 1142 1513 1279 1547; x_wconf 82' lang='lat' dir='ltr'><strong>tantisque</strong></span> <span class='ocrx_word' id='word_1_426' title='bbox 1294 1512 1327 1539; x_wconf 90' lang='lat' dir='ltr'><strong>ab</strong></span> <span class='ocrx_word' id='word_1_427' title='bbox 1347 1519 1381 1539; x_wconf 87' lang='lat' dir='ltr'><strong>eo</strong></span> <span class='ocrx_word' id='word_1_428' title='bbox 1405 1511 1524 1546; x_wconf 87' lang='lat' dir='ltr'><strong>acceptis</strong></span> <span class='ocrx_word' id='word_1_429' title='bbox 1541 1510 1694 1546; x_wconf 61' lang='lat' dir='ltr'><strong>beneficiis:</strong></span> <span class='ocrx_word' id='word_1_430' title='bbox 1704 1511 1805 1545; x_wconf 78' lang='lat' dir='ltr'><strong>gratias</strong></span> <span class='ocrx_word' id='word_1_431' title='bbox 1823 1519 1855 1538; x_wconf 87' lang='lat' dir='ltr'><strong>ex</strong></span> 
     </span>
    </p>
   </div>
   <div class='ocr_carea' id='block_1_62' title="bbox 1073 1557 1855 1593">
    <p class='ocr_par' dir='ltr' id='par_1_62' title="bbox 1073 1557 1855 1593">
     <span class='ocr_line' id='line_1_62' title="bbox 1073 1557 1855 1593; baseline -0.004 -8"><span class='ocrx_word' id='word_1_432' title='bbox 1073 1558 1180 1590; x_wconf 84' lang='lat' dir='ltr'><strong>animo,</strong></span> <span class='ocrx_word' id='word_1_433' title='bbox 1201 1563 1228 1585; x_wconf 87' lang='lat' dir='ltr'><strong>et</strong></span> <span class='ocrx_word' id='word_1_434' title='bbox 1252 1564 1368 1593; x_wconf 87' lang='lat' dir='ltr'><strong>quantas</strong></span> <span class='ocrx_word' id='word_1_435' title='bbox 1393 1558 1498 1592; x_wconf 89' lang='lat' dir='ltr'><strong>potuit,</strong></span> <span class='ocrx_word' id='word_1_436' title='bbox 1515 1557 1612 1592; x_wconf 82' lang='lat' dir='ltr'><strong>egerit,</strong></span> <span class='ocrx_word' id='word_1_437' title='bbox 1634 1564 1667 1584; x_wconf 86' lang='lat' dir='ltr'><strong>ac</strong></span> <span class='ocrx_word' id='word_1_438' title='bbox 1688 1557 1855 1591; x_wconf 88' lang='lat' dir='ltr'><strong>potissimum</strong></span> 
     </span>
    </p>
   </div>
   <div class='ocr_carea' id='block_1_63' title="bbox 232 1590 1019 1642">
    <p class='ocr_par' dir='ltr' id='par_1_63' title="bbox 232 1604 1019 1642">
     <span class='ocr_line' id='line_1_63' title="bbox 232 1604 1019 1642; baseline 0.006 -12"><span class='ocrx_word' id='word_1_439' title='bbox 232 1604 415 1632; x_wconf 91' lang='lat' dir='ltr'><strong>conciliandos</strong></span> <span class='ocrx_word' id='word_1_440' title='bbox 429 1606 500 1633; x_wconf 86' lang='lat' dir='ltr'><strong>inter</strong></span> <span class='ocrx_word' id='word_1_441' title='bbox 514 1613 543 1633; x_wconf 82' lang='lat' dir='ltr'><strong>se</strong></span> <span class='ocrx_word' id='word_1_442' title='bbox 560 1606 722 1634; x_wconf 77' lang='lat' dir='ltr'><strong>diSsidentes</strong></span> <span class='ocrx_word' id='word_1_443' title='bbox 742 1608 939 1642; x_wconf 78' lang='lat' dir='ltr'><strong>paratissimus,</strong></span> <span class='ocrx_word' id='word_1_444' title='bbox 956 1609 1019 1636; x_wconf 89' lang='lat' dir='ltr'><strong>nulli</strong></span> 
     </span>
    </p>
   </div>
   <div class='ocr_carea' id='block_1_64' title="bbox 1070 1590 1855 1642">
    <p class='ocr_par' dir='ltr' id='par_1_64' title="bbox 1073 1590 1855 1638">
     <span class='ocr_line' id='line_1_64' title="bbox 1073 1590 1855 1638; baseline 0 -10"><span class='ocrx_word' id='word_1_445' title='bbox 1073 1603 1143 1638; x_wconf 91' lang='lat' dir='ltr'><strong>quod</strong></span> <span class='ocrx_word' id='word_1_446' title='bbox 1156 1590 1359 1638; x_wconf 78' lang='lat' dir='ltr'><strong>peropportune</strong></span> <span class='ocrx_word' id='word_1_447' title='bbox 1373 1590 1401 1629; x_wconf 77' lang='lat' dir='ltr'><strong>et</strong></span> <span class='ocrx_word' id='word_1_448' title='bbox 1421 1603 1454 1630; x_wconf 88' lang='lat' dir='ltr'><strong>ad</strong></span> <span class='ocrx_word' id='word_1_449' title='bbox 1471 1590 1544 1629; x_wconf 57' lang='lat' dir='ltr'><strong>vite</strong></span> <span class='ocrx_word' id='word_1_450' title='bbox 1552 1590 1702 1629; x_wconf 89' lang='lat' dir='ltr'><strong>extremum</strong></span> <span class='ocrx_word' id='word_1_451' title='bbox 1716 1602 1804 1637; x_wconf 88' lang='lat' dir='ltr'><strong>(quasi</strong></span> <span class='ocrx_word' id='word_1_452' title='bbox 1818 1602 1855 1628; x_wconf 93' lang='lat' dir='ltr'><strong>vi-</strong></span> 
     </span>
    </p>
   </div>
   <div class='ocr_carea' id='block_1_65' title="bbox 233 1650 1020 1690">
    <p class='ocr_par' dir='ltr' id='par_1_65' title="bbox 233 1650 1020 1690">
     <span class='ocr_line' id='line_1_65' title="bbox 233 1650 1020 1690; baseline 0.006 -12"><span class='ocrx_word' id='word_1_453' title='bbox 233 1650 369 1683; x_wconf 86' lang='lat' dir='ltr'><strong>inimicus,</strong></span> <span class='ocrx_word' id='word_1_454' title='bbox 386 1658 478 1685; x_wconf 87' lang='lat' dir='ltr'><strong>pacem</strong></span> <span class='ocrx_word' id='word_1_455' title='bbox 501 1659 562 1679; x_wconf 90' lang='lat' dir='ltr'><strong>cum</strong></span> <span class='ocrx_word' id='word_1_456' title='bbox 583 1653 728 1685; x_wconf 90' lang='lat' dir='ltr'><strong>omnibus,</strong></span> <span class='ocrx_word' id='word_1_457' title='bbox 745 1659 874 1688; x_wconf 93' lang='lat' dir='ltr'><strong>quantum</strong></span> <span class='ocrx_word' id='word_1_458' title='bbox 892 1655 949 1682; x_wconf 83' lang='lat' dir='ltr'><strong>fieri</strong></span> <span class='ocrx_word' id='word_1_459' title='bbox 971 1664 1020 1690; x_wconf 91' lang='lat' dir='ltr'><strong>po-</strong></span> 
     </span>
    </p>
   </div>
   <div class='ocr_carea' id='block_1_66' title="bbox 233 1696 1020 1735">
    <p class='ocr_par' dir='ltr' id='par_1_66' title="bbox 233 1696 1020 1735">
     <span class='ocr_line' id='line_1_66' title="bbox 233 1696 1020 1735; baseline 0.006 -12"><span class='ocrx_word' id='word_1_460' title='bbox 233 1696 294 1729; x_wconf 91' lang='lat' dir='ltr'><strong>tuit,</strong></span> <span class='ocrx_word' id='word_1_461' title='bbox 314 1696 417 1724; x_wconf 91' lang='lat' dir='ltr'><strong>colens.</strong></span> <span class='ocrx_word' id='word_1_462' title='bbox 435 1697 512 1730; x_wconf 89' lang='lat' dir='ltr'><strong>Quod</strong></span> <span class='ocrx_word' id='word_1_463' title='bbox 524 1698 545 1725; x_wconf 90' lang='lat' dir='ltr'><strong>si</strong></span> <span class='ocrx_word' id='word_1_464' title='bbox 561 1698 626 1733; x_wconf 92' lang='lat' dir='ltr'><strong>quid</strong></span> <span class='ocrx_word' id='word_1_465' title='bbox 649 1698 756 1725; x_wconf 90' lang='lat' dir='ltr'><strong>dissidii</strong></span> <span class='ocrx_word' id='word_1_466' title='bbox 773 1698 830 1726; x_wconf 87' lang='lat' dir='ltr'><strong>sive</strong></span> <span class='ocrx_word' id='word_1_467' title='bbox 847 1699 1020 1735; x_wconf 83' lang='lat' dir='ltr'><strong>disputando,</strong></span> 
     </span>
    </p>
   </div>
   <div class='ocr_carea' id='block_1_67' title="bbox 233 1742 1020 1778">
    <p class='ocr_par' dir='ltr' id='par_1_67' title="bbox 233 1742 1020 1778">
     <span class='ocr_line' id='line_1_67' title="bbox 233 1742 1020 1778; baseline 0.005 -9"><span class='ocrx_word' id='word_1_468' title='bbox 233 1742 290 1769; x_wconf 81' lang='lat' dir='ltr'><strong>sive</strong></span> <span class='ocrx_word' id='word_1_469' title='bbox 304 1742 368 1777; x_wconf 89' lang='lat' dir='ltr'><strong>quid</strong></span> <span class='ocrx_word' id='word_1_470' title='bbox 393 1742 464 1770; x_wconf 85' lang='lat' dir='ltr'><strong>aliud</strong></span> <span class='ocrx_word' id='word_1_471' title='bbox 493 1742 629 1776; x_wconf 89' lang='lat' dir='ltr'><strong>faciendo,</strong></span> <span class='ocrx_word' id='word_1_472' title='bbox 655 1743 725 1770; x_wconf 87' lang='lat' dir='ltr'><strong>forte</strong></span> <span class='ocrx_word' id='word_1_473' title='bbox 753 1744 932 1778; x_wconf 84' lang='lat' dir='ltr'><strong>suboriretur,</strong></span> <span class='ocrx_word' id='word_1_474' title='bbox 957 1754 1020 1774; x_wconf 86' lang='lat' dir='ltr'><strong>mox</strong></span> 
     </span>
    </p>
   </div>
   <div class='ocr_carea' id='block_1_68' title="bbox 233 1786 1020 1821">
    <p class='ocr_par' dir='ltr' id='par_1_68' title="bbox 233 1786 1020 1821">
     <span class='ocr_line' id='line_1_68' title="bbox 233 1786 1020 1821; baseline 0.001 -7"><span class='ocrx_word' id='word_1_475' title='bbox 233 1786 298 1814; x_wconf 85' lang='lat' dir='ltr'><strong>illud</strong></span> <span class='ocrx_word' id='word_1_476' title='bbox 315 1793 478 1821; x_wconf 87' lang='lat' dir='ltr'><strong>componere</strong></span> <span class='ocrx_word' id='word_1_477' title='bbox 494 1786 635 1818; x_wconf 89' lang='lat' dir='ltr'><strong>studebat,</strong></span> <span class='ocrx_word' id='word_1_478' title='bbox 651 1793 682 1814; x_wconf 90' lang='lat' dir='ltr'><strong>ac</strong></span> <span class='ocrx_word' id='word_1_479' title='bbox 696 1786 839 1821; x_wconf 79' lang='lat' dir='ltr'><strong>diligenter</strong></span> <span class='ocrx_word' id='word_1_480' title='bbox 852 1789 974 1820; x_wconf 81' lang='lat' dir='ltr'><strong>cavebat,</strong></span> <span class='ocrx_word' id='word_1_481' title='bbox 987 1796 1020 1816; x_wconf 90' lang='lat' dir='ltr'><strong>ne</strong></span> 
     </span>
    </p>
   </div>
   <div class='ocr_carea' id='block_1_69' title="bbox 233 1832 1020 1868">
    <p class='ocr_par' dir='ltr' id='par_1_69' title="bbox 233 1832 1020 1868">
     <span class='ocr_line' id='line_1_69' title="bbox 233 1832 1020 1868; baseline 0.004 -9"><span class='ocrx_word' id='word_1_482' title='bbox 233 1833 273 1859; x_wconf 81' lang='lat' dir='ltr'><strong>sol</strong></span> <span class='ocrx_word' id='word_1_483' title='bbox 290 1833 427 1860; x_wconf 89' lang='lat' dir='ltr'><strong>occideret</strong></span> <span class='ocrx_word' id='word_1_484' title='bbox 441 1841 522 1867; x_wconf 90' lang='lat' dir='ltr'><strong>super</strong></span> <span class='ocrx_word' id='word_1_485' title='bbox 535 1833 714 1860; x_wconf 89' lang='lat' dir='ltr'><strong>iracundiam.</strong></span> <span class='ocrx_word' id='word_1_486' title='bbox 731 1832 850 1868; x_wconf 82' lang='lat' dir='ltr'><strong>Longius</strong></span> <span class='ocrx_word' id='word_1_487' title='bbox 863 1840 1020 1862; x_wconf 87' lang='lat' dir='ltr'><strong>excrrrreret</strong></span> 
     </span>
    </p>
   </div>
   <div class='ocr_carea' id='block_1_70' title="bbox 233 1878 1018 1914">
    <p class='ocr_par' dir='ltr' id='par_1_70' title="bbox 233 1878 1018 1914">
     <span class='ocr_line' id='line_1_70' title="bbox 233 1878 1018 1914; baseline 0.003 -8"><span class='ocrx_word' id='word_1_488' title='bbox 233 1879 355 1906; x_wconf 86' lang='lat' dir='ltr'><strong>narratio</strong></span> <span class='ocrx_word' id='word_1_489' title='bbox 368 1878 391 1906; x_wconf 89' lang='lat' dir='ltr'><strong>si</strong></span> <span class='ocrx_word' id='word_1_490' title='bbox 409 1879 514 1913; x_wconf 78' lang='lat' dir='ltr'><strong>singula</strong></span> <span class='ocrx_word' id='word_1_491' title='bbox 538 1878 582 1914; x_wconf 89' lang='lat' dir='ltr'><strong>(de</strong></span> <span class='ocrx_word' id='word_1_492' title='bbox 593 1878 692 1913; x_wconf 85' lang='lat' dir='ltr'><strong>quibus</strong></span> <span class='ocrx_word' id='word_1_493' title='bbox 712 1879 779 1906; x_wconf 86' lang='lat' dir='ltr'><strong>alias</strong></span> <span class='ocrx_word' id='word_1_494' title='bbox 795 1880 910 1907; x_wconf 81' lang='lat' dir='ltr'><strong>fortasse</strong></span> <span class='ocrx_word' id='word_1_495' title='bbox 923 1880 1018 1914; x_wconf 82' lang='lat' dir='ltr'><strong>fusius,</strong></span> 
     </span>
    </p>
   </div>
   <div class='ocr_carea' id='block_1_71' title="bbox 234 1923 1019 1959">
    <p class='ocr_par' dir='ltr' id='par_1_71' title="bbox 234 1923 1019 1959">
     <span class='ocr_line' id='line_1_71' title="bbox 234 1923 1019 1959; baseline 0.005 -10"><span class='ocrx_word' id='word_1_496' title='bbox 234 1930 297 1950; x_wconf 89' lang='lat' dir='ltr'><strong>nam</strong></span> <span class='ocrx_word' id='word_1_497' title='bbox 310 1931 360 1957; x_wconf 93' lang='lat' dir='ltr'><strong>pro</strong></span> <span class='ocrx_word' id='word_1_498' title='bbox 376 1923 429 1950; x_wconf 83' lang='lat' dir='ltr'><strong>viri</strong></span> <span class='ocrx_word' id='word_1_499' title='bbox 452 1923 587 1959; x_wconf 75' lang='lat' dir='ltr'><strong>dignitate</strong></span> <span class='ocrx_word' id='word_1_500' title='bbox 601 1929 629 1952; x_wconf 89' lang='lat' dir='ltr'><strong>et</strong></span> <span class='ocrx_word' id='word_1_501' title='bbox 647 1925 745 1952; x_wconf 90' lang='lat' dir='ltr'><strong>merito</strong></span> <span class='ocrx_word' id='word_1_502' title='bbox 759 1925 824 1952; x_wconf 86' lang='lat' dir='ltr'><strong>nihil</strong></span> <span class='ocrx_word' id='word_1_503' title='bbox 847 1926 912 1952; x_wconf 91' lang='lat' dir='ltr'><strong>mihi</strong></span> <span class='ocrx_word' id='word_1_504' title='bbox 930 1926 1019 1954; x_wconf 88' lang='lat' dir='ltr'><strong>hacte-</strong></span> 
     </span>
    </p>
   </div>
   <div class='ocr_carea' id='block_1_72' title="bbox 233 1968 1019 2006">
    <p class='ocr_par' dir='ltr' id='par_1_72' title="bbox 233 1968 1019 2006">
     <span class='ocr_line' id='line_1_72' title="bbox 233 1968 1019 2006; baseline 0.005 -11"><span class='ocrx_word' id='word_1_505' title='bbox 233 1975 284 1996; x_wconf 93' lang='lat' dir='ltr'><strong>nus</strong></span> <span class='ocrx_word' id='word_1_506' title='bbox 304 1968 406 1995; x_wconf 89' lang='lat' dir='ltr'><strong>dictum</strong></span> <span class='ocrx_word' id='word_1_507' title='bbox 435 1969 544 1996; x_wconf 88' lang='lat' dir='ltr'><strong>videtur</strong></span> <span class='ocrx_word' id='word_1_508' title='bbox 573 1970 652 1997; x_wconf 86' lang='lat' dir='ltr'><strong>satis.</strong></span> <span class='ocrx_word' id='word_1_509' title='bbox 677 1969 766 1997; x_wconf 89' lang='lat' dir='ltr'><strong>Tanto</strong></span> <span class='ocrx_word' id='word_1_510' title='bbox 788 1971 860 1998; x_wconf 90' lang='lat' dir='ltr'><strong>enim</strong></span> <span class='ocrx_word' id='word_1_511' title='bbox 889 1972 1019 2006; x_wconf 89' lang='lat' dir='ltr'><strong>ampliora</strong></span> 
     </span>
    </p>
   </div>
   <div class='ocr_carea' id='block_1_73' title="bbox 233 2013 1017 2051">
    <p class='ocr_par' dir='ltr' id='par_1_73' title="bbox 233 2013 1017 2051">
     <span class='ocr_line' id='line_1_73' title="bbox 233 2013 1017 2051; baseline 0.005 -11"><span class='ocrx_word' id='word_1_512' title='bbox 233 2018 355 2040; x_wconf 89' lang='lat' dir='ltr'><strong>meretur</strong></span> <span class='ocrx_word' id='word_1_513' title='bbox 378 2013 488 2041; x_wconf 84' lang='lat' dir='ltr'><strong>laudum</strong></span> <span class='ocrx_word' id='word_1_514' title='bbox 513 2022 625 2042; x_wconf 89' lang='lat' dir='ltr'><strong>suarum</strong></span> <span class='ocrx_word' id='word_1_515' title='bbox 654 2015 790 2050; x_wconf 65' lang='lat' dir='ltr'><strong>praeconia</strong></span> <span class='ocrx_word' id='word_1_516' title='bbox 819 2017 874 2044; x_wconf 88' lang='lat' dir='ltr'><strong>vita</strong></span> <span class='ocrx_word' id='word_1_517' title='bbox 895 2017 1017 2051; x_wconf 81' lang='lat' dir='ltr'><strong>functus,</strong></span> 
     </span>
    </p>
   </div>
   <div class='ocr_carea' id='block_1_74' title="bbox 233 2061 1019 2096">
    <p class='ocr_par' dir='ltr' id='par_1_74' title="bbox 233 2061 1019 2096">
     <span class='ocr_line' id='line_1_74' title="bbox 233 2061 1019 2096; baseline 0.004 -9"><span class='ocrx_word' id='word_1_518' title='bbox 233 2066 336 2095; x_wconf 87' lang='lat' dir='ltr'><strong>quanto</strong></span> <span class='ocrx_word' id='word_1_519' title='bbox 359 2061 444 2096; x_wconf 75' lang='lat' dir='ltr'><strong>magis</strong></span> <span class='ocrx_word' id='word_1_520' title='bbox 461 2068 493 2088; x_wconf 82' lang='lat' dir='ltr'><strong>ea</strong></span> <span class='ocrx_word' id='word_1_521' title='bbox 513 2065 662 2095; x_wconf 87' lang='lat' dir='ltr'><strong>superstes,</strong></span> <span class='ocrx_word' id='word_1_522' title='bbox 675 2068 707 2088; x_wconf 88' lang='lat' dir='ltr'><strong>ac</strong></span> <span class='ocrx_word' id='word_1_523' title='bbox 723 2061 861 2090; x_wconf 86' lang='lat' dir='ltr'><strong>modestus</strong></span> <span class='ocrx_word' id='word_1_524' title='bbox 876 2063 1019 2090; x_wconf 84' lang='lat' dir='ltr'><strong>aversaba-</strong></span> 
     </span>
    </p>
   </div>
   <div class='ocr_carea' id='block_1_75' title="bbox 233 2106 1018 2142">
    <p class='ocr_par' dir='ltr' id='par_1_75' title="bbox 233 2106 1018 2142">
     <span class='ocr_line' id='line_1_75' title="bbox 233 2106 1018 2142; baseline 0.004 -9"><span class='ocrx_word' id='word_1_525' title='bbox 233 2106 287 2142; x_wconf 93' lang='lat' dir='ltr'><strong>tur)</strong></span> <span class='ocrx_word' id='word_1_526' title='bbox 305 2107 331 2134; x_wconf 91' lang='lat' dir='ltr'><strong>in</strong></span> <span class='ocrx_word' id='word_1_527' title='bbox 352 2107 449 2142; x_wconf 90' lang='lat' dir='ltr'><strong>quibus</strong></span> <span class='ocrx_word' id='word_1_528' title='bbox 462 2107 504 2134; x_wconf 92' lang='lat' dir='ltr'><strong>vir</strong></span> <span class='ocrx_word' id='word_1_529' title='bbox 515 2110 607 2134; x_wconf 89' lang='lat' dir='ltr'><strong>tantus</strong></span> <span class='ocrx_word' id='word_1_530' title='bbox 618 2106 757 2139; x_wconf 79' lang='lat' dir='ltr'><strong>excelluit,</strong></span> <span class='ocrx_word' id='word_1_531' title='bbox 771 2114 802 2134; x_wconf 88' lang='lat' dir='ltr'><strong>ac</strong></span> <span class='ocrx_word' id='word_1_532' title='bbox 815 2115 844 2134; x_wconf 90' lang='lat' dir='ltr'><strong>se</strong></span> <span class='ocrx_word' id='word_1_533' title='bbox 858 2107 1018 2137; x_wconf 87' lang='lat' dir='ltr'><strong>laudabilem</strong></span> 
     </span>
    </p>
   </div>
   <div class='ocr_carea' id='block_1_76' title="bbox 232 2153 1019 2187">
    <p class='ocr_par' dir='ltr' id='par_1_76' title="bbox 232 2153 1019 2187">
     <span class='ocr_line' id='line_1_76' title="bbox 232 2153 1019 2187; baseline 0.006 -8"><span class='ocrx_word' id='word_1_534' title='bbox 232 2157 260 2180; x_wconf 89' lang='lat' dir='ltr'><strong>et</strong></span> <span class='ocrx_word' id='word_1_535' title='bbox 276 2153 461 2180; x_wconf 81' lang='lat' dir='ltr'><strong>admirabilem</strong></span> <span class='ocrx_word' id='word_1_536' title='bbox 474 2153 600 2187; x_wconf 75' lang='lat' dir='ltr'><strong>przebuit,</strong></span> <span class='ocrx_word' id='word_1_537' title='bbox 618 2161 831 2181; x_wconf 90' lang='lat' dir='ltr'><strong>commemorare</strong></span> <span class='ocrx_word' id='word_1_538' title='bbox 846 2154 952 2182; x_wconf 88' lang='lat' dir='ltr'><strong>vellem.</strong></span> <span class='ocrx_word' id='word_1_539' title='bbox 963 2156 1019 2184; x_wconf 88' lang='lat' dir='ltr'><strong>iloc</strong></span> 
     </span>
    </p>
   </div>
   <div class='ocr_carea' id='block_1_77' title="bbox 234 2198 1018 2233">
    <p class='ocr_par' dir='ltr' id='par_1_77' title="bbox 234 2198 1018 2233">
     <span class='ocr_line' id='line_1_77' title="bbox 234 2198 1018 2233; baseline 0.004 -9"><span class='ocrx_word' id='word_1_540' title='bbox 234 2206 316 2224; x_wconf 88' lang='lat' dir='ltr'><strong>untrm</strong></span> <span class='ocrx_word' id='word_1_541' title='bbox 329 2203 430 2225; x_wconf 88' lang='lat' dir='ltr'><strong>tantum</strong></span> <span class='ocrx_word' id='word_1_542' title='bbox 444 2198 582 2233; x_wconf 88' lang='lat' dir='ltr'><strong>adjiciam,</strong></span> <span class='ocrx_word' id='word_1_543' title='bbox 596 2206 650 2226; x_wconf 90' lang='lat' dir='ltr'><strong>non</strong></span> <span class='ocrx_word' id='word_1_544' title='bbox 672 2199 734 2232; x_wconf 87' lang='lat' dir='ltr'><strong>sibi,</strong></span> <span class='ocrx_word' id='word_1_545' title='bbox 758 2200 806 2226; x_wconf 82' lang='lat' dir='ltr'><strong>sed</strong></span> <span class='ocrx_word' id='word_1_546' title='bbox 831 2199 959 2228; x_wconf 66' lang='lat' dir='ltr'><strong>Ecclesia:</strong></span> <span class='ocrx_word' id='word_1_547' title='bbox 974 2209 1018 2227; x_wconf 86' lang='lat' dir='ltr'><strong>na-</strong></span> 
     </span>
    </p>
   </div>
   <div class='ocr_carea' id='block_1_78' title="bbox 235 2243 1016 2278">
    <p class='ocr_par' dir='ltr' id='par_1_78' title="bbox 235 2243 1016 2278">
     <span class='ocr_line' id='line_1_78' title="bbox 235 2243 1016 2278; baseline 0.005 -9"><span class='ocrx_word' id='word_1_548' title='bbox 235 2247 291 2269; x_wconf 91' lang='lat' dir='ltr'><strong>tum</strong></span> <span class='ocrx_word' id='word_1_549' title='bbox 307 2243 400 2276; x_wconf 87' lang='lat' dir='ltr'><strong>fuisse,</strong></span> <span class='ocrx_word' id='word_1_550' title='bbox 421 2248 560 2278; x_wconf 90' lang='lat' dir='ltr'><strong>totumque</strong></span> <span class='ocrx_word' id='word_1_551' title='bbox 576 2244 600 2271; x_wconf 92' lang='lat' dir='ltr'><strong>ei</strong></span> <span class='ocrx_word' id='word_1_552' title='bbox 612 2244 747 2271; x_wconf 86' lang='lat' dir='ltr'><strong>addictum</strong></span> <span class='ocrx_word' id='word_1_553' title='bbox 770 2249 797 2272; x_wconf 90' lang='lat' dir='ltr'><strong>et</strong></span> <span class='ocrx_word' id='word_1_554' title='bbox 817 2252 1016 2274; x_wconf 79' lang='lat' dir='ltr'><strong>consecratum.</strong></span> 
     </span>
    </p>
   </div>
   <div class='ocr_carea' id='block_1_79' title="bbox 233 2289 1017 2327">
    <p class='ocr_par' dir='ltr' id='par_1_79' title="bbox 233 2289 1017 2327">
     <span class='ocr_line' id='line_1_79' title="bbox 233 2289 1017 2327; baseline 0.006 -12"><span class='ocrx_word' id='word_1_555' title='bbox 233 2289 322 2322; x_wconf 83' lang='lat' dir='ltr'><strong>Quare</strong></span> <span class='ocrx_word' id='word_1_556' title='bbox 334 2297 396 2316; x_wconf 91' lang='lat' dir='ltr'><strong>cum</strong></span> <span class='ocrx_word' id='word_1_557' title='bbox 411 2290 478 2317; x_wconf 90' lang='lat' dir='ltr'><strong>nihil</strong></span> <span class='ocrx_word' id='word_1_558' title='bbox 501 2291 640 2318; x_wconf 86' lang='lat' dir='ltr'><strong>ardentius</strong></span> <span class='ocrx_word' id='word_1_559' title='bbox 651 2296 762 2326; x_wconf 89' lang='lat' dir='ltr'><strong>cuperet</strong></span> <span class='ocrx_word' id='word_1_560' title='bbox 772 2312 778 2323; x_wconf 85' lang='lat'><strong>,</strong></span> <span class='ocrx_word' id='word_1_561' title='bbox 793 2299 873 2326; x_wconf 88' lang='lat' dir='ltr'><strong>quam</strong></span> <span class='ocrx_word' id='word_1_562' title='bbox 887 2293 1017 2327; x_wconf 75' lang='lat' dir='ltr'><strong>quidquid</strong></span> 
     </span>
    </p>
   </div>
   <div class='ocr_carea' id='block_1_80' title="bbox 233 2332 1018 2371">
    <p class='ocr_par' dir='ltr' id='par_1_80' title="bbox 233 2332 1018 2371">
     <span class='ocr_line' id='line_1_80' title="bbox 233 2332 1018 2371; baseline 0.008 -12"><span class='ocrx_word' id='word_1_563' title='bbox 233 2332 343 2359; x_wconf 82' lang='lat' dir='ltr'><strong>haberet</strong></span> <span class='ocrx_word' id='word_1_564' title='bbox 367 2333 478 2367; x_wconf 79' lang='lat' dir='ltr'><strong>ingenii,</strong></span> <span class='ocrx_word' id='word_1_565' title='bbox 495 2335 635 2367; x_wconf 78' lang='lat' dir='ltr'><strong>doctrinae,</strong></span> <span class='ocrx_word' id='word_1_566' title='bbox 651 2343 743 2370; x_wconf 88' lang='lat' dir='ltr'><strong>opum,</strong></span> <span class='ocrx_word' id='word_1_567' title='bbox 757 2341 785 2364; x_wconf 89' lang='lat' dir='ltr'><strong>et</strong></span> <span class='ocrx_word' id='word_1_568' title='bbox 804 2337 902 2364; x_wconf 92' lang='lat' dir='ltr'><strong>virium</strong></span> <span class='ocrx_word' id='word_1_569' title='bbox 918 2339 944 2364; x_wconf 91' lang='lat' dir='ltr'><strong>in</strong></span> <span class='ocrx_word' id='word_1_570' title='bbox 961 2338 1018 2371; x_wconf 86' lang='lat' dir='ltr'><strong>ejus</strong></span> 
     </span>
    </p>
   </div>
   <div class='ocr_carea' id='block_1_81' title="bbox 199 2377 1018 2417">
    <p class='ocr_par' dir='ltr' id='par_1_81' title="bbox 199 2377 1018 2417">
     <span class='ocr_line' id='line_1_81' title="bbox 199 2377 1018 2417; baseline 0.009 -14"><span class='ocrx_word' id='word_1_571' title='bbox 199 2388 202 2391; x_wconf 57' lang='grc' dir='ltr'><em>η</em></span> <span class='ocrx_word' id='word_1_572' title='bbox 232 2377 377 2404; x_wconf 82' lang='lat' dir='ltr'><strong>utilitatem</strong></span> <span class='ocrx_word' id='word_1_573' title='bbox 392 2383 419 2405; x_wconf 85' lang='lat' dir='ltr'><strong>ct</strong></span> <span class='ocrx_word' id='word_1_574' title='bbox 439 2379 597 2414; x_wconf 86' lang='lat' dir='ltr'><strong>obsequium</strong></span> <span class='ocrx_word' id='word_1_575' title='bbox 614 2381 787 2415; x_wconf 79' lang='lat' dir='ltr'><strong>profundere,</strong></span> <span class='ocrx_word' id='word_1_576' title='bbox 806 2382 965 2417; x_wconf 88' lang='lat' dir='ltr'><strong>timeretque</strong></span> <span class='ocrx_word' id='word_1_577' title='bbox 984 2390 1018 2410; x_wconf 87' lang='lat' dir='ltr'><strong>ne</strong></span> 
     </span>
    </p>
   </div>
   <div class='ocr_carea' id='block_1_82' title="bbox 236 2424 1016 2463">
    <p class='ocr_par' dir='ltr' id='par_1_82' title="bbox 236 2424 1016 2463">
     <span class='ocr_line' id='line_1_82' title="bbox 236 2424 1016 2463; baseline 0.008 -13"><span class='ocrx_word' id='word_1_578' title='bbox 236 2428 322 2450; x_wconf 84' lang='lat' dir='ltr'><strong>morte</strong></span> <span class='ocrx_word' id='word_1_579' title='bbox 349 2431 429 2457; x_wconf 92' lang='lat' dir='ltr'><strong>quam</strong></span> <span class='ocrx_word' id='word_1_580' title='bbox 452 2424 489 2451; x_wconf 91' lang='lat' dir='ltr'><strong>illi</strong></span> <span class='ocrx_word' id='word_1_581' title='bbox 515 2425 672 2460; x_wconf 77' lang='lat' dir='ltr'><strong>frequentes</strong></span> <span class='ocrx_word' id='word_1_582' title='bbox 702 2428 788 2455; x_wconf 92' lang='lat' dir='ltr'><strong>morbi</strong></span> <span class='ocrx_word' id='word_1_583' title='bbox 812 2429 1016 2463; x_wconf 87' lang='lat' dir='ltr'><strong>minitabantur,</strong></span> 
     </span>
    </p>
   </div>
   <div class='ocr_carea' id='block_1_83' title="bbox 235 2469 1019 2507">
    <p class='ocr_par' dir='ltr' id='par_1_83' title="bbox 235 2469 1019 2507">
     <span class='ocr_line' id='line_1_83' title="bbox 235 2469 1019 2507; baseline 0.008 -12"><span class='ocrx_word' id='word_1_584' title='bbox 235 2475 383 2504; x_wconf 70' lang='lat' dir='ltr'><strong>prtereptus</strong></span> <span class='ocrx_word' id='word_1_585' title='bbox 399 2469 506 2497; x_wconf 88' lang='lat' dir='ltr'><strong>labores</strong></span> <span class='ocrx_word' id='word_1_586' title='bbox 523 2478 587 2498; x_wconf 88' lang='lat' dir='ltr'><strong>suos</strong></span> <span class='ocrx_word' id='word_1_587' title='bbox 606 2477 633 2499; x_wconf 92' lang='lat' dir='ltr'><strong>et</strong></span> <span class='ocrx_word' id='word_1_588' title='bbox 653 2473 743 2500; x_wconf 87' lang='lat' dir='ltr'><strong>sttrdia</strong></span> <span class='ocrx_word' id='word_1_589' title='bbox 769 2474 920 2507; x_wconf 87' lang='lat' dir='ltr'><strong>posteritati</strong></span> <span class='ocrx_word' id='word_1_590' title='bbox 937 2475 1019 2502; x_wconf 92' lang='lat' dir='ltr'><strong>relin-</strong></span> 
     </span>
    </p>
   </div>
   <div class='ocr_carea' id='block_1_84' title="bbox 233 2516 1019 2550">
    <p class='ocr_par' dir='ltr' id='par_1_84' title="bbox 233 2516 1019 2550">
     <span class='ocr_line' id='line_1_84' title="bbox 233 2516 1019 2550; baseline 0.009 -9"><span class='ocrx_word' id='word_1_591' title='bbox 233 2522 318 2550; x_wconf 85' lang='lat' dir='ltr'><strong>quere</strong></span> <span class='ocrx_word' id='word_1_592' title='bbox 340 2523 392 2542; x_wconf 90' lang='lat' dir='ltr'><strong>non</strong></span> <span class='ocrx_word' id='word_1_593' title='bbox 414 2520 515 2550; x_wconf 82' lang='lat' dir='ltr'><strong>posset,</strong></span> <span class='ocrx_word' id='word_1_594' title='bbox 539 2524 555 2543; x_wconf 90' lang='lat' dir='ltr'><strong>e</strong></span> <span class='ocrx_word' id='word_1_595' title='bbox 574 2516 724 2545; x_wconf 87' lang='lat' dir='ltr'><strong>Turonensi</strong></span> <span class='ocrx_word' id='word_1_596' title='bbox 750 2517 906 2548; x_wconf 84' lang='lat' dir='ltr'><strong>Tossiniaco</strong></span> <span class='ocrx_word' id='word_1_597' title='bbox 926 2525 1019 2549; x_wconf 84' lang='lat' dir='ltr'><strong>nostro</strong></span> 
     </span>
    </p>
   </div>
   <div class='ocr_carea' id='block_1_85' title="bbox 234 2561 1006 2600">
    <p class='ocr_par' dir='ltr' id='par_1_85' title="bbox 234 2561 1006 2600">
     <span class='ocr_line' id='line_1_85' title="bbox 234 2561 1006 2600; baseline 0.009 -14"><span class='ocrx_word' id='word_1_598' title='bbox 234 2561 353 2587; x_wconf 90' lang='lat' dir='ltr'><strong>nondum</strong></span> <span class='ocrx_word' id='word_1_599' title='bbox 371 2561 440 2588; x_wconf 90' lang='lat' dir='ltr'><strong>bene</strong></span> <span class='ocrx_word' id='word_1_600' title='bbox 456 2562 601 2589; x_wconf 78' lang='lat' dir='ltr'><strong>obfirmata</strong></span> <span class='ocrx_word' id='word_1_601' title='bbox 615 2563 777 2596; x_wconf 88' lang='lat' dir='ltr'><strong>valetudine,</strong></span> <span class='ocrx_word' id='word_1_602' title='bbox 794 2572 827 2592; x_wconf 88' lang='lat' dir='ltr'><strong>ex</strong></span> <span class='ocrx_word' id='word_1_603' title='bbox 851 2566 904 2592; x_wconf 89' lang='lat' dir='ltr'><strong>alvi</strong></span> <span class='ocrx_word' id='word_1_604' title='bbox 921 2566 1006 2600; x_wconf 90' lang='lat' dir='ltr'><strong>prollu</strong></span> 
     </span>
    </p>
   </div>
   <div class='ocr_carea' id='block_1_86' title="bbox 233 2607 1017 2641">
    <p class='ocr_par' dir='ltr' id='par_1_86' title="bbox 233 2607 1017 2641">
     <span class='ocr_line' id='line_1_86' title="bbox 233 2607 1017 2641; baseline 0.009 -8"><span class='ocrx_word' id='word_1_605' title='bbox 233 2607 278 2634; x_wconf 87' lang='lat' dir='ltr'><strong>vio</strong></span> <span class='ocrx_word' id='word_1_606' title='bbox 295 2607 446 2641; x_wconf 80' lang='lat' dir='ltr'><strong>debilitata,</strong></span> <span class='ocrx_word' id='word_1_607' title='bbox 462 2608 528 2635; x_wconf 87' lang='lat' dir='ltr'><strong>mira</strong></span> <span class='ocrx_word' id='word_1_608' title='bbox 542 2609 625 2636; x_wconf 90' lang='lat' dir='ltr'><strong>animi</strong></span> <span class='ocrx_word' id='word_1_609' title='bbox 639 2609 780 2637; x_wconf 87' lang='lat' dir='ltr'><strong>alacritate</strong></span> <span class='ocrx_word' id='word_1_610' title='bbox 793 2610 819 2637; x_wconf 92' lang='lat' dir='ltr'><strong>in</strong></span> <span class='ocrx_word' id='word_1_611' title='bbox 837 2611 907 2639; x_wconf 90' lang='lat' dir='ltr'><strong>hanc</strong></span> <span class='ocrx_word' id='word_1_612' title='bbox 924 2613 1017 2640; x_wconf 88' lang='lat' dir='ltr'><strong>urbem</strong></span> 
     </span>
    </p>
   </div>
   <div class='ocr_carea' id='block_1_87' title="bbox 233 2653 399 2681">
    <p class='ocr_par' dir='ltr' id='par_1_87' title="bbox 233 2653 399 2681">
     <span class='ocr_line' id='line_1_87' title="bbox 233 2653 399 2681; baseline 0.012 -2"><span class='ocrx_word' id='word_1_613' title='bbox 233 2659 263 2679; x_wconf 89' lang='lat' dir='ltr'><strong>se</strong></span> <span class='ocrx_word' id='word_1_614' title='bbox 276 2653 399 2681; x_wconf 90' lang='lat' dir='ltr'><strong>contulit.</strong></span> 
     </span>
    </p>
   </div>
   <div class='ocr_carea' id='block_1_88' title="bbox 269 2698 1019 2736">
    <p class='ocr_par' dir='ltr' id='par_1_88' title="bbox 269 2698 1019 2736">
     <span class='ocr_line' id='line_1_88' title="bbox 269 2698 1019 2736; baseline 0.005 -10"><span class='ocrx_word' id='word_1_615' title='bbox 269 2698 320 2726; x_wconf 84' lang='lat' dir='ltr'><strong>Ubi</strong></span> <span class='ocrx_word' id='word_1_616' title='bbox 338 2707 400 2727; x_wconf 85' lang='lat' dir='ltr'><strong>cum</strong></span> <span class='ocrx_word' id='word_1_617' title='bbox 423 2700 520 2727; x_wconf 90' lang='lat' dir='ltr'><strong>ilerutn</strong></span> <span class='ocrx_word' id='word_1_618' title='bbox 543 2701 633 2728; x_wconf 89' lang='lat' dir='ltr'><strong>omnia</strong></span> <span class='ocrx_word' id='word_1_619' title='bbox 645 2701 699 2728; x_wconf 87' lang='lat' dir='ltr'><strong>divi</strong></span> <span class='ocrx_word' id='word_1_620' title='bbox 714 2701 835 2736; x_wconf 77' lang='lat' dir='ltr'><strong>Gregorii</strong></span> <span class='ocrx_word' id='word_1_621' title='bbox 855 2702 1019 2730; x_wconf 84' lang='lat' dir='ltr'><strong>Nazianzeni</strong></span> 
     </span>
    </p>
   </div>
   <div class='ocr_carea' id='block_1_89' title="bbox 233 2747 1021 2784">
    <p class='ocr_par' dir='ltr' id='par_1_89' title="bbox 233 2747 1021 2784">
     <span class='ocr_line' id='line_1_89' title="bbox 233 2747 1021 2784; baseline 0.006 -13"><span class='ocrx_word' id='word_1_622' title='bbox 233 2751 316 2779; x_wconf 88' lang='lat' dir='ltr'><strong>opera</strong></span> <span class='ocrx_word' id='word_1_623' title='bbox 334 2752 478 2781; x_wconf 80' lang='lat' dir='ltr'><strong>repurgata</strong></span> <span class='ocrx_word' id='word_1_624' title='bbox 489 2754 517 2774; x_wconf 87' lang='lat' dir='ltr'><strong>et</strong></span> <span class='ocrx_word' id='word_1_625' title='bbox 529 2747 612 2774; x_wconf 92' lang='lat' dir='ltr'><strong>multo</strong></span> <span class='ocrx_word' id='word_1_626' title='bbox 627 2749 747 2775; x_wconf 87' lang='lat' dir='ltr'><strong>auctiora</strong></span> <span class='ocrx_word' id='word_1_627' title='bbox 766 2748 835 2776; x_wconf 83' lang='lat' dir='ltr'><strong>facta</strong></span> <span class='ocrx_word' id='word_1_628' title='bbox 851 2750 1021 2784; x_wconf 83' lang='lat' dir='ltr'><strong>(conquisitis</strong></span> 
     </span>
    </p>
   </div>
   <div class='ocr_carea' id='block_1_90' title="bbox 235 2790 1023 2822">
    <p class='ocr_par' dir='ltr' id='par_1_90' title="bbox 235 2790 1023 2822">
     <span class='ocr_line' id='line_1_90' title="bbox 235 2790 1023 2822; baseline 0.006 -5"><span class='ocrx_word' id='word_1_629' title='bbox 235 2790 362 2818; x_wconf 87' lang='lat' dir='ltr'><strong>nimirum</strong></span> <span class='ocrx_word' id='word_1_630' title='bbox 383 2793 572 2820; x_wconf 86' lang='lat' dir='ltr'><strong>undecumoue</strong></span> <span class='ocrx_word' id='word_1_631' title='bbox 588 2793 725 2820; x_wconf 87' lang='lat' dir='ltr'><strong>veteribus</strong></span> <span class='ocrx_word' id='word_1_632' title='bbox 743 2793 846 2822; x_wconf 81' lang='lat' dir='ltr'><strong>Graecis</strong></span> <span class='ocrx_word' id='word_1_633' title='bbox 861 2794 1023 2822; x_wconf 79' lang='lat' dir='ltr'><strong>exemplari-</strong></span> 
     </span>
    </p>
   </div>
   <div class='ocr_carea' id='block_1_91' title="bbox 270 2890 825 2928">
    <p class='ocr_par' dir='ltr' id='par_1_91' title="bbox 270 2890 825 2928">
     <span class='ocr_line' id='line_1_91' title="bbox 270 2890 825 2928; baseline 0.007 -10"><span class='ocrx_word' id='word_1_634' title='bbox 270 2891 294 2908; x_wconf 80' lang='lat'><strong>”</strong></span> <span class='ocrx_word' id='word_1_635' title='bbox 312 2890 405 2919; x_wconf 79' lang='lat' dir='ltr'><strong>Matth.</strong></span> <span class='ocrx_word' id='word_1_636' title='bbox 425 2899 499 2927; x_wconf 83' lang='lat' dir='ltr'><strong>xxiv,</strong></span> <span class='ocrx_word' id='word_1_637' title='bbox 514 2892 559 2922; x_wconf 72' lang='lat'><strong>28.</strong></span> <span class='ocrx_word' id='word_1_638' title='bbox 597 2894 618 2910; x_wconf 81' lang='lat'>&quot;</span> <span class='ocrx_word' id='word_1_639' title='bbox 635 2892 684 2922; x_wconf 76' lang='lat' dir='ltr'><strong>Job</strong></span> <span class='ocrx_word' id='word_1_640' title='bbox 696 2901 769 2928; x_wconf 81' lang='lat' dir='ltr'><strong>xxrx,</strong></span> <span class='ocrx_word' id='word_1_641' title='bbox 784 2892 825 2922; x_wconf 87' lang='lat' dir='ltr'><strong>l5.</strong></span> 
     </span>
    </p>
   </div>
   <div class='ocr_carea' id='block_1_92' title="bbox 863 2893 1127 2923">
    <p class='ocr_par' dir='ltr' id='par_1_92' title="bbox 863 2893 1127 2923">
     <span class='ocr_line' id='line_1_92' title="bbox 863 2893 1127 2923; baseline 0 -2"><span class='ocrx_word' id='word_1_642' title='bbox 863 2893 885 2910; x_wconf 84' lang='lat'>&quot;</span> <span class='ocrx_word' id='word_1_643' title='bbox 898 2893 949 2922; x_wconf 85' lang='lat' dir='ltr'><strong>lsa.</strong></span> <span class='ocrx_word' id='word_1_644' title='bbox 969 2900 1084 2923; x_wconf 79' lang='lat' dir='ltr'><strong>xxxvnr.</strong></span> <span class='ocrx_word' id='word_1_645' title='bbox 1101 2893 1127 2921; x_wconf 80' lang='grc' dir='ltr'><strong>ί.</strong></span> 
     </span>
    </p>
   </div>
   <div class='ocr_carea' id='block_1_93' title="bbox 1072 1647 1861 1684">
    <p class='ocr_par' dir='ltr' id='par_1_93' title="bbox 1072 1647 1861 1684">
     <span class='ocr_line' id='line_1_93' title="bbox 1072 1647 1861 1684; baseline -0.003 -8"><span class='ocrx_word' id='word_1_646' title='bbox 1072 1651 1147 1676; x_wconf 88' lang='lat' dir='ltr'><strong>deret</strong></span> <span class='ocrx_word' id='word_1_647' title='bbox 1161 1650 1186 1676; x_wconf 90' lang='lat' dir='ltr'><strong>in</strong></span> <span class='ocrx_word' id='word_1_648' title='bbox 1205 1657 1235 1676; x_wconf 90' lang='lat' dir='ltr'><strong>se</strong></span> <span class='ocrx_word' id='word_1_649' title='bbox 1259 1649 1447 1684; x_wconf 85' lang='lat' dir='ltr'><strong>adimpletum,</strong></span> <span class='ocrx_word' id='word_1_650' title='bbox 1464 1648 1535 1683; x_wconf 92' lang='lat' dir='ltr'><strong>quod</strong></span> <span class='ocrx_word' id='word_1_651' title='bbox 1552 1648 1665 1675; x_wconf 86' lang='lat' dir='ltr'><strong>summis</strong></span> <span class='ocrx_word' id='word_1_652' title='bbox 1688 1647 1758 1675; x_wconf 89' lang='lat' dir='ltr'><strong>votis</strong></span> <span class='ocrx_word' id='word_1_653' title='bbox 1775 1647 1861 1674; x_wconf 76' lang='lat' dir='ltr'><strong>David</strong></span> 
     </span>
    </p>
   </div>
   <div class='ocr_carea' id='block_1_94' title="bbox 1071 1695 1855 1732">
    <p class='ocr_par' dir='ltr' id='par_1_94' title="bbox 1071 1695 1855 1732">
     <span class='ocr_line' id='line_1_94' title="bbox 1071 1695 1855 1732; baseline 0 -10"><span class='ocrx_word' id='word_1_654' title='bbox 1071 1697 1199 1732; x_wconf 84' lang='lat' dir='ltr'><strong>poscebat</strong></span> <span class='ocrx_word' id='word_1_655' title='bbox 1221 1697 1264 1724; x_wconf 82' lang='lat' dir='ltr'><strong>his</strong></span> <span class='ocrx_word' id='word_1_656' title='bbox 1285 1697 1375 1723; x_wconf 88' lang='lat' dir='ltr'><strong>verbis</strong></span> <span class='ocrx_word' id='word_1_657' title='bbox 1394 1705 1401 1724; x_wconf 89' lang='lat'><strong>:</strong></span> <span class='ocrx_word' id='word_1_658' title='bbox 1419 1695 1461 1722; x_wconf 74' lang='lat' dir='ltr'><strong>Ns</strong></span> <span class='ocrx_word' id='word_1_659' title='bbox 1484 1696 1611 1730; x_wconf 73' lang='lat' dir='ltr'><strong>projicias</strong></span> <span class='ocrx_word' id='word_1_660' title='bbox 1636 1704 1676 1722; x_wconf 80' lang='lat' dir='ltr'><strong>me</strong></span> <span class='ocrx_word' id='word_1_661' title='bbox 1697 1697 1725 1722; x_wconf 84' lang='lat' dir='ltr'><strong>in</strong></span> <span class='ocrx_word' id='word_1_662' title='bbox 1744 1701 1855 1730; x_wconf 65' lang='lat' dir='ltr'><strong>tempore</strong></span> 
     </span>
    </p>
   </div>
   <div class='ocr_carea' id='block_1_95' title="bbox 1070 1741 1855 1776">
    <p class='ocr_par' dir='ltr' id='par_1_95' title="bbox 1070 1741 1855 1776">
     <span class='ocr_line' id='line_1_95' title="bbox 1070 1741 1855 1776; baseline -0.003 -7"><span class='ocrx_word' id='word_1_663' title='bbox 1070 1744 1220 1774; x_wconf 68' lang='lat' dir='ltr'><strong>certecrutis,</strong></span> <span class='ocrx_word' id='word_1_664' title='bbox 1241 1750 1300 1769; x_wconf 85' lang='lat' dir='ltr'><strong>cum</strong></span> <span class='ocrx_word' id='word_1_665' title='bbox 1314 1742 1439 1776; x_wconf 80' lang='lat' dir='ltr'><strong>defecerit</strong></span> <span class='ocrx_word' id='word_1_666' title='bbox 1458 1743 1539 1769; x_wconf 77' lang='lat' dir='ltr'><strong>virtus</strong></span> <span class='ocrx_word' id='word_1_667' title='bbox 1554 1749 1623 1774; x_wconf 72' lang='lat' dir='ltr'><strong>nica,</strong></span> <span class='ocrx_word' id='word_1_668' title='bbox 1640 1750 1672 1768; x_wconf 84' lang='lat' dir='ltr'><strong>ne</strong></span> <span class='ocrx_word' id='word_1_669' title='bbox 1692 1741 1855 1776; x_wconf 68' lang='lat' dir='ltr'><strong>derelinquas</strong></span> 
     </span>
    </p>
   </div>
   <div class='ocr_carea' id='block_1_96' title="bbox 1070 1788 1855 1824">
    <p class='ocr_par' dir='ltr' id='par_1_96' title="bbox 1070 1788 1855 1824">
     <span class='ocr_line' id='line_1_96' title="bbox 1070 1788 1855 1824; baseline 0 -9"><span class='ocrx_word' id='word_1_670' title='bbox 1070 1798 1111 1816; x_wconf 81' lang='lat' dir='ltr'><strong>me</strong></span> <span class='ocrx_word' id='word_1_671' title='bbox 1125 1789 1158 1824; x_wconf 79' lang='lat'><strong>&quot;)</strong></span> <span class='ocrx_word' id='word_1_672' title='bbox 1176 1790 1305 1816; x_wconf 82' lang='lat' dir='ltr'><strong>Dominus</strong></span> <span class='ocrx_word' id='word_1_673' title='bbox 1325 1797 1446 1821; x_wconf 83' lang='lat' dir='ltr'><strong>servum,</strong></span> <span class='ocrx_word' id='word_1_674' title='bbox 1463 1789 1533 1816; x_wconf 88' lang='lat' dir='ltr'><strong>Deus</strong></span> <span class='ocrx_word' id='word_1_675' title='bbox 1551 1793 1718 1821; x_wconf 84' lang='lat' dir='ltr'><strong>creaturam,</strong></span> <span class='ocrx_word' id='word_1_676' title='bbox 1731 1790 1784 1815; x_wconf 77' lang='lat' dir='ltr'><strong>&#39;rex</strong></span> <span class='ocrx_word' id='word_1_677' title='bbox 1795 1788 1855 1815; x_wconf 78' lang='lat' dir='ltr'><strong>sub-</strong></span> 
     </span>
    </p>
   </div>
   <div class='ocr_carea' id='block_1_97' title="bbox 1071 1834 1858 1870">
    <p class='ocr_par' dir='ltr' id='par_1_97' title="bbox 1071 1834 1858 1870">
     <span class='ocr_line' id='line_1_97' title="bbox 1071 1834 1858 1870; baseline -0.001 -9"><span class='ocrx_word' id='word_1_678' title='bbox 1071 1835 1166 1868; x_wconf 83' lang='lat' dir='ltr'><strong>ditum,</strong></span> <span class='ocrx_word' id='word_1_679' title='bbox 1182 1842 1304 1862; x_wconf 88' lang='lat' dir='ltr'><strong>summus</strong></span> <span class='ocrx_word' id='word_1_680' title='bbox 1325 1835 1447 1862; x_wconf 90' lang='lat' dir='ltr'><strong>medicus</strong></span> <span class='ocrx_word' id='word_1_681' title='bbox 1472 1839 1613 1870; x_wconf 75' lang='lat' dir='ltr'><strong>aegrotum,</strong></span> <span class='ocrx_word' id='word_1_682' title='bbox 1625 1834 1679 1861; x_wconf 90' lang='lat' dir='ltr'><strong>vita</strong></span> <span class='ocrx_word' id='word_1_683' title='bbox 1699 1834 1858 1861; x_wconf 87' lang='lat' dir='ltr'><strong>morientem</strong></span> 
     </span>
    </p>
   </div>
   <div class='ocr_carea' id='block_1_98' title="bbox 1072 1880 1857 1914">
    <p class='ocr_par' dir='ltr' id='par_1_98' title="bbox 1072 1880 1857 1914">
     <span class='ocr_line' id='line_1_98' title="bbox 1072 1880 1857 1914; baseline 0 -8"><span class='ocrx_word' id='word_1_684' title='bbox 1072 1881 1197 1912; x_wconf 84' lang='lat' dir='ltr'><strong>invisere,</strong></span> <span class='ocrx_word' id='word_1_685' title='bbox 1211 1885 1238 1907; x_wconf 91' lang='lat' dir='ltr'><strong>et</strong></span> <span class='ocrx_word' id='word_1_686' title='bbox 1261 1881 1311 1908; x_wconf 88' lang='lat' dir='ltr'><strong>sub</strong></span> <span class='ocrx_word' id='word_1_687' title='bbox 1328 1884 1427 1907; x_wconf 89' lang='lat' dir='ltr'><strong>tectum</strong></span> <span class='ocrx_word' id='word_1_688' title='bbox 1449 1888 1527 1907; x_wconf 89' lang='lat' dir='ltr'><strong>suum</strong></span> <span class='ocrx_word' id='word_1_689' title='bbox 1548 1880 1652 1908; x_wconf 88' lang='lat' dir='ltr'><strong>irttrare</strong></span> <span class='ocrx_word' id='word_1_690' title='bbox 1671 1880 1795 1914; x_wconf 78' lang='lat' dir='ltr'><strong>dignatus</strong></span> <span class='ocrx_word' id='word_1_691' title='bbox 1809 1880 1857 1912; x_wconf 76' lang='lat' dir='ltr'><strong>sit,</strong></span> 
     </span>
    </p>
   </div>
   <div class='ocr_carea' id='block_1_99' title="bbox 1070 1925 1854 1960">
    <p class='ocr_par' dir='ltr' id='par_1_99' title="bbox 1070 1925 1854 1960">
     <span class='ocr_line' id='line_1_99' title="bbox 1070 1925 1854 1960; baseline 0 -7"><span class='ocrx_word' id='word_1_692' title='bbox 1070 1934 1103 1953; x_wconf 91' lang='lat' dir='ltr'><strong>ac</strong></span> <span class='ocrx_word' id='word_1_693' title='bbox 1119 1934 1180 1954; x_wconf 89' lang='lat' dir='ltr'><strong>curn</strong></span> <span class='ocrx_word' id='word_1_694' title='bbox 1193 1933 1226 1953; x_wconf 89' lang='lat' dir='ltr'><strong>eo</strong></span> <span class='ocrx_word' id='word_1_695' title='bbox 1239 1925 1314 1953; x_wconf 89' lang='lat' dir='ltr'><strong>velut</strong></span> <span class='ocrx_word' id='word_1_696' title='bbox 1331 1926 1358 1952; x_wconf 92' lang='lat' dir='ltr'><strong>in</strong></span> <span class='ocrx_word' id='word_1_697' title='bbox 1375 1926 1446 1954; x_wconf 87' lang='lat' dir='ltr'><strong>lecto</strong></span> <span class='ocrx_word' id='word_1_698' title='bbox 1463 1926 1634 1960; x_wconf 88' lang='lat' dir='ltr'><strong>decumbere,</strong></span> <span class='ocrx_word' id='word_1_699' title='bbox 1646 1927 1764 1960; x_wconf 91' lang='lat' dir='ltr'><strong>quicum</strong></span> <span class='ocrx_word' id='word_1_700' title='bbox 1781 1925 1854 1953; x_wconf 73' lang='lat' dir='ltr'><strong>lose-</strong></span> 
     </span>
    </p>
   </div>
   <div class='ocr_carea' id='block_1_100' title="bbox 1069 1971 1854 2008">
    <p class='ocr_par' dir='ltr' id='par_1_100' title="bbox 1069 1971 1854 2008">
     <span class='ocr_line' id='line_1_100' title="bbox 1069 1971 1854 2008; baseline 0 -9"><span class='ocrx_word' id='word_1_701' title='bbox 1069 1972 1123 2008; x_wconf 90' lang='lat' dir='ltr'><strong>pbo</strong></span> <span class='ocrx_word' id='word_1_702' title='bbox 1135 1972 1222 1999; x_wconf 85' lang='lat' dir='ltr'><strong>fuerat</strong></span> <span class='ocrx_word' id='word_1_703' title='bbox 1234 1972 1260 1999; x_wconf 91' lang='lat' dir='ltr'><strong>in</strong></span> <span class='ocrx_word' id='word_1_704' title='bbox 1272 1980 1394 2004; x_wconf 86' lang='lat' dir='ltr'><strong>carcere,</strong></span> <span class='ocrx_word' id='word_1_705' title='bbox 1407 1977 1434 1999; x_wconf 89' lang='lat' dir='ltr'><strong>et</strong></span> <span class='ocrx_word' id='word_1_706' title='bbox 1443 1980 1503 2000; x_wconf 86' lang='lat' dir='ltr'><strong>cum</strong></span> <span class='ocrx_word' id='word_1_707' title='bbox 1516 1971 1583 2000; x_wconf 83' lang='lat' dir='ltr'><strong>Jona</strong></span> <span class='ocrx_word' id='word_1_708' title='bbox 1600 1972 1626 1999; x_wconf 90' lang='lat' dir='ltr'><strong>in</strong></span> <span class='ocrx_word' id='word_1_709' title='bbox 1641 1972 1723 2007; x_wconf 87' lang='lat' dir='ltr'><strong>piscis</strong></span> <span class='ocrx_word' id='word_1_710' title='bbox 1737 1977 1830 1999; x_wconf 87' lang='lat' dir='ltr'><strong>ventre</strong></span> <span class='ocrx_word' id='word_1_711' title='bbox 1846 1980 1854 1999; x_wconf 89' lang='lat'><strong>:</strong></span> 
     </span>
    </p>
   </div>
   <div class='ocr_carea' id='block_1_101' title="bbox 1069 2018 1854 2053">
    <p class='ocr_par' dir='ltr' id='par_1_101' title="bbox 1069 2018 1854 2053">
     <span class='ocr_line' id='line_1_101' title="bbox 1069 2018 1854 2053; baseline -0.003 -7"><span class='ocrx_word' id='word_1_712' title='bbox 1069 2019 1178 2046; x_wconf 86' lang='lat' dir='ltr'><strong>Amicus</strong></span> <span class='ocrx_word' id='word_1_713' title='bbox 1191 2019 1288 2053; x_wconf 88' lang='lat' dir='ltr'><strong>quippe</strong></span> <span class='ocrx_word' id='word_1_714' title='bbox 1298 2024 1389 2046; x_wconf 83' lang='lat' dir='ltr'><strong>certus</strong></span> <span class='ocrx_word' id='word_1_715' title='bbox 1405 2019 1432 2045; x_wconf 88' lang='lat' dir='ltr'><strong>in</strong></span> <span class='ocrx_word' id='word_1_716' title='bbox 1443 2019 1581 2046; x_wconf 87' lang='lat' dir='ltr'><strong>reincerta</strong></span> <span class='ocrx_word' id='word_1_717' title='bbox 1589 2019 1717 2046; x_wconf 87' lang='lat' dir='ltr'><strong>cernitur.</strong></span> <span class='ocrx_word' id='word_1_718' title='bbox 1724 2018 1854 2050; x_wconf 84' lang='lat' dir='ltr'><strong>Alterum,</strong></span> 
     </span>
    </p>
   </div>
   <div class='ocr_carea' id='block_1_102' title="bbox 1071 2065 1855 2100">
    <p class='ocr_par' dir='ltr' id='par_1_102' title="bbox 1071 2065 1855 2100">
     <span class='ocr_line' id='line_1_102' title="bbox 1071 2065 1855 2100; baseline 0.001 -10"><span class='ocrx_word' id='word_1_719' title='bbox 1071 2065 1142 2099; x_wconf 90' lang='lat' dir='ltr'><strong>qrrod</strong></span> <span class='ocrx_word' id='word_1_720' title='bbox 1162 2066 1306 2092; x_wconf 88' lang='lat' dir='ltr'><strong>commissa</strong></span> <span class='ocrx_word' id='word_1_721' title='bbox 1331 2073 1379 2092; x_wconf 92' lang='lat' dir='ltr'><strong>sua</strong></span> <span class='ocrx_word' id='word_1_722' title='bbox 1395 2066 1556 2100; x_wconf 77' lang='lat' dir='ltr'><strong>gravissime</strong></span> <span class='ocrx_word' id='word_1_723' title='bbox 1579 2065 1747 2098; x_wconf 84' lang='lat' dir='ltr'><strong>detestatus,</strong></span> <span class='ocrx_word' id='word_1_724' title='bbox 1762 2073 1855 2092; x_wconf 86' lang='lat' dir='ltr'><strong>eorum</strong></span> 
     </span>
    </p>
   </div>
   <div class='ocr_carea' id='block_1_103' title="bbox 1069 2111 1854 2146">
    <p class='ocr_par' dir='ltr' id='par_1_103' title="bbox 1069 2111 1854 2146">
     <span class='ocr_line' id='line_1_103' title="bbox 1069 2111 1854 2146; baseline 0.003 -10"><span class='ocrx_word' id='word_1_725' title='bbox 1069 2111 1173 2137; x_wconf 86' lang='lat' dir='ltr'><strong>veniam</strong></span> <span class='ocrx_word' id='word_1_726' title='bbox 1190 2118 1293 2137; x_wconf 86' lang='lat' dir='ltr'><strong>summa</strong></span> <span class='ocrx_word' id='word_1_727' title='bbox 1311 2119 1371 2137; x_wconf 87' lang='lat' dir='ltr'><strong>ctrrn</strong></span> <span class='ocrx_word' id='word_1_728' title='bbox 1386 2112 1551 2146; x_wconf 64' lang='lat' dir='ltr'><strong>paenitudine</strong></span> <span class='ocrx_word' id='word_1_729' title='bbox 1564 2116 1591 2138; x_wconf 89' lang='lat' dir='ltr'><strong>et</strong></span> <span class='ocrx_word' id='word_1_730' title='bbox 1611 2112 1700 2139; x_wconf 86' lang='lat' dir='ltr'><strong>cordis</strong></span> <span class='ocrx_word' id='word_1_731' title='bbox 1718 2111 1854 2139; x_wconf 89' lang='lat' dir='ltr'><strong>contritio-</strong></span> 
     </span>
    </p>
   </div>
   <div class='ocr_carea' id='block_1_104' title="bbox 1070 2156 1856 2192">
    <p class='ocr_par' dir='ltr' id='par_1_104' title="bbox 1070 2156 1856 2192">
     <span class='ocr_line' id='line_1_104' title="bbox 1070 2156 1856 2192; baseline 0.004 -11"><span class='ocrx_word' id='word_1_732' title='bbox 1070 2164 1104 2183; x_wconf 91' lang='lat' dir='ltr'><strong>ne</strong></span> <span class='ocrx_word' id='word_1_733' title='bbox 1125 2156 1240 2190; x_wconf 89' lang='lat' dir='ltr'><strong>petieril.</strong></span> <span class='ocrx_word' id='word_1_734' title='bbox 1254 2157 1281 2182; x_wconf 95' lang='lat' dir='ltr'><strong>lu</strong></span> <span class='ocrx_word' id='word_1_735' title='bbox 1298 2157 1395 2190; x_wconf 84' lang='lat' dir='ltr'><strong>quibus</strong></span> <span class='ocrx_word' id='word_1_736' title='bbox 1412 2161 1465 2184; x_wconf 91' lang='lat' dir='ltr'><strong>tarn</strong></span> <span class='ocrx_word' id='word_1_737' title='bbox 1480 2158 1530 2192; x_wconf 89' lang='lat' dir='ltr'><strong>piis</strong></span> <span class='ocrx_word' id='word_1_738' title='bbox 1542 2163 1568 2185; x_wconf 89' lang='lat' dir='ltr'><strong>et</strong></span> <span class='ocrx_word' id='word_1_739' title='bbox 1580 2157 1745 2192; x_wconf 67' lang='lat' dir='ltr'><strong>elegantibus</strong></span> <span class='ocrx_word' id='word_1_740' title='bbox 1756 2156 1856 2188; x_wconf 74' lang='lat' dir='ltr'><strong>verbis,</strong></span> 
     </span>
    </p>
   </div>
   <div class='ocr_carea' id='block_1_105' title="bbox 1070 2202 1855 2236">
    <p class='ocr_par' dir='ltr' id='par_1_105' title="bbox 1070 2202 1855 2236">
     <span class='ocr_line' id='line_1_105' title="bbox 1070 2202 1855 2236; baseline -0.001 -8"><span class='ocrx_word' id='word_1_741' title='bbox 1070 2207 1116 2228; x_wconf 85' lang='lat' dir='ltr'><strong>aut</strong></span> <span class='ocrx_word' id='word_1_742' title='bbox 1128 2202 1200 2228; x_wconf 87' lang='lat' dir='ltr'><strong>velut</strong></span> <span class='ocrx_word' id='word_1_743' title='bbox 1216 2209 1319 2236; x_wconf 78' lang='lat' dir='ltr'><strong>cygneo</strong></span> <span class='ocrx_word' id='word_1_744' title='bbox 1338 2202 1454 2236; x_wconf 87' lang='lat' dir='ltr'><strong>qrtodarn</strong></span> <span class='ocrx_word' id='word_1_745' title='bbox 1470 2207 1549 2228; x_wconf 88' lang='lat' dir='ltr'><strong>canttt</strong></span> <span class='ocrx_word' id='word_1_746' title='bbox 1569 2209 1632 2229; x_wconf 90' lang='lat' dir='ltr'><strong>usus</strong></span> <span class='ocrx_word' id='word_1_747' title='bbox 1652 2206 1702 2233; x_wconf 85' lang='lat' dir='ltr'><strong>est,</strong></span> <span class='ocrx_word' id='word_1_748' title='bbox 1717 2206 1745 2227; x_wconf 90' lang='lat' dir='ltr'><strong>ut</strong></span> <span class='ocrx_word' id='word_1_749' title='bbox 1765 2205 1855 2228; x_wconf 79' lang='lat' dir='ltr'><strong>astan-</strong></span> 
     </span>
    </p>
   </div>
   <div class='ocr_carea' id='block_1_106' title="bbox 1071 2247 1855 2282">
    <p class='ocr_par' dir='ltr' id='par_1_106' title="bbox 1071 2247 1855 2282">
     <span class='ocr_line' id='line_1_106' title="bbox 1071 2247 1855 2282; baseline 0 -8"><span class='ocrx_word' id='word_1_750' title='bbox 1071 2252 1110 2274; x_wconf 87' lang='lat' dir='ltr'><strong>tes</strong></span> <span class='ocrx_word' id='word_1_751' title='bbox 1135 2247 1161 2274; x_wconf 91' lang='lat' dir='ltr'><strong>in</strong></span> <span class='ocrx_word' id='word_1_752' title='bbox 1191 2247 1232 2274; x_wconf 87' lang='lat' dir='ltr'><strong>sui</strong></span> <span class='ocrx_word' id='word_1_753' title='bbox 1249 2247 1455 2274; x_wconf 84' lang='lat' dir='ltr'><strong>admirationem</strong></span> <span class='ocrx_word' id='word_1_754' title='bbox 1478 2253 1594 2281; x_wconf 84' lang='lat' dir='ltr'><strong>raperet,</strong></span> <span class='ocrx_word' id='word_1_755' title='bbox 1611 2255 1643 2275; x_wconf 87' lang='lat' dir='ltr'><strong>ac</strong></span> <span class='ocrx_word' id='word_1_756' title='bbox 1666 2248 1706 2274; x_wconf 86' lang='lat' dir='ltr'><strong>eis</strong></span> <span class='ocrx_word' id='word_1_757' title='bbox 1721 2247 1855 2282; x_wconf 87' lang='lat' dir='ltr'><strong>lacryrnas</strong></span> 
     </span>
    </p>
   </div>
   <div class='ocr_carea' id='block_1_107' title="bbox 1070 2297 1197 2319">
    <p class='ocr_par' dir='ltr' id='par_1_107' title="bbox 1070 2297 1197 2319">
     <span class='ocr_line' id='line_1_107' title="bbox 1070 2297 1197 2319; baseline 0.008 -1"><span class='ocrx_word' id='word_1_758' title='bbox 1070 2297 1197 2319; x_wconf 81' lang='lat' dir='ltr'><strong>excutere</strong></span> 
     </span>
    </p>
   </div>
   <div class='ocr_carea' id='block_1_108' title="bbox 1107 2337 1856 2372">
    <p class='ocr_par' dir='ltr' id='par_1_108' title="bbox 1107 2337 1856 2372">
     <span class='ocr_line' id='line_1_108' title="bbox 1107 2337 1856 2372; baseline 0 -8"><span class='ocrx_word' id='word_1_759' title='bbox 1107 2337 1197 2364; x_wconf 80' lang='lat' dir='ltr'><strong>Pridie</strong></span> <span class='ocrx_word' id='word_1_760' title='bbox 1221 2345 1284 2364; x_wconf 81' lang='lat' dir='ltr'><strong>vero</strong></span> <span class='ocrx_word' id='word_1_761' title='bbox 1312 2345 1391 2372; x_wconf 87' lang='lat' dir='ltr'><strong>quam</strong></span> <span class='ocrx_word' id='word_1_762' title='bbox 1415 2338 1486 2371; x_wconf 85' lang='lat' dir='ltr'><strong>piam</strong></span> <span class='ocrx_word' id='word_1_763' title='bbox 1511 2337 1613 2364; x_wconf 81' lang='lat' dir='ltr'><strong>efflaret</strong></span> <span class='ocrx_word' id='word_1_764' title='bbox 1633 2337 1750 2364; x_wconf 89' lang='lat' dir='ltr'><strong>animam</strong></span> <span class='ocrx_word' id='word_1_765' title='bbox 1779 2344 1856 2364; x_wconf 82' lang='lat' dir='ltr'><strong>sacro</strong></span> 
     </span>
    </p>
   </div>
   <div class='ocr_carea' id='block_1_109' title="bbox 1070 2383 1854 2417">
    <p class='ocr_par' dir='ltr' id='par_1_109' title="bbox 1070 2383 1854 2417">
     <span class='ocr_line' id='line_1_109' title="bbox 1070 2383 1854 2417; baseline -0.004 -6"><span class='ocrx_word' id='word_1_766' title='bbox 1070 2383 1151 2411; x_wconf 85' lang='lat' dir='ltr'><strong>etiam</strong></span> <span class='ocrx_word' id='word_1_767' title='bbox 1173 2383 1234 2410; x_wconf 90' lang='lat' dir='ltr'><strong>oleo</strong></span> <span class='ocrx_word' id='word_1_768' title='bbox 1254 2383 1345 2417; x_wconf 79' lang='lat' dir='ltr'><strong>inungi</strong></span> <span class='ocrx_word' id='word_1_769' title='bbox 1370 2383 1455 2410; x_wconf 90' lang='lat' dir='ltr'><strong>voluit</strong></span> <span class='ocrx_word' id='word_1_770' title='bbox 1473 2388 1599 2410; x_wconf 89' lang='lat' dir='ltr'><strong>strenuus</strong></span> <span class='ocrx_word' id='word_1_771' title='bbox 1622 2383 1721 2409; x_wconf 89' lang='lat' dir='ltr'><strong>Christi</strong></span> <span class='ocrx_word' id='word_1_772' title='bbox 1743 2383 1854 2415; x_wconf 74' lang='lat' dir='ltr'><strong>athleta,</strong></span> 
     </span>
    </p>
   </div>
   <div class='ocr_carea' id='block_1_110' title="bbox 1071 2428 1855 2463">
    <p class='ocr_par' dir='ltr' id='par_1_110' title="bbox 1071 2428 1855 2463">
     <span class='ocr_line' id='line_1_110' title="bbox 1071 2428 1855 2463; baseline -0.001 -8"><span class='ocrx_word' id='word_1_773' title='bbox 1071 2430 1117 2463; x_wconf 90' lang='lat' dir='ltr'><strong>qui</strong></span> <span class='ocrx_word' id='word_1_774' title='bbox 1136 2428 1235 2455; x_wconf 90' lang='lat' dir='ltr'><strong>bonunt</strong></span> <span class='ocrx_word' id='word_1_775' title='bbox 1265 2435 1405 2456; x_wconf 72' lang='lat' dir='ltr'><strong>certamen</strong></span> <span class='ocrx_word' id='word_1_776' title='bbox 1431 2435 1592 2460; x_wconf 78' lang='lat' dir='ltr'><strong>certaverat,</strong></span> <span class='ocrx_word' id='word_1_777' title='bbox 1607 2436 1715 2456; x_wconf 89' lang='lat' dir='ltr'><strong>cursum</strong></span> <span class='ocrx_word' id='word_1_778' title='bbox 1730 2435 1855 2455; x_wconf 83' lang='lat' dir='ltr'><strong>consum-</strong></span> 
     </span>
    </p>
   </div>
   <div class='ocr_carea' id='block_1_111' title="bbox 1073 2475 1855 2510">
    <p class='ocr_par' dir='ltr' id='par_1_111' title="bbox 1073 2475 1855 2510">
     <span class='ocr_line' id='line_1_111' title="bbox 1073 2475 1855 2510; baseline 0 -10"><span class='ocrx_word' id='word_1_779' title='bbox 1073 2482 1206 2507; x_wconf 83' lang='lat' dir='ltr'><strong>tnaverat,</strong></span> <span class='ocrx_word' id='word_1_780' title='bbox 1226 2475 1305 2502; x_wconf 84' lang='lat' dir='ltr'><strong>fidem</strong></span> <span class='ocrx_word' id='word_1_781' title='bbox 1335 2479 1502 2505; x_wconf 77' lang='lat' dir='ltr'><strong>servaverat.</strong></span> <span class='ocrx_word' id='word_1_782' title='bbox 1524 2483 1557 2502; x_wconf 87' lang='lat' dir='ltr'><strong>ne</strong></span> <span class='ocrx_word' id='word_1_783' title='bbox 1571 2483 1624 2509; x_wconf 90' lang='lat' dir='ltr'><strong>qua</strong></span> <span class='ocrx_word' id='word_1_784' title='bbox 1644 2480 1720 2510; x_wconf 88' lang='lat' dir='ltr'><strong>parte</strong></span> <span class='ocrx_word' id='word_1_785' title='bbox 1735 2482 1855 2508; x_wconf 87' lang='lat' dir='ltr'><strong>compre-</strong></span> 
     </span>
    </p>
   </div>
   <div class='ocr_carea' id='block_1_112' title="bbox 1072 2521 1855 2556">
    <p class='ocr_par' dir='ltr' id='par_1_112' title="bbox 1072 2521 1855 2556">
     <span class='ocr_line' id='line_1_112' title="bbox 1072 2521 1855 2556; baseline -0.003 -8"><span class='ocrx_word' id='word_1_786' title='bbox 1072 2522 1151 2549; x_wconf 92' lang='lat' dir='ltr'><strong>hendi</strong></span> <span class='ocrx_word' id='word_1_787' title='bbox 1171 2526 1262 2556; x_wconf 87' lang='lat' dir='ltr'><strong>posset</strong></span> <span class='ocrx_word' id='word_1_788' title='bbox 1277 2522 1310 2548; x_wconf 91' lang='lat' dir='ltr'><strong>ab</strong></span> <span class='ocrx_word' id='word_1_789' title='bbox 1322 2521 1439 2548; x_wconf 87' lang='lat' dir='ltr'><strong>inimicis</strong></span> <span class='ocrx_word' id='word_1_790' title='bbox 1461 2522 1525 2553; x_wconf 84' lang='lat' dir='ltr'><strong>illis,</strong></span> <span class='ocrx_word' id='word_1_791' title='bbox 1538 2521 1583 2556; x_wconf 86' lang='lat' dir='ltr'><strong>qui</strong></span> <span class='ocrx_word' id='word_1_792' title='bbox 1603 2525 1659 2548; x_wconf 90' lang='lat' dir='ltr'><strong>toto</strong></span> <span class='ocrx_word' id='word_1_793' title='bbox 1673 2521 1780 2554; x_wconf 88' lang='lat' dir='ltr'><strong>quidem</strong></span> <span class='ocrx_word' id='word_1_794' title='bbox 1795 2521 1855 2546; x_wconf 69' lang='lat' dir='ltr'><strong>vita:</strong></span> 
     </span>
    </p>
   </div>
   <div class='ocr_carea' id='block_1_113' title="bbox 1071 2567 1855 2602">
    <p class='ocr_par' dir='ltr' id='par_1_113' title="bbox 1071 2567 1855 2602">
     <span class='ocr_line' id='line_1_113' title="bbox 1071 2567 1855 2602; baseline -0.003 -8"><span class='ocrx_word' id='word_1_795' title='bbox 1071 2573 1202 2602; x_wconf 85' lang='lat' dir='ltr'><strong>tempore,</strong></span> <span class='ocrx_word' id='word_1_796' title='bbox 1219 2568 1266 2594; x_wconf 85' lang='lat' dir='ltr'><strong>sed</strong></span> <span class='ocrx_word' id='word_1_797' title='bbox 1281 2569 1399 2594; x_wconf 77' lang='lat' dir='ltr'><strong>maxime</strong></span> <span class='ocrx_word' id='word_1_798' title='bbox 1421 2568 1546 2595; x_wconf 78' lang='lat' dir='ltr'><strong>calcauco</strong></span> <span class='ocrx_word' id='word_1_799' title='bbox 1565 2572 1657 2594; x_wconf 90' lang='lat' dir='ltr'><strong>nostro</strong></span> <span class='ocrx_word' id='word_1_800' title='bbox 1675 2567 1795 2593; x_wconf 83' lang='lat' dir='ltr'><strong>insidiari</strong></span> <span class='ocrx_word' id='word_1_801' title='bbox 1812 2574 1855 2592; x_wconf 87' lang='lat' dir='ltr'><strong>so-</strong></span> 
     </span>
    </p>
   </div>
   <div class='ocr_carea' id='block_1_114' title="bbox 1068 2611 1855 2647">
    <p class='ocr_par' dir='ltr' id='par_1_114' title="bbox 1068 2611 1855 2647">
     <span class='ocr_line' id='line_1_114' title="bbox 1068 2611 1855 2647; baseline -0.003 -9"><span class='ocrx_word' id='word_1_802' title='bbox 1068 2612 1133 2638; x_wconf 88' lang='lat' dir='ltr'><strong>lent.</strong></span> <span class='ocrx_word' id='word_1_803' title='bbox 1149 2611 1177 2638; x_wconf 87' lang='lat' dir='ltr'><strong>In</strong></span> <span class='ocrx_word' id='word_1_804' title='bbox 1197 2619 1249 2647; x_wconf 84' lang='lat' dir='ltr'><strong>qua</strong></span> <span class='ocrx_word' id='word_1_805' title='bbox 1271 2619 1347 2638; x_wconf 86' lang='lat' dir='ltr'><strong>sacra</strong></span> <span class='ocrx_word' id='word_1_806' title='bbox 1363 2616 1390 2639; x_wconf 91' lang='lat' dir='ltr'><strong>et</strong></span> <span class='ocrx_word' id='word_1_807' title='bbox 1406 2617 1527 2638; x_wconf 79' lang='lat' dir='ltr'><strong>extrema</strong></span> <span class='ocrx_word' id='word_1_808' title='bbox 1542 2613 1667 2639; x_wconf 88' lang='lat' dir='ltr'><strong>unctione</strong></span> <span class='ocrx_word' id='word_1_809' title='bbox 1682 2620 1741 2638; x_wconf 90' lang='lat' dir='ltr'><strong>cum</strong></span> <span class='ocrx_word' id='word_1_810' title='bbox 1757 2619 1772 2638; x_wconf 89' lang='lat' dir='ltr'><strong>a</strong></span> <span class='ocrx_word' id='word_1_811' title='bbox 1789 2612 1855 2637; x_wconf 80' lang='lat' dir='ltr'><strong>San-</strong></span> 
     </span>
    </p>
   </div>
   <div class='ocr_carea' id='block_1_115' title="bbox 1070 2657 1854 2690">
    <p class='ocr_par' dir='ltr' id='par_1_115' title="bbox 1070 2657 1854 2690">
     <span class='ocr_line' id='line_1_115' title="bbox 1070 2657 1854 2690; baseline -0.006 -4"><span class='ocrx_word' id='word_1_812' title='bbox 1070 2659 1213 2686; x_wconf 86' lang='lat' dir='ltr'><strong>severiano</strong></span> <span class='ocrx_word' id='word_1_813' title='bbox 1238 2659 1350 2686; x_wconf 88' lang='lat' dir='ltr'><strong>curione</strong></span> <span class='ocrx_word' id='word_1_814' title='bbox 1375 2666 1424 2685; x_wconf 88' lang='lat' dir='ltr'><strong>suo</strong></span> <span class='ocrx_word' id='word_1_815' title='bbox 1448 2658 1549 2686; x_wconf 83' lang='lat' dir='ltr'><strong>Jacobo</strong></span> <span class='ocrx_word' id='word_1_816' title='bbox 1580 2659 1704 2685; x_wconf 84' lang='lat' dir='ltr'><strong>Prevotio</strong></span> <span class='ocrx_word' id='word_1_817' title='bbox 1732 2657 1854 2690; x_wconf 80' lang='lat' dir='ltr'><strong>llreologo</strong></span> 
     </span>
    </p>
   </div>
   <div class='ocr_carea' id='block_1_116' title="bbox 1071 2703 1853 2734">
    <p class='ocr_par' dir='ltr' id='par_1_116' title="bbox 1071 2703 1853 2734">
     <span class='ocr_line' id='line_1_116' title="bbox 1071 2703 1853 2734; baseline -0.004 -4"><span class='ocrx_word' id='word_1_818' title='bbox 1071 2703 1171 2730; x_wconf 80' lang='lat' dir='ltr'><strong>eximio</strong></span> <span class='ocrx_word' id='word_1_819' title='bbox 1191 2704 1224 2730; x_wconf 88' lang='lat' dir='ltr'><strong>de</strong></span> <span class='ocrx_word' id='word_1_820' title='bbox 1248 2711 1323 2730; x_wconf 92' lang='lat' dir='ltr'><strong>more</strong></span> <span class='ocrx_word' id='word_1_821' title='bbox 1339 2704 1516 2730; x_wconf 69' lang='lat' dir='ltr'><strong>sanctissima:</strong></span> <span class='ocrx_word' id='word_1_822' title='bbox 1538 2704 1643 2730; x_wconf 86' lang='lat' dir='ltr'><strong>Triadis</strong></span> <span class='ocrx_word' id='word_1_823' title='bbox 1659 2703 1853 2734; x_wconf 82' lang='lat' dir='ltr'><strong>misericordia,</strong></span> 
     </span>
    </p>
   </div>
   <div class='ocr_carea' id='block_1_117' title="bbox 1072 2747 1854 2784">
    <p class='ocr_par' dir='ltr' id='par_1_117' title="bbox 1072 2747 1854 2784">
     <span class='ocr_line' id='line_1_117' title="bbox 1072 2747 1854 2784; baseline -0.004 -8"><span class='ocrx_word' id='word_1_824' title='bbox 1072 2754 1099 2776; x_wconf 90' lang='lat' dir='ltr'><strong>et</strong></span> <span class='ocrx_word' id='word_1_825' title='bbox 1116 2750 1236 2776; x_wconf 77' lang='lat' dir='ltr'><strong>caelitum</strong></span> <span class='ocrx_word' id='word_1_826' title='bbox 1264 2749 1454 2784; x_wconf 86' lang='lat' dir='ltr'><strong>imploraretur</strong></span> <span class='ocrx_word' id='word_1_827' title='bbox 1481 2749 1671 2784; x_wconf 86' lang='lat' dir='ltr'><strong>patrocinium,</strong></span> <span class='ocrx_word' id='word_1_828' title='bbox 1693 2749 1721 2775; x_wconf 83' lang='lat' dir='ltr'><strong>in</strong></span> <span class='ocrx_word' id='word_1_829' title='bbox 1743 2747 1854 2782; x_wconf 77' lang='lat' dir='ltr'><strong>singulis</strong></span> 
     </span>
    </p>
   </div>
   <div class='ocr_carea' id='block_1_118' title="bbox 1073 2794 1854 2831">
    <p class='ocr_par' dir='ltr' id='par_1_118' title="bbox 1073 2794 1854 2831">
     <span class='ocr_line' id='line_1_118' title="bbox 1073 2794 1854 2831; baseline -0.003 -10"><span class='ocrx_word' id='word_1_830' title='bbox 1073 2801 1104 2821; x_wconf 88' lang='lat' dir='ltr'><strong>ea</strong></span> <span class='ocrx_word' id='word_1_831' title='bbox 1120 2802 1168 2829; x_wconf 87' lang='lat' dir='ltr'><strong>spe</strong></span> <span class='ocrx_word' id='word_1_832' title='bbox 1191 2799 1218 2822; x_wconf 92' lang='lat' dir='ltr'><strong>et</strong></span> <span class='ocrx_word' id='word_1_833' title='bbox 1244 2794 1341 2822; x_wconf 83' lang='lat' dir='ltr'><strong>fiducia</strong></span> <span class='ocrx_word' id='word_1_834' title='bbox 1369 2796 1558 2831; x_wconf 86' lang='lat' dir='ltr'><strong>respondebat,</strong></span> <span class='ocrx_word' id='word_1_835' title='bbox 1573 2800 1601 2822; x_wconf 85' lang='lat' dir='ltr'><strong>ut</strong></span> <span class='ocrx_word' id='word_1_836' title='bbox 1625 2802 1719 2823; x_wconf 91' lang='lat' dir='ltr'><strong>eorum</strong></span> <span class='ocrx_word' id='word_1_837' title='bbox 1731 2796 1854 2828; x_wconf 84' lang='lat' dir='ltr'><strong>paratam</strong></span> 
     </span>
    </p>
   </div>
   <div class='ocr_carea' id='block_1_119' title="bbox 1166 2893 1395 2927">
    <p class='ocr_par' dir='ltr' id='par_1_119' title="bbox 1166 2893 1395 2927">
     <span class='ocr_line' id='line_1_119' title="bbox 1166 2893 1395 2927; baseline 0.004 -7"><span class='ocrx_word' id='word_1_838' title='bbox 1166 2893 1187 2910; x_wconf 83' lang='lat'><strong>&quot;</strong></span> <span class='ocrx_word' id='word_1_839' title='bbox 1203 2893 1273 2923; x_wconf 81' lang='lat' dir='ltr'><strong>Psal.</strong></span> <span class='ocrx_word' id='word_1_840' title='bbox 1293 2901 1356 2927; x_wconf 81' lang='lat' dir='ltr'><strong>Lxx,</strong></span> <span class='ocrx_word' id='word_1_841' title='bbox 1369 2893 1395 2921; x_wconf 84' lang='lat'><strong>9.</strong></span> 
     </span>
    </p>
   </div>
  </div>
