2070 3135
219 176 273 205 585

817 173 968 201 ELOGIUM
986 172 1102 200 JACOBI
1125 174 1236 202 BILHI.

1786 176 1840 204 588

219 233 270 262 sibi
287 239 376 268 opem,
387 235 413 259 et
429 239 489 260 cum
501 231 585 260 Jaeob
596 235 687 260 castra
703 231 748 259 Dei
760 232 794 264 ",
810 232 864 263 vel,
880 239 940 258 cum
952 230 1004 257 Eli-
1019 232 1041 260 Α
1057 230 1177 258 Natalem
1192 230 1296 258 Domini
1317 230 1397 257 diem.
1411 229 1449 258 De
1464 229 1539 263 cujus
1553 230 1682 266 mysterio
1697 236 1837 267 postquam

220 287 274 307 saec
297 280 388 314 igneos
402 284 429 305 et
445 279 592 309 auxiliares
614 279 686 306 circa
710 285 740 305 se
756 285 840 313 equos
859 282 885 303 et
909 284 1004 303 currus

220 326 312 353 videre
329 325 462 352 videretttr
471 326 512 352 "z
527 325 621 360 Angeli
638 325 706 352 enim
726 324 833 350 Domini
847 324 874 349 in
892 323 1003 349 circuitu

219 372 364 398 timentium
376 372 475 398 eum".
492 370 569 398 Unde
591 370 663 397 nullo
678 377 799 404 unquam
822 374 892 396 metu
909 368 1004 396 mortis

219 421 407 444 consternatus
429 416 565 451 apparuit,
582 415 646 450 quin
660 423 692 442 eo
705 415 824 449 vegetior
837 419 862 441 et
877 414 1003 445 alacrior,

219 470 273 496 quo
287 461 427 495 se'tuajori
451 467 480 488 et
495 461 641 494 potentiori
668 461 798 488 comitum
825 460 964 493 stipatum,
977 462 1004 485 et

220 507 320 542 portui,
340 512 401 542 post
416 507 558 542 trajectum
573 507 651 541 hujus
670 506 760 533 saeculi
781 506 959 540 procedesqu
977 508 1004 531 et

218 553 346 590 periculis
359 553 467 588 plenum
482 553 579 580 fretum
591 574 598 586 ,
613 553 831 588 propinquiorem
854 552 1000 579 sentiebat.

254 600 282 626 In
296 599 347 626 boc
358 603 449 626 autem
465 604 600 634 postremo
613 607 662 626 suo
681 599 774 625 morbo
787 598 1000 632 patientissimus

218 649 246 671 ut
256 645 317 671 aliis
330 644 356 671 in
369 644 493 671 omnibus
506 651 613 678 semper
624 644 684 676 fuit,
702 644 822 678 nihilque
835 644 907 670 aliud
921 651 1000 678 quam

217 690 250 715 de
262 689 326 722 Deo,
342 689 428 723 deque
439 697 542 716 summa
559 689 618 723 ejus
639 695 701 723 erga
713 694 870 723 peccatores
896 689 1001 716 miseri-

217 735 321 765 cordia,
335 734 410 762 Velut
424 739 530 762 vastum
545 734 679 769 quoddam
697 742 771 761 mare
786 735 875 762 omnia
890 739 1000 770 peccata

217 781 366 812 obruente,
389 781 483 808 audire
506 781 624 809 volebat.
645 781 766 815 Ctnnque
787 781 820 808 de
842 789 873 808 ea
903 782 1000 816 smpius

217 828 297 853 verba
315 826 446 859 facerem,
459 831 486 854 et
503 827 536 854 de
561 826 651 854 surculi
666 827 746 862 hujus
771 827 898 860 miseriis,
912 827 1000 863 deque

217 873 257 899 eis
265 873 397 908 oppositis
416 873 521 908 gaudiis
533 874 690 901 ctelestibus
700 881 760 908 quae
775 874 837 902 hinc
853 874 1000 909 emigratu-

216 926 261 945 ros
280 919 362 946 solari
384 923 412 946 et
433 919 587 946 exhilarare
611 918 708 952 solent,
724 919 835 954 jubebat
850 925 877 946 ut
892 920 924 946 de
937 927 1000 954 pec-

215 963 268 989 cati
284 963 364 990 etiatn
380 964 512 996 gravitate
530 969 557 990 et
574 964 668 991 [αξιοι-θ
692 964 827 996 dicerem,
845 972 898 998 qtto
914 964 999 999 magis

216 1016 325 1036 suorum
338 1009 409 1044 (qua:
423 1014 497 1036 certe
511 1009 552 1036 vel
572 1009 654 1041 nulla,
667 1010 709 1037 vel
725 1009 899 1044 paucissima,
914 1017 1000 1044 eaque

214 1062 276 1089 qua:
294 1055 448 1082 humanitus
459 1055 564 1082 admitti
579 1055 677 1088 solent,
696 1061 722 1083 et
736 1063 750 1082 a
761 1056 859 1091 quibus
870 1056 913 1082 vix
927 1056 998 1090 opti-

214 1107 276 1127 mus
289 1100 402 1134 quisque
410 1108 439 1127 se
449 1101 586 1127 vindicare
601 1105 698 1135 potest,
709 1101 735 1127 in
743 1108 776 1128 eo
787 1108 903 1135 unquam
913 1101 1000 1128 anim-

215 1145 317 1172 adverti
331 1154 338 1173 :
351 1146 398 1172 sed
408 1147 497 1180 justus
512 1151 548 1172 est
557 1146 629 1180 prior
641 1151 779 1173 accusator
786 1147 828 1173 aui
839 1146 872 1182 "’)
882 1154 944 1174 eum
954 1152 999 1174 tte-

214 1191 300 1222 deret,
317 1191 465 1226 majorique
492 1191 584 1219 dolore
608 1197 635 1219 et
659 1192 772 1219 horrore
797 1197 997 1221 concuteretur.

214 1236 352 1265 Gaudebat
368 1243 396 1264 et
416 1238 616 1273 Psalmograplti
634 1239 811 1267 Itemisticltiis
828 1239 861 1266 ad
880 1240 1000 1267 excitan-

213 1283 275 1310 dam
297 1291 372 1311 suam
391 1288 418 1310 et
442 1288 569 1317 mentem,
592 1288 620 1311 et
646 1285 804 1312 memoriam
829 1292 922 1312 eorum
941 1293 1000 1320 qua:

212 1329 269 1364 ipse
280 1337 361 1356 sanus
379 1330 412 1356 ad
426 1330 521 1356 tnortis
536 1330 627 1365 (quam
644 1329 720 1358 lautus
730 1336 757 1357 et
773 1331 884 1365 pervigil
901 1338 998 1366 exspe-

212 1374 301 1401 ctabat
318 1382 326 1400 :
347 1374 446 1408 quippe
461 1375 502 1401 cui
517 1375 607 1402 vivere
620 1375 755 1407 Gltristus,
769 1381 797 1403 et
815 1376 884 1403 mori
897 1376 1000 1403 lucrum

215 1416 329 1451 esset")
341 1418 469 1444 viaticum
481 1417 532 1444 sibi
551 1422 701 1452 paraverat.
718 1418 786 1446 Nam
804 1420 898 1454 paucis
921 1421 1000 1448 audi-

219 1461 252 1489 tis
260 1461 404 1497 (siquidem
418 1463 494 1496 plura
507 1463 566 1498 ejus
577 1464 716 1491 cerebrum
729 1464 800 1493 ferre
816 1473 868 1493 non
884 1470 1001 1506 poterat)

212 1506 271 1540 ipse
282 1513 374 1541 postea
387 1507 500 1535 sublatis
512 1516 620 1544 semper
632 1509 657 1535 in
669 1509 752 1536 altum
762 1510 848 1538 oculis
860 1511 917 1539 haec
931 1513 1003 1547 apud

213 1559 243 1580 se
257 1553 400 1586 meditans,
415 1558 443 1580 et
459 1561 534 1581 more
551 1554 712 1582 tnuudorum
731 1556 887 1584 animalium
911 1558 997 1584 rumi-

213 1605 282 1626 nans
300 1599 375 1626 velut
386 1600 413 1626 in
425 1600 522 1627 caelum
538 1600 703 1635 rapiebatur.
718 1601 840 1637 Cumque
850 1603 888 1630 illi
900 1611 997 1638 perpe-

213 1648 259 1672 tuo
274 1645 434 1677 assiderem,
445 1650 472 1672 et
483 1645 546 1680 quid
557 1651 648 1680 ageret
663 1648 760 1675 tacitus
774 1648 918 1683 aliquando
930 1657 997 1676 eon~

213 1696 368 1728 temptarer,
386 1693 442 1727 ipse
459 1692 614 1721 meditando
624 1693 663 1721 vel
677 1695 814 1728 precando
826 1695 931 1723 fessus:
943 1697 998 1732 Age

213 1745 285 1771 vero,
305 1738 454 1773 inquiebat,
472 1738 516 1766 die
537 1739 648 1773 aliquid.
662 1739 729 1766 Tum
748 1747 798 1775 ego
811 1741 843 1768 de
870 1741 997 1772 thesauro

213 1783 311 1811 biblico
325 1783 494 1819 proferebam
521 1783 602 1812 modo
617 1791 685 1812 nova
709 1786 843 1819 quaedam,
856 1787 935 1814 modo
949 1795 996 1815 ve-

213 1834 269 1857 tera
279 1830 313 1863 ",
332 1837 432 1864 eosque
459 1829 542 1857 animi
567 1830 653 1863 cibos,
675 1830 775 1866 quibus
796 1839 858 1859 eum
883 1832 998 1861 libenter

211 1874 294 1907 vesci,
318 1874 462 1908 palatoque
480 1874 538 1909 ejus
557 1875 678 1902 arridere
694 1875 728 1902 ad
752 1875 880 1904 Rebeceae
906 1877 997 1905 imitaa

211 1921 311 1948 tionem
333 1928 472 1948 noveram.
491 1920 619 1948 Dicebam
644 1925 671 1948 et
694 1922 726 1948 de
749 1921 898 1950 salutifera:
908 1924 997 1952 crucis

211 1966 359 2001 mysterio,
380 1966 457 2001 cujus
481 1966 624 2001 imaginem
640 1985 648 1998 ,
666 1972 694 1993 ut
717 1974 810 1994 verum
843 1973 997 2003 serpentem

212 2019 314 2040 aeneum
328 2012 361 2039 ab
374 2012 500 2040 omnibus
514 2013 652 2040 venenatis
666 2013 768 2048 antiqui
783 2014 916 2048 serpentis
925 2022 997 2042 mor-

212 2058 286 2086 sibus
306 2063 456 2090 curantem,
471 2058 533 2085 ﬁxis
553 2058 638 2086 oculis
653 2058 806 2086 intuebatur
816 2059 838 2091 ¹.
851 2059 995 2087 osculaba-

213 2109 266 2137 tur,
286 2104 489 2139 amplexabatur
506 2114 512 2131 :
530 2105 650 2139 hacque,
664 2105 736 2132 velut
761 2105 834 2132 scala
852 2104 947 2138 Jacob,
962 2105 996 2133 ad

214 2149 354 2176 Dominum
380 2149 430 2183 ipsi
449 2149 569 2177 innixutn
594 2155 622 2177 et
639 2150 776 2185 sullixum,
793 2158 825 2178 ac
848 2151 898 2178 sibi
919 2151 996 2186 quasi

213 2203 321 2222 manum
338 2195 399 2222 inde
413 2196 593 2231 porrigentem
615 2196 682 2230 rapi,
698 2201 726 2224 et
740 2197 766 2224 in
786 2197 882 2225 caelum
898 2205 995 2225 ascen—

1014 901 1036 928 Β

1010 1571 1032 1600 C

1056 276 1136 302 nntlta
1159 284 1201 303 nte
1219 276 1352 303 dicentem
1369 275 1511 307 audiisset,
1522 280 1549 303 et
1564 276 1639 311 plura
1654 277 1710 310 ipse
1724 278 1837 305 medita-

1055 327 1097 348 tus
1112 322 1208 348 fuisset
1223 322 1295 356 (nam
1312 329 1361 348 vox
1387 322 1424 348 illi
1440 321 1605 355 impediente
1619 321 1738 350 ﬂuxione
1750 323 1836 351 libera

1055 376 1107 395 non
1129 369 1198 404 erat)
1227 368 1293 395 hora
1320 376 1390 395 nona
1415 368 1547 399 serotina,
1565 368 1690 403 pulsante
1708 369 1838 397 Sorbonte

1054 422 1194 448 campana,
1210 414 1283 440 velut
1298 421 1327 440 se
1342 414 1375 440 ad
1389 421 1514 440 somnum
1531 414 1730 448 compositurus
1747 415 1838 442 :Sub-

1054 461 1144 487 vehite
1168 468 1220 490 me,
1240 460 1277 486 ait
1303 459 1465 486 astantibus.
1484 459 1545 486 Mox
1570 467 1635 494 ego,
1661 461 1705 495 qui
1724 469 1758 489 ex
1779 461 1838 496 ejus

1053 505 1143 532 verbis
1165 504 1281 538 aliquam
1306 503 1413 530 dicendi
1437 504 1610 531 occasionem
1626 511 1733 538 semper
1745 511 1838 540 capta-

1052 550 1125 581 bam,
1143 555 1170 578 et
1188 550 1292 577 vultum
1317 549 1374 583 ejus
1390 548 1445 583 jam
1464 549 1600 576 immutari
1622 550 1743 577 videbam
1761 559 1767 576 :
1786 552 1836 584 En,

1052 596 1108 628 aio,
1126 595 1271 622 subvectus
1293 602 1321 622 es
1336 603 1344 621 2
1365 596 1412 621 sed
1435 594 1526 627 altius,
1544 600 1571 621 et
1589 595 1615 621 in
1628 595 1725 622 coelqu
1749 597 1835 630 ipsum

1052 641 1250 668 subvehendus.
1267 641 1336 667 Ecce
1358 641 1458 667 chorus
1471 640 1639 675 angelorum,
1653 646 1679 668 et
1693 642 1737 668 ille
1753 638 1837 669 coele-

1052 688 1100 715 stis
1114 687 1214 714 militiae
1236 687 1382 719 exercitus,
1403 686 1448 721 qui
1470 687 1551 714 hodie
1567 687 1600 714 de
1613 687 1690 714 caelis
1710 686 1736 714 in
1759 695 1836 714 mun-

1052 733 1114 760 dum
1140 733 1279 760 descendit
1305 734 1339 760 ad
1363 733 1546 768 personandas
1571 734 1618 761 Dei
1637 733 1741 766 laudes,
1760 738 1787 761 et
1802 733 1836 761 ad

1050 780 1109 815 pios
1127 787 1220 806 omnes
1234 779 1438 812 exhilarandos,
1453 781 1486 807 ad
1510 785 1536 807 te
1550 781 1632 807 etiam
1648 781 1761 808 accessit
1771 801 1778 813 ,
1793 786 1835 809 te-

1050 833 1102 860 que
1119 827 1287 857 circumstat,
1308 826 1346 852 illi
1366 826 1492 859 adjuneto
1508 826 1591 854 fratre
1614 832 1658 854 tuo
1673 835 1688 854 a
1701 826 1832 854 Gallione.

1052 871 1126 906 (Erat
1141 872 1213 898 enim
1243 873 1267 899 ei
1291 871 1375 899 frater
1400 871 1445 899 ille
1466 872 1540 906 prior
1562 879 1637 899 novat
1663 872 1833 901 Charlltusizs

1050 917 1230 945 Gallionensis
1254 918 1431 945 charissimus
1456 922 1483 945 et
1499 918 1754 953 desideratissimus,
1772 927 1834 947 eum

1049 969 1160 998 propter
1175 968 1279 992 natura:
1293 969 1321 991 et
1345 972 1450 999 magna:
1463 964 1680 998 necessitudinis,
1698 974 1757 1001 qum
1783 966 1835 994 illis

1050 1011 1083 1037 ab
1104 1010 1216 1037 infantia
1236 1011 1445 1043 intercesserat,
1471 1011 1622 1044 vinculum,
1643 1015 1698 1038 tum
1726 1017 1836 1047 propter

1050 1055 1214 1090 singularem
1230 1055 1312 1082 animi
1329 1055 1388 1089 ejus
1407 1055 1563 1088 candorem,
1580 1061 1607 1083 et
1622 1063 1754 1083 summam
1774 1057 1835 1084 vita;

1050 1099 1253 1134 integritatem.)
1268 1099 1316 1131 En.
1333 1107 1405 1131 ecce,
1418 1100 1470 1133 aio,
1481 1100 1508 1127 hi
1524 1105 1550 1127 te
1567 1108 1660 1128 omnes
1675 1106 1767 1135 aperto
1774 1102 1834 1128 sinu

1049 1150 1077 1173 et
1089 1145 1175 1173 obviis
1190 1145 1260 1172 ulnis
1275 1145 1411 1180 excepturi
1432 1151 1641 1180 exspectant,eo
1654 1154 1716 1182 erga
1731 1152 1771 1179 te,
1782 1155 1835 1181 quo

1050 1198 1114 1226 erga
1130 1189 1276 1222 Lazarum,
1292 1189 1409 1217 functuri
1422 1190 1520 1224 oﬂlcio,
1532 1195 1615 1225 utque
1631 1192 1694 1219 hinc
1709 1200 1768 1219 cttm
1781 1193 1835 1220 illis

1050 1236 1077 1263 in
1097 1235 1196 1263 ctelum
1213 1235 1323 1269 migres.
1338 1234 1417 1267 Tum,
1438 1234 1524 1262 Amen
1554 1236 1678 1270 inquiens
1691 1237 1836 1272 (praesente

1050 1285 1077 1308 et
1090 1281 1215 1308 audiente
1231 1280 1368 1307 communi
1380 1280 1468 1308 amico
1480 1280 1662 1317 Genebrardo)
1673 1282 1835 1311 obdormivit

1051 1327 1077 1353 in
1095 1327 1208 1353 Dotnino
1227 1326 1298 1353 inter
1320 1333 1394 1354 meos
1411 1326 1567 1361 amplexus,
1588 1333 1730 1363 postquam
1747 1337 1834 1357 annos

1051 1372 1111 1408 plus
1125 1372 1217 1408 viginti
1233 1373 1375 1400 continuos
1395 1372 1474 1400 simul
1494 1374 1658 1402 amicissime
1671 1381 1699 1402 et
1717 1374 1747 1402 in
1763 1381 1835 1403 utra-

1052 1425 1103 1453 que
1117 1417 1222 1445 fortuna
1237 1418 1336 1445 versati
1350 1425 1453 1451 sumus,

1088 1463 1181 1491 Dicere
1201 1463 1273 1490 enim
1300 1463 1446 1498 aliquando
1470 1463 1575 1491 solebat
1592 1471 1652 1491 cum
1670 1465 1703 1492 de
1717 1472 1759 1492 me
1774 1465 1835 1494 aliis

1053 1516 1190 1537 sermones
1202 1513 1321 1541 sereret,
1340 1517 1389 1536 nos
1408 1509 1516 1536 dextras
1532 1510 1667 1538 societatis
1686 1510 1737 1547 (sic
1762 1511 1834 1539 enim

1053 1555 1086 1583 de
1101 1556 1209 1582 alumno
1223 1562 1272 1587 suo
1285 1553 1371 1582 amice
1386 1554 1457 1589 loqui
1471 1554 1582 1590 solebat)
1593 1555 1707 1587 dedisse,
1725 1556 1794 1583 nulla
1809 1556 1835 1584 vi

1049 1601 1099 1628 nisi
1114 1601 1208 1628 mortis
1223 1601 1425 1636 disjungendas.
1436 1601 1512 1635 Quod
1526 1609 1632 1629 summo
1645 1602 1690 1629 Dei
1703 1602 1835 1631 beneﬁcio

1048 1648 1118 1674 inter
1137 1648 1189 1675 alia
1205 1648 1287 1674 multa
1314 1647 1378 1674 mihi
1407 1647 1531 1683 contigit.
1549 1647 1603 1675 Nec
1620 1648 1692 1676 enim
1711 1648 1764 1676 ullo
1781 1649 1834 1676 alio

1047 1701 1165 1728 unquam
1185 1694 1288 1720 diutius
1307 1697 1336 1720 et
1353 1693 1514 1720 familiarius
1529 1700 1594 1721 usus
1615 1698 1666 1725 est,
1687 1701 1737 1722 nec
1755 1694 1833 1722 alteri

1047 1740 1172 1774 cuiquam
1189 1739 1226 1774 (ni
1242 1738 1332 1773 fallor)
1350 1746 1397 1765 sua
1411 1738 1537 1766 libentius
1554 1746 1586 1766 ac
1606 1739 1710 1767 ﬁdelius
1733 1748 1832 1768 arcana

1047 1784 1192 1813 commisit.
1205 1785 1278 1818 Quas
1295 1785 1329 1811 ob
1347 1792 1400 1816 res,
1417 1790 1443 1812 et
1457 1784 1483 1811 in
1504 1784 1574 1819 grati
1601 1785 1682 1812 animi
1708 1786 1834 1814 testiﬁca-

1047 1831 1149 1858 tionem
1161 1830 1212 1857 hoc
1221 1830 1279 1864 ejus
1290 1830 1406 1865 elogium
1422 1830 1531 1864 scripsi,
1545 1830 1623 1864 eique
1633 1830 1834 1859 luctuosissime

1047 1876 1197 1911 parentavi.
1212 1875 1285 1903 Obiit
1297 1881 1385 1903 autetn
1402 1883 1495 1903 servus
1510 1876 1628 1908 Domini,
1641 1881 1668 1904 et
1682 1877 1832 1905 litterarum

1047 1922 1129 1949 decus
1142 1929 1213 1948 anno
1235 1921 1321 1948 :etatis
1337 1927 1392 1948 suae
1415 1921 1619 1955 quadragesimo
1636 1921 1766 1956 septimo,
1780 1921 1833 1949 Lu-

1048 1967 1120 1994 tetia:
1138 1967 1322 1999 Parisiorum,
1337 1966 1363 1994 in
1389 1966 1491 1993 aedibus
1515 1965 1596 1993 amici
1618 1965 1833 1995 GilbertiGene-

1048 2012 1140 2040 brardi
1159 2012 1273 2047 theologi
1292 2012 1462 2046 Parisiensis,
1474 2013 1625 2039 divinarum
1637 2012 1831 2041 llebraicarum

1047 2057 1198 2085 litterarum
1224 2052 1397 2092 professoris,
1422 2065 1492 2084 anno
1514 2058 1610 2085 salutis
1630 2065 1750 2085 loLxxxt
1766 2058 1831 2086 hora

1047 2111 1118 2130 nona
1135 2103 1254 2130 serotina
1271 2103 1322 2130 diei
1352 2103 1422 2130 illius
1437 2110 1490 2137 quo
1512 2102 1638 2130 Christus
1657 2103 1784 2130 Dominus
1805 2105 1832 2130 in

1046 2149 1177 2176 mundutn
1189 2149 1272 2182 venit,
1285 2154 1314 2176 ut
1336 2156 1409 2182 eum,
1425 2153 1591 2182 caeterosque
1609 2148 1667 2182 pios
1681 2148 1741 2183 ejus
1755 2148 1831 2175 simi—

1047 2194 1086 2221 les
1100 2195 1126 2221 in
1140 2194 1236 2222 caelum
1250 2198 1411 2222 assumeret.
1424 2193 1488 2229 Ejus
1503 2201 1600 2228 corpus
1616 2193 1707 2221 multis
1723 2194 1830 2227 studiis,

212 2238 277 2266 dere
292 2239 433 2267 videbatur
448 2240 469 2268 ¹.
484 2241 596 2268 Accersi
610 2246 638 2268 et
655 2241 798 2276 ipsejussit
818 2242 929 2275 amicos,
947 2242 997 2269 ali-
1012 2241 1037 2270 D
1050 2241 1159 2276 vigiliis,
1172 2249 1204 2268 ac
1217 2240 1352 2268 laboribus
1373 2248 1422 2275 pro
1444 2239 1490 2267 Dei
1517 2238 1637 2266 Ecclesia
1653 2240 1716 2267 dum
1730 2240 1833 2268 viveret

213 2292 282 2319 quos
305 2286 442 2320 theologos
461 2286 535 2313 viros
560 2286 653 2314 doctos
667 2291 694 2313 et
709 2287 784 2321 pios,
798 2295 911 2323 quorum
930 2295 997 2316 con-

213 2329 358 2357 solationes
377 2329 553 2358 libentissime
577 2330 737 2365 excipiebat.

248 2374 285 2402 lla
299 2379 442 2410 prorogata
458 2380 500 2402 est
514 2374 552 2402 illi
575 2375 629 2403 vita
646 2377 719 2410 (nam
734 2380 790 2403 toto
806 2383 873 2411 pene
887 2377 995 2404 Adven-

213 2425 257 2448 tus
271 2424 391 2456 tempore
404 2421 430 2448 in
450 2420 520 2448 lecto
536 2421 710 2452 decumbens.
728 2428 771 2453 eo.
786 2422 859 2449 velut
871 2428 995 2458 suggesta

213 2466 240 2493 in
253 2466 430 2501 medicandis
450 2466 498 2494 Dei
511 2466 636 2495 laudibus
664 2473 728 2494 usus
746 2468 798 2504 est)
819 2468 846 2495 in
871 2474 992 2497 sanctam

243 2588 266 2605 "
278 2588 346 2618 Gen.
361 2596 448 2621 xxx",
459 2589 487 2617 2.
523 2590 546 2606 ⁹¹
557 2588 591 2617 IV
603 2589 668 2624 Reg.
685 2598 715 2620 tt.
732 2589 773 2617 ll.

213 2631 272 2658 xm,
289 2624 331 2652 52.
369 2625 378 2641 ⁸
393 2623 474 2653 Num.
484 2633 541 2660 xxI,
558 2626 585 2654 8.
622 2626 632 2641 ¹
645 2623 713 2654 Gen.
726 2633 821 2659 xxvut,
838 2625 881 2657 12,
897 2625 940 2653 15.

810 2590 834 2606 θ’
846 2589 915 2617 Psal.
931 2598 1033 2625 xxxttt,
1053 2589 1080 2618 8.

1049 2286 1192 2321 protritum
1209 2291 1238 2314 et
1250 2287 1422 2320 exhaustum,
1437 2286 1464 2314 in
1487 2287 1571 2314 choro
1585 2286 1651 2314 tedis
1666 2286 1767 2314 Sancto
1784 2286 1833 2314 Se-

1050 2332 1143 2359 verino
1157 2339 1240 2359 saerte
1263 2332 1296 2359 ad
1320 2332 1410 2367 magni
1433 2331 1527 2359 altaris
1548 2332 1670 2360 dextram
1686 2332 1785 2360 dormit
1804 2333 1831 2360 in

1049 2377 1168 2412 pulvere,
1182 2377 1269 2404 donec
1279 2384 1293 2404 a
1310 2376 1423 2405 Domino
1437 2377 1580 2409 excitetur,
1595 2384 1628 2405 ac
1639 2378 1726 2405 beata:
1736 2377 1832 2405 animae

1049 2427 1202 2451 sanctorum
1222 2422 1344 2450 laborum
1368 2430 1480 2451 suorum
1502 2423 1584 2451 sociae
1605 2428 1634 2451 et
1648 2424 1766 2452 consorti
1781 2423 1832 2451 ite-

1049 2475 1108 2495 rum
1124 2467 1241 2496 uniatur.

1119 2591 1141 2607 ³⁷
1152 2589 1232 2618 Prov.
1244 2597 1321 2625 xvm,
1335 2591 1381 2620 17.
1421 2592 1445 2609 ⁸⁸
1456 2592 1571 2625 Philipp.
1583 2601 1604 2625 ι,
1615 2592 1660 2620 21.
1697 2593 1721 2610 ”
1733 2591 1827 2620 Matth.

1421 2592 1445 2609 ο·
1456 2592 1571 2628 Philipp.
1583 2592 1660 2626 1,2l.
