2070 3135
184 171 237 199 539

571 234 595 262 Β

221 304 371 332 Felicitatis
395 304 536 341 praesentis
571 305 742 333 conservatio
757 326 764 337 ,
788 311 815 332 et
839 314 972 341 arguti-mn

189 347 332 371 corporum
346 340 451 366 curatio
463 360 470 372 ,
866 340 873 341 7
913 342 973 368 170.

203 372 298 402 'Fidei
315 375 478 407 desertores,
496 379 523 402 et
543 382 635 402 semen
653 383 732 410 supra
747 382 849 410 [tetram
873 378 971 403 sit‘cattl

191 410 352 437 seminatnm
363 429 371 441 ,
928 411 971 438 8:2.

226 444 318 471 Fidem
341 448 458 471 nostram
486 445 630 472 irridentes
649 449 679 471 ut
702 445 843 478 incertam,
872 451 900 473 et
925 447 970 479 qui

190 479 328 507 oculorqu
344 480 384 506 vel
397 480 512 512 ;aurium
528 480 592 506 vitio
609 480 750 513 laborant,
926 481 970 507 55.

225 514 308 541 Filius
321 514 377 546 Dei,
393 519 419 540 et
434 515 497 540 solis
513 515 649 549 splendor,
908 517 972 542 582.

224 549 309 576 Filius
321 549 367 575 Dei
386 549 466 576 homo
479 550 573 582 lactus,
590 556 617 577 et
633 550 671 577 sol
688 550 759 577 nube
773 555 868 582 Icelus,
906 551 970 578 903.

226 584 309 610 Filius
326 583 370 610 Dei
384 584 540 617 iniquitates
555 590 660 611 nostras
675 585 701 612 in
725 593 753 611 se
767 587 925 619 suscipiens,
945 591 972 611 et

191 620 259 652 ignis
274 627 363 645 ceram
377 619 533 652 conﬁt-iens,
550 624 596 646 attt
611 620 691 647 etiam
707 620 770 647 solis
788 622 877 647 radius
895 626 973 647 tcrrre

189 661 315 685 vaporem
331 654 486 683 absumens,
901 656 972 682 .5t5.

224 688 308 716 Filius
325 689 382 721 Dei,
396 693 423 715 et
439 688 555 723 Spiritus
570 693 690 722 sanctus,
703 694 731 717 et
745 689 835 716 lumen
850 699 882 717 ex

225 758 407 786 Fortunarum
425 758 545 785 omnium
563 766 671 786 suarum
687 759 807 793 pcricttlo
821 761 971 792 diuticane,

189 799 216 821 et
230 794 314 821 malus
332 794 412 829 pugili
429 802 474 820 seu
489 794 569 821 etiam
584 796 747 828 gubernator
764 797 840 822 navis
852 814 859 827 ,
886 802 892 808 ‘
908 795 970 823 152,

577 871 599 900 G
950 878 974 914 ἓ

703 173 744 200 EX
766 172 936 201 OPERIBUS
955 173 1119 203 GREGORH
1138 176 1320 205 COLLECTA

1761 176 1813 205 390

1418 239 1433 268 .l

1065 306 1200 343 Julianus,
1222 314 1247 335 ρι
1264 309 1412 343 Rapsaces.
1432 308 1494 340 158.
1512 311 1539 335 et
1553 308 1642 339 simia,
1751 309 1813 337 I59.

1064 342 1197 380 J_nlianus,
1214 349 1241 370 et
1262 342 1311 378 qui
1329 349 1478 372 sementem
1498 344 1572 377 l'acit,
1598 348 1645 371 aut
1657 344 1703 379 qui
1724 344 1812 380 ignem

1025 378 1141 409 excitat,
1666 378 1673 379 7
1736 378 1811 407 7457.

1060 411 1194 448 lulianus,
1210 418 1237 440 et
1252 414 1373 441 Aitnrcns
1386 415 1466 448 ignis,
1749 413 1810 441 {'20.

1061 446 1196 480 Julianus,
1213 455 1239 475 et
1256 446 1440 482 Citam-adeon,
1458 449 1522 482 105,
1535 449 1577 477 vel
1592 450 1677 511 etiabntil
1687 448 1811 511 Prptﬂtg.

1622 494 1631 511 ι
1650 493 1657 511 I
1680 504 1687 511 .
1706 492 1721 511 e
1803 503 1810 510 .

1622 485 1687 511 ibid.
1706 490 1734 511 et
1748 485 1810 511 “8.

1062 517 1183 545 Julianus
1197 519 1327 546 adversus
1342 518 1522 552 Christianos,
1539 523 1566 546 et
1583 525 1706 552 venator,
1748 519 1809 546 106.

1062 552 1194 588 Julianus,
1212 559 1238 579 ct
1254 555 1270 579 ii
1286 555 1329 585 qui
1346 555 1413 581 CllllS
1430 556 1546 582 toxicum
1564 555 1728 588 immiscent,
1748 554 1810 582 H7.

1061 587 1183 615 Julianus
1199 590 1359 621 nmltiplii-es
1375 589 1536 617 Christianis
1550 587 1751 624 persecutiones
1766 597 1812 623 pa-

1025 629 1098 658 rans,
1114 628 1141 649 et
1158 625 1248 655 draco,
1265 629 1344 658 atque
1362 625 1442 650 etiatn
1461 625 1570 658 fulmen,
1749 625 1810 651 ηε.

1062 657 1184 695 Julianus
1202 667 1277 685 suam
1294 657 1434 686 occultans
1449 660 1614 694 impietatem
1632 681 1640 692 ,
1656 665 1683 687 et
1698 660 1766 695 ignis
1784 659 1811 686 in

1025 692 1139 719 obscura
1159 692 1186 719 et
1205 701 1295 723 crassa
1324 696 1437 721 materia
1463 692 1565 729 latens,
1587 695 1628 722 vel
1653 692 1741 723 lontés
1764 701 1812 729 per

1025 735 1121 761 specus
1135 729 1262 762 quosdam
1280 729 1392 756 ﬂuentes
1403 749 1411 760 ,
1764 729 1809 757 90.

1060 762 1190 790 Iuventus
1209 764 1345 798 imperita,
1359 769 1386 791 et
1403 765 1539 792 temeritas
1561 765 1725 799 inconsulta,
1764 763 1809 792 48.

1407 854 1431 884 L

228 941 373 975 Gregorius
397 940 556 978 acerbitate__
571 945 597 968 et
630 943 759 970 mmstitia
783 942 922 978 impletus.
946 949 974 972 et
990 915 1011 943 Β
1024 977 1036 978 η
1048 933 1113 978 γιθδξ
1129 939 1213 978 "0!!"
1249 938 1276 961 “l
1299 938 1427 967 memcus'
1440 935 1482 962 vel
1498 935 1578 962 “iam
1594 943 1711 970 Ρ¹Ί¹υ⁸¹¹⁵
1725 942 1810 978 e‘l'l‘i'

187 985 332 1014 puerorum
344 978 376 1003 ad
392 977 505 1014 fulgetra
518 976 624 1003 affectio
632 997 645 1014 ,_
751 1011 758 1014 Δ
822 976 827 978 7
908 980 971 1007 256.

223 1012 368 1047 Gregorius
400 1011 505 1038 etsich
523 1019 554 1038 ex
571 1019 623 1046 quo
640 1012 725 1039 latens
747 1011 818 1040 ferro
833 1017 973 1042 excutitur

187 1048 272 1082 ignis,
909 1049 970 1077 565.

223 1082 368 1117 Gregorius
397 1090 456 1108 cum
481 1082 574 1108 amicis
597 1082 623 1108 in
651 1082 763 1117 gratiam
792 1083 917 1116 rediens,
946 1091 973 1113 et

188 1118 286 1178 Fluunt:
314 1125 362 1151 per
389 1118 441 1144 vim
468 1118 495 1144 in
524 1117 659 1144 diversum
685 1122 796 1149 tractre,
819 1126 851 1145 ac
876 1120 972 1178 dende

199 1159 292 1178 axatm.
949 1163 971 1178 π.

199 1159 292 1183 axalte,
911 1156 971 1182 185.

225 1187 370 1222 Gregorius
387 1187 537 1216 maledictis
561 1188 708 1222 impetitus,
723 1193 750 1215 et
766 1189 847 1215 arbor
865 1190 972 1217 eaeelsa

188 1230 267 1249 ouant
284 1230 357 1249 aura:
371 1222 557 1251 circumﬂuunt
565 1243 572 1254 ,
908 1225 971 1254 420.

224 1257 369 1291 Gregorius
393 1257 481 1285 Basilii
500 1259 593 1286 laudes
616 1258 756 1286 celebrans
782 1268 788 1286 :
811 1264 838 1286 et
864 1260 971 1287 athleta:

188 1298 339 1323 currentes,
908 1294 970 1323 777.

224 1326 369 1361 Gregorius
386 1328 419 1354 de
434 1328 581 1363 disciplinis
604 1333 631 1355 et
657 1327 752 1355 litteris
768 1327 914 1361 locuturus,
946 1336 973 1357 et

188 1363 232 1396 qui
250 1363 318 1395 quod
335 1364 360 1388 in
379 1371 440 1390 aere
454 1369 481 1389 et
505 1369 574 1396 terra
594 1369 635 1390 est
653 1368 699 1390 aut
722 1364 786 1389 utile
805 1370 850 1390 aut
866 1368 972 1398 gratum

189 1402 336 1431 decerpunt
351 1406 357 1423 :
375 1403 421 1425 aut
436 1399 516 1425 etiam
531 1398 576 1433 qui
590 1399 659 1434 igne,
675 1398 736 1426 cibo
752 1398 791 1425 νει
805 1398 877 1426 ferro
892 1405 972 1426 utun-

190 1437 243 1461 tur.
909 1434 970 1462 778.

223 1467 377 1500 Gregorius,
394 1472 420 1494 et
434 1467 565 1503 polypus,
909 1469 970 1496 785.

226 1502 372 1536 Gregorius
385 1502 531 1530 Ecclesiam
548 1502 871 1538 Couslantinopolitanam
886 1505 972 1531 susci—

188 1538 284 1571 piens,
318 1542 345 1564 et
377 1539 436 1564 navi
466 1537 643 1572 periclitanti,
671 1537 799 1565 vel7urbi
832 1539 972 1567 obsidione

189 1578 284 1598 ctnctaz
304 1580 381 1606 opem
408 1572 538 1605 ferentes,
559 1573 600 1599 vel
623 1573 704 1600 etiam
731 1575 833 1601 antibus
856 1573 972 1602 ﬂammis

189 1606 413 1642 conﬂagrantibus
429 1616 525 1641 aquam
541 1607 704 1642 injicientes,
909 1610 970 1636 659.

224 1641 369 1676 Gregorius
384 1643 416 1669 ad
432 1651 510 1669 suutn
530 1645 636 1670 rediens
651 1643 834 1677 episcopatum
853 1654 859 1671 :
878 1650 904 1671 et
920 1644 971 1670 lln—

188 1677 258 1708 vius,
270 1677 314 1710 qui
334 1685 386 1713 non
410 1677 463 1713 nisi
486 1682 596 1704 coactus
617 1685 664 1713 per
679 1679 790 1705 acclivia
811 1679 908 1710 fertur,
925 1681 972 1706 scd

188 1720 236 1746 per
250 1712 360 1738 declivia
376 1712 517 1740 celerrime
538 1712 649 1744 labitur,
907 1714 972 1741 472.

225 1746 369 1781 Gregorius
393 1748 596 1775 oblectamentis
618 1748 725 1776 labores
749 1748 918 1781 dissolvens,
946 1755 974 1775 ct

188 1789 318 1809 cornuum
344 1789 422 1810 arcus
441 1783 551 1815 laxatio,
907 1783 971 1811 477.

577 1860 606 1891 Η

227 1929 350 1966 ῌῑτεείε,
373 1935 400 1958 et
415 1931 496 1959 letale
516 1931 658 1966 poculum,
909 1933 970 1961 898.

227 1965 341 1992 Haeresis
353 1968 468 2004 contrita
481 1965 618 2004 paululum
633 1967 720 1994 adhuc
734 1972 762 1995 et
775 1968 900 2004 languide
913 1971 971 2002 pal-

191 2000 288 2035 pitans,
309 2006 335 2027 et
352 2000 487 2035 serpentis
500 2002 617 2028 internisi
636 2004 732 2035 cauda,

227 2034 351 2074 llarrelici
380 2036 510 2074 Ecclesiae
536 2036 649 2074 gloriam
674 2038 859 2074 detondentes,
879 2044 906 2065 et
925 2041 970 2074 qui

192 2070 333 2104 Sampsoni
362 2071 463 2098 crinem
488 2070 672 2105 abstulerunt,
697 2073 738 2099 vel
767 2074 848 2100 etiam
880 2070 970 2101 arcénn

191 2106 334 2140 quamdam
343 2111 536 2140 expugnantcs,
907 2109 969 2137 402.

228 2139 350 2167 llazretici
373 2140 570 2168 Catltolicorum
594 2142 692 2169 erratis
720 2143 911 2175 imminentes,
945 2149 972 2171 et

192 2181 290 2201 muscae
302 2176 466 2207 vulneribus,
906 2179 969 2206 49L

228 2209 353 2248 ttiomines
367 2210 551 2248 subimperio,
569 2215 595 2238 et
608 2211 726 2248 membra
741 2213 872 2248 corporis,
905 2214 968 2241 “5.

228 2245 348 2273 llomiuis
361 2246 509 2279 passiones,
524 2251 550 2273 et
568 2247 629 2273 amti
650 2254 750 2281 partes,

227 2282 312 2308 Homo
326 2281 442 2315 prudens
453 2288 484 2308 ac
498 2281 632 2313 cordatus,
646 2286 672 2308 et
685 2290 778 2309 aurum
788 2303 795 2314 ,
925 2285 967 2311 l7.

227 2316 312 2352 llomo
325 2316 431 2350 sapiens
444 2316 470 2343 iu
483 2322 617 2349 sermone,
633 2317 735 2352 peritus
749 2323 838 2345 autem
855 2319 945 2346 animo
961 2339 969 2352 ,

192 2355 218 2377 et
229 2351 362 2384 sepulcra,
907 2351 969 2381 50f.

227 2385 312 2422 llomo
330 2389 436 2422 erectus
449 2385 585 2419 incedens,
600 2392 626 2414 et
645 2387 689 2420 qui
712 2387 831 2422 navigat,
903 2389 966 2416 277.

228 2420 312 2448 llomo
326 2420 404 2448 fortis
414 2426 442 2448 et
453 2428 608 2456 generosus,
623 2426 650 2449 et
663 2431 748 2457 equus
777 2420 787 2422 7
902 2424 963 2451 581.

587 2500 599 2529 Ι

226 2569 395 2604 lmprobitas,
409 2569 559 2602 etllamma,
907 2570 967 2598 426.

227 2605 324 2640 lutpuri
337 2606 370 2632 de
383 2605 438 2632 Deo
458 2606 642 2639 disputantes,
674 2609 701 2632 et
722 2613 767 2640 qui
783 2605 861 2639 :egris
883 2607 970 2632 oculis

191 2640 256 2668 solis
271 2641 359 2667 radios
371 2640 518 2673 intuentur,
906 2640 969 2667 689.

229 2676 428 2711 inconstantes,
450 2681 477 2703 et
497 2675 598 2711 polypi,
905 2675 969 2702 6M.

227 2710 384 2737 Inimicitias
408 2710 578 2742 exercentes,
608 2715 634 2737 et
662 2711 755 2738 eadem
789 2714 880 2743 terra,
909 2718 969 2744 quae

192 2746 264 2772 sanis
283 2746 392 2771 immota
404 2765 412 2776 ,
427 2751 453 2772 et
468 2745 600 2780 vertigine
615 2745 798 2773 laborantibus
811 2746 916 2772 videtur
931 2746 970 2772 in-
994 2761 1000 2764 -

193 2780 304 2812 stabilis,
323 2780 386 2806 M7.
409 2780 460 2807 Seu
484 2781 563 2806 etiam
586 2781 654 2807 idem
679 2782 862 2807 columnarum
884 2782 970 2807 inter-
1005 2790 1007 2792 ·

192 2815 302 2846 vallum,
326 2814 396 2847 quod
422 2815 463 2841 his
477 2815 522 2849 qui
547 2816 655 2848 propius
680 2815 777 2850 majus,
801 2815 846 2850 qui
865 2815 970 2848 longius

195 2850 289 2876 remoti
304 2854 377 2880 sunt,
394 2850 481 2876 minus
502 2850 614 2882 videtur,
903 2850 967 2875 ibid.

229 2884 325 2916 Iratus,
340 2889 366 2910 et
378 2884 470 2916 .‘Etna,
907 2885 957 2910 12')

906 2005 983 2032 620.:

903 2249 967 2286 Siti).
986 2259 1008 2286 ι)

1024 977 1082 996 rum
1098 970 1223 999 domitor,
1746 970 1810 997 854.

1058 1003 1113 1030 Lex
1130 1010 1215 1037 vetus,
1234 1008 1276 1038 “et
1290 1003 1409 1031 maceria
1420 1024 1427 1038 ,
1747 1005 1809 1034 854.

1405 1092 1438 1122 Μ

1058 1161 1326 1200 Μιιεῐῖξιιθεῑνεεριθῐη
1345 1164 1505 1199 martyrium
1529 1165 1673 1200 patientes,
1695 1170 1724 1193 et
1760 1166 1811 1193 litt-

1022 1201 1112 1223 ctuum
1126 1198 1248 1230 jactatio,
1417 1198 1423 1199 7
1529 1198 1537 1200 7
1745 1200 1811 1230 296.

1058 1232 1272 1259 Machabtl'urltln
1294 1238 1397 1267 septem
1417 1234 1530 1261 fratrum
1551 1240 1637 1262 mater
1657 1243 1720 1263 suos
1741 1236 1813 1265 ﬁlios

1023 1274 1138 1294 cernens
1155 1268 1179 1304 in
1202 1271 1361 1300 tormentis,
1391 1273 1419 1297 et
1444 1269 1547 1297 avicula
1575 1271 1662 1304 pullos
1685 1279 1749 1298 suos
1777 1272 1812 1299 ab

1024 1310 1110 1334 angue
1124 1303 1205 1337 arripi
1221 1309 1362 1336 contuens,
1575 1303 1583 1304 7
1746 1306 1810 1334 294.

1058 1337 1201 1372 Martyres,
1219 1343 1245 1364 et
1265 1338 1339 1369 nodi,
1747 1341 1809 1368 366.

1058 1371 1305 1410 Marlyruntgloria
1321 1381 1354 1400 ex
1368 1373 1510 1410 mysteriis
1534 1374 1592 1402 istis
1622 1375 1808 1410 migrantium,

1023 1411 1050 1433 et
1064 1407 1104 1433 sol
1118 1409 1241 1443 exrnnlie
1258 1416 1310 1442 qua
1323 1407 1508 1436 obducebatur
1525 1411 1602 1443 pritts
1619 1407 1749 1437 libtiratus
1761 1432 1769 1443 ,
1785 1407 1813 1439 et

1022 1449 1070 1469 ver
1083 1448 1144 1476 post
1157 1442 1283 1476 hiemem,
1298 1448 1378 1477 atque
1390 1445 1471 1471 etiam
1489 1442 1589 1472 sedatis
1606 1445 1694 1473 ventis
1706 1442 1809 1480 aequor,

1038 1540 1041 1544 ,
1058 1511 1133 1550 Mens
1151 1520 1210 1547 qutn
1232 1513 1257 1540 id
1285 1513 1355 1548 quod
1375 1513 1458 1541 sentit
1482 1515 1574 1542 verbis
1590 1515 1743 1550 exprimere
1761 1524 1810 1544 ne-

1022 1548 1104 1582 quit,
1122 1553 1149 1575 et
1169 1551 1290 1576 incessus
1315 1550 1454 1576 hominum
1480 1554 1589 1585 torpore
1615 1548 1810 1613 laborantiltgtt‘i),

1752 1595 1759 1612 Α
1803 1606 1810 1612 .

1747 1586 1810 1612 780.

1061 1617 1171 1649 Mmror,
1187 1622 1214 1644 et
1227 1618 1341 1651 zizania,
1747 1620 1810 1649 236.

1060 1652 1143 1684 Mors,
1160 1658 1187 1679 et
1203 1659 1314 1687 portus,
1744 1655 1809 1683 552.

1060 1687 1168 1719 Mortui,
1181 1694 1206 1714 et
1216 1688 1348 1722 peregrini
1358 1688 1402 1723 qui
1414 1687 1441 1716 in
1454 1689 1569 1723 patriam
1583 1690 1730 1722 redierunt,
1745 1690 1810 1717 552.

1061 1723 1200 1750 Multitudo
1217 1724 1317 1757 populi,
1329 1728 1356 1751 et
1370 1724 1580 1752 instrumentum
1595 1726 1727 1753 musicum
1739 1726 1809 1752 utul-

1025 1758 1060 1784 tis
1077 1758 1174 1784 lidibus
1188 1763 1325 1789 constans,
1764 1760 1809 1786 51.

1060 1792 1201 1831 Multitudo
1215 1794 1376 1826 cupiditates
1392 1801 1455 1831 suas
1478 1801 1624 1828 coercens,
1642 1800 1668 1822 et
1685 1795 1807 1831 ignisiin

1024 1827 1138 1855 materia
1155 1827 1250 1860 latens,
1265 1832 1311 1854 aut
1326 1829 1414 1856 amnis
1434 1836 1585 1864 repressus,
1617 1827 1620 1828 7
1696 1827 1709 1831 “
1744 1830 1807 1856 122.

1396 1916 1420 1946 Ν

1060 1986 1159 2015 Nonum
1172 1987 1293 2023 Gregorii
1311 1988 1407 2016 matris
1420 1988 1516 2023 pietas,
1531 1994 1557 2016 et
1573 1989 1631 2022 sol,
1740 1989 1806 2017 557.

1056 2141 1176 2169 Ollicium
1199 2149 1275 2169 suum
1293 2142 1460 2173 deserentes,
1486 2146 1513 2169 et
1541 2142 1648 2169 athleta!
1673 2142 1746 2177 leges
1762 2150 1808 2178 pa-

1022 2176 1119 2213 laestrae
1133 2185 1183 2204 non
1200 2183 1353 2210 servantes,
1368 2177 1431 2205 item
1446 2182 1474 2205 et
1490 2185 1583 2213 aegroti
1604 2176 1711 2205 medico
1723 2176 1806 2205 male-

1022 2212 1141 2239 dicentes
1148 2231 1155 2243 ,
1519 2212 1525 2213 7
1740 2213 1804 2242 322.

1396 2291 1418 2321 P

1058 2361 1183 2389 Pastores
1199 2362 1322 2396 imperite
1338 2362 1476 2395 docentes,
1491 2365 1518 2389 et
1533 2362 1614 2397 sepia:
1624 2381 1632 2394 ,
1742 2362 1804 2391 757.

1057 2396 1180 2423 Pastoris
1197 2397 1308 2428 functio,
1331 2401 1357 2424 et
1376 2397 1464 2429 cibus,
1565 2396 1569 2397 7
1741 2397 1804 2425 250.

1059 2431 1195 2462 Peccator,
1211 2438 1236 2458 et
1251 2432 1322 2466 aspis
1337 2432 1416 2459 surda
1430 2432 1561 2460 obturans
1575 2438 1654 2458 aures
1668 2439 1741 2463 suas,
1757 2433 1804 2460 22.

1058 2466 1217 2493 Pcecatores
1233 2467 1335 2499 seipsos
1356 2466 1524 2502 gravissimis
1548 2467 1625 2494 malis
1645 2466 1804 2502 allicientes,

1023 2506 1051 2528 et
1068 2501 1121 2534 ‘qui
1140 2509 1234 2527 carnes
1252 2500 1371 2535 ιιι-ορτίθέ
1385 2500 1595 2532 commordent,
1626 2534 1630 2535 γ
1757 2501 1803 2530 22.

1059 2534 1376 2572 ΡΙιίΙοευρὶΙθΙιιὸεγὲχιη
1401 2541 1519 2572 tempus,
1538 2541 1564 2562 et
1595 2534 1706 2572 athleta:
1728 2541 1804 2572 extra

1024 2579 1134 2597 arenam
1158 2571 1392 2604 prtestantissimos
1420 2569 1616 2605 se7jaclanl69.
1656 2569 1699 2597 νει
1721 2571 1803 2598 etiam

1042 2606 1216 2632 ubernatores
1242 2610 1327 2632 artem
1350 2613 1428 2635 suam
1451 2610 1477 2632 t'u
1503 2605 1699 2641 tranquillitate
1715 2605 1804 2639 magni

1035 2640 1162 2671 iacientes,
1577 2640 1581 2641 7
1741 2641 1802 2668 478.

1059 2674 1214 2710 Philosophi
1233 2675 1259 2701 in
1278 2675 1393 2708 speciem
1404 2675 1474 2710 sciti
1492 2679 1518 2702 et
1532 2675 1669 2710 elegantes
1680 2695 1688 2707 ,
1702 2681 1729 2702 et
1743 2683 1803 2702 tnu-

1024 2709 1140 2737 lierculae
1155 2710 1243 2737 nativa
1260 2709 1457 2744 pulchritudine
1477 2709 1623 2744 destitutae,
1641 2712 1675 2738 ad
1700 2711 1804 2739 colores

1024 2744 1209 2780 confugientes
1221 2764 1241 2780 ,ν
1739 2746 1803 2774 545.

1058 2779 1168 2816 Pietatis
1199 2779 1318 2816 cultores
1345 2780 1379 2807 ab
1403 2780 1561 2808 orthodoxis
1582 2787 1636 2808 non
1663 2781 1690 2808 in
1712 2782 1806 2816 parvis

1024 2814 1155 2851 dogmatis
1169 2815 1283 2851 praecisi,
1298 2820 1325 2842 et
1343 2823 1412 2850 aqua
1433 2823 1493 2850 qrue
1509 2823 1589 2842 manu
1604 2814 1801 2851 comprehensa

1024 2857 1070 2884 per
1088 2849 1185 2883 digitos
1202 2849 1297 2883 cll'luit,
1368 2849 1372 2850 7
1443 2849 1449 2850 ⁷
1667 2849 1674 2851 7
1739 2851 1804 2879 409.

1060 2884 1196 2920 Ρτωεενιιι
1211 2885 1373 2920 sapientum,
1389 2891 1414 2913 et
1426 2885 1550 2913 stimulus
1559 2906 1566 2918 .
1739 2885 1803 2916 891.
