2070 3135
215 154 270 182 303
807 151 936 180 ORATIO
955 151 977 178 I.
999 166 1032 171 —
1052 149 1222 178 MONITUM.
1767 144 1821 173 394

221 221 1812 245 ψ

370 329 660 378 MONITUM
701 329 765 374 IN
805 329 1169 383 SEQUENTEM
1210 326 1574 374 ORA'I‘IONEM
1600 318 1678 371 (⁷⁸).

255 540 277 575 1
301 536 326 566 l.
352 536 437 566 Inter
454 536 615 566 orationes
631 535 775 575 Gregorii
794 536 928 575 primam
946 536 1001 568 illa
1024 536 1084 568 sibi
1097 537 1206 568 sedem
1219 534 1371 570 vindicat,
1385 542 1455 573 quae
1473 533 1720 574 quadragesimo
1736 533 1838 572 primo

215 585 285 616 loco
303 586 341 617 ab
364 586 542 617 editoribus
561 585 796 617 Parisiensibus
813 590 1018 625 numeratur;
1041 586 1189 627 quamvis
1211 586 1244 616 in
1261 585 1411 616 omnibus
1437 592 1519 623 pene
1538 583 1702 614 codicibus
1717 583 1839 614 caeteris

217 636 378 674 praemissa
394 636 436 666 sit
452 636 665 668 orationibus.
683 638 771 677 Regii
789 646 928 678 namque
944 641 1115 678 plusquam
1132 637 1341 678 quadraginta
1358 639 1432 666 sunt
1444 636 1583 672 codices,
1600 636 1633 666 in
1651 635 1770 674 quibus
1789 643 1840 664 or-

215 687 289 717 dine
312 686 411 726 prima
428 692 475 718 est
490 687 601 719 Oratio
615 689 648 720 in
663 689 782 719 Pascha
799 694 826 721 et
850 689 1039 720 tarditatem.
1056 689 1196 720 Primum
1213 696 1343 728 quoquc
1359 687 1463 718 locum
1485 690 1570 717 leuet
1591 685 1625 716 in
1640 684 1838 724 Anglicanis,

216 736 445 774 imperatoriis,
466 741 540 774 elc.,
558 740 592 767 ut
608 737 656 768 vel
676 747 714 769 ex
729 738 822 769 editis
841 739 991 777 catalogis
1008 743 1132 770 notum.
1147 738 1231 775 Quin
1247 738 1313 777 ipsa
1329 737 1484 768 orationis
1500 736 1593 767 verba
1611 744 1678 767 eam
1694 735 1838 765 omnium

218 786 355 826 primam
374 795 445 818 esse
469 787 641 818 ostendunt
670 789 759 820 satis.
776 789 964 821 Ἀναστάσεως
978 789 1031 825 ήμέ

1021 789 1080 825 ἐραν
1094 789 1168 825 καὶῆ
1183 788 1254 825 ἀρχὴ
1266 788 1358 821 δεξιά·
1377 799 1390 816 α
1413 785 1682 822 Resnrrectionis,
1717 784 1838 823 inquit,

216 839 284 869 dies
296 837 501 879 faustumque
516 839 720 878 principium.
735 851 809 868 ιιι-ι(
822 841 1029 880 Principium,
1042 842 1185 882 inquam,
1198 851 1382 875 sermonum
1397 847 1429 874 el
1446 841 1515 873 initi
1531 839 1694 881 pastoralis
1709 836 1837 871 ofﬁcii.-

221 889 305 926 Ἀρχὴ
321 889 376 916 τῶν
388 889 473 924 λόγων
489 898 551 925 μου,
569 889 616 915 καὶ
627 890 644 925 ὴ
659 889 728 926 ἀρχὴ
741 889 787 917 τοῦ
801 890 936 919 διδάσκειν
951 891 998 918 καὶ
1012 890 1060 918 τοῦ
1073 891 1264 927 προΐστασθαι.
1292 893 1336 924 lta
1369 894 1439 932 ροεῐ
1465 895 1605 922 νΘῙΘΓθῐΠ
1635 892 1839 924 scholiastam

215 944 353 975 Nicetas.
384 942 524 970 Ἐντεῦθεν
540 943 604 981 γάρ.
627 945 670 975 ait
687 945 770 984 apud
787 945 989 977 Lambecium
1005 947 1032 985 (7

1022 945 1065 986 19)
1081 946 1146 982 ille,
1163 946 1177 972 ὁ
1188 945 1324 977 θειότατος
1347 941 1424 976 οὗτος
1441 942 1534 978 Πατὴρ
1560 943 1615 970 τῶν
1629 943 1726 971 ἑαυτοῦ
1751 943 1839 978 λόγων

215 992 366 1028 ἀπήρξατο.
383 991 416 1022 id
432 997 501 1021 est:
521 1002 536 1019 ι
555 992 635 1023 llinc
652 994 738 1024 enim
755 993 980 1026 divinissimus
995 995 1048 1026 ille
1061 996 1152 1026 Pater
1166 1004 1353 1027 sermonum
1370 1003 1502 1026 suorum
1517 995 1646 1027 initium
1662 997 1765 1028 duxit.
1783 1009 1798 1026 ι

255 1041 296 1071 ll.
321 1041 409 1072 Idem
434 1040 547 1071 astruit
563 1041 702 1073 Basilius
726 1043 847 1082 insigni
877 1044 1012 1083 scholio,
1043 1045 1128 1084 quod
1144 1045 1177 1075 in
1193 1044 1422 1076 commentario
1437 1045 1608 1077 exhibetur
1623 1057 1632 1078 :
1650 1047 1714 1078 imo
1737 1047 1839 1079 inedi-

220 1095 272 1123 tus
288 1093 368 1123 alter
383 1092 568 1129 scholiasta,
594 1095 650 1134 qui
681 1097 715 1126 in
733 1096 822 1127 Colb.
836 1097 906 1127 cod.
919 1097 1010 1134 3063,
1038 1097 1071 1128 iu
1087 1097 1264 1128 orationem
1297 1097 1468 1128 secundam
1488 1096 1521 1128 in
1543 1097 1672 1136 Pascha,
1691 1097 1756 1130 haec
1771 1107 1840 1130 ver-

218 1143 254 1174 ba
271 1153 280 1173 :
295 1141 331 1169 Ὠ
345 1143 406 1177 λόγε
420 1142 498 1175 Θεοῦ,
514 1154 529 1170 (ι
544 1143 571 1173 Ο
587 1145 717 1174 verbum
734 1144 804 1181 Dei,
817 1156 831 1174 ιν
851 1149 925 1182 ctc.,
943 1146 991 1177 sic
1006 1154 1035 1177 cc

1025 1150 1240 1177 ommentatur
1255 1146 1314 1187 (80)
1329 1156 1337 1176 ε
1354 1157 1368 1174 «
1382 1146 1486 1177 Habes
1500 1147 1608 1186 itaque
1624 1156 1709 1179 nunc
1723 1149 1840 1179 oralio-

217 1203 290 1226 nem
316 1195 397 1227 hanc
421 1199 576 1232 nostram,
606 1203 669 1226 non
690 1196 820 1236 quidem
854 1198 1023 1237 primitias,
1044 1207 1150 1238 neque
1166 1198 1311 1238 primam,
1330 1202 1364 1230 ut
1380 1198 1433 1229 illa
1451 1200 1460 1237 (
1477 1206 1548 1237 quae
1562 1197 1608 1228 sic
1624 1196 1754 1237 incipit)
1780 1198 1842 1228 Re-

218 1247 429 1278 surrectionis
443 1246 524 1277 dies.
536 1257 550 1274 ια
569 1246 605 1276 In
620 1255 689 1277 eam
705 1247 845 1287 denique
863 1248 1054 1279 sententiam
1078 1257 1149 1280 cum
1166 1251 1290 1280 veteres
1308 1253 1374 1279 tum
1394 1248 1588 1279 recentiores
1606 1248 1754 1278 iverunt..
1776 1248 1841 1279 Nec

217 1301 303 1331 enim
319 1308 426 1330 moror
439 1298 526 1339 quod
541 1299 778 1330 Leuvenklaius
795 1300 827 1331 in
847 1309 903 1332 sua
921 1301 1157 1341 nuncupatoria
1173 1301 1310 1340 epistola
1331 1301 1373 1332 ait
1396 1313 1404 1332 :
1422 1311 1437 1329 ι
1452 1300 1586 1330 Ratione
1610 1300 1774 1338 temporis,
1792 1299 1841 1330 si-

217 1349 348 1389 quidem
363 1350 438 1380 Eliaa
453 1348 598 1381 Cretensi
614 1351 645 1379 et
659 1348 777 1379 Nicette
794 1349 943 1381 Serronio
958 1350 1131 1387 credimus,
1157 1359 1228 1381 esse
1246 1350 1346 1389 prima
1362 1350 1475 1382 debeat
1490 1350 1604 1384 oratio,
1621 1359 1636 1377 ι
1650 1357 1721 1388 quae
1735 1350 1767 1379 in
1783 1349 1842 1380 Pa-

217 1401 348 1432 risiensi
361 1400 598 1431 Graeco-Latina
614 1399 755 1430 editione
764 1399 876 1431 ordine
893 1401 1032 1431 secunda
1048 1404 1107 1432 est.
1122 1401 1246 1431 Etenim
1265 1400 1357 1440 longe
1372 1400 1464 1432 aliam
1482 1410 1553 1432 esse
1568 1401 1684 1432 Nicetes
1700 1406 1839 1433 mentem

219 1452 314 1482 modo
333 1451 485 1481 vidimus.
503 1450 581 1480 Elim
602 1459 677 1483 vero
688 1452 881 1483 sententiam
898 1452 973 1483 alibi
990 1452 1187 1489 refellemus,
1207 1461 1303 1492 quam
1321 1453 1451 1484 interim
1471 1453 1612 1493 explodit
1630 1453 1705 1484 satis
1721 1454 1839 1485 utrius-

220 1509 284 1540 que
304 1499 457 1531 orationis
474 1499 679 1540 principium,
700 1505 730 1533 et
747 1501 818 1532 ﬁnis
835 1502 929 1533 istius
947 1513 954 1533 :
973 1502 1026 1533 ubi
1043 1502 1227 1541 Theologus
1243 1512 1251 1532 :
1267 1502 1361 1533 «Jam
1375 1511 1552 1540 sermones,
1573 1503 1677 1543 inquit
1696 1502 1768 1543 (81),
1787 1503 1841 1534 ha-

218 1553 463 1593 betis,quorum
476 1552 638 1584 desiderio
656 1555 820 1592 tantopere
845 1553 1046 1592 ﬂagrabatis;
1067 1564 1083 1582 ι
1107 1561 1274 1584 sermones
1303 1552 1472 1593 hucusque
1500 1552 1686 1592 denegatos,
1703 1562 1840 1591 quorum

219 1605 328 1636 studio
345 1613 382 1635 eo
397 1605 537 1649 amplius
553 1605 717 1642 ardebant,
733 1614 798 1645 quo
815 1605 940 1636 diutius
957 1605 1005 1636 illi
1029 1605 1272 1637 differebantur.
1290 1605 1368 1643 Quae
1384 1606 1514 1645 quidem
1536 1606 1757 1646 interpretatio
1774 1615 1841 1637 non

220 1660 340 1689 nostra,
357 1655 412 1686 sed
430 1655 533 1695 ipsius
550 1658 597 1685 est
611 1654 770 1694 Gregorii,
788 1659 822 1686 ut
834 1658 896 1686 tota
910 1655 1011 1686 oratio
1027 1656 1130 1692 tertia,
1163 1655 1243 1687 alias
1257 1656 1410 1693 secunda,
1441 1656 1564 1696 probat,
1586 1660 1684 1696 atque
1707 1655 1742 1686 in
1771 1662 1841 1686 eam

219 1706 395 1738 admonitio
413 1706 655 1738 demonstrabit.

258 1759 314 1790 Ili.
334 1760 408 1791 Haec
424 1759 522 1798 igitur
541 1759 643 1799 prima
659 1757 804 1789 omnium
826 1757 942 1798 scripta
959 1757 1107 1797 dictaque
1130 1756 1189 1788 fuit
1205 1757 1308 1788 oratio
1327 1765 1411 1788 anno
1429 1757 1545 1789 Christi
1568 1759 1639 1795 362,
1662 1758 1764 1797 pridie
1778 1758 1842 1789 Ka-

220 1810 329 1842 lendas
344 1811 475 1850 Aprilis,
491 1819 556 1849 qua
571 1809 636 1847 die,
655 1810 747 1850 juxta
763 1809 970 1846 Bncherium,
987 1809 1048 1841 hoc
1063 1817 1146 1840 anno
1165 1809 1280 1840 festum
1299 1809 1425 1841 Pascha
1438 1809 1561 1840 incidit.
1577 1809 1645 1845 Qua
1661 1816 1736 1839 vero
1753 1817 1843 1839 occa-

219 1863 312 1894 sione
329 1863 490 1902 quibusve
504 1863 543 1893 de
557 1864 677 1902 causis,
695 1863 777 1894 infra
795 1863 998 1895 commodius
1011 1862 1186 1894 admonitio
1202 1862 1234 1893 in
1249 1863 1485 1902 Apologeticum
1499 1871 1643 1901 magnum
1659 1861 1840 1893 declarabit.

219 1917 329 1948 Brevis
347 1917 401 1948 illa
416 1917 549 1956 quidem
566 1919 667 1949 oratio
683 1929 691 1950 :
707 1927 818 1949 verum
837 1921 933 1952 cerle,
950 1925 1056 1948 rerum
1070 1916 1172 1947 habita
1189 1916 1323 1954 ratione,
1341 1915 1558 1955 amplissima;
1577 1913 1702 1945 tametsi
1720 1919 1840 1944 temere

219 1970 325 2002 ﬂuens
339 1975 371 2002 et
386 1969 540 2010 dissipata
553 1969 687 2001 forsitan
708 1968 808 2008 prima
825 1967 929 1998 fronte
947 1966 1103 1998 videatur.
1129 1967 1164 1997 ln
1181 1976 1216 1997 ea
1233 1967 1428 2006 resurgentis
1444 1965 1561 1996 Christi
1582 1964 1748 2003 mysteria,
1765 1971 1837 1995 cum

224 2019 415 2050 defensione
448 2019 604 2050 tarditatis
628 2026 707 2053 suae,
725 2020 756 2048 ct
777 2019 949 2055 utrumque
964 2024 1036 2046 cum
1056 2015 1223 2054 praeceptis
1246 2024 1371 2046 morum
1389 2015 1428 2045 ita
1451 2015 1628 2055 coniungit,
1645 2014 1686 2044 ita
1702 2013 1842 2050 singulis

219 2069 348 2107 singula
363 2069 486 2103 miscet,
505 2071 539 2098 ut
556 2066 657 2098 oratio
673 2065 862 2105 panegyrica
886 2067 963 2100 tota,
981 2067 1044 2094 tota
1063 2063 1204 2099 moralis,
1222 2063 1419 2102 apologelica
1437 2067 1500 2094 tota
1522 2072 1603 2103 pene
1620 2062 1719 2101 possit
1735 2062 1842 2101 appel-

221 2121 292 2152 lari.
309 2121 344 2152 In
360 2130 395 2152 ea
411 2129 444 2151 se
460 2120 545 2151 idem
574 2121 737 2150 accusatet
753 2117 907 2153 defendit,
923 2116 1062 2148 demittit
1079 2120 1110 2147 et
1126 2115 1263 2151 extollit,
1276 2119 1363 2155 paret
1378 2118 1408 2147 et
1424 2115 1569 2155 imperat,
1584 2114 1840 2146 benevolentiam

221 2174 366 2211 captatet
384 2171 541 2210 obiurgat.
561 2170 707 2210 Denique
725 2169 800 2200 dum
819 2177 890 2199 esse
910 2172 1017 2208 pastor
1033 2167 1139 2198 bonus
1167 2172 1309 2206 ex0ptat,
1338 2168 1442 2206 ipsum
1459 2176 1554 2207 quem
1572 2175 1642 2198 esse
1658 2165 1839 2204 exoptabat,

220 2233 255 2256 se
271 2226 479 2260 demonstrat,
494 2225 520 2261 2
533 2226 562 2254 et
580 2224 704 2255 Christo
720 2222 867 2254 alacriter
882 2221 1146 2253 commorientem
1159 2225 1190 2252 et
1204 2229 1266 2251 una
1284 2220 1381 2251 simul
1401 2223 1631 2258 resurgentem,
1648 2226 1766 2249 novum
1785 2217 1843 2248 ho-

221 2277 353 2313 minem,
382 2285 476 2316 quem
507 2279 667 2315 pastorem
699 2280 774 2303 uvas
789 2270 882 2311 sequi
902 2271 1037 2301 debeant
1067 2273 1099 2300 et
1114 2270 1236 2302 audire.
1254 2270 1425 2301 Munerum
1448 2274 1552 2300 autem
1576 2268 1690 2308 injecta
1707 2267 1840 2305 mentio,

221 2339 316 2370 quam
332 2329 516 2365 artificiosa,
533 2336 628 2368 quam
644 2330 713 2366 apta
729 2325 825 2361 festo,
839 2324 1004 2364 praeceptis
1023 2331 1163 2361 morum,
1177 2322 1326 2354 laudibus
1352 2322 1461 2361 patris,
1484 2321 1543 2351 sibi
1562 2320 1623 2360 ipsi
1638 2323 1699 2370 tam
1713 2319 1842 2370 magni-

223 2368 280 2413 fice
295 2390 389 2421 quam
404 2380 549 2411 modeste
577 2387 612 2410 ac
629 2375 824 2411 necessario,
842 2382 925 2405 novo
939 2373 999 2404 sub
1018 2376 1104 2413 patre
1137 2372 1255 2411 pastori
1285 2372 1415 2408 vicario,
1445 2369 1719 2403 commendando!
1735 2368 1840 2408 Atque

221 2433 287 2464 haec
302 2436 350 2464 est
365 2431 465 2471 prima
481 2428 642 2469 Gregorii,
658 2430 700 2463 et,
716 2425 744 2456 si
760 2424 879 2456 Basilio
896 2424 1058 2456 credimus
1096 2422 1325 2462 extemporalis
1344 2423 1459 2455 oratio.

254 2547 310 2582 (78)
329 2548 358 2576 in
385 2547 510 2576 omnibus
531 2551 598 2582 pene
613 2551 678 2582 mss.
691 2542 760 2582 base
768 2540 854 2568 oratio
883 2541 997 2575 primam
1017 2538 1107 2566 sedem
1121 2545 1246 2575 occupat.

255 2577 311 2616 (“193
327 2584 450 2610 Lambec.
467 2583 493 2609 in
509 2577 637 2616 catal._ad
649 2577 773 2616 cod._97.
820 2609 827 2616 _
869 2611 876 2616 _
959 2608 965 2616 ἴ
1038 2607 1074 2616 m
1135 2607 1148 2614 _
1232 2607 1238 2616 '

321 2607 580 2652 xiiiléi'giatgebv
596 2613 626 2640 λό
645 2621 673 2640 ον
685 2611 789 2645 τοῦτον,
801 2609 852 2637 οὐκ
864 2608 999 2646 ἀπαρχὴν,
1018 2607 1078 2635 οὐδὲ
1091 2607 1208 2643 πρῶτον,
1224 2607 1262 2641 ὡς
1276 2607 1316 2641 τὸ,
1329 2607 1502 2640 ἀναστάσεως
1519 2608 1620 2642 ἡμέρα.

267 2653 298 2679 Si
326 2654 356 2679 1n
372 2627 474 2679 ὂῘοηίιο
494 2651 526 2679 ad
541 2654 611 2678 orat.
626 2621 654 2676 ἔ.

267 2651 313 2691 Si)
326 2654 356 2681 in
372 2651 474 2680 Monito
494 2651 526 2679 ad
541 2654 611 2678 orat.

380 2915 514 2946 ΡΑτιιοι..
536 2914 594 2945 Gn.
617 2894 747 2944 xxxv.

1670 2901 1709 2935 13
