2070 3135
240 174 294 202 395

427 252 614 260 ...ν-...-

841 171 869 198 S.
890 169 1055 197 GREGORII
1078 167 1249 196 TIIEOLOGI

400 384 403 387 ι
615 349 624 359 ’
637 352 751 394 ΤΟΥ
770 352 841 394 ΕΝ
859 350 1040 394 ΑΓΙΟΙΣ
1059 350 1274 393 ΠΑΤΡΟΣ.
1293 339 1455 392 ΗΜΩΝ

455 447 888 506 ΓΡΗΓΟΡΙΟΥ
928 447 1079 505 ΤΟΥ
1119 442 1538 504 ΘΕΟΛΟΓΟΥ
1575 437 1631 473 (⁸²)

700 553 982 580 ΔΡΧΙΕΠΙΣΚΟΠΟΥ
998 551 1402 580 ΚΩΝΣΤΑΝΤΙΝΟΥΠΟΔΕΩΣ

873 637 1219 704 ΛΟΓΟΙ.

345 855 424 933 S.
477 858 561 932 P.
614 857 706 933 N.
759 854 1222 933 GREGORII
1269 851 1759 932 THEOLOGI

442 998 902 1045 ARGHIEPISCOPI
942 996 1658 1044 CONSTANTINOPOLITANI

823 1105 1173 1171 ΟΒΑΤΙΟΝ
1180 1105 1293 1170 ES.

498 1328 690 1367 ORATIO
712 1328 761 1366 1“-

345 1407 369 1442 3
387 1406 418 1433 In
435 1412 552 1433 sanciunt
569 1407 671 1435 Pascha
689 1413 712 1434 et
728 1407 754 1434 in
766 1407 929 1434 tarditatem.

286 1465 306 1489 Ι.
316 1463 607 1496 Resurreclionisdies,
615 1463 785 1497 faustumque
792 1463 963 1498 principium.
974 1464 1028 1491 Hac

247 1509 402 1536 celebritate
415 1509 678 1542 exsplendescamus,
696 1516 726 1535 ac
739 1513 830 1536 mutuo
846 1517 894 1536 nos
911 1510 1029 1544 comple-

246 1561 362 1582 ctamur.
391 1554 524 1585 Dicamus,
539 1554 649 1585 fratres.
675 1554 716 1580 his
737 1555 816 1581 ctiam
837 1555 881 1589 qui
896 1563 944 1582 nos
962 1555 1027 1582 ode-

247 1605 311 1627 runt
325 1600 347 1632 ’,
362 1600 459 1626 nedum
479 1600 519 1626 Itis
538 1600 583 1634 qui
600 1607 647 1634 per
663 1599 822 1626 charitatent
836 1600 936 1634 aliquid
958 1600 1029 1627 fece-

247 1651 320 1678 runt,
335 1645 376 1672 vel
391 1645 462 1679 passi
476 1650 550 1671 snnt.
568 1645 770 1672 Ilesurreclioni
790 1645 879 1672 omnia
891 1646 1028 1673 condone-

247 1699 327 1724 ntus;
354 1692 458 1718 veniant
472 1691 516 1717 alii
531 1691 591 1718 aliis
606 1692 709 1723 demus,
727 1695 782 1717 tum
799 1698 848 1725 ego
865 1691 911 1725 qui
937 1691 1029 1718 lauda-

246 1737 326 1763 biletu
351 1736 405 1762 vim
423 1742 565 1770 perpessus
581 1743 639 1762 sum
651 1755 659 1768 ,
677 1735 729 1762 hoc
744 1735 815 1762 enim
832 1743 903 1763 nunc
919 1736 1026 1769 adjicio.

247 1788 303 1809 tum
314 1781 342 1817 4
352 1789 399 1808 vos
410 1782 454 1815 qui
466 1781 637 1808 laudabiliter
653 1781 707 1808 vim
719 1781 861 1814 attulistis,
878 1782 900 1808 si
912 1782 975 1816 quid
986 1787 1030 1810 est

248 1829 318 1861 quod
334 1826 400 1854 ntilti
427 1827 561 1853 tarditatis
589 1834 668 1853 causa
686 1827 879 1854 succenseatis.
901 1827 1028 1860 Quando-

247 1873 355 1907 quidem
378 1879 409 1898 ea
436 1871 557 1898 fortassis
582 1872 652 1906 apud
671 1871 754 1898 Deum
770 1873 865 1899 melior
889 1877 930 1899 est
950 1876 1029 1906 atque

247 1918 420 1952 praestantior
433 1925 513 1952 quam
531 1917 645 1944 aliorum
673 1917 808 1944 celeritas.
832 1917 934 1944 Bonum
957 1919 1028 1945 enim

246 1968 298 1996 est.
320 1969 346 1990 et
363 1964 416 1990 Deo
433 1969 577 1997 parumper
592 1969 654 1989 sese
668 1963 819 1989 subducere
835 1983 842 1996 ,
868 1968 898 1989 ut
926 1963 1030 1998 Moyses

1338 1323 1519 1367 ΛΟΓΟΣ
1545 1322 1604 1366 Α’.

1080 1404 1132 1437 Εἰς
1147 1403 1179 1430 τὸ
1190 1403 1275 1438 ἅγιον
1288 1403 1396 1438 Πάσχα
1409 1403 1464 1438 (85)
1481 1403 1529 1430 και
1543 1405 1586 1437 εὶς
1605 1403 1662 1438 τὴν
1677 1404 1860 1439 ,βραδυτῆτα-

1115 1459 1155 1484 Α¹.
1180 1458 1365 1490 Ἀναστάσεως
1379 1459 1478 1494 ἡμέρα,
1489 1459 1536 1486 καὶ
1544 1460 1560 1494 ἡ
1569 1459 1638 1495 ἀρχὴ
1646 1459 1730 1492 δεξιὰ,
1742 1461 1788 1487 καὶ
1795 1461 1862 1495 λαμ-

1081 1503 1244 1538 πρυνθῶμεν
1257 1505 1289 1539 τῇ
1304 1504 1464 1539 πανηγύρει,
1480 1505 1527 1531 καὶ
1545 1505 1675 1540 ἀλλήλους
1691 1506 1862 1542 περιπτυξὼ-

1081 1548 1158 1584 μεϐαί
1174 1548 1304 1583 εἴπωμεν,
1322 1548 1439 1582 ἀδελφοὶ,
1456 1549 1501 1574 καὶ
1518 1550 1572 1580 τοῖς
1589 1550 1711 1584 μισοῦσιν
1723 1551 1805 1585 ἡμᾶς,
1826 1549 1863 1585 μὴ

1079 1594 1120 1620 ὅτι
1133 1595 1190 1624 τοῖς
1205 1593 1238 1619 δι’
1250 1593 1362 1628 ἀγάπην
1380 1593 1435 1628 (84)
1450 1602 1476 1619 τι
1496 1594 1682 1629 πεποιηκόσιν,
1701 1596 1716 1630 ἧ
1732 1595 1863 1622 πεπονθό-

1081 1647 1122 1665 σι·
1141 1639 1362 1674 συγχωρήσωμεν
1377 1640 1466 1667 πάντα
1479 1642 1511 1675 τῇ
1525 1641 1685 1667 ἀναστάσει·
1699 1642 1787 1677 δῶμεν
1798 1651 1863 1676 συγ-

1079 1685 1190 1720 γνώμην
1212 1686 1344 1721 ὰλλήλοις,
1366 1686 1420 1721 ἐγώ
1436 1696 1464 1713 τε
1482 1688 1496 1713 ὁ
1515 1688 1690 1722 τυραννηθεὶς
1710 1688 1758 1724 τὴν
1780 1689 1863 1724 καλὴν

1079 1731 1235 1765 τυραννίδα,
1255 1731 1333 1758 τοῦτο
1350 1732 1403 1768 γὰρ
1420 1732 1465 1759 νῦν
1484 1733 1658 1769 προστίθημι,
1680 1734 1726 1760 καὶ
1749 1735 1826 1769 ὑμεῖς
1840 1735 1864 1760 οἱ

1080 1776 1170 1807 καλῶς
1187 1777 1412 1811 τυραννήσαντες,
1435 1778 1461 1803 εἴ
1475 1779 1501 1804 τί
1516 1787 1560 1813 μοι
1582 1779 1731 1814 μέμφοισθε
1749 1780 1804 1814 (85)
1816 1780 1865 1815 τῆς

1081 1821 1255 1857 βραδυτῆτος,
1279 1823 1316 1853 ὠς
1329 1823 1397 1857 τάχα
1412 1832 1443 1857 γε
1458 1824 1588 1860 κρείττων
1603 1825 1656 1860 (86)
1671 1825 1738 1860 αὕτη
1756 1827 1803 1852 καὶ
1823 1835 1865 1852 τι-

1081 1868 1203 1903 μιωτέρα
1219 1867 1278 1903 Θεῷ
1290 1868 1338 1902 τῆς
1354 1869 1452 1904 ἐτέρων
1469 1871 1615 1906 ταχυτῆτος
1625 1879 1631 1885 ⁸
1644 1871 1743 1906 ἀγαθὸν
1754 1873 1807 1907 γὰρ
1820 1873 1865 1899 καὶ

1081 1913 1256 1949 ὑποχωρῆσαι
1272 1914 1331 1949 Θεῴ
1351 1923 1376 1940 τι
1397 1915 1502 1950 μικρὸν,
1525 1916 1562 1948 ὡς
1578 1917 1696 1952 Μωῦσῆς
1713 1918 1814 1950 ἐκεῖνος
1834 1919 1865 1945 τὸ

1081 1958 1205 1990 παλαιὸν,
1229 1959 1275 1985 καὶ
1292 1959 1425 1994 Ἱερεμίας
1455 1960 1577 1995 ὕστερον,
1608 1962 1654 1987 καὶ
1682 1963 1866 1998 προςδραμεῐν

247 2010 292 2035 ille
306 2009 368 2036 olim
384 2009 404 2039 ⁵,
421 2016 452 2035 ac
465 2013 556 2041 postea
577 2008 727 2034 Hieremias
737 2008 760 2038 ⁵,
777 2013 804 2034 et
823 2016 917 2036 rursus
931 2009 962 2035 ad
979 2017 1027 2036 vo-

1081 2002 1195 2037 ἐτοίμως
1211 2003 1346 2036 καλοῦντι,
1360 2004 1397 2035 ὼς
1417 2004 1520 2040 Ἀαρών
1540 2014 1568 2031 τε
1585 2006 1632 2032 χοι)⁹
1649 2007 1771 2039 Ἡσαΐας,
1787 2008 1866 2042 μόνον

247 2058 352 2079 cantent
363 2057 485 2087 prompte
502 2056 582 2084 atque
598 2051 710 2086 impigre
731 2059 885 2084 accurrere,
904 2052 1029 2086 quemad-

247 2099 355 2125 modum
369 2099 457 2124 Aaron
472 2097 482 2113 ⁸
498 2102 524 2124 et
536 2097 617 2124 Isaias
628 2097 649 2128 ",
665 2097 744 2123 modo
758 2102 901 2131 utrumque
916 2097 960 2131 pio
971 2098 1029 2124 ani-

248 2153 291 2171 mo
304 2144 482 2176 il:tt,alterum
500 2144 534 2170 ob
551 2143 686 2177 propriam
705 2142 901 2175 inﬁrmitatem,
914 2143 1028 2170 alterum

247 2191 281 2217 ob
297 2190 418 2216 vocantis
434 2189 594 2223 potentiam.

285 2234 318 2261 ll.
339 2234 495 2269 Mysterium
514 2234 591 2260 unxit
607 2240 665 2265 me;
693 2233 822 2268 mysterio
835 2232 972 2267 paululum
988 2240 1031 2259 se-

247 2280 327 2311 cessi,
345 2280 433 2314 quoad
450 2280 506 2313 ipse
526 2287 569 2306 me
592 2279 797 2313 explorassem;
816 2286 876 2305 cum
903 2279 1031 2313 mysterio

247 2326 328 2351 etiam
345 2324 426 2351 simul
442 2324 558 2356 iulroeo,
574 2324 731 2358 praeclarum
748 2324 898 2351 timiditatis
915 2324 1029 2350 iniit-mi-

248 2370 366 2403 latisque
381 2377 446 2396 mea:
461 2369 623 2404 adiutorem,
638 2370 707 2409 diem
731 2369 802 2396 hunc
820 2370 968 2401 asciscens,
990 2373 1029 2401 ut.

1082 2048 1199 2080 εὐσεϐῶς
1224 2050 1375 2085 ἀμφότερα,
1399 2050 1429 2076 τὸ
1451 2051 1498 2085 μὲν
1521 2051 1563 2077 διὰ
1587 2052 1634 2087 τὴν
1660 2053 1762 2079 οἰκείαν
1785 2053 1866 2080 ἀσθέ-

1080 2100 1155 2118 νειαν
1170 2092 1237 2127 (87),
1253 2094 1284 2119 τὸ
1297 2094 1326 2120 δὲ
1340 2094 1383 2121 διὰ
1399 2095 1448 2130 τὴν
1463 2095 1509 2121 τοῦ
1526 2096 1670 2128 καλοῦντος
1683 2097 1807 2133 δύναμιν.

1117 2240 1155 2268 Β’.
1172 2241 1327 2276 Μυστὴριον
1342 2241 1433 2276 ἔχρισέ
1446 2251 1490 2276 με,
1504 2242 1644 2278 μυστηρίῳ
1658 2243 1754 2278 μικρὸν
1766 2243 1868 2279 ὑπεχώ-

1083 2295 1153 2322 ρησα
1175 2287 1241 2321 (88),
1269 2287 1330 2313 ὅσον
1353 2287 1470 2322 ἐμαυτὸν
1494 2288 1704 2323 ἐπισκέψασθαι·
1727 2289 1867 2324 μυστηρίῳ

1083 2331 1130 2356 καὶ
1144 2332 1349 2367 συνεισέρχομειι
1365 2332 1431 2366 (89),
1446 2332 1531 2367 καλὴν
1549 2333 1718 2368 ἐπαγόμενος
1735 2335 1782 2368 τῆς
1797 2334 1867 2368 ἐμῆς

1083 2374 1181 2406 δειλίας
1203 2376 1250 2402 καὶ
1272 2376 1413 2408 ἀσθενείας
1437 2377 1580 2412 ἐπίκουρον
1602 2377 1649 2412 τὴν
1670 2378 1785 2413 ἡμέραν,
1805 2379 1836 2404 ἶν’
1853 2380 1868 2405 ὁ

247 2417 292 2450 qui
306 2415 435 2442 hodierno
453 2415 496 2442 die
511 2423 524 2441 a
541 2415 654 2442 mortuis
671 2414 806 2447 surrexit,
823 2415 892 2442 idem
909 2422 951 2441 me
964 2423 1028 2449 quo:

1083 2421 1202 2457 σήμερον
1223 2422 1255 2448 ἐκ
1277 2422 1382 2458 νεκρῶν
1401 2423 1520 2454 ἀναστὰς
1544 2423 1615 2458 κάμὲ
1632 2425 1809 2460 καινοποιήσῃ
1829 2423 1867 2459 τῷ

282 2481 292 2496 ³
312 2481 360 2508 Isa.
376 2487 450 2512 LXVI,
466 2480 493 2507 5.
533 2479 544 2495 ⁸
556 2462 641 2507 Exod.
658 2488 694 2512 tv,
707 2480 751 2507 {5.
789 2481 800 2497 “
815 2480 914 2508 Jerem.
933 2489 952 2515 ι,
967 2482 994 2509 6.
1033 2484 1042 2499 ⁸
1056 2485 1141 2517 Exod,
1155 2496 1191 2521 tv,
1203 2489 1248 2516 27.
1298 2491 1307 2506 ⁷
1327 2490 1377 2518 Isa.
1391 2497 1428 2523 γι,
1442 2491 1468 2518 8.

281 2545 294 2558 ι
315 2538 389 2565 Alias
411 2537 478 2572 XLI,
496 2545 555 2572 qua:
578 2543 667 2566 autem
685 2539 698 2565 1
715 2544 783 2572 erat,
799 2548 869 2567 ttuuc
882 2540 1045 2572 2.——llabila

247 2581 317 2601 anno
331 2573 391 2600 56:2.

283 2631 338 2666 (82)
369 2632 691 2668 Θεολόγουπϐιεεοῑίο
717 2632 805 2659 nobile
837 2632 960 2668 Theologi
987 2641 1033 2661 co-

247 2675 360 2700 gnomen
378 2667 516 2693 ascribunt
530 2667 636 2694 ducenti
655 2667 749 2694 saltem
772 2676 850 2694 manu
869 2667 971 2695 exarati
984 2675 1032 2696 co-

248 2706 330 2728 dices.
353 2701 419 2728 Vide
435 2702 460 2728 in
473 2701 551 2728 Prtei'.

284 2737 339 2770 (85)
362 2735 396 2762 Τὸ
418 2736 502 2771 ἅγιον
521 2736 639 2771 Πάσχα.
656 2735 702 2763 Sic
726 2736 808 2768 Pan;
832 2737 906 2765 deest
927 2739 952 2766 in
973 2739 1033 2774 plu-

249 2772 333 2798 ribus.

284 2805 340 2840 (SA)
359 2806 397 2831 Δι’
409 2805 541 2842 ἀγάπην.
557 2806 660 2838 Billiusl
679 2815 688 2831 ι
703 2811 812 2842 propter
832 2807 992 2836 cltaritatem
1005 2813 1033 2837 et

248 2840 469 2867 bettevolcnliam.
492 2851 500 2865 ι

285 2874 339 2905 (85)
358 2874 535 2907 Μέμφοισθε.
554 2875 614 2904 Par.
631 2876 692 2904 cod.
707 2876 857 2910 μέμφεσθε.

1118 2639 1174 2677 (8β)
1199 2641 1246 2673 Ὠς
1258 2640 1334 2675 τάχα
1359 2649 1392 2675 γε
1405 2640 1554 2677 κρείττων.
1579 2651 1588 2667 ι
1609 2641 1839 2677 Quandoquidem.
1855 2651 1865 2668 ι

1084 2674 1129 2715 Sit:
1143 2674 1215 2716 Bas._.
1232 2674 1330 2702 rectius
1345 2674 1424 2710 quam
1436 2676 1553 2709 Nicetas,
1563 2684 1642 2711 quem
1651 2674 1759 2705 secutus
1766 2682 1806 2704 est
1817 2677 1866 2704 Bil.

1082 2716 1126 2743 qut
1143 2715 1223 2736 vertit
1242 2719 1251 2734 ι
1264 2718 1427 2744 quanquam.
1443 2720 1452 2736 ι

1119 2744 1173 2778 (87)
1199 2745 1379 2771 Ἄσθένειαν.
1397 2745 1447 2772 Bil.
1468 2754 1477 2771 ‹
1496 2745 1718 2774 imbecillitatem.
1734 2756 1744 2772 ι

1118 2780 1174 2814 (88)
1200 2780 1404 2814 Ὑπεχώρησα.
1422 2780 1472 2808 Bil.
1487 2790 1497 2806 ‹
1514 2782 1582 2808 cessi
1596 2788 1624 2808 ut
1640 2783 1769 2816 mcipsunt
1783 2781 1868 2817 inspi-

1082 2822 1172 2842 cerem
1191 2819 1218 2841 et
1232 2817 1410 2848 explorarent.
1434 2825 1443 2841 ι

1117 2849 1172 2884 (89)
1192 2849 1434 2886 Συνεισέρχομαι.
1453 2849 1514 2878 Par.
1535 2850 1711 2887 συνέρχομαι.
