2070 3135
237 205 289 234 390

838 205 866 233 S.
887 205 1049 234 GBEGORII
1071 206 1244 234 THEOLOGI

1799 209 1851 237 400

239 272 299 292 inus
310 264 342 290 ".
357 263 432 291 εει-ιι
447 263 559 290 formam
581 262 686 297 accepit
699 262 731 294 ⁸³,
744 266 772 288 ιιι
784 261 935 289 libertatein
951 263 1014 289 reci-

1069 262 1162 298 θερίαν
1175 264 1255 297 ἡμεῖς
1268 262 1447 298 ἀπολάϐωμεν
1459 262 1496 298 (4)
1509 271 1516 277 ·
1533 263 1675 299 κατῆλθεν,
1692 264 1724 290 ἶν’
1737 264 1837 299 ὑψωῶ
1848 283 1852 286 -

238 316 373 345 perennis.
397 308 548 340 Descendit,
561 312 590 334 ut
603 307 788 335 cveheremur.
804 306 934 334 Tentatus
961 311 1013 341 est,

239 359 268 381 ut
277 354 454 381 vinceremus.
465 353 641 387 Contemptus
652 357 702 383 est.
720 357 749 378 ut
767 359 817 379 nos
829 352 917 388 gloria
933 353 1017 380 dona-

239 405 291 427 ret.
306 400 425 426 Mortuus
438 403 491 430 est,
512 403 541 426 ιιι
560 399 673 426 salutem
691 399 767 427 nobis
781 399 899 427 afferret.
917 401 1017 428 Ascen-

238 446 298 476 dit,
318 450 347 472 ut
370 445 472 480 peccati
497 445 572 480 lapsu
599 445 671 472 ltunti
694 445 817 479 iacentes
838 445 872 472 ad
900 446 1018 478 seipsum

239 492 367 518 traheret.
392 491 488 518 Omnia
506 491 636 526 quispiam
669 493 750 518 donet
766 500 773 518 :
790 491 879 518 omnia
902 491 928 519 ei
945 511 952 524 ,
970 492 1016 526 qui

237 537 354 571 seipstttn
366 536 558 571 redemptionis
575 537 689 570 pretium
703 544 750 571 pro
767 537 844 565 nobis
860 537 892 569 “,
903 546 934 565 ac
943 545 1018 565 cont-

239 582 411 610 tttutntionem
430 583 501 610 dedit
515 583 547 616 ⁸⁸,
561 581 656 610 olTerat
673 589 681 609 ι
699 582 764 609 nihil
788 588 877 609 autem
905 584 1017 611 daturus

237 632 278 653 cal.
292 632 403 659 tantum,
421 632 550 662 qttatttum
569 628 591 655 si
606 635 636 655 se
652 628 709 662 ipse
723 628 854 655 obtulerit
871 628 948 662 hujus
959 636 1017 664 my-

1066 317 1129 344 μεν·
1143 308 1303 344 ὲπειράσθη.
1319 308 1362 335 ἵνα
1372 309 1540 344 νικήσωμεν·
1559 309 1708 345 ἡτιμάσθη,
1721 310 1763 337 ῐνα
1775 310 1852 344 δοξά-

1066 362 1115 391 σῃ·
1137 354 1281 387 ἀπέθανεν,
1298 355 1341 381 ἵνα
1354 354 1428 391 σώσῃ
1439 363 1446 369 ·
1464 355 1589 390 ἀνῆλθεν,
1612 356 1644 383 ἶν’
1660 355 1760 393 ἐλκύσῃ
1782 358 1852 393 πρὸς

1067 401 1163 428 ἑαυτὸν
1179 401 1253 427 κάτω
1268 401 1408 436 κειμένους
1421 401 1449 427 ἐν
1465 401 1504 436 τῷ
1518 401 1567 437 τῆς
1585 402 1722 438 ἁμαρτίας
1737 402 1852 438 πτώμα-

1067 455 1103 473 τι.
1119 447 1209 474 Πάντα
1225 447 1319 474 διδότω
1333 456 1384 479 τις,
1404 448 1492 474 πάντα
1506 449 1713 484 καρποφορείτω
1726 449 1765 484 τῷ
1777 449 1851 476 δόντι

1069 493 1165 519 ἑαυτὸν
1196 492 1291 529 λυτρδν
1321 493 1390 529 ὑπὲρ
1418 493 1496 529 ἡμῶν
1526 494 1572 521 καὶ
1592 494 1767 529 ἀντάλλαγμα
1797 495 1850 530 (5)·

1068 538 1148 566 δώσει
1169 539 1197 566 δὲ
1223 539 1298 566 οὐδὲν
1316 539 1434 566 τοιοῦτον
1457 537 1512 566 οἷον
1531 540 1626 566 ἑαυτὸν
1639 539 1686 566 τοῦ
1702 540 1852 576 μυστηρίου

1069 585 1203 618 συνιέντα,
1219 585 1265 612 καὶ
1280 585 1313 612 δι’
1327 586 1430 612 ἐκεῖνον
1446 585 1533 612 πάντα
1546 586 1597 613 ὅσα
1612 587 1715 618 ἐκεῖνος
1732 587 1764 613 δι’
1777 587 1852 622 ἡμᾶς

1068 630 1212 665 γενόμενον
1226 630 1275 665 (ϐ).

237 672 312 699 sterii
324 673 455 700 rationem
471 674 553 708 probe
566 673 767 708 intelligentem,
780 681 811 701 ac
820 679 927 709 propter
941 674 1014 702 illum
1033 676 1122 702 Omnia
1147 675 1258 708 factum,
1285 683 1450 710 quaecunque
1479 675 1535 710 ipse
1570 680 1678 711 propter
1702 683 1750 703 nas
1764 675 1799 702 l’nt
1809 680 1852 703 tus

237 727 266 746 es
270 724 287 746 ι.

272 764 315 791 Vl.
332 765 370 792 Ac
384 763 460 792 vobis
471 764 594 799 quidem,
610 769 640 791 ut
651 766 772 796 cernitis.
791 771 883 801 pastor
906 766 950 794 ltic
967 767 1014 794 bo-

1101 767 1147 798 (T'.
1160 764 1338 799 Καρποφορεῖ
1350 763 1398 798 μὲν
1409 763 1483 797 ὑμῖν,
1494 762 1531 794 ὡς
1543 764 1634 798 ὁρᾶτε,
1649 763 1765 798 ποιμένα
1774 772 1780 778 ·
1795 764 1851 790 τοῖν

237 818 299 842 nus,
323 810 368 845 qui
388 809 505 836 animant
530 810 620 843 posuit
641 817 690 844 pro
719 810 861 842 ovibus“,
882 814 1016 844 pastorem

235 855 333 888 oiiert;
350 856 401 883 hoc
416 855 488 882 enim
500 859 601 890 sperat,
616 861 642 882 et
656 856 682 883 in
697 856 767 883 votis
781 856 880 889 habet,
893 860 920 883 et
939 863 954 883 ιι
969 863 1016 883 vo-

238 903 290 933 bis.
305 903 351 936 qui
377 901 494 929 subestis
506 921 514 932 ,
540 901 676 935 postulat,
691 902 877 936 duplicemque
892 908 940 936 pro
953 901 1017 929 sim-

237 948 297 982 plici
313 948 429 982 seipsutn
446 947 520 974 vobis
536 947 626 979 tradit,
643 955 674 974 ac
686 947 808 974 baculum
835 949 979 976 senectutis
995 949 1016 964 "

237 994 361 1021 baculum
386 993 496 1028 spiritus
521 993 603 1025 facit;
637 998 717 1027 atque
743 993 891 1020 inanimato
919 994 1017 1029 templo

237 1040 387 1066 animatum
415 1038 553 1074 adjnngit;
571 1038 632 1065 huic
645 1058 652 1070 ,
666 1038 773 1073 inquam
784 1059 791 1072 ,
808 1039 963 1073 peregregio
991 1044 1017 1066 et

237 1085 352 1117 coal-sti,
368 1085 481 1112 alterum
495 1084 678 1119 qualecunque
694 1084 799 1112 tandem
815 1085 878 1112 illud
891 1090 918 1112 et
932 1093 1017 1120 quan-

238 1131 447 1164 tuluutcunque,
474 1135 599 1157 caeterum
623 1129 672 1165 ipsi
697 1130 885 1157 cltarissitnunt
900 1151 908 1163 ,
926 1130 1018 1158 multis

236 1177 318 1204 etiam
330 1177 473 1204 sudoribus
486 1183 517 1204 ac
532 1175 671 1203 laboribus
687 1175 836 1202 absolutum
852 1185 859 1203 :
872 1181 952 1211 atque
966 1177 1018 1203 uti-

240 1231 301 1250 nam
320 1222 457 1250 laboribus
476 1223 585 1258 digitum
603 1222 718 1256 adjicere
733 1222 827 1249 liceat!
842 1230 944 1258 suaque
959 1230 1017 1250 0m-

237 1271 282 1297 ttia
294 1270 371 1297 vobis
387 1269 524 1305 proponit.
542 1268 564 1297 0
580 1269 675 1296 miram
695 1269 778 1296 animi
792 1268 1015 1304 magnitudinem,

235 1317 288 1348 vel,
305 1321 334 1343 ιιι
345 1316 434 1343 verius
450 1315 555 1350 loquar,
570 1319 710 1350 paternum
721 1314 858 1341 amorem!
873 1313 1015 1346 Canitiem.

233 1363 414 1397 iuventutem,
431 1361 559 1396 templum
575 1380 583 1392 ,
599 1360 767 1395 pontiﬁcem,
783 1364 952 1393 testatorem,
964 1360 1016 1388 ha:-

235 1407 338 1442 redetn,
353 1415 501 1438 sermones,
518 1414 632 1442 quorum
648 1406 782 1433 desiderio
796 1406 967 1440 ﬂagrabatis;
983 1413 1016 1434 ac

236 1461 374 1482 sermones
389 1453 506 1488 quidem,
523 1460 576 1479 non
593 1457 692 1479 temere
707 1456 734 1478 et
748 1452 774 1478 in
786 1459 876 1479 aerem
891 1451 1015 1484 ﬂuentes,

236 1508 286 1527 nec
302 1500 370 1526 ultra
386 1505 465 1526 aures
488 1497 653 1524 audientium
677 1504 736 1524 sese
759 1497 928 1531 porrigentes
941 1516 949 1529 ,
969 1497 1016 1524 sed

235 1553 304 1581 quas
332 1545 443 1580 spiritus
477 1544 626 1576 describit,
648 1543 798 1578 tabulisqne
823 1542 934 1577 lapideis
960 1543 1016 1570 sive

234 1591 341 1618 carneis
368 1589 496 1625 imprimit
511 1589 543 1622 ³⁸,
574 1597 626 1617 non
656 1589 750 1616 leviter
774 1596 806 1616 ac
827 1589 1014 1623 superﬁciete-

235 1644 284 1663 nus
301 1635 448 1670 insculptas
459 1655 468 1667 ,
488 1639 517 1662 et
539 1634 584 1670 qui
602 1634 681 1661 facile
704 1634 787 1661 deleri
802 1639 911 1668 queant,
925 1634 954 1670 6
968 1633 1015 1662 sed

235 1682 365 1710 altissime
388 1681 562 1716 consignatos
578 1700 586 1713 ,
612 1687 667 1707 non
688 1685 858 1712 atramento.
881 1681 927 1708 sed
951 1688 1014 1716 gra-

235 1729 281 1756 tia.

269 1773 322 1801 Vll.
336 1774 424 1809 Atque
440 1773 496 1800 haec
507 1773 596 1800 omnia
608 1773 684 1800 vobis
703 1771 784 1800 olfert
795 1773 957 1801 venerabilis
970 1773 1015 1800 hic

233 1819 381 1851 Abraham,
398 1818 550 1854 patriarclta
563 1818 619 1849 ille,
635 1818 699 1845 illud
710 1818 820 1845 charum
833 1824 861 1846 et
872 1824 1013 1854 augustum

233 1870 328 1900 caput,
344 1865 408 1892 illud
423 1865 553 1892 virtutum
567 1864 686 1891 omnium
703 1864 880 1896 domicilium,
906 1864 1014 1892 virtutis

233 1919 338 1944 norma,
351 1911 496 1938 sacerdotii
509 1910 639 1945 perfectio
655 1919 662 1937 :
680 1910 725 1945 qui
740 1909 921 1938 voluntarium
934 1910 1014 1937 hodie

234 1957 346 1984 Domino
374 1957 538 1984 sacrillcium
568 1955 664 1987 oﬂert,
684 1957 851 1991 unigenitum
879 1955 953 1982 illum
980 1962 1013 1982 ex

232 2003 411 2038 promissione
424 2003 457 2030 ".
475 2002 529 2030 Vos
552 2007 641 2029 autem
656 2007 682 2030 et
701 2003 756 2030 Deo
771 2007 798 2029 et
809 2001 886 2029 nobis
907 2001 934 2029 id
952 2009 1012 2028 mu-

232 2050 305 2077 neris
321 2049 380 2077 loco
394 2048 489 2076 oﬂerte
503 2068 510 2081 ,
526 2054 555 2076 ut
572 2053 646 2076 recte
662 2048 810 2084 pascamini
824 2069 830 2080 ,
849 2049 875 2075 in
891 2048 950 2076 loco
965 2056 1013 2082 pa-

1066 819 1097 837 το
1113 809 1166 845 γὰρ
1179 808 1282 841 ἐλπίζει
1298 808 1344 835 καὶ
1356 807 1474 843 εὔχεται,
1488 809 1534 835 καὶ
1549 807 1613 844 παρ’
1628 808 1704 843 ὑμῶν
1720 809 1789 834 αἰτεῖ
1798 808 1852 834 τῶν

1067 857 1119 884 ὑπὸ
1133 858 1209 892 χεῖρα
1226 857 1240 882 ὁ
1257 855 1358 890 ποιμὴν
1372 855 1386 881 ὁ
1399 854 1489 885 καλὸς,
1501 855 1515 880 ό
1524 853 1607 885 τιθεὶς
1618 854 1667 888 τὴν
1681 854 1770 889 ψυχὴν
1782 853 1851 890 ὑπὲρ

1067 902 1120 929 τῶν
1137 902 1279 937 προϐάτων
1289 910 1296 916 ·
1312 901 1360 927 καὶ
1373 900 1483 927 διπλοῦν
1507 899 1545 935 (7)
1563 900 1619 927 ἀνθ’
1634 900 1720 927 ἁπλοῦ
1745 900 1852 927 δίδωσιν

1067 950 1130 985 ὑμῖν
1147 948 1258 976 ἑαυτόψ
1274 948 1321 974 καὶ
1338 948 1454 974 ποιεῖται
1469 946 1516 982 τὴν
1527 946 1677 982 βακτηρίαν
1692 946 1728 980 (8)
1741 946 1788 972 τοῦ
1800 948 1852 981 γή-

1069 1003 1122 1030 ρως
1136 993 1287 1030 βακτηρίαν
1307 993 1354 1019 τοῦ
1374 992 1545 1027 πνεύματος·
1572 993 1618 1018 καὶ
1637 991 1798 1027 προστίθησι
1813 991 1852 1026 τῷ

1066 1040 1161 1075 ἀψύχῳ
1181 1039 1238 1074 ναῷ
1258 1039 1303 1065 τὸν
1319 1038 1449 1073 ἔμψυχον,
1465 1037 1503 1073 τῷ
1519 1038 1687 1074 περικαλλεῖ,
1705 1037 1742 1073 τῷ
1757 1037 1785 1064 δὲ
1805 1037 1851 1063 καὶ

1066 1085 1192 1121 οὐρανίῳ,
1205 1085 1250 1111 τὺν
1266 1084 1404 1111 ὁποιονοῦν
1418 1083 1465 1110 καὶ
1479 1083 1582 1118 ἡλίκον,
1596 1083 1653 1110 ἀλλ’
1667 1081 1713 1110 οὖν
1725 1083 1770 1110 τὸν
1787 1083 1851 1109 ἑαυ-

1066 1130 1104 1166 τῷ
1122 1130 1296 1167 τιμιώτατον,
1323 1130 1371 1157 καὶ
1391 1129 1470 1156 αὐτὸν
1491 1129 1584 1164 ἱδρῶσι
1604 1128 1710 1160 πολλοῖς
1734 1128 1851 1155 συντελε-

1067 1177 1174 1208 σθέντα,
1190 1176 1236 1203 καὶ
1248 1176 1349 1207 πόνοις,
1363 1174 1407 1210 ετη
1425 1175 1452 1201 δὲ
1464 1176 1560 1206 εἰπεῖν,
1577 1175 1617 1201 ὅτι
1636 1175 1684 1201 καὶ
1698 1174 1751 1201 τῶν
1762 1175 1849 1201 πόνων

1066 1225 1156 1256 ἄξιον·
1174 1223 1220 1250 καὶ
1247 1223 1336 1250 πάντα
1358 1222 1535 1258 προστίθησιν
1554 1222 1593 1257 (9)
1614 1222 1677 1257 ὑμῖν
1693 1221 1727 1248 τὰ
1741 1221 1847 1248 ἑαυτοῦ.

1068 1272 1100 1298 Ὢ
1117 1272 1166 1306 τῆς
1186 1269 1397 1305 μεγαλοψυχίας,
1419 1269 1446 1304 ἢ,
1461 1270 1491 1296 τό
1507 1278 1538 1303 γε
1552 1269 1731 1304 ἀληθέστερον
1752 1269 1850 1302 εἰπεῖν,

1065 1316 1115 1350 τῆς
1129 1316 1298 1350 φιλοτεχνίας
1310 1323 1317 1331 ⁸
1336 1315 1384 1351 τὴν
1397 1315 1502 1348 πολιάν,
1520 1315 1569 1351 τὴν
1579 1315 1702 1349 νεότητα,
1716 1315 1762 1341 τὸν
1777 1315 1850 1347 ναὸν,

1064 1361 1109 1388 τὸν
1128 1362 1268 1398 ἀρχιερέα,
1287 1362 1332 1389 τὸν
1347 1361 1520 1397 κληροδότην,
1534 1362 1581 1388 τὸν
1598 1361 1773 1397 κληρονόμον,
1787 1361 1850 1392 τοὺς

1065 1409 1172 1444 λόγους,
1195 1408 1241 1440 οὓς
1260 1408 1396 1435 ὲποθείτε·
1415 1408 1576 1434 καὶτούτων
1590 1408 1619 1434 οὺ
1635 1408 1696 1439 τοὺς
1710 1407 1782 1442 εἰκῆ,
1803 1407 1850 1434 καὶ

1067 1457 1106 1487 εἰς
1128 1455 1196 1491 ἀέρα
1210 1455 1330 1490 ῥέοντας,
1345 1454 1391 1481 καὶ
1407 1454 1487 1490 μέχρι
1511 1453 1560 1489 τῆς
1580 1453 1664 1489 ἀκοῆς
1680 1453 1849 1489 ἱσταμένους,

1066 1500 1122 1527 ἀλλ’
1137 1500 1183 1531 οὓς
1194 1500 1295 1536 γράφει
1306 1499 1336 1526 τὸ
1347 1499 1466 1535 πνεῦμα,
1481 1499 1528 1526 καὶ
1544 1499 1640 1532 πλαξὶν
1657 1500 1767 1526 ὲντυποί
1783 1499 1849 1526 λιθί-

1066 1554 1135 1578 ναις,
1153 1545 1241 1572 εῖτουν
1260 1545 1412 1581 σαρκίναις,
1425 1545 1474 1571 οὐκ
1487 1544 1517 1577 ἐξ
1533 1545 1664 1580 ἐπιπολῆς
1677 1544 1850 1580 χαρασσομέ-

1066 1601 1138 1624 νους,
1153 1592 1212 1618 οὐδὲ
1226 1591 1325 1628 ῥᾳδίως
1333 1591 1578 1626 ἁπαλειφομένους,
1592 1591 1648 1617 ἀλλ’
1661 1592 1701 1622 είς
1718 1590 1798 1626 βάθος
1808 1591 1850 1617 ἑν-

1067 1637 1292 1674 σημαινομένους,
1307 1638 1338 1664 οὺ
1351 1637 1457 1672 μέλανι,
1474 1637 1542 1664 ἀλλὰ
1553 1636 1645 1672 χάριτι
1659 1636 1725 1672 (l0).

1099 1770 1135 1796 Z'.
1151 1769 1242 1795 Ταῦτα
1258 1769 1306 1804 μὲν
1319 1767 1364 1796 οὖν
1375 1768 1431 1803 (Η)
1445 1769 1508 1803 ὑμῖν
1520 1770 1534 1795 ὁ
1548 1768 1645 1803 σεμνὸς
1660 1768 1784 1803 Ἀϐραὰμ
1802 1766 1847 1796 αὖ·

1063 1823 1119 1847 τος,
1135 1815 1149 1840 ὁ
1171 1814 1352 1850 πατριάρχης,
1371 1815 1388 1849 ή
1407 1813 1484 1848 τιμία
1504 1813 1608 1849 κεφαλὴ
1634 1814 1680 1840 καὶ
1699 1813 1848 1849 αἰδέσιμος,

1063 1860 1094 1887 τὺ
1110 1861 1216 1887 πάντων
1226 1860 1280 1886 τῶν
1294 1859 1384 1886 καλῶν
1397 1859 1452 1895 (12)
1464 1858 1644 1893 καταγώγιον,
1660 1860 1674 1885 ό
1686 1859 1736 1894 τῆς
1749 1858 1849 1893 ἀρετῆς

1063 1905 1164 1940 κανὼν,
1185 1908 1202 1942 ἢ
1220 1906 1269 1941 τῆς
1290 1906 1438 1942 ἱερωσύνης
1459 1905 1607 1937 τελείωσις,
1631 1906 1646 1931 ὁ
1660 1905 1709 1941 τὴν
1727 1905 1849 1931 ἑκούσιον

1063 1954 1156 1981 θυσίαν
1171 1954 1316 1989 προσάγων
1334 1952 1372 1988 τῷ
1386 1952 1476 1988 Κυρίῳ
1489 1952 1544 1986 (15)
1562 1953 1692 1987 σήμερον,
1707 1951 1752 1978 τὸν
1770 1960 1849 1986 μονο-

1063 2000 1139 2035 γενῆ,
1151 1999 1196 2026 τὸν
1210 2001 1242 2026 ὲκ
1255 2000 1305 2034 τῆς
1316 1998 1489 2033 ἐπαγγελίας.
1509 1998 1601 2033 Ὑμεῖς
1614 1998 1642 2025 δὲ
1652 1999 1848 2034 καρποφορεῦιε

1063 2047 1110 2073 καὶ
1122 2046 1182 2081 Θεῷ
1201 2046 1249 2072 καὶ
1260 2047 1325 2080 ἡμῖν
1341 2045 1372 2071 τὸ
1384 2044 1475 2076 καλῶς
1491 2043 1693 2079 ποιμαίνεσθαι,
1709 2044 1749 2075 εἰς
1766 2043 1849 2070 τόπον

231 2102 303 2122 seum
312 2095 444 2126 collocati,
456 2100 482 2122 et
499 2102 578 2129 super
591 2102 687 2129 aquam
698 2094 851 2121 refectiOnis
862 2094 967 2121 educati
976 2094 1011 2126 '°,

1065 2091 1143 2127 χλόης
1160 2090 1418 2125 κατασκηνούμενοι,
1433 2090 1481 2116 καὶ
1495 2090 1542 2116 ἐπὶ
1555 2089 1648 2121 ὓδατος
1661 2089 1716 2124 (14)
1726 2088 1849 2116 ἀναπαύ-

230 2144 260 2166 ιιι
277 2144 349 2167 recte
363 2146 497 2175 pastoretn
515 2139 684 2174 cognoscatis
694 2159 702 2172 ,
717 2145 743 2166 οι
764 2139 800 2166 ab
818 2145 851 2165 60
865 2146 1012 2173 cognosca-

231 2186 308 2217 tttini,
323 2190 350 2213 et
366 2185 482 2219 pastoris
501 2184 528 2212 in
543 2185 650 2211 modum
669 2192 702 2218 ac
714 2184 797 2212 libere
808 2190 949 2211 vocantem
964 2192 1011 2219 per

229 2231 328 2258 ostium
349 2230 518 2265 sequamini;
546 2229 662 2256 alienum
686 2236 774 2256 autem
801 2237 854 2257 tton
875 2232 1011 2264 sequami-

230 2277 257 2303 tti
270 2277 304 2310 “,
316 2276 372 2311 qui,
389 2276 520 2303 latronum
546 2280 574 2303 et
597 2275 783 2303 insidiatorum
803 2282 889 2308 more,
905 2275 1009 2302 caulam

1065 2144 1132 2166 σεως
1144 2136 1350 2171 ὲκτρειρόμενοι,
1363 2134 1542 2168 γινώσκοντες
1557 2133 1646 2166 καλῶς
1660 2134 1704 2160 τὸν
1720 2133 1848 2169 ποιμένα,

1064 2182 1111 2209 καὶ
1128 2181 1334 2216 γινωσκόμενοι,
1348 2180 1393 2207 καὶ
1407 2180 1534 2214 ἑπόμενοι
1545 2179 1670 2206 καλοῦντι
1683 2178 1848 2214 impetum};

1063 2228 1110 2255 καὶ
1120 2227 1277 2263 ἐλευθερίως
1287 2226 1331 2253 διὰ
1341 2228 1391 2262 τῆς
1397 2226 1481 2261 Θύραε
1489 2235 1496 2241 ο
1507 2226 1639 2261 ἀλλοτρίῳ
1649 2226 1676 2252 δὲ
1687 2226 1723 2261 μὴ
1736 2224 1832 2251 ἀκολου
1841 2239 1848 2245 -

1063 2273 1172 2304 Θοῦντες
1182 2272 1372 2308 ὑπερϐαίνοντι
1379 2271 1424 2298 διὰ
1431 2272 1480 2306 τῆς
1493 2271 1588 2307 αὐλῆς,
1597 2271 1751 2308 λῃστρικῶς
1760 2279 1790 2298 τε
1802 2271 1849 2298 καὶ

267 2343 288 2358 ¹²
305 2342 324 2368 ll
343 2343 405 2370 Cor.
425 2350 483 2372 vtti.
495 2343 522 2370 9.
562 2342 584 2358 "
596 2342 710 2377 Philipp.
725 2351 754 2372 tt.
767 2343 792 2370 7.
831 2342 853 2358 “
867 2343 960 2370 Matth.
975 2343 1072 2372 “.98.
1111 2343 1132 2358 "
1144 2342 1238 2369 Matth.
1257 2349 1312 2369 xvi.
1325 2341 1371 2377 26.
1394 2340 1432 2377 _"
1444 2340 1521 2368 Joan.
1539 2349 1566 2375 ι,
1581 2341 1624 2369 15.
1663 2342 1683 2358 ³⁷
1700 2341 1766 2369 Tob.
1778 2349 1804 2372 ι.
1819 2342 1847 2371 Α.

230 2377 252 2394 ³³
265 2378 362 2404 Ezeclt.
374 2385 466 2415 sttva,
476 2377 527 2410 26;
544 2377 563 2405 ll
576 2378 637 2405 Cor.
651 2385 692 2411 tu,
704 2379 732 2411 2,
748 2378 775 2405 ὅ.
811 2378 833 2394 ’³
846 2378 913 2406 Gen.
935 2385 1003 2411 uti,

1072 2377 1132 2405 Gal.
1147 2386 1196 2409 ιιι,
1211 2377 1253 2404 l6.

263 2446 300 2481 (ι)
322 2446 380 2479 Τὴν
396 2446 568 2479 ἐλευθερίαν
587 2446 671 2480 ἡμεῖς
690 2446 896 2481 ἀπολάϐωμεν,
916 2456 926 2472 ι
938 2452 966 2474 ιιι
982 2447 1012 2474 Ιί-

228 2482 358 2509 bertatetn
375 2481 563 2516 reciperentus.
579 2490 588 2507 ι
609 2482 645 2508 lta
672 2482 766 2509 Btllitts
790 2482 816 2508 itt
841 2483 853 2508 l
881 2482 945 2509 edit.
965 2482 1010 2516 qui

228 2525 279 2543 non
295 2523 356 2543 raro
373 2515 476 2542 felicius
492 2516 589 2546 reddit,
609 2523 689 2548 quant
709 2517 835 2543 secundis
857 2518 939 2544 curis.
955 2517 1010 2544 Vox

227 2550 413 2592 εδιιηᾼρυειοιί,
423 2549 500 2576 Rom.
515 2557 574 2583 vttt,
589 2550 635 2582 21,
651 2558 704 2578 non
720 2552 807 2579 minus
819 2551 924 2583 Latina,
942 2557 1011 2580 teste

227 2585 544 2660 ζίιὶὲἓῗᾎντάλλαγμα.
560 2628 569 2644 ι
581 2618 671 2654 Culpa:
682 2624 779 2648 nostra
791 2621 1007 2650 succidaneum.»

226 2655 262 2682 lla
280 2654 379 2681 Billius.

262 2689 299 2725 (6)
318 2689 496 2725 Γενόμενον.
514 2689 558 2725 Sic
576 2688 650 2723 Regii
667 2689 796 2724 plerique.

264 2724 298 2759 ι’1)
317 2725 457 2752 Διπλοῦν.
489 2733 499 2749 ι
521 2724 577 2751 Duo
597 2726 706 2758 templa,
740 2726 836 2759 inquit,
862 2725 941 2752 Pater
959 2734 1007 2754 vo-

226 2759 267 2786 bis
290 2758 360 2785 dono
382 2760 462 2790 dedit,
490 2758 604 2785 alterunt
627 2759 756 2791 inanitne,
784 2761 854 2794 quod
880 2759 1007 2788 Nztziattzi

226 2793 367 2855 ρλιιᾶιιχὶι,
380 2794 493 2822 alterum
507 2795 653 2821 animatum
665 2802 672 2827 ;
685 2803 695 2820 ι
711 2794 750 2821 sic
758 2793 874 2826 seinsunt
883 2797 1007 2830 appellat.

240 2833 265 2854 tat
307 2833 399 2855 tcelas.

226 2828 493 2926 :;:g§|c3:¢lz:¢:nplar.
518 2873 528 2890 ι
551 2863 690 2892 Baculum.
711 2872 721 2889 ι
749 2863 860 2897 Βὶιιιιις,
886 2875 896 2891 ι
919 2865 1008 2894 subsi-

1303 2377 1326 2396 ³ο
1341 2375 1412 2404 Psal.
1429 2384 1496 2408 uti,
1514 2377 1539 2404 l.
1578 2377 1599 2392 ’ί
1616 2377 1692 2405 Joan.
1709 2386 1744 2410 ι,
1758 2377 1804 2410 14,
1820 2379 1848 2406 5.

1098 2446 1135 2482 (9)
1155 2447 1352 2482 Προτίθησινχ
1375 2446 1420 2474 Sic
1447 2446 1537 2482 plures
1563 2453 1648 2473 mss:
1667 2448 1713 2474 sed
1739 2447 1805 2480 Reg.
1831 2456 1848 2475 tt

1062 2483 1170 2516 Oplillttﬂ
1198 2488 1275 2509 noue.
1297 2487 1323 2507 et
1338 2481 1412 2508 Collt.
1438 2490 1463 2508 tn
1481 2481 1526 2515 qui
1547 2482 1666 2508 omnium
1688 2482 1773 2509 instar
1788 2491 1848 2510 esse

1061 2515 1154 2551 possit,
1167 2515 1281 2543 Basilius
1295 2516 1321 2543 in
1342 2516 1451 2543 scltoliis
1469 2525 1475 2543 :
1491 2516 1661 2551 προστίθησι.
1679 2517 1773 2544 Cotttlt.
1789 2525 1848 2543 ser-

1061 2550 1106 2578 imt
1123 2550 1279 2587 προτίθησι,
1294 2557 1321 2578 et
1334 2552 1374 2587 sic
1386 2552 1467 2578 vertit
1480 2560 1486 2578 :
1503 2550 1518 2576 ι
1529 2558 1576 2578 sua
1595 2550 1683 2578 omnia
1699 2552 1774 2578 vobis
1785 2559 1847 2585 pro-

1061 2587 1135 2621 ponit
1161 2589 1257 2613 utentta
1281 2591 1309 2612 et
1331 2586 1442 2613 fruenda
1465 2595 1471 2612 :
1492 2593 1601 2612 suorum
1625 2588 1746 2614 omnium
1772 2587 1848 2616 vobis

1061 2620 1164 2653 copiam
1182 2621 1256 2652 facit,
1273 2621 1312 2647 sui
1333 2621 1428 2654 ipsius,
1447 2621 1549 2654 templi,
1568 2620 1625 2647 lilii.
1641 2631 1651 2647 ι

1096 2656 1152 2691 (illi
1172 2654 1281 2691 Χᾴριτι,
1301 2656 1411 2690 tgratia.
1428 2665 1437 2682 t
1458 2655 1561 2688 Billius,
1576 2664 1585 2680 ι
1600 2656 1707 2690 spiritu.
1735 2665 1745 2682 ι

1096 2688 1152 2726 (Η)
1173 2688 1234 2717 Οὖιλ
1246 2688 1360 2717 deest—in
1373 2691 1493 2724 pluribus
1505 2698 1583 2724 tuss.,
1598 2688 1689 2717 verum
1702 2692 1728 2718 in
1745 2690 1846 2719 codici-

1061 2725 1112 2752 bus
1128 2725 1251 2760 melioris
1262 2730 1333 2752 notaa
1350 2726 1458 2760 legitur.

1096 2759 1150 2795 (I2)
1170 2759 1287 2791 Καλῶν,
1307 2769 1316 2785 ι
1332 2759 1470 2788 virtutum.
1487 2770 1496 2786 ι
1516 2760 1568 2788 Bil.
1586 2770 1596 2786 ι
1611 2761 1754 2788 bonorum.
1769 2769 1779 2787 ι

1095 2794 1153 2831 (15)
1176 2795 1217 2831 Τῷ
1230 2795 1336 2831 κυρίῳ.
1354 2795 1449 2831 Coutb.
1463 2795 1501 2830 τῷ
1513 2795 1581 2831 Θεῷ.

1096 2829 1153 2866 (14)
1179 2830 1244 2857 Ἐπὶ
1256 2830 1375 2863 ὕδατος.
1391 2830 1471 2866 Coisl.
1485 2829 1511 2863 l.
1525 2829 1566 2866 sep"
1583 2830 1688 2862 ὓδατος.
1702 2829 1794 2858 Billius
1804 2838 1845 2862 sic

1060 2865 1163 2900 vertit;
1174 2875 1183 2890 ι
1195 2866 1270 2897 Quod
1283 2865 1390 2900 quidem
1403 2865 1521 2893 futurum
1530 2871 1581 2898 est,
1590 2867 1612 2893 si
1629 2865 1655 2892 in
1667 2867 1725 2892 loco
1739 2873 1846 2900 pascua

1063 2901 1199 2933 habitetis.
1215 2905 1242 2928 et
1259 2901 1285 2928 in
1303 2908 1370 2935 aqua
1386 2900 1539 2929 refectionis
1551 2901 1711 2929 educetnini.
1727 2910 1737 2926 ι
