2070 3135
232 157 282 185 ιιι

843 158 872 189 8'.
893 155 1057 190 CllEGORll
1078 162 1251 190 THEOLOGI

1800 162 1853 191 ιη

231 216 286 244 imo
296 217 377 244 etiam
396 217 446 253 13
462 218 505 245 his
518 221 593 245 tanto
613 218 702 246 minus
725 217 753 248 id
776 221 919 254 conducit,
943 222 1015 256 quod

1067 222 1128 255 περὶ
1146 222 1276 256 μειζόνων
1292 220 1383 253 αὐτοῖς
1408 221 1422 248 ὁ
1443 220 1563 253 κίνδυνος
1576 229 1583 236 ”
1598 219 1638 253 οἷς
1662 221 1743 256 μέγα,
1764 222 1815 249 κᾶν
1828 221 1853 249 εἰ

231 263 400 296 gravioribus
415 263 441 290 in
458 264 537 291 rebus
549 264 740 298 periclitamur
756 274 763 292 :
781 267 878 300 quibus
888 275 1013 302 magnum

232 307 294 334 illud
307 314 388 342 atque
401 309 518 344 amplum
536 315 589 342 est,
607 311 629 338 si
647 319 736 338 minus
758 312 794 343 id.
816 313 886 346 quod
903 314 1015 341 rationis

231 362 346 388 primum
365 360 416 387 est,
435 363 558 388 servent,
574 357 625 384 hoc
648 363 690 385 est
708 363 737 384 ut
753 359 819 385 nihil
834 365 962 394 peccent;
987 364 1015 386 at

230 404 302 427 certe
315 401 352 434 id,
370 402 444 436 quod
458 404 591 436 posterius
605 409 656 435 est.
669 412 730 431 cum
742 410 865 438 peccant,
878 406 1014 432 emendari

232 452 313 480 atque
327 448 354 474 in
372 449 442 474 viam
457 450 560 476 reduci.
576 450 651 483 Quod
662 451 788 491 quoqiam
806 451 966 486 prmclarum
983 460 1015 480 ac

228 493 330 527 justum
346 502 406 521 esse
420 495 505 521 visum
519 500 571 529 est,
587 504 634 530 par
652 505 711 524 meo
725 498 832 531 quidem
844 499 945 533 judicio
960 507 1015 526 ma-

231 537 285 563 lum
300 544 349 569 est,
365 547 396 566 ac
412 547 534 574 permque
552 542 742 573 inordinatum.
755 548 782 570 et
792 550 887 570 omnes
900 551 1015 578 praeesse

231 589 312 617 atque
341 585 475 619 imperare
502 586 580 618 velle,
604 592 632 614 et
657 588 789 615 neminem
813 589 838 615 id
867 590 1013 623 suscipere.

231 627 297 654 Nam
310 628 440 662 profecto,
451 630 472 656 si
484 638 578 658 omnes
591 631 652 662 hoc,
668 632 724 658 sive
736 632 914 659 ministerium
925 633 1015 661 dicere

231 680 347 708 oportet.
366 677 422 702 sive
435 676 575 710 itnperium
605 677 751 711 defugiant,
767 678 882 704 maxima
897 686 929 706 ex
941 684 1016 712 parte

232 719 404 753 claudicabit,
422 729 470 748 nec
486 722 541 755 jatn
554 721 783 755 pulchritudinem
798 730 874 749 suam
891 724 1016 750 retinebit

233 764 374 798 pulchrum
397 766 461 792 illud
486 767 614 794 Ecclesia:
637 767 872 802 complementum.
902 767 1015 795 Ubinam

232 818 324 844 porro,
341 817 368 838 et
383 819 396 837 a
411 812 572 845 quibusnam
587 813 657 840 Deus
666 812 786 847 mysticis
800 813 851 840 illis
865 821 896 840 ac
911 821 1015 841 sursum

233 855 380 884 ferentibus
410 858 495 885 sacris
525 859 672 890 coleretur,
711 858 810 892 quibus
847 866 896 886 nec
931 860 1017 893 majus

1063 266 1093 292 τὸ
1120 266 1226 301 πρῶτον
1253 266 1307 302 (70)
1334 267 1381 293 τοῦ
1408 266 1486 300 λόγου
1513 267 1550 302 μὴ
1577 266 1697 300 σώζοιεν,
1718 267 1748 294 τὸ
1770 267 1853 303 μηδὲν

1065 312 1240 347 ἁμαρτάνειν,
1259 312 1327 338 ἀλλὰ
1343 312 1372 338 τό
1392 321 1423 346 γε
1446 312 1570 348 δεύτερον
1586 313 1700 344 ἐκείνου,
1717 313 1747 339 τὸ
1763 314 1853 348 ἁμαρ-

1063 358 1193 389 τάνοντας
1217 358 1411 392 ἐπανάγεσθαι.
1437 358 1544 394 Ἐπειδὴ
1568 358 1646 385 τοῦτο
1663 359 1744 385 καλὸν
1766 359 1852 394 ἐφάνη

1064 403 1111 429 καὶ
1135 403 1248 434 δίκαιον,
1273 403 1329 429 ἴσον
1355 404 1416 438 ἐμοὶ
1438 404 1493 438 (71)
1513 404 1596 430 κακὸν
1615 404 1662 430 καὶ
1678 404 1777 438 ὁμοίως
1790 404 1854 430 ἄτα-

1064 457 1137 479 κτον,
1159 449 1263 479 πάντας
1277 457 1307 474 τε
1326 449 1418 483 ἄρχειν
1441 449 1553 480 ἐθέλειν,
1581 449 1627 474 καὶ
1650 449 1751 483 μηδένα
1775 449 1852 482 δέχε-

1065 495 1126 521 σθαι
1145 494 1200 529 (ἷὲ)
1211 504 1217 509 ·
1235 494 1283 526 ὼς,
1295 494 1321 520 εἴ
1335 503 1366 528 γε
1377 495 1474 526 πάντες
1491 494 1616 528 φεύγοιεν
1626 494 1725 528 ταύτην
1739 493 1786 528 τὴν
1797 493 1852 519 εἴτε

1065 539 1234 575 λειτουργίαν
1251 539 1302 575 χρὴ
1322 539 1420 573 λέγειν,
1438 540 1493 565 εἴτε
1510 539 1665 575 ἡγεμονίαν,
1683 539 1795 573 χωλεύοι
1819 538 1852 565 ἂν

1065 585 1103 621 τῷ
1121 586 1239 620 μεγίστῳ
1256 586 1343 621 μέρει,
1356 586 1402 612 καὶ
1417 586 1470 612 οὐδ’
1484 585 1516 612 ἂν
1529 586 1609 612 καλὸν
1622 585 1660 611 ἔτι
1675 585 1749 620 μένοι
1762 585 1792 610 τὸ
1805 593 1852 610 κα-

1065 632 1110 658 λὸν
1124 632 1173 666 τῆς
1190 632 1352 666 Ἐκκλησίας
1365 632 1500 667 πλήρωμα
1515 631 1581 666 (75).
1598 631 1652 657 Ποῦ
1664 631 1686 657 δ’
1697 631 1729 657 ἂν
1742 630 1782 656 ἔτι
1796 630 1851 664 (74)

1066 678 1112 703 καὶ
1129 677 1203 712 παρὰ
1219 677 1298 704 τίνων
1311 677 1488 713 θρησκεύοιτο
1501 678 1567 712 ἡμῖν
1578 678 1592 703 ὁ
1606 677 1670 708 Θεὸς
1687 676 1720 703 τὰ
1737 676 1854 711 μυστικὰ

1066 724 1112 750 καὶ
1129 723 1184 750 ἄνω
1203 724 1330 759 φέροντα,
1349 724 1363 750 ὃ
1377 723 1409 758 δὴ
1424 723 1550 758 μέγιστόν
1565 725 1622 749 ἐστι
1638 723 1691 749 τῶν
1709 722 1853 758 ἡμετέρων

1066 771 1113 797 καὶ
1127 770 1301 806 τιμιώτατον,
1323 771 1374 797 οὐκ
1388 770 1461 801 ὄντος
1479 770 1617 805 βασιλέως,
1633 770 1692 795 οὐδὲ
1711 770 1785 800 dum;
1803 769 1859 804 ἄρκ-

1066 825 1169 851 χοντος,
1187 816 1246 842 οὐδὲ
1260 816 1404 851 ἰερατείας,
1423 816 1482 842 οὐδὲ
1500 815 1605 847 θυσίας,
1619 815 1673 841 οὐδ’
1688 816 1737 841 ὅσα
1751 815 1787 846 ὼς
1804 814 1853 849 μέ-

1067 869 1147 895 γιστα
1168 862 1214 888 ἐπὶ
1237 861 1365 897 μεγάλοις
1380 858 1633 897 τοῖζπταίσμασιν,
1655 862 1679 887 οἱ
1697 861 1779 887 πάλαι
1797 860 1852 895 (τις)

232 901 392 936 quidquam,
422 911 471 930 nec
497 905 668 938 praestantius
694 905 763 939 apud
779 912 828 931 nos
846 910 898 936 est,
921 905 944 932 si
968 913 1016 933 nec

1068 907 1190 939 ἀπειθεῖς
1202 908 1417 944 κατεκρίθησαν;

233 954 299 979 rex,
321 955 368 975 nec
395 949 536 983 pra'lectus
560 954 650 982 esset,
673 958 722 977 nec
757 951 957 983 sacerdotium,
987 959 1036 979 nec
1055 953 1227 986 sacrificium,
1250 962 1299 981 nec
1321 955 1372 981 alia
1416 953 1525 986 omnia,
1551 953 1647 988 quibus
1669 953 1731 980 olim
1757 952 1854 980 iuobe-

233 994 338 1021 dientes
365 995 488 1023 homines
507 1001 534 1023 et
559 1002 732 1024 contumaces
754 997 873 1030 ingentia
904 1004 1013 1032 peccata
1035 1000 1139 1028 multati
1156 1001 1237 1028 sunt?

272 1040 301 1067 V.
323 1041 378 1067 Nec
393 1043 452 1069 velo
467 1043 585 1070 alienum
600 1051 631 1070 ac
646 1049 838 1077 praeposterum
849 1049 900 1078 est,
919 1046 1017 1073 multos

234 1095 265 1113 ex
291 1087 333 1117 iis.
350 1089 396 1120 qui
411 1089 561 1115 divinarum
579 1098 667 1116 rerum
688 1091 776 1117 studio
799 1091 881 1118 dediti
905 1097 983 1123 suttt,
1001 1101 1018 1120 e

234 1134 402 1160 subditorum
421 1135 507 1162 classe
523 1141 603 1170 atque
614 1136 710 1163 ordine
723 1137 755 1162 ad
772 1136 913 1171 imperium
927 1138 1016 1171 evehi,

235 1186 285 1205 nec
300 1179 333 1205 ab
353 1180 460 1206 usitatis
483 1181 659 1215 philosophia:
682 1181 786 1216 legibus
810 1187 960 1215 remotum,
985 1191 1018 1210 ac

235 1231 295 1251 cum
314 1226 413 1259 probro
429 1230 457 1252 et
484 1227 614 1254 dedecore
637 1227 808 1260 conjunctum
824 1237 829 1254 :
844 1229 1018 1262 quemadmo-

234 1273 296 1298 dum
317 1280 366 1299 nec
379 1274 461 1307 probo
482 1279 568 1300 nauta:
584 1279 719 1308 proretam
736 1283 807 1307 esse,
828 1283 878 1302 nec
890 1281 1016 1310 proretaa,

233 1318 278 1352 qui
300 1323 393 1345 ventos
413 1324 486 1345 recte
507 1324 536 1345 et
553 1327 614 1346 cum
633 1319 711 1345 laude
729 1321 890 1353 observarit,
909 1321 1015 1347 clavum

235 1364 379 1397 regendum
395 1364 542 1398 suscipere,
576 1370 633 1398 aut,
646 1366 667 1392 si
685 1365 769 1397 lubet,
785 1366 847 1392 forti
863 1374 894 1393 ac
908 1371 1018 1394 strenuo

235 1410 314 1436 militi
332 1411 436 1437 cohorti
453 1418 579 1445 praeesse,
595 1415 621 1438 el
639 1412 674 1442 ei,
686 1411 730 1444 qui
745 1411 848 1438 cohorti
869 1417 941 1439 recte
954 1420 1019 1446 pra:-

236 1455 325 1485 fuerit,
344 1456 493 1482 exercitum
511 1456 620 1488 ducere,
638 1456 772 1490 totiusque
795 1457 855 1483 belli
882 1457 1017 1491 principa-

235 1505 290 1526 tum
311 1501 459 1535 suscipere.
478 1501 530 1528 Sed
546 1509 633 1535 neque
659 1501 696 1532 id,
720 1502 791 1536 quod
815 1502 937 1529 homines
958 1502 1018 1537 qui-

236 1547 296 1572 dam
314 1547 391 1579 plane
412 1547 525 1580 improbi
539 1551 566 1572 et
585 1547 710 1579 absurdi,
733 1548 832 1582 quique
847 1548 960 1574 aliorum
976 1557 1017 1576 res

235 1592 351 1626 propriis
367 1591 506 1619 allectibus
525 1592 703 1626 perpendunt,
722 1592 878 1619 existimare
904 1593 1018 1620 fortasse

233 1642 343 1672 queant,
361 1638 472 1672 hujusce
487 1638 597 1665 honoris
611 1638 710 1672 gradus
731 1639 765 1665 ob
785 1639 890 1666 altioris
907 1639 1012 1674 cupidi-

234 1732 325 1762 perata
340 1726 448 1754 faciant.
466 1726 633 1753 Eliminanda
645 1730 686 1753 est
697 1727 825 1754 anarchia
844 1734 875 1754 ex
890 1728 963 1754 omni
977 1727 1016 1753 vi-

235 1768 260 1788 ta
273 1762 402 1791 omnium,
417 1767 470 1788 litin
487 1761 636 1795 hominum,
651 1765 706 1788 tum
718 1762 848 1795 pecudum
860 1770 920 1796 quis:
935 1763 1017 1789 homi-

234 1806 296 1824 num
313 1797 424 1830 imperio
436 1797 584 1829 subiacent.

271 1831 398 1868 (iujoh‘
417 1831 503 1866 μέγα,
528 1830 585 1858 κᾶν
605 1832 632 1858 ει
657 1831 690 1857 τὸ
706 1831 834 1865 πρῶτον,
850 1837 901 1859 etc.
921 1842 930 1858 ‹
950 1831 1015 1858 Nam

234 1867 284 1895 etsi
303 1867 402 1898 minus,
422 1867 492 1899 quod
513 1867 626 1899 primum
646 1871 687 1893 est
706 1868 826 1898 rationis,
839 1867 1016 1897 servaverint,

234 1910 264 1929 ut
276 1902 341 1928 nihil
354 1901 464 1928 omnino
479 1907 604 1934 peccent;
620 1906 646 1927 at
657 1901 689 1927 iis
705 1906 791 1928 tamen
813 1909 941 1934 praeterea
959 1909 1018 1928 nia-

233 1945 326 1971 gnum,
344 1937 413 1970 quod
432 1936 464 1962 ab
479 1937 523 1962 illo
538 1937 688 1969 proximum
706 1941 757 1967 est,
771 1941 799 1962 ut
816 1945 830 1962 a
846 1938 962 1970 peccatis
977 1943 1017 1963 re-

233 1977 375 1998 vocentur.
397 1980 406 1996 ι
427 1971 548 1998 Obscuro
570 1971 632 1997 huic
656 1972 713 1997 loco
731 1979 823 2004 paruuli
845 1971 921 1997 all'ert
950 1971 1018 1997 lucis

234 2007 348 2033 Billiana
367 2006 563 2040 interpretatio.
579 2006 712 2032 Particulo
729 2007 752 2032 εἰ
764 2006 806 2032 hic
820 2007 962 2039 redundat,
979 2010 1018 2033 te-

234 2049 274 2068 ste
295 2042 362 2068 Elia.

270 2077 325 2113 (7t)
355 2076 442 2110 Ἐμοί.
466 2075 546 2103 Deest
574 2076 600 2103 in
630 2075 695 2110 Reg.
722 2083 745 2108 ι’,
771 2075 826 2103 Jcs.
855 2080 882 2102 et
901 2075 1018 2110 quinque

233 2112 309 2140 Coll).

269 2147 325 2181 (72)
344 2146 496 2180 Δέχεσθαι.
515 2144 606 2172 Billius
618 2145 811 2181 itaSCripserat
821 2145 853 2172 ad
870 2152 943 2172 oram
956 2146 1016 2172 Bas.

233 2180 288 2213 etl.,
304 2182 349 2208 sed
362 2181 492 2217 ἄρχεσθαι
507 2182 639 2217 integrum
657 2180 773 2217 indextu
787 2181 938 2217 reliquerat
954 2181 1018 2217 ινδέ-

253 2217 329 2243 εσθαι
345 2215 474 2250 optimum
492 2219 594 2250 est,rut
616 2215 653 2240 ait
675 2215 867 2244 Combelisius;
892 2215 917 2241 in
934 2216 1019 2243 tribus

251 2249 369 2278 ’aticanis
386 2251 522 2277 codicibus
536 2249 648 2283 aliisque
661 2249 832 2282 paucioribus
854 2250 959 2283 legitur,
971 2252 1018 2277 sed

233 2292 260 2313 et
278 2287 303 2312 in
323 2286 419 2312 Basilio
436 2286 539 2319 plenius
551 2294 563 2320 7:
579 2285 633 2311 Καὶ
651 2285 753 2319 μηδένα
771 2284 894 2319 δέχεσθαι
911 2285 959 2320 τὴν
974 2286 1020 2320 ἀρ-

233 2322 294 2357 χήν.
313 2320 423 2357 Verum,
439 2325 466 2346 ut
480 2319 689 2357 hoclateatnur,
706 2324 784 2357 certe,
796 2320 916 2357 plerique
932 2319 1018 2357 inanu

234 2354 336 2383 citarati
351 2355 466 2386 codices,
480 2355 612 2388 Vaticani,
622 2354 645 2380 si
663 2360 716 2381 trcs
729 2355 856 2388 excipias,
875 2355 947 2389 llegii
963 2356 1019 2381 l'ere

1102 1048 1140 1074 E’.
1168 1048 1239 1074 Ἀλλ’
1254 1049 1314 1074 οὐδὲ
1331 1047 1404 1081 ξένον
1419 1057 1444 1074 τι
1462 1048 1507 1075 καὶ
1525 1048 1579 1075 ἀπὸ
1594 1047 1695 1083 τρόπου
1716 1048 1771 1078 τοῖς
1787 1055 1853 1072 πολ-

1067 1094 1121 1125 λοῖς
1133 1094 1166 1120 τὰ
1180 1094 1240 1121 θεῖα
1256 1093 1444 1128 φιλοσοφοῦσιν
1459 1093 1513 1127 (76)
1530 1093 1576 1119 ἐπὶ
1590 1093 1619 1119 τὸ
1635 1094 1727 1128 ἄρχειν
1740 1092 1853 1119 ἀναϐαί-

1066 1148 1122 1166 νειν
1145 1139 1199 1166 ἀπὸ
1214 1140 1260 1166 τοῦ
1280 1140 1422 1175 ἄρχεσθαι,
1444 1139 1503 1166 οὐδὲ
1515 1139 1567 1172 ἔξω
1583 1139 1635 1165 τῶν
1651 1139 1853 1174 νενομισμένων

1066 1186 1115 1220 τῆς
1128 1185 1286 1220 φιλοσοφίας
1299 1186 1354 1220 (77)
1366 1186 1445 1221 ὅρων,
1460 1186 1505 1212 καὶ
1522 1185 1603 1219 φέρον
1618 1185 1657 1215 εἰς
1671 1184 1785 1215 ὗνειδος·
1798 1183 1854 1209 ὧσ-

1067 1239 1119 1266 περ
1135 1231 1195 1257 οὐδὲ
1208 1231 1292 1267 ναύτῃ
1305 1231 1360 1257 τῶν
1372 1231 1522 1266 εὐδοκίμων
1538 1231 1568 1256 τὸ
1583 1230 1786 1266 πρωρατεῦσαι,
1806 1230 1852 1256 καὶ

1067 1278 1174 1312 πρωρεῐ
1186 1277 1276 1308 καλῶς
1291 1278 1354 1308 τοὺς
1369 1277 1484 1312 ἀνέμους
1495 1277 1645 1312 τηρήσαντι
1661 1276 1691 1302 τὺ
1706 1276 1854 1310 πιστευθῆ-

1067 1332 1110 1349 ναι
1125 1324 1187 1354 τοὺς
1200 1323 1311 1354 οἴακας·
1333 1324 1356 1349 εἰ
1372 1323 1400 1349 δὲ
1412 1323 1511 1357 βούλει,
1526 1322 1677 1359 στρατιώτῃ
1693 1322 1808 1356 γενναίῳ
1823 1321 1855 1348 τὸ

1066 1366 1256 1403 ταξιαρχῆσαι,
1269 1368 1315 1394 καὶ
1329 1367 1462 1403 ταξιάρχῃ
1476 1368 1551 1403 καλῷ
1572 1369 1602 1394 τὸ
1621 1367 1806 1403 στρατηγῆσαι
1822 1374 1854 1393 τε

1067 1413 1114 1439 καὶ
1142 1413 1259 1447 πολέμου
1287 1413 1387 1444 παντὸς
1415 1414 1559 1448 ἠγεμονίαν
1583 1413 1795 1448 ἐγχειρισθῆναι.
1815 1413 1852 1439 Οὐ

1070 1458 1121 1494 μὴν
1137 1459 1202 1491 οὐδ’,
1215 1460 1282 1494 ὅπερ
1292 1459 1323 1486 iv
1341 1459 1470 1485 ὑπολάϐοι
1484 1468 1524 1490 τις
1543 1459 1607 1490 ἴσως
1621 1459 1674 1485 τῶν
1690 1459 1777 1485 πάντα
1791 1459 1854 1485 ἀτό-

1067 1512 1126 1529 πων
1139 1504 1185 1530 καὶ
1204 1503 1356 1539 μοχθηρῶν,
1374 1504 1398 1530 οῖ
1410 1504 1531 1540 κρίνουσι
1540 1504 1575 1530 τὰ
1588 1503 1641 1530 τῶν
1655 1503 1740 1530 ἄλλων
1754 1505 1810 1534 τοῖς
1820 1505 1855 1529 ol-

1067 1549 1151 1580 κείοις
1163 1549 1285 1581 πάθεσιν,
1302 1550 1438 1585 ᾐσχϋνθην
1455 1550 1501 1576 τοῦ
1524 1549 1627 1584 βαθμοῦ
1645 1549 1692 1583 τὴν
1703 1549 1779 1581 τάξιν
1793 1550 1854 1574 ὲπι-

1068 1594 1152 1630 θυμία
1172 1595 1220 1629 τῆς
1234 1595 1355 1630 μείζονος
1369 1595 1424 1629 (78)
1435 1604 1442 1610 ”
1455 1595 1503 1630 οὐχ
1522 1595 1607 1626 οὕτως
1622 1594 1676 1629 ἐγὼ
1690 1594 1706 1630 ἦ
1721 1595 1768 1620 τοῦ
1782 1594 1853 1620 οεὶου

1070 1640 1211 1675 μεγέθους,
1231 1641 1247 1676 ἢ
1266 1641 1315 1675 τῆς
1333 1641 1505 1676 ἀνθρωπίνης
1524 1640 1713 1671 ταπεινώσεως
1731 1639 1854 1674 ἄπειρος,

1030 1729 1051 1757 c
1069 1727 1269 1762 interpretatus.
1281 1727 1305 1754 Is
1316 1731 1404 1753 autem
1418 1731 1459 1754 est
1470 1726 1590 1761 Gregorii
1603 1734 1697 1754 sensus
1711 1735 1717 1752 τ
1729 1726 1759 1753 Si
1772 1726 1854 1762 desint

1067 1763 1191 1793 ministri,
1213 1770 1287 1788 sacra
1307 1769 1382 1796 atque
1395 1768 1504 1796 augusta
1520 1763 1652 1796 mysterio,
1671 1762 1763 1795 quibus
1774 1761 1855 1796 ini/«il

1067 1797 1094 1822 in
1109 1797 1258 1823 Christiano
1271 1795 1394 1830 religione
1404 1795 1579 1830 prwstanlius,
1596 1798 1745 1822 interibunt.
1763 1795 1855 1828 Sirun

1067 1833 1195 1865 continget
1209 1837 1247 1862 ut,
1267 1839 1325 1857 cum
1337 1832 1418 1858 simus
1433 1831 1529 1865 absque
1543 1839 1607 1864 rege.
1624 1832 1719 1864 absque
1732 1833 1855 1856 sacerdo-

1068 1867 1114 1895 tio.
1132 1867 1222 1892 iisdem
1236 1865 1398 1892 involvantur
1413 1866 1501 1896 malis,
1514 1866 1605 1896 quibus
1617 1867 1677 1892 olim
1690 1870 1854 1891 contumaces

1068 1875 1114 1895 uo.
1132 1875 1222 1892 ttsuem
1236 1875 1398 1892 involvantur
1413 1875 1501 1896 matis,
1514 1875 1522 1891 ί
1531 1875 1605 1892 uiuus
1617 1875 1677 1892 omn
1690 1875 1854 1891 contum/tres

1067 1900 1155 1927 .ludnri
1174 1902 1203 1927 ob
1220 1901 1332 1935 ingentia
1349 1900 1448 1927 scelera
1471 1875 1575 1927 ηιιιίιιιιὶ
1593 1907 1663 1931 sunt,
1679 1901 1759 1934 juxta
1789 1899 1855 1926 Osee

1067 1937 1225 1969 prophetiam
1242 1944 1283 1966 ιιι.
1297 1935 1313 1962 4
1330 1944 1337 1961 :
1358 1945 1367 1960 ε
1390 1936 1453 1962 Siue
1471 1943 1544 1969 rege,
1562 1936 1619 1963 sine
1637 1935 1768 1970 principe,
1797 1935 1855 1962 sine

1067 1971 1229 2001 sacerdotio,
1243 1971 1302 1997 sine
1317 1971 1459 1997 sacriﬁcio.
1476 1980 1485 1996 ι

1103 2005 1160 2039 (75)
1175 2007 1207 2032 Οἱ
1217 2005 1319 2031 πάλαι.
1335 2005 1371 2031 ita
1391 2006 1462 2040 Regii
1480 2014 1487 2037 ;
1505 2006 1530 2032 in
1544 2005 1608 2032 edit.
1621 2005 1656 2037 οἵ,
1669 2004 1746 2032 male.

1105 2039 1159 2075 (76)
1172 2040 1300 2072 Πολλοῖς
1313 2040 1348 2066 τὰ
1359 2040 1421 2067 θεῖα
1433 2041 1665 2075 φιλοσοφοῦσιν.
1680 2041 1742 2067 Sav.
1755 2039 1808 2065 τῶν
1821 2039 1855 2066 τὰ

1068 2075 1126 2102 θεῖα
1138 2075 1362 2109 φιλοσοφούντων.

1104 2111 1159 2144 (77)
1179 2110 1371 2144 Φιλοσοφίας.
1394 2110 1449 2137 Nec
1470 2118 1484 2137 a
1509 2110 1661 2137 constitutis
1681 2109 1855 2143 philosophia:

1070 2146 1177 2172 finibus.
1195 2146 1341 2172 Externum
1359 2144 1552 2179 profanamque
1567 2145 1758 2178 philosophiam
1781 2145 1855 2170 intel-

1069 2181 1156 2213 ligunt
1172 2181 1243 2206 lilias
1256 2185 1283 2206 ct
1303 2180 1423 2206 Basilius.
1440 2181 1535 2206 Annon
1551 2181 1638 2212 potius
1653 2187 1710 2205 eam
1722 2179 1855 2213 signiﬁcat

1069 2215 1224 2250 Gregorius,
1237 2216 1270 2241 de
1287 2223 1337 2248 qua
1355 2222 1416 2250 tnox
1433 2215 1550 2250 loquitur
1564 2217 1695 2250 adversus
1710 2215 1855 2250 monacho-

1070 2258 1128 2276 rum
1146 2250 1267 2281 armulos,
1289 2250 1333 2284 qtti
1351 2249 1440 2275 forsan
1461 2249 1516 2282 jam
1531 2255 1583 2275 tum
1598 2249 1777 2276 Christianam
1797 2249 1855 2284 plli-

1069 2285 1230 2318 losophiani,
1243 2292 1289 2310 seu
1309 2284 1501 2318 professionem
1515 2285 1689 2311 monasticam
1704 2283 1855 2310 sacerdotio

1070 2327 1219 2354 repugnare
1233 2319 1427 2346 causarentur?

1104 2352 1160 2389 (78)
1180 2354 1332 2388 Ἐπιθυμίᾳ
1347 2354 1399 2380 τοῦ
1409 2353 1552 2388 μείζονος.
1574 2353 1673 2386 hcmpe
1687 2352 1802 2388 βαθμοῦ.
1818 2352 1854 2378 Ila

234 2398 339 2421 onines.
362 2390 447 2421 l’ass.,
462 2389 589 2425 Coislaﬁ,
614 2389 659 2416 0r.
682 2390 707 2420 1,
733 2395 796 2421 etc.,
817 2390 915 2416 habent
937 2390 1018 2424 ἄρχε·
1035 2398 1057 2425 D
1071 2394 1164 2417 natura
1177 2390 1324 2422 comparati
1340 2394 1401 2415 sunt
1413 2390 1543 2425 homines,
1555 2393 1583 2415 ut
1595 2389 1705 2425 credere
1720 2393 1855 2425 nequeant

236 2426 314 2452 σθαι*
333 2433 391 2458 qua:
406 2432 457 2451 vox
470 2426 491 2451 si
509 2424 624 2454 tollatur,
639 2424 706 2458 peril
724 2425 749 2450 in
764 2425 853 2451 verbis
864 2425 937 2451 lusus
954 2426 1019 2452 Gre-

235 2461 311 2495 gorio
332 2459 482 2486 famniliaris.
499 2459 632 2495 Praeterea
657 2459 720 2493 quid
736 2459 859 2495 prohibet
872 2461 1018 2495 quominus

234 2493 321 2522 active
329 2500 460 2524 sumatur,
475 2499 504 2520 ut
520 2495 588 2527 apud
608 2493 750 2520 Homerum
765 2493 846 2529 Iliad.
867 2494 892 2529 β,
904 2502 930 2520 v.
948 2494 1016 2522 5‘5:

237 2531 337 2565 Ἀρχευ
356 2529 512 2565 Ἀργείοισι,
528 2538 537 2553 ι
556 2529 655 2565 impera
667 2529 782 2563 Argivis.
799 2538 809 2554 ι
823 2528 868 2556 Sic
878 2535 1020 2557 evanescet

235 2563 363 2599 quidquid
379 2563 697 2599 arGabrieliopbjicitur.

270 2597 325 2636 (75)
340 2598 498 2636 Πλήρωμα,
517 2597 786 2636 ι-(ξυιιιριιριιιθιιιιιιιι,
807 2607 817 2636 ι
843 2607 894 2625 vox
910 2598 1019 2636 illa__dtt-

235 2632 290 2662 rio'r
305 2632 590 2665 vid-:tui-Coinbelisio,
608 2632 655 2667 qui
669 2634 760 2665 vertit,
777 2643 785 2658 ι
803 2634 899 2661 c'tetus.
922 2642 931 2659 ι
952 2633 1018 2660 Mal-

235 2670 297 2700 lem,
316 2679 325 2695 ‹
344 2670 489 2704 pleniiudo.
511 2677 521 2693 ι

271 2704 327 2738 (74)
347 2704 408 2730 Ποῦ
423 2703 449 2730 δ’
464 2703 503 2730 ἂν
518 2703 572 2729 ἔτι.
592 2703 769 2738 Depravatum
791 2703 862 2730 hunc
876 2703 960 2730 fuisse
979 2703 1019 2729 lo-

235 2747 295 2766 cum
311 2741 432 2772 queritur
450 2746 534 2765 novus
552 2739 683 2772 interpres
700 2737 818 2764 Gallicus
832 2738 908 2771 hujus
920 2738 1019 2765 oratio-

236 2776 287 2803 nis.
296 2779 322 2800 et
334 2774 573 2800 nialcinlelleclum
589 2774 623 2800 ab
633 2772 730 2806 iis,qui
744 2774 901 2806 Gregorium
915 2774 971 2800 sive
992 2773 1018 2798 in

235 2809 433 2838 Latinum,sive
446 2810 470 2834 in
484 2807 613 2835 Gallicum
629 2815 779 2834 sermonem
795 2813 898 2834 vertere
911 2808 1020 2834 studue-

238 2849 309 2869 runt.
322 2842 403 2870 Vetus
419 2844 549 2876 interpres
559 2843 676 2869 Gallicus
693 2844 784 2869 (iraira
803 2843 871 2868 male
887 2842 1020 2869 intellecta

237 2878 307 2906 male
332 2878 445 2905 reddidit
460 2887 465 2904 :
480 2877 590 2905 Latinus
603 2885 665 2906 vero
682 2885 733 2905 non
749 2877 814 2904 satis
828 2878 966 2912 perspicue
981 2883 1022 2905 cst

1071 2432 1231 2459 queinquam
1246 2425 1360 2450 honores
1379 2431 1409 2449 ac
1420 2424 1564 2459 dignitates
1582 2430 1644 2449 vere
1658 2428 1684 2448 et
1698 2423 1855 2459 humilitatis

1071 2457 1151 2487 causa
1163 2457 1286 2492 rejiccre,
1305 2459 1350 2485 sed
1364 2457 1460 2484 statim
1470 2459 1639 2492 suspicentur
1654 2465 1714 2492 cum
1730 2457 1855 2483 simulate

1072 2496 1098 2522 id
1115 2491 1213 2520 facere.
1227 2493 1318 2527 Itaque
1332 2500 1392 2519 cum
1410 2491 1554 2525 Gregorius
1568 2498 1674 2519 creatus
1688 2491 1781 2518 luisset
1798 2499 1855 2525 pre-

1072 2531 1173 2564 sbyter,
1194 2528 1312 2564 atquein
1329 2527 1579 2564 Ponlttttlrl'ugissct,
1607 2527 1729 2564 nonnulli
1751 2528 1777 2553 id
1793 2534 1854 2553 eum

1072 2562 1218 2598 pinguioris
1229 2563 1366 2596 dignitatis
1377 2562 1522 2597 cupiditate
1535 2562 1630 2590 fecisse
1642 2562 1768 2595 suspicati
1781 2566 1854 2598 sunt.

1073 2596 1158 2632 Quam
1185 2598 1362 2631 suspicionem
1392 2599 1431 2623 vir
1455 2602 1565 2624 sanctus
1591 2606 1605 2624 a
1628 2604 1657 2623 se
1681 2601 1810 2622 removet.
1826 2596 1855 2622 ln

1071 2633 1192 2660 eamdem
1209 2634 1310 2666 aliquot
1323 2638 1382 2666 post
1397 2640 1482 2658 annos
1495 2632 1671 2666 suspicionem
1683 2632 1855 2664 venitAugu-

1072 2669 1167 2695 stinus.
1183 2666 1301 2700 Possid.,
1314 2674 1373 2701 cap.
1390 2667 1417 2694 4.
1431 2667 1495 2693 Nam
1510 2675 1569 2693 cuni
1586 2674 1646 2693 emn
1663 2666 1782 2692 Valerius
1794 2673 1855 2698 pre-

1072 2703 1209 2737 sbyterum
1224 2700 1354 2738 creasset,
1367 2703 1445 2738 idque
1460 2702 1515 2735 ipse
1529 2701 1689 2738 peritiolreste
1705 2700 1798 2730 ferret,
1813 2705 1855 2738 at-

1072 2736 1124 2772 que
1133 2739 1213 2763 etiam
1231 2745 1240 2761 ι
1260 2737 1372 2772 ubertim
1387 2736 1471 2769 ﬂeret,
1490 2736 1609 2763 nonnulli
1628 2737 1761 2772 lacrytnas
1773 2744 1783 2760 ›
1797 2736 1855 2766 ejut

1072 2771 1104 2800 ex
1116 2772 1201 2798 inanis
1212 2772 1303 2806 gloria:
1314 2771 1458 2805 cupiditate
1470 2778 1628 2805 promanare
1636 2771 1836 2806 suspicabantur
1846 2788 1854 2799 ,

1072 2812 1100 2833 et
1115 2804 1241 2839 tanquain
1255 2814 1315 2832 eum
1331 2804 1535 2833 cetisolabautur
1547 2813 1578 2832 ac
1594 2806 1726 2837 dicebant,
1741 2804 1802 2838 quia
1814 2804 1853 2828 lo-

1074 2850 1121 2868 cus
1144 2841 1312 2875 presbyterii,
1335 2841 1396 2867 licet
1413 2842 1470 2875 ipse
1487 2841 1579 2873 majori
1592 2841 1687 2874 dignus
1709 2845 1791 2875 esset,
1807 2846 1855 2871 ap-

1075 2873 1267 2912 propinquaret
1288 2881 1376 2904 tamen
1391 2873 1569 2911 episcopatui,
1583 2873 1648 2903 cuin
1664 2879 1757 2904 contra
1776 2873 1854 2907 longe
