2070 3135
245 158 298 184 415

858 163 888 190 S.
909 162 1074 190 GKEGURII
1095 159 1269 189 THEOLOGI

1825 155 1878 182 “6

248 218 391 252 admistas,
408 218 434 246 in
448 219 538 253 seipse
559 219 749 254 circumferat,
772 222 874 259 Deique
897 232 930 252 ac
946 232 1036 251 rerum

1091 222 1241 258 γινόμενον,
1257 221 1327 256 φωτὶ
1343 217 1586 256 προσλαμϐάνοντα
1606 216 1674 252 φῶς,
1698 215 1745 242 καὶ
1758 215 1878 250 ἀμαυρο-

247 262 399 290 divinarum
438 263 489 298 15
514 272 609 298 pttrum
637 267 748 294 omnino
769 269 909 303 speculum
934 270 979 301 sit,
1008 270 1034 296 in

247 307 361 343 diesque
384 308 527 342 emciatnr,
553 318 584 337 ac
610 311 697 338 lucem
726 320 774 346 per
790 314 875 348 lucem
899 315 1034 348 excipiat.

247 353 389 381 clariorem
423 362 471 389 per
499 357 685 384 oliscnriorem
706 358 840 393 :jamque
861 347 966 386 .futurir
985 359 1035 387 αενί

246 399 345 426 bonum
363 407 410 434 spe
429 402 574 435 percipiat,
597 406 624 429 et
639 410 699 430 cum
721 404 824 438 angelis
845 409 978 437 versetur,
1005 413 1035 433 ac

247 444 309 472 licet
334 445 421 472 adhttc
439 446 465 472 in
487 447 566 473 terris
582 448 635 479 sit,
654 452 753 475 terram
771 450 896 481 deserat,
923 455 1003 485 atque
1021 459 1035 478 τι

246 490 343 524 spiritu
372 497 479 518 sursum
505 492 662 519 collocetur.
707 493 734 520 Si
762 495 822 528 quis
844 500 962 522 vestrum
986 496 1037 523 hoc

247 543 340 564 amore
367 543 508 572 correptus
540 543 655 571 tenetur,
683 540 747 573 quid
774 541 871 570 dit-am.
901 542 1035 576 intelligit,

247 589 328 617 atque
343 583 447 611 aiTeclui
462 584 496 617 ei,
516 584 541 610 in
556 593 636 619 quem
656 592 711 612 ttun
727 586 828 619 incidi,
855 586 933 614 facile
958 587 1027 622 igno-

246 632 313 655 SCet.
325 627 392 656 Nam
408 630 478 663 apud
495 630 637 666 plerosque
654 639 687 658 ne
699 632 777 659 Iidem
792 633 898 666 quidem
911 633 1035 666 fortasse,

247 673 304 700 haec
319 674 429 706 dicens,
449 675 602 708 nanciscar,
624 677 668 710 qui
687 677 752 703 risui
769 678 850 704 etiam
871 683 898 705 et
921 678 1036 706 ludibrio

247 726 302 744 rem
319 725 377 745 eam
397 719 497 747 habere
515 721 651 754 videntur,
681 723 750 750 male
775 724 868 757 utique
890 731 921 751 ac
947 724 1037 758 perni-

246 766 320 792 ciose
335 764 422 792 aﬂ'ecti
435 774 442 798 ;
460 766 518 792 sive
535 767 651 801 propria:
664 775 755 794 eorutn
775 769 899 796 amentia:
914 770 1036 797 tribuen—

248 810 310 837 dum
327 811 373 843 sit,
389 813 446 839 sive
462 812 494 839 iis
507 812 697 840 ascribendum
708 835 716 846 ,
731 814 776 848 qui
793 822 825 842 co
846 815 907 842 vitae
926 823 1034 851 genere,

247 857 318 890 qttod
337 858 508 890 proﬁtentur,
536 858 636 894 indigni
663 865 726 886 sunt
745 867 752 886 :
773 861 817 895 qui
850 862 886 888 rei
914 862 989 888 home
1005 869 1036 888 ac

1089 268 1161 303 τέρῳ
1173 267 1344 302 τρανότερον,
1358 265 1409 300 ἥδη
1419 264 1449 290 τὸ
1457 263 1504 290 τοῦ
1518 263 1658 299 μέλλοντος
1669 261 1766 292 αἰῶνος
1778 259 1878 294 ἀγαθὸν

1089 315 1149 345 ταῖς
1162 313 1251 339 ἐλπίσι
1267 311 1321 346 (90)
1339 310 1444 346 καρπού
1449 318 1539 345 μενον,
1553 309 1600 335 καὶ
1614 305 1825 343 συμπεριπολεῖν
1833 306 1870 339 ἀγ

1089 359 1188 393 γέλοις,
1204 358 1244 384 ἔτι
1259 357 1327 393 ὑπὲρ
1346 357 1398 390 γῆς
1409 356 1474 382 ὄντα
1485 353 1667 382 καταλιπόντα
1683 352 1738 388 (91)
1752 352 1801 387 τὴν
1816 352 1877 386 γῆν,

1090 405 1137 431 καὶ
1170 403 1222 430 ὑπὸ
1251 402 1297 429 τοῦ
1328 401 1483 437 πνεύματος
1512 400 1568 427 ἄνω
1596 398 1744 433 τιθέμενον.
1778 397 1811 423 Εἴ
1835 405 1877 429 τις

1089 449 1166 485 ὑμῶν
1181 449 1236 483 (9⁸2)
1254 448 1340 483 τούτῳ
1363 448 1401 483 τῷ
1423 447 1503 482 ἔρωτι
1522 446 1646 480 κάτοχος,
1670 442 1739 471 οἶδεν
1757 443 1771 470 ὃ
1796 443 1877 477 λέγω,

1088 496 1136 522 καὶ
1150 494 1188 530 τῷ
1202 495 1261 521 τότε
1281 494 1360 521 πάθει
1383 491 1584 527 συγγνώσεται·
1609 491 1672 522 τοὺς
1698 490 1752 525 γὰρ
1766 489 1877 519 πολλοὺς

1088 541 1143 567 οὐδ’
1157 541 1188 567 ἂν
1202 541 1327 575 πείσαιμι
1344 539 1431 572 λέγων
1449 538 1523 569 ἴσως,
1543 538 1614 569 ὅσοις
1626 537 1672 563 και)⁸
1689 537 1717 563 ὲν
1732 535 1829 569 γέλωτι
1847 534 1878 560 τὸ

1089 587 1206 623 πρᾶγμα
1229 586 1303 612 δοκεῖ
1323 585 1389 620 (95),
1405 583 1497 615 κακῶς
1514 583 1675 610 διατεθεῖσιν
1694 582 1748 607 εἴτε
1761 581 1812 607 ὑπὸ
1827 580 1878 614 τῆς

1091 633 1157 664 ἰδίας
1172 632 1227 667 (91)
1245 631 1333 657 αὐτῶν
1356 629 1457 661 ἀνοίας,
1479 629 1534 655 εἴτε
1553 629 1606 655 ὑπὸ
1624 628 1679 654 τῶν
1695 625 1811 658 ἀναξίων
1830 625 1877 652 τοῦ

1088 677 1309 712 ἐπαγγέλματος·
1328 677 1353 703 οἳ
1376 675 1519 711 πράγματι
1535 674 1609 709 καλῷ
1626 674 1681 709 (95)
1697 673 1779 700 κακὸν
1802 680 1876 707 περι·
1899 675 1913 701 ἶ

1088 724 1242 750 τεθείκασιν
1258 723 1353 757 ὖνομα,
1367 723 1399 756 τῇ
1415 720 1557 755 φιλοσοφίᾳ
1569 720 1616 755 τὴν
1636 719 1797 752 κενοδοξίαν,
1814 726 1869 744 συν-

1088 769 1168 804 εργὸν
1182 768 1309 799 λαϐόντες
1326 768 1372 794 τὸν
1389 767 1484 802 φθόνον
1506 766 1552 793 καὶ
1572 766 1623 800 τὴν
1640 765 1692 792 τῶν
1708 764 1811 791 πολλῶν
1829 770 1876 789 κα-

1090 815 1151 842 κίαν
1168 813 1235 849 πρὸς
1248 813 1277 839 τὺ
1292 814 1380 848 χεῖρον
1396 809 1478 838 οὖσαν
1499 811 1673 846 ἑτοιμοτέραν
1685 818 1691 824 ⁸
1705 810 1737 836 ἵν’
1757 809 1786 835 ἓν
1801 808 1833 842 γέ
1852 816 1876 834 τι

1090 861 1198 892 πάντως
1220 860 1311 891 αὐτοῖς
1325 858 1516 894 ἁμαρτέίνηται
1530 857 1597 892 (96),
1617 857 1632 892 ἢ
1653 856 1685 883 τὸ
1702 855 1785 883 κακον
1802 855 1874 889 ,ἒνιερ⁸

248 901 387 934 pratclaraa
408 902 509 929 malum
528 911 625 930 nomen
643 905 840 938 imposuerunt,
861 905 1038 941 philosophia:

1091 907 1232 942 γούμενον,
1252 906 1269 941 ἣ
1283 906 1314 932 τὸ
1326 905 1407 932 καλὸν
1424 903 1631 939 ἀπιστούμενον.

248 947 376 974 nimirum
403 949 594 981 cenodoxiam,
626 949 677 977 hoc
704 955 746 977 est
769 950 875 977 inanem
904 951 1027 984 gloriam.
1046 953 1218 986 opitulatrice
1251 956 1388 985 assumpta
1409 950 1522 981 invidia,
1536 949 1663 984 vulgique
1695 946 1878 981 improbitate,

248 999 355 1029 semper
370 995 396 1021 in
409 995 485 1030 pejus
505 996 677 1030 procliviore,
704 1002 732 1024 ut
749 997 782 1025 de
796 998 902 1026 duobus
916 999 1036 1033 peccatis
1056 999 1082 1025 in
1104 999 1265 1026 alterutrum
1282 998 1393 1025 omnino
1409 997 1546 1029 incidant,
1563 1000 1592 1022 ut
1624 994 1666 1023 vel
1699 994 1798 1022 malum
1816 1000 1878 1028 per-

248 1044 364 1076 petrent,
379 1041 420 1068 vel
439 1041 510 1067 bono
524 1040 603 1068 ﬁdem
623 1042 763 1076 abrogant.

283 1086 349 1114 Vill.
374 1086 413 1112 Ad
438 1086 505 1118 haec,
522 1091 606 1113 totum
622 1087 693 1113 enim
710 1087 792 1114 animi
808 1095 939 1115 arcanum
965 1088 1035 1123 apud

248 1138 297 1157 vos
317 1129 438 1162 elieram,
461 1129 525 1156 mihi
544 1137 585 1156 res
611 1130 725 1162 accidit,
744 1131 855 1161 rustico.
870 1139 904 1158 an
923 1131 1038 1165 ingenuo

248 1177 307 1204 viro
324 1177 403 1212 digna
419 1176 488 1203 haud
509 1177 584 1209 scio,
608 1177 655 1204 sed
676 1178 774 1204 accidit
798 1183 897 1204 tamen.
916 1178 1036 1205 Aliorum

251 1230 294 1249 me
306 1222 410 1256 puduit,
432 1222 478 1256 qtti
495 1229 556 1250 cum
581 1223 716 1256 plerisque
733 1223 816 1250 nihilo
832 1223 956 1250 meliores
972 1224 1036 1255 sint,

248 1273 329 1301 atque
344 1267 445 1294 utinam
463 1274 514 1294 non
531 1267 612 1294 etiam
637 1267 719 1294 tnulto
744 1267 866 1302 peiores.
890 1267 984 1301 illotis,
1009 1273 1038 1295 ut

249 1313 300 1340 dici
315 1313 392 1343 solet.
408 1313 543 1345 manibus,
565 1312 740 1347 profanisque
757 1313 855 1340 animis
878 1313 903 1340 in
921 1314 1037 1341 sanctis-

248 1359 317 1386 sima
334 1359 460 1393 mysteria
481 1365 542 1385 sese
566 1358 696 1390 inferunt,
723 1365 755 1384 ac
779 1359 936 1393 priusquam
964 1359 1036 1392 digni

248 1404 314 1435 sint,
335 1403 380 1437 qui
395 1403 427 1429 ad
446 1410 489 1430 res
507 1410 599 1429 sacras
615 1402 762 1434 accedant,
782 1403 931 1429 sacrarium
951 1403 1036 1437 ipsum

249 1449 381 1481 ambiunt,
400 1454 425 1474 et
438 1448 539 1474 circum
556 1452 756 1474 sacrosanctam
777 1455 898 1475 mensam
921 1456 980 1475 sese
995 1449 1036 1475 in~

250 1495 335 1521 vicem
351 1499 475 1528 premunt
489 1501 521 1520 ac
534 1493 706 1528 protrudunt,
719 1498 846 1528 tanquam
864 1502 916 1521 non
932 1495 1038 1522 virtutis

250 1540 422 1574 exemplum,
438 1540 484 1566 sed
502 1539 588 1566 victus
603 1540 713 1574 parandi
730 1540 897 1567 occasionem
911 1544 938 1567 et
956 1541 1038 1567 subsi-

250 1587 323 1613 dium
345 1586 416 1613 hunc
427 1585 548 1613 ordinem
565 1593 625 1612 esse
635 1585 806 1619 iudicantes,
822 1593 853 1612 ac
869 1593 922 1612 non
940 1593 1038 1613 munus

251 1632 400 1660 referendis
423 1631 576 1659 rationibus
600 1631 759 1662 obnoxium,
780 1632 827 1659 sed
844 1631 985 1665 imperium
1004 1633 1037 1659 ab

1124 1088 1164 1114 H'.
1179 1087 1250 1122 Πρὸς
1265 1086 1292 1113 δὲ
1304 1085 1408 1116 τούτοις
1423 1085 1538 1120 πρᾶγμα
1551 1083 1661 1114 ἔπαθον,
1673 1081 1812 1116 ὲκλαλήσω
1824 1081 1879 1116 γὰρ

1088 1133 1156 1168 πρὸς
1183 1133 1254 1167 ὑμᾶς
1272 1132 1326 1158 πᾶν
1342 1131 1371 1158 τὸ
1395 1131 1559 1167 ἀπόρρητον,
1586 1130 1636 1156 οὐκ
1667 1127 1713 1155 οἶδ’
1742 1129 1795 1154 εἴτε
1822 1127 1878 1163 (97)

1089 1179 1218 1213 ἄγροικον
1247 1177 1302 1204 εἴτε
1321 1176 1473 1211 ἐλεύθερον,
1491 1175 1590 1201 ἔπαθον
1613 1175 1635 1200 δ’
1658 1172 1718 1200 οὖν·
1742 1173 1878 1209 ᾐσχύνθην

1088 1224 1158 1260 ὑπὲρ
1170 1223 1224 1250 τῶν
1247 1223 1344 1253 ἄλλων,
1359 1222 1426 1253 ὅσοι,
1445 1221 1526 1257 μηδὲν
1539 1221 1593 1248 τῶν
1607 1219 1710 1247 πολλῶν
1726 1220 1801 1250 ὄντες
1821 1219 1878 1254 βελ-

1087 1269 1170 1301 τίους,
1189 1268 1260 1304 μέγα
1276 1269 1324 1302 μὲν
1337 1265 1383 1294 οὖν
1399 1267 1467 1302 (98),
1496 1263 1583 1294 εἶ’καὶ
1599 1265 1636 1301 μὴ
1656 1264 1745 1300 πολλῷ
1759 1265 1877 1300 χείρους,

1088 1315 1210 1346 ἀνίπτοις
1223 1314 1325 1349 χερσὶν,
1342 1313 1356 1340 ὃ
1367 1313 1399 1349 δὴ
1421 1313 1538 1347 λέγεται,
1564 1313 1611 1339 καὶ
1632 1312 1763 1347 ἀμυήτοις
1779 1310 1878 1346 ψυχαῖς

1087 1362 1143 1391 τοῖς
1177 1359 1341 1393 ἁγιωτάτοις
1372 1358 1486 1390 ἑαυτοὺς
1512 1357 1704 1392 ἐπεισάγουσι·
1735 1357 1782 1384 καὶ
1815 1357 1878 1391 πρὶν

1088 1405 1158 1438 ἄξιοι
1181 1405 1307 1439 γενέσθαι
1329 1404 1384 1440 (99)
1400 1403 1540 1440 προσιέναι
1564 1405 1619 1435 τοῖς
1637 1403 1727 1437 ἱεροῖς,
1750 1410 1876 1437 μεταποισ

1087 1450 1181 1478 οὖνται
1206 1450 1252 1477 τοῦ
1271 1450 1390 1486 βήματος
1405 1450 1454 1484 (1),
1483 1449 1618 1476 θλίϐοντοιί
1634 1457 1664 1475 τε
1685 1449 1732 1475 καὶ
1747 1447 1877 1474 ὠθοῦνται

1088 1496 1154 1531 περὶ
1166 1496 1214 1531 τὴν
1231 1496 1311 1530 ἁγίαν
1332 1495 1481 1535 τράπεζαν,
1499 1494 1592 1531 ὥσπερ
1606 1494 1656 1521 οὐκ
1670 1494 1768 1529 ἀρετῆς
1783 1492 1876 1524 τύπον,

1088 1541 1145 1569 ἀλλ’
1162 1541 1288 1576 ἀφορμὴν
1303 1541 1360 1576 βίου
1381 1541 1429 1576 τὴν
1441 1541 1516 1573 τάξιν
1545 1541 1645 1576 ταύτην
1671 1538 1738 1566 εἶναι
1758 1539 1879 1574 νομίζοψ

1088 1595 1143 1619 τες,
1166 1586 1227 1613 οὐδὲ
1255 1586 1426 1621 λειτουργίαν
1445 1585 1603 1617 ὑπεύθυνον,
1618 1586 1674 1612 ἀλλ’
1695 1585 1780 1621 ἀρχὴν
1799 1584 1877 1621 ἁνεξτ

1088 1632 1211 1659 έταστον.
1237 1632 1291 1658 Καὶ
1304 1632 1356 1658 εἰσὶ
1373 1632 1464 1666 σχεδόν
1489 1640 1516 1658 τι
1533 1632 1640 1663 πλείους
1658 1632 1716 1658 κατ’
1730 1631 1844 1666 ἀριθμὸν
1859 1629 1877 1666 ἢ

251 1679 324 1705 omni
341 1685 455 1704 censura
472 1677 602 1704 immune.
627 1677 678 1710 Qui
698 1676 780 1704 etiam
797 1684 844 1704 eos
860 1677 957 1711 quibus
972 1685 1038 1712 prae-

1091 1677 1195 1703 ὑπόσων
1211 1676 1341 1711 ἄρχουσι·
1358 1676 1467 1703 δείλαιοι
1491 1678 1539 1712 τῆς
1558 1676 1707 1708 εὐσεϐείας,
1726 1676 1773 1702 καὶ
1792 1675 1878 1702 ἄθλιοι

251 1727 324 1756 sunt,
343 1730 455 1750 numero
468 1722 523 1756 jam
537 1722 593 1750 fere
606 1727 749 1757 superant;
774 1723 809 1749 ob
831 1723 956 1757 pietatem
980 1723 1035 1750 uti-

251 1776 305 1804 que
323 1768 427 1800 miseri,
455 1768 490 1795 ob
515 1767 684 1803 splendorem
711 1767 841 1795 infelices.
869 1767 961 1803 Itaque
988 1768 1041 1804 16

252 1835 433 1899 “(QOiOTaic
456 1835 570 1862 ἐλπίσι.
595 1834 673 1862 Deest
695 1835 722 1862 in
747 1842 795 1863 sex
820 1835 896 1864 Colb.
919 1841 946 1864 et
971 1841 1041 1872 sept.

278 1879 331 1899 ειι..
370 1879 389 1897 r.
422 1890 429 1896 .

278 1879 331 1902 eg.,
344 1879 389 1898 ur.
405 1879 429 1896 1.

294 1879 569 1938 )‘ﬂ‘or‘dlixdwa.
578 1904 634 1931 Non
644 1906 720 1938 pauci
729 1905 826 1932 habent
834 1905 1041 1934 καταλείποντα.

300 1907 343 1938 91)
352 1907 569 1932 Καταλιπόντα-
578 1907 634 1931 Non
644 1907 720 1938 pauci
729 1907 826 1932 habent
834 1907 1041 1934 καταλείποντα.

288 1907 345 1976 illi)
366 1941 401 1967 ΕΖ
420 1949 465 1972 τις
481 1939 573 1976 ὑμῶν.
584 1950 601 1976 ἰ
617 1940 644 1966 Si
664 1940 871 1976 quis-vestrum,
885 1951 904 1976 ι,
919 1947 987 1974 etc.,
1005 1942 1042 1968 ita

258 1974 342 2010 Atig.,
356 1979 434 2002 tract.
451 1983 514 2001 xxvi
531 1975 557 2000 in
574 1974 666 2010 Joan.,
682 1983 706 2001 c.
723 1975 750 2006 6,
768 1983 794 2002 n.
808 1975 825 2002 Δ
844 1984 850 2002 :
870 1986 878 2002 I
893 1975 931 2003 Da
945 1985 1040 2003 autum

258 2009 345 2038 teni...
359 2015 385 2037 et
403 2010 484 2036 sentit
500 2010 570 2042 quod
589 2009 660 2040 dico.
672 2019 680 2034 ι
698 2015 751 2036 etc.

291 2046 347 2079 (95)
366 2043 585 2079 Πρᾶγμαδοφέεῖ.
600 2045 644 2079 Sic
663 2044 740 2078 Κείς..
755 2045 842 2076 (2011),,
857 2045 903 2072 Or.
921 2045 948 2076 1.
963 2044 1037 2079 Ιιιε.;

256 2077 300 2108 ed.
313 2088 375 2106 vero
391 2077 508 2114 πρᾶγμα
524 2077 592 2114 εἶναι
606 2078 687 2114 δοκεῖ.

292 2116 348 2150 (94)
368 2113 436 2141 Εἴτε
457 2113 516 2141 ὑπὸ
534 2113 588 2147 τῆς
604 2113 692 2146 ιδίας.
716 2113 805 2146 Elius,
827 2123 836 2140 ι
851 2115 908 2142 sive
928 2122 974 2148 per
998 2122 1038 2147 se,

257 2149 302 2178 ob'
315 2150 488 2177 stoliditatem
514 2156 588 2175 suam
609 2154 636 2176 et
652 2150 826 2180 dementiam.
852 2151 908 2177 sive
925 2149 958 2175 ab
979 2149 1040 2176 aliis

256 2185 393 2219 depraiati
413 2189 440 2211 et
457 2184 571 2217 decepti.
599 2183 729 2211 Malorum
749 2186 822 2211 ettitn
846 2185 1038 2219 magistrorum

257 2220 334 2248 malae
349 2224 411 2246 Sllnl
426 2219 584 2252 dscipliuze.
596 2228 605 2244 ι

1090 1723 1139 1758 τῆς
1154 1722 1343 1757 λαμπρότητος
1357 1722 1411 1757 (2)·
1436 1722 1505 1749 ὥστε
1525 1722 1619 1757 ἔμοιγε
1633 1722 1749 1754 δοκοῦσι,
1772 1721 1878 1757 προῖόν·

1091 1776 1138 1800 τος
1150 1767 1197 1793 τοῦ
1210 1767 1306 1802 χρόνου
1323 1767 1370 1794 καὶ
1384 1766 1430 1794 τοῦ
1448 1767 1544 1799 κακοῦ,
1565 1767 1632 1803 μηδὲ
1647 1767 1718 1802 ἔχειν
1737 1766 1829 1793 λοιπὸν
1841 1763 1878 1793 ὧν

1097 1836 1123 1863 in
1152 1836 1335 1863 Admonitione
1360 1836 1466 1870 Agapeti
1487 1836 1522 1862 ad
1533 1834 1712 1861 Justinianum
1738 1835 1879 1870 imperato-

1096 1878 1160 1902 rem,
1183 1878 1256 1896 mtm.
1272 1871 1322 1896 l2:
1341 1868 1398 1897 Ἵνα
1417 1868 1494 1896 ’δυοῖν
1511 1870 1624 1905 Θάτερον
1641 1870 1733 1905 αὐτοῖς
1754 1868 1879 1905 ἁμαρτα-

1095 1914 1183 1940 νηται,
1197 1904 1214 1940 ἢ
1229 1905 1259 1931 τὸ
1273 1905 1357 1932 κακὸν
1374 1903 1583 1940 ἐπαινούμενον,⁷
1597 1905 1613 1940 ἢ
1632 1905 1662 1931 τὸ
1675 1904 1756 1940 καλὸν
1776 1903 1878 1940 ὑϐριζό-

1098 1939 1186 1980 μενον.
1207 1940 1281 1980 Quod
1298 1941 1432 1980 interpres
1452 1939 1492 1980 sic.
1512 1939 1619 1980 reddit}
1640 1949 1648 1964 ι
1666 1939 1700 1966 Ut
1721 1939 1754 1965 de
1775 1939 1879 1980 duobus

1095 1973 1208 2002 alterum
1223 1975 1256 2001 ab
1274 1975 1338 2009 ipsis
1363 1973 1556 2006 committatur,
1579 1974 1619 2001 vel
1643 1981 1786 2009 pravorum
1807 1973 1876 2005 laus,

1093 2010 1136 2036 vel
1151 2010 1361 2036 contumeliosus
1379 2010 1508 2037 bonorutn
1522 2015 1700 2041 contemptus.
1715 2018 1724 2034 ι

1129 2045 1184 2078 (97)
1205 2043 1275 2071 (ηδ’.
1291 2045 1355 2078 Reg.
1371 2053 1383 2071 r
1394 2050 1420 2071 et
1433 2044 1487 2072 Jes.
1504 2053 1510 2071 :
1526 2045 1552 2070 in
1568 2046 1610 2070 ed.
1623 2043 1690 2070 οἶδα.

1093 2079 1184 2140 1,(ιιζῖῖ)
1211 2080 1295 2114 Μέγα
1326 2079 1385 2114 μὲν
1417 2080 1485 2106 οὖν.
1513 2088 1522 2105 ι
1546 2080 1601 2106 1ιιιο
1639 2079 1706 2106 satis
1743 2085 1878 2113 superque

1107 2122 1161 2140 llel‘l
1179 2135 1186 2140 .
1197 2124 1207 2140 ›

1107 2116 1186 2142 nerit.
1197 2124 1207 2140 ›

1128 2149 1183 2185 (9'))
1202 2149 1356 2185 Γενέσθαι.
1372 2150 1449 2176 Deest
1460 2149 1548 2185 inrscx
1560 2148 1626 2185 ltrg.
1637 2154 1663 2175 et
1676 2148 1793 2185 quinque
1801 2147 1877 2185 colb.

1128 2185 1166 2219 (l)
1187 2184 1422 2211 Μεταποιοῦνται
1449 2184 1501 2211 τοῦ
1526 2184 1674 2218 βήματος.
1698 2193 1707 2209 ι
1722 2184 1878 2210 Sacrarinnt

1093 2219 1224 2246 ambiunt.
1236 2229 1244 2244 ι
1263 2220 1395 2246 Praeclare
1408 2218 1584 2246 Combelisius
1597 2221 1628 2245 atl
1645 2220 1701 2245 haec
1717 2219 1797 2245 verba
1813 2218 1878 2244 scri-

295 2254 349 2289 (95)
369 2253 518 2294 Πράγματι
535 2253 628 2286 καλῷ.
641 2253 733 2294 Ειίιιεη
743 2263 752 2279 ι
768 2254 886 2294 honestae
902 2253 952 2286 rei,
965 2263 974 2280 ι
989 2253 1038 2280 hoc

1093 2255 1132 2294 bit
1154 2262 1161 2280 τ
1184 2263 1194 2294 _t
1217 2255 1254 2281 De
1278 2255 1443 2294 presbyteris
1472 2255 1570 2294 accipit
1586 2253 1785 2294 _(Gr_egorins)_,
1809 2260 1878 2292 quos

256 2296 308 2321 est,
325 2291 480 2316 inouastira:
494 2289 554 2315 vita?
568 2296 599 2315 ac
617 2289 735 2315 secessui
750 2296 764 2314 a
784 2291 893 2315 mundo.

294 2323 350 2360 (96)
368 2323 420 2360 ΪΙν’
441 2323 475 2350 ἓν
494 2323 527 2357 τὲ
547 2332 574 2360 τι
599 2322 736 2360 πάντωςᾲ
748 2323 849 2356 αὐτοῖς
874 2323 1043 2358 ἁμαρτάνῃ-

257 2358 316 2386 rat.
334 2358 448 2385 Billius:
469 2367 478 2381 ε
491 2366 544 2391 quo
561 2359 600 2390 lit,
614 2368 623 2384 ι
644 2364 697 2385 etc.
717 2358 800 2385 Gabr.
817 2368 826 2384 ι
842 2360 877 2385 ita
902 2364 944 2390 nt,
958 2368 966 2384 ι
988 2365 1040 2385 etc.

260 2395 354 2421 Melius
377 2393 467 2421 Elius:
483 2403 492 2418 ι
506 2395 556 2420 hoc
573 2401 652 2424 porro
665 2402 698 2420 eo
712 2393 824 2425 faciunt,
839 2393 885 2427 qui
910 2394 1041 2426 ejusmodi

261 2428 430 2464 professione
453 2428 553 2462 indigni
571 2433 651 2461 sunt,
677 2434 702 2454 ut
731 2436 764 2455 es
788 2429 829 2455 his
848 2429 958 2464 duobus
980 2436 1043 2462 pec-

260 2464 331 2491 catis
348 2464 506 2490 alterutrum
523 2463 633 2489 otnnino
652 2463 805 2490 admittant.
817 2472 826 2489 ι
843 2463 902 2490 1am
922 2464 944 2490 si
965 2471 1043 2498 roges

260 2499 306 2534 qui
322 2499 375 2525 sint
390 2505 457 2532 quos
482 2504 594 2534 peccare
617 2498 901 2534 asseritGregorius:
927 2498 969 2525 vel
987 2499 1042 2531 ipsa

261 2532 402 2561 multitudo
431 2533 566 2566 improba;
587 2533 629 2558 vel
657 2532 738 2559 invidi
760 2539 786 2560 et
806 2533 952 2566 irrisores,
973 2533 1043 2566 qttod

261 2577 316 2603 pra:
335 2576 364 2595 se
392 2569 462 2594 ferre
487 2568 593 2594 videtur
618 2572 723 2603 textus;
749 2569 788 2594 vel
811 2568 912 2603 indigni
939 2568 1043 2603 proles-

260 2602 336 2630 sionc
359 2611 406 2630 sua
428 2602 566 2638 monachi,
590 2606 619 2628 ut
639 2602 702 2629 Elite
728 2602 833 2636 placet;
857 2602 965 2630 demum
993 2603 1042 2638 ipsi

261 2638 404 2666 swculares
420 2645 480 2664 cuin
501 2637 674 2664 Tillemontio
694 2643 807 2671 possunt
830 2638 954 2672 intelligi.
974 2637 1044 2671 Quid

262 2681 325 2700 veto
342 2673 470 2706 peccant?
485 2672 614 2698 Nimirum
631 2672 724 2706 vulgus
736 2676 764 2698 et
783 2673 864 2699 invidi
881 2673 1005 2700 irrisores
1029 2680 1043 2698 a

263 2715 316 2734 vna
337 2709 484 2735 nionastira
510 2708 655 2739 deterrent,
675 2712 702 2733 et
726 2714 785 2734 sese
802 2707 920 2742 aliosque
946 2709 1046 2734 mundo

263 2743 406 2775 addi'utzut,
429 2747 476 2769 aut
501 2743 661 2769 secessionis
691 2742 760 2768 bono
788 2742 866 2769 [idem
890 2743 1043 2769 detrahunt.

267 2778 364 2804 Deinde
384 2778 458 2812 pravi
479 2777 615 2809 monachi,
630 2777 652 2803 si
669 2777 727 2812 illos
744 2777 887 2812 intelligas,
902 2778 954 2805 hoc
968 2778 1044 2804 multi

265 2817 436 2846 perpetrant.
459 2817 489 2838 ut
513 2812 621 2846 impune
643 2812 694 2838 sibi
723 2811 804 2838 licere
830 2811 926 2847 putent
947 2814 1046 2839 mundo

263 2854 298 2874 ne
319 2847 397 2873 rebus
423 2847 548 2874 humanis
572 2847 721 2878 adhaerere,
744 2851 824 2881 atque
848 2849 928 2874 etiam
953 2847 1045 2874 adlue-

265 2886 352 2914 reant,
367 2887 418 2909 etc.
437 2882 509 2908 Haud
524 2881 654 2909 absimilis
672 2881 797 2916 loquendi
817 2883 912 2911 modus
925 2883 1045 2911 occurrit

1089 2288 1144 2322 jam
1166 2290 1255 2324 plures
1279 2287 1346 2316 dicit
1361 2287 1450 2323 'quatn
1472 2287 1537 2315 sint?
1552 2289 1664 2315 subditi.
1682 2287 1736 2315 Nec
1759 2287 1829 2315 bene
1847 2287 1875 2313 in

1091 2324 1168 2351 Billio
1194 2324 1292 2358 ubique
1316 2323 1430 2358 margini
1455 2324 1601 2358 ascriptum
1621 2323 1654 2350 de
1680 2323 1823 2356 episcopis,
1842 2329 1876 2348 ac

1091 2359 1113 2385 si
1135 2367 1202 2386 ultos
1217 2359 1260 2386 hic
1278 2363 1370 2392 tangat.
1395 2359 1552 2392 Gregorius,
1572 2366 1625 2384 non
1645 2359 1716 2392 ipsos
1741 2358 1876 2388 siniplices

1091 2395 1255 2425 sacerdotes,
1270 2401 1383 2428 quorum
1402 2395 1520 2426 ipsorum
1546 2393 1617 2428 ἀρχή
1635 2399 1661 2420 et
1675 2392 1807 2428 προεδρία
1820 2398 1876 2418 tum

1092 2429 1209 2455 maxime
1223 2436 1283 2455 cum
1301 2437 1352 2455 uoti
1365 2428 1558 2455 ordinabuntur
1569 2435 1628 2455 stne
1643 2428 1734 2458 titulo,
1743 2435 1785 2461 ac,
1795 2434 1875 2461 quam

1093 2468 1225 2497 regerent,
1242 2463 1345 2496 plebe.)

1128 2495 1165 2532 (2)
1185 2499 1311 2525 Δείλαιοι
1338 2497 1393 2532 τῆς
1421 2498 1585 2531 εὐσεϐείας,
1616 2497 1666 2525 καὶ
1702 2497 1799 2524 ἄθλιοι
1821 2495 1878 2530 τῆς

1091 2534 1308 2567 λαμπρότητος.
1328 2532 1413 2560 Locus
1434 2534 1456 2559 is
1477 2541 1491 2559 a
1512 2534 1584 2560 nullo
1606 2534 1684 2559 nobis
1704 2533 1818 2562 videlttr,
1844 2539 1877 2558 ne

1093 2570 1200 2602 quidem
1216 2578 1230 2594 a
1248 2569 1395 2595 novissimo
1418 2568 1564 2602 interprete
1588 2568 1700 2600 Gallico,
1726 2568 1878 2594 intellectus

1094 2610 1142 2630 aut
1158 2604 1318 2637 explicatus.
1331 2602 1387 2629 Non
1406 2602 1475 2629 male
1497 2603 1590 2637 primis
1612 2603 1685 2630 curis
1706 2601 1799 2629 Dillius
1818 2608 1878 2628 ver-

1095 2638 1170 2670 tisse,
1185 2639 1206 2665 si
1222 2645 1283 2665 uota
1299 2643 1415 2665 tuentem
1437 2645 1511 2664 suam
1535 2639 1695 2672 aperuisset,
1713 2637 1796 2664 videri
1817 2643 1878 2672 pos-

1094 2674 1131 2699 sit
1146 2682 1153 2700 :
1171 2682 1179 2698 ι
1195 2673 1298 2700 Pietate
1319 2673 1420 2703 miseri,
1445 2673 1583 2706 dignitatis
1615 2673 1758 2707 splendore
1787 2671 1876 2707 infeli-

1095 2715 1150 2747 ces.
1163 2717 1172 2733 ›
1192 2709 1244 2747 Sed
1258 2709 1353 2747 _minus
1376 2713 1458 2747 recte,
1477 2706 1670 2747 posterioribus
1691 2708 1763 2734 curis
1785 2706 1876 2747 reddi-

1095 2743 1143 2774 dit,
1164 2752 1173 2768 ι
1189 2743 1223 2769 ob
1239 2744 1368 2776 pietatem
1391 2741 1494 2769 miseri.
1509 2751 1518 2767 ι
1538 2742 1634 2769 Latine
1658 2748 1731 2769 certe
1756 2749 1808 2768 non
1830 2741 1876 2767 beo

1096 2777 1199 2804 braizat
1211 2775 1314 2809 Billius,
1329 2782 1357 2803 ut
1373 2777 1479 2810 pietatis
1500 2776 1646 2810 defectum,
1664 2777 1708 2811 qui
1729 2777 1808 2812 huius
1823 2775 1875 2802 lori

1095 2821 1190 2840 sensus
1210 2819 1261 2845 est,
1276 2813 1317 2839 his
1333 2812 1420 2838 verbis
1439 2813 1588 2846 exprimat;
1610 2813 1743 2846 quomodo
1759 2811 1787 2839 in
1807 2811 1874 2845 paul.

1096 2855 1172 2878 cvm.
1197 2857 1224 2874 ιι.
1246 2847 1300 2875 24:
1319 2847 1413 2874 «Caro
1441 2855 1499 2873 mea
1529 2848 1669 2874 immutata
1696 2851 1737 2874 est
1769 2851 1878 2881 propter

1097 2884 1210 2917 oleum,»
1223 2883 1249 2912 id
1263 2887 1313 2918 est,
1330 2891 1338 2907 ι
1353 2887 1461 2918 propter
1475 2882 1591 2917 inopiam
1601 2882 1679 2911 olei.»
1691 2881 1721 2909 D.
1735 2882 1767 2910 de
1779 2881 1879 2909 Barcm
