2070 3135
191 190 244 216 ιιι

753 188 884 218 ORATIO
904 190 937 218 n.
959 206 992 210 —
1012 192 1264 231 APoLoccrtca.

1766 195 1820 223 H8

189 248 312 284 ἄρξουσι,
325 247 433 274 πάντων
450 247 628 275 διδασκόντων
645 248 705 275 ἀντὶ
725 249 772 276 τοῦ
789 249 929 281 διδακτοὺς
943 246 970 275 ei-

1032 250 1101 278 malo
1118 251 1166 278 hoc
1184 258 1235 278 una
1259 255 1326 285 cum:
1342 254 1463 286 tetnpore
1488 258 1662 287 progressum
1689 259 1721 279 ac
1745 252 1818 280 vires

189 303 235 321 ναι
251 294 329 326 Θεοῦ,
351 293 390 325 ὦς
414 302 496 328 φησιν
519 295 536 328 ἡ
555 294 705 328 ἐπαγγελία
720 294 768 329 (5),
797 296 844 322 καὶ
872 295 981 322 πάντων

191 339 427 376 προφητευόντων,
440 338 510 365 ὥστε
523 337 592 365 εἶναι
608 339 654 366 καὶ
670 339 756 366 Σαοὺλ
773 340 801 366 ὲν
816 342 979 376 προφήταις,

189 385 262 412 κατὰ
271 384 320 420 τὴν
335 384 451 411 παλαιὰν
468 385 586 420 ἱστορίαν
599 385 645 411 καὶ
661 386 818 421 παροιμίαν.
831 385 913 412 Οὐδὲν
925 386 980 421 γὰρ

189 427 262 454 οὕτω
283 428 351 455 πολὺ
375 429 436 455 κατ’
452 428 545 455 οὐδένα
567 430 661 465 καιρὸν
679 429 733 456 οὔτ’
747 430 829 462 ἐστὶν,
851 429 906 457 οὔτ’
920 431 980 465 ἐγέ-

190 482 261 504 νετο,
275 473 367 501 ἄλλοτε
382 474 468 501 ἄλλων
479 475 662 510 ἀκμασάντων
672 484 700 502 τε
716 475 763 502 καὶ
776 475 924 511 ληξάντων,
941 476 979 508 ὡς

189 519 239 548 νῦν
254 521 426 556 Χριπιανοῖς
448 520 482 546 τὰ
497 521 609 547 τοιαῦτα
623 522 669 547 καὶ
685 521 773 556 ὀνείδη
793 521 839 547 καὶ
855 522 980 556 ἁμαρτή-

190 574 274 601 ματα.
292 563 341 593 Ὧν
357 567 382 593 εί
398 567 444 594 καὶ¹
458 567 555 601 στῆσαι
571 567 622 602 τὴν
638 566 723 603 φορὰν
739 568 866 602 κρεῖσσον
883 566 899 602 ἢ
917 566 977 593 καθ’

188 612 271 646 ἡμᾶς,
287 611 355 639 ἀλλὰ
370 612 399 638 τό
411 621 442 646 γε
455 613 541 647 μισεῖν
552 612 599 639 καὶ
613 612 787 647 αἰσχύνεσθαι
805 613 888 648 μέρος
899 612 976 639 εὐσε-

188 657 262 690 ϐείας
276 658 306 685 οὐ
318 659 349 685 τὸ
363 659 553 695 σμικρότατον.

1031 294 1163 328 capiente,
1179 303 1213 323 ne
1227 295 1344 322 habituri
1364 296 1471 330 quidem
1483 296 1548 323 mihi
1565 296 1701 330 videnlur,
1719 296 1819 332 quibus

1030 339 1151 374 prmsint,
1167 341 1292 368 onmibus
1307 341 1443 374 videlicet,
1461 349 1510 375 pro
1525 349 1557 368 eo
1574 347 1603 368 ut
1617 349 1630 368 a
1648 342 1711 374 Deo,
1726 350 1818 376 quem-

1030 386 1174 412 admodnm
1193 386 1281 412 divina
1296 387 1438 421 promissio
1455 386 1557 414 ferebat
1570 406 1578 417 ,
1601 387 1765 414 edoceantur
1781 388 1818 420 “,

1030 431 1190 457 docentibus
1201 435 1228 457 et
1244 431 1453 459 vaticinantibus
1468 432 1500 464 ⁸³,
1516 432 1584 459 adeo
1596 437 1635 463 ut,
1647 432 1724 466 juxta
1741 439 1818 460 veto-

1031 483 1086 502 rem
1109 475 1251 503 historiam
1273 482 1301 504 et
1326 478 1495 512 parmmiam,
1525 478 1592 505 Saul
1616 485 1722 513 quoque
1750 479 1820 506 imer

1031 521 1170 554 prophetas
1186 521 1220 548 sit
1233 522 1266 550 ³⁸.
1288 521 1379 557 Neque
1401 523 1472 550 euitn
1489 527 1561 550 tanta
1581 523 1660 550 ullius
1683 524 1720 550 rei
1736 525 1818 551 uber-

1033 570 1073 591 tas
1099 571 1143 592 aut
1161 574 1231 593 lltltlc
1250 571 1301 598 est,
1323 571 1368 593 aut
1390 574 1507 601 unquam
1524 567 1583 600 fuit,
1606 575 1666 594 cum
1681 567 1731 594 alia
1751 569 1818 596 alias

1031 610 1176 644 viguerinl,
1200 618 1231 637 ac
1246 611 1351 638 tandem
1367 610 1445 638 ﬁnem
1459 611 1630 645 acceperint,
1646 619 1725 646 quam
1746 620 1818 639 nunc

1031 657 1100 690 apud
1113 656 1281 684 Christianos
1294 657 1388 684 crebra
1410 661 1472 684 sunt
1495 656 1647 691 Itujusutodi
1670 657 1766 691 probra
1788 663 1817 685 et

187 708 308 739 peccata.
330 704 448 738 Quorum
482 705 533 732 etsi
565 705 694 739 impetum
712 705 900 740 comprimere,
923 702 1011 737 majus
1029 707 1082 734 est,
1115 709 1196 736 quant
1227 709 1275 733 pro
1308 703 1404 729 virium
1433 707 1586 729 nostrarum
1610 702 1757 736 facultate;
1783 710 1816 731 ac

187 756 261 778 certe
272 751 373 782 odisse,
391 758 423 777 ac
444 751 546 784 pudore
561 750 640 781 allici,
661 751 768 784 pietatis
789 758 852 784 pars
865 755 973 777 estnon
994 746 1117 774 minima.

221 799 260 827 Θ¹.
283 800 316 826 Ὂ
333 799 362 826 δὲ
377 799 529 825 τελευταῖον
553 799 600 826 καὶ
618 800 708 834 μεῖζον
735 799 789 825 τῶν
812 798 975 834 εἰρημένων,

186 841 244 878 εἶμι
262 843 316 878 γὰρ
334 843 376 869 ἐπ’
389 843 470 870 αὑτὸν
483 844 533 878 ἥδη
553 843 598 869 τὸν
613 843 752 877 κολοφῶνα
767 843 805 877 (4)
822 843 869 869 τοῦ
885 842 974 876 λόγου,

1065 794 1110 821 IX.
1131 793 1268 821 Postrema
1286 802 1377 828 causa,
1400 799 1427 821 et
1450 795 1557 830 quidem
1581 796 1721 827 omnibus,
1747 803 1816 830 quas

1029 847 1108 874 supra
1134 841 1423 872 commemoravimus,
1454 841 1539 874 major
1571 842 1731 877 graviorque
1758 842 1815 870 hac

186 889 234 915 καὶ
243 889 274 914 οὺ
290 887 444 923 ψεύσομαι·
459 887 518 914 οὐδὲ
535 887 590 923 γὰρ
609 887 686 922 θέμις
703 888 758 918 τοῖς
772 887 836 922 περὶ
847 885 970 921 τηλικού-

1026 885 1092 918 i'uit;
1109 885 1141 912 ad
1157 885 1242 919 ipsum
1256 886 1354 920 quippe
1365 886 1495 912 orationis
1508 887 1685 922 colophonem
1697 887 1752 922 jam
1770 895 1814 915 Inc

185 943 241 961 των
254 934 292 969 (5)
306 934 476 969 ποιουμένοις
490 933 535 960 τὸν
549 933 627 967 λόγον
636 941 643 948 ο
657 933 707 960 οὐκ
730 932 808 968 ᾤμην
821 933 877 959 ἴσον
894 930 973 963 εἶναι,

185 981 247 1008 οὐδὲ
263 980 311 1007 νῦν
335 979 435 1015 οἴομαι,
453 979 570 1015 ποίμνης
591 980 685 1015 ἄρχειν
711 980 727 1014 ἢ
753 979 901 1014 βουκολίου,
927 980 975 1006 καὶ

185 1026 337 1063 ἀνθρώπων
354 1027 508 1052 ἐπιστατεῖν
523 1025 631 1061 ψυχαῖς.
654 1026 727 1052 Ἐκεί
747 1025 796 1061 μὲν
814 1025 867 1062 γὰρ
892 1025 974 1061 ἔξαρ-

186 1074 255 1104 κεῖν,
273 1072 313 1098 ὃτι
336 1071 491 1106 παχύτατον
520 1071 567 1097 καὶ
587 1070 712 1097 πιότατον
741 1071 778 1105 (6)
795 1070 932 1104 ἀποδεῖξαι
944 1070 974 1097 τὸ

187 1118 326 1153 βουκόλιον
342 1117 358 1153 ἦ
387 1118 418 1144 τὺ
437 1117 576 1152 ποίμνιονν
600 1117 647 1144 καὶ
661 1117 729 1153 πρὸς
745 1117 823 1144 τοῦτο
833 1117 904 1153 ὀρῶν
920 1118 933 1144 ὃ
944 1126 974 1144 τε

187 1164 313 1200 βουκόλος
329 1164 376 1191 καὶ
390 1164 405 1190 ό
421 1163 521 1199 ποιμὴν
537 1162 591 1189 τῶν
617 1172 646 1189 τε
671 1163 777 1198 χωρίων
797 1163 974 1198 ἐπισκέψεται

186 1210 221 1237 τὰ
247 1209 345 1245 ἔνυδρα
379 1209 418 1244 (7)
455 1209 502 1235 καὶ
537 1208 665 1244 ὲπίνομα,
696 1209 830 1236 εἰσελάσει
864 1217 894 1235 τε
926 1208 974 1235 καὶ

188 1254 310 1287 ἐξελάσει
329 1254 382 1281 ἀπό
407 1262 437 1280 τε
460 1252 550 1288 νομῶν
585 1253 632 1279 καὶ
659 1253 706 1279 ἐπὶ
726 1253 821 1288 νομὰς,
848 1252 974 1280 ἀναπαύ-

187 1309 228 1327 σει
261 1309 291 1327 τε
321 1300 368 1327 καὶ.
395 1300 555 1335 ἀποκινήσει
573 1300 619 1326 καὶ
635 1299 807 1330 ἀνακαλέσει,
827 1299 904 1334 ὀλίγα
925 1301 974 1336 μὲν

185 1347 220 1382 τῇ
238 1345 374 1381 βακτηρίᾳ
391 1346 439 1380 (8),
466 1344 501 1371 τὰ
517 1344 602 1371 ¹[πολλὰ
622 1344 650 1371 δὲ
664 1345 697 1380 τῇ
715 1344 834 1381 σύριγγι.
855 1345 934 1371 Ἀλλο
946 1346 974 1372 δὲ

186 1391 262 1418 οὐδὲν
277 1391 356 1426 ἔργον
380 1389 450 1418 εἶναι
477 1390 516 1425 τῷ
537 1389 647 1426 ποιμένι
663 1390 680 1425 ἢ
706 1389 745 1425 τῷ
759 1389 880 1426 βουκόλῳ
905 1390 974 1426 πλὴν

184 1435 248 1463 ὅσον
267 1435 369 1472 βραχέα
390 1434 615 1471 προσπολεμῆσαι
636 1436 692 1465 τοῖς
721 1434 822 1466 λύκοις,
853 1435 899 1461 καὶ
923 1435 974 1462 ποῦ

186 1490 213 1508 τι
223 1481 313 1516 (9)κα“ι
321 1480 478 1517 ἀῤῥωστοῦν
491 1480 690 1515 ἐπισκέψασθαι
700 1488 706 1495 ’
722 1480 756 1507 τὰ
769 1480 852 1507 πολλὰ
862 1481 889 1507 δὲ
900 1480 975 1516 αὺτῷ

188 1527 300 1563 μελήσει
326 1527 400 1563 δρῦς,
426 1527 472 1553 καὶ
495 1527 568 1558 σκιὰ,
597 1526 645 1552 καὶ
661 1526 782 1557 δόνακες,
798 1526 843 1553 καὶ
856 1527 884 1552 ἐν
900 1525 974 1561 καλῷ

1027 932 1149 965 confero,
1163 940 1213 959 net:
1227 933 1358 964 mentiar;
1374 940 1425 959 non
1439 933 1508 960 enim
1525 933 1565 961 fas
1583 939 1634 966 est.
1647 942 1706 960 etnn
1721 935 1765 969 qui
1781 936 1815 962 de

1027 979 1110 1005 tantis
1134 979 1270 1013 mysteriis
1290 979 1370 1004 verba
1393 978 1494 1012 faciat,
1524 981 1641 1007 mentiri.
1671 979 1814 1015 llamlqna-

1025 1031 1105 1058 quam
1122 1024 1191 1051 idettt
1206 1030 1266 1050 esse
1281 1024 1479 1055 existimabam,
1508 1033 1540 1052 ac
1557 1033 1590 1052 ne
1615 1033 1685 1052 nunc
1706 1026 1811 1060 quidem

1025 1069 1160 1101 existimo,
1177 1069 1250 1104 gregi
1273 1074 1319 1096 aut
1336 1075 1459 1097 armento
1476 1078 1602 1105 prwesse,
1628 1076 1655 1098 et
1676 1072 1811 1098 hominum

1026 1116 1129 1143 animas
1147 1118 1307 1150 gubernare.
1320 1115 1377 1143 illic
1392 1116 1464 1143 enim
1481 1125 1562 1151 quam
1582 1117 1771 1152 pinguissimus
1785 1122 1813 1145 et

1025 1161 1198 1188 obesissintas
1219 1169 1284 1188 oves
1301 1169 1332 1188 ac
1353 1161 1434 1189 boves
1463 1162 1575 1189 reddere
1597 1163 1693 1190 sutllcit
1709 1171 1716 1192 :
1733 1162 1813 1198 idque

1025 1205 1086 1238 sibi,
1105 1211 1131 1232 ct
1146 1210 1249 1240 pastor,
1266 1211 1292 1233 et
1309 1206 1450 1237 bubulcus.
1465 1206 1499 1232 ob
1515 1207 1608 1235 oculOs
1623 1215 1735 1242 ponens,
1751 1208 1813 1234 irri-

1025 1259 1076 1286 gua
1094 1256 1122 1279 et
1137 1259 1298 1287 contpascua
1312 1252 1368 1279 loca
1383 1252 1543 1286 explorabit,
1559 1261 1720 1288 gregemque
1735 1258 1763 1280 et
1778 1253 1813 1281 ad

1025 1305 1122 1331 pascua
1134 1298 1226 1331 ducet,
1238 1302 1265 1325 et
1278 1306 1292 1324 a
1307 1298 1416 1333 pascuis
1425 1299 1531 1330 educet,
1544 1298 1698 1333 fessumque
1710 1306 1814 1326 recrea-

1025 1344 1074 1376 bit,
1089 1349 1116 1370 et
1129 1344 1184 1371 alio
1200 1344 1328 1376 movebit,
1341 1351 1372 1371 ac
1384 1344 1530 1376 revocabit,
1547 1344 1689 1378 aliquoties
1701 1345 1811 1378 quidem

1025 1389 1103 1424 pedo,
1119 1394 1146 1416 ut
1160 1390 1304 1424 plurimum
1327 1394 1417 1416 autem
1443 1389 1539 1416 ﬁstula.
1557 1389 1628 1416 Nihil
1643 1397 1722 1423 perro
1739 1389 1811 1417 aliud

1026 1435 1125 1469 negotii
1138 1441 1229 1469 pastor
1248 1440 1294 1462 aut
1306 1435 1488 1462 armentarius
1503 1435 1593 1467 habet,
1609 1442 1690 1470 quam
1706 1440 1735 1462 ut
1748 1442 1810 1462 cum

1025 1479 1095 1515 lupis
1114 1488 1305 1515 nonnunquam
1332 1485 1432 1516 pugnet
1446 1501 1452 1512 ,
1474 1485 1555 1515 atque
1576 1481 1707 1508 interdum
1728 1481 1810 1508 etiam

1025 1535 1124 1561 a‘gram
1143 1534 1219 1554 orem
1240 1531 1287 1554 aut
1300 1527 1393 1554 bovem
1415 1528 1515 1554 visitet.
1530 1526 1624 1562 Magna
1636 1532 1726 1554 autem
1740 1531 1810 1554 teat-

187 1558 236 1609 σῆς
247 1558 314 1605 πόας
330 1558 537 1607 κατακλιθῆναι,
561 1573 607 1600 καὶ
623 1571 696 1608 παρὰ
708 1571 811 1607 ψυχρὸν
829 1571 912 1607 ὕδωρ,
930 1558 970 1598 καὶ

1028 1573 1101 1608 poris
1114 1577 1190 1608 parte
1205 1580 1321 1607 quercus
1341 1573 1404 1608 ipsi,
1416 1578 1444 1600 ct
1457 1573 1550 1599 umbra
1564 1558 1615 1604 ,λιι
1630 1571 1724 1599 fistula:
1738 1579 1811 1599 cura:

223 1642 245 1658 ³¹
260 1642 310 1670 lsa.
326 1649 381 1675 LIV,
398 1642 446 1673 t3;
463 1641 542 1669 Joan.
556 1649 594 1672 vt,
612 1641 657 1669 45.
694 1641 740 1668 ³³1
757 1641 823 1668 Cor.
843 1650 900 1674 xw,
914 1642 964 1676 Si;

1022 1651 1064 1670 un.
1078 1651 1116 1675 ιι,
1133 1642 1178 1671 29.
1217 1642 1240 1658 ³⁸
1255 1642 1265 1669 Ι
1281 1643 1348 1678 Reg.
1365 1651 1393 1676 ιι,
1407 1643 1454 1676 li;
1473 1651 1531 1676 xix,
1552 1642 1598 1669 ‘24.

187 1702 378 1737 Sancigiranus
409 1702 493 1729 abbas
512 1711 519 1728 :
538 1701 651 1729 «Miseri
678 1701 712 1729 ob
741 1701 825 1736 ipsam
854 1702 962 1736 pietatis

187 1739 320 1772 speciem,
343 1745 422 1770 quam
449 1739 562 1770 habent,
582 1745 635 1772 qua
661 1744 691 1764 so
714 1737 785 1771 ipsos
809 1737 963 1770 decipiunt,

186 1778 213 1798 et
236 1773 270 1799 ad
296 1777 397 1799 tantum
421 1780 517 1799 munus
542 1773 662 1806 aspirare
684 1773 801 1802 audent;
822 1777 849 1798 et
876 1773 964 1799 infeli-

186 1808 274 1834 ciores
302 1808 336 1833 oh
366 1807 515 1834 claritatem
544 1813 571 1834 et
601 1808 698 1833 famam
731 1807 827 1833 talibus
860 1808 967 1840 pietatis

187 1842 411 1868 ostentationibns
427 1847 541 1876 partam,
561 1850 612 1876 qua
629 1842 689 1868 aliis
714 1841 796 1868 tantis
812 1843 967 1876 uulneribus

187 1878 258 1911 digni
286 1877 409 1903 videntur
428 1875 456 1903 et
475 1877 507 1903 ad
531 1875 769 1903 ea’assuuntntur.
783 1885 792 1902 ι
813 1875 847 1903 Ut
868 1877 968 1903 intelli-

187 1917 264 1945 gatur
288 1912 330 1939 hic
358 1911 661 1943 locus,‘obscrramlum
681 1915 723 1938 est
742 1911 768 1937 id
792 1912 863 1945 quod
887 1918 965 1938 antea

187 1947 255 1973 dixit
275 1946 430 1980 Gregorius.
448 1946 542 1981 Itaque
557 1947 593 1973 ait
608 1953 668 1972 esse
686 1946 817 1977 homines,
843 1946 887 1980 qui
905 1955 966 1973 cum

188 1981 248 2008 aliis
265 1981 348 2008 nilnlo
364 1982 499 2012 meliores,
514 1981 567 2008 imo
582 1981 685 2016 pejores
706 1981 769 2012 sint,
786 1982 965 2008 sacerdotium

187 2016 258 2043 velut
277 2016 454 2050 principatum
472 2017 608 2048 ambiunt;
626 2016 723 2042 deinde
738 2016 805 2042 dixit
821 2016 893 2050 ipsos
910 2021 964 2043 tam

188 2050 284 2077 multos
306 2058 376 2081 esse.
400 2055 428 2078 nt
444 2051 496 2084 ia-n
520 2058 630 2078 numero
649 2056 774 2085 superent
790 2058 848 2081 eos.
867 2052 965 2084 quibus

187 2085 330 2119 imperant,
352 2090 432 2119 atque
446 2085 526 2112 etiam
545 2086 616 2112 brevi
639 2086 767 2116 futurum,
786 2091 812 2111 ut
829 2087 964 2112 nemiuem

188 2121 303 2147 habeant
322 2121 363 2147 cui
382 2121 500 2154 ptzesinl.
518 2120 585 2146 Tum
610 2121 725 2154 denique
742 2120 892 2154 'I‘lieolugus
914 2129 962 2147 cx-

187 2156 300 2182 clamat:
319 2165 328 2181 (
342 2155 430 2181 Miseri
455 2156 564 2190 pietate,
575 2163 584 2180 ι
599 2163 677 2189 quant
696 2159 742 2181 aut
757 2155 892 2189 vulgarem
906 2156 962 2188 vix,

188 2195 233 2216 aut
248 2190 316 2217 forte
336 2190 435 2216 nullam
456 2191 573 2217 habent:
589 2195 616 2216 et
634 2198 644 2215 ι
657 2190 784 2224 dignitate
805 2190 935 2220 infelices,
951 2199 961 2216 ι

187 2232 233 2250 seu
250 2226 370 2259 imperio,
387 2232 434 2251 seu
455 2225 605 2259 splendore.
619 2233 698 2259 quem
711 2225 765 2258 jam
780 2224 836 2251 fere
851 2225 961 2256 nullum,

188 2267 221 2286 ac
235 2247 309 2287 brevi
324 2247 434 2286 tntinino
449 2247 549 2286 niillum
563 2247 678 2286 habiiuri
689 2247 760 2285 stint.
779 2268 788 2284 ι
805 2247 961 2289 Diaconos;
979 2247 1002 2277 θ

187 2295 273 2329 inquit
291 2295 479 2329 Hieronymus,
494 2303 537 2328 ep.
557 2294 617 2326 101,
641 2296 675 2320 al.
689 2294 733 2325 85,
753 2303 763 2319 ι
778 2295 898 2328 paucitas
920 2302 964 2321 ve-

189 2330 331 2362 nerabiles,
350 2328 519 2364 presbyteros
541 2331 618 2356 turba
634 2328 848 2362 contemptibiles
864 2329 938 2356 facit.
952 2338 963 2354 ι

188 2363 243 2390 llac
258 2363 480 2399 interpretantium
504 2365 581 2398 plana
599 2369 662 2390 sunt
683 2364 790 2396 omnia;
809 2365 898 2390 omnia
917 2372 965 2390 co-

187 2399 300 2430 icerent,
319 2399 457 2433 superiora
473 2407 533 2426 etim
551 2399 656 2430 mediis,
675 2399 762 2425 media
784 2406 844 2426 cum
863 2403 889 2425 et
903 2406 965 2432 pro-

186 2441 258 2460 lttlte
274 2434 457 2468 sequentibus.

221 2469 258 2504 (5)
279 2467 331 2504 Ὤζν
353 2475 449 2503 φησιν
464 2469 483 2502 ἠ
503 2468 674 2503 ἐπαγγελία.
695 2467 820 2495 Deest'in
844 2467 965 2503 pluribus

187 2502 279 2538 Regg..
296 2503 351 2531 Jes.
364 2509 391 2530 et
405 2503 452 2530 0r.
467 2505 493 2530 t.

220 2536 259 2573 (4)
278 2538 333 2566 Τὸν
349 2537 516 2573 κολοφῶνα.
532 2547 541 2563 ι
551 2536 742 2571 Colophoncnt,
752 2537 789 2564 ait
801 2536 963 2569 Gabrieiius,

186 2581 233 2607 pro
248 2579 369 2600 extrema
389 2575 519 2608 cujusque
537 2574 573 2608 rei
592 2577 666 2606 parte
679 2574 751 2606 poni,
767 2581 844 2599 nemo
857 2578 898 2599 est
918 2574 964 2607 qui

186 2609 296 2635 nesciat.
310 2618 319 2635 ι
335 2609 403 2635 Tum
420 2607 502 2635 refert
518 2607 633 2642 σκόλιον,
647 2609 718 2640 qttod
737 2608 834 2640 reperit
849 2608 874 2633 in
890 2615 966 2634 vetu-

185 2643 305 2670 stissimo
325 2643 418 2670 codice
434 2651 442 2670 ς
465 2642 612 2676 Κολοφῶνα
638 2642 744 2676 λέγουσι
766 2642 797 2668 τὸ
817 2642 965 2677 ἀκρότατον

185 2678 231 2704 καὶ
245 2679 276 2704 τὸ
294 2677 440 2712 κεφάλαιον
453 2678 507 2705 ἀπὸ
523 2677 625 2712 ταύτης
641 2677 771 2712 ἱστορίας,
790 2682 843 2704 etc.
866 2679 964 2712 (Scho-

185 2713 248 2739 lnnu
272 2714 341 2740 istud
363 2720 414 2740 non
431 2714 456 2740 in
473 2720 526 2740 uno
549 2719 649 2738 tantum
665 2713 846 2738 vetustissimo
859 2712 962 2744 codice,

186 2748 232 2774 sed
253 2747 280 2774 in
301 2748 398 2782 plurib.
414 2747 505 2783 Regiis
524 2752 551 2774 et
569 2746 659 2781 Colb.)
685 2755 694 2772 ι
714 2746 895 2787 Colophonem
919 2755 965 2774 v0-

185 2788 246 2808 cant
259 2789 408 2810 extremam
425 2790 457 2810 ac
475 2790 607 2809 summam
623 2789 752 2816 cujusque
769 2787 938 2816 τοιηριινιιιιιι.
952 2791 962 2807 ι

186 2817 253 2853 Illuc
271 2823 375 2845 veteres
389 2817 523 2853 proverbii
538 2817 596 2844 loco
609 2817 701 2853 digere
720 2815 860 2850 κολοφῶνα
877 2817 965 2853 ὲπιτιί

186 2850 270 2887 θέναι.
285 2862 294 2878 ι
307 2850 440 2887 fastigium
454 2853 617 2886 imponerea
631 2851 675 2878 Sic
687 2851 889 2887 Demosthenes,
896 2860 938 2884 ep.
947 2851 964 2878 5

186 2886 219 2914 ad
240 2885 405 2923 Dionysium.
428 2885 566 2915 Alia’addi
583 2890 694 2922 possent
714 2886 847 2921 exempla.
866 2885 962 2913 Verum

1017 1703 1061 1730 hic
1077 1703 1167 1737 gravis
1193 1704 1312 1730 occurrit
1345 1703 1498 1734 diliicultas,
1519 1702 1652 1736 quomodo
1673 1701 1810 1737 Theologo

1018 1739 1110 1766 dicere
1125 1739 1240 1771 licuerit,
1259 1746 1288 1764 sc
1304 1739 1338 1764 ad
1355 1747 1363 1763 I
1379 1746 1512 1766 summam
1527 1743 1731 1770 extremamque
1746 1745 1809 1771 par-

1020 1778 1072 1799 teut
1087 1782 1095 1798 I
1114 1773 1244 1800 orationis
1264 1773 1428 1806 pervenisse.
1443 1781 1503 1798 cum
1521 1781 1553 1799 tte
1569 1773 1675 1806 quidem
1691 1772 1726 1798 sit
1747 1780 1809 1806 pars

1020 1808 1142 1834 decima?
1167 1809 1209 1834 vix
1229 1809 1298 1833 enim
1323 1808 1428 1834 initium
1453 1808 1522 1833 istud
1547 1812 1597 1837 est,
1620 1807 1716 1832 nedum
1740 1816 1806 1840 apex

1020 1848 1048 1869 et
1062 1842 1211 1874 fastigium.
1227 1844 1395 1876 Qnapmpter
1411 1842 1499 1868 malim
1518 1849 1578 1868 cum
1592 1841 1669 1867 Billio
1683 1847 1807 1869 vertere:

1022 1886 1031 1902 ι
1047 1877 1204 1910 Colophona
1219 1883 1316 1903 vocant
1332 1877 1403 1910 quod
1430 1877 1502 1902 Vcittl
1523 1884 1571 1902 arx
1592 1881 1618 1902 et
1639 1881 1719 1910 caput
1733 1882 1783 1903 est.
1795 1887 1805 1902 ι

1019 1912 1067 1938 Sin
1094 1918 1184 1938 autem
1210 1919 1302 1938 vocent
1330 1911 1409 1946 λόγου
1439 1920 1493 1946 non
1522 1920 1531 1936 ι
1559 1918 1710 1938 sermonem
1727 1920 1736 1936 ι
1766 1913 1806 1938 νι“Ι

1021 1955 1030 1972 ι
1044 1947 1192 1973 orationem
1207 1956 1216 1972 ι
1236 1947 1431 1980 interpreteris,
1449 1945 1495 1973 sed
1515 1955 1523 1970 ι
1540 1946 1681 1976 rationem,
1695 1954 1704 1970 ι
1725 1953 1804 1977 quain

1018 1982 1105 2008 reddit
1123 1982 1190 2013 tugm
1204 1989 1258 2008 suae
1278 1980 1434 2015 Gregorius,
1450 1980 1592 2015 inteligas,
1616 1981 1688 2006 lavot
1711 1980 1741 2006 τὸ
1767 1989 1808 2007 τε·

1016 2016 1139 2043 λευταῖον
1156 2015 1291 2050 Gregorii,
1305 2014 1434 2042 eI'Basilii
1452 2014 1545 2042 verba.
1560 2016 1593 2050 Ὃ
1607 2015 1635 2041 δὲ
1651 2014 1805 2042 τελευταῖον

1016 2052 1062 2077 καὶ
1078 2051 1169 2086 μεῖζον
1186 2049 1272 2087 αἴσιον
1286 2050 1471 2087 δηλονόῖιγτῆς
1489 2049 1629 2087 ἀπειθείας
1640 2057 1646 2063 ·
1659 2050 1703 2087 ἐπ’
1715 2051 1806 2087 αὑτὸν,

1016 2085 1094 2121 φησϊ,
1108 2087 1154 2112 τὸν
1169 2085 1316 2120 κολοιρῶνιί
1324 2086 1370 2112 τοῦ
1388 2085 1467 2119 λόγου
1484 2085 1674 2121 παραγέγονα·
1688 2086 1720 2111 ὲκ
1737 2085 1808 2121 παρέ

1015 2121 1105 2156 οιμίας
1131 2121 1177 2147 καὶ
1215 2121 1310 2147 τοῦτο·
1331 2122 1439 2156 εἴρηται
1471 2121 1499 2146 δὲ
1524 2120 1570 2146 ἐπὶ
1596 2120 1650 2156 τῶν
1679 2120 1805 2156 μεγάλών

1015 2155 1061 2192 καὶ
1088 2157 1299 2192 ἁναντιρρήτων,
1333 2155 1390 2182 και
1413 2155 1550 2192 μεγάλην,
1566 2155 1642 2189 ἰσχὺν
1672 2155 1802 2192 ἑχόντων.

1019 2200 1029 2216 ‹
1044 2190 1242 2221 Ροςιηιιιιιζοι
1258 2192 1365 2225 quidem
1382 2190 1487 2218 caéteris
1502 2190 1594 2222 major,
1617 2196 1698 2225 causa
1712 2190 1804 2225 inimi-

1016 2234 1074 2252 runt
1093 2224 1291 2252 inobedieutim.
1305 2226 1343 2251 Ad
1364 2226 1449 2258 ipsum
1472 2225 1537 2258 jatn,
1560 2225 1656 2258 inquit,
1671 2224 1806 2258 Colopho-

1017 2268 1076 2287 nem
1097 2261 1227 2287 orationis
1244 2260 1300 2295 jam
1325 2261 1431 2287 deveni.
1453 2259 1720 2295 Proverbiumristud
1741 2265 1779 2285 est
1792 2281 1801 2293 ,

1017 2295 1169 2328 diciturque
1188 2296 1221 2322 de
1246 2294 1418 2330 gravissimis
1444 2295 1554 2330 minime
1578 2294 1667 2330 dubiis
1689 2302 1720 2320 ac
1742 2295 1800 2322 sine

1016 2330 1218 2360 controversia,
1242 2336 1270 2356 et
1300 2337 1358 2364 qua:
1383 2330 1440 2364 vim
1471 2329 1548 2362 longe
1578 2329 1722 2364 maximam
1749 2330 1799 2356 ha-

1015 2365 1089 2392 bent.
1102 2374 1112 2390 ι
1128 2379 1163 2384 -
1175 2362 1316 2391 Proverbii
1337 2363 1482 2398 κολοφῶνα
1506 2362 1668 2393 ἐπιτιθέναι.
1684 2365 1804 2398 colopho-

1015 2407 1073 2426 uem
1088 2400 1195 2429 addere,
1212 2400 1344 2433 originem
1368 2400 1430 2425 inde
1444 2398 1545 2425 Strabo
1560 2399 1666 2424 deducit
1683 2398 1727 2433 (Η
1742 2405 1806 2426 ante

1018 2434 1103 2469 med.)
1119 2436 1190 2469 quod
1205 2434 1363 2468 Colophonii
1379 2434 1404 2460 in
1432 2433 1509 2461 briiis
1525 2433 1593 2460 adeo
1603 2434 1721 2466 equitatu
1738 2441 1806 2467 pra:-

1015 2469 1126 2496 stabant
1139 2469 1244 2496 caeteris
1264 2470 1429 2500 nationibus,
1457 2474 1486 2495 ut
1500 2476 1660 2503 qttoeunqne
1671 2469 1802 2495 necessia-

1015 2508 1078 2530 sent
1092 2504 1118 2530 in
1137 2504 1279 2534 auxilium,
1293 2505 1435 2530 victoriam
1451 2508 1575 2537 parerent
1588 2507 1616 2529 et
1633 2503 1702 2530 bello
1723 2504 1802 2530 tinent

1016 2537 1195 2570 imponerent.
1214 2538 1377 2565 FORCELLINI
1395 2539 1428 2565 ad
1445 2546 1541 2564 vocem.

1050 2572 1088 2614 (5)
1111 2575 1307 2613 Γηλικούτων.
1330 2574 1368 2600 lta
1386 2573 1467 2601 Coisl.
1485 2574 1494 2600 l
1514 2577 1541 2599 et
1566 2580 1613 2600 sex
1637 2571 1736 2600 Culb.:
1758 2572 1801 2600 ed.

1015 2614 1183 2643 τηλικουτον.

1052 2644 1090 2678 (ti)
1110 2643 1165 2670 Kal
1190 2643 1340 2670 πιότατον.
1358 2642 1452 2670 Glossa
1469 2642 1553 2669 rideri
1575 2641 1661 2676 possit
1681 2640 1770 2678 addita
1787 2649 1802 2668 a

1017 2675 1216 2738 mlificus-ibus
1236 2686 1270 2706 ex
1288 2678 1378 2705 Billio.
1404 2677 1479 2705 lianc
1507 2675 1596 2704 tamen
1620 2678 1672 2704 duo
1694 2675 1803 2704 codices

1017 2721 1046 2738 BI
1071 2719 1152 2738 nent.

1015 2713 1152 2740 exhibent.

1051 2747 1090 2782 (7)
1111 2747 1248 2781 Ἕνυδρα.
1266 2747 1349 2776 Coisl.
1363 2748 1391 2780 2,
1407 2746 1517 2781 εὖυδρα,
1532 2746 1572 2774 sic
1584 2746 1629 2772 0r.
1643 2746 1656 2773 1
1677 2751 1704 2773 et
1719 2745 1801 2774 Elias.

1051 2784 1089 2817 (8)
1109 2784 1269 2816 Βακτηρίᾳ.
1301 2793 1309 2808 ι
1328 2782 1410 2814 Pedo,
1423 2792 1431 2807 ι
1459 2783 1547 2808 minus
1572 2782 1680 2815 proprie
1701 2783 1734 2808 de
1756 2790 1802 2808 ar-

1015 2816 1157 2852 me'ntario.
1176 2818 1237 2844 lluf.
1254 2827 1263 2844 ι
1277 2819 1360 2852 virga.
1372 2826 1382 2843 ι
1403 2816 1472 2844 Gab.
1492 2825 1501 2842 ι
1515 2817 1620 2843 bacillo.
1636 2825 1646 2842 ι

1050 2851 1088 2887 (9)
1107 2853 1163 2878 Καὶ
1183 2853 1242 2880 ποῦ
1259 2862 1296 2880 τι.
1318 2853 1384 2881 Cum
1403 2852 1482 2880 unico
1509 2856 1621 2879 accentu
1639 2852 1731 2887 plures
1754 2851 1803 2880 ha-

1014 2886 1079 2914 bent
1092 2888 1168 2915 codd.

1034 2892 1079 2914 ειιι
1092 2889 1168 2915 codd.
