2070 3135
273 164 327 191 425

871 162 899 190 S.
921 162 1087 191 GllEGORll
1106 160 1280 189 TllEOLOGl

1851 159 1904 190 624

275 220 436 255 exemplar:
452 224 498 247 aut
521 227 537 247 a
563 220 693 255 par-tientia
716 227 769 248 non
790 220 870 255 longe
891 221 1059 253 recedamus,

1111 220 1128 256 ἢ
1146 220 1195 255 τῆς
1211 219 1360 255 παροιμίας
1378 219 1415 255 μὴ
1438 220 1532 255 πόρρω
1553 219 1669 254 θέωμεν,
1683 218 1778 251 ἄλλους
1796 219 1904 255 ἰατρεύ-

275 267 336 294 aliis
352 266 453 294 mederi
477 270 625 298 tentantes,
648 273 710 293 eum
728 266 779 302 ipsi
800 266 937 294 ulceribus
956 272 1062 294 scatea-

275 320 346 340 Inus.

310 358 380 386 XIV.
402 359 514 391 Deinde.
531 359 656 386 utetiam
676 365 738 386 sese
755 357 853 392 aliquis
867 358 901 385 ab
911 358 983 385 omni
998 365 1062 394 pee-

274 405 326 432 cati
344 404 403 432 labe
417 413 512 440 purum
533 409 686 437 conservet,
701 409 747 431 aut
760 412 840 438 quam
856 403 909 439 19
927 405 1060 438 maxime;

274 451 346 478 haud
358 456 446 478 tamen
461 451 517 478 scio
531 451 593 478 idne
607 451 631 478 ei
649 450 774 482 suilieiat,
789 451 834 485 qui
853 451 921 478 alios
935 452 967 477 ad
978 451 1062 477 virtu-

274 502 328 524 tem
357 497 464 524 erudire
493 502 577 531 parat.
607 497 700 532 Neque
721 497 792 525 enim
815 498 848 525 ab
872 504 906 524 eo
927 497 971 531 qui
993 497 1062 524 hanc

273 550 367 570 curam
384 543 514 578 suscepit,
531 544 582 570 hoc
597 543 684 570 solum
702 543 858 578 requiritur,
872 547 898 570 ut
911 543 996 570 malus
1007 550 1060 570 non

274 589 311 616 sit
325 597 331 621 ;
351 589 450 615 malum
465 590 536 616 enim
553 597 623 622 esse,
641 589 761 624 plerique
780 590 862 616 etiam
881 597 897 616 e
909 589 988 624 vulgo
1005 593 1062 616 tur-

274 634 415 669 pissimum
427 639 539 662 censent
553 643 560 661 :
577 643 669 662 verum
684 635 765 662 etiam
781 640 810 662 ut
826 635 925 662 virtute
941 639 1060 670 praestet,

271 680 350 715 juxta
374 681 437 708 illud
458 682 606 716 Scriptura:
630 687 810 716 prceceptum,
833 689 885 716 quo
899 681 1061 708 decliuarea

273 726 354 759 malo,
380 731 404 753 et
427 728 521 754 bonum
539 727 624 761 {acere
639 727 660 743 ³⁸
675 727 810 761 jubemur.
833 727 888 754 Nec
904 733 934 754 ut
950 728 1062 754 vitiosas

273 772 371 799 anima:
384 778 464 799 notas
476 773 607 798 duntaxat
620 777 755 806 expungat
765 790 774 803 ,
788 779 880 799 verum
892 777 921 799 ut
937 772 1061 799 meliores

273 817 355 844 etiam
383 818 529 850 inscribat,
551 818 586 844 ita
620 822 648 844 ut
674 817 760 851 magis
776 817 877 844 virtute
898 818 1058 849 antecellat.

273 870 355 897 quam
369 863 470 890 honore
488 871 521 890 ac
533 863 662 898 dignitate
678 868 803 897 superet;
821 870 870 889 nec
882 863 990 890 modum
1007 863 1058 890 sibi

1113 274 1154 292 ειν
1167 266 1223 301 (55)
1238 265 1440 301 ἐπιχειροῦντες
1459 266 1536 292 αὐτοὶ
1556 265 1682 302 βρύοντες
1696 265 1797 292 ἕλκεσι.

1148 358 1196 384 ΙΔ¹.
1217 355 1348 392 Δεύτερον
1361 355 1399 387 δὲ,
1413 357 1437 382 εἱ
1453 356 1500 382 καί
1519 364 1560 388 τις
1575 355 1658 390 ἁγνὸν
1671 356 1727 391 (54)
1739 355 1835 383 ἑαυτὸν
1849 355 1902 384 ἀπὺ

1113 404 1203 438 πάσης
1216 402 1353 438 ἁμαρτίας
1364 403 1521 438 τηρήσειεν,
1538 402 1554 438 ἢ
1573 403 1612 434 ὡς
1634 403 1752 438 μάλιστα
1767 402 1836 438 (55),
1852 403 1902 430 οὐκ

1112 447 1172 476 οῖδα
1189 449 1248 484 μὲν,
1274 449 1298 474 ει
1327 447 1374 474 κα).
1399 447 1478 474 τοῦτο
1493 447 1628 482 αὔταρκες
1640 447 1678 482 τῷ
1693 447 1816 482 μέλλοντι
1840 449 1903 480 τοὺς

1112 494 1208 525 ἄλλους
1223 492 1361 519 παιδεύειν
1389 493 1457 529 πρὸς
1469 493 1568 528 ἀρετήν
1585 492 1640 528 (56)
1651 500 1658 508 ·
1680 493 1710 519 οὺ
1727 493 1781 527 γὰρ
1803 493 1840 529 μὴ
1854 502 1902 519 κα-

1113 540 1161 566 κὸν
1177 538 1246 566 εἶναι
1268 539 1308 565 δεῖ
1327 539 1408 574 μόνον
1423 539 1468 566 τὸν
1486 538 1564 565 τοῦτο
1586 539 1810 573 πεπιστευμένον,
1825 538 1902 566 τοῦτο

1114 585 1163 620 μὲν
1174 584 1228 619 γὰρ
1240 584 1287 610 κα).
1303 583 1357 610 τῶν
1384 583 1437 609 ὑπὸ
1452 584 1530 618 χεῖρα
1554 583 1609 613 τοῖς
1623 582 1731 613 πολλοῖς
1754 582 1902 617 αἴσχιστον,

1112 629 1180 656 ἀλλὰ
1193 630 1240 655 καὶ
1249 627 1288 663 τῷ
1299 627 1393 662 ἀγαθῷ
1409 627 1581 662 διαφέροντα,
1598 625 1668 652 κατὰ
1682 625 1741 660 τὴν,
1753 626 1902 652 ἐκκλίνειν

1112 676 1171 703 ἀπὸ
1183 675 1288 708 κακοῦ,
1302 675 1350 701 καὶ
1363 673 1459 700 ποιεῖν
1467 673 1588 707 ἀγαθὸν,
1602 672 1763 698 κελεύουσαν
1776 671 1883 707 ἐντολήν
1894 679 1901 686 ·

1111 723 1171 750 οὐδὲ
1184 723 1245 754 τοὺς
1263 722 1380 756 φαύλους
1405 720 1543 754 ἐξαλεῖψαι
1561 719 1612 754 τῆς
1631 719 1720 754 ψυχῆς
1734 718 1837 750 τύπους
1852 719 1902 753 μό-

1111 778 1166 801 νον,
1177 769 1245 796 ἀλλὰ
1256 769 1303 795 καὶ
1321 769 1384 799 τοὺς
1407 767 1534 802 ἀμείνους
1550 765 1748 800 ἐγγράψασθαι,
1766 765 1804 796 ὡς
1823 765 1902 791 πλέον

1110 816 1171 842 κατ’
1183 813 1281 850 ἀρετὴν
1300 813 1437 848 προέχειν,
1450 812 1466 846 ἢ
1483 810 1580 837 ὁπόσον
1597 810 1734 846 περίεστιν
1748 810 1900 846 ἀξιώματι·

1111 861 1159 887 κα).
1177 860 1258 895 μηδὲν
1273 859 1370 894 μέτρον
1385 857 1483 884 ειδέναι
1503 857 1548 883 τοῦ
1570 856 1653 883 καλοῦ
1667 857 1714 883 κα).
1732 855 1783 891 τῆς
1800 855 1902 882 ἀναϐά-

274 908 357 934 ullum
391 908 503 935 honeste
525 908 651 940 vivendi,
681 913 763 942 atque
791 908 873 935 altius
897 909 1059 936 ascendendi

1113 915 1192 938 σεως,
1211 905 1277 941 μηδὲ
1291 904 1385 939 κέρδος
1401 903 1501 938 μᾶλλον
1513 902 1543 929 τὸ
1572 901 1708 938 κρατηθὲν
1726 902 1742 937 ἢ
1755 902 1856 938 ζημίαν
1871 901 1901 928 τὸ

273 953 438 987 constituat;
467 961 515 981 nec
544 953 619 981 lucro
650 954 749 988 potius,
779 954 803 981 id
834 954 906 989 quod
935 955 1060 989 arripuit,

274 1007 354 1034 quant
371 1000 469 1026 damno
487 999 520 1032 ”,
546 1000 572 1027 id
595 1000 665 1034 quod
687 999 794 1035 etftigit,
821 1000 950 1034 deputet:
967 1008 1059 1028 verum

276 1046 348 1079 quod
365 1053 418 1079 pne
432 1045 546 1080 pedibus
560 1051 612 1077 est,
630 1046 742 1080 gradum
755 1047 787 1072 ad
803 1045 829 1072 id
847 1047 919 1080 quod
935 1046 1061 1081 deinceps

275 1091 415 1124 sequitur,
448 1098 508 1118 esse
546 1091 708 1124 arbitretur;
744 1099 795 1118 nec
830 1092 929 1119 virtute
966 1093 1060 1127 vulgus

276 1136 389 1168 anteire,
402 1144 563 1171 magnopere
584 1137 701 1172 amplum
720 1142 802 1172 atque
815 1137 917 1164 illustre
936 1138 1059 1172 judicet;

275 1188 368 1207 verum
387 1181 548 1208 detrimento
572 1181 674 1214 ducat,
701 1182 723 1209 si
748 1190 762 1208 a
796 1182 914 1217 suscepti
941 1184 1060 1210 muneris

275 1227 407 1261 dignitate
427 1227 514 1259 absit;
536 1227 629 1262 sicque
648 1235 676 1255 se
696 1233 844 1262 comparet,
873 1233 910 1259 ut,
939 1230 1010 1262 quod
1026 1236 1058 1255 ex

275 1274 374 1300 virtute
391 1273 472 1308 gerit,
485 1274 517 1300 ad
532 1273 598 1308 legis
612 1274 709 1300 divinae
722 1281 845 1301 normam
858 1274 892 1306 ⁸ο,
907 1279 1058 1301 nonautem

1110 954 1255 989 διαφεῦγον
1265 962 1271 968 ·
1288 953 1347 979 ἀλλ’
1374 952 1499 979 ἐπίϐασιν
1512 951 1556 978 ἀεὶ
1571 950 1707 977 ποιεῖσθαι
1728 949 1760 975 τὸ
1779 948 1842 974 ποσὶ
1854 947 1901 974 τοῦ

1111 1000 1173 1036 ἑξῆς
1187 1000 1243 1034 (57)
1255 1007 1261 1014 ·
1276 1000 1323 1026 κα).
1347 998 1384 1033 μὴ
1402 998 1472 1033 μέγα
1485 997 1604 1032 νομίζειν
1618 996 1651 1023 ἃν
1664 996 1718 1022 τῶν
1733 994 1837 1021 πολλῶν
1847 994 1902 1020 δια-

1111 1046 1248 1081 φέρωμεν,
1264 1044 1332 1072 ἀλλὰ
1347 1043 1448 1080 ζημίαν
1471 1043 1504 1070 ἂν
1515 1043 1565 1078 τῆς
1575 1042 1652 1074 ἀξίας
1664 1041 1820 1077 λειπώμεθα
1833 1039 1899 1075 (58)·

1111 1092 1158 1119 καὶ
1172 1093 1203 1127 τῇ
1225 1091 1317 1126 ἐντολῇ
1337 1090 1534 1125 παραμετρεῖν,
1550 1088 1617 1115 ἀλλὰ
1632 1088 1669 1123 μή
1691 1089 1747 1118 τοῖς
1763 1086 1857 1117 πέλας,
1871 1084 1902 1112 τὸ

1111 1136 1337 1172 κατορθούμενον,
1365 1136 1397 1162 ἂν
1415 1144 1444 1161 τε
1470 1132 1520 1161 ὦσι
1535 1134 1625 1166 κακοὶ,
1641 1134 1673 1160 ἄν
1689 1141 1718 1159 τε
1740 1132 1842 1168 ἀρετῆς
1854 1131 1902 1158 ἐπὶ

1111 1183 1192 1210 ποσὸν
1204 1183 1317 1218 ἥκοντες
1327 1190 1334 1197 ο
1355 1182 1402 1208 καὶ
1418 1182 1455 1216 μὴ
1474 1181 1580 1216 μικροῖς
1597 1179 1726 1214 σταθμοῖς
1738 1179 1792 1214 (59)
1807 1177 1903 1204 ταλαν-

1108 1229 1196 1256 τεύειν
1208 1228 1256 1264 τὴν
1271 1228 1383 1264 ἀρετὴν¹
1409 1227 1449 1262 τῷ
1462 1226 1583 1262 μεγίστῳ
1599 1225 1666 1260 (40),
1679 1225 1725 1251 καὶ
1741 1224 1805 1260 παρ’
1821 1221 1851 1251 οὗ
1866 1223 1902 1250 τὰ

1109 1275 1209 1306 πάντα,
1226 1275 1271 1301 καὶ
1285 1275 1324 1305 εἰς
1339 1274 1368 1300 ὃν
1384 1273 1419 1300 τὰ
1435 1274 1523 1299 πάντα
1536 1270 1772 1308 χρεωπουμένην.

275 1320 308 1345 ad
326 1318 404 1352 alios,
417 1319 475 1345 sive
489 1319 551 1344 mali
564 1318 602 1345 illi
632 1319 698 1352 sint,
714 1319 772 1347 sive
786 1320 910 1346 nonnihil
944 1320 970 1346 in
996 1321 1096 1347 virtute
1115 1321 1307 1355 processerint,
1336 1320 1467 1354 expendat
1486 1327 1493 1345 :
1509 1326 1559 1345 nec
1588 1319 1713 1345 virtutem
1725 1336 1734 1350 ,
1759 1325 1818 1352 qua:
1847 1317 1901 1345 Deo

274 1364 376 1398 optimo
391 1364 522 1396 maximo,
540 1372 554 1391 a
570 1372 623 1398 quo
636 1365 738 1397 omnia,
756 1364 819 1391 e'tin
831 1372 912 1399 quem
925 1365 1016 1392 omnia
1029 1365 1062 1398 δι,
1082 1366 1207 1398 debetur,
1227 1365 1322 1399 exigua
1338 1364 1413 1390 lance
1427 1362 1568 1398 panderet.

310 1412 369 1440 XV.
386 1412 441 1440 Nec
452 1413 545 1440 eadem
562 1414 688 1441 omnibus
702 1414 847 1441 convenire
861 1420 946 1449 putet,
969 1423 1061 1450 quem-

276 1459 419 1486 admodum
445 1466 495 1486 nec
511 1464 621 1486 statura:
643 1461 769 1487 omnibus
790 1462 890 1488 eaedem
915 1466 986 1495 sunt,
1011 1470 1060 1489 nec

276 1506 332 1533 oris
350 1505 523 1537 lineamenta,
550 1513 599 1532 nec
621 1507 799 1533 animantium
817 1512 929 1538 naturae,
946 1515 996 1534 nec
1010 1514 1061 1534 ter-

277 1558 313 1578 ra:
327 1551 481 1584 qualitates,
492 1558 541 1578 nec
556 1551 650 1578 eadem
674 1553 793 1579 siderqu
808 1553 928 1579 omnium
945 1553 1061 1587 pulchri-

277 1597 342 1624 tudo
357 1602 385 1624 et
403 1598 558 1633 magnitudo
577 1597 619 1630 “;
640 1605 733 1625 verum
758 1598 856 1633 privati
881 1599 989 1633 quidem
1014 1599 1061 1626 lto-

277 1644 359 1670 minis
374 1644 467 1670 vitium
482 1651 543 1670 esse
555 1643 701 1677 existimet,
719 1645 805 1678 turpia
825 1644 1009 1680 supplicioque
1020 1646 1061 1671 di-

277 1699 338 1726 gna,
355 1697 383 1718 et
396 1699 510 1726 quorum
526 1691 569 1718 lex
584 1691 651 1717 dura
663 1696 691 1718 et
704 1692 794 1726 gravis
808 1693 915 1718 domina
929 1697 979 1725 est,
996 1700 1060 1726 per-

276 1742 385 1772 petrare
403 1747 408 1764 :
430 1737 549 1772 praefecti
574 1742 662 1763 autent
686 1737 726 1763 vel
746 1737 883 1770 antistitis,
903 1746 955 1764 non
979 1745 1059 1773 quam

276 1783 406 1817 optimum
419 1790 492 1815 esse.
509 1790 559 1810 nec
585 1790 669 1810 novas
691 1783 803 1810 subinde
818 1783 945 1810 virtutum
970 1790 1061 1811 acces-

276 1830 367 1856 siones
391 1829 498 1863 facere;
525 1830 666 1864 siquidem
691 1830 800 1857 virtutis
827 1837 883 1857 sua).
906 1830 1059 1864 praestantia

275 1875 473 1901 multitudinem
497 1875 530 1902 ad
551 1874 764 1901 mediocritatem
791 1879 925 1902 tracturus
954 1874 999 1907 sit,
1027 1881 1060 1902 ac

276 1929 328 1947 non
343 1928 390 1955 per
400 1909 456 1947 viui
473 1921 664 1955 imperaturus,
680 1921 727 1947 sed
751 1921 925 1954 persuasione
947 1920 1061 1947 allectu-

275 1973 331 1993 rus.
350 1965 417 1993 Nam
433 1967 505 2001 quod
526 1966 552 1993 vi
567 1974 599 1994 ac
615 1967 778 1994 necessitate
802 1967 972 2000 exprimitur,
991 1973 1059 2002 pra:-

1148 1416 1198 1442 lE'.
1215 1415 1289 1451 Μῃδὲ
1304 1416 1338 1442 τὰ
1352 1415 1423 1442 αὐτὰ
1440 1416 1522 1442 πᾶσιν
1540 1415 1668 1450 ἁρμόζειν
1682 1413 1795 1445 οἴεσθαι,
1807 1412 1901 1448 ὥσπερ

1112 1460 1172 1486 οὐδὲ
1186 1460 1288 1495 ἡλικίαι
1303 1461 1386 1487 πᾶσιν
1395 1460 1452 1495 (41)
1467 1461 1495 1487 αἱ
1505 1461 1665 1492 αὺταὶ,οὐδὲ
1683 1459 1835 1495 προσώπων
1852 1467 1902 1493 χα-

1114 1506 1258 1541 ρακτῆρες,
1288 1506 1347 1532 οὐδὲ
1360 1505 1436 1538 ζώων
1453 1506 1548 1541 φύσεις
1565 1506 1630 1541 (42),
1660 1506 1720 1532 οὐδὲ
1731 1506 1782 1540 γῆς
1793 1504 1902 1539 ποιότη-

1112 1559 1167 1583 τες,
1194 1552 1253 1578 οὺδὲ
1269 1551 1354 1587 κάλλη
1373 1560 1402 1578 τε
1429 1553 1480 1583 κα)Ἰ
1496 1551 1598 1587 μεγέθη
1625 1552 1792 1587 λαμπτήρων
1805 1559 1811 1565 ·
1842 1550 1901 1576 ἀλλ’

1113 1596 1236 1631 ἡγεῖσθαι
1259 1597 1362 1623 ἰδιώτου
1386 1597 1435 1632 μὲν
1458 1594 1527 1623 εἶναι
1541 1597 1641 1624 κακίαν
1664 1597 1695 1623 τὸ
1708 1596 1797 1631 φαῦλα
1818 1595 1901 1631 πράσ-

1113 1650 1179 1674 σειν,
1194 1642 1241 1668 καὶ
1254 1642 1303 1668 ὅσα
1316 1641 1453 1673 κολάσεως
1465 1641 1530 1674 ἄξια
1543 1642 1611 1677 (45),
1620 1639 1657 1668 ὧν
1668 1643 1715 1668 καὶ
1727 1643 1742 1668 ό
1755 1641 1835 1676 νόμος
1844 1641 1899 1677 (44)

1113 1689 1197 1725 βαρὺς
1214 1689 1362 1725 δεσπότης·
1385 1689 1515 1724 ἄρχοντος
1528 1689 1557 1716 δὲ
1578 1689 1595 1726 ἦ
1617 1689 1789 1725 προεστῶτος
1806 1690 1836 1716 τὸ
1862 1690 1900 1725 μὴ

1111 1735 1148 1766 ὡς
1161 1734 1270 1770 ἄριστον
1280 1733 1362 1766 εῐναι,
1379 1735 1426 1761 καὶ
1439 1736 1483 1762 ἀεὶ
1496 1735 1535 1771 τῷ
1549 1735 1623 1770 καλῷ
1638 1736 1820 1771 προϐαίνοντα
1831 1736 1899 1771 (45),

1113 1781 1193 1817 εἴπερ
1210 1781 1299 1816 μέλλοι
1321 1781 1360 1816 τῷ
1383 1781 1504 1817 περιόντι
1523 1783 1572 1818 τῆς
1598 1783 1698 1818 ἀρετῆς
1724 1782 1810 1815 ἕλξειν
1836 1782 1900 1814 τοὺς

1113 1827 1227 1859 πολλοὺς
1243 1827 1283 1858 εἰς
1303 1827 1334 1853 τὸ
1349 1827 1470 1864 μέτριον,
1487 1829 1535 1855 καὶ
1556 1829 1594 1864 μὴ
1614 1828 1660 1864 βίᾳ
1673 1829 1818 1864 κατάρξειν
1832 1829 1899 1864 (46),

1113 1872 1179 1899 ἀλλὰ
1190 1873 1278 1899 πειθοί
1295 1872 1487 1908 προσάξεσθαι.
1502 1874 1538 1901 Τὸ
1552 1875 1600 1910 μὲν
1613 1875 1666 1912 γὰρ
1680 1876 1816 1907 ἀκούσιον,
1831 1875 1900 1911 πρὸς

1110 1919 1141 1946 τὺ
1155 1919 1210 1954 (47)
1227 1921 1386 1955 τυραννικὸν
1412 1918 1493 1952 εἶναι,
1521 1922 1569 1948 κα).
1592 1922 1642 1948 οὐκ
1670 1921 1822 1954 ἐπαινετὸν,
1838 1922 1898 1948 οὐδὲ

1112 1965 1225 2000 μόνιμον
1237 1966 1291 2001 (ιὸ)
1300 1974 1307 1981 ·
1320 1966 1391 2001 φιλεί
1404 1966 1457 2002 γὰρ
1472 1967 1502 1994 τδ
1514 1967 1632 2002 βιασθὲν,
1648 1967 1743 2004 ὥσπερ
1758 1969 1839 2004 φυτὸν
1853 1966 1899 2004 βίᾳ

309 2053 331 2068 ³³
348 2053 418 2080 Psal.
432 2060 524 2084 xxxvt,
544 2051 589 2079 27.
627 2052 649 2068 ⁸⁹
668 2052 737 2080 Phil.
757 2060 797 2086 ut,
812 2052 839 2080 7.
880 2052 902 2068 ‘°
917 2051 938 2079 ΙΙ
950 2052 1012 2080 Cor.
1023 2060 1052 2086 x,

1125 2055 1169 2082 15.
1201 2057 1221 2072 ⁸¹
1244 2056 1253 2082 l
1270 2056 1332 2083 Cor.
1346 2065 1402 2090 vin,
1417 2056 1444 2084 6.
1482 2057 1504 2073 "
1521 2056 1531 2084 Ι
1546 2057 1608 2085 Cor.
1625 2065 1670 2091 xv,
1682 2055 1728 2086 Διὶ.

309 2132 367 2165 (55)
388 2133 514 2166 Ἄλλους
535 2133 691 2166 ἰατρεύειν.
713 2133 812 2160 Alludit
834 2136 872 2160 adi
891 2134 949 2162 haec
971 2135 1052 2162 verba

274 2169 413 2202 cujusdam
438 2174 523 2202 poeta:
539 2169 607 2202 apud
625 2169 694 2195 Plut.
716 2169 752 2194 De
772 2169 945 2203 dignoscemlo
963 2178 1053 2197 auen-

275 2209 358 2230 (αισι-ε
391 2203 423 2229 ab
451 2204 534 2229 antica
554 2210 563 2230 :
582 2203 686 2229 ¹Ἀλλων
718 2204 824 2238 ἰατρὸς,
850 2204 931 2236 αὐτὸς
961 2204 1051 2232 ἕλκεσι

1109 2139 1147 2161 tes
1162 2142 1266 2162 onmes.
1285 2144 1294 2160 ι

1142 2169 1197 2204 (42)
1217 2171 1336 2203 Φύσεις.
1355 2179 1364 2196 ‹
1379 2169 1499 2198 Natura.
1516 2180 1526 2197 ι
1543 2171 1639 2199 Comb.
1659 2180 1668 2197 ι
1685 2171 1798 2200 indoles.
1814 2181 1824 2198 ι

1141 2204 1203 2242 (45)
1219 2205 1315 2242 Ἃξιαζ
1334 2207 1412 2242 Deest
1427 2207 1453 2232 in
1473 2214 1519 2242 sex
1539 2206 1634 2241 Regg.,
1649 2207 1675 2233 in
1694 2208 1770 2235 Colb.
1782 2213 1896 2242 septem,

275 2238 375 2274 βρύων.
395 2246 405 2263 ι
425 2237 546 2265 Aliorum
574 2239 709 2272 medicus,
741 2237 798 2273 ipse
828 2238 962 2267 ulceribus
991 2247 1053 2267 κα-
1070 2237 1091 2264 1)
1105 2238 1172 2271 Jes.,
1187 2237 1232 2267 Or.
1252 2241 1277 2267 1.
1299 2240 1458 2267 Praeclaram
1474 2241 1542 2268 hanc
1558 2237 1717 2268 smilentiam
1736 2244 1768 2268 ad
1785 2237 1896 2270 ve'rbuni

276 2280 344 2300 ICIIS.
356 2282 365 2298 1

310 2307 545 2344 (54)-Ειγκαίγτις
558 2307 661 2342 ἁγνόν.
682 2308 730 2335 llic
744 2307 790 2336 0r.
807 2308 819 2335 1
837 2308 871 2336 ad
890 2309 1036 2344 marginem
1050 2318 1057 2338 :

274 2343 316 2369 Τὰ
340 2342 385 2368 τοῦ
411 2343 517 2378 ἀληθῶς
543 2344 694 2379 ἐπισκόπου
726 2343 870 2379 ἰδιώματα.
897 2353 906 2369 ε
922 2342 987 2379 Ejus
1011 2346 1057 2379 qui

276 2379 361 2417 reipsa
392 2379 456 2413 (non
476 2378 585 2405 nomine
622 2379 737 2415 tantum)
758 2385 800 2406 est
821 2378 975 2414 episcopus,
997 2387 1059 2414 pro-

294 2417 412 2439 rtetates.
424 2421 433 2438 ι

274 2419 412 2447 prtetates.
424 2421 433 2438 ι

310 2447 365 2482 (55)
388 2447 479 2483 Ἠῖῴς
492 2446 635 2481 μάλιστα.
654 2457 664 2474 ‹
680 2449 733 2475 Aut
749 2456 829 2483 quam
848 2449 983 2483 maxime;
1000 2458 1010 2475 ι
1031 2449 1057 2476 id

272 2488 316 2509 est
330 2483 404 2514 juxta
424 2482 520 2514 Etiam,
539 2491 548 2507 ‹
561 2488 587 2509 et
601 2491 681 2516 quam
697 2485 822 2510 maxime.
836 2493 846 2510 ι

310 2517 366 2552 (56)
385 2516 463 2551 Πρὸς
485 2517 604 2551 ἀρετήν.
625 2518 662 2544 Ita
685 2517 751 2552 Reg.
770 2520 788 2550 Ι,
812 2518 905 2547 Coinb.
929 2526 994 2546 vero
1017 2519 1058 2550 εἰς

273 2552 386 2588 ἀρετήν,
403 2553 430 2579 in
445 2552 519 2589 lleg.
540 2560 553 2578 r
578 2557 690 2587 utraque
712 2555 789 2580 deest
807 2554 970 2589 pra-positio,
988 2554 1058 2581 sicut

272 2587 300 2615 et
313 2588 391 2621 paulo
403 2592 471 2622 post,
480 2587 529 2614 δεῖ.

308 2623 364 2659 @7)
389 2621 484 2659 Ἑξῆς.
502 2622 719 2659 Ριιιι-εεδεοιιίεεε
730 2622 832 2659 habent
858 2623 968 2659 ἐφεξῆς.

308 2658 365 2693 (58)
386 2657 566 2692 Λειπώμεθα.
592 2657 638 2693 Sic
656 2663 757 2691 septem
774 2657 840 2693 Reg.
853 2657 968 2693 quatuor
979 2657 1056 2686 Colb.

272 2692 320 2721 0r.
337 2695 362 2719 1.
378 2693 423 2720 Sic
435 2693 527 2719 Hirtius
539 2692 728 2727 emendaverat
742 2693 768 2720 in
786 2692 848 2720 Bas.
862 2692 901 2720 fin
919 2701 972 2727 quo
987 2695 1058 2721 sicut

273 2733 301 2755 et
315 2728 341 2755 in
353 2728 415 2756 Par.
432 2728 529 2761 legitur
542 2726 764 2762 ἀπολειπώμεθα,
781 2728 854 2763 quod
861 2736 911 2756 nec
926 2726 941 2756 a
956 2728 1058 2756 Monta-

272 2763 356 2793 cutio.
368 2771 418 2790 nec
430 2771 445 2789 a
463 2763 658 2790 Parisiensibus
674 2764 855 2790 observatum.

307 2798 364 2832 (39)
383 2797 538 2832 Σταθμοῖς.
552 2797 629 2824 Colb.
642 2798 668 2830 Ι,
683 2798 803 2832 μέτροις.

307 2833 364 2868 (40)
387 2832 429 2865 Τῷ
445 2833 585 2868 μεγίστῳ.
596 2832 662 2868 Reg.
677 2840 703 2865 a,
719 2833 767 2859 κα).
781 2833 830 2868 τῷ.

309 2841 364 2868 μυ)
387 2841 429 2865 Ιφ
445 2841 585 2867 μεγιστφ.
596 2841 635 2859 ne
656 2854 662 2859 .
677 2841 703 2865 3,
719 2841 767 2859 και
781 2842 830 2868 τῳ-

309 2867 364 2903 (At)
389 2841 705 2902 Ἡλικιαιπᾶσιν.ῗιεκ.
719 2876 736 2896 ιι
751 2869 830 2897 habet
843 2870 937 2904 πᾶσαι,
967 2879 977 2895 (
993 2874 1057 2897 teta-

1111 2282 1178 2307 pcne
1197 2276 1337 2310 descripsit
1356 2277 1381 2301 in
1406 2284 1452 2303 sua
1468 2276 1508 2301 Ad
1521 2277 1702 2311 imperatorem
1719 2279 1897 2305 admonitione

1109 2311 1243 2344 Agapetus
1271 2319 1304 2336 ί(
1319 2310 1418 2337 Privati
1438 2310 1561 2344 quidem,
1583 2313 1630 2341 ait.
1655 2313 1771 2339 hominis
1801 2314 1896 2340 vitium

1111 2343 1262 2382 blitlirlldum
1273 2353 1344 2377 esse,
1359 2346 1427 2382 mala
1440 2343 1466 2372 et
1477 2347 1608 2380 supplicio
1619 2347 1698 2381 digna
1712 2347 1812 2380 facere,
1826 2349 1897 2382 prin-

1109 2379 1279 2416 cipisautem
1289 2385 1315 2406 et
1331 2381 1498 2416 praesidentis
1510 2379 1563 2408 non
1574 2379 1753 2416 veloptimum
1765 2379 1834 2409 esse.
1848 2391 1857 2408 I

1145 2414 1200 2450 (μ)
1220 2414 1308 2450 Καὶῗό
1323 2415 1424 2449 νόμος.
1441 2416 1542 2443 Allndit
1561 2418 1594 2443 ad
1620 2414 1676 2444 hinc
1697 2419 1778 2444 verba
1799 2419 1896 2450 Apost.

1109 2448 1212 2486 ad‘Gal.
1226 2457 1252 2479 ν.
1272 2449 1318 2482 25,
1333 2458 1349 2486 γε
1359 2448 1493 2478 adversus
1507 2451 1658 2486 hujusmodi
1678 2460 1731 2478 non
1754 2457 1796 2480 est
1819 2448 1869 2479 l'ex.
1883 2462 1892 2479 ι

1144 2484 1200 2518 (45)
1228 2485 1444 2522 Προϐαινσντατ
1468 2487 1524 2513 Duo
1542 2484 1646 2521 'ltegii,
1676 2488 1770 2515 Cotnb.
1800 2487 1896 2522 διαιρέ-

1105 2526 1199 2557 -ροντα,
1215 2527 1275 2557 qua:
1293 2527 1342 2546 vox
1360 2521 1573 2557 sigtitlicantior:
1593 2530 1602 2547 ι
1622 2527 1650 2548 ut
1665 2530 1716 2549 non
1733 2522 1818 2550 solum
1833 2521 1895 2557 pro-

1109 2554 1192 2583 liciat,
1208 2555 1254 2580 sed
1269 2559 1298 2580 ut
1312 2556 1474 2588 proliciendo
1487 2558 1569 2583 etiam
1581 2557 1705 2584 excellat.
1723 2567 1734 2583 ι

1144 2588 1198 2627 (ιβ)
1217 2588 1391 2627 βατάρξειν.
1416 2590 1462 2618 Sic
1480 2597 1595 2627 quatuor
1609 2591 1705 2627 ltegii.
1728 2593 1781 2620 duo
1804 2592 1893 2626 Colb.,

1108 2623 1202 2664 goiqu
1217 2624 1280 2652 Pas.
1299 2624 1391 2664 βιιιιυξ
1454 2623 1528 2652 oram
1549 2626 1609 2653 Bas.
1626 2623 1774 2664 scripserat
1785 2623 1896 2664 καθείρξ

1108 2658 1174 2691 ξειν,
1192 2668 1201 2684 ι
1220 2667 1267 2693 per
1282 2659 1335 2696 vim
1350 2660 1528 2696 cohibiturus,
1546 2670 1556 2687 ι
1570 2663 1642 2696 quod
1663 2658 1775 2689 nimium
1801 2658 1894 2690 l'actles

1108 2696 1277 2721 admiserunt
1293 2694 1472 2723 Parisienses.

1144 2728 1299 2789 (ἶῖζέῖρὸς
1326 2729 1371 2756 τό.
1397 2730 1442 2758 Sic
1468 2731 1558 2766 plures
1575 2732 1637 2760 cod.
1665 2732 1746 2760 Coisl.
1766 2732 1793 2760 1.
1819 2732 1893 2760 Edit.

1108 2771 1176 2798 προς
1193 2772 1242 2798 τῳ.

1130 2771 1361 2839 ἥῗὸἶᾛόνιμον.
1380 2798 1446 2834 Reg.
1469 2809 1483 2828 r
1511 2802 1642 2839 νόμιμον,
1666 2801 1826 2839 nondmale_
1835 2802 1893 2829 for-

1108 2842 1170 2866 san,
1190 2835 1212 2874 si
1227 2834 1412 2874 ὲννομῴτατον
1426 2834 1550 2873 sequens
1565 2834 1699 2868 attendas.
1717 2837 1791 2866 Unde
1805 2836 1891 2866 Gabr.

1111 2879 1125 2907 t_
1137 2870 1256 2908 vlliﬂlillle
1271 2870 1429 2904 legitimum.
1445 2881 1454 2897 ι
