2070 3135
239 187 294 216 837

796 190 929 220 ORATIO
946 192 980 221 ll.
1000 207 1037 220 -ι
1054 192 1305 222 APOLOGETICA.

1819 196 1872 226 ιδε

237 245 384 283 τὸπρῶτον
399 246 447 274 καὶ
463 247 668 282 ἀσφαλέστατον
689 249 758 285 (28),
774 250 822 277 καὶ
836 250 933 287 ἀνδρὸς
949 251 1027 284 ὄντως

1083 251 1162 286 hujus
1178 253 1241 280 vita:
1257 258 1339 279 usura
1358 251 1426 279 lucri
1446 250 1562 286 facturo.
1578 252 1654 287 cujus
1665 251 1746 281 ﬁnem
1761 259 1874 288 exopta-

238 291 333 327 ὑγιοῦς
345 293 393 319 καὶ
405 292 468 319 νοῦν
476 293 601 328 ἐχοντος;

274 392 341 418 KH'.
362 392 443 427 Ἡμῖν
453 392 492 424 δὲ,
504 390 546 425 οἷς
557 393 586 421 τὺ
601 395 819 430 κινδυνευόμενόν
838 397 896 423 ἐστι
910 399 1031 433 σωτηρῖα

237 437 336 473 ψυχῆς.
349 437 399 473 τῆς
418 438 556 474 μακαρίας
574 447 605 465 τε
618 440 665 466 καὶ
681 440 828 473 ἀθανάτου,
844 442 891 468 καὶ
909 442 1032 471 ἀθάνατα.

237 483 490 520 κολασθησομένης,
512 483 529 520 ἢ
554 485 815 521 ὲπαινεθησομένης,
835 487 880 515 διὰ
893 489 994 516 κακίαν
1013 490 1030 524 ἢ

237 527 348 563 ἀρετὴν.
359 528 440 554 πόσον
452 528 505 564 χρὴ
519 528 608 556 δοκεῖν
622 529 692 557 εἶναι
707 531 753 557 τὸν
761 531 865 566 ἀγῶνα,
875 532 891 568 ἢ
901 533 967 568 ὅσης
977 533 1032 561 δεῖν

237 572 286 607 τῆς
298 572 452 609 ἐπιστήμης
473 573 611 609 ἰατρεῦσαι
625 574 725 608 καλῶς,
739 575 755 610 ἢ
775 576 948 612 ἰατρευθῆναι
962 577 1030 613 (29),

237 618 285 645 καὶ
307 618 357 654 τὴν
379 617 452 654 ζωὴν
476 619 652 654 μεταθέσθαι,
673 622 720 647 καὶ
739 621 831 649 δοῦναι
851 623 896 650 τὸν
912 623 976 658 χοῦν
992 624 1031 660 τῷ

238 664 392 700 meditari;
407 665 444 691 Οὐ
461 665 516 701 γὰρ
531 665 586 692 τῶν
600 666 692 694 αὐτῶν
705 666 767 694 οὔτε
783 667 869 703 λόγων
891 669 947 704 (50)
969 669 1031 696 οὔτε

237 710 341 745 ὁρμῶν,
355 710 417 738 οὔτε
435 711 466 738 τὸ
488 712 555 747 θῆλυ
571 712 611 748 τῷ
635 713 741 750 ἄρρενι,
757 714 820 741 οὔτε
838 716 912 751 γήρᾳ
925 715 1030 752 νεότης,

237 756 299 783 οὕτε
316 757 397 793 πενίᾳ
410 757 525 790 πλοῦτος
549 758 617 793 (51),
637 759 700 787 οὔτε
723 760 848 796 εὐθυμῶν
870 761 1029 796 ἀθυμοῦντι,

236 801 299 828 οὕτε
313 803 328 830 ὁ
338 803 450 838 κάμνων
465 803 504 839 τῷ
519 804 679 839 ὑγιαίνοντι,
697 806 826 842 ἄρχοντές
839 815 869 834 τε
888 808 936 834 καὶ
952 808 1032 843 ἀρχό-

238 857 324 883 μενοι,
341 850 416 884 σοφοί
438 858 467 877 τε
480 851 529 877 καὶ
545 851 673 886 ἀμαθεῖς,
699 852 780 879 δειλοί
795 861 825 879 τε
845 854 893 880 καὶ
908 854 1028 888 θρασεῖς,

236 894 340 930 ὀργίλοι
365 895 411 922 καὶ
431 897 514 932 πρᾶοι
538 897 606 932 (52).
630 898 825 934 κατορθοῦντες
843 899 891 926 καὶ
917 900 1028 926 πίπτον-

234 949 283 974 τες
300 941 365 976 (33).

272 1041 337 1070 κε’.
350 1042 408 1069 Κᾶν
420 1041 460 1069 ἔτι
472 1043 593 1079 ἀκριϐῶς
611 1044 812 1081 (54)ὲξετάσῃς,
829 1046 891 1073 ὅσον
904 1047 934 1073 τὺ
947 1047 1028 1082 μέσον

235 1087 291 1115 τῶν
307 1088 336 1114 ὲν
352 1089 494 1122 συζυγίαις
515 1089 584 1125 πρὸς
605 1091 669 1122 τοὺς
693 1091 827 1127 ἀγάμους,
850 1092 901 1119 κᾶν
925 1093 1030 1125 τούτοις

235 1133 318 1160 πάλιν
329 1133 384 1160 τῶν
410 1135 460 1170 τῆς
477 1135 594 1171 ἐρημίας
612 1136 680 1171 πρὸς
696 1137 759 1168 τοὺς
780 1139 955 1170 κοινωνικοὺς
983 1140 1029 1166 καὶ

237 1181 354 1216 μιγάδας
368 1180 434 1216 (55)·
455 1181 510 1208 τῶν
527 1182 719 1218 ὲξητασμένων
744 1183 799 1219 (56)
814 1185 861 1210 καὶ
874 1184 1030 1221 διαϐεϐηκό-

235 1234 289 1252 των
317 1226 347 1252 ἐν
368 1226 471 1262 θεωρίᾳ
504 1226 573 1262 πρὸς
596 1228 659 1259 τοὺς
681 1224 773 1259 ἁπλῶς
803 1228 1027 1261 κατευθύνοντας,

233 1272 354 1300 ἀστικῶν
373 1281 403 1299 τε
420 1271 453 1300 αὗ
468 1272 516 1300 καὶ
530 1272 584 1300 τῶν
605 1274 692 1309 ὲκτῆς
703 1274 854 1310 ἀγροικίας,
875 1276 1029 1312 ἀκεραιοτέ-

237 1327 290 1353 ρων
307 1327 336 1345 τε
351 1320 398 1345 καὶ
413 1320 652 1355 πανουργοτὲρων,
667 1320 722 1347 τῶν
744 1321 773 1347 ἐν
792 1322 936 1357 πράγμασι
960 1323 1028 1358 πρὸς

234 1366 298 1397 τοὺς
325 1365 521 1401 ἡσυχάζοντας,
550 1366 606 1393 τῶν
633 1367 768 1402 μεταϐολῇ
793 1367 849 1403 (57)
871 1367 1028 1403 πληγέντων

234 1411 303 1446 πρὸς
325 1412 388 1443 τοὺς
403 1411 601 1448 εὐδρομοῦντας
628 1412 675 1438 καὶ
695 1412 810 1446 ἀμαθεῖς
829 1413 875 1439 τοῦ
897 1413 1026 1449 χείρονος·

234 1457 337 1484 τούτων
360 1457 415 1493 γὰρ
432 1458 542 1485 ἔκαστοι
558 1458 650 1485 πλεῖον
664 1458 787 1493 ἀλλήλων
803 1459 877 1486 ἐστιν
904 1460 948 1486 ὅτε
969 1461 1028 1491 ταῖς

235 1501 394 1537 ὲῆτιθυμίαις
405 1503 452 1529 καὶ
467 1505 526 1535 ταῖς
538 1504 661 1540 ορμαῖςῆ
678 1504 748 1530 κατὰ
760 1504 810 1537 τὰς
823 1505 876 1531 τῶν
892 1505 1028 1540 σωμάτων

237 1548 308 1580 ιδέας
328 1548 511 1584 διαφέροντες
533 1550 557 1575 εί
571 1549 600 1575 δὲ
622 1548 790 1584 βούλει,.τὰ;
809 1549 863 1575 τῶν
887 1550 1028 1585 στοιχείων

235 1594 324 1629 μίξεις
343 1595 389 1621 καὶ
409 1595 532 1630 κράσεις,
543 1595 572 1628 ἐξ
586 1591 624 1622 ὦν
649 1596 862 1632 συνεστήκαμεν,
878 1596 909 1623 οὑ
923 1596 1026 1632 ῥᾴστην

235 1640 326 1676 ἔχουσι
341 1640 391 1676 τὴν
401 1641 567 1676 οἰκονομίαν.

1082 306 1122 331 re,
1139 298 1312 334 primarium,
1333 305 1365 325 ac
1382 298 1546 326 tutissimqu
1570 298 1670 326 bonum
1686 304 1739 333 est,
1755 300 1872 335 virique,

1081 344 1153 371 haud
1168 343 1260 378 dubie,
1275 343 1346 377 sani,
1361 347 1389 371 et
1403 347 1494 371 mente
1507 343 1624 378 prtediti.

1116 399 1235 429 XXVIII.
1250 399 1333 428 Nobis
1350 404 1452 432 autem,
1469 399 1514 436 qui
1530 400 1563 427 de
1575 401 1671 427 animm
1700 400 1786 428 salute
1806 401 1874 435 peri-

1082 443 1217 477 clitamur,
1235 451 1295 479 quae
1309 444 1386 471 beata
1402 448 1429 471 et
1451 443 1613 472 immortalis
1639 449 1690 476 est,
1718 449 1798 480 atque
1822 445 1874 472 im-

1083 489 1256 521 mortalibus,
1270 489 1313 516 vel
1338 489 1488 524 suppliciis,
1504 489 1545 517 vel
1575 490 1709 524 laudibus,
1725 491 1758 518 ob
1775 491 1871 518 vilium

1084 539 1130 561 aut
1143 534 1272 562 virtutem
1290 533 1437 568 afficietur;
1454 539 1584 570 quantum
1599 535 1706 566 tandem
1728 541 1867 563 certamen

1081 579 1249 615 propositum
1263 587 1336 613 esse,
1362 585 1517 615 quantaque
1533 585 1592 609 arte
1606 587 1674 616 opus
1691 588 1752 608 esse
1777 581 1871 608 existi-

1082 624 1209 651 ntandum
1224 628 1277 657 est,
1293 628 1322 651 ut
1343 628 1415 652 recte
1430 632 1567 658 curemus,
1584 631 1630 652 aut
1653 625 1703 661 ipsi
1731 633 1869 659 curemur,

1081 673 1108 696 et
1125 669 1208 696 vitam
1226 669 1253 696 in
1268 669 1365 697 melius
1378 675 1586 701 commutemus,
1609 677 1641 698 ac
1669 675 1770 698 terram
1788 670 1870 705 spiri-

1081 714 1120 741 tui
1143 714 1319 742 addicamus!
1345 714 1406 742 Non
1430 715 1502 743 enim
1527 717 1626 744 ett-dem
1655 717 1790 749 rationes,
1819 724 1870 747 nec

1081 758 1162 786 iidem
1176 759 1327 787 animorum
1341 759 1456 795 impetus
1472 765 1536 788 sunt
1550 761 1632 788 maris
1644 765 1671 788 et
1691 760 1808 792 feminae,
1823 769 1869 789 se-

1082 806 1199 833 nectutis
1211 810 1238 833 et
1257 805 1455 840 adolescentiae,
1471 807 1563 835 divitis
1579 812 1606 834 et
1622 809 1760 842 pauperis,
1775 808 1869 836 hilaris

1080 855 1108 878 ct
1121 850 1272 884 maerentis,
1290 851 1349 878 sani
1364 856 1392 879 et
1407 851 1575 886 aegrotantis,
1590 852 1742 887 principum
1759 858 1786 879 et
1802 853 1869 880 sub-

1081 896 1210 928 diturum,
1225 896 1393 924 eruditorum
1410 901 1438 923 et
1461 896 1645 929 indoctorum,
1673 896 1814 924 audacium
1841 902 1869 923 et

1045 931 1066 958 Β
1083 941 1251 974 timidorum,
1269 946 1472 969 mansuetorum
1486 946 1514 970 el.
1537 942 1740 976 iracundorum,
1757 950 1869 970 munere

1080 994 1129 1014 suo
1139 987 1268 1021 przeclarc
1281 986 1462 1022 iungentium,
1479 992 1507 1015 et
1526 988 1691 1016 cadentium.

1115 1042 1213 1069 XXIX.
1231 1043 1308 1077 Quod
1324 1044 1346 1070 si
1366 1044 1521 1072 accuratius
1541 1052 1597 1072 rem
1621 1045 1768 1079 expendas,
1782 1052 1870 1080 quan-

1065 1093 1137 1119 ,tum
1159 1090 1330 1118 intervallum
1347 1091 1417 1117 inter
1432 1091 1591 1126 conjugatos
1608 1096 1635 1119 et
1646 1091 1754 1119 caelibes
1778 1091 1865 1118 inter-

1076 1133 1178 1169 jectum
1204 1135 1348 1170 reperies?
1380 1136 1418 1163 Ex
1449 1136 1491 1164 his
1510 1144 1616 1170 rursus,
1639 1141 1769 1173 quantum
1797 1137 1869 1164 inter

1079 1180 1206 1207 eremitas
1230 1185 1258 1208 et
1283 1181 1445 1214 emnobitas,
1469 1181 1513 1216 qui
1540 1183 1661 1216 permisti
1687 1183 1870 1210 cotnmuniter

1079 1225 1192 1260 degunt,
1208 1225 1373 1254 discriminis
1384 1226 1455 1254 erit?
1472 1232 1602 1262 quantum
1618 1228 1688 1255 inter
1702 1236 1759 1261 eos,
1779 1230 1824 1263 qui
1841 1230 1868 1256 in

1079 1273 1309 1308 contemplatione
1338 1273 1419 1309 longe
1449 1280 1661 1309 processerunt,
1688 1281 1715 1303 et
1745 1283 1792 1303 eos
1822 1275 1868 1310 qui

1079 1318 1212 1346 duntaxat
1229 1325 1331 1346 rectum
1354 1320 1416 1348 vita:
1432 1321 1484 1348 iter
1499 1322 1612 1348 tenent?
1627 1327 1758 1356 quantum
1773 1330 1869 1350 rursus

1080 1366 1151 1392 inter
1168 1365 1289 1393 urbanos
1310 1369 1337 1394 et
1359 1367 1485 1399 rusticos,
1501 1367 1572 1394 inter
1589 1368 1726 1403 simplices
1750 1372 1775 1395 el
1793 1369 1869 1396 calli-

1079 1410 1139 1442 dos,
1157 1411 1227 1438 inter
1243 1418 1299 1442 eos,
1318 1411 1363 1445 qui
1380 1413 1405 1438 in
1425 1411 1508 1439 rebus
1522 1413 1639 1447 publicis
1662 1413 1788 1446 gerendis
1807 1420 1868 1440 vcr-

1079 1461 1186 1488 5autur,
1200 1460 1227 1484 et
1243 1457 1342 1491 quietis
1359 1457 1508 1491 studiosos,
1524 1458 1595 1486 inter
1617 1466 1664 1486 eos
1683 1466 1796 1494 quorum
1823 1466 1868 1486 res

1080 1502 1107 1529 in
1122 1502 1245 1530 deterius
1260 1508 1370 1530 mutata:
1392 1508 1467 1536 sunt,
1482 1508 1510 1531 et
1520 1511 1566 1531 eos
1582 1504 1626 1539 qui
1647 1512 1774 1540 prospero
1788 1512 1868 1532 cursu

1080 1549 1215 1580 feruntur,
1241 1554 1292 1577 nec
1307 1550 1417 1578 duriore
1449 1557 1567 1585 unquam
1590 1550 1697 1578 fortuna
1723 1551 1868 1578 coullictnti

1082 1596 1162 1624 sunt?
1191 1596 1293 1624 llorum
1310 1596 1382 1624 enim
1403 1595 1500 1631 singuli
1525 1596 1716 1631 cupiditatibus
1744 1604 1868 1624 nonnun-

1042 1638 1063 1666 C
1082 1650 1162 1677 quam
1180 1647 1207 1670 et
1231 1641 1371 1670 affectibus
1385 1642 1470 1677 magis
1494 1642 1564 1670 inter
1579 1649 1609 1670 se
1632 1642 1769 1675 differunt,
1787 1650 1867 1676 quant

236 1697 384 1724 corporum
401 1689 496 1725 figuris
522 1695 549 1717 et
565 1690 754 1723 lineamentis;
787 1695 844 1725 attl,
870 1691 892 1717 si
921 1691 1017 1722 mavis,
1038 1691 1245 1724 elementorum,
1261 1695 1289 1718 et
1302 1698 1335 1718 ex
1351 1690 1449 1726 quibus
1466 1695 1633 1723 constamus,
1653 1690 1826 1718 tnistionibus
1842 1696 1868 1718 ct

236 1739 479 1773 temperamentis:
497 1746 529 1766 ac
543 1739 656 1774 proinde
674 1747 723 1766 nec
741 1738 819 1766 facile
844 1739 901 1774 regi
925 1739 1126 1774 gubernarique
1143 1743 1267 1772 possunt.

270 1797 310 1824 A’.
331 1796 400 1823 Ἀλλ’
417 1796 512 1833 ὥσπερ
534 1798 590 1828 τοῖς
611 1795 735 1832 σώμασιν
752 1797 782 1823 οὗ
796 1797 846 1832 τὴν
859 1797 942 1832 αὐτὴν
960 1805 1030 1832 φαρ-

237 1843 354 1879 μακείαν
369 1851 399 1869 τε
417 1843 464 1869 καὶ
486 1843 589 1879 τροφὴν
607 1843 818 1879 προσφέρονται,
836 1843 910 1870 ἄλλοι
931 1843 960 1869 δὲ
983 1842 1030 1869 ἄλ-

235 1887 285 1924 λην
302 1888 369 1923 (58),
385 1889 402 1924 ἢ
421 1888 593 1920 εὐεκτοῦντες
609 1889 625 1924 ἢ
647 1888 808 1924 κάμνοντες,
826 1888 897 1915 οὕτω
913 1888 960 1915 καὶ
980 1888 1029 1919 τὰς

234 1934 324 1969 ψυχὰς
335 1935 456 1970 διαφόρῳ
472 1935 544 1969 λόγῳ
567 1936 614 1962 καὶ
629 1936 725 1971 ἀγωγῇ
735 1935 941 1971 θεραπεύονται.
951 1934 1030 1969 Μάρ-

235 1989 318 2016 τυρες
329 1981 358 2008 δὲ
370 1981 419 2016 τῆς
431 1981 591 2016 θεραπείας,
615 1978 653 2009 ὧν
667 1982 715 2008 καὶ
731 1982 765 2008 τὰ
784 1981 857 2016 πάθη
882 1980 949 2016 (59)·
963 1980 1028 2012 τοὺς

271 2094 328 2128 (28)
352 2095 603 2129 Ἀσφαλέστατον.
619 2095 727 2121 Addunt
738 2095 800 2123 Bas.
814 2095 857 2122 cd.
872 2100 898 2121 et
912 2095 973 2122 Par.
985 2095 1024 2127 ὡς

235 2131 297 2166 ἐμοὶ
308 2131 407 2162 δοκεῖν,
421 2138 480 2165 quae
496 2132 592 2157 desunt
607 2130 644 2166 ἰιι⁸
652 2130 777 2166 omnibus
793 2136 848 2157 tum
867 2129 950 2166 Regg.
968 2137 1023 2158 tum

235 2164 312 2193 Colb.
323 2172 420 2200 prmter
432 2164 528 2200 unum,
540 2170 567 2192 et
584 2166 609 2192 in
628 2164 678 2192 Ου’.
699 2165 722 2192 1.

273 2201 328 2235 (Ξυ)
354 2199 562 2234 Ἰατρευθῆναι.
589 2200 698 2226 Rectius
718 2200 823 2227 videtur
853 2200 1023 2234 interpretari

235 2235 414 2264 Coutbeflsius
428 2243 508 2269 qnam
525 2236 617 2262 cmleri
635 2245 642 2262 :
661 2245 670 2260 ι
687 2236 740 2261 Aut
762 2236 811 2269 ipsi
826 2240 966 2266 curentur,
983 2236 1024 2262 vi-

237 2277 345 2305 tamque
362 2271 387 2297 in
400 2271 496 2298 melius
507 2275 683 2301 commutent.
697 2277 729 2296 ac
743 2276 842 2297 terram
855 2271 961 2304 spiritui
977 2272 1024 2296 ad-

236 2306 338 2333 dicant.
358 2315 367 2332 ι
399 2305 448 2332 llic
472 2306 544 2333 enim
570 2312 621 2332 non
650 2305 738 2339 agitur
763 2306 796 2332 dc
820 2306 904 2340 ipsius
929 2305 1024 2332 tncdit-i

234 2341 344 2376 propria
361 2341 510 2372 curatione,
530 2341 577 2368 sed
593 2341 683 2367 ovium
708 2347 778 2374 qum,
803 2345 831 2366 ιιι
853 2347 934 2374 supra
959 2341 1026 2376 dixit

234 2375 392 2410 Gregorius,
412 2385 421 2401 ‹
437 2376 527 2403 curari
542 2383 591 2402 nec
608 2375 709 2406 sciunt,
723 2383 772 2402 nec
787 2376 946 2403 sustinentn
961 2375 1026 2408 Qua:

232 2412 401 2445 praecedunt.
420 2416 447 2438 et
465 2418 524 2445 quae
549 2416 709 2446 sequuntur,
730 2415 800 2438 hanc
825 2411 1027 2446 interpretatio-

235 2454 297 2474 nem
307 2446 479 2473 conﬁrmant.

271 2482 328 2517 (30)
350 2481 424 2508 οὔτε
447 2481 556 2517 λόγων.
583 2480 689 2517 Billius,
712 2490 722 2507 ι
742 2480 842 2517 emdem
871 2481 996 2511 rationes.
1013 2491 1022 2508 ι

235 2515 307 2551 quod
321 2525 354 2544 eo
372 2524 452 2544 sensu
479 2516 575 2543 Latine
591 2524 643 2542 non
666 2516 774 2544 dicitur.
799 2515 925 2544 Mallem:
947 2526 956 2542 (
976 2524 1026 2544 nec

235 2552 308 2579 enim
332 2559 408 2579 mens
424 2552 518 2578 eadem
542 2555 569 2578 et
588 2552 665 2577 ratio.
684 2560 693 2576 ι
723 2551 806 2578 Favet
822 2551 925 2578 Tullius
950 2551 1024 2585 Oﬁ‘ic.

236 2586 284 2614 lib.
303 2595 323 2618 ι,
340 2594 398 2621 cap.
415 2586 451 2613 38
468 2596 474 2613 :
490 2595 499 2612 ι
517 2586 618 2620 Duplex
638 2591 680 2613 est
697 2588 769 2613 enim
785 2586 826 2612 vis
837 2587 1023 2614 animorum...

236 2630 289 2649 una
307 2630 368 2656 pars
386 2622 412 2649 in
427 2623 545 2656 appetitu
565 2623 650 2655 posita
666 2628 716 2653 est,
733 2630 793 2656 qua:
809 2627 850 2648 est
867 2622 938 2657 ὁρμή
951 2622 1025 2648 Grae-

235 2665 300 2685 ce...
315 2657 399 2683 altera
414 2657 440 2682 in
458 2658 571 2687 ratione,
591 2665 600 2681 ι
613 2663 666 2683 etc.

269 2692 325 2726 (51)
345 2692 437 2724 Πενίᾳ
457 2691 600 2724 πλοῦτος.
623 2691 683 2718 Bill.
707 2701 716 2717 ι
733 2691 891 2719 Divitiarum
913 2697 941 2718 et
957 2699 1024 2727 puu-

235 2728 358 2760 pcrtalis.
380 2737 390 2753 ι

270 2761 328 2797 (52)
348 2761 448 2796 "prior.
466 2761 530 2797 Reg.
546 2766 566 2792 t,
584 2762 690 2797 πραεῖς.

271 2795 327 2832 (55)
347 2795 567 2831 Κὰτορθοῦιῖτες
582 2795 632 2823 κάι
645 2797 815 2829 πίπτοντες.
832 2795 898 2823 Gab.
917 2805 927 2820 ι
940 2795 1024 2824 felicis

235 2837 262 2859 rt
276 2831 399 2860 infelicis.
416 2842 425 2858 ι
445 2833 498 2860 Sed
515 2833 559 2859 hic
577 2832 610 2859 de
629 2831 670 2858 his
693 2833 738 2866 qui
759 2837 832 2858 recte
846 2832 926 2858 vitam
947 2832 1024 2858 insti-

237 2872 324 2900 tuunt,
335 2869 440 2902 agitur;
452 2868 620 2904 proindeque
632 2867 727 2895 melius
736 2871 887 2895 verteretur
912 2867 1024 2896 «stantis

235 2907 263 2930 et
276 2904 408 2932 cadentis.
421 2913 431 2930 ι

1115 1795 1202 1823 XXX.
1228 1794 1299 1828 Quin
1327 1795 1428 1829 potius,
1446 1795 1672 1830 quemadmodum
1697 1803 1749 1823 non
1774 1797 1868 1824 eadem

1079 1841 1288 1873 medicamenta,
1304 1848 1354 1868 nec
1378 1842 1472 1868 eadem
1488 1841 1616 1870 alimenta
1632 1843 1792 1876 corporibus
1806 1844 1866 1877 qui-

1078 1888 1169 1916 busvis
1188 1886 1363 1920 adhibentur,
1378 1887 1425 1914 sed
1450 1887 1503 1914 alia
1525 1887 1578 1922 27
1597 1887 1775 1920 aliis,rhabita
1793 1888 1869 1916 vide-

1078 1933 1191 1962 licetvei
1206 1933 1333 1961 sanitatis
1347 1940 1442 1961 eorum
1454 1933 1496 1960 vel
1512 1933 1632 1962 adversm
1648 1934 1809 1962 valetudinis
1823 1943 1868 1962 ra-

1079 1981 1151 2008 tione
1169 1989 1177 2008 :
1194 1979 1289 2008 eodem
1301 1986 1410 2014 quoque
1423 1981 1503 2007 modo
1522 1980 1621 2007 anima:
1638 1980 1745 2008 diversa
1764 1981 1869 2009 ratione

1113 2095 1168 2131 (5i)
1190 2095 1252 2121 Ἔτι
1273 2094 1410 2128 ἀκριϐῶς.
1433 2094 1553 2131 Quatuor
1570 2094 1653 2130 Regg.
1677 2094 1715 2131 ἔτ’
1735 2094 1865 2130 ἁκριῦιτις.

1077 2129 1171 2158 Billins
1195 2131 1252 2157 lucc
1279 2131 1369 2157 omnia
1395 2129 1481 2156 reddit
1511 2129 1720 2163 interrogando,
1745 2129 1869 2162 tltlathVIs

1077 2166 1148 2193 nulla
1168 2166 1202 2192 sit
1222 2165 1443 2200 interrogationis
1457 2169 1530 2200 "nota
1550 2165 1576 2190 in
1594 2165 1705 2191 Gneeis.
1729 2165 1782 2190 Nec
1800 2173 1869 2198 opus

1077 2207 1119 2228 est
1132 2201 1279 2236 quidquam
1297 2200 1437 2236 supplere.
1453 2199 1506 2226 Sed
1521 2199 1678 2236 vertendum
1698 2207 1705 2225 :
1725 2208 1734 2225 ι
1753 2200 1821 2232 Quin
1840 2200 1868 2228 id

1076 2234 1157 2264 etiam
1175 2237 1319 2270 d-ligenler
1334 2235 1481 2270 impendas.
1498 2234 1589 2270 velim,
1604 2240 1746 2268 quantum,
1767 2244 1776 2260 ι
1795 2240 1847 2261 etc.

1112 2271 1169 2306 (55)
1192 2270 1254 2298 Τῶν
1272 2269 1328 2303 τῆς
1342 2269 1465 2304 ἐρημίας
1489 2269 1563 2303 πρὸς
1583 2269 1653 2306 τοὺς
1675 2270 1869 2306 κοινωνικοῦ(-

1076 2307 1125 2333 real
1145 2306 1284 2341 μιγάδας.
1311 2305 1526 2341 Connnttuiiest
1548 2305 1667 2341 omnium
1690 2305 1868 2341 interpretum

1077 2338 1169 2376 lapsus
1184 2338 1211 2368 in
1231 2338 1273 2369 his
1286 2340 1436 2376 vertendis.
1444 2338 1558 2376 ﬂullnm
1574 2339 1732 2376 excipimus,
1749 2347 1800 2376 nec
1816 2340 1868 2367 Lu-

1078 2374 1173 2408 tinnm,
1202 2385 1252 2404 nec
1277 2375 1421 2403 Gallicum.
1443 2374 1562 2401 Billins:
1586 2384 1595 2400 ‹
1617 2375 1688 2401 Inter
1715 2374 1868 2403 solitudinis

1076 2417 1212 2440 amantes.
1229 2416 1255 2438 et
1268 2418 1314 2438 eos
1329 2410 1374 2443 qni
1391 2410 1515 2436 sodalitio
1533 2410 1647 2444 vitatque
1660 2410 1791 2437 societate
1802 2419 1869 2443 gau-

1077 2447 1150 2474 dent.
1167 2456 1175 2472 ι
1188 2446 1258 2473 ΜΙιίΙ
1274 2446 1323 2472 hac
1342 2446 1367 2471 in
1384 2446 1616 2479 interpretatione,
1630 2450 1658 2472 et
1671 2446 1785 2477 cmteris.
1801 2453 1868 2479 quas

1077 2481 1180 2508 referre
1195 2481 1261 2508 nihil
1284 2486 1327 2508 est
1345 2487 1465 2511 necesse,
1483 2481 1554 2514 quod
1574 2481 1749 2507 saecularibus
1772 2481 1869 2507 solitu-

1076 2517 1146 2543 dinis
1160 2516 1312 2543 amantibus
1338 2523 1389 2542 nun
1414 2515 1566 2542 conveniat.
1584 2515 1754 2542 Manifestum
1778 2521 1867 2543 tamen

1075 2556 1116 2577 est
1134 2551 1255 2586 Gregorii
1281 2550 1372 2586 verbis
1395 2549 1543 2584 significari
1568 2551 1726 2582 monachos,
1751 2558 1866 2584 qllOt'llllI

1076 2587 1129 2613 duo
1150 2585 1248 2620 genera
1266 2585 1408 2620 agnoscit.
1426 2586 1599 2612 erentitarutn
1617 2585 1720 2612 scilicet
1735 2590 1763 2612 et
1779 2593 1868 2612 ςσεςιω-

1075 2621 1204 2648 hilarum.

1111 2656 1168 2691 (56)
1195 2655 1429 2689 Ὲξητασμενων.
1450 2665 1459 2681 ι
1475 2655 1526 2688 Qui
1539 2656 1649 2687 versati,
1665 2664 1674 2681 ι
1695 2654 1748 2688 vel,
1767 2664 1775 2679 ι
1792 2663 1869 2682 exer-

1075 2691 1150 2718 citati
1167 2697 1230 2718 Slltll
1243 2696 1269 2717 et
1284 2692 1363 2725 longe
1378 2696 1575 2725 processerunt.
1586 2700 1596 2716 ι

1111 2727 1168 2760 (57)
1191 2726 1253 2753 Τῶν
1267 2724 1430 2760 μεταϐολῇ.
1447 2726 1512 2759 lieg.
1531 2727 1577 2753 hu.
1594 2725 1648 2752 τῶν
1665 2724 1693 2752 ὲν
1719 2724 1844 2760 μεταϐολῇ

1112 2761 1168 2796 (58)
1189 2761 1226 2787 Δὲ
1243 2761 1352 2795 ἄλλην.
1370 2761 1493 2794 Quidam,
1512 2765 1541 2787 ut
1558 2760 1641 2796 Regg.
1661 2761 1679 2793 1,
1696 2764 1715 2792 ῑ,
1733 2760 1756 2786 δ’
1770 2760 1864 2796 ἄλλην.

1076 2796 1125 2824 llic
1153 2795 1274 2830 plerique
1293 2796 1370 2822 codd.
1391 2796 1532 2831 adhtnarg.
1549 2795 1677 2831 Διάφοροι
1698 2795 1793 2831 τράποι
1811 2795 1866 2823 τῶν

1074 2829 1197 2867 ψυχικῶν
1214 2829 1378 2866 φαρμάκων.
1399 2840 1407 2856 ι
1423 2829 1613 2858 Retneitiorutn
1632 2829 1722 2860 animi
1733 2831 1805 2858 varia
1820 2838 1868 2866 go-

1075 2875 1150 2896 nera.
1167 2876 1176 2894 Ι

1111 2902 1168 2939 (59)
1183 2901 1274 2936 Πάθη.
1290 2900 1359 2928 Male
1375 2899 1455 2928 πάθει
1469 2901 1496 2929 in
1509 2900 1573 2929 Par.

1719 2707 1852 2760 μεταθολῇ
1857 2744 1865 2752 .
