2070 3135
288 149 339 176 459

898 149 927 176 S.
948 149 1115 178 GREGORII
1135 151 1307 181 THEOLOGI

1856 159 1907 187 ‘60

289 215 359 244 que,
376 207 426 235 nisi
450 207 553 243 magnis
576 207 698 235 laudibus
719 206 863 235 ell'eramur
876 207 929 243 37
950 208 1057 243 indigna

1109 232 1113 240 ,
1126 210 1265 246 ὀνείρατα·
1282 212 1328 238 καὶ
1342 212 1561 248 ἀγανακτοίημεν
1575 213 1618 245 ἂν,
1628 214 1652 239 εί
1670 213 1707 249 μὴ
1722 213 1822 249 σφόδρα
1835 214 1906 241 ὲπαι¹

289 254 360 280 tione
378 253 519 280 aiiicimur.
542 252 629 288 Atque
654 253 710 280 haec
722 272 729 284 ,
753 253 799 287 qui
816 252 987 288 benigniores
1002 253 1073 281 inter

288 306 337 326 nos
354 304 380 326 et
399 298 576 333 simpliciores
592 302 653 326 sunt
672 307 679 325 :
696 299 760 333 quid
775 306 855 333 porro
878 299 895 325 ii
920 299 965 333 qui
988 300 1072 334 magis

287 346 443 382 spirituales
457 353 538 380 sunt,
554 354 586 373 ac
599 347 806 382 generosiores?
825 346 937 374 Multum
960 354 1008 374 nos
1018 365 1027 380 ,
1048 347 1071 374 si

286 392 325 421 ita
344 393 428 420 visum
446 392 526 420 fuerit
537 413 545 425 ,
558 393 768 420 condenmantes
778 397 804 420 et
814 397 943 421 vexantes
953 413 960 425 ,
976 400 1007 420 ac
1018 394 1069 421 mi-

286 439 356 466 seris
374 438 460 466 modis
482 439 667 473 exagitantes,
682 446 732 466 nec
755 439 814 466 loco
838 438 892 466 ullo
907 446 939 466 ac
959 446 1070 467 numero

285 489 432 520 ponentes,
457 485 623 518 abscedunt,
647 485 803 512 societatem
832 489 971 517 nostram,
996 485 1070 513 velut

285 531 355 558 haud
372 531 478 565 piorum
494 531 633 558 hominum
653 535 841 565 aspernantes.

319 577 350 604 L.
377 576 453 610 Quod
474 576 495 604 si
520 577 636 611 cuipiam
661 584 755 604 eorum
778 577 897 604 dicamus
916 576 1012 604 leniter
1034 577 1067 604 ad

284 623 357 650 hunc
371 622 490 655 modum,
504 629 535 649 ac
549 622 716 654 disserendo,
731 629 791 649 eum
804 622 983 656 provehentes
996 631 1003 649 :
1019 622 1067 649 Dic

283 668 360 700 mihi,
375 669 415 695 vir
431 668 599 700 admirande,
613 675 729 695 vocasne
742 668 842 703 aliquid
857 667 966 701 saltare,
981 672 1009 695 et
1030 668 1066 694 ti-

281 715 326 743 bia
345 715 463 742 canere?
490 714 606 741 Maxime
630 721 712 745 vero,
735 714 847 748 inquiet.
868 713 937 747 Quid
955 714 1062 748 sapien-

281 761 356 791 tiam,
372 765 397 787 et
412 760 560 794 sapientem
572 766 643 791 esse,
656 759 727 794 quod
744 767 794 786 nos
808 759 957 786 divinarum
971 759 1065 786 huma-

281 813 431 840 narumque
454 813 543 832 rerum
568 805 709 832 scientiam
732 804 938 832 deﬁnimust
956 812 1064 839 quoque

280 852 419 879 concedet.
436 851 492 886 Age
512 858 576 877 vero
600 858 729 878 censesnc
752 856 825 878 artes
848 850 907 877 illas
930 850 1061 884 sapientia

1123 257 1244 293 νοίμεθα.
1259 258 1343 285 Τοῦτο
1357 259 1436 294 ἡμῶν
1456 260 1481 286 οἱ
1498 259 1672 295 χρηστότεροι
1695 259 1742 286 καὶ
1761 260 1905 286 ἁπλούστε-

1125 312 1179 339 ροι·
1194 304 1220 330 τί
1235 304 1263 330 δὲ
1277 305 1301 331 οἱ
1318 305 1496 340 πνευματικοὶ
1510 305 1565 341 (87)
1587 305 1686 341 μᾶλλον
1702 305 1756 341 (88)
1773 306 1819 333 καϊ
1842 315 1903 340 γεν-

1122 350 1271 386 ναιότεροι;
1304 351 1391 378 Πολλὰ
1424 353 1638 388 κατακρίναντες
1670 352 1758 387 ἡμᾶς,
1783 352 1816 378 ἂν
1836 352 1905 378 οὕτω

1121 395 1194 433 δόξῃ,
1212 397 1258 423 καὶ
1281 396 1485 432 βασανίσαντες,
1502 398 1548 424 καὶ
1568 398 1686 433 οὐδαμοῦ
1702 397 1803 431 θέντες,
1820 398 1904 433 ἀπῆλ-

1121 440 1177 473 θον⁷
1204 442 1251 468 καὶ
1277 442 1326 477 τὴν
1352 444 1492 470 κοινωνίαν
1511 444 1548 475 ὡς
1567 444 1616 470 οὐκ
1641 443 1762 470 εὐσεϐῶν
1791 444 1904 471 διαπτύ-

1121 495 1226 520 σαντες.

1154 533 1194 558 N’.
1216 533 1264 559 Ἂν
1277 533 1306 560 δέ
1320 542 1371 559 τινι
1385 533 1475 560 αὐτῶν
1491 533 1613 568 λέγωμεν
1632 533 1731 560 οὑτωσὶ
1746 534 1841 569 πράως
1856 534 1903 561 καὶ

1118 578 1234 612 λογικῶς
1250 578 1462 614 προῦιϐἁζοντες
1476 579 1548 614 (89)·
1566 579 1633 605 Εἰπέ
1650 588 1704 614 μοι,
1718 576 1741 606 ὧ
1759 579 1902 615 Θαυμάσιε.

1118 623 1208 655 καλεῖς
1223 632 1248 650 τι
1265 624 1295 650 τὸ
1313 624 1467 660 ὀρχεῖσθαι,
1488 624 1517 650 τό
1532 633 1560 650 τε
1583 624 1691 656 αὺλεῖν;
1716 625 1790 651 Πάνυ
1813 633 1845 659 γε
1865 624 1904 651 ετ-

1118 679 1192 697 ποιεν
1214 671 1254 697 ἄν.
1277 671 1309 696 Τί
1334 671 1378 697 δαὶ
1402 670 1458 706 (90)
1485 671 1580 704 σοφίαν
1598 679 1627 697 τε
1650 671 1696 697 καὶ
1718 671 1798 706 σοφὸν
1821 669 1900 703 εἶναι,

1116 716 1187 742 τοῦθ’
1198 716 1212 742 ὃ
1233 716 1265 752 δὴ
1286 716 1364 743 θείων
1379 725 1409 742 τε
1425 717 1472 743 καὶ
1489 716 1668 752 ἀνθρωπίνων
1691 717 1846 752 ἐπιστήμην
1861 726 1901 743 τι-

1116 762 1234 797 Θὲμεθα;
1261 763 1316 789 Καὶ
1341 762 1419 789 τοῦτο
1441 762 1566 789 δώσουσι.
1591 763 1708 798 Πότερον
1731 762 1759 789 δὲ
1780 764 1901 798 κρεῖττον

1115 806 1183 835 εἶναι
1202 808 1248 835 καὶ
1266 808 1441 844 ὑψηλότερον,
1461 808 1548 834 ταῦτα
1569 808 1676 842 σοφίας,
1698 808 1714 843 ἢ
1735 808 1836 835 τούτων
1854 818 1901 844 μα-

1115 854 1173 889 κρῷ
1187 854 1236 889 τὴν
1261 854 1371 888 σοφίανς
1396 854 1451 880 Καὶ
1476 853 1584 880 πάντων
1600 852 1629 880 εὖ
1644 852 1691 880 οἷδ’
1703 854 1744 880 ὃτι
1770 854 1824 889 (91)
1850 855 1900 889 φή-

280 897 406 924 meliores
419 902 445 923 et
459 896 630 924 sublimiores
644 903 719 928 esse,
743 904 777 922 an
799 896 868 923 hanc
885 897 974 930 potius
987 895 1057 923 illis?

1115 884 1269 926 σοντι-’καὶ
1299 884 1382 936 μέχρι
1411 900 1513 926 τούτων
1549 900 1616 925 είσὶν
1644 884 1898 935 εὐγνώμονεςίτλλρν

279 942 343 970 Mihi
364 943 470 977 quidem
492 950 544 969 non
564 946 605 969 est
626 941 754 973 dubium,
772 942 835 976 quin
850 942 920 969 hanc
937 941 1062 968 omnibus

278 989 359 1015 etiam
375 988 588 1022 prmstantiorem
604 995 663 1014 csse
677 988 771 1014 dicturi
790 988 854 1020 sint,
872 992 953 1022 atque
969 987 1062 1014 hacte-

277 1041 329 1061 nus
344 1034 412 1067 azqui
428 1037 455 1060 et
470 1033 576 1060 candidi
591 1033 695 1068 judices
709 1033 771 1060 sint.
788 1031 883 1059 Utrum
899 1033 989 1067 igitur,
1007 1032 1058 1060 sal-

277 1077 387 1104 tationis
404 1077 511 1111 quidem
529 1081 556 1104 et
574 1082 671 1104 cantus
690 1077 815 1104 tibiarum
840 1077 961 1104 doctrina
988 1085 1061 1112 qua:-

277 1123 337 1150 dam
351 1127 377 1149 et
394 1122 534 1156 disciplina
550 1127 608 1154 est,
635 1122 666 1149 ad
685 1122 782 1156 idque,
800 1126 827 1148 et
844 1122 970 1149 diuturno
991 1128 1061 1149 tem-

275 1175 341 1202 pore
351 1187 359 1200 ,
373 1171 400 1194 et
416 1168 537 1202 plurimis
551 1167 689 1194 laboribus
707 1175 738 1194 ac
760 1167 903 1194 sudoribus
919 1175 986 1202 opus
1000 1172 1058 1200 est,

276 1218 356 1248 atque
371 1213 502 1240 interdum
515 1213 595 1240 etiam
609 1213 760 1240 mercedem
774 1213 926 1247 persolvere
942 1217 1057 1248 oportet,

275 1261 302 1285 et
316 1257 491 1292 perductores
509 1257 648 1290 adhibere,
664 1257 810 1292 longasque
828 1258 1058 1293 peregrinationes

275 1304 412 1338 suscipere
425 1323 432 1336 ,
453 1308 604 1338 ceteraque
621 1303 711 1330 omnia
726 1303 815 1331 facere
830 1308 856 1331 et
871 1304 943 1338 pati,
962 1304 1058 1338 quibus

274 1349 343 1376 artis
361 1349 456 1384 peritia
474 1354 649 1383 comparatur
665 1357 671 1375 :
692 1348 851 1383 sapientiam
875 1353 982 1381 autem,
999 1356 1058 1383 qua:

273 1395 398 1421 omnibus
412 1398 520 1429 prreest,
534 1402 564 1421 ac
575 1394 643 1421 bona
656 1394 746 1421 omnia
760 1394 899 1429 complexu
911 1402 961 1421 suo
974 1399 1055 1427 tenet,

273 1441 341 1468 adeo
354 1445 383 1468 ut
397 1441 453 1475 ipse
464 1447 571 1475 quoque
585 1440 663 1471 Deus,
678 1441 802 1474 quamvis
817 1440 957 1474 permultis
970 1440 1056 1468 nomi-

273 1487 351 1514 nibus
369 1490 488 1518 vocetur,
507 1485 559 1513 hoc
578 1490 667 1512 tamen
682 1486 791 1513 nomine
811 1485 957 1519 impensius
974 1493 1054 1521 quam

273 1532 335 1560 ullis
351 1531 411 1559 aliis
429 1531 588 1563 delectetur,
605 1539 662 1558 rem
676 1538 761 1565 usque
777 1532 843 1559 adeo
858 1531 943 1558 levem
957 1537 983 1558 et
994 1539 1055 1566 pro-

272 1579 363 1606 tritam
379 1586 437 1605 esse
450 1578 663 1605 existimabimus
674 1597 681 1610 ,
701 1581 729 1604 ut
744 1577 777 1604 ad
793 1577 842 1604 hoc
853 1598 860 1610 ,
879 1582 908 1604 ut
923 1577 1053 1612 quispiam

271 1624 378 1658 sapiens
396 1623 447 1655 sit,
467 1623 590 1650 voluntas
604 1623 659 1650 sola
678 1623 850 1657 requiratur?
870 1622 971 1658 Magna),
992 1631 1054 1657 pro-

270 1669 341 1696 l'eclo
365 1669 484 1696 stultitiae
509 1670 560 1696 hoc
580 1669 670 1696 fuerit.
692 1669 720 1696 Si
737 1670 792 1696 haec
808 1669 838 1697 ad
852 1677 898 1697 eos
914 1670 1034 1696 dicamus
1045 1690 1052 1702 ,

270 1721 446 1748 erroremque
463 1714 589 1749 paulatim
606 1722 798 1749 repurgemus,
822 1720 868 1741 aut
888 1714 957 1742 alius
977 1714 1052 1748 quis-

269 1759 341 1795 piam
358 1759 506 1787 doctiorum
519 1765 544 1787 et
557 1760 770 1794 prudentiorum,
786 1760 836 1787 hoc
850 1760 976 1787 nimirum
988 1760 1052 1787 illud

269 1808 349 1834 fuerit
370 1814 449 1841 supra
465 1811 554 1841 petras
572 1806 748 1839 seminare”,
766 1810 846 1840 atque
858 1806 884 1832 in
898 1813 977 1833 aures
999 1814 1051 1833 non

268 1854 434 1880 audientium
453 1853 523 1887 loqui
535 1852 568 1879 ³⁵.
586 1851 622 1879 lta
636 1859 668 1879 ne
682 1852 811 1879 hactenus
823 1852 930 1886 quidem
945 1852 1052 1886 sapien-

269 1904 309 1925 tes
323 1903 401 1930 sunt,
423 1903 452 1924 ut
466 1898 601 1925 inscitiam
615 1905 689 1924 suam
710 1897 844 1932 cognitam
867 1898 993 1924 habeant.
1014 1899 1052 1924 Ac

268 1944 333 1971 mihi
354 1944 522 1971 commodum
541 1950 600 1970 esse
621 1943 727 1969 videtur
749 1943 814 1970 illud
843 1942 995 1970 Salomonis
1019 1945 1052 1970 de

268 1990 332 2024 ipsis
345 1990 401 2024 38
416 1996 545 2024 usurpare
559 1998 565 2014 ς
585 1988 631 2014 Est
652 1989 749 2018 malum
762 1990 830 2023 quod
850 1988 903 2014 vidi
918 1988 964 2015 sub
980 1988 1050 2021 sole,

267 2036 351 2062 virum
365 2036 409 2069 qui
423 2035 472 2061 sibi
485 2036 588 2068 sapiens
603 2042 657 2060 esse
671 2035 771 2060 videtur
780 2034 803 2049 "
817 2043 824 2060 :
845 2037 872 2060 et
888 2034 958 2068 quod
977 2033 1051 2068 pejus

1113 945 1158 974 οὖν
1171 948 1309 983 ὀρχήσεως
1325 947 1374 982 μὲν
1387 947 1432 973 καὶ
1445 945 1584 981 αὑλήσεώς
1599 946 1653 981 (92)
1669 947 1727 972 ὲστι
1741 946 1900 973 διδασκαλία

1112 995 1158 1021 καὶ
1178 995 1305 1030 μάθησις,
1325 995 1372 1020 καὶ
1394 994 1491 1029 χρόνον
1506 994 1574 1029 πρὸς
1590 994 1669 1020 τοῦτο
1683 994 1732 1026 δεῖ,
1754 994 1801 1020 καὶ
1825 994 1900 1029 ἱδρώ-

1111 1049 1163 1067 των
1180 1040 1282 1075 συχνῶν
1300 1041 1347 1067 καὶ
1363 1040 1460 1071 πόνων,
1477 1040 1523 1066 καὶ
1537 1039 1648 1071 μισθοὺς
1664 1039 1825 1066 καταϐαλεῖν
1843 1040 1898 1075 (95)

1111 1085 1183 1112 ἔστιν
1199 1085 1253 1118 ὅτε,
1276 1085 1322 1111 καὶ
1339 1084 1527 1120 προσαγωγῶν
1543 1084 1598 1119 (94)
1614 1084 1753 1120 δεηθῆναι,
1769 1085 1816 1111 καὶ
1832 1085 1898 1111 ἀπο-

1110 1131 1231 1166 δημῆσαι
1252 1130 1419 1166 μακρότερα,
1434 1131 1481 1156 καὶ
1496 1130 1579 1157 τᾶλλα
1595 1130 1650 1166 (95)
1669 1130 1703 1156 τὰ
1719 1130 1767 1165 μὲν
1787 1131 1898 1165 ποιῆσαι

1110 1178 1208 1211 πάντα,
1225 1177 1258 1204 τὰ
1280 1177 1308 1204 δὲ
1326 1178 1431 1209 παθεῖν,
1446 1175 1485 1208 οἷς
1504 1177 1634 1213 ἐμπειρία
1659 1176 1831 1210 συλλέγεταιο
1847 1177 1897 1211 τὴν

1109 1224 1137 1250 δὲ
1163 1223 1268 1258 σοφίαν,
1289 1223 1305 1258 ἢ
1327 1224 1408 1249 πᾶσιν
1433 1223 1573 1249 ἐπιστατεῖ
1598 1222 1668 1258 (96),
1687 1222 1734 1249 καὶ
1758 1222 1846 1249 πάντα
1868 1223 1896 1248 ἐν

1109 1272 1191 1306 ἑαυτῇ
1211 1271 1245 1297 τὰ
1269 1270 1338 1297 καλὰ
1361 1270 1528 1297 συλλαϐοῦσα
1550 1270 1606 1305 (97)
1629 1270 1700 1305 ἔχει,
1723 1269 1760 1301 ὼς
1784 1270 1829 1296 καὶ
1851 1269 1897 1296 τὸν

1108 1316 1174 1343 Θεὸν
1186 1316 1265 1343 αὐτὸν
1280 1316 1358 1342 τοῦτο
1371 1315 1469 1351 μᾶλλον
1482 1316 1499 1350 ἣ
1515 1324 1541 1341 τι
1554 1314 1618 1341 ἄλλο
1634 1315 1738 1350 χαίρειν
1752 1314 1895 1345 ἀκούοντα,

1108 1362 1201 1397 ἐπειδὴ
1223 1363 1345 1388 καλεῖται
1370 1361 1476 1392 πολλοῖς
1498 1360 1636 1395 ὀνόμασιν,
1661 1360 1731 1387 οὕτω
1752 1359 1851 1394 κοῦφόν
1869 1368 1895 1386 τι

1108 1407 1154 1432 καὶ
1176 1406 1367 1440 πεπατημένον
1384 1407 1499 1441 πρᾶγμα
1524 1405 1731 1441 ὑποληψόμεθα,
1756 1404 1826 1431 ὥστε
1850 1404 1894 1430 θε-

1107 1453 1187 1488 λῆσαι
1200 1453 1254 1479 δεῖν
1269 1453 1324 1488 (98)
1346 1452 1425 1487 μόνον
1439 1452 1487 1478 καὶ
1509 1449 1577 1478 εἶναι
1603 1452 1701 1486 σοφόν;
1718 1452 1820 1486 Πολλῆς
1838 1451 1894 1486 (99)

1106 1499 1183 1526 τοῦτο
1204 1500 1253 1534 τῆς
1272 1498 1417 1535 ἀμαθείας.
1430 1499 1477 1524 Ἂν
1492 1497 1579 1525 ταῦτα
1594 1498 1716 1533 λέγωμεν
1732 1499 1836 1529 αὐτοῖς,
1847 1498 1895 1524 καὶ

1107 1545 1176 1572 κατὰ
1197 1545 1294 1580 μικρὸν
1314 1544 1363 1581 τὴν
1382 1544 1486 1579 πλάνην
1508 1543 1734 1579 ἀνακαθαίρωμεν
1753 1544 1801 1578 (1),
1820 1543 1836 1578 ἡ
1852 1551 1894 1575 τις

1108 1591 1186 1622 ἄλλος
1210 1591 1263 1617 τῶν
1289 1590 1494 1626 εὐμαθεστέρων
1522 1590 1569 1616 κα)⁸
1594 1588 1793 1625 συνετωτέρων,
1815 1586 1893 1615 τοῦτο

1107 1638 1193 1663 ἐκεῖνο
1217 1636 1287 1663 κατὰ
1310 1636 1416 1672 πετρῶν
1442 1636 1573 1671 σπείρειν,
1596 1635 1643 1661 καὶ
1665 1635 1754 1661 λαλεῖν
1775 1635 1815 1666 είς
1836 1631 1892 1660 ὦτα

1109 1683 1146 1718 μὴ
1167 1683 1329 1709 ἀκουόντων.
1345 1682 1438 1714 Οὕτως
1466 1682 1518 1708 οὐδ’
1533 1681 1598 1707 αὐτὸ
1625 1680 1703 1707 τοῦτό
1723 1682 1775 1707 είσι
1804 1680 1891 1715 σοφοὶ,

1105 1728 1155 1765 τὴν
1171 1729 1273 1755 ἑαυτῶν
1297 1727 1439 1762 γινώσκειν
1465 1727 1652 1754 ἀπαιδευσίαν.
1674 1726 1730 1753 Καί
1753 1735 1797 1761 μοι
1819 1725 1893 1753 δοκεί

1106 1774 1195 1806 καλῶς
1221 1775 1292 1810 ἔχειν
1316 1774 1347 1800 τὺ
1371 1774 1417 1801 τοῦ
1448 1773 1620 1808 Σολομῶντος
1650 1773 1713 1807 περὶ
1742 1771 1830 1799 αὐτῶν
1849 1772 1891 1797 εἰ·

1105 1823 1165 1848 πεῖν
1178 1822 1216 1856 (Ξ)
1226 1830 1232 1836 ⁸
1251 1821 1333 1847 Ἐστι
1352 1820 1489 1853 πονηρία,
1504 1818 1544 1852 ἢν
1556 1817 1638 1845 εἶδον
1652 1817 1710 1845 ὑπὸ
1724 1818 1776 1844 τὸν
1792 1817 1889 1851 ἣλιον,

1105 1867 1198 1901 ἄνδρα
1219 1867 1349 1898 δόξαντα
1374 1867 1440 1899 παρ’
1463 1864 1558 1897 ἑαυτῷ
1583 1864 1680 1898 σοφεν
1704 1861 1795 1890 εἶναι·
1812 1862 1859 1890 καὶ
1875 1864 1890 1890 ὃ

1105 1911 1199 1937 τούτου
1226 1910 1416 1945 πονηρότερον,
1444 1909 1581 1936 παιδεύειν
1611 1909 1705 1940 ἄλλους
1740 1916 1889 1935 πεπιστευ-

1107 1957 1184 1992 μένον
1208 1957 1254 1983 τὺν
1281 1956 1347 1992 μηδὲ
1375 1956 1425 1990 τῆς
1443 1956 1546 1987 οἰκείας
1564 1955 1698 1991 ἀμαθείας
1725 1954 1889 1982 ἐπαισθανό-

1106 2011 1193 2038 μενον.

267 2088 318 2114 est,
334 2082 401 2109 alios
415 2081 578 2109 erudiendos
592 2081 721 2115 suscepit,
738 2081 782 2115 qui
799 2087 832 2107 ne
846 2080 981 2108 inscitiam
997 2082 1107 2116 quidem
1123 2089 1199 2110 suam
1215 2081 1355 2116 persentit.

302 2150 325 2165 "
337 2148 402 2176 Luc.
419 2156 477 2180 vui,
489 2147 515 2174 6.
553 2147 574 2163 ⁸⁵
589 2147 670 2174 Ercli.
691 2155 754 2179 xxv,
770 2147 809 2173 12.
849 2147 871 2162 ⁸⁵
886 2146 974 2173 Eccle.
994 2155 1021 2178 κ.
1035 2147 1052 2174 5

1109 2155 1169 2175 τον.
1183 2155 1257 2180 xxvt,
1273 2148 1315 2174 12.

300 2208 355 2243 (87)
375 2207 584 2241 Πνευματικοί.
602 2206 632 2243 ln
656 2206 775 2240 margine
797 2206 873 2234 Colb.
898 2206 958 2232 καθ’
983 2206 1048 2232 ὑπό-

266 2251 367 2278 κρισιν,
385 2252 394 2268 t
410 2251 462 2278 per
474 2242 640 2278 hypocrisiin
653 2249 683 2267 ac
697 2243 768 2268 licte.
790 2251 799 2267 ι

300 2278 357 2312 (88)
374 2277 508 2305 Μᾶλλον.
535 2277 613 2303 Deest
634 2276 662 2302 in
677 2281 788 2312 septeni
821 2276 903 2311 chg.
933 2276 1047 2310 aliisque

264 2311 410 2352 nonnullis.
441 2312 550 2346 Legitur
567 2316 655 2338 tamen
675 2311 701 2337 in
715 2312 834 2345 pluribus
856 2312 963 2345 optione
978 2318 1047 2338 notae

265 2348 411 2374 codicibus.

300 2383 355 2417 (89)
376 2380 609 2415 Πμιίηόἀζοντες.
626 2379 671 2406 Sic
684 2379 766 2414 Regg.
783 2380 809 2417 υ,
828 2380 848 2417 |._
865 2387 900 2412 m,
917 2379 994 2417 >Colb.
1009 2387 1046 2417 in,

264 2415 329 2449 etc},
346 2415 420 2451 cujus
437 2417 508 2442 Vocis
528 2416 567 2441 vis
582 2417 637 2451 [nec
653 2419 704 2447 est,
724 2424 737 2451 (ν
757 2415 1047 2451 ratiocinandograda-

266 2453 312 2479 tim
329 2449 462 2486 urgentes.
483 2460 491 2486 ι
508 2450 557 2486 Alii
573 2450 679 2476 codices
697 2450 796 2477 habent
821 2449 1044 2484 συμϐιϐάζοντες.

264 2487 312 2514 Ed.
331 2485 390 2513 llas.
407 2485 642 2522 προσῦίὸέιζοντεςε

283 2522 356 2565 ’(90)
379 2522 409 2549 Tt
424 2518 483 2548 δαί.
497 2520 621 2553 Plerique
636 2518 718 2553 licgg.
739 2518 794 2547 Jes.
818 2523 845 2546 et
864 2519 955 2555 plures
969 2519 1043 2547 Colb.

262 2557 353 2628 ἶιὲῗί)
373 2588 415 2628 Εὖ
430 2588 495 2628 οἷδ’,
511 2586 548 2615 Εὖ
561 2587 636 2614 deest
661 2587 687 2614 in
699 2592 814 2622 quatuor
831 2588 927 2623 ηοω,
943 2593 1045 2623 septem

261 2626 336 2654 Colb.
354 2632 380 2654 et
394 2626 440 2653 0r.
463 2626 487 2652 1.

269 2696 274 2697 γ
296 2662 352 2697 (92)
372 2661 426 2688 Καὶ
437 2660 604 2695 αὐλήσεως,
621 2666 674 2689 etc.
690 2660 735 2688 Sic
749 2659 841 2686 Horat.
855 2658 915 2684 Arte
935 2664 1002 2693 pael.
1019 2666 1043 2685 ιν.

261 2696 313 2724 413
330 2702 424 2731 etseq-
619 2732 670 2764 Qui
687 2730 782 2766 pyihia
796 2732 885 2756 εαηιαι

297 2766 414 2799 Tibicen,
426 2767 517 2794 didicit
534 2768 617 2801 prius,
629 2763 807 2800 festiniuitque
827 2763 990 2797 magistrum.

295 2801 352 2828 Nec
369 2803 432 2828 satis
449 2808 484 2827 est
497 2803 604 2835 dixisse,
619 2810 664 2836 ego
679 2801 745 2828 mira
761 2804 880 2836 poemata
896 2806 992 2832 pango.

295 2835 351 2870 (95)
368 2837 560 2863 Καταϐαλεῖν.
577 2835 672 2864 Conib.
689 2835 876 2863 καταϐάλλειν.

296 2871 352 2902 litt)
372 2871 585 2905 Προσαγωγών.
597 2869 690 2901 Comb.
707 2882 716 2898 (
731 2872 776 2906 qui
790 2871 890 2897 aditum
904 2872 1042 2904 praestent,

1102 2205 1298 2233 conciliatores.
1317 2215 1326 2231 ι
1348 2204 1407 2232 Bill.
1427 2204 1512 2240 prima
1534 2204 1662 2238 editione,
1682 2213 1692 2230 ι
1713 2204 1889 2231 commendas

1065 2234 1086 2261 Ῑ)
1101 2245 1183 2267 tores.
1203 2249 1212 2266 ι

1137 2274 1192 2336 (95)
1211 2275 1317 2315 Titias.
1336 2275 1362 2301 ln
1377 2274 1443 2309 Reg.
1461 2280 1479 2307 t,
1498 2275 1667 2317 desideratur
1683 2283 1689 2301 :
1705 2274 1731 2301 in
1741 2273 1807 2306 Reg.
1824 2273 1842 2304 l.
1859 2279 1888 2300 et

1137 2310 1175 2336 ab.
1193 2318 1230 2336 m.
1243 2311 1338 2336 lenitur
1353 2317 1359 2335 ε
1377 2310 1432 2336 Καὶ
1455 2310 1490 2336 τὰ
1517 2318 1565 2336 μεν
1585 2318 1705 2336 ποιησαι.
1728 2309 1763 2335 τὰ
1787 2309 1816 2335 δὲ
1837 2317 1888 2335 πα-

1100 2309 1175 2371 ξοιὺ.
1193 2318 1230 2342 m,
1243 2311 1338 2345 legitur
1353 2317 1359 2335 ε
1377 2310 1432 2336 Καὶ
1455 2310 1490 2337 τὰ
1516 2310 1565 2345 μὲν
1585 2310 1705 2345 ποιῆσαι,
1728 2309 1763 2335 τὰ
1787 2309 1816 2335 δὲ
1837 2317 1890 2335 πα-

1117 2353 1166 2372 ειν.

1136 2380 1192 2415 (96)
1218 2379 1394 2407 Ἐπιστατεὶ
1412 2389 1421 2405 ι

1100 2414 1146 2442 net
1158 2414 1252 2450 (Eccli.
1270 2423 1342 2445 xxtv,
1355 2415 1408 2450 l0).
1430 2424 1439 2441 ι

1136 2447 1191 2485 (9‘7)
1211 2447 1421 2477 Συλλαδοῦοέα.
1450 2449 1489 2477 lla
1513 2450 1596 2485 Regg.
1623 2449 1670 2481 liu,
1696 2448 1721 2482 1,
1752 2452 1779 2474 et
1806 2447 1886 2475 Colb.

1100 2485 1126 2519 δ’
1136 2494 1191 2556 (δὲ)
1211 2520 1286 2547 Δεῖν.
1301 2520 1347 2556 Sic
1362 2520 1429 2555 Reg.
1441 2520 1459 2546 l.
1470 2521 1498 2556 in
1513 2520 1556 2547 ed.
1568 2520 1617 2547 δεῖ.

1135 2552 1190 2590 (99)
1210 2555 1341 2589 Πολλῆς.
1365 2552 1445 2582 Addit
1468 2555 1549 2582 Monl.
1564 2555 1658 2586 ὅντως.
1676 2552 1887 2590 ῩθγτιίινΒῘΠὶιιε.

1103 2599 1111 2615 ι
1131 2598 1232 2625 magna:
1247 2590 1350 2622 Hercle,
1367 2600 1376 2616 ›
1396 2598 1476 2624 quam
1487 2597 1580 2617 vocent
1603 2597 1654 2616 non
1669 2589 1734 2625 satis
1753 2589 1888 2625 piam__ex-

1100 2621 1254 2678 p't‘tlils’i'mus.
1272 2625 1339 2658 Quid
1357 2621 1428 2652 eniin
1453 2625 1607 2653 Christiano
1629 2631 1690 2651 cum
1713 2621 1802 2657 jurato
1816 2621 1886 2649 Her-

1099 2660 1182 2730 cuiet?)
1216 2695 1475 2730 Ἄνακαθαίρωμεν.
1510 2703 1519 2720 ι
1552 2694 1708 2730 Expurgare
1738 2692 1888 2720 tentaveri-

1099 2737 1171 2799 ωιὲ)
1191 2739 1261 2798 ἱῖερὶ
1283 2764 1381 2791 αὐτῶν
1403 2764 1546 2792 starent-.15
1575 2763 1643 2791 ordo
1674 2763 1815 2799 verborum
1843 2766 1888 2799 est

1099 2797 1266 2840 iq'melioris
1285 2805 1355 2827 nota:
1371 2801 1519 2828 codicibus.
1537 2800 1566 2827 lu
1579 2799 1622 2827 ed.
1640 2799 1727 2825 εἰπεῖν
1747 2798 1812 2833 περὶ
1831 2797 1886 2824 αὺ-

1097 2843 1161 2862 των.

1441 2380 1505 2413 Quae
1516 2379 1542 2407 in
1554 2380 1679 2408 omnibus
1689 2379 1834 2414 primatum
1848 2382 1889 2405 te-
