2070 3135
188 163 238 190 461

753 165 880 193 ORATIO
902 166 933 193 ll.
953 181 987 187 —-
1008 166 1257 195 APOLOGETICA.

1758 166 1810 196 462

223 220 288 248 NA'.
306 221 391 249 Τοῦτο
416 222 540 258 δακρύων
565 224 614 258 μὲν
641 223 687 250 καὶ
707 224 876 260 στεναγμῶν,
897 225 975 259 εἴπερ

1062 223 1104 251 LI.
1124 224 1181 251 Hoc
1191 224 1289 251 malum
1305 223 1430 260 lacrymis
1449 223 1557 258 quidem
1579 230 1606 251 et.
1624 223 1760 258 luctibus,
1787 226 1810 252 si

189 278 217 296 τι
239 268 313 301 ἄλλο,
329 268 359 294 τὺ
384 268 468 300 πάθος
484 269 575 302 ἄξιον·
591 270 605 296 ὃ
621 270 668 296 καὶ
690 269 819 302 πολλάκις
840 270 895 304 ἐγὼ
916 279 976 297 κατ-

191 315 309 351 ηλέησα,
325 311 355 342 εὖ
370 315 458 348 εἰδὼς,
471 315 512 342 ὅτι
523 315 554 342 τὸ
577 315 680 343 οἴεσθαι
696 316 743 343 τοῦ
766 315 835 343 εἶναι
849 316 880 343 τὺ
901 316 976 343 πλεῖ-

188 369 249 387 στον
265 361 434 396 ἀφαιρεῖται,
449 361 497 387 καὶ
515 361 586 396 μέγα
601 363 657 393 τοῖς
681 362 835 397 ἀνθρώποις
856 363 872 397 ἡ
897 370 975 389 κενο-

187 405 261 437 δοξία
282 405 322 440 (5)
341 406 409 441 πρὸς
432 405 531 442 ἁοετὴν
555 406 699 441 ἐμπόδιον·
724 406 850 433 ἰάσασθαι
874 407 903 433 δὲ
929 407 976 434 καὶ

190 450 286 486 στῆσαι
300 450 349 486 τὴν
368 453 444 478 νόσον
459 451 563 487 Πέτρου
579 452 611 479 ἂν
628 451 665 488 (4)
682 452 725 487 εἴη
740 452 814 484 τινὸς
828 452 844 487 ἣ
858 452 974 484 Παύλου,

189 496 245 523 τῶν
267 496 393 532 μεγάλων
414 497 532 532 Χριστοῦ
554 497 692 532 μαθητῶν,
710 498 757 524 καὶ
780 498 849 533 μετὰ
874 498 924 533 τῆς
948 499 977 525 ὲν

188 541 261 577 λόγῳ
291 541 339 568 καὶ
369 540 443 576 ἔργῳ
476 542 669 577 κυϐερνήσεως
696 543 845 578 εἰληφότων
873 543 903 570 τὸ
922 543 975 578 χά-

192 596 277 623 ρισμα
298 587 355 623 (5).
379 588 426 614 καὶ
449 588 516 614 πᾶσι
539 588 629 615 πάντα
660 588 821 623 γινομένων,
844 589 888 616 ἵνα
914 589 976 621 τοὺς

190 633 294 666 πάντας
311 633 349 669 (6)
365 633 548 669 κερδήσωσιν·
571 634 636 669 ἡμῖν
653 634 682 660 δὲ
703 635 760 665 τοῖς
779 634 869 666 ἄλλοις
892 635 974 670 μέγα,

190 678 242 706 κᾶν
256 679 281 705 ει
301 678 390 710 καλῶς
413 678 610 714 κυϐερνοιμεθα
627 679 674 706 καὶ
693 679 827 715 ἀγοίμεθα
843 679 910 716 πρὸς
925 680 977 706 τῶν

191 724 356 760 ἐπανορθοῦν
384 724 419 751 τὰ
443 724 556 751 τοιαῦτα
579 725 626 751 καὶ
651 724 799 751 διευθύνειν
828 733 976 752 πεπιστευ-

192 771 290 806 μένων.

226 858 290 885 NBF.
317 857 386 884 Ἀλλ’
404 858 498 894 ἐπειδή
515 867 547 893 γε
567 858 736 897 Παύλουικαὶ
755 859 809 887 τῶν
826 861 886 887 κατ’
907 861 978 887 ἐκεῖ·

190 911 236 930 νον
259 902 444 938 ἐμνήσθημεν,
465 903 597 938 ἀφέντες,
624 905 648 931 εἰ
678 904 765 938 δοκεῖ,
791 906 854 938 τοὺς
884 906 979 939 ἄλλους

191 950 327 982 ἃπαντας,
351 950 408 976 ὅσοι
431 949 501 976 κατὰ
528 949 730 987 νομοθεσίαν,ἢ
759 952 936 988 προφητείαν,
961 953 977 988 ἦ

192 995 368 1031 στρατηγίαν,
390 996 407 1031 ἧ
427 1004 489 1023 τινα
506 996 634 1032 τοιαύτην
656 996 739 1033 ἀλλην
761 998 917 1034 οἰκονομίαν
932 999 977 1025 τοῦ

191 1041 257 1069 λαοῦ
278 1041 498 1078 προεϐλήθησαν,
521 1040 577 1068 οἷον
606 1042 652 1069 τὸν
673 1043 787 1078 Μωσῆν,
808 1044 854 1070 τὸν
872 1044 979 1080 Ἀαρὼν

191 1089 305 1122 ἐκεῖνον,
318 1088 363 1114 τὺν
380 1087 493 1123 Ἰησοῦν,
503 1088 549 1114 τὸν
563 1088 668 1120 Ἠλίαν,
680 1089 725 1115 τὸν
742 1090 904 1125 Ἐλισσαῖον,
915 1092 978 1124 τοὺς

191 1134 298 1171 κριτὰς,
318 1134 363 1161 τὸν
381 1134 518 1170 Σαμουὴλ,
536 1135 582 1161 τὸν
605 1135 696 1167 Δαϐὶδ,
713 1136 766 1163 τῶν
780 1138 926 1174 προφητῶν
948 1138 979 1165 τὸ

192 1185 307 1221 πλῆθος,
319 1185 366 1212 τὸν
380 1184 518 1220 Ἰωάννην,
532 1186 595 1216 τοὺς
609 1185 712 1211 δώδεκα
728 1183 851 1220 μαθητὰς
861 1185 923 1216 τοὺς
936 1185 978 1211 ἐπ’

193 1231 307 1262 ἐκεινοις
329 1230 442 1267 ὕστερον
467 1231 516 1266 (7),
539 1231 563 1257 οἳ
577 1230 683 1262 πολλοῖς
704 1229 798 1266 ἱδρῶσι
819 1230 867 1256 καὶ
887 1230 980 1261 πόνοις

192 1277 329 1312 διεξῆλθον
342 1277 391 1312 τὴν
409 1276 576 1312 προστασίαν
592 1276 662 1303 κατὰ
674 1277 737 1308 τοὺς
749 1276 851 1303 ἑαυτῶν
867 1276 980 1311 χρόνους

193 1323 317 1350 ἕκαστοι·
334 1322 444 1354 τούτους
456 1322 625 1358 ὑπερϐάντες
643 1322 778 1354 ἃπαντας,
797 1322 904 1349 Παῦλον
917 1331 981 1357 προ-

195 1368 358 1405 στησώμεθα
370 1368 448 1404 μόνον
459 1369 504 1395 τοῦ
519 1369 598 1403 λόγου
609 1368 754 1404 συνίστορα
768 1367 818 1404 (8),
832 1368 883 1395 κᾶν
894 1368 980 1404 τούτῳ

194 1414 386 1450 θεωρήσωμεν,
399 1414 460 1441 ὅσον
474 1414 532 1440 ἐστὶ
547 1414 593 1440 καὶ
606 1413 698 1449 ψυχῶν
714 1413 752 1448 (9)
767 1413 920 1448 ἐπιμέλεια,
933 1413 980 1440 καὶ

193 1461 219 1487 εἰ
245 1460 374 1496 βραχείας
405 1461 453 1496 τῆς
475 1459 708 1496 πραγματείας,ῆ
728 1461 829 1496 μικρᾶς
846 1461 895 1496 τῆς
916 1469 979 1487 συν-

195 1506 290 1539 έσεως.
307 1507 351 1539 Ὠς
374 1506 407 1533 ἂν
421 1506 449 1533 δὲ
464 1507 551 1542 ῥᾷστα
565 1507 643 1533 τοῦτο
658 1507 787 1542 γνοίημεν
803 1508 850 1533 καὶ
863 1507 980 1533 κατίδοι-

196 1563 256 1590 μεν,
269 1553 296 1580 τί
310 1553 415 1586 Παῦλος
425 1554 505 1586 αὐτὸς
520 1553 584 1589 περὶ
594 1553 703 1580 Παύλου
716 1554 794 1588 φησὶ,
807 1553 978 1588 ἀκούσωμεν.
994 1565 1016 1595 c

227 1600 291 1628 NI".
318 1601 369 1627 Ἐὦ
395 1600 484 1634 λέγειν
511 1600 566 1636 (10)
596 1600 658 1632 τοὺς
683 1600 796 1633 πόνους,
823 1599 872 1631 τὰς
895 1599 981 1635 ἀγρυ-

192 1646 284 1679 πνίας,
300 1647 362 1678 τοὺς
383 1646 493 1680 φόϐους,
508 1646 557 1678 τὰς
574 1647 602 1672 ὲν
619 1646 691 1681 λιμῴ
707 1647 754 1672 καὶ
773 1645 844 1680 δίψει
859 1654 983 1672 κακοπα-

194 1692 281 1724 θείας,
291 1692 340 1723 τὰς
346 1693 374 1720 ὲν
382 1692 462 1727 ψύχει
471 1692 519 1719 καὶ
530 1692 584 1728 (Η)
595 1693 624 1719 ὲν
634 1692 795 1728 γυμνότητι,
811 1693 874 1723 τοὺς
884 1691 982 1724 ἔξωθεν

193 1738 428 1772 ἐπιϐουλεύοντας,
445 1738 507 1770 τοὺς
523 1738 628 1765 ἔνδοθεν
644 1739 888 1774 ἀντιπράττοντας.
920 1738 983 1772 Ἀφ-

196 1785 257 1820 ιημι
275 1785 338 1816 τοὺς
359 1784 506 1819 διωγμοὺς,
527 1783 562 1810 τὰ
578 1784 712 1820 συνέδρια,
736 1784 770 1811 τὰ
792 1784 981 1820 δεσμωτήρια,

192 1830 230 1858 τὰ
247 1830 350 1866 δεσμὰ,
376 1830 439 1862 τοὺς
460 1830 639 1866 κατηγόρους,
662 1830 696 1857 τὰ
717 1830 896 1866 δικαστήρια,
919 1831 982 1861 τοὺς

192 1875 254 1903 καθ’
267 1876 372 1912 ἡμέραν
385 1876 432 1902 καὶ
444 1874 518 1910 ὥραν
532 1875 674 1909 θανάτους,
689 1875 738 1912 τὴν
753 1875 903 1912 σαργάνην,
919 1877 983 1907 τοὺς

192 1922 360 1958 λιθασμοὺς,
388 1923 451 1953 τοὺς
476 1921 658 1959 ῥαϐδισμοὺς,
681 1922 731 1957 τὴν
758 1921 893 1957 περίοδον,
920 1921 983 1953 τοὺς

193 1969 265 1996 κατὰ
280 1969 333 2005 γῆν
351 1970 499 2003 κινδύνους,
515 1969 579 2001 τοὺς
596 1967 666 1995 κατὰ
692 1967 841 1999 θάλασσαν,
866 1966 913 1993 τὸν
936 1964 983 2002 βυ-

195 2014 252 2045 θὸν,
265 2015 299 2041 τὰ
313 2015 441 2050 ναυάγια,
457 2015 596 2046 κινδύνους
620 2013 761 2047 ποταμῶν,
782 2012 920 2044 κινδύνους
940 2011 984 2047 λῃ-

195 2060 277 2093 στῶν,
296 2061 435 2093 κινδύνους
454 2062 486 2088 ὲκ
501 2061 611 2095 γένους,
631 2059 771 2090 κινδύνους
785 2058 815 2085 ὲν
836 2057 983 2093 ψευδαδέλ-

195 2115 266 2141 φοις,
287 2108 332 2134 τὸν
350 2109 382 2135 ὲκ
403 2108 504 2144 χειρῶν
528 2107 594 2143 βίον,
608 2106 639 2132 τὸ
655 2105 791 2132 ἀδάπανον
805 2104 982 2138 Εὐαγγέλιον,

194 2153 233 2185 ὠς
256 2153 311 2190 (ιε)
334 2153 447 2190 θέατρον
468 2151 501 2190 ἦν
521 2154 569 2180 καὶ
590 2152 715 2188 ἀγγέλοις
743 2152 791 2178 καὶ
813 2150 981 2186 ἀνθρώποις,

196 2198 280 2233 μέσος
306 2199 373 2225 Θεοῦ
398 2200 444 2226 καὶ
469 2199 619 2235 ἀνθρώπων
644 2197 804 2233 ἰστάμενος’
837 2195 908 2232 ὑπὲρ
935 2196 984 2231 μὲν

1027 270 1098 303 quod
1112 270 1200 301 aliud,
1213 269 1322 304 dignum
1340 275 1398 303 est;
1416 270 1487 304 quod
1501 269 1581 297 etiam
1597 269 1655 305 ipse
1671 277 1743 305 saepe
1762 270 1812 296 mi-

1028 319 1133 342 seratus
1147 322 1206 342 sum
1216 335 1224 347 ,
1240 323 1292 342 non
1307 316 1435 350 ignorans
1449 315 1602 350 opinionem
1619 315 1762 350 plurimum
1778 314 1812 343 de

1028 367 1057 387 re
1071 360 1127 395 ipsa
1142 360 1264 394 auferre,
1292 360 1435 396 inanisque
1449 362 1541 396 gloriae
1559 362 1676 389 studium
1694 361 1811 389 homini-

1027 405 1076 433 bus
1091 413 1188 440 magno
1205 407 1237 434 ad
1251 406 1378 435 virtutem
1394 407 1587 443 impedimento
1600 415 1671 436 esse.
1688 400 1811 436 Morbum

1027 457 1117 480 autem
1142 460 1238 480 sanare
1264 461 1296 480 ac
1313 461 1479 488 reprunere,
1497 446 1569 482 Petri
1589 455 1742 489 cujusdam,
1764 459 1812 482 aut

1026 496 1102 524 Pauli
1117 497 1216 531 fuerit,
1234 506 1412 533 magnorum,
1434 500 1561 534 inquam,
1580 499 1686 526 illorum
1709 492 1810 526 Christi

1028 541 1237 576 discipulorum,
1259 543 1305 577 qui
1323 550 1374 570 una
1390 551 1451 570 cum
1476 544 1686 577 gubernatione,
1705 541 1770 571 tam'
1785 544 1810 570 in

1029 593 1154 615 sermone
1170 595 1250 622 quam
1266 588 1290 615 in
1305 594 1396 623 opere,
1412 589 1524 624 gratiam
1539 591 1710 624 acceperunt,
1724 589 1811 617 omni-

1012 651 1015 654 ι
1027 632 1132 668 busque
1146 635 1235 662 omnia
1253 635 1316 662 facti
1333 640 1406 668 sunt,
1426 640 1456 663 ut
1468 644 1563 664 omnes
1577 636 1768 664 lucrifacerent
1776 636 1811 661 ’7.

1028 677 1112 706 Nobis
1124 684 1212 707 autem
1228 679 1288 707 aliis
1314 689 1441 716 magnum
1457 686 1536 716 atque
1549 681 1666 716 amplum
1682 681 1772 713 fuerit,
1788 681 1811 708 si

1028 723 1062 751 ab
1076 724 1127 757 iis,
1144 725 1241 760 quibus
1258 727 1485 754 emendandarum
1501 732 1528 754 et
1542 727 1742 762 dirigendarum
1762 727 1814 754 hu-

1026 769 1144 804 iusmodi
1164 779 1254 799 rerum
1275 780 1338 799 cura
1359 774 1502 801 commissa
1518 778 1576 806 est,
1593 779 1664 800 recte
1680 772 1813 808 guberne—

1029 823 1090 843 mur
1108 820 1188 853 atque
1206 818 1343 845 ducamur.

1065 860 1118 887 Lll.
1139 861 1178 888 Ac
1190 863 1316 896 quoniam
1331 862 1416 894 Pauli,
1431 863 1541 897 ejusque
1556 863 1682 890 similium
1696 862 1812 890 mentio-

1031 912 1091 932 nem
1107 905 1230 940 fecimus,
1247 900 1363 939 relictis,
1376 908 1399 935 si
1415 908 1451 935 ita
1469 909 1584 942 videtur,
1600 909 1725 936 omnibus
1741 908 1813 939 aliis,

1031 952 1076 986 qui
1092 952 1126 979 ob
1143 952 1215 988 leges
1232 953 1366 988 ferendas,
1380 954 1422 982 vel
1435 955 1470 982 ob
1483 955 1630 990 prophetiae
1643 961 1756 988 munus,
1771 945 1814 981 vel

1030 996 1065 1023 ob
1081 996 1118 1023 rei
1137 997 1261 1025 militaris
1275 999 1434 1033 imperium,
1455 1000 1496 1027 vel
1516 1000 1550 1028 ob
1566 999 1645 1027 aliam
1669 1000 1813 1034 quamdam

1030 1043 1161 1078 ejusmodi
1185 1044 1464 1078 administrationem,
1484 1046 1576 1080 populi
1601 1046 1735 1073 antistites
1757 1045 1816 1072 fue-

1030 1096 1102 1123 runt,
1115 1090 1188 1118 velut
1198 1090 1406 1122 Moses,Aaron.
1415 1091 1506 1125 Josue,
1516 1091 1597 1124 Elias,
1606 1092 1729 1123 Elisaeus,
1739 1090 1815 1118 Judi-

1030 1144 1086 1170 ces,
1094 1136 1212 1168 Samuel,
1223 1136 1316 1169 David,
1328 1138 1520 1171 prophetarum
1533 1137 1688 1167 multitudo.
1698 1136 1816 1164 Joannes

1030 1183 1170 1210 duodecim
1191 1183 1317 1217 apostoli,
1332 1190 1480 1217 eorumque
1499 1183 1612 1218 posteri,
1629 1184 1674 1218 qui
1689 1191 1742 1211 non
1757 1184 1817 1210 sine

1030 1229 1123 1257 multis
1148 1229 1284 1257 laboribus
1310 1234 1337 1256 et
1365 1229 1507 1257 sudoribus
1530 1230 1696 1264 praefectum
1719 1237 1817 1256 munus

1030 1277 1085 1304 suis
1110 1277 1223 1311 quisque
1243 1276 1409 1310 temporibus
1431 1276 1576 1309 obierunt;
1606 1276 1663 1309 his,
1688 1277 1816 1311 inquam,

1030 1323 1157 1351 omnibus
1168 1323 1357 1358 praetermissis
1367 1344 1375 1356 ,
1395 1322 1506 1350 Paulum
1521 1330 1604 1350 unum
1622 1323 1755 1350 sermonis
1769 1331 1818 1350 no—

1031 1370 1080 1398 stri
1103 1369 1242 1398 conscium
1258 1369 1444 1404 proferamus,
1463 1373 1545 1402 atque
1560 1369 1587 1395 in
1603 1376 1653 1400 eo,
1670 1374 1770 1403 quanta
1790 1374 1818 1396 et

1030 1414 1117 1449 qualis
1131 1422 1174 1442 res
1189 1414 1224 1442 sit
1238 1414 1391 1441 animarum
1404 1420 1467 1440 cura
1481 1434 1489 1445 ,
1511 1417 1538 1440 et
1554 1421 1587 1441 an
1601 1421 1696 1448 parum
1717 1414 1817 1448 negotii

1030 1468 1181 1497 parumque
1202 1460 1320 1488 solertiae
1343 1460 1481 1494 requirat,
1502 1461 1715 1488 consideremus.
1742 1461 1818 1494 Quod

1031 1514 1084 1541 quo
1100 1507 1206 1534 facilius
1220 1506 1332 1541 intelligi
1345 1506 1515 1540 perspicique
1530 1507 1624 1542 possit,
1638 1507 1702 1542 quid
1719 1506 1818 1534 Paulus

1033 1552 1090 1586 ipse
1105 1552 1138 1579 de
1153 1551 1236 1578 Paulo
1250 1551 1338 1584 dicat,
1360 1551 1509 1578 audiamus.

1069 1598 1132 1626 Llll.
1153 1597 1230 1625 Mitto
1246 1597 1366 1631 labores,
1381 1597 1503 1631 vigilias,
1522 1598 1649 1630 timores,
1662 1598 1818 1626 vexationes

1033 1645 1061 1672 in
1074 1645 1145 1672 fame
1159 1649 1186 1671 et
1200 1644 1260 1676 siti,
1275 1644 1302 1671 in
1317 1643 1417 1677 frigore
1432 1647 1460 1670 et
1476 1643 1640 1675 nuditate”,
1654 1651 1701 1670 eos
1715 1644 1759 1677 qui
1778 1644 1817 1670 vel

1033 1695 1145 1718 exterae
1156 1689 1365 1722 insidiabantur,
1377 1689 1420 1716 vel
1434 1689 1539 1716 interne
1552 1689 1727 1716 obsistebant.
1743 1689 1818 1716 Mitto

1032 1736 1244 1770 persecutiones,
1262 1734 1393 1766 concilia,
1412 1741 1551 1765 carceres,
1567 1734 1688 1766 vincula,
1707 1741 1816 1762 accusa-

1033 1786 1116 1813 tores,
1135 1780 1292 1812 tribunalia,
1306 1784 1407 1806 mortes
1419 1779 1444 1805 in
1460 1778 1519 1806 dies
1535 1782 1618 1813 atque
1631 1778 1712 1806 horas
1727 1779 1816 1805 incur-

1033 1832 1137 1860 santes,
1155 1831 1286 1861 sportam,
1305 1824 1499 1860 lapidationes,
1517 1824 1651 1859 virgarum
1667 1824 1750 1855 ictus,
1765 1824 1816 1850 cir-

1033 1874 1146 1906 cuitum,
1165 1871 1284 1907 pericula
1299 1871 1324 1898 in
1340 1876 1422 1902 terra,
1437 1869 1554 1904 pericula
1571 1870 1597 1896 in
1613 1868 1692 1902 mari,
1707 1869 1816 1904 profun-

1034 1920 1108 1953 dum,
1124 1918 1262 1953 naufragia
1273 1937 1280 1950 ,
1296 1917 1414 1952 pericula
1428 1916 1568 1943 ﬂuminum
1579 1935 1586 1947 ,
1602 1915 1719 1950 pericula
1735 1915 1818 1943 latro-

1034 1973 1099 1993 num
1111 1987 1118 1999 ,
1139 1963 1258 2000 pericula
1272 1971 1304 1991 ex
1320 1969 1435 1997 genere,
1451 1961 1569 1997 pericula
1590 1961 1617 1988 in
1635 1961 1710 1989 falsis
1726 1961 1819 1988 fratri-

1033 2011 1098 2044 bus,
1115 2012 1215 2038 victum
1231 2009 1359 2037 manuum
1375 2009 1468 2035 labore
1478 2008 1631 2042 quaesitum,
1647 2007 1819 2042 Evangelium

1034 2063 1156 2092 sumptus
1168 2057 1224 2093 39
1233 2056 1375 2091 expers";
1386 2054 1611 2090 quemadmodum
1623 2054 1703 2081 etiam
1716 2058 1820 2088 specta-

1034 2105 1124 2132 culum
1140 2109 1212 2131 esset
1230 2108 1256 2130 et
1277 2102 1379 2138 angelis
1393 2106 1419 2129 et
1433 2100 1586 2128 hominibus
1596 2101 1617 2130 ’.
1633 2099 1736 2127 medius
1750 2099 1821 2127 inter

1034 2149 1158 2178 homines
1170 2157 1202 2176 ac
1216 2148 1299 2175 Deum
1316 2147 1494 2177 constitutus;
1512 2153 1561 2181 pro
1575 2145 1628 2172 illis
1642 2145 1765 2172 videlicet
1778 2146 1822 2172 di-

1035 2196 1149 2228 micans,
1166 2194 1228 2221 huic
1246 2197 1335 2220 autcm
1351 2191 1514 2226 peculiarem
1531 2190 1656 2226 populum
1674 2190 1822 2218 concilians

194 2243 249 2271 τῶν
263 2245 319 2280 (15)
336 2244 546 2281 ἀγωνιζόμενος,
559 2244 599 2280 τῷ
615 2244 643 2270 δὲ
656 2242 803 2279 προσάγων
814 2241 862 2268 καὶ
874 2241 980 2268 οἰκειῶν

1035 2245 1062 2269 et
1083 2240 1233 2275 adjungens
1256 2248 1263 2266 :
1289 2244 1388 2273 praeter
1410 2239 1485 2270 haec,
1506 2244 1565 2271 qua:
1585 2237 1753 2264 extrinsecus
1771 2238 1822 2271 ipsi

229 2304 253 2320 "
269 2302 354 2331 lCor.
367 2310 406 2336 1x,
419 2302 465 2330 22.
503 2303 526 2319 ’⁸
539 2302 560 2330 ll
574 2302 635 2330 Cor.
653 2308 693 2333 ιι,
709 2299 756 2328 27.

231 2374 269 2410 (5)
289 2372 461 2410 κενοδοξία.
472 2370 552 2410 _C_oll).
566 2377 603 2398 m.
618 2369 683 2410 κενὴ
700 2367 773 2399 δόξα.

230 2399 270 2445 (λ)
285 2399 459 2445 ῇέέροιῄιν.
470 2407 516 2445 sic
528 2412 622 2445 novem
638 2399 734 2439 itegg.,
748 2406 809 2429 octo
822 2399 910 2432 Colb.,
921 2399 977 2428 Jes.

195 2441 243 2474 0r.
256 2441 282 2476 ἰ,
299 2441 376 2471 Pass.
389 2443 469 2470 Deest
482 2442 517 2477 ἄν,
528 2441 555 2468 in
565 2441 609 2477 ed.
713 2472 729 2477 _
832 2471 848 2477 Δ.

231 2472 281 2515 (5)’
289 2476 523 2515 Εὶληφότων-ιτὸ
545 2475 684 2515 χάρισμα.
696 2508 702 2515 1
713 2472 750 2500 De
779 2472 978 2515 gratiapgeura-

197 2508 302 2543 tiohum
327 2508 438 2549 exponit
459 2508 660 2539 Elias.'Tillem.
687 2508 720 2536 de
741 2508 827 2543 gratia
861 2508 980 2533 miracu-

194 2551 294 2579 lorum.

232 2576 269 2621 (6)
288 2582 471 2621 Πάντας.--1ῃ
495 2580 589 2621 prima_
655 2577 708 2606 Cor
730 2577 797 2621 txﬁ
820 2576 866 2610 22,
882 2576 981 2611 legitur

197 2614 314 2652 πάντως.
329 2614 405 2652 Quod
418 2614 531 2652 Vulgata
544 2614 631 2652 reddit
645 2622 655 2639 ‹
672 2620 779 2652 οιιιηεειξἶ
795 2622 804 2638 ι
864 2646 870 2652 ,

231 2647 270 2689 (Ἴ)
289 2647 362 2687 Ῠοίῗς
379 2653 424 2680 ἐπ’
436 2647 562 2683 ἐκείνοις
576 2649 713 2683 ὕστερον.
733 2658 742 2673 ι
758 2647 812 2674 Hos
826 2647 871 2681 qui
889 2650 980 2682 postea

195 2689 445 2718 subsecutisunt.»
485 2721 501 2724 _
580 2719 586 2724 _
663 2718 681 2724 η
716 2718 723 2724 ,
789 2721 794 2724 ι

232 2715 468 2760 (έῩΣυν-ιστορα.
485 2721 566 2760 Deest
579 2719 606 2760 i’u
620 2718 739 2760 melioris
750 2721 820 2760 notia!
833 2715 981 2760 codicibus,

196 2761 223 2788 in
234 2751 337 2795 selptem
350 2751 446 2793 Reggl,
457 2757 566 2795 totidem
581 2753 731 2795 Colb.,-0r.
748 2751 845 2795 1,.Jes.
857 2756 892 2795 ‘et
909 2756 983 2795 certe

197 2785 423 2828 sinerdlspendi‘ou
434 2785 574 2828 sententia:
595 2793 685 2828 posset
706 2788 841 2828 exsulare.
857 2785 983 2828 Nonnulli

199 2835 286 2856 tamen
298 2825 426 2856 retinent.
436 2827 531 2855 Comb.
543 2825 634 2858 vertit,
650 2833 658 2849 ι
674 2828 768 2851 testem
780 2827 807 2850 et.
822 2825 983 2850 assertorem

197 2861 413 2899 praéflclamusq

232 2890 272 2934 (9)
280 2890 378 2926 (Ὅσον
386 2896 452 2925 ἐστι
461 2894 510 2924 καὶ
519 2894 637 2930 ψυχῶν.
652 2893 699 2922 Sic
707 2896 809 2928 seplem
820 2890 915 2926 “335"
933 2894 985 2918 to“

804 2299 827 2315 "
844 2298 908 2326 ibid.
937 2297 1036 2331 25-26,
1059 2297 1111 2329 5'5;
1129 2296 1214 2324 lCor.
1227 2302 1269 2327 tv,
1288 2294 1340 2327 12;
1357 2301 1396 2326 rx,
1417 2292 1461 2320 18.

1515 2292 1523 2307 ¹
1541 2292 1625 2320 lCor.
1643 2300 1679 2324 Iv,
1695 2292 1721 2319 9.

1033 2363 1102 2391 idem
1117 2363 1193 2391 Coll).
1209 2364 1264 2391 Jes.
1277 2371 1341 2390 vero
1356 2364 1418 2390 ὅσον
1431 2371 1467 2388 τι.
1485 2361 1531 2389 0r.
1546 2363 1572 2394 1,
1585 2363 1648 2389 ὅσον
1662 2362 1699 2388 τι.

1068 2399 1124 2434 (10)
1150 2399 1205 2425 Ἐὦ
1215 2398 1323 2434 λέγειν.
1339 2399 1403 2434 Reg.
1416 2406 1442 2429 e,
1462 2397 1537 2434 C9").
1551 2406 1588 2434 In,
1601 2397 1638 2423 ἐῶ
1651 2398 1716 2434 γᾴρ.

1068 2431 1125 2469 (11)
1148 2434 1203 2467 Τὰς
1225 2431 1261 2461 ἐν
1282 2431 1609 2469 ψύχείχαίχῐξοτιηυιιί
1634 2431 1754 2469 codices,
1770 2432 1825 2469 ele-

1033 2467 1308 2504 ganti-repetitione:
1326 2469 1385 2500 Τὰς
1411 2469 1440 2494 ἐν
1461 2467 1553 2503 ψύχει,
1578 2468 1628 2499 τὰς
1661 2468 1692 2493 ὲν
1721 2467 1824 2502 γυμνό-

1032 2509 1104 2531 erm.

1049 2513 1104 2540 ητι.

1068 2540 1122 2575 (te)
1139 2539 1195 2573 Ὡς.
1215 2539 1280 2573 Reg.
1295 2545 1314 2571 ι,
1325 2540 1364 2575 δε.

1069 2571 1124 2610 (15)
1149 2571 1300 2609 Ύᾶτὲρλὶὲν
1312 2574 1380 2604 τῶν,
1412 2578 1480 2610 οῐεη
1494 2573 1673 2610 (Iombcfisius
1696 2579 1727 2610 ex
1755 2571 1822 2610 Reg.

1034 2606 1129 2638 Medic.
1142 2606 1314 2646 singulariter
1330 2610 1393 2643 legit
1409 2618 1415 2635 :
1450 2609 1534 2644 ’Υπὲρ
1551 2608 1600 2643 μὲν
1621 2607 1668 2646 τοῦ
1692 2606 1822 2646 ἀγωνιζό-

1036 2649 1126 2681 μενος,
1143 2643 1206 2676 τοὺς
1224 2645 1251 2671 δὲ
1270 2645 1426 2680 προσάγων,
1447 2650 1474 2671 et
1489 2643 1568 2681 vertit
1586 2652 1592 2669 :
1613 2651 1621 2667 ι
1642 2643 1753 2681 Ριόιξιιο
1775 2643 1821 2667 de-

1036 2677 1154 2711 certans,
1172 2681 1222 2706 ltos
1244 2677 1319 2710 vero,
1337 2681 1463 2713 populum
1482 2679 1644 2712 peculiarem
1672 2677 1821 2713 adjungens

1037 2723 1069 2742 ac
1096 2716 1281 2743 concilians.»
1309 2711 1380 2747 Quae
1402 2711 1509 2746 quidem
1536 2713 1616 2740 lectio
1646 2711 1742 2738 melior
1771 2716 1821 2739 est.

1036 2751 1115 2777 Certe
1131 2750 1195 2782 Reg.
1216 2749 1324 2778 l.habel
1336 2750 1399 2780 τοὺς
1409 2749 1448 2774 δέ.
1466 2749 1507 2775 Att
1525 2755 1588 2774 vero
1604 2747 1672 2773 idctn
1685 2747 1730 2776 sit.
1743 2753 1823 2780 quem

1036 2782 1215 2812 Combefisius
1229 2784 1341 2819 Regium
1360 2784 1513 2810 Medirazum
1527 2782 1660 2819 appellat,
1674 2782 1752 2807 nobis
1770 2789 1824 2819 non

1035 2820 1130 2855 liquet.
1146 2829 1154 2845 ι
1171 2816 1388 2855 Omnes'tamen,
1407 2828 1415 2843 I
1433 2819 1520 2851 inquit
1541 2822 1633 2845 uoster
1651 2816 1822 2849 Louvardus,

1040 2865 1048 2882 ι
1065 2854 1166 2883 'vidisse
1176 2862 1319 2890 possumus
1332 2854 1475 2882 aﬂirmare.
1495 2862 1503 2878 ι
