2070 3135
215 189 268 215 δοῦ

783 187 914 215 ORATIO
933 187 969 216 ιι.
988 203 1023 208 -
1041 185 1294 215 APOLOGETICA.

1790 181 1841 209 “ili

214 253 268 281 est,
282 247 391 283 quaerit,
405 249 452 276 sed
468 248 539 284 quod
554 248 685 281 ﬁliorum,
701 255 769 284 quos
784 249 812 277 in
823 249 934 277 Christo
947 257 995 282 per
1013 249 1187 285 Evangelium
1207 247 1301 284 genuit
1322 247 1354 276 ⁸⁸.
1369 247 1419 275 Hic
1434 245 1506 274 enim
1526 242 1677 280 spiritualis
1690 241 1779 270 omnis
1791 242 1841 270 im-
1858 229 1863 233 ’

215 295 283 328 νει-11
299 294 362 322 ﬁnis
376 299 437 327 est.
450 295 560 330 ubique,
572 295 678 330 privata
692 295 809 324 utilitate
820 296 956 330 neglecta,
976 298 1127 326 commodis
1140 298 1256 326 aliorum
1271 295 1422 324 consulere.

250 340 315 367 NE’.
323 340 507 376 Ἑγκαυχᾶται
517 342 578 373 ταῖς
589 340 741 372 ἀσθενείαις
755 341 803 368 καὶ
817 342 878 374 ταῖς
892 341 947 377 (Ξὸ)
956 342 1009 369 θλί-

1096 342 1151 371 LV.
1171 343 1199 370 In
1220 341 1423 370 inﬁrmitatibus
1445 342 1473 366 et
1489 336 1680 365 aﬂlictionibus
1699 333 1842 370 gloriatur.

215 386 305 422 ψεσιν·
318 385 357 418 ὡς
373 385 446 421 ἄλλῳ
460 385 514 421 (26)
524 386 579 413 nvi.
593 386 698 421 κόσμῳ,
716 388 749 422 τῇ
770 385 860 419 Ἰησοῦ
874 387 1007 423 νεκρώσει

215 431 460 466 ὲγκαλλωπίζεταν
474 431 576 467 ὑψηλός
600 432 657 458 ἐστι
681 431 717 458 τὰ
732 431 862 468 σαρκικὰ,
887 433 935 460 καὶ
952 435 1009 466 τοῖς

215 478 411 512 πνευματικοῖς
435 477 591 512 ἅγάλλεταιξ
611 477 662 504 οὐκ
688 476 797 512 ἰδιώτης
820 476 870 512 τὴν
895 477 1007 512 γνῶσιν,

216 524 264 552 καὶ
291 524 400 559 βλέπειν
422 525 490 559 φησὶ
510 524 544 550 δι’
565 524 699 560 ἐσόπτρου
723 524 771 551 καὶ
798 524 827 551 ὲν
853 525 1007 560 αἰνίγματι.

217 569 320 605 Θαρρεϊ
337 568 376 604 τῷ
393 569 528 604 πνεύματι
541 568 608 604 (ΞῚ),
624 569 672 596 καὶ
682 569 827 601 ὑποπιαζει
841 569 898 605 (28)
913 570 943 596 τὸ
959 570 1010 596 σῶ-

217 625 257 652 μα
269 616 409 653 καθαιρῶν
431 616 487 652 (29)
499 617 537 648 ὡς
557 616 714 643 ἀντίπαλον·
731 616 758 643 τί
780 616 913 643 διδάσκων
935 618 1010 654 ἡμᾶς

217 663 248 690 ὲν
258 662 374 695 τούτοις,
390 663 437 690 καὶ
450 663 475 689 τί
494 663 646 695 παιδεύωνς
660 663 697 699 μὴ
717 664 825 699 φρονεῖν
847 665 902 696 τοῖς
924 664 1009 695 κάτω,

220 707 258 743 μὴ
270 708 431 742 φυσιοῦσθαι
450 709 483 743 τῇ
497 707 608 742 γνώσει,
633 708 670 744 μὴ
686 709 735 743 τὴν
754 709 844 744 σάρκα
858 709 1011 744 ἐπεγείρειν

217 752 257 788 τῷ
274 753 421 788 πνεύματι.
441 754 552 780 Πάντων
567 754 731 789 ὑπερμαχεϊ,
759 754 869 781 πάντων
895 754 1012 790 ὑπερεύ-

218 807 305 834 χεται,
319 798 395 834 ζηλοῖ
420 799 532 831 πάντας,
554 798 704 826 ἀνάπτεται
725 799 795 835 ὑπὲρ
813 800 934 832 πάντων,
956 798 1011 826 τῶν

219 845 273 878 ἐξω
283 845 377 881 νόμου,
396 845 452 872 τῶν
469 846 522 873 ὑπὸ
537 846 630 882 νόμον·
649 846 738 882 κῆρυξ
754 846 850 878 ἐθνῶν,
878 847 1013 874 ⁹ἰουδαίων

219 890 384 926 προστάτης.
402 891 551 926 Ἐτόλμησέ
565 899 592 918 τι
615 892 662 917 καὶ
674 891 766 927 μεῖζον
778 892 848 927 ὑπὲρ
865 892 920 918 τῶν
936 892 1014 919 ἀδελ-

219 934 278 969 φῶν
300 935 386 963 αὺτοῦ
407 935 461 963 τῶν
487 936 558 963 κατὰ
578 936 677 972 σάρκα,
699 936 743 963 ἵνα
763 936 891 972 τολμήσω
907 946 934 964 τι
966 938 1012 964 καὶ

218 981 300 1014 αὐτὸς
321 981 392 1008 οὕτω
405 982 501 1016 λέγων·
518 982 727 1019 ἁντεισαχθῆναι
743 982 800 1019 (50)
818 983 932 1016 τούτους
944 984 1009 1010 saw

218 1028 266 1055 τοῦ
278 1029 390 1066 Χριστῷ
404 1028 448 1056 διὰ
458 1029 507 1064 τὴν
530 1029 640 1065 ἀγάπην
655 1022 772 1065 εὔχεται.
789 1030 821 1056 Ὢ
833 1030 882 1065 τῆς
894 1030 1010 1065 μεγαλο-

219 1074 294 1107 νοίας
308 1075 362 1111 (31)
375 1077 380 1102 1
400 1075 423 1102 ὢ
438 1076 487 1111 τῆς
499 1075 546 1102 τοῦ
560 1077 715 1112 πνεύματος
740 1075 856 1109 ζέσεως1
877 1077 1010 1112 ιδίιμεῖται

219 1120 348 1157 Χριστὸν,
367 1122 414 1149 τὸν
425 1122 569 1158 γενόμενον
580 1123 649 1158 ὑπὲρ
658 1123 736 1158 ἡμῶν
752 1123 885 1159 κατάραν,
902 1123 948 1150 τὸν
960 1123 1011 1156 τὰς

218 1167 361 1200 ἀσθενείας
370 1169 450 1204 ἡμῶν
468 1168 636 1196 ἀναλαϐόντα
649 1169 715 1205 (52),
730 1169 777 1196 καὶ
790 1169 839 1202 τὰς
853 1169 946 1201 νόσους
964 1169 1012 1205 βα-

220 1214 367 1241 στάσαντα·
384 1215 413 1250 ἢ,
438 1214 468 1241 τό
485 1223 517 1249 γε
539 1214 722 1251 μετριώτερον
748 1216 846 1247 εἰπεῖν,
868 1215 965 1242 παθεῖν
983 1225 1010 1242 τι

219 1259 290 1296 ὑπὲρ
316 1260 417 1292 αὐτῶν,
441 1260 487 1287 καὶ
511 1260 549 1292 ὡς
573 1260 684 1296 ἀσεϐὴς,
701 1260 819 1296 δέχεται,
836 1262 943 1297 πρῶτος
957 1262 1010 1289 ἀπὸ

219 1306 350 1342 Χριστοῦ,
367 1306 448 1342 μόνον
461 1307 485 1333 εἱ
501 1304 574 1334 οὗτοι
589 1306 727 1339 σώζοιντο.

254 1441 326 1474 NCT.
339 1440 395 1467 Καὶ
408 1440 434 1467 τί
444 1440 516 1475 λέγω
530 1439 591 1467 καθ’
601 1439 718 1467 ἕκαστον
731 1449 737 1473 ;
752 1439 807 1473 ζῶν
821 1440 873 1476 γὰρ
884 1441 933 1476 οὐχ
948 1441 1012 1468 ἑαυ-

219 1486 269 1522 τῷ,
278 1485 389 1522 Χριστῷ
408 1486 436 1512 δὲ
447 1486 494 1513 καὶ
508 1485 547 1521 τῷ
556 1486 726 1522 κηρύγματι,
745 1487 792 1513 καὶ
807 1486 909 1522 κόσμον
923 1486 1011 1522 ἑαυτῷ

222 1531 392 1569 σταυρώσας,
419 1532 467 1559 καὶ
490 1532 657 1568 σταυρωθεὶς
678 1532 735 1567 (55)
762 1531 858 1567 κόσμῳ
883 1532 930 1559 καὶ
953 1533 1011 1564 τοῖς

221 1579 378 1614 ὁρωμένοις,
402 1579 490 1606 πάντα
509 1579 616 1614 ἡγεῖται
633 1578 718 1614 μικρὰ
734 1578 781 1605 καὶ
799 1578 850 1613 τῆς
864 1578 1011 1614 ἐπιθυμίας

221 1625 359 1653 ἐλάττονα·
379 1625 431 1652 κᾶν
445 1625 499 1652 ἀπὸ
520 1624 697 1661 Ἰερουσαλὴμ
709 1625 757 1651 καὶ
768 1624 861 1660 κύκλῳ
877 1624 1010 1661 μέχριτοῦ

227 1671 375 1707 Ἰλλυρικοῦ
387 1671 520 1708 πληρώσῃ
537 1671 568 1697 τὸ
580 1670 757 1705 Εὑαγγέλιον,
768 1670 820 1697 κᾶν
831 1670 878 1697 ἐπὶ
892 1670 938 1697 τὸν
951 1670 1010 1706 τρί-

220 1725 267 1745 τον
285 1717 398 1754 οὐρανὸν
416 1717 506 1753 φθάσῃ
530 1717 562 1744 δι’
583 1717 711 1753 ἁρπαγῆς
730 1717 796 1751 (54),
825 1717 877 1743 κᾶν
892 1717 939 1743 τοῦ
955 1716 1011 1752 (35)

221 1763 387 1799 παραδείσου
426 1762 538 1797 γένηται
570 1762 691 1798 θεατὴς,
719 1762 771 1789 κᾶν
800 1762 855 1788 τῶν
885 1762 1012 1798 ἀρρήτων

223 1810 288 1845 ἡμῖν
302 1809 356 1845 (56)
381 1809 511 1845 ῥημάτων
525 1809 671 1844 ἀκροατής.
686 1807 779 1835 Ταῦτα
791 1807 908 1840 Παῦλος,
923 1808 970 1834 καὶ
986 1808 1014 1834 εἴ

221 1865 264 1888 ¹τις
277 1857 336 1882 κατ’
351 1856 455 1883 ἐκεῖνον
471 1854 509 1890 τῷ
524 1854 670 1891 πνεύματι.
696 1854 793 1889 Ἡμεῖς
812 1853 840 1880 δὲ
851 1854 1010 1889 δεδοίκαμεν

258 1935 280 1951 “
293 1934 303 1961 1
315 1934 378 1962 Cor.
390 1941 425 1966 tv,
439 1934 483 1961 15.
522 1934 544 1950 ¹’
560 1933 580 1959 11
596 1933 657 1961 Cor.
674 1941 712 1966 ιι,
725 1933 770 1960 2i.
809 1933 830 1949 ¹⁸
842 1932 920 1959 Rom.
940 1940 977 1962 ιχ.
997 1933 1023 1960 5.

1061 389 1089 416 ln
1117 388 1324 416 mortiﬁcatione
1342 386 1425 419 .lesu,
1452 390 1580 419 tanquam
1598 384 1625 411 in
1647 382 1700 410 alio
1727 381 1844 416 quodam

1060 439 1228 463 ornamento
1246 433 1298 462 sibi
1313 433 1411 469 placet.
1428 432 1459 459 in
1476 430 1628 459 carnalibus
1646 428 1771 456 sublimis
1791 433 1843 460 est.

1060 486 1087 508 ct
1107 480 1142 508 ob
1157 479 1308 516 spiritualia
1328 478 1454 506 exsultat.
1473 477 1614 512 lmperitus
1628 482 1681 502 non
1696 479 1739 502 est
1752 473 1845 502 scien-

1060 528 1097 554 tia
1115 536 1122 554 :
1136 531 1164 554 et
1178 531 1266 554 tamen
1279 533 1308 554 se
1322 532 1371 561 per
1384 523 1521 560 speculum
1535 524 1667 550 duntaxat
1686 526 1714 550 et
1734 522 1761 548 in
1783 520 1847 549 teni-

1060 576 1151 608 gmate
1162 571 1255 599 videre
1265 571 1314 600 ait.
1327 569 1439 606 Spiritui
1453 568 1565 597 conﬁdit
1577 577 1585 595 :
1599 571 1627 595 et
1642 572 1732 594 tamen
1747 571 1846 600 corpus

1061 618 1186 653 castigat,
1199 622 1327 652 tanquam
1341 615 1525 644 adversarium
1539 613 1660 648 eiiciens.
1672 611 1741 646 Quid
1755 616 1844 640 autem

1062 665 1088 692 in
1109 665 1151 692 his
1173 664 1254 692 rebus
1268 671 1317 691 nos
1336 662 1416 690 docet
1436 665 1517 695 atque
1533 659 1678 688 admonet?
1692 665 1798 694 nempe,
1812 665 1846 685 ne

1061 711 1096 738 ob
1112 715 1218 738 terrena
1234 708 1388 740 elferamur,
1404 715 1438 735 ne
1451 707 1486 736 ob
1503 706 1642 735 scientiam
1659 703 1791 736 inﬁemur,
1812 711 1847 731 ne

1062 763 1173 783 carnem
1191 757 1322 782 adversus
1336 753 1461 789 spiritum
1480 752 1638 780 excitemus.
1656 750 1707 778 Pro
1721 750 1846 777 omnibus

1065 800 1187 833 dimicat,
1204 806 1254 835 pro
1267 799 1393 827 omnibus
1409 803 1548 833 precatur,
1571 796 1630 823 zelo
1645 802 1740 822 omnes
1753 801 1846 829 prose-

1062 847 1172 881 quitur,
1195 853 1245 881 pro
1257 845 1383 873 omnibus
1395 843 1588 874 inﬂammatur,
1606 846 1660 870 tam
1675 848 1690 868 a
1709 841 1768 875 lege
1782 839 1848 868 alie-

1064 894 1124 924 nis,
1147 899 1228 928 quam
1253 891 1304 927 legi
1335 890 1485 925 subjectis,
1514 889 1633 925 gentium
1661 887 1846 919 concionator,

1062 937 1214 965 Judaaorum
1225 942 1365 972 patronus.
1377 935 1447 969 Quin
1458 935 1540 962 etiam
1551 933 1639 969 majus
1652 933 1753 968 aliquid
1766 933 1786 949 "’
1799 939 1848 967 pro

1064 983 1120 1011 suis
1141 983 1288 1011 secundum
1310 989 1420 1009 carnem
1434 982 1457 998 “
1477 980 1609 1009 fratribus
1632 987 1714 1007 ausus
1734 983 1794 1011 est,
1819 982 1849 1005 ut

1065 1030 1123 1064 ipse
1139 1035 1246 1064 quoque
1268 1029 1368 1065 aliquid
1397 1029 1510 1056 audeam
1532 1027 1587 1054 hoc
1608 1027 1723 1057 dicens,
1745 1032 1792 1053 eos
1813 1028 1847 1053 ad

1064 1074 1202 1103 Christum
1231 1073 1290 1102 loco
1318 1081 1368 1102 suo
1393 1073 1539 1105 introduci,
1567 1069 1616 1107 pro
1638 1079 1686 1100 sua
1715 1071 1849 1099 charitate

1064 1124 1151 1156 optat.
1174 1120 1196 1149 0
1209 1120 1345 1156 ingentem
1363 1119 1447 1147 animi
1463 1118 1666 1154 praestantiam!
1682 1125 1699 1146 o
1713 1118 1848 1152 ingentem

1064 1168 1176 1204 spiritus
1198 1168 1351 1197 fervorem!
1383 1167 1544 1201 Christum,
1574 1167 1622 1203 qui
1650 1171 1743 1195 nostra
1768 1174 1849 1194 causa

1064 1212 1238 1242 maledictum
1259 1213 1347 1241 factus
1370 1218 1413 1241 est
1425 1215 1457 1246 ",
1477 1214 1523 1248 qui
1547 1213 1719 1240 inﬁrmitates
1743 1217 1850 1240 nostras

1064 1261 1192 1295 suscepit,
1210 1265 1238 1289 et
1255 1261 1364 1289 morbos
1384 1259 1546 1296 portavit”,
1567 1259 1708 1290 imitatur;
1735 1263 1791 1290 aut,
1820 1263 1849 1285 ut

1064 1307 1230 1335 moderatius
1244 1307 1332 1335 dicam
1344 1327 1352 1339 ,
1379 1306 1482 1342 primus
1498 1311 1558 1341 post
1574 1305 1729 1336 Christum,
1753 1312 1847 1332 eorum

1065 1361 1157 1386 causa,
1174 1353 1256 1381 etiam
1271 1358 1400 1388 tanquam
1423 1353 1531 1388 impius,
1553 1352 1654 1387 aliquid
1669 1351 1774 1387 perpeti
1793 1359 1847 1379 non

1063 1403 1182 1431 recursat,
1197 1399 1276 1426 modo
1287 1399 1337 1433 ipsi
1349 1399 1463 1426 salutent
1479 1402 1689 1433 consequantur.

1099 1444 1167 1472 LVI.
1187 1445 1256 1479 Quid
1271 1445 1376 1481 singula
1395 1444 1598 1473 commemoro?
1619 1445 1677 1480 ipse
1690 1444 1780 1476 enim,
1796 1451 1848 1472 non

1063 1491 1126 1523 sibi,
1141 1491 1187 1518 sed
1203 1491 1311 1519 Christo
1325 1496 1352 1518 et
1367 1491 1555 1526 praedicationi
1577 1490 1670 1518 vivens
1682 1511 1690 1522 ,
1704 1491 1849 1518 mundum-

1064 1546 1117 1573 que
1131 1538 1182 1566 sibi
1205 1538 1256 1573 ipsi
1271 1538 1433 1573 cruciﬁgens
1447 1558 1455 1570 ,
1469 1545 1500 1565 ac
1516 1538 1616 1565 mundo
1629 1537 1663 1570 ¹¹,
1678 1542 1706 1564 et
1720 1536 1800 1565 rebus
1816 1537 1850 1566 iis

1064 1592 1123 1618 qua:
1137 1584 1164 1612 in
1187 1584 1324 1619 aspectum
1347 1584 1465 1616 eadunt,
1489 1584 1646 1617 cruciﬁxus,
1663 1591 1744 1618 parva
1760 1584 1850 1612 omnia

1064 1635 1091 1656 et
1106 1630 1253 1665 cupiditate
1272 1637 1320 1658 sua
1343 1630 1472 1658 inferiora
1496 1630 1636 1658 existimat
1652 1631 1697 1657 ":
1723 1630 1849 1665 quamvis

1064 1673 1116 1710 41
1134 1674 1214 1701 etiam
1229 1674 1263 1702 ab
1278 1674 1446 1702 Hierusalem
1458 1694 1465 1707 ,
1482 1678 1510 1702 et
1528 1682 1576 1710 per
1588 1675 1744 1707 circuitum,
1760 1683 1847 1710 usque

1065 1721 1098 1746 ad
1124 1719 1268 1754 "lyricum,
1285 1719 1458 1754 Evangelium
1480 1719 1643 1754 impleverit,
1665 1720 1790 1754 quamvis
1815 1721 1848 1747 ad

1066 1763 1174 1791 tertium
1193 1764 1291 1792 coelum
1309 1772 1357 1799 per
1372 1769 1478 1800 raptum
1498 1765 1655 1799 pervenerit
1671 1765 1704 1798 “,
1725 1765 1850 1799 quamvis

1064 1809 1182 1843 paradisi
1200 1815 1335 1844 spectator
1353 1809 1452 1842 fuerit.
1468 1811 1592 1845 quamvis
1607 1818 1769 1838 arcanorum
1788 1818 1850 1838 ver-

1064 1855 1159 1883 borum
1174 1856 1280 1884 auditor
1293 1857 1329 1884 ”.
1347 1856 1407 1885 llzcc
1420 1856 1566 1890 Paulus,et
1576 1858 1598 1885 si
1613 1857 1674 1893 quis
1684 1857 1776 1886 eodem
1793 1858 1850 1894 spi-

1077 1936 1099 1951 "
1115 1935 1174 1964 Gal.
1195 1944 1237 1969 ιιι,
1256 1937 1299 1964 15.
1354 1937 1379 1953 ¹⁶
1400 1935 1452 1964 lsa.
1481 1944 1539 1969 ιιιι,
1568 1937 1594 1964 4.
1633 1937 1654 1953 ’⁸
1670 1936 1730 1967 Cal.
1747 1945 1783 1970 vt,
1805 1937 1848 1965 Η.

223 1970 375 2005 ιίΡιιίΙίρρ.
394 1977 443 2003 ιιι,
461 1969 488 1996 8.
527 1969 550 1984 ’³
571 1969 649 1996 Rom.
667 1976 711 2001 xv,
727 1969 770 1998 19.
809 1969 832 1984 ³⁸
847 1967 867 1994 ll
880 1968 943 1996 Cor.
963 1976 1011 2002 xu,
1024 1969 1069 1997 23.

259 2047 315 2081 (25)
334 2046 389 2074 Kal
403 2046 478 2079 ταῖς.
494 2046 572 2073 Deest
586 2047 633 2073 καί
655 2046 680 2073 in
696 2053 790 2074 novem
806 2047 903 2082 Regg.,
923 2052 978 2074 etc.

257 2082 316 2118 (‘16)
336 2082 385 2116 Ὧς
397 2082 492 2118 ἄλλῳ.
517 2082 600 2118 Gabr.
622 2082 695 2116 legit,
712 2082 750 2113 ὡς
765 2081 858 2117 καλῷ,
873 2087 900 2118 et
916 2082 1009 2118 vertit.

226 2128 237 2145 ι
252 2117 378 2152 tanquam
397 2117 509 2152 pulchro
524 2117 639 2152 quodam
657 2122 826 2145 ornamento.
842 2126 852 2143 ι
869 2117 914 2143 Sic
929 2117 1011 2152 etiam

224 2151 333 2180 videtur
343 2152 441 2185 legisse
450 2151 511 2187 Ruf.
524 2161 534 2177 ι
549 2151 746 2185 velutprctioso
754 2152 870 2187 quodam
882 2151 986 2179 monili.
1000 2161 1009 2178 ι

259 2187 316 2222 (27)
331 2187 438 2221 omne:
451 2186 491 2219 τῷ
506 2187 661 2221 πνεύματι.
676 2186 770 2214 Coml).
790 2197 800 2213 ι
821 2186 880 2213 ίίιιίι
895 2186 1013 2220 spiritui,

223 2231 337 2251 securus
353 2223 450 2253 spiritu
469 2227 521 2252 est,
541 2232 549 2247 ι
562 2223 587 2248 id
600 2227 652 2253 est,
670 2231 679 2247 ι
695 2223 793 2249 mentis
806 2229 896 2249 sensu.
915 2231 924 2248 ι

258 2258 315 2293 (‘38)
324 2258 378 2285 Kal
388 2257 553 2287 ὑποπιὰζει.
566 2257 611 2283 Sic
621 2257 715 2293 Ruga,
727 2265 749 2289 r,
761 2257 817 2287 hm,
829 2262 848 2290 ι,
863 2262 916 2284 tres
923 2256 1013 2293 Colh.,

1070 2040 1190 2067 Ecclesia
1203 2039 1302 2068 Christi
1317 2040 1566 2075 contemptissimus
1582 2040 1687 2073 haberi,
1703 2042 1783 2069 modo
1801 2041 1849 2069 .Iu-

1064 2076 1136 2111 (lzr-os
1145 2075 1176 2102 ad
1187 2075 1416 2111 veramjustitiam
1431 2075 1600 2109 perduceret.
1613 2075 1736 2107 Demum,
1748 2077 1770 2104 si
1785 2078 1849 2111 quid

1066 2110 1229 2146 diliicultatis
1245 2110 1289 2138 hic
1308 2113 1389 2144 es‘set,
1405 2111 1494 2137 verbis
1507 2119 1566 2144 qua:
1578 2116 1726 2146 sequuntur
1743 2110 1849 2146 penitus

1068 2145 1190 2172 tollitur:
1208 2155 1236 2181 id
1257 2146 1378 2172 imitatur
1405 2145 1542 2181 Christum
1567 2146 1612 2180 qui
1630 2145 1716 2172 lactus
1737 2145 1778 2174 est
1800 2155 1849 2181 pro

1067 2181 1145 2208 nobis
1161 2180 1346 2208 maledictum.
1365 2191 1375 2206 ι
1394 2180 1503 2214 Optavit
1530 2180 1628 2207 Paulus
1646 2189 1695 2215 pro
1719 2180 1849 2209 fratribus

1067 2216 1134 2249 suis,
1151 2216 1177 2243 id
1189 2223 1260 2248 csse,
1279 2220 1306 2244 et
1320 2216 1387 2249 pati,
1403 2216 1474 2250 quod
1494 2215 1545 2242 fuit
1567 2220 1594 2242 et
1608 2223 1704 2250 passus
1714 2221 1755 2243 est
1768 2216 1848 2244 Chri-

1067 2256 1125 2278 stus
1139 2258 1188 2285 pro
1199 2251 1286 2278 nobis.
1303 2251 1433 2286 Optavit.
1449 2250 1605 2286 Frustrarin
1621 2251 1723 2278 erroris
1740 2252 1780 2278 sui
1800 2260 1847 2286 pa—

223 2277 278 2321 οιέ.
291 2277 365 2327 [tlegii
384 2297 472 2319 tamen
486 2277 531 2323 hu,
541 2301 567 2322 ιι.
581 2300 608 2325 ιι,
625 2277 676 2319 0r?
691 2277 716 2320 l’.
730 2277 934 2324 optiniat’notm.
963 2277 1011 2319 vim:

1066 2277 1214 2327 trocinium
1224 2277 1281 2313 hinc
1293 2277 1415 2321 Gregorii
1432 2288 1513 2326 verba
1523 2277 1776 2327 tralier'elconantur
1786 2277 1848 2314 nrovi

223 2326 351 2360 ωπιάζεῐ.
367 2327 417 2354 Alii
434 2328 486 2354 «lno
498 2327 585 2362 Regii,
603 2329 708 2362 duoquc
725 2327 813 2359 Colh.,
828 2327 910 2354 Coisl.
926 2326 950 2361 l,
964 2327 1013 2354 ha-

224 2364 299 2392 bent.
313 2362 465 2394 ὐωπιέζει.

261 2398 318 2434 (29)
333 2397 495 2432 Καθαιρῶν.
514 2397 616 2434 Billius
625 2396 721 2434 melius
733 2396 907 2432 primiscuris
921 2397 1013 2429 vertit,

228 2442 245 2460 ι.
257 2432 330 2460 velut
349 2433 533 2460 adversarium
554 2432 687 2467 proﬂigal.
707 2443 716 2459 ν

260 2468 316 2502 (50)
341 2467 593 2502 Ἀντεισαχθῆναι.
609 2467 721 2495 Rufinus
734 2467 778 2495 hic
801 2467 877 2501 plura
909 2467 942 2494 de
961 2474 1011 2494 suo

226 2503 301 2530 addit
316 2513 323 2530 :
339 2513 348 2528 ι
369 2503 457 2530 Audet
477 2503 578 2535 aliquid
595 2502 664 2529 ultra
690 2510 770 2537 quam
785 2502 825 2529 las
839 2506 915 2529 est...
939 2502 1009 2529 ultra

224 2538 382 2566 mandatum
400 2538 448 2565 Dei
464 2537 574 2568 nititur;
591 2545 652 2564 nam
668 2538 877 2570 proximossuos
892 2545 943 2564 non
958 2537 1010 2564 sic-

224 2579 255 2600 ut
273 2580 313 2606 se,
331 2573 377 2600 sed
392 2573 454 2607 plus
471 2580 550 2608 quam
559 2580 590 2599 se
606 2571 702 2607 diligit.
726 2572 859 2608 Denique,
880 2579 909 2608 se
928 2572 1010 2599 ctiam

225 2607 341 2642 ahjccto,
357 2607 416 2635 illos
434 2607 486 2643 pro
500 2614 530 2635 se
545 2607 681 2643 introduci
695 2613 756 2634 orat
779 2608 812 2643 ad
835 2607 1008 2643 Christum...

224 2641 350 2676 et'eligit
367 2641 444 2670 extra
476 2642 605 2677 pietatem
626 2642 682 2669 tieri
701 2649 749 2675 pro
765 2642 876 2676 pietate.
894 2651 904 2668 ι
924 2641 1008 2669 Gabr.

228 2687 239 2704 ι
260 2682 368 2712 optat...
390 2676 518 2705 suum’in
549 2680 635 2705 locum
661 2676 787 2704 sull‘ectos
809 2677 918 2704 Christo
934 2677 1010 2712 eahi-

225 2711 295 2740 beri.
314 2723 323 2739 ›
338 2712 410 2740 Nihil
425 2713 497 2740 aliud
523 2713 565 2740 his
584 2712 674 2740 verbis
694 2711 830 2745 signiﬁcat
850 2711 1008 2747 Gregorius,

225 2747 277 2775 nisi
289 2748 402 2775 Paulum
418 2753 526 2782 optasse
539 2755 588 2781 pro
598 2747 708 2775 Christo
724 2747 851 2782 interﬁci,
870 2747 910 2774 vel
928 2747 1010 2774 devo-

226 2783 294 2816 veri,
317 2788 347 2810 ut
361 2781 469 2810 Iudaeos
482 2782 654 2810 lucrifaceret
675 2787 702 2810 et
723 2782 756 2809 ad
770 2781 907 2809 Christum
923 2782 1009 2808 intro-

225 2819 347 2846 duceret.
361 2817 512 2845 Anatbema
525 2825 539 2857 ιι
553 2817 663 2857 Christo
676 2817 783 2857 esse‘,‘id
794 2822 846 2848 est,
861 2824 910 2857 pro
929 2816 1009 2857 Chri-

225 2857 284 2885 sto;
302 2860 357 2888 quo
372 2861 454 2881 sensu
471 2852 619 2887 particular
630 2853 663 2879 ab
673 2860 708 2880 »ιι
724 2851 1009 2888 εἰσοιοηοίρεοειιηιίτ

226 2893 293 2915 tur:
311 2886 324 2914 ὶ
341 2888 376 2915 ab
401 2895 447 2916 reo
469 2888 570 2919 dicere,
593 2897 602 2913 ι
625 2887 651 2914 id
671 2893 723 2919 est,
741 2895 752 2914 ι
770 2894 818 2922 pro
844 2894 902 2920 reo,
926 2886 954 2913 in
969 2886 1008 2922 rei

226 2923 341 2956 gratiam
353 2922 455 2952 dicere.
475 2932 484 2948 ι
500 2922 591 2952 Potuit
605 2922 688 2951 etiam
703 2920 799 2957 optare
807 2921 963 2957 Apostolus,
978 2920 1007 2949 in

1065 2321 1259 2356 llesychiastm,
1279 2320 1475 2355 quos’egregie
1493 2320 1591 2348 refellit
1603 2320 1810 2356 illustrissimus
1822 2328 1849 2349 et

1065 2354 1237 2383 dociissimus
1255 2356 1398 2383 lilcldensis
1410 2354 1550 2390 episcopus
1562 2357 1588 2382 in
1603 2354 1670 2382 libro
1683 2357 1728 2389 qui
1746 2356 1848 2384 Gallice

1062 2395 1103 2426 est
1117 2391 1263 2426 inscriptus
1278 2399 1285 2417 :
1299 2400 1307 2415 ι
1326 2391 1420 2417 Divers
1427 2390 1521 2426 iécrits
1538 2398 1572 2417 ou
1598 2390 1742 2426 ntémoires
1756 2399 1803 2419 sur
1824 2392 1849 2419 le

1062 2425 1139 2488 lsivre;
1154 2426 1227 2488 quita
1244 2433 1312 2460 pour
1327 2427 1388 2453 titre
1401 2434 1408 2452 :
1421 2425 1591 2460 Ezplication
1601 2425 1645 2453 de:
1654 2425 1786 2454 Maxime:
1803 2428 1847 2455 du

1085 2469 1128 2487 am
1141 2469 1162 2488 ε.
1172 2471 1180 2486 ι
1192 2468 1206 2487 e
1220 2468 1244 2488 c.

1085 2465 1162 2493 aints,
1172 2471 1180 2486 ι
1192 2465 1244 2488 etc.

1097 2495 1153 2532 (5i)
1170 2497 1385 2531 Μεγαλονοίας.
1396 2496 1502 2532 Habent
1510 2495 1597 2531 pauci,
1613 2496 1824 2532 μεγαλοψυχίας.

1097 2531 1152 2566 (52)
1179 2531 1391 2559 Ἀναλαϐὀντα.
1420 2531 1503 2566 Regg.
1531 2538 1637 2563 nct‘etn,
1654 2532 1744 2566 plures
1758 2533 1846 2565 Colh.,

1060 2565 1115 2593 Jes.
1131 2565 1190 2595 .Or.
1207 2567 1371 2598 1,).α66ντα.

1097 2602 1153 2636 (55)
1171 2603 1366 2636 Σταιιοωθείς.
1385 2601 1451 2635 Reg.
1475 2601 1493 2634 l,
1514 2601 1590 2628 Colb.
1614 2608 1650 2634 m,
1678 2599 1774 2628 Cotnb.
1801 2610 1848 2628 συ-

1062 2636 1239 2668 σταυρωΟείς
1258 2648 1267 2662 ι
1288 2644 1338 2663 una
1351 2638 1507 2663 cruciﬁxus.
1526 2646 1536 2662 ι
1737 2655 1739 2659 .

1096 2670 1152 2706 (5i)
1171 2673 1210 2698 Δι’
1230 2671 1375 2706 ἁρπαγῆς.
1396 2672 1472 2699 Colh.
1497 2671 1524 2704 5,
1555 2678 1608 2698 uno
1623 2670 1715 2704 verbo,
1732 2670 1848 2706 διαρπα-

1059 2707 1127 2742 γείς,
1145 2713 1171 2733 ct
1186 2707 1213 2733 in
1232 2708 1350 2742 margine
1364 2707 1398 2733 δι’
1414 2707 1550 2742 ἁρπαγῆς.

1096 2741 1151 2777 (55)
1164 2741 1227 2769 Κᾶν
1236 2740 1302 2769 τοῦξ
1321 2741 1406 2768 liabet
1419 2740 1484 2777 Reg.
1503 2740 1549 2777 hu.
1563 2740 1625 2777 ml,
1639 2744 1676 2777 et?
1691 2741 1771 2777 paulo
1787 2746 1849 2776 post

1060 2775 1147 2818 idem.
1159 2777 1278 2812 Regg.a,
1295 2782 1314 2811 ι,
1332 2785 1360 2810 x,
1376 2777 1452 2804 Colb.
1469 2776 1495 2811 1,
1510 2776 1537 2809 7,
1556 2783 1592 2804 ιιι.
1607 2776 1653 2803 0r.
1667 2775 1848 2809 l,Gabr.'xai

1059 2821 1124 2839 των.

1096 2847 1152 2882 (56)
1184 2846 1328 2882 Ἁρῤήτων
1350 2846 1432 2882 ἡμῖν.
1455 2846 1540 2882 licgg.
1568 2852 1584 2872 α
1614 2849 1650 2882 et_
1663 2845 1848 2882 ιιηάπορῤή-

1059 2880 1125 2914 των,
1143 2880 1152 2908 ι
1172 2880 1332 2910 arcanorum
1352 2880 1587 2917 verboruquua:
1608 2880 1686 2909 nobis
1705 2880 1855 2917 loqui‘nou.

1059 2918 1122 2947 licet
1136 2917 1177 2953 (ll
1190 2917 1250 2945 Cor.
1267 2926 1315 2950 xu,
1333 2917 1371 2952 ι).
1388 2926 1398 2944 ι
