2070 3135
250 173 301 200 467

835 176 864 203 S.
884 176 1049 205 GREGORII
1069 178 1240 208 THEOLOGI

1815 187 1866 211 468

249 230 302 255 ritu
323 228 449 263 praditus
463 233 514 256 est.
534 227 589 256 Nos
607 233 697 258 autem
716 237 852 266 veremur,
865 241 912 266 ne,
927 233 952 261 si
970 241 1026 262 cum

1084 236 1159 271 παρὰ
1180 236 1302 267 τούτους,
1333 236 1370 271 μὴ
1398 236 1483 272 μωροί
1499 245 1570 268 τινες
1585 233 1660 273 ὧμεν
1673 237 1801 273 ἄρχοντες
1815 239 1868 267 Τά-

249 273 303 301 iltis
317 281 515 307 comparemur,
539 275 612 302 stulti
639 275 747 310 quidam
772 277 909 313 principes
925 278 1030 308 Taneos

248 319 334 346 simus
349 318 382 352 ",
399 323 446 346 aut
461 324 604 348 exactores
618 321 708 355 spicas
722 321 841 357 legentes
853 342 860 355 ,
877 328 925 351 aut
947 332 1032 360 popu-

248 364 303 392 lum
326 365 395 392 falso
414 366 522 393 beatum
542 366 664 394 dicentes
675 368 717 400 ";
740 369 836 396 addam
855 370 935 397 etiam
960 370 1032 398 beati

247 413 371 445 dicti',et
384 413 482 448 pedum
504 418 657 441 vestrorum
688 414 760 442 viam
784 416 923 444 turbantes
948 426 955 443 :
987 421 1034 444 aut

247 451 373 487 iliusores
382 460 550 487 dominantes
564 461 598 493 ",
625 464 672 488 aut
684 461 798 496 juvenes
813 462 948 490 antistites
960 463 983 478 ’⁸
1001 470 1032 490 ac

246 505 388 540 prudentia
404 506 514 534 minime
529 506 626 540 adulti,
645 515 679 534 ne
693 514 789 542 panem
810 507 917 543 quidem
935 513 963 536 et
986 517 1031 537 ve-

247 553 402 580 stimentum
416 554 451 585 η,
466 553 500 580 ad
522 554 573 580 hoc
590 557 619 580 ut
639 553 801 588 quibusdatn
818 554 942 590 regendis
959 562 1027 590 pr:e~

247 598 332 625 simus
343 619 350 630 ,
368 598 516 630 habentes;
535 603 582 625 aut
594 600 730 633 propheta
747 599 838 634 iniqua
855 599 982 628 docentes
994 601 1028 633 ³⁸,

246 648 293 670 aut
311 644 446 679 principes
467 644 671 676 inobedientes,
686 649 714 672 et
740 644 813 680 digni
833 645 878 680 qui
895 653 956 673 cum
981 653 1030 680 pa-

247 689 306 716 triis
319 689 354 716 ob
370 689 449 716 famis
467 689 591 717 duritiam
610 690 632 711 ³¹
652 689 722 717 male
738 690 891 718 audiamus.
913 691 968 718 Aut
983 699 1029 719 sa-

245 736 367 763 cerdotes
388 735 466 771 longe
481 737 516 763 ab
528 743 560 764 eo
575 736 687 769 remoti,
703 741 732 764 ut
748 737 781 764 ad
794 744 842 764 cor
859 737 1027 766 Hierusalem

245 781 386 816 loquamur
397 781 429 814 ³³,
454 789 515 816 qua),
538 782 628 809 omnia
651 782 744 814 Isaias;
764 789 813 816 per
831 782 971 818 Seraphim
997 788 1026 811 et

245 827 388 854 carbonem
404 833 532 863 purgatus
550 827 584 861 ",
603 828 714 863 pulchre
729 828 892 864 exprobrat,
908 834 936 857 et
958 837 1026 858 con-

245 878 371 902 testatur.

1083 291 1160 315 νεως,
1169 282 1186 317 ἢ
1195 283 1348 318 πράκτορες
1360 282 1552 318 καλαμώμενοι
1564 283 1630 318 (57),
1641 283 1658 320 ἢ
1673 283 1868 319 μακαρίζοντες

1082 327 1128 354 τὸν
1151 328 1214 355 λαὸν
1226 328 1340 363 ψευδῶς
1359 328 1503 364 προσθήσω
1518 329 1556 361 δὲ,
1578 329 1625 356 καὶ
1643 329 1866 366 μακαριζόμενα,

1083 374 1130 400 καὶ
1140 374 1190 409 τὴν
1205 374 1297 410 τρίὸον
1307 374 1362 401 τῶν
1383 374 1469 400 ποδῶν
1484 374 1561 409 ὑμῶν
1572 375 1763 410 ταράσσοντες·
1779 376 1796 411 ἢ
1822 378 1868 412 εμ-

1083 419 1195 445 παίκται
1204 419 1388 454 κυριεύοντες,
1403 420 1419 455 ἢ
1433 420 1568 447 νεανίσκοι
1583 420 1733 455 προστάται
1747 420 1803 457 (58)
1822 423 1868 449 καὶ

1082 463 1188 496 ἀτελεῖς
1203 465 1253 501 τὴν
1267 465 1408 501 φρόνησιν,
1424 465 1484 501 μηδ’
1496 466 1557 492 ὅσον
1572 465 1626 501 (59)
1644 465 1727 502 ἄρτου
1748 467 1794 493 καὶ
1806 469 1867 503 ίμα-

1081 510 1139 536 τίου
1149 510 1217 546 πρὸς
1232 511 1263 536 τὸ
1281 510 1460 546 καθηγεῖσθαι
1473 520 1552 538 τινων
1573 511 1761 548 εὐποροῦντεςο
1775 513 1791 549 ἢ
1805 523 1867 550 προ-

1081 556 1161 591 φῆται
1186 556 1356 588 διδάσκοντες
1379 556 1508 592 ἄνομα,ἢ
1532 556 1661 592 ἄρχοντες
1682 558 1865 592 ἀπειθοῦντες,

1081 602 1128 628 καὶ
1148 601 1241 633 κακῶς
1267 602 1377 628 ἀκούειν
1405 602 1474 637 μετά
1499 602 1553 629 τῶν
1578 604 1699 639 πατρίων
1725 604 1780 640 (40)
1796 605 1865 638 ἄξιοι

1079 647 1123 673 διὰ
1136 647 1215 682 λιμοῦ
1237 647 1417 682 σκληρότητα”
1436 647 1452 682 ἦ
1477 648 1559 682 ἱερεῖς
1576 647 1622 674 τοῦ
1643 648 1731 674 λαλεῖν
1751 649 1791 680 είς
1816 648 1864 684 τὴν

1080 693 1193 729 καρδίαν
1213 693 1390 729 Ἰερουσαλὴμ.
1405 693 1530 720 πλεῖστον
1545 693 1702 728 ἀπέχοντες,
1719 694 1736 721 ἃ
1749 695 1781 730 δὴ
1797 695 1864 722 πάν-

1079 746 1113 765 τα
1125 739 1138 765 ό
1156 738 1195 773 τῷ
1209 738 1334 774 Σεραφὶμ
1351 738 1447 774 καὶτῷ
1458 738 1572 773 ἄνθρακι
1588 739 1731 774 καθαρθεὶς
1744 740 1799 775 (Μ)
1817 741 1863 767 Ἦ-

1081 785 1158 816 σαῖας
1167 785 1289 817 ὀνειδίζει
1306 785 1395 816 καλῶς
1404 785 1450 811 καὶ
1461 784 1637 820 μαρτύρεται.

282 919 360 946 LVII.
382 919 435 947 Sed
456 919 572 948 fortasse
585 925 689 948 tantum
700 921 808 956 quidem
825 926 866 949 est
881 923 932 950 hoc
947 929 1026 957 opus,

1114 918 1176 946 NZ'.
1200 919 1261 954 'Ap‘
1281 916 1328 945 οὖν
1343 917 1374 944 τὸ
1385 917 1440 953 (42)
1454 917 1504 953 μὲν
1519 917 1598 954 ἔργον
1612 917 1747 950 τοσοῦτον,
1763 918 1810 945 καὶ
1819 917 1865 950 ob-

245 971 354 1000 tamque
378 966 520 994 molestum
536 971 564 994 et
579 966 744 994 laboriosum
767 967 842 994 cordi
856 975 938 995 sensu
960 976 1028 1003 pra:—

243 1012 310 1044 dito,
319 1016 347 1039 et
356 1012 490 1046 maerenti,
500 1020 532 1040 ac
540 1019 602 1040 vere
612 1012 682 1040 tinea
691 1013 791 1041 ossium
800 1013 821 1031 ³⁸
829 1013 885 1041 viro
893 1014 1025 1048 prudenti.

244 1057 344 1085 Verum
360 1065 472 1093 parvum
492 1062 534 1085 est
553 1059 701 1093 periculum
715 1078 723 1091 ,
745 1063 792 1086 aut
813 1067 894 1086 casus
911 1060 978 1088 levis
1000 1064 1028 1088 et

243 1104 456 1132 contemnendus
467 1104 520 1130 ?At
532 1105 671 1131 enimvero
682 1111 808 1139 magnum
819 1104 884 1132 mihi
895 1109 1026 1132 terrorem

244 1149 387 1182 injiciunt,
407 1149 469 1177 hinc
494 1149 589 1177 beatus
604 1149 706 1183 Oseas,
723 1149 853 1177 adversus
867 1157 916 1178 nos
936 1157 1027 1178 sacer-

245 1195 322 1222 dotes
339 1199 366 1222 et
380 1195 524 1229 praefectos
547 1195 680 1228 judicium
699 1202 759 1223 esse
778 1196 890 1229 dicens,
908 1196 970 1230 quia
985 1197 1025 1223 la-

243 1249 328 1275 queus
338 1241 452 1275 speculae
467 1241 529 1268 facti
544 1249 636 1271 sumus
648 1262 656 1274 ,
675 1246 704 1269 et
720 1242 797 1276 quasi
813 1248 870 1270 rete
883 1247 1025 1270 extensum

243 1293 323 1319 super
340 1284 485 1320 ltabyrium
499 1286 532 1317 ",
551 1286 623 1321 quod
640 1287 674 1314 ab
691 1286 725 1314 iis
739 1286 820 1314 ﬁxum
836 1292 893 1320 est,
911 1288 956 1322 qui
977 1288 1026 1315 hu-

243 1338 336 1359 manas
353 1331 456 1359 animas
472 1336 616 1364 venantur,
630 1332 814 1367 minitansque
829 1340 858 1360 se
871 1333 1004 1361 facturum
1015 1355 1023 1367 ,

243 1380 273 1403 ut
289 1377 374 1404 malos
398 1377 544 1412 prophetas
567 1377 728 1410 demetat“,
752 1385 785 1405 ac
801 1378 908 1413 judices
930 1386 1024 1407 eorum

244 1423 304 1456 igne
325 1421 450 1449 absumat
473 1423 506 1455 ³⁷,
539 1430 622 1456 seque
648 1423 785 1457 paulisper
809 1423 963 1457 contineat,
991 1431 1025 1451 ne

244 1473 319 1500 reges
338 1471 366 1493 et
379 1467 513 1501 principes
525 1472 624 1502 ungat,
639 1467 766 1501 quoniam
782 1467 832 1495 sibi
847 1468 910 1502 ipsis
924 1475 956 1495 ac
972 1476 1024 1496 non

243 1520 289 1547 per
301 1513 386 1546 ipsum
402 1518 547 1547 regnarunt
559 1513 592 1539 ".

277 1554 366 1585 LVIII.
384 1557 454 1584 Hinc
466 1563 556 1585 autem
570 1558 677 1586 divinus
693 1558 824 1592 Micheas,
837 1559 903 1587 Sion
916 1560 944 1587 in
962 1567 1025 1587 san—

243 1604 368 1638 guinibus
381 1604 509 1632 :edillcari
524 1612 576 1632 non
591 1604 699 1637 ferens,
716 1606 849 1633 utrumvis
866 1606 1024 1640 sanguinem

243 1650 424 1681 intellexeris,
438 1654 465 1677 et
482 1650 649 1677 Hierusalem
673 1650 699 1677 in
716 1650 873 1684 injustitiis,
891 1650 1024 1685 praefectis

243 1696 368 1723 nimirum
387 1695 444 1730 ejus
468 1695 522 1731 42
544 1695 570 1722 in
595 1695 753 1722 muneribus
772 1695 974 1730 iudicantibus,
996 1702 1024 1723 et

243 1743 431 1770 sacerdotibus
446 1743 506 1777 ejus
521 1743 646 1770 mercede
669 1744 906 1778 respondentibus,
921 1749 947 1772 et
961 1752 1024 1779 pro-

242 1789 331 1823 phetis
351 1789 378 1816 iu
399 1790 513 1824 pecunia
535 1789 735 1822 divinantibus;
758 1797 807 1824 pro
821 1789 920 1825 quibus
945 1791 1025 1818 rebus

243 1836 307 1869 quid
323 1835 464 1864 futurum?
480 1843 576 1869 nempe
597 1840 626 1863 ut
645 1835 710 1863 Sion
735 1836 813 1871 quasi
836 1843 901 1870 ager
922 1840 1024 1869 aretur,

243 1887 269 1909 et
292 1881 457 1910 Hierusalem
480 1887 509 1910 ut
531 1889 672 1916 pontorum
695 1882 815 1910 custodia
836 1882 889 1915 sit,
905 1887 933 1909 et
948 1889 1025 1909 mons

277 1941 300 1956 "
319 1940 370 1968 lsa.
388 1948 444 1971 xu,
462 1940 503 1966 If.
542 1941 564 1956 ¹⁶
582 1939 632 1967 lsa.
647 1948 684 1972 ix,
698 1940 738 1967 16.
779 1941 800 1956 ³⁷
821 1940 870 1967 lsa.
885 1947 925 1972 ιιι,
940 1940 984 1966 12.

1078 973 1132 996 τως
1147 964 1275 991 ἐπίπονον
1289 965 1322 999 τῇ
1340 963 1485 998 αίσθητικῇ
1505 963 1604 999 καρδίᾳ⁵
1618 964 1666 990 καὶ
1676 964 1794 1000 λυπηρᾷ,
1817 965 1864 991 καὶ⁸

1078 1011 1162 1043 ὅντως
1187 1011 1236 1046 σὴς
1250 1010 1351 1037 ὀστέων
1370 1009 1409 1046 τῷ
1425 1018 1457 1044 γε
1477 1010 1539 1037 νοῦν
1557 1010 1655 1045 ἔχοντι.
1671 1010 1776 1045 Μικρὸς
1801 1010 1829 1037 δὲ
1849 1011 1864 1036 ὁ

1078 1057 1208 1089 κίνδυνος,
1224 1056 1241 1091 ἢ
1258 1056 1288 1082 τὸ
1303 1055 1404 1092 πτῶμα
1428 1057 1681 1091 εὐκαταφρόνητον;
1716 1056 1796 1083 Ἀλλά
1818 1065 1864 1091 μοι

1078 1102 1161 1129 πολὺν
1186 1102 1390 1130 ὲπανατείνεται
1419 1102 1499 1136 φόϐον
1525 1102 1600 1129 ἔνθεν
1628 1102 1678 1138 μὲν
1700 1103 1714 1128 ὁ
1731 1103 1865 1138 μακάριος

1084 1149 1174 1184 Ὠσηὲ,
1187 1149 1256 1185 πρὸς
1271 1149 1346 1184 ἡμᾶς
1367 1146 1436 1175 εἶναι
1450 1148 1481 1175 τὸ
1496 1148 1584 1185 κρίμα
1596 1148 1683 1183 λέγων
1703 1149 1765 1181 τοὺς
1782 1149 1865 1184 ἱερεῖς

1077 1193 1199 1224 καὶτοὺς
1213 1193 1353 1228 ἄρχοντας,
1373 1193 1414 1220 ὅτι
1440 1195 1524 1227 παγὶς
1550 1194 1720 1229 ἐγενήθημεν
1739 1195 1773 1229 τῇ
1800 1203 1864 1220 σκο-

1077 1239 1126 1274 πιᾷ
1142 1238 1208 1273 (45),
1229 1239 1277 1269 καὶ
1290 1238 1327 1270 ὡς
1335 1238 1439 1266 δίκτυον
1450 1239 1629 1274 ἐκτεταμένον
1649 1239 1696 1265 ἐπὶ
1710 1239 1741 1265 τὸ
1761 1239 1862 1266 Ἰταϐύ-

1077 1293 1134 1320 ριον
1149 1284 1217 1320 (44),
1231 1285 1245 1311 ὃ
1257 1285 1465 1323 καταππῆχθαι
1477 1285 1533 1321 (45)
1545 1285 1597 1311 ὑπὸ
1618 1285 1671 1312 τῶν
1689 1285 1862 1321 ἀνθρωπίνας

1076 1331 1245 1366 ἀγρευόντων
1258 1330 1357 1366 ψυχὰς,
1373 1331 1543 1366 ἀποθερίζειν
1557 1331 1611 1367 (46)
1626 1340 1656 1357 τε
1671 1332 1733 1363 τοὺς
1746 1331 1863 1366 φαύλους

1076 1376 1195 1403 ἀπειλῶν
1210 1378 1362 1413 προφήτας,
1374 1377 1420 1404 καὶ
1432 1378 1496 1412 πυρὶ
1510 1377 1566 1413 (47)
1581 1378 1788 1404 καταναλίσκειν
1801 1379 1862 1410 τοὺς

1076 1422 1278 1458 κριτὰςαὺτῶν,
1299 1423 1403 1458 ἐφέξειν
1419 1423 1475 1458 (48)
1491 1431 1520 1449 τε
1539 1423 1636 1458 μικρὸν
1649 1423 1696 1450 τοῦ
1707 1424 1793 1459 χρίειν
1816 1424 1863 1459 βα-

1077 1468 1151 1494 σιλέα
1165 1469 1212 1499 καὶ
1229 1469 1371 1504 ἄρχοντας·
1389 1469 1429 1495 ὅτι
1444 1469 1549 1500 ἑαυτοῖς
1561 1468 1747 1501 ἐϐασίλευσαν,
1761 1469 1817 1496 ἀλλ’
1831 1469 1861 1500 οὐ

1075 1514 1107 1541 δι’
1118 1514 1211 1541 αὐτοῦ.

1108 1560 1175 1586 ΝΗ¹.
1190 1559 1285 1586 Ἔνθεν
1305 1559 1332 1588 δὲ
1349 1561 1364 1587 ὁ
1377 1559 1447 1592 θεῖος
1467 1560 1587 1595 Μιχαίας
1602 1560 1632 1587 οὐ
1649 1560 1740 1596 φέρων
1755 1560 1856 1587 οἰκοδο-

1079 1605 1216 1641 μουμένην
1244 1605 1313 1636 Σιὼν
1337 1606 1365 1632 ἐν
1389 1606 1514 1641 αἴμασιν,
1538 1606 1678 1642 ὁποτέροις
1693 1606 1792 1641 βούλει,
1816 1607 1863 1635 καὶ

1083 1652 1259 1688 Ἰερουσαλὴμ
1275 1652 1304 1678 ἐν
1313 1652 1439 1684 ἀδικίαις,
1455 1652 1508 1678 τῶν
1525 1653 1683 1688 ἡγουμένων
1696 1653 1781 1688 αὐτῆς
1796 1653 1863 1688 μετὰ

1076 1698 1170 1733 δώρων
1185 1699 1342 1734 κρινόντων,
1359 1698 1470 1726 καὶτῶν
1492 1699 1586 1735 ἱερέων
1607 1698 1703 1734 μισθοῦ
1724 1699 1779 1734 (49)
1794 1699 1862 1725 ἀπο-

1075 1744 1251 1779 κρινομένων,
1267 1744 1313 1770 καὶ
1335 1744 1388 1770 τῶν
1402 1744 1548 1779 προφητῶν
1563 1744 1632 1780 μετά
1653 1744 1782 1780 ἀργυρίου
1797 1753 1863 1779 μαν-

1073 1789 1235 1824 τευομένων·
1263 1789 1321 1816 ἀνθ’
1348 1786 1385 1816 ὧν
1409 1790 1434 1815 τί
1455 1789 1615 1825 γενήσεσθαι
1633 1789 1706 1825 (50);
1730 1789 1799 1816 Σιὼν
1825 1788 1862 1821 ὡς

1073 1835 1158 1871 ἀγρὸν
1182 1835 1429 1871 ἁροτριαοήσεσθαι
1457 1835 1524 1871 (51),
1553 1835 1600 1863 κα).
1627 1834 1803 1871 Ἰερουσαλὴμ
1824 1835 1862 1866 ὡς

1073 1881 1296 1916 ὸπωροφυλάκιον
1321 1881 1440 1913 ἔσεσθαι,
1465 1881 1512 1908 καὶ
1534 1881 1564 1907 τὸ
1577 1881 1639 1917 ὅρος
1661 1881 1707 1908 τοῦ
1723 1880 1798 1907 οἴκου
1823 1881 1862 1912 είς

1023 1939 1121 1966 "ibid.
1137 1939 1164 1966 ι.
1203 1940 1225 1955 ²⁹
1244 1939 1308 1966 ibid.
1321 1939 1346 1965 7.
1386 1939 1408 1954 '°
1428 1939 1478 1965 lsa.
1497 1946 1535 1969 Ix.
1554 1938 1596 1965 l5.
1644 1938 1665 1954 "
1685 1937 1734 1964 lsa.
1746 1945 1805 1968 vui,
1815 1937 1860 1964 21.

243 1976 265 1991 “
285 1975 333 2003 lsa.
356 1983 403 2008 XL,
426 1975 453 2002 2.
493 1975 514 1991 ³³
534 1975 584 2002 lsa.
607 1983 644 2007 vt,
667 1975 692 2002 6.
731 1975 752 1990 “
767 1974 846 2002 Prov.
863 1975 977 2008 xtv,30.
1017 1975 1026 1991 ³

1076 1982 1113 2003 se.
1128 1982 1154 2006 ν,
1183 1976 1210 2006 ί,
1222 1974 1249 2002 2.
1288 1973 1311 1990 ³⁸
1329 1973 1391 2002 Ose.
1406 1982 1443 2007 vr,
1457 1973 1484 2001 5.
1523 1974 1544 1990 ³⁷
1557 1973 1618 2001 Ose.
1632 1981 1668 2000 vu
1693 1973 1718 1999 7.
1757 1972 1780 1988 ³⁸
1795 1973 1857 2000 Ose.

242 2018 301 2043 vtu,
328 2011 355 2037 ι.

278 2079 335 2117 (ᾅῖ)
355 2079 577 2117 Καλαμώμενοι.
597 2089 606 2105 ι
624 2079 769 2117 βριθοιοιοε
782 2081 815 2107 ad
825 2080 925 2117 spicam
939 2087 1024 2116 usque

241 2115 397 2149 spoliantes.
416 2124 426 2140 ι
440 2113 469 2141 ιιι
481 2113 505 2141 in
520 2115 553 2141 Is.
564 2123 606 2146 ιιι,
623 2113 666 2141 i2.

258 2149 333 2190 ,(58)
345 2151 383 2177 Ἣ
395 2150 548 2177 νεανίσκοι
573 2149 748 2184 προστάται.
767 2158 776 2175 ι
795 2150 846 2177 Aut
859 2151 932 2185 pueri
949 2150 1024 2185 prin-

241 2192 323 2219 CipeS.
330 2194 340 2210 ι

1077 2087 1153 2107 oram
1185 2080 1246 2107 cod.
1286 2079 1333 2107 0r.
1375 2080 1411 2111 1,
1445 2079 1594 2114 ascriptum
1628 2077 1742 2114 mirifice
1776 2077 1857 2114 favet.

1079 2116 1160 2150 '_090;
1174 2114 1283 2150 ὑψηλὸν,
1299 2114 1369 2141 οὕτω
1383 2112 1703 2150 καλούμενονιμίαννξχον
1719 2112 1818 2150 πηγὴν,
1832 2113 1861 2150 ἐν

1078 2147 1240 2192 ᾖςῇὰεθῃρία
1247 2149 1411 2192 ,συνέρχεται
1425 2147 1513 2192 πίνειν
1535 2147 1618 2192 semp.
1634 2147 1757 2192 10":th
1776 2148 1811 2192 ὲνλ

1079 2179 1217 2225 Ϋαλιλαίᾲ,
1228 2220 1234 2225 _
1245 2179 1461 2225 ἐνθαιῗὲθῄρευον
1484 2184 1519 2225 τά
1534 2179 1625 2225 ὄρνεα.
1641 2184 1688 2225 καὶ
1711 2179 1860 2225 τὰ,κτήνήξ

276 2219 332 2254 (⁵9)
345 2219 420 2253 Μηδ’
433 2219 517 2267 δσιῖνι
536 2225 614 2267 θεαί
634 2219 788 2255 “equidem
808 2225 908 2251 ιληιιηη
925 2221 1026 2250 ιιειδειι-
1042 2237 1067 2267 υ
1082 2229 1092 2247 ε
1109 2217 1862 2267 Mons.alaijajisaaalonge"namme?

243 2259 295 2287 tes.
310 2261 439 2288 quantum
449 2257 514 2282 satis
527 2256 571 2282 sit.
586 2265 595 2282 ι

278 2289 335 2324 (40)
351 2291 494 2323 Πατρέων.
513 2300 523 2316 ι
539 2291 604 2317 Cum
622 2290 753 2326 paternis,
770 2290 877 2318 familiis
896 2301 905 2316 ι
925 2291 1028 2323 scilicet

244 2329 317 2365 «__:tut
333 2325 478 2360 capitibus.
494 2336 502 2351 ι
520 2325 631 2361 Vulgata
649 2331 674 2354 et
690 2325 771 2352 Hebr.
793 2335 802 2351 ι
821 2326 875 2354 Diis
895 2331 942 2353 aut
958 2327 1030 2360 judi-

344 2369 515 2428 iialiapOelq.
532 2395 616 2431 Regg.
626 2396 682 2428 bm,
697 2404 720 2428 r,
731 2403 758 2429 ιι,
768 2400 824 2423 tres
837 2395 924 2428 Colb.,
941 2395 987 2423 0r.
1000 2396 1025 2429 1,

240 2429 423 2455 καθαρισθείε.

240 2437 423 2464 καυαρισυεις.

276 2464 332 2500 (42)
350 2462 479 2498 Ἀρ“οὖν
496 2465 540 2492 τό.
565 2465 610 2493 Sic
627 2472 720 2493 omnes
742 2466 832 2500 codd.;
857 2467 887 2492 τό
898 2466 973 2494 deest
999 2466 1025 2492 in

239 2500 332 2569 ΒιΙ(45)
372 2533 410 2567 Τῇ
443 2534 564 2570 σκοπιᾷ.
602 2535 755 2562 Delevimus
793 2535 1024 2570 praepositionem,

240 2571 279 2601 ὲν,
299 2570 415 2604 quamin
434 2569 514 2605 nullis
526 2571 674 2603 reperimus
686 2569 835 2598 codicibus.
853 2570 910 2598 Non
930 2571 1026 2605 legitur

240 2605 320 2646 etiam
329 2605 355 2631 in
373 2605 429 2638 ipso
441 2604 586 2637 Scriptura
600 2610 684 2639 textu,
699 2613 749 2634 nec
763 2607 790 2634 in
807 2606 872 2634 edit.
891 2604 1023 2638 Romana,

241 2640 518 2710 “(lietlfilgifédpwn
536 2675 653 2710 Tbabor,
668 2680 697 2703 ut
708 2675 805 2703 habent
815 2675 1026 2708 Hebrzna,Aqui-

241 2709 475 2751 la.§ymtttaclttis_.
493 2710 581 2751 (inde;
601 2709 763 2751 Barberinus
781 2711 812 2751 in_
827 2711 962 2751 margine:
976 2711 1024 2751 Eni.

240 2744 349 2780 Θαϐώρ.
379 2745 490 2778 .loseph.
515 2745 603 2780 Auliq.
619 2746 636 2772 I.
654 2754 681 2774 v.
706 2754 730 2773 c.
749 2747 774 2778 Ι,
807 2744 898 2772 habet:
919 2744 1023 2780 Ἰταϐύ-

242 2787 309 2839 ριον.
328 2779 409 2820 Porro
431 2789 439 2804 ι
455 2788 540 2820 'lltotls
557 2780 729 2820 in'Galilma,
754 2791 762 2806 I
783 2785 812 2807 ut.
837 2780 931 2807 scribit
948 2779 1022 2806 Hier.

252 2814 288 2839 Ib.
303 2821 322 2839 t.
336 2814 435 2839 Comm.
453 2823 480 2839 ιιι
497 2815 562 2839 Osee
578 2823 602 2839 ιι.
619 2824 646 2839 ι’.
661 2821 688 2839 et
714 2816 782 2839 lthm
798 2815 834 2839 De
850 2823 920 2839 nom.
939 2814 1021 2839 Hebr.

252 2814 288 2841 ὼ.
303 2821 322 2845 ι,
336 2814 435 2840 Comm.
453 2815 480 2841 in
497 2815 562 2842 Osee
578 2823 602 2843 c.
619 2824 646 2847 ι’,
661 2821 688 2843 et
714 2816 782 2843 libro
796 2815 834 2842 De
850 2823 920 2842 nom.
939 2814 1021 2842 Hebr.

244 2858 252 2874 ι
275 2856 431 2885 nemorosus
448 2850 502 2882 illo,
522 2851 548 2877 in
572 2859 625 2885 quo
641 2859 757 2885 aucupes
780 2851 985 2882 exercebantur,
1009 2859 1018 2874 ι

243 2883 354 2923 testibus
380 2883 473 2911 Grotio
504 2890 528 2911 ct
547 2883 670 2917 Kiiukhi;
700 2883 796 2920 quibus
820 2885 957 2913 Schulium
988 2885 1021 2913 ad

1080 2263 1176 2289 aquam
1190 2255 1314 2282 bibiturte
1331 2260 1429 2281 coeunt
1447 2253 1521 2281 ferae.
1537 2253 1584 2281 Est
1605 2253 1727 2280 autemin
1739 2252 1860 2285 Galilaza,

1080 2290 1125 2317 ubi
1139 2289 1263 2317 volucres
1276 2296 1308 2316 ac
1319 2296 1416 2324 pecora
1427 2289 1604 2316 venabantur.
1621 2297 1631 2314 ι
1646 2287 1797 2324 (Silvestria
1819 2287 1861 2324 ni:

1079 2326 1186 2357 mirum,
1211 2329 1241 2351 ut
1266 2321 1367 2351 indicat
1389 2323 1452 2351 Bas.
1475 2331 1524 2358 per
1538 2331 1630 2350 vocem
1645 2321 1860 2358 ἀγρίων),,ᾳιιοι1

1078 2368 1131 2387 non
1149 2359 1198 2386 nisi
1211 2359 1276 2386 locis
1287 2359 1438 2386 nemorosis
1452 2359 1587 2385 convenit.

1113 2394 1169 2429 (45)
1196 2393 1437 2429 Καταπεπῆχθαι,
1464 2393 1509 2421 Sic
1534 2393 1611 2429 Regii
1627 2399 1720 2420 omnes
1742 2395 1770 2419 et
1782 2391 1858 2419 Colb.

1078 2428 1198 2457 Savilius
1218 2436 1281 2456 vero
1294 2430 1362 2462 apud
1378 2428 1494 2455 Montac.
1509 2428 1730 2462 καταπέπηκται.

1113 2464 1169 2500 (46)
1197 2461 1392 2497 Ἀποθεριζειν
1424 2471 1465 2490 τε.
1496 2463 1562 2499 Reg.
1588 2471 1613 2495 ι,
1638 2461 1687 2496 pro
1710 2462 1750 2494 τέ,
1778 2461 1859 2489 habet

1076 2499 1114 2527 δέ.
1233 2508 1238 2512 ·

1112 2534 1168 2570 (l7)
1187 2533 1243 2560 Καὶ
1256 2533 1338 2567 πυρί.
1359 2533 1421 2560 Haec
1434 2533 1544 2570 quidem
1555 2540 1607 2560 vox
1627 2539 1680 2570 non
1697 2537 1739 2559 est
1751 2531 1777 2559 in
1799 2539 1859 2570 pro-

1076 2566 1172 2603 pheta;
1198 2566 1301 2596 vernm’
1316 2576 1377 2596 cum
1396 2577 1405 2593 ι
1428 2568 1533 2595 Clibani
1556 2577 1565 2594 ι
1584 2567 1668 2594 verbo
1687 2571 1778 2594 utatur
1804 2566 1859 2603 hic,

1076 2601 1216 2638 appellatis
1238 2603 1318 2630 etiam
1336 2603 1446 2630 urbibus
1458 2610 1526 2638 quae
1537 2603 1597 2637 igne
1609 2602 1758 2636 perierunt,
1775 2601 1860 2636 potuit

1075 2637 1222 2673 Gregorius
1247 2638 1298 2666 hac
1311 2645 1377 2666 voce
1391 2638 1440 2670 uti,
1457 2642 1485 2665 et
1500 2637 1572 2664 illam
1591 2638 1732 2673 proposito
1745 2644 1794 2664 suo
1813 2643 1860 2663 ac-

1075 2674 1256 2701 commodare.

1110 2709 1166 2744 (48)
1189 2708 1413 2744 Ἐφέξειναῐίθε.
1427 2715 1452 2740 r,
1469 2707 1600 2744 ὲφέλξειν.

1111 2742 1166 2781 (έυ)
1180 2743 1306 2781 Μισθοῆ.
1323 2742 1561 2781 (ΣοῖεΙ.1,4μισθῷ.
1651 2778 1661 2781 _
1702 2775 1750 2781 ____
1793 2775 1810 2781 Λ
1834 2775 1839 2781 _

1075 2813 1088 2839 Ι.
1110 2775 1166 2833 (51))
1180 2779 1210 2806 Τί
1225 2778 1416 2813 γενήσεσθαι.
1429 2788 1436 2804 ι
1451 2775 1520 2811 Quid
1533 2775 1662 2806 futurum?
1679 2786 1688 2803 ι
1702 2775 1762 2804 Bill.
1775 2775 1860 2809 «Quid

1087 2822 1132 2839 ore
1145 2835 1149 2839 .
1175 2823 1184 2839 ι

1087 2822 1153 2840 ore!
1175 2823 1184 2839 ι

1109 2849 1165 2884 (51)
1186 2849 1468 2883 Ἄροτριαθὴσεσθαι.
1482 2847 1546 2884 Reg.
1564 2857 1586 2881 r,
1598 2845 1858 2883 ἀροτριωθήσεσθαι.

1075 2885 1149 2913 (Ῑοιί).
1172 2885 1197 2915 5,
1214 2884 1482 2919 ἀροτριασοήσεσθαι.
