2070 3135
223 177 277 205 ΠΒ

828 175 859 203 S.
881 173 1046 203 GREGORII
1067 172 1242 202 THEOLOGI

1804 175 1857 203 476

224 242 252 264 et
273 236 472 271 interpretem?
493 235 634 269 Quomodo
653 243 713 269 quae
739 235 894 270 pastoribus
919 235 1015 270 praeei-

1071 234 1134 270 ρίων
1146 234 1193 266 καὶ
1201 234 1345 270 θεαμάτων
1354 234 1410 270 (97)
1421 243 1428 266 ;
1443 234 1506 266 Πῶς
1522 234 1571 270 μὲν
1581 234 1599 261 ἃ
1609 235 1664 266 τοῖς
1679 236 1789 268 exemi;
1801 236 1847 271 (98

224 284 274 318 pit,
288 283 340 310 hoc
357 287 399 310 est
418 290 451 309 ne
466 282 560 309 vitium
573 281 747 317 gladiumque
759 282 808 316 ipsi
822 281 1017 316 supervenien-

225 335 279 357 tem
308 329 418 357 silentio
437 327 628 356 dissimulent?
647 327 718 362 quod
739 327 867 355 nimirum
890 327 942 355 hoc
967 334 1017 354 nec

225 376 302 410 ipsis,
317 381 368 403 nec
380 375 415 402 iis
432 375 477 409 qui
492 378 620 408 peccant,
636 374 702 401 utile
716 374 835 401 futurum
853 374 906 408 sit;
922 377 1017 401 contra

224 426 313 448 autem
324 441 332 454 ,
346 421 496 456 praevidere
512 427 544 448 ac
557 422 758 455 praenuntiare,
778 420 898 455 utrisque
916 420 1018 446 utilita-

226 473 278 494 tem
293 467 436 494 allaturum
452 466 540 499 sit“;
558 467 580 493 si
598 466 636 494 illi
652 466 759 500 quidem
781 466 909 497 dixerint.
926 465 953 492 lii
968 472 1018 492 au-

225 518 279 541 tem
297 513 453 540 audierint:
469 513 510 540 sin
535 513 640 545 minus,
662 517 690 539 at
708 512 742 539 iis
760 517 834 540 certe
849 512 895 546 qui
915 511 1019 539 denun-

227 559 330 586 tiarint.

263 617 345 645 LXV.
362 617 421 650 Quo
434 617 496 644 item
511 617 593 644 modo
608 616 690 642 alium
705 622 765 643 eum
782 615 922 650 impetum,
937 621 1017 650 quem

226 664 253 691 in
271 668 395 697 pastores
413 662 494 694 facit,
510 669 581 689 nunc
601 663 626 688 in
642 661 684 689 his
702 660 807 693 verbis,
826 659 871 687 Va:
884 668 963 695 super
981 668 1019 687 va:

225 710 292 741 erit,
315 714 339 736 et
355 709 464 735 nuntius
484 716 563 742 super
581 708 721 738 nuntium,
740 711 763 733 et
778 706 843 733 visio
858 715 872 732 a
894 706 1018 741 propheta

226 754 384 789 requiretur,
399 759 421 780 et
438 753 480 780 lea:
493 762 510 780 α
528 753 662 780 sacerdote
675 752 788 787 peribit,
808 757 830 778 et
847 751 986 778 consilium
1003 760 1019 778 α

225 798 402 826 senioribus"
413 807 420 831 ;
431 805 501 825 nunc
521 804 627 824 rursum
645 796 670 822 in
687 796 738 827 his,
759 794 814 821 Fili
830 795 958 827 hominis,
975 794 1019 821 dic

226 846 286 879 ipsi,
300 844 339 871 Tu
350 852 376 871 es
390 848 462 871 terra
475 851 525 870 non
540 841 684 876 compluta,
698 849 744 868 nec
757 841 847 875 pluvia
858 841 927 867 venit
940 847 1020 874 super

228 895 253 917 te
267 890 293 916 in
305 890 348 916 die
360 890 407 916 ine
420 897 428 916 :
443 888 521 922 cujus
536 887 653 921 ννανῙεειὶ
671 887 698 913 in
714 886 800 912 medio
814 885 870 919 ejus
883 885 949 912 velut
967 885 1020 911 leo-

228 943 273 963 nes
287 935 419 970 rugientes
429 954 436 966 ,
455 935 583 968 rapientes
597 933 705 965 rapinas
716 952 724 964 ,
745 932 896 958 devorantes
914 931 1017 957 animas

227 983 256 1009 in
270 981 387 1015 potentia
396 981 430 1007 "’.
455 979 488 1006 Et
507 978 643 1006 nonnullis
659 977 808 1012 interjectis
831 984 838 1003 :
862 976 1018 1004 Sacerdotes

227 1027 285 1062 ejus
298 1027 498 1054 contemnebant
512 1024 594 1059 legem
606 1031 701 1055 meam,
714 1028 737 1049 et
754 1021 906 1057 polluebant
918 1021 1018 1049 Sancta

227 1078 305 1098 mea:
320 1072 389 1098 inter
402 1070 514 1104 profana
533 1077 555 1096 et
572 1074 685 1100 sancta,
711 1068 818 1102 inquit,
835 1066 900 1094 nihil
929 1066 1020 1093 discri-

227 1117 307 1144 minis
325 1116 496 1148 statuebant,
511 1115 557 1143 sed
578 1115 667 1141 omnia
686 1121 767 1140 unum
790 1114 827 1140 eis
849 1117 940 1145 erant,
961 1115 990 1140 et
1003 1121 1019 1138 a

228 1162 350 1190 Sabbatis
363 1163 427 1189 meis
449 1162 539 1188 oculos
562 1168 624 1188 suos
650 1159 821 1194 aperiebant,
840 1165 865 1186 et
887 1159 916 1185 in
933 1158 1019 1185 medio

226 1216 317 1236 eorum
342 1207 578 1243 coinquinabar“.
608 1205 892 1240 Consumpturnmque
917 1213 963 1237 se,
993 1210 1021 1232 et

227 1255 370 1289 parietem,
391 1258 419 1281 et
438 1260 484 1280 eos
503 1253 548 1287 qui
567 1259 630 1279 eum
648 1251 762 1283 liniunt,
784 1252 904 1278 minatur
915 1251 948 1283 θ’,
969 1251 1020 1278 hoc

226 1304 279 1332 est,
294 1307 342 1327 eos
354 1300 400 1334 qui
416 1303 548 1334 peccant,
566 1303 594 1326 et
609 1305 655 1325 eos
671 1298 718 1332 qui
735 1298 903 1332 peccantium
922 1297 1019 1325 delicta

227 1347 360 1381 obtegunt
376 1354 383 1374 :
399 1346 471 1381 quod
489 1345 620 1372 malorum
636 1344 788 1380 principum
804 1349 831 1372 et
847 1344 1019 1372 sacerdotum

229 1396 288 1424 est,
312 1400 345 1419 ac
362 1392 470 1420 domum
490 1391 598 1418 lsraelis
620 1390 647 1417 in
668 1394 854 1418 transversum
871 1390 1019 1426 agentium,

231 1438 382 1466 secundum
409 1438 491 1465 corda
516 1444 583 1470 sua,
602 1436 754 1464 abalienata
777 1437 804 1464 in
830 1436 1021 1471 cupiditatibus

231 1490 299 1511 SUIS.

266 1627 358 1654 LXVI.
379 1626 456 1654 Mitto
471 1633 531 1661 quae
546 1625 580 1652 de
597 1624 630 1652 iis
643 1623 771 1656 disserit,
789 1623 835 1658 qui
851 1623 955 1658 seipsos
975 1630 1021 1658 pa-

230 1679 320 1706 scunt,
337 1678 364 1700 et
381 1673 423 1700 lac
440 1672 604 1705 comedunt,
620 1676 648 1699 et
662 1670 731 1698 lanis
748 1674 885 1704 teguntur,
906 1674 934 1696 et
951 1668 1022 1704 quod

229 1727 353 1746 crassum
370 1723 422 1751 est,
437 1718 573 1753 iugulant,
592 1724 701 1753 gregem
719 1721 809 1744 autem
825 1723 879 1743 non
897 1719 1021 1750 pascunt,

230 1773 298 1796 nec,
315 1765 387 1799 quod
406 1764 545 1792 inﬁrmum
568 1768 628 1796 est,
654 1762 847 1794 corroborant,
870 1769 931 1793 nec,
951 1761 1023 1796 quod

230 1810 400 1838 confractum
412 1829 420 1842 ,
437 1809 566 1844 alligant,
582 1816 650 1842 nec,
668 1808 740 1842 quod
758 1813 850 1840 errat,
874 1807 1022 1840 reducunt,

231 1863 292 1888 nec,
307 1855 379 1890 quod
392 1855 486 1890 periit,
503 1855 661 1889 requirunt,
680 1862 747 1888 nec,
761 1854 833 1889 quod
848 1853 955 1881 ﬁrmum
970 1858 1022 1886 est,

230 1901 440 1934 canservant“,
457 1901 506 1928 sed
523 1901 615 1928 labore
627 1900 785 1932 coniiciunt,
801 1908 833 1928 ac
846 1900 879 1927 de
892 1900 1023 1927 industria

230 1952 346 1975 enecant
361 1957 368 1974 :
384 1947 434 1981 sic,
448 1951 479 1974 ut
490 1954 555 1974 oves
568 1947 602 1974 ob
616 1951 754 1982 pastorum
766 1945 821 1982 46
832 1946 960 1981 inopiam,
977 1953 1024 1981 per

230 1984 338 2021 omnem
347 2000 472 2027 campum
484 1997 512 2019 et
523 1997 641 2019 montem
653 1992 781 2027 dispersae
791 1992 856 2023 sint,
868 1997 950 2027 atque
965 1999 1023 2019 om-

231 2039 312 2067 nibus
328 2039 423 2066 avibus
437 2043 463 2066 et
478 2038 572 2066 bestiis
589 2039 686 2074 praeda:
698 2038 809 2070 fuerint.
825 2038 896 2073 quod
917 2046 969 2065 non
984 2045 1024 2065 es-

231 2089 283 2118 set,
299 2085 343 2119 qni
358 2084 550 2120 requireretac
560 2084 745 2112 reduceret“.
760 2084 829 2117 Quid
843 2084 948 2119 postea?
962 2084 1023 2112 Vivo

231 2139 289 2165 ego,
305 2130 368 2157 dicit
384 2130 512 2157 Dominus
528 2150 535 2162 ,
553 2138 602 2165 pro
616 2138 646 2157 eo
661 2131 730 2166 quod
746 2130 802 2157 haec
821 2131 858 2156 ita
875 2138 902 2157 se
917 2130 1022 2161 habent,

231 2181 308 2211 atque
322 2184 382 2204 oves
400 2184 464 2204 mete
478 2176 505 2203 in
524 2179 643 2210 pra'dam
660 2176 785 2210 fuerunt,
807 2184 866 2203 ecce
885 2184 930 2212 ego
946 2184 1024 2211 super

231 2227 361 2256 pastores,
374 2227 398 2249 et
412 2223 544 2258 requiram
557 2230 615 2249 oves
628 2230 699 2249 ineas
712 2222 743 2249 de
759 2222 879 2249 manibus
892 2230 981 2249 eorum
989 2223 1023 2254 ⁵⁸,

231 2274 314 2303 atque
336 2275 383 2296 eas
404 2268 512 2303 quidem
534 2267 658 2303 colligam
681 2267 801 2302 mihique
823 2275 963 2302 asseram;
983 2268 1022 2295 illi
1039 2268 1061 2296 D

265 2379 288 2394 ’⁵³
306 2378 404 2406 Ezech.
420 2386 517 2411 xui",
547 2377 610 2405 ‘2-6.
650 2379 673 2394 ⁸ο
689 2377 789 2405 Ezecl).
808 2385 855 2409 vn,
872 2377 917 2405 ‘26.
956 2378 978 2393 ⁶⁰
994 2377 1021 2405 El

1071 2387 1091 2406 ι.
1107 2387 1179 2412 xm,
1212 2379 1264 2412 24,
1280 2379 1326 2406 25.

231 2414 254 2430 ⁸³
269 2413 368 2440 Ezech.
382 2421 474 2446 xxxtv,
492 2413 550 2440 2-4.
590 2413 613 2429 “
632 2414 697 2441 ibid.
715 2414 741 2440 8.
782 2413 804 2428 "‘
823 2413 886 2440 ibid.
903 2413 954 2447 10,
969 2413 1013 2440 ll.

266 2512 322 2548 (97)
339 2511 505 2547 Θεαμάτων.
523 2521 533 2537 ‹
552 2511 703 2543 Visionum,
725 2521 734 2537 ι
754 2512 855 2544 malim,
867 2519 923 2548 pro
944 2518 1020 2539 more

231 2547 388 2583 Scriptum,
409 2555 493 2583 quam
506 2556 515 2572 ι
537 2547 763 2583 spectaculorum,
787 2557 796 2573 ι
822 2552 850 2574 ιιι
864 2547 966 2575 Billius.

266 2581 323 2620 (98)
338 2582 401 2620 litis?
414 2581 507 2620 ἂ-ζοῖς
520 2581 658 2620 quando
672 2582 712 2620 Διὶ
723 2590 798 2620 oram
815 2583 882 2620 Reg.
904 2590 931 2620 υ,
951 2582 1020 2620 scri—

250 2616 304 2646 ttim
315 2616 331 2646 ἐ
351 2617 483 2645 Ἐνταῦθα
498 2617 561 2649 τοὺς
582 2617 719 2653 ἀρχιερεῖς
738 2616 823 2652 λέγει.
838 2616 906 2650 lmo,
922 2617 1020 2652 inquit,

241 2655 326 2681 lomb.
347 2663 356 2679 ‹
375 2653 575 2688 Speculatores,
602 2659 654 2686 qua
671 2659 737 2679 voce
759 2653 825 2680 nihil
852 2653 1022 2680 communius

231 2690 257 2716 in
268 2689 421 2716 Ezechiele.
445 2697 454 2713 ι

265 2724 321 2766 (99)
344 2722 577 2759 Ἐπερχομένην.
597 2722 681 2758 Regg.
700 2722 749 2750 let
766 2726 786 2756 ἰ,
802 2722 953 2758 ἐρχομένην
975 2722 1021 2748 ἐπὶ

231 2767 529 2834 ταῗέῗθέῖροκγιρῇξαι.
547 2794 605 2821 Duo
615 2793 704 2834 Regg.
719 2798 745 2820 et
756 2793 965 2834 Cotlipz'ttt’itiutil
978 2793 1005 2828 ἧ.

252 2829 308 2871 ,(ξ)
324 2829 368 2871 ζῆ
384 2831 430 2856 οὺ.
443 2829 543 2856 Omnes
559 2836 627 2864 pene
646 2829 754 2857 codices
772 2835 799 2856 et
822 2828 893 2855 LXX
913 2829 1022 2861 habent,

233 2864 374 2901 ﬁjoﬁ._

243 2898 307 2935 “(5)
324 2899 433 2933 Αὐτῆς.
461 2899 490 2927 ln
510 2899 577 2935 Reg.
605 2907 633 2934 y,
654 2901 688 2928 ad
711 2907 786 2928 oram
815 2899 952 2933 scribitur,
978 2898 1025 2925 αὐ-

1068 280 1265 312 διακελεύεται,
1285 280 1323 316 μὴ
1337 282 1515 316 κατασιωπᾷν
1539 280 1587 316 τὴν
1606 281 1715 313 κακίαν,
1740 282 1786 308 καὶ
1809 282 1842 319 τὴ

1068 327 1254 363 ἐπερχομένην
1270 327 1326 362 (99)
1347 327 1434 364 ταύτῃ
1458 328 1610 362 ῥομφαίανς
1628 327 1666 360 ὡς
1682 327 1744 355 οὔτε
1766 329 1854 360 αὐτοῖς

1068 372 1147 399 τοῦτο
1171 372 1336 405 λυσιτελοῦν,
1362 373 1424 400 οὗτε
1446 375 1502 406 τοῖς
1522 374 1724 410 ἁμαρτάνουσι·
1753 374 1800 402 τοῦ
1829 375 1855 403 ἃ

1069 418 1228 454 προῑδέσθαι
1245 419 1292 445 καὶ
1310 419 1484 455 προκηρῦξαι
1505 420 1541 455 (1)
1557 421 1728 457 ἀμφοτέρους
1749 421 1855 457 ὀνήσον-

1068 471 1124 496 τος,
1140 464 1164 490 εἰ
1180 465 1204 490 οι
1221 463 1268 499 μὲν
1287 464 1400 499 εῐποιεν,
1418 466 1442 491 οἱ
1457 465 1485 492 δὲ
1504 465 1659 500 ἀκούσαιεν,
1674 467 1690 502 ἢ
1706 467 1814 500 πάντως
1825 475 1859 502 γε

1068 510 1131 541 τοὺς
1149 509 1331 545 μηνύσαντας.

1105 610 1165 636 ΞΕ¹.
1183 609 1246 642 Πῶς
1268 610 1296 637 δὲ
1311 610 1361 646 τὴν
1380 610 1462 647 ἄλλην
1479 610 1663 647 καταδρομὴν,
1681 611 1715 647 ἢν
1741 612 1860 638 ποιεῖται

1068 656 1139 683 κατὰ
1159 656 1213 682 τῶν
1236 657 1443 692 ποιμαινόντων,
1470 657 1517 685 νῦν
1542 658 1590 693 μὲν
1619 659 1647 684 ἐν
1675 658 1781 690 τούτοις
1803 660 1860 690 τοῖς

1070 702 1205 737 ῥήμασιν·
1223 702 1296 729 Οὐαὶ
1321 702 1370 729 ἐπὶ
1389 703 1457 730 οὐαὶ
1481 703 1577 736 ἔσται,
1595 704 1644 730 καὶ
1665 704 1789 739 ἀγγελία
1808 704 1860 731 ἐπὶ

1068 747 1220 782 ἀγγελίαν,
1233 747 1281 774 καὶ
1293 747 1524 782 ἐκζητηθήσεται
1536 749 1640 783 ὅρασις
1649 750 1683 776 ἐκ
1692 750 1860 784 προφήτου,

1069 793 1118 820 καὶ
1135 794 1227 828 νόμος
1242 793 1396 820 ἀπολεῖται
1418 794 1452 826 ἐξ
1477 794 1586 829 ἱερέως,
1615 795 1663 822 καὶ
1690 796 1792 830 ,βουλὴ
1825 796 1860 823 ἐκ

1069 839 1278 874 πρεσϐυτέρων
1287 849 1294 856 ⁸
1308 839 1356 866 νῦν
1367 840 1395 867 δὲ
1409 841 1438 867 ὲν
1452 841 1568 872 ἐκεινοις
1578 841 1657 868 πάλιν
1670 850 1676 857 ·
1691 842 1739 869 Υἰέ
1748 842 1860 876 ἀνθρὼ-

1070 894 1140 917 που,
1155 883 1242 912 εἷπον
1260 885 1357 920 αὺτῇ”
1375 886 1416 913 Σὺ
1433 885 1463 913 εἷ
1473 886 1512 921 γῆ
1530 888 1565 913 οὐ
1596 887 1634 922 (2)
1663 887 1833 922 βρεχομένη
1851 909 1859 922 ,

1070 931 1140 958 οὐδὲ
1156 930 1244 963 ὑετὸς
1255 930 1374 966 ἐγένετο
1387 932 1435 959 ἐπὶ
1451 932 1488 959 σὲ
1504 933 1539 959 ἐν
1555 933 1650 968 ἡμέρᾳ
1665 933 1771 969 ὁργῆςι·
1785 932 1822 969 ἧς
1834 936 1861 961 οι

1070 977 1272 1011 ἀφηγούμενοι
1288 977 1412 1012 ἐνμέσῳ
1422 978 1527 1012 αὐτῆς,
1543 979 1584 1012 ὡς
1597 979 1720 1012 λέοντες
1734 980 1862 1015 ὠρυόμε-

1070 1030 1127 1054 νοι,
1141 1021 1321 1055 ἁρπάζοντες
1337 1023 1524 1058 ἁρπάγματα,
1539 1024 1641 1057 ψυχὰς
1653 1025 1863 1058 κατεσθίοντες

1070 1068 1104 1094 ἐν
1118 1068 1291 1102 δυναστείᾳ·
1310 1069 1357 1095 καὶ
1374 1069 1432 1104 μετ’
1449 1069 1542 1103 ὀλίγα·
1561 1072 1592 1096 Οἱ
1606 1070 1694 1104 ἱερεῖς
1706 1070 1801 1106 αὐτῆς
1823 1071 1862 1107 (5)

1069 1115 1198 1148 ἠθέτυυν
1215 1116 1309 1150 νόμον
1319 1125 1390 1151 μου,
1407 1117 1455 1143 καὶ
1469 1117 1634 1151 ἑϐεϐήλουν
1643 1119 1678 1145 τὰ
1693 1118 1762 1152 ἅγιά
1774 1128 1834 1153 μου
1851 1127 1859 1135 ⁸

1067 1162 1212 1196 βεϐήλοις
1233 1171 1266 1189 τε
1290 1163 1339 1189 καὶ
1366 1163 1472 1198 ἁγίοις,
1499 1164 1592 1199 φησὶν,
1618 1166 1655 1192 οὺ
1671 1165 1860 1199 διέστελλον,

1070 1207 1150 1234 ἀλλὰ
1169 1207 1267 1234 πάντα
1278 1205 1317 1243 ἦν
1327 1208 1429 1242 αὐτοῖς
1444 1209 1488 1239 ἓν.
1503 1210 1552 1236 καὶ
1566 1211 1624 1237 ἀπὸ
1638 1210 1698 1237 τῶν
1707 1210 1864 1238 σαϐϐάτων

1068 1260 1128 1286 μου
1147 1252 1380 1287 παρεκάῖυπτον
1396 1254 1466 1288 τοὺς
1486 1255 1660 1289 ὀφθαλμοὺς
1677 1255 1787 1287 αὐτῶν,
1811 1255 1862 1283 καὶ

1070 1297 1276 1332 ἐόεόηλούμην
1295 1300 1330 1326 ἐν
1356 1299 1440 1334 μέσῳ
1463 1299 1564 1327 αὐτῶν
1578 1309 1585 1316 ·
1613 1301 1750 1327 συντελεῖν
1770 1310 1800 1328 τε
1816 1302 1862 1329 τὸν

1070 1345 1168 1380 τοῖχον,
1197 1345 1244 1372 καὶ
1270 1346 1333 1377 τοὺς
1358 1346 1518 1381 ἀλείφοντας
1534 1347 1615 1374 αὐτὸν
1634 1348 1768 1374 ἀπειλῶν·
1790 1348 1820 1375 τὺ
1833 1348 1862 1374 δέ

1071 1389 1139 1421 ἐστι,
1154 1390 1216 1421 τοὺς
1238 1390 1447 1426 ἁμαρτάνοντας
1461 1391 1498 1426 (ι)
1514 1392 1560 1418 καὶ
1575 1393 1638 1424 τοὺς
1656 1393 1862 1427 συγκαλύπτον-

1071 1445 1136 1468 τας·
1155 1437 1223 1472 ὅπερ
1251 1434 1321 1463 εἶναι
1341 1437 1435 1464 κακῶν
1461 1439 1600 1474 ἀρχόντων
1629 1440 1677 1465 καὶ
1695 1439 1800 1474 ἱερέων,
1816 1442 1864 1466 καὶ

1071 1483 1276 1517 πλαγιαζόντων
1299 1483 1337 1519 (5)
1352 1484 1398 1511 τὸν
1419 1482 1493 1511 οἷκον
1509 1485 1556 1511 τοῦ
1584 1485 1693 1520 Ἰσραὴλ
1718 1486 1789 1512 κατὰ
1814 1486 1864 1518 τὰς

1073 1529 1187 1565 καρδίας
1204 1529 1293 1556 αὐτῶν
1305 1529 1355 1561 τὰς
1371 1530 1631 1566 ἀπηλλοτριωμένας
1656 1531 1684 1557 ἐν
1700 1532 1756 1562 τοῖς
1768 1531 1864 1558 ἐπιθυ-

1035 1592 1057 1622 C
1075 1576 1199 1611 μήμασιν
1217 1576 1255 1612 (6)
1271 1576 1371 1604 αὐτῶν.

1107 1631 1175 1665 Ξςι.
1192 1632 1247 1658 Καὶ
1267 1631 1362 1658 σιωπῶ
1375 1632 1465 1667 λέγειν
1488 1633 1539 1660 ὃσα
1561 1634 1626 1670 περὶ
1640 1633 1694 1660 τῶν
1712 1633 1864 1669 βοσκόντων

1073 1679 1186 1710 ἑαυτοὺς
1201 1678 1366 1712 διαλέγεται,
1393 1678 1423 1704 τὺ
1439 1678 1509 1712 γάλα
1526 1679 1733 1711 κατεσθιόντων,
1761 1679 1807 1706 καὶ
1829 1679 1864 1706 τὰ

1072 1725 1133 1761 ἔρια
1151 1724 1400 1760 περιϐαλλομένων,
1418 1725 1465 1751 κα).
1488 1725 1517 1751 τὸ
1541 1725 1615 1760 παχὺ
1640 1725 1797 1760 σφαςόντων
1813 1725 1863 1760 (7),

1073 1772 1142 1799 ἀλλὰ
1160 1772 1197 1808 μὴ
1223 1772 1423 1808 ποιμαινόντων
1443 1772 1477 1799 τὰ
1492 1773 1628 1808 πρόϐατα,
1654 1773 1684 1799 τὸ
1714 1773 1865 1809 ὴσϐενηκὺς

1073 1819 1123 1845 οὐκ
1139 1819 1328 1854 ἑνισχυόντων,
1341 1818 1388 1845 καὶ
1410 1818 1440 1844 τὸ
1458 1818 1686 1854 συντετριμμένον
1705 1818 1735 1844 οὐ
1751 1818 1862 1846 καταδε-

1075 1865 1225 1900 σμούντων,
1242 1865 1328 1891 καὶτὸ
1338 1864 1512 1900 πλανώμενον
1521 1865 1571 1891 οὐκ
1581 1864 1810 1901 ἐπιστρεφόντων,
1817 1865 1863 1893 καὶ

1073 1912 1103 1938 τὺ
1122 1911 1261 1943 ἀπολωλὸς
1286 1912 1338 1938 οὐκ
1368 1910 1566 1947 ἑκζητούντων,
1589 1911 1637 1938 κα).
1651 1911 1682 1937 τὺ
1700 1909 1808 1947 ἰσχυρὸν
1833 1912 1863 1938 οὐ

1074 1956 1282 1991 φυλαττόντων,
1312 1956 1380 1983 ἀλλὰ
1406 1956 1499 1992 μόχθῳ
1529 1955 1790 1992 κατεργαζομένων,
1817 1956 1863 1984 καὶ

1075 2003 1146 2030 κατὰ
1163 2003 1280 2039 σπουδὴν
1297 2003 1470 2030 ἀπολλύντων
1481 2012 1488 2018 ·
1511 2003 1548 2035 ὡς
1564 2003 1727 2039 διεσπάρθαι
1741 2003 1775 2030 τὰ
1798 2004 1864 2039 πρό-

1074 2049 1144 2077 ϐατα
1169 2049 1239 2076 κατὰ
1266 2050 1367 2081 παντὸς
1391 2049 1482 2076 πεδίου
1503 2049 1550 2076 καὶ
1568 2048 1658 2085 ὄρους,
1685 2049 1760 2084 παρὰ
1778 2049 1809 2076 τὸ
1827 2050 1864 2085 μὴ

1074 2093 1144 2122 εἷναι
1159 2096 1302 2131 ποιμένας,
1325 2096 1372 2122 καὶ
1389 2094 1514 2129 γενέσθαι
1534 2095 1704 2130 κατάϐρωμα
1728 2096 1796 2121 πᾶσι
1813 2104 1864 2122 πε-

1073 2141 1172 2172 τεινοῖς
1186 2140 1233 2167 καὶ
1249 2140 1353 2176 θηρίοις
1369 2140 1419 2176 (8),
1442 2140 1493 2166 οὺκ
1516 2140 1591 2172 δντος
1618 2139 1665 2167 τοῦ
1688 2140 1865 2176 ὲκζητοῦντος

1074 2186 1121 2212 καὶ
1138 2186 1358 2222 ἐπιστρέφοντος.
1379 2184 1446 2212 Εἶτα
1458 2186 1502 2219 si;
1517 2185 1563 2213 Ζῶ
1574 2186 1641 2221 ἐγὼ,
1661 2187 1727 2221 φησὶ
1744 2187 1793 2223 (9),
1815 2187 1864 2214 λέι

1078 2241 1122 2266 γει
1136 2233 1253 2266 Κύριος,
1268 2233 1403 2268 ἁντὶιτοῦ
1422 2233 1515 2260 ταῦτα
1533 2233 1627 2265 οὕτως
1643 2233 1734 2267 ἔχειν,
1750 2233 1800 2260 καὶ
1819 2242 1865 2268 νε-

1075 2277 1182 2306 ’νέσθαι
1203 2280 1239 2307 τὰ
1258 2279 1390 2314 πρόϐατά
1404 2289 1464 2315 μου
1479 2281 1523 2314 εις
1545 2280 1711 2315 προνομὴν,
1732 2280 1796 2308 ἰδοὺ
1809 2281 1865 2317 ἐγὼ

1363 2379 1385 2396 ⁶¹
1414 2380 1481 2408 ibid.
1498 2379 1544 2407 26.
1582 2380 1604 2396 ⁵⁸
1616 2379 1714 2408 Ezech.
1729 2386 1794 2412 xm,
1822 2378 1866 2406 15.

1073 2520 1135 2539 των.

1110 2547 1148 2582 (4)
1166 2547 1239 2579 Τοὺς
1248 2545 1484 2582 ἁμαρτάνοντας.
1510 2545 1556 2573 Sic
1577 2553 1642 2573 mss.
1665 2552 1770 2573 omnes.
1787 2544 1868 2574 Deest

1074 2583 1137 2614 τούς
1156 2583 1182 2609 in
1200 2582 1288 2609 Paris.
1305 2583 1371 2610 edit.

1111 2618 1148 2652 (5)
1161 2617 1398 2652 Πλαγιαζόντων.
1413 2616 1469 2652 «fin
1481 2616 1618 2652 obliquum
1634 2615 1756 2652 ﬂectunt.
1775 2625 1784 2652 ι

1111 2639 1148 2689 (ὃ)
1161 2639 1423 2689 ῖὲἕιᾉιῖᾗῖᾐιὶιῖὲέᾶρῖ
1430 2639 1848 2689 νἱίιᾷἆῐὶιῖῒἷῇξίῖιξίῖἑιῖἷόηἶυυε.
1856 2658 1866 2676 ι

1111 2686 1119 2720 ί
1124 2688 1149 2723 7)
1167 2686 1354 2722 Σφαζόιὶτων.
1370 2687 1464 2723 Comb.
1472 2722 1475 2723 ν
1482 2686 1723 2723 κατασφαζόντων.

1110 2721 1150 2758 (8)
1168 2721 1247 2751 Πᾶσι
1260 2722 1406 2755 πετεινοῖς
1430 2722 1480 2749 καὶ
1495 2723 1618 2758 θηρίοις.
1629 2721 1731 2758 _Verl_ia
1748 2724 1812 2747 sunt
1835 2727 1869 2746 ex

1079 2756 1205 2790 ls.'x'vru,
1219 2759 1246 2790 6,
1260 2764 1306 2784 aut
1319 2758 1374 2785 Jer.
1400 2765 1492 2789 xxxiv,
1505 2757 1551 2789 20,
1565 2762 1612 2784 aut
1628 2756 1729 2783 Ezech.
1750 2762 1869 2790 xsxvm,

1077 2795 1136 2837 {et
1152 2788 1247 2833 suam,
1262 2793 1304 2820 l7.
1322 2793 1378 2820 Duo
1390 2792 1471 2828 Regg.
1485 2788 1547 2828 post
1558 2793 1702 2825 πετεινοῖς,
1713 2788 1870 2819 addunt‘m't

1077 2839 1107 2856 O‘J
1111 2837 1191 2856 οανου
1196 2849 1202 2855 .

1110 2838 1254 2902 {agr-.01.
1269 2865 1349 2894 Deest
1364 2865 1390 2892 in
1404 2864 1507 2892 duobus
1525 2863 1609 2899 Regg.
