2070 3135
189 166 238 195 481

754 162 884 191 ORATIO
905 162 937 191 ll.
955 178 989 185 —-
1009 162 1263 192 A?OLOGETICA.

1771 167 1825 197 483

189 227 277 260 ἐοικὸς
289 225 318 265 ᾖ,
340 226 359 254 ἃ.
374 225 445 254 κατὰ
459 225 514 253 τῶν
535 225 643 261 πετρῶν
666 224 794 258 πεσόντα,
818 225 866 252 καὶ
888 225 932 252 διὰ
949 226 981 252 τὸ

1035 225 1156 254 absimile
1167 225 1213 259 sit,
1227 233 1288 260 quae
1301 225 1327 253 in
1340 229 1431 260 petras
1441 224 1616 258 ceciderunt;
1630 228 1658 253 ct
1667 224 1731 260 quia
1743 229 1821 254 terra

191 274 230 310 μὴ
251 274 324 309 ἔχειν
343 273 424 309 βάθος
449 273 511 308 γῆς,
532 271 613 303 εὐθὺς
634 270 827 306 ἀναχύψαντα,
848 271 909 298 οὐδὲ
931 271 980 307 τὴν

189 318 302 354 πρώτην
327 318 425 354 ἤνεγκε
449 316 497 344 τοῦ
520 315 597 352 ἡλίου
624 315 794 352 θερμότητα·
817 315 890 352 ἢτῷ
910 317 981 344 κατὰ

189 363 241 399 τῆς
267 363 382 399 ψάμμου
405 362 510 390 τεθέντι
533 361 661 397 θεμελίῳ,
686 361 754 397 μηδὲ
783 361 873 396 ὀλίγον
905 361 981 388 ἀντι-

191 410 280 445 σχόντι
303 409 372 445 πρὸς
394 408 444 444 τὴν
465 408 566 444 βροχὴν
588 408 636 434 καὶ
661 407 695 434 τὰ
725 407 881 443 πνεύματα.
906 407 982 436 Οὐαί

190 463 254 487 σοι,
275 456 376 488 πόλις,
397 453 436 490 ἧς
455 456 471 482 ὁ
491 455 643 487 ,βασιλεύς
659 463 718 481 σου
738 454 881 489 νεώτερός
903 455 980 488 ἐστι,

192 502 258 538 φησὶ
274 500 400 537 Σολομῶν
422 500 495 537 (58)·
517 500 574 533 καὶ,
595 500 646 535 Μὴ
671 500 733 528 ἴσθι
756 500 850 535 ταχὺς
871 500 906 527 ἐν
927 500 980 528 λό-

191 556 271 582 γοις,
299 546 349 574 τοῦ
380 546 462 574 αὑτοῦ
488 546 661 583 Σολομῶντος
687 546 781 582 φωνὴ,
809 547 926 583 πρᾶγμά
955 555 982 574 τι

192 593 302 620 ἔλαττον
322 592 396 629 (59),
418 592 560 628 λέγοντος,
583 593 614 620 τὺ
638 593 702 630 περὶ
731 593 808 628 λόγον
829 593 912 629 τάχος
932 593 982 629 τῆς

192 640 256 676 περὶ
263 639 362 675 πρᾶξιν
373 639 550 676 θερμότητος.
560 641 614 667 Καὶ
623 639 666 672 τίς
674 641 731 667 ἔστι
744 639 820 676 παρὰ
829 640 915 667 ταῦτα
925 640 982 676 μυ)

192 687 207 713 ό
223 686 253 712 τὸ
271 686 353 722 τάχος
380 685 503 712 ἀπαιτῶν
526 686 580 722 πρὸ
606 686 657 722 τῆς
687 686 837 721 ἀσφαλείας
859 687 906 713 καὶ
935 685 981 713 τοῦ

193 732 396 768 συμφέροντοςς
415 732 464 764 Τίς
483 733 498 758 ὁ
513 732 649 763 πλάττων,
675 732 802 769 καθάπερ
825 733 983 769 αὑθήμερον

191 778 256 810 τοὺς
278 778 423 813 πηλίνους,
448 778 495 804 τὸν
518 778 569 813 τῆς
591 778 720 814 ἀληθείας
746 779 912 814 προστάτην,
937 777 982 804 τὸν

194 822 264 857 μετὰ
288 823 412 857 ἀγγέλων
437 823 613 858 στησόμενον,
639 823 688 850 καὶ
715 823 784 858 μετὰ
804 823 983 859 ὰρχαγγέλων

192 867 354 900 δοξὰσοντα,
378 868 424 895 καὶ
447 869 492 895 ἐπὶ
517 868 548 895 τὸ
570 869 628 896 ἀνω
646 869 837 906 θυσιαστήριον
856 869 981 906 ἀναπέμ-

1031 272 1198 300 altitudinem
1211 279 1264 299 nou
1277 272 1424 304 habebant,
1435 271 1527 299 statim
1539 275 1645 303 exorta,
1658 278 1691 298 ne
1703 271 1821 306 primum

1031 319 1141 354 quidem
1163 318 1227 346 solis
1244 318 1362 346 calorem
1376 317 1449 345 ferre
1464 317 1640 352 potuerunt"
1652 327 1659 345 :
1673 322 1722 344 aut
1739 318 1822 345 etiant

1033 365 1210 393 fundamento
1224 365 1250 393 in
1263 372 1347 393 nrena
1361 363 1438 398 jacto
1449 383 1458 396 ,
1482 364 1553 398 quod
1573 363 1670 398 pluvia:
1685 371 1717 391 ac
1732 365 1822 392 ventis

1031 418 1066 439 ne
1081 411 1214 438 tantillum
1227 411 1336 446 quidem
1352 410 1452 438 restitit
1467 410 1501 437 ⁷³.
1518 409 1575 443 γα,
1593 410 1642 436 tibi
1655 409 1764 442 cit-itas,
1786 410 1825 437 ait

1033 457 1161 485 Salomon
1173 477 1181 490 ,
1201 456 1279 491 cujus
1299 464 1346 483 rex
1360 455 1456 490 junior
1474 455 1545 482 est“
1559 465 1566 483 :
1580 455 1716 490 idemque,
1733 454 1775 482 Ne
1785 457 1824 482 sis

1033 503 1101 531 celer
1119 503 1147 530 in
1170 503 1252 530 verbis
1261 502 1451 530 ":minorem
1472 502 1577 530 scilicet
1591 509 1648 529 rem
1668 509 1729 529 esse
1745 509 1822 529 asse-

1033 557 1097 578 rens
1121 549 1289 577 celeritatem
1317 549 1344 576 in
1369 548 1480 580 verbis,
1512 555 1593 583 quam
1620 548 1770 575 t‘erventem
1796 547 1823 574 in

1034 595 1140 624 actione
1152 595 1367 623 festinationem.
1384 594 1418 621 Et
1433 594 1495 629 quis
1512 598 1572 626 est,
1595 593 1640 628 qui
1655 597 1751 621 contra
1766 593 1825 620 haec

1033 642 1126 670 omnia
1145 641 1313 670 celeritatem
1329 641 1421 676 potius
1437 648 1518 675 quam
1536 640 1714 669 securitatem
1727 645 1754 667 et
1770 639 1824 666 uli-

1034 689 1137 716 litatem
1153 687 1302 722 exposcat?
1321 686 1389 720 Quis
1403 691 1445 714 est
1462 686 1508 721 qui
1524 685 1648 713 veritatis
1666 692 1821 720 propugnaa

1035 739 1136 766 torem,
1153 735 1232 761 unius
1246 733 1358 762 dieculze
1376 732 1480 768 spatio,
1501 731 1574 759 velut
1595 739 1611 758 e
1633 731 1690 758 luto
1707 735 1823 758 statuam

1034 780 1111 815 ﬁngit
1122 788 1129 807 ε
1141 779 1228 813 illum,
1246 779 1369 813 inquam,
1386 779 1432 813 qui
1448 785 1510 805 cum
1530 777 1634 813 angelis
1648 776 1746 810 stabit,
1761 783 1822 803 cum

1034 825 1204 861 archangelis
1218 825 1381 861 gloriﬁcabit
1393 843 1401 856 ,
1418 824 1452 852 ad
1466 831 1615 859 supernum
1632 823 1720 850 altare
1737 821 1822 849 sacri-

1035 872 1096 899 licia
1115 871 1299 902 transmittet,
1314 877 1376 897 cum
1391 869 1502 898 Christo
1517 867 1671 897 sacerdotio
1683 867 1824 902 fungetur,

192 915 278 950 ψοντα
295 915 345 946 τὰς
366 914 473 948 θυσίας,
489 915 537 942 καὶ
562 915 674 952 Χριστῷ
691 915 896 952 συνιερεύσοντα
913 915 980 951 (Μ),

1035 918 1191 954 ﬁgmentum
1205 916 1379 948 instaurabit,
1391 916 1537 951 imaginem
1546 914 1696 947 exhibebit,
1706 921 1823 948 superno

193 961 239 987 τὸν
264 961 455 990 ἀναπλάσοντα
483 961 514 988 τὺ
539 962 670 998 πλάσμα,
697 963 745 989 καὶ
774 963 983 999 παραστήσοντα

194 1008 243 1043 τὴν
255 1008 357 1040 εἰκόνα,
370 1009 417 1035 καὶ.
428 1008 467 1044 τῷ
481 1008 538 1036 ἄνω
552 1008 646 1045 κόσμῳ
659 1009 691 1045 δη
697 1010 897 1046 μιουργήσοντα
913 1009 981 1044 (42),

195 1054 242 1081 καὶ
255 1053 286 1081 τὸ
309 1053 402 1089 μεῖζον
418 1054 514 1088 εἰπεῖν,
535 1053 602 1081 Θεὸν
623 1054 762 1090 ἐσόμενον,
789 1055 836 1082 καὶ
857 1055 984 1090 θεοποιή-

196 1108 276 1127 σοντα
287 1109 295 1133 ;

230 1145 288 1174 ΟΔ’.
309 1145 376 1174 Οἶδα
394 1146 467 1179 τίνος
483 1147 567 1183 ἐσμὲν
580 1146 742 1183 λειτουργοὶ,
765 1147 813 1174 καὶ
828 1146 879 1174 ποῦ
893 1146 985 1182 κείμε-

195 1199 246 1224 νοι,
258 1192 306 1219 καὶ
318 1191 371 1219 ποῦ
390 1192 545 1228 πέμποντες
554 1200 561 1207 ⁶
578 1190 636 1219 οἶδα
656 1192 703 1219 τοῦ
718 1191 786 1218 Θεοῦ
799 1192 830 1219 τὸ
845 1191 922 1227 ὕψος,
936 1192 984 1219 καὶ

195 1237 244 1274 τὴν
260 1238 435 1274 ἀνθρωπίνην
447 1237 599 1270 ἀσθένειαν,
613 1237 661 1264 καὶ
677 1237 728 1273 τὴν
747 1237 860 1273 δύναμιν
884 1237 982 1264 πάλιψ

197 1287 330 1320 Οὐρανὸς
340 1285 471 1320 ὑψηλὸς,
483 1284 522 1321 γῆ
530 1284 565 1312 δὲ
572 1284 690 1317 βαθεῖα.
699 1285 753 1311 Καὶ
762 1285 805 1316 τίς
817 1284 984 1321 ἀναϐήσεται

195 1332 248 1359 τῶν
265 1332 440 1368 ὲρῤιμμένων
461 1333 494 1368 τῇ
510 1330 650 1368 ἁμαρτίᾳ;
669 1331 718 1363 Τίς
737 1331 926 1367 περικείμενος
943 1330 984 1357 ἔτι

194 1378 241 1405 τὸν
257 1379 332 1405 κάτω
347 1378 428 1413 ζόφον
451 1377 499 1405 καὶ
521 1378 571 1413 τῆς
587 1377 687 1413 σαρκὸς
702 1376 751 1413 τὴν
768 1377 910 1413 παχύτητα
932 1376 985 1412 ὅλῳ

195 1423 237 1451 νοῒ
253 1423 382 1460 καθαρῶς
405 1423 568 1450 ἐποπτεύσει
594 1422 657 1450 νοῦν
678 1423 748 1456 ὅλον,
770 1423 817 1449 καὶ
839 1423 985 1459 μιγήσεται

195 1471 252 1502 τοῖς
270 1470 369 1496 ἑστῶσι
385 1469 433 1497 καὶ
449 1470 575 1505 ἁοράτοις
590 1469 619 1496 ὲν
632 1470 688 1500 τοῖς
708 1469 836 1501 ἁστὰτοις
855 1468 903 1496 καὶ
917 1470 986 1505 ὁρω-

197 1516 303 1552 μένοις;
320 1516 404 1548 Μόλις
417 1515 472 1551 γὰρ
484 1515 517 1543 ἄν
535 1524 577 1548 τις
587 1514 703 1542 ἐνταῦθα
715 1515 769 1542 τῶν
786 1515 888 1551 σφόδρα
901 1523 985 1542 κεκα-

196 1563 338 1599 θαρμένων
355 1563 402 1590 καὶ
420 1562 529 1589 εἴδωλον
555 1561 613 1598 (45)
629 1561 677 1589 τοῦ
704 1560 788 1588 καλοῦ
809 1561 984 1597 θεωρήσειεν,

196 1608 292 1645 ὥσπερ
301 1609 326 1635 ot
340 1609 384 1636 τὸν
394 1608 471 1644 ἥλιον
481 1609 510 1635 ἐν
522 1610 579 1640 τοῖς
594 1607 683 1635 ὕδασι.
699 1608 747 1641 Τίς
760 1609 776 1635 ό
783 1607 937 1642 μετρήσας
947 1607 984 1642 τῇ

195 1656 272 1692 χειρὶ
297 1655 332 1682 τὸ
357 1655 446 1690 ὕδωρ,
470 1655 520 1682 καὶ
536 1655 590 1681 τὸν
605 1655 736 1688 οὐρανὸν
757 1653 912 1688 σπιθαμῇ,
937 1653 1005 1679 καὶ,

196 1701 300 1730 πᾶσαν
308 1701 366 1736 τὴν
375 1701 436 1736 γῆν
444 1700 532 1736 opaci
537 1707 547 1732 ;
559 1701 607 1734 Τίς
614 1699 728 1734 ἔστησε
742 1699 779 1726 τὰ
789 1698 843 1733 ὄρη
855 1698 986 1734 σταθμῷ,

196 1748 245 1775 καὶ
257 1750 310 1782 τὰς
320 1747 419 1780 νάπας
429 1746 520 1782 (vri);
536 1747 584 1780 Τίς
597 1747 689 1780 τόπος
703 1745 759 1780 τῆς
768 1745 988 1777 καταπαύσεως

195 1793 300 1828 αὑτοῦ,
315 1793 365 1821 καὶ
383 1793 442 1820 τινι
458 1792 518 1820 τῶν
532 1793 653 1820 πάντων
668 1791 902 1827 ὀμοιωθήσεται;

231 1925 291 1953 OE'.
312 1925 360 1958 Τις
376 1925 391 1952 ὀ
414 1925 530 1960 ποιήσας
555 1923 591 1952 τὰ
617 1924 705 1951 πάντα
728 1924 758 1951 ὲν
773 1923 856 1960 λόγῳ,
882 1924 930 1950 καὶ
953 1925 987 1959 τῇ

197 1972 278 2008 σοφίᾳ
298 1971 507 2004 κατασκευάσας
521 1970 676 2007 ἄνθρωπον,
692 1970 740 1998 καὶ
762 1971 803 2002 εἰς
823 1969 853 1997 ἓν
875 1969 988 2004 ἀγαγὼν

195 2018 231 2046 τὰ
246 2017 386 2051 διεστῶτα,
400 2017 450 2045 καὶ
471 2017 550 2053 μίξας
570 2017 616 2044 τὸν
630 2016 694 2052 χοῦν
713 2016 753 2052 τῷ
774 2017 922 2052 πνεύματι,
940 2016 988 2043 κα)⁸

198 2063 305 2096 συνθεὶς
326 2063 395 2096 ζῶον
415 2063 514 2100 όρατδν
533 2063 582 2090 καὶ
604 2062 731 2098 ἀόρατον,
747 2062 917 2098 πρόσκαιρον
939 2062 988 2089 καὶ

197 2110 340 2142 ἀθάνατον,
364 2109 487 2145 ἐπίγειον
510 2109 558 2137 καὶ
583 2109 720 2145 οὐράνιον,
741 2108 896 2144 ἁπτόμενον
919 2108 988 2135 Θεοῦ

197 2156 245 2183 καὶ
260 2156 291 2183 οὐ
308 2155 569 2193 περιδρασοόμενον,
581 2154 690 2189 ὲγγίζον
702 2154 749 2181 καὶ
763 2153 986 2190 μακρυνόμενονς

197 2199 287 2234 Εἴπω,
302 2201 541 2237 σοφισθήσομαι,
557 2201 640 2236 φησὶν
652 2201 667 2227 ὁ
683 2199 819 2235 Σολομῶν,
838 2199 889 2226 καὶ
909 2199 987 2234 αὑτὴ

1034 961 1267 997 mundoopiticem
1278 966 1351 996 aget,
1365 966 1403 993 et,
1415 966 1457 993 ut,
1472 960 1545 995 quod
1557 959 1644 994 majus
1657 963 1710 992 est,
1723 958 1823 991 dicam,

1033 1008 1100 1036 deus
1110 1009 1173 1042 erit,
1187 1008 1312 1043 aliosque
1328 1007 1393 1035 deos
1406 1006 1533 1041 clliciett,

1070 1139 1189 1169 LXXIV.
1211 1140 1285 1173 Scio,
1296 1139 1375 1175 cujus
1387 1138 1505 1167 ministri
1520 1145 1623 1172 sumus,
1637 1142 1663 1166 et
1676 1137 1721 1166 ubi
1731 1136 1825 1172 jacen-

1035 1193 1085 1220 tes,
1098 1192 1126 1215 et
1137 1194 1190 1223 quo
1204 1187 1351 1214 mittentes.
1368 1186 1442 1219 Scio,
1453 1193 1513 1220 quae
1526 1184 1574 1212 Dei
1587 1185 1751 1218 sublimitas,
1763 1191 1824 1219 quas

1035 1234 1152 1260 humana
1169 1231 1331 1264 inﬁrmitas,
1345 1238 1378 1258 ac
1394 1237 1501 1258 rursum
1517 1229 1638 1264 potentia
1660 1229 1707 1257 sit.
1724 1229 1825 1257 Cazlum

1035 1277 1176 1308 excelsum,
1186 1282 1257 1303 terra
1266 1280 1352 1303 autem
1360 1275 1493 1309 profunda
1501 1274 1535 1301 δ’.
1548 1274 1581 1301 ΕΙ.
1591 1273 1717 1308 quisnam
1728 1281 1825 1302 eorum

1035 1323 1173 1355 ascendet,
1188 1321 1234 1356 qui
1246 1325 1358 1356 peccato
1373 1320 1501 1355 prostrati
1519 1319 1675 1353 sunt?Quis
1689 1318 1825 1347 infernam

1036 1368 1178 1404 caliginem
1195 1372 1224 1395 et
1236 1367 1328 1395 carnis
1342 1366 1497 1394 crassitiem
1516 1366 1606 1393 adhuc
1626 1372 1724 1400 gerens
1736 1385 1744 1399 ,
1770 1369 1826 1392 tota

1036 1420 1128 1443 mente
1141 1418 1226 1441 totam
1242 1413 1316 1440 illam
1334 1416 1450 1440 mentem
1472 1418 1539 1446 pure
1561 1410 1711 1446 spectabit.
1731 1411 1826 1439 rebus-

1036 1468 1089 1496 que
1102 1459 1247 1488 stabilibus
1261 1458 1335 1486 etab
1354 1457 1493 1486 oculorum
1509 1462 1618 1493 aspectu
1631 1457 1744 1485 remotis
1757 1457 1828 1485 inter

1036 1506 1179 1536 instabiles
1192 1506 1332 1540 oculisque
1346 1504 1485 1538 subiectas
1496 1503 1673 1532 miscebitur?
1686 1503 1737 1531 Vix
1754 1503 1827 1531 enim

1036 1554 1180 1589 quisquam
1194 1553 1240 1580 hic
1256 1559 1350 1580 eorum
1371 1551 1418 1586 qui
1443 1550 1572 1586 majorem
1597 1550 1625 1578 in
1648 1550 1756 1579 modum
1772 1549 1831 1586 5.9

1041 1599 1148 1634 purgati
1161 1602 1235 1631 sunt,
1247 1598 1329 1626 etiam
1346 1597 1433 1633 ipsum
1445 1595 1544 1624 summi
1562 1595 1633 1624 illius
1643 1595 1704 1624 boni
1717 1595 1830 1625 simula-

1038 1650 1115 1670 crum
1128 1649 1240 1671 cernere
1257 1647 1357 1677 queat,
1374 1649 1428 1670 non
1450 1648 1530 1669 secus
1545 1643 1628 1675 atque
1647 1641 1665 1669 ii
1683 1641 1728 1676 qui
1744 1641 1829 1669 solem

1039 1689 1066 1715 in
1081 1688 1160 1724 aquis
1173 1688 1324 1716 intuentur.
1342 1687 1409 1720 Quir
1417 1694 1523 1715 mensus
1537 1691 1683 1720 estaquam
1698 1694 1789 1718 malm,
1803 1691 1828 1713 et

1038 1736 1131 1763 calum
1153 1735 1261 1769 palmo,
1283 1739 1308 1762 et
1332 1735 1479 1762 uniuersam
1504 1738 1603 1760 terram
1622 1732 1743 1768 pugillo?
1762 1732 1829 1765 Quis

1037 1782 1131 1811 statuit
1152 1781 1253 1809 montes
1274 1781 1302 1807 in
1325 1780 1456 1815 pondere,
1478 1784 1503 1807 et
1520 1779 1599 1808 siluas
1621 1779 1649 1806 in
1668 1784 1767 1806 statera
1781 1778 1830 1805 "?

1039 1829 1106 1862 Quir
1117 1827 1191 1855 locus
1204 1827 1328 1862 requietis
1344 1827 1401 1861 ejus
1410 1825 1444 1858 ³⁸,
1469 1829 1494 1852 et
1514 1825 1557 1852 cui
1571 1832 1603 1852 ea;
1617 1824 1738 1852 omnibus
1752 1823 1830 1851 rebus

1038 1873 1233 1902 assimilabitur
1249 1871 1295 1899 ⁸⁸ἳ

1073 1918 1183 1947 LXXV.
1203 1917 1271 1952 Quis
1287 1922 1330 1945 est
1344 1917 1389 1952 qui
1403 1917 1494 1945 omnia
1511 1916 1538 1945 in
1558 1915 1642 1944 verbo
1653 1915 1742 1943 ellecit
1753 1915 1787 1949 ⁸⁸,
1802 1919 1830 1943 et

1037 1965 1171 2002 sapientia
1184 1965 1321 1993 hominem
1333 1963 1465 1997 condidit,
1484 1971 1516 1991 ac
1531 1970 1576 1991 res
1591 1963 1662 1990 inter
1675 1969 1705 1990 se
1716 1962 1829 1990 dissitas
1873 1955 1875 1958 ’

1038 2010 1194 2045 copulavit,
1215 2014 1372 2044 terramque
1392 2009 1501 2044 spiritui
1525 2009 1654 2041 miscuit,
1671 2007 1830 2044 animatque

1038 2055 1146 2085 visib‘ile
1157 2060 1186 2084 et
1200 2055 1338 2084 invisibile
1351 2055 1516 2090 composuit,
1524 2055 1657 2082 caducum
1672 2058 1700 2082 et
1712 2053 1825 2081 immor-

1039 2103 1103 2137 tale,
1123 2106 1252 2131 terrestre
1266 2106 1293 2129 et
1306 2101 1430 2134 caeleste,
1447 2101 1531 2129 Deum
1544 2102 1681 2136 attingens
1691 2107 1743 2128 nec
1754 2106 1830 2128 com-

1038 2149 1234 2185 prehenderis,
1259 2148 1482 2183 appropinquans
1505 2151 1534 2174 et
1556 2146 1650 2182 procul
1677 2145 1830 2174 recedens?

1039 2195 1103 2223 Dixi
1114 2203 1124 2222 :
1136 2194 1249 2230 Sapiens
1266 2194 1371 2229 efﬁciar
1382 2213 1390 2226 ,
1409 2194 1447 2221 ait
1470 2193 1598 2222 Salomon
1611 2200 1618 2220 :
1630 2197 1657 2220 at
1676 2193 1733 2228 ipsa
1748 2192 1830 2220 multa

197 2246 366 2282 ἐμακρύνθη
381 2247 432 2274 ἀπ’
450 2246 524 2281 ἐμοῦ
542 2245 661 2281 μακρὸν
680 2244 757 2279 ὑπὲρ
771 2244 787 2271 ὃ
801 2242 851 2280 ἦν,
869 2244 919 2280 τὴν
942 2253 984 2271 σο-

1038 2250 1117 2278 quam
1133 2247 1193 2269 ante
1207 2242 1310 2277 longius
1333 2250 1349 2269 α
1372 2249 1413 2268 me
1433 2241 1537 2268 recessit
1549 2240 1583 2274 ⁸⁷,
1605 2247 1702 2275 nempe
1723 2239 1832 2274 sapien-

197 2291 262 2327 φίαν
279 2292 366 2326 λέγων
380 2291 446 2328 (44).
471 2291 527 2318 Kal.
546 2290 631 2323 ὅντως
650 2291 665 2317 ὁ
684 2289 856 2324 προστιθεὶς
875 2288 984 2324 γνῶσιν

1041 2290 1107 2318 tiam
1120 2289 1225 2317 dicens.
1244 2289 1284 2317 Ac
1295 2296 1362 2317 sane
1375 2288 1422 2323 qui
1437 2288 1512 2315 addit
1526 2287 1675 2319 scientiam,
1690 2286 1764 2314 addit
1780 2285 1831 2313 do-

199 2337 398 2372 προστίθησιν
416 2337 550 2372 ἄλγημαο
568 2337 599 2364 οὺ
616 2335 715 2372 μᾶλλον
735 2335 926 2372 εὐφραίνοντος
941 2334 984 2362 τοῦ

1043 2336 1126 2364 torem
1135 2336 1168 2364 ⁸⁸.
1181 2335 1286 2371 Quippe
1297 2343 1358 2363 cum
1367 2343 1420 2363 non
1431 2334 1492 2371 plus
1503 2334 1605 2362 laetitia:
1615 2333 1711 2361 allerat
1721 2332 1748 2360 id
1759 2332 1832 2368 quod

229 2408 252 2424 "
266 2407 361 2436 Matth.
378 2415 443 2440 aut.
459 2407 489 2439 5;
507 2407 573 2435 Luc.
586 2415 647 2439 vni.
662 2407 689 2434 6.
741 2406 764 2423 ⁷⁹
782 2405 848 2435 Luc.
863 2414 901 2440 Vt,
914 2406 965 2439 48;

1035 2406 1081 2434 ith.
1096 2413 1146 2438 vn,
1161 2405 1207 2432 26.
1261 2404 1286 2422 ⁸⁸
1300 2404 1391 2433 Eccle.
1408 2413 1436 2437 ι.
1461 2403 1505 2432 16.
1518 2439 1525 2440 7
1548 2402 1747 2440 “VPIIWKIXIX
1759 2422 1766 2433 ,

199 2444 222 2460 "
238 2444 316 2471 Prov.
334 2451 397 2475 xxv.
410 2437 456 2471 δί.
484 2437 576 2470 ’³³Ιεο.
591 2450 625 2470 xl.
642 2437 688 2470 12.
725 2441 749 2457 “
765 2442 816 2469 lsa.
831 2437 905 2475 uri,
922 2437 963 2468 LV

199 2480 222 2496 "
234 2479 326 2508 Eccle.
346 2487 374 2512 ι,
389 2479 434 2507 18.

1038 2449 1078 2469 sa.
1095 2437 1143 2474 xc,
1156 2441 1199 2475 l8,
1212 2440 1259 2469 25.
1299 2440 1322 2456 ⁸⁸
1331 2440 1402 2468 Psal.
1415 2448 1502 2472 xuii,
1512 2439 1539 2468 6.
1577 2439 1599 2455 ³⁷
1615 2438 1706 2466 Eccle.
1720 2445 1768 2471 vn,
1785 2437 1831 2464 2L.

199 2549 363 2585 σπέρμασιν.
382 2545 583 2585 Caeterumiste
604 2545 726 2585 Gregorii
754 2544 838 2579 locus,
857 2544 903 2580 qui
919 2544 988 2585 ditii-

198 2580 298 2613 cultate
314 2591 367 2611 non
390 2588 476 2614 caret.
500 2582 541 2610 sic
565 2582 639 2609 reddi
657 2580 762 2616 potest:
789 2590 798 2606 ι
821 2587 915 2608 verum
928 2580 987 2607 haec

199 2619 325 2648 celeritas
341 2626 435 2653 parum
455 2617 537 2646 etiam
564 2621 634 2653 tuta,
654 2624 687 2653 ac
712 2616 860 2653 periculum
880 2619 933 2653 est,
952 2622 986 2642 ne

197 2655 270 2689 quod
295 2654 324 2681 ιιι
337 2650 467 2689 prmcipitj
475 2652 575 2685 studio,
595 2652 637 2689 vel
655 2652 688 2679 iis
704 2650 820 2689 illorum
852 2650 985 2677 seminum

198 2685 286 2717 simile
297 2685 345 2722 sit,
361 2685 434 2716 reti.
451 2688 546 2715 Posset
566 2687 647 2715 etiam
666 2687 738 2722 quis,
759 2685 807 2713 καὶ
829 2693 986 2722 κατεσπου-

197 2721 341 2760 δασμένον,
367 2723 407 2751 sic
432 2723 627 2758 interpretari:
653 2731 664 2749 ι
687 2723 750 2750 licet
768 2721 890 2749 maxima
918 2727 986 2748 cura

199 2762 370 2787 adhibeatur.
389 2768 399 2784 ›

1042 2551 1149 2580 agendi,
1160 2551 1279 2579 peccari.

1140 2579 1224 2619 ιζαρὰ
1238 2579 1342 2619 ταῦτα.
1358 2578 1432 2619 σουλ
1441 2578 1509 2619 «ωε
1524 2576 1662 2619 neglectis.
1681 2586 1748 2619 At,”

1086 2610 1131 2651 41)
1148 2610 1398 2657 Σῦςνιερεύσοντα.
1412 2614 1537 2649 Quinque
1547 2610 1646 2648 [ἱρηη
1663 2617 1690 2640 et
1701 2610 1786 2639 Coisl.
1807 2612 1834 2643 Ι,

1039 2658 1088 2676 συν
1092 2659 1113 2676 ιε
1117 2658 1294 2686 ρατευσοντα.

1076 2680 1131 2720 (Δῖ)
1156 2684 1430 2720 Δημιουργήσοντα.
1461 2693 1471 2710 ι
1498 2683 1549 2718 Qui
1571 2680 1706 2718 superiori
1731 2680 1835 2709 mundo

1039 2727 1150 2755 operam
1165 2728 1240 2747 suam
1261 2721 1411 2754 praestabit.
1429 2730 1438 2745 I

1076 2755 1132 2791 (ιδ)
1160 2755 1215 2783 Kal
1243 2751 1380 2783 εῐδωλον.
1392 2790 1396 2791 ν
1407 2755 1453 2782 Sic
1463 2759 1525 2791 octo
1541 2753 1638 2791 ngg.,
1662 2751 1743 2791 Colb_.
1755 2753 1814 2791 qui!
1829 2767 1835 2773 -

246 2795 292 2830 58)
311 2793 463 2829 Σολομῶν.
484 2793 565 2821 Deest
590 2793 617 2820 in
632 2792 751 2828 quinque
762 2791 858 2829 Regg.,
881 2796 984 2827 septem

1042 2787 1184 2830 que,.les.,
1200 2791 1247 2819 0r.
1262 2790 1289 2824 1,
1303 2801 1312 2816 ι
1329 2791 1375 2818 Vel
1391 2790 1478 2825 ipsum
1491 2787 1679 2818 simulacrum.
1695 2798 1706 2815 ι
1722 2787 1772 2817 Ed;
1783 2787 1836 2815 κᾶν

200 2826 292 2901 (Ζοίξῶ
302 2831 464 2893 (δέλτων.
476 2873 485 2890 ι
503 2862 591 2891 Minus
606 2862 718 2897 aliquid.
739 2872 749 2889 )
777 2861 825 2890 llis
843 2862 936 2890 verbis
952 2863 984 2890 si-

200 2902 308 2925 nnittcat
324 2901 482 2925 Gregorius.
496 2898 635 2925 celeritate
649 2898 787 2925 loquendi.
806 2899 896 2925 minus
905 2906 984 2925 auaui

1040 2826 1211 2925 ἓῗᾷὲῗνῖὴν
1223 2861 1337 2896 σοφίαν
1349 2860 1456 2895 λέγων.
1472 2859 1535 2888 Haec
1554 2860 1647 2888 omisit
1663 2861 1689 2888 in
1711 2859 1835 2889 versione

1063 2906 1069 2924 Ι
1093 2906 1142 2925 IIIS.

199 2897 308 2934 gniﬁcat
324 2901 482 2935 Gregorius,
496 2898 635 2927 celeritate
649 2898 787 2934 loquendi,
806 2899 896 2926 minus
905 2906 987 2933 quam
1040 2897 1142 2926 Billius.
