  <div class='ocr_page' id='page_1' title='image "/cluster/home/n/w/nwhite01/storage/ocr_20150623/35/njp.32101077772554/251.png"; bbox 0 0 2070 3135; ppageno 0'>
   <div class='ocr_carea' id='block_1_1' title="bbox 225 166 279 196">
    <p class='ocr_par' dir='ltr' id='par_1_1' title="bbox 225 166 279 196">
     <span class='ocr_line' id='line_1_1' title="bbox 225 166 279 196; baseline -0.037 0"><span class='ocrx_word' id='word_1_1' title='bbox 225 166 279 196; x_wconf 70' lang='grc' dir='ltr'>ιεδ</span> 
     </span>
    </p>
   </div>
   <div class='ocr_carea' id='block_1_2' title="bbox 846 161 1258 191">
    <p class='ocr_par' dir='ltr' id='par_1_2' title="bbox 846 161 1258 191">
     <span class='ocr_line' id='line_1_2' title="bbox 846 161 1258 191; baseline -0.007 0"><span class='ocrx_word' id='word_1_2' title='bbox 846 163 876 191; x_wconf 87' lang='lat' dir='ltr'><strong>S.</strong></span> <span class='ocrx_word' id='word_1_3' title='bbox 896 161 1062 191; x_wconf 77' lang='lat' dir='ltr'><strong>GBEGORII</strong></span> <span class='ocrx_word' id='word_1_4' title='bbox 1082 161 1258 189; x_wconf 84' lang='lat' dir='ltr'><strong>THEOLOGI</strong></span> 
     </span>
    </p>
   </div>
   <div class='ocr_carea' id='block_1_3' title="bbox 1803 158 1854 188">
    <p class='ocr_par' dir='ltr' id='par_1_3' title="bbox 1803 158 1854 188">
     <span class='ocr_line' id='line_1_3' title="bbox 1803 158 1854 188; baseline 0 0"><span class='ocrx_word' id='word_1_5' title='bbox 1803 158 1854 188; x_wconf 57' lang='lat' dir='ltr'><strong>J84</strong></span> 
     </span>
    </p>
   </div>
   <div class='ocr_carea' id='block_1_4' title="bbox 226 218 1020 258">
    <p class='ocr_par' dir='ltr' id='par_1_4' title="bbox 226 221 1019 258">
     <span class='ocr_line' id='line_1_4' title="bbox 226 221 1019 258; baseline -0.004 -7"><span class='ocrx_word' id='word_1_6' title='bbox 226 225 366 252; x_wconf 89' lang='lat' dir='ltr'><strong>inventum</strong></span> <span class='ocrx_word' id='word_1_7' title='bbox 384 227 436 256; x_wconf 86' lang='lat' dir='ltr'><strong>est,</strong></span> <span class='ocrx_word' id='word_1_8' title='bbox 452 230 533 258; x_wconf 89' lang='lat' dir='ltr'><strong>quam</strong></span> <span class='ocrx_word' id='word_1_9' title='bbox 551 222 694 255; x_wconf 70' lang='lat' dir='ltr'><strong>molestiae.</strong></span> <span class='ocrx_word' id='word_1_10' title='bbox 708 222 735 248; x_wconf 91' lang='lat' dir='ltr'><strong>id</strong></span> <span class='ocrx_word' id='word_1_11' title='bbox 754 222 826 255; x_wconf 87' lang='lat' dir='ltr'><strong>quod</strong></span> <span class='ocrx_word' id='word_1_12' title='bbox 837 221 949 256; x_wconf 76' lang='lat' dir='ltr'><strong>effugit:</strong></span> <span class='ocrx_word' id='word_1_13' title='bbox 964 228 1019 254; x_wconf 87' lang='lat' dir='ltr'><strong>quo</strong></span> 
     </span>
    </p>
   </div>
   <div class='ocr_carea' id='block_1_5' title="bbox 1072 218 1854 258">
    <p class='ocr_par' dir='ltr' id='par_1_5' title="bbox 1072 218 1854 255">
     <span class='ocr_line' id='line_1_5' title="bbox 1072 218 1854 255; baseline -0.001 -9"><span class='ocrx_word' id='word_1_14' title='bbox 1072 219 1226 255; x_wconf 77' lang='grc' dir='ltr'><strong>εὑρεθέντος</strong></span> <span class='ocrx_word' id='word_1_15' title='bbox 1242 219 1298 255; x_wconf 70' lang='lat' dir='ltr'><strong>(L5)</strong></span> <span class='ocrx_word' id='word_1_16' title='bbox 1316 219 1333 255; x_wconf 77' lang='grc' dir='ltr'>ἢ</span> <span class='ocrx_word' id='word_1_17' title='bbox 1349 219 1476 251; x_wconf 83' lang='grc' dir='ltr'>ὰνιῶντος</span> <span class='ocrx_word' id='word_1_18' title='bbox 1491 219 1537 245; x_wconf 84' lang='grc' dir='ltr'><strong>τοῦ</strong></span> <span class='ocrx_word' id='word_1_19' title='bbox 1553 218 1759 253; x_wconf 71' lang='grc' dir='ltr'>διαφεύγοντοςσ</span> <span class='ocrx_word' id='word_1_20' title='bbox 1775 218 1854 255; x_wconf 82' lang='grc' dir='ltr'>ὅπερ,</span> 
     </span>
    </p>
   </div>
   <div class='ocr_carea' id='block_1_6' title="bbox 226 268 1018 304">
    <p class='ocr_par' dir='ltr' id='par_1_6' title="bbox 226 268 1018 304">
     <span class='ocr_line' id='line_1_6' title="bbox 226 268 1018 304; baseline -0.004 -7"><span class='ocrx_word' id='word_1_21' title='bbox 226 270 325 303; x_wconf 86' lang='lat' dir='ltr'><strong>modo,</strong></span> <span class='ocrx_word' id='word_1_22' title='bbox 344 270 377 297; x_wconf 90' lang='lat' dir='ltr'><strong>iis</strong></span> <span class='ocrx_word' id='word_1_23' title='bbox 388 290 396 302; x_wconf 85' lang='lat'><strong>,</strong></span> <span class='ocrx_word' id='word_1_24' title='bbox 415 275 445 297; x_wconf 91' lang='lat' dir='ltr'><strong>ut</strong></span> <span class='ocrx_word' id='word_1_25' title='bbox 460 270 568 304; x_wconf 86' lang='lat' dir='ltr'><strong>opinor,</strong></span> <span class='ocrx_word' id='word_1_26' title='bbox 584 277 633 296; x_wconf 83' lang='lat' dir='ltr'><strong>usu</strong></span> <span class='ocrx_word' id='word_1_27' title='bbox 652 269 746 296; x_wconf 87' lang='lat' dir='ltr'><strong>venire</strong></span> <span class='ocrx_word' id='word_1_28' title='bbox 762 268 847 300; x_wconf 86' lang='lat' dir='ltr'><strong>solet,</strong></span> <span class='ocrx_word' id='word_1_29' title='bbox 871 268 933 302; x_wconf 88' lang='lat' dir='ltr'><strong>qui,</strong></span> <span class='ocrx_word' id='word_1_30' title='bbox 956 274 1018 294; x_wconf 89' lang='lat' dir='ltr'><strong>eum</strong></span> 
     </span>
    </p>
   </div>
   <div class='ocr_carea' id='block_1_7' title="bbox 225 312 1017 348">
    <p class='ocr_par' dir='ltr' id='par_1_7' title="bbox 225 312 1017 348">
     <span class='ocr_line' id='line_1_7' title="bbox 225 312 1017 348; baseline -0.004 -6"><span class='ocrx_word' id='word_1_31' title='bbox 225 316 316 343; x_wconf 86' lang='lat' dir='ltr'><strong>adhuc</strong></span> <span class='ocrx_word' id='word_1_32' title='bbox 329 316 374 342; x_wconf 87' lang='lat' dir='ltr'><strong>siti</strong></span> <span class='ocrx_word' id='word_1_33' title='bbox 385 315 523 347; x_wconf 86' lang='lat' dir='ltr'><strong>laborent,</strong></span> <span class='ocrx_word' id='word_1_34' title='bbox 542 315 576 342; x_wconf 87' lang='lat' dir='ltr'><strong>ab</strong></span> <span class='ocrx_word' id='word_1_35' title='bbox 587 314 665 348; x_wconf 84' lang='lat' dir='ltr'><strong>aquis</strong></span> <span class='ocrx_word' id='word_1_36' title='bbox 681 314 893 346; x_wconf 83' lang='lat' dir='ltr'><strong>abstrahnutur;</strong></span> <span class='ocrx_word' id='word_1_37' title='bbox 911 317 958 340; x_wconf 86' lang='lat' dir='ltr'><strong>aut</strong></span> <span class='ocrx_word' id='word_1_38' title='bbox 971 312 1017 346; x_wconf 89' lang='lat' dir='ltr'><strong>qui</strong></span> 
     </span>
    </p>
   </div>
   <div class='ocr_carea' id='block_1_8' title="bbox 226 359 1016 395">
    <p class='ocr_par' dir='ltr' id='par_1_8' title="bbox 226 359 1016 395">
     <span class='ocr_line' id='line_1_8' title="bbox 226 359 1016 395; baseline -0.004 -8"><span class='ocrx_word' id='word_1_39' title='bbox 226 361 253 388; x_wconf 93' lang='lat' dir='ltr'><strong>id</strong></span> <span class='ocrx_word' id='word_1_40' title='bbox 267 361 341 395; x_wconf 91' lang='lat' dir='ltr'><strong>quod</strong></span> <span class='ocrx_word' id='word_1_41' title='bbox 359 368 389 388; x_wconf 93' lang='lat' dir='ltr'><strong>se</strong></span> <span class='ocrx_word' id='word_1_42' title='bbox 403 361 504 388; x_wconf 81' lang='lat' dir='ltr'><strong>habere</strong></span> <span class='ocrx_word' id='word_1_43' title='bbox 518 360 695 395; x_wconf 77' lang='lat' dir='ltr'><strong>existimant,</strong></span> <span class='ocrx_word' id='word_1_44' title='bbox 719 359 843 386; x_wconf 86' lang='lat' dir='ltr'><strong>manibus</strong></span> <span class='ocrx_word' id='word_1_45' title='bbox 861 363 954 385; x_wconf 89' lang='lat' dir='ltr'><strong>tenere</strong></span> <span class='ocrx_word' id='word_1_46' title='bbox 970 365 1016 385; x_wconf 87' lang='lat' dir='ltr'><strong>ne-</strong></span> 
     </span>
    </p>
   </div>
   <div class='ocr_carea' id='block_1_9' title="bbox 227 394 1017 440">
    <p class='ocr_par' dir='ltr' id='par_1_9' title="bbox 227 394 1017 440">
     <span class='ocr_line' id='line_1_9' title="bbox 227 394 1017 440; baseline -0.001 -8"><span class='ocrx_word' id='word_1_47' title='bbox 227 394 349 440; x_wconf 78' lang='lat' dir='ltr'><strong>queunt;</strong></span> <span class='ocrx_word' id='word_1_48' title='bbox 367 411 414 432; x_wconf 86' lang='lat' dir='ltr'><strong>aut</strong></span> <span class='ocrx_word' id='word_1_49' title='bbox 431 412 500 440; x_wconf 90' lang='lat' dir='ltr'><strong>quos</strong></span> <span class='ocrx_word' id='word_1_50' title='bbox 514 394 783 440; x_wconf 53' lang='lat' dir='ltr'><strong>fulgetri‘splendore</strong></span> <span class='ocrx_word' id='word_1_51' title='bbox 795 405 957 439; x_wconf 87' lang='lat' dir='ltr'><strong>perstrictos</strong></span> <span class='ocrx_word' id='word_1_52' title='bbox 972 404 1017 431; x_wconf 86' lang='lat' dir='ltr'><strong>lux</strong></span> 
     </span>
    </p>
   </div>
   <div class='ocr_carea' id='block_1_10' title="bbox 227 451 468 479">
    <p class='ocr_par' dir='ltr' id='par_1_10' title="bbox 227 451 468 479">
     <span class='ocr_line' id='line_1_10' title="bbox 227 451 468 479; baseline -0.004 -1"><span class='ocrx_word' id='word_1_53' title='bbox 227 451 320 479; x_wconf 83' lang='lat' dir='ltr'><strong>statim</strong></span> <span class='ocrx_word' id='word_1_54' title='bbox 335 451 468 478; x_wconf 75' lang='lat' dir='ltr'><strong>deseruit.</strong></span> 
     </span>
    </p>
   </div>
   <div class='ocr_carea' id='block_1_11' title="bbox 264 495 1019 527">
    <p class='ocr_par' dir='ltr' id='par_1_11' title="bbox 264 495 1019 527">
     <span class='ocr_line' id='line_1_11' title="bbox 264 495 1019 527; baseline -0.003 -4"><span class='ocrx_word' id='word_1_55' title='bbox 264 495 382 523; x_wconf 78' lang='lat' dir='ltr'><strong>LXXVI.</strong></span> <span class='ocrx_word' id='word_1_56' title='bbox 402 495 459 523; x_wconf 88' lang='lat' dir='ltr'><strong>Hoc</strong></span> <span class='ocrx_word' id='word_1_57' title='bbox 471 503 514 523; x_wconf 90' lang='lat' dir='ltr'><strong>me</strong></span> <span class='ocrx_word' id='word_1_58' title='bbox 530 495 651 522; x_wconf 90' lang='lat' dir='ltr'><strong>inferiori</strong></span> <span class='ocrx_word' id='word_1_59' title='bbox 666 495 726 522; x_wconf 90' lang='lat' dir='ltr'><strong>loco</strong></span> <span class='ocrx_word' id='word_1_60' title='bbox 742 496 860 527; x_wconf 80' lang='lat' dir='ltr'><strong>tenebat,</strong></span> <span class='ocrx_word' id='word_1_61' title='bbox 876 495 1019 522; x_wconf 87' lang='lat' dir='ltr'><strong>humilem-</strong></span> 
     </span>
    </p>
   </div>
   <div class='ocr_carea' id='block_1_12' title="bbox 230 541 1020 577">
    <p class='ocr_par' dir='ltr' id='par_1_12' title="bbox 230 541 1020 577">
     <span class='ocr_line' id='line_1_12' title="bbox 230 541 1020 577; baseline -0.001 -9"><span class='ocrx_word' id='word_1_62' title='bbox 230 549 283 577; x_wconf 90' lang='lat' dir='ltr'><strong>que</strong></span> <span class='ocrx_word' id='word_1_63' title='bbox 298 541 449 573; x_wconf 89' lang='lat' dir='ltr'><strong>reddebat,</strong></span> <span class='ocrx_word' id='word_1_64' title='bbox 470 541 496 568; x_wconf 90' lang='lat' dir='ltr'><strong>in</strong></span> <span class='ocrx_word' id='word_1_65' title='bbox 512 549 628 575; x_wconf 83' lang='lat' dir='ltr'><strong>eamque</strong></span> <span class='ocrx_word' id='word_1_66' title='bbox 651 546 768 568; x_wconf 89' lang='lat' dir='ltr'><strong>mentem</strong></span> <span class='ocrx_word' id='word_1_67' title='bbox 791 541 964 576; x_wconf 82' lang='lat' dir='ltr'><strong>impellebat,</strong></span> <span class='ocrx_word' id='word_1_68' title='bbox 992 546 1020 567; x_wconf 85' lang='grc' dir='ltr'><strong>ιιι</strong></span> 
     </span>
    </p>
   </div>
   <div class='ocr_carea' id='block_1_13' title="bbox 230 587 1019 621">
    <p class='ocr_par' dir='ltr' id='par_1_13' title="bbox 230 587 1019 621">
     <span class='ocr_line' id='line_1_13' title="bbox 230 587 1019 621; baseline 0 -7"><span class='ocrx_word' id='word_1_69' title='bbox 230 587 328 615; x_wconf 88' lang='lat' dir='ltr'><strong>melius</strong></span> <span class='ocrx_word' id='word_1_70' title='bbox 344 595 405 614; x_wconf 85' lang='lat' dir='ltr'><strong>esse</strong></span> <span class='ocrx_word' id='word_1_71' title='bbox 418 595 558 614; x_wconf 80' lang='lat' dir='ltr'><strong>censerem</strong></span> <span class='ocrx_word' id='word_1_72' title='bbox 572 587 661 615; x_wconf 85' lang='lat' dir='ltr'><strong>laudis</strong></span> <span class='ocrx_word' id='word_1_73' title='bbox 676 595 770 614; x_wconf 89' lang='lat' dir='ltr'><strong>vocem</strong></span> <span class='ocrx_word' id='word_1_74' title='bbox 784 588 878 614; x_wconf 88' lang='lat' dir='ltr'><strong>audire</strong></span> <span class='ocrx_word' id='word_1_75' title='bbox 888 587 924 619; x_wconf 71' lang='grc'><strong>⁸⁸,</strong></span> <span class='ocrx_word' id='word_1_76' title='bbox 939 595 1019 621; x_wconf 81' lang='lat' dir='ltr'><strong>quam</strong></span> 
     </span>
    </p>
   </div>
   <div class='ocr_carea' id='block_1_14' title="bbox 230 632 1020 668">
    <p class='ocr_par' dir='ltr' id='par_1_14' title="bbox 230 632 1020 668">
     <span class='ocr_line' id='line_1_14' title="bbox 230 632 1020 668; baseline -0.003 -8"><span class='ocrx_word' id='word_1_77' title='bbox 230 640 325 660; x_wconf 84' lang='lat' dir='ltr'><strong>earum</strong></span> <span class='ocrx_word' id='word_1_78' title='bbox 340 640 443 665; x_wconf 89' lang='lat' dir='ltr'><strong>rerum,</strong></span> <span class='ocrx_word' id='word_1_79' title='bbox 459 640 520 668; x_wconf 66' lang='lat' dir='ltr'><strong>quae</strong></span> <span class='ocrx_word' id='word_1_80' title='bbox 533 633 604 660; x_wconf 93' lang='lat' dir='ltr'><strong>vires</strong></span> <span class='ocrx_word' id='word_1_81' title='bbox 620 640 693 659; x_wconf 87' lang='lat' dir='ltr'><strong>meas</strong></span> <span class='ocrx_word' id='word_1_82' title='bbox 705 637 876 667; x_wconf 85' lang='lat' dir='ltr'><strong>superarent,</strong></span> <span class='ocrx_word' id='word_1_83' title='bbox 891 632 1020 666; x_wconf 79' lang='lat' dir='ltr'><strong>explana-</strong></span> 
     </span>
    </p>
   </div>
   <div class='ocr_carea' id='block_1_15' title="bbox 229 680 1018 716">
    <p class='ocr_par' dir='ltr' id='par_1_15' title="bbox 229 680 1018 716">
     <span class='ocr_line' id='line_1_15' title="bbox 229 680 1018 716; baseline 0 -9"><span class='ocrx_word' id='word_1_84' title='bbox 229 686 316 708; x_wconf 91' lang='lat' dir='ltr'><strong>torem</strong></span> <span class='ocrx_word' id='word_1_85' title='bbox 339 688 382 708; x_wconf 92' lang='lat' dir='ltr'><strong>me</strong></span> <span class='ocrx_word' id='word_1_86' title='bbox 401 681 523 716; x_wconf 85' lang='lat' dir='ltr'><strong>profiteri</strong></span> <span class='ocrx_word' id='word_1_87' title='bbox 537 689 544 707; x_wconf 93' lang='lat'><strong>:</strong></span> <span class='ocrx_word' id='word_1_88' title='bbox 557 687 654 714; x_wconf 83' lang='lat' dir='ltr'><strong>nempe</strong></span> <span class='ocrx_word' id='word_1_89' title='bbox 678 681 807 714; x_wconf 86' lang='lat' dir='ltr'><strong>majestas</strong></span> <span class='ocrx_word' id='word_1_90' title='bbox 820 700 827 712; x_wconf 91' lang='lat'><strong>,</strong></span> <span class='ocrx_word' id='word_1_91' title='bbox 844 685 872 706; x_wconf 89' lang='lat' dir='ltr'><strong>et</strong></span> <span class='ocrx_word' id='word_1_92' title='bbox 885 680 998 707; x_wconf 90' lang='lat' dir='ltr'><strong>altitudo</strong></span> <span class='ocrx_word' id='word_1_93' title='bbox 1011 700 1018 710; x_wconf 91' lang='lat'><em>.</em></span> 
     </span>
    </p>
   </div>
   <div class='ocr_carea' id='block_1_16' title="bbox 228 725 1020 761">
    <p class='ocr_par' dir='ltr' id='par_1_16' title="bbox 228 725 1020 761">
     <span class='ocr_line' id='line_1_16' title="bbox 228 725 1020 761; baseline -0.003 -7"><span class='ocrx_word' id='word_1_94' title='bbox 228 731 256 754; x_wconf 92' lang='lat' dir='ltr'><strong>et</strong></span> <span class='ocrx_word' id='word_1_95' title='bbox 275 727 391 761; x_wconf 76' lang='lat' dir='ltr'><strong>dignitas</strong></span> <span class='ocrx_word' id='word_1_96' title='bbox 404 746 411 759; x_wconf 87' lang='lat'><strong>,</strong></span> <span class='ocrx_word' id='word_1_97' title='bbox 438 731 465 754; x_wconf 91' lang='lat' dir='ltr'><strong>et</strong></span> <span class='ocrx_word' id='word_1_98' title='bbox 481 734 555 761; x_wconf 72' lang='lat' dir='ltr'><strong>pune</strong></span> <span class='ocrx_word' id='word_1_99' title='bbox 575 731 692 757; x_wconf 67' lang='lat' dir='ltr'><strong>naturae,</strong></span> <span class='ocrx_word' id='word_1_100' title='bbox 715 725 760 752; x_wconf 84' lang='lat' dir='ltr'><strong>vix</strong></span> <span class='ocrx_word' id='word_1_101' title='bbox 780 725 827 752; x_wconf 90' lang='lat' dir='ltr'><strong>Dei</strong></span> <span class='ocrx_word' id='word_1_102' title='bbox 849 725 1020 759; x_wconf 87' lang='lat' dir='ltr'><strong>splendorem</strong></span> 
     </span>
    </p>
   </div>
   <div class='ocr_carea' id='block_1_17' title="bbox 228 771 1022 808">
    <p class='ocr_par' dir='ltr' id='par_1_17' title="bbox 228 771 1022 808">
     <span class='ocr_line' id='line_1_17' title="bbox 228 771 1022 808; baseline -0.003 -8"><span class='ocrx_word' id='word_1_103' title='bbox 228 773 385 808; x_wconf 85' lang='lat' dir='ltr'><strong>capientes,</strong></span> <span class='ocrx_word' id='word_1_104' title='bbox 409 781 489 807; x_wconf 85' lang='lat' dir='ltr'><strong>quem</strong></span> <span class='ocrx_word' id='word_1_105' title='bbox 508 773 625 806; x_wconf 83' lang='lat' dir='ltr'><strong>abyssns</strong></span> <span class='ocrx_word' id='word_1_106' title='bbox 642 771 776 807; x_wconf 72' lang='lat' dir='ltr'><strong>operit“,</strong></span> <span class='ocrx_word' id='word_1_107' title='bbox 800 771 877 806; x_wconf 87' lang='lat' dir='ltr'><strong>cujus</strong></span> <span class='ocrx_word' id='word_1_108' title='bbox 904 772 1022 798; x_wconf 78' lang='lat' dir='ltr'><strong>tenebra:</strong></span> 
     </span>
    </p>
   </div>
   <div class='ocr_carea' id='block_1_18' title="bbox 228 816 1021 853">
    <p class='ocr_par' dir='ltr' id='par_1_18' title="bbox 228 816 1021 853">
     <span class='ocr_line' id='line_1_18' title="bbox 228 816 1021 853; baseline -0.003 -8"><span class='ocrx_word' id='word_1_109' title='bbox 228 817 369 845; x_wconf 83' lang='lat' dir='ltr'><strong>latibulum</strong></span> <span class='ocrx_word' id='word_1_110' title='bbox 390 818 496 849; x_wconf 77' lang='lat' dir='ltr'><strong>sunt&quot;,</strong></span> <span class='ocrx_word' id='word_1_111' title='bbox 522 822 615 853; x_wconf 89' lang='lat' dir='ltr'><strong>utpote</strong></span> <span class='ocrx_word' id='word_1_112' title='bbox 631 817 741 844; x_wconf 87' lang='lat' dir='ltr'><strong>luminis</strong></span> <span class='ocrx_word' id='word_1_113' title='bbox 757 816 894 851; x_wconf 91' lang='lat' dir='ltr'><strong>purissimi</strong></span> <span class='ocrx_word' id='word_1_114' title='bbox 913 823 944 843; x_wconf 88' lang='lat' dir='ltr'><strong>ac</strong></span> <span class='ocrx_word' id='word_1_115' title='bbox 963 817 1021 852; x_wconf 93' lang='lat' dir='ltr'><strong>ple-</strong></span> 
     </span>
    </p>
   </div>
   <div class='ocr_carea' id='block_1_19' title="bbox 228 862 1019 898">
    <p class='ocr_par' dir='ltr' id='par_1_19' title="bbox 228 862 1019 898">
     <span class='ocr_line' id='line_1_19' title="bbox 228 862 1019 898; baseline -0.003 -7"><span class='ocrx_word' id='word_1_116' title='bbox 228 864 322 898; x_wconf 85' lang='lat' dir='ltr'><strong>risque</strong></span> <span class='ocrx_word' id='word_1_117' title='bbox 337 864 488 897; x_wconf 83' lang='lat' dir='ltr'><strong>inaccessi;</strong></span> <span class='ocrx_word' id='word_1_118' title='bbox 507 863 554 898; x_wconf 88' lang='lat' dir='ltr'><strong>qui</strong></span> <span class='ocrx_word' id='word_1_119' title='bbox 568 868 596 890; x_wconf 89' lang='lat' dir='ltr'><strong>et</strong></span> <span class='ocrx_word' id='word_1_120' title='bbox 608 863 634 890; x_wconf 92' lang='lat' dir='ltr'><strong>in</strong></span> <span class='ocrx_word' id='word_1_121' title='bbox 647 864 773 890; x_wconf 89' lang='lat' dir='ltr'><strong>universo</strong></span> <span class='ocrx_word' id='word_1_122' title='bbox 786 881 794 894; x_wconf 79' lang='lat'><strong>,</strong></span> <span class='ocrx_word' id='word_1_123' title='bbox 819 867 846 889; x_wconf 91' lang='lat' dir='ltr'><strong>et</strong></span> <span class='ocrx_word' id='word_1_124' title='bbox 865 867 941 890; x_wconf 82' lang='lat' dir='ltr'><strong>extra</strong></span> <span class='ocrx_word' id='word_1_125' title='bbox 961 862 1019 889; x_wconf 90' lang='lat' dir='ltr'><strong>uni-</strong></span> 
     </span>
    </p>
   </div>
   <div class='ocr_carea' id='block_1_20' title="bbox 1068 264 1854 301">
    <p class='ocr_par' dir='ltr' id='par_1_20' title="bbox 1068 264 1854 301">
     <span class='ocr_line' id='line_1_20' title="bbox 1068 264 1854 301; baseline 0 -9"><span class='ocrx_word' id='word_1_126' title='bbox 1068 264 1156 301; x_wconf 78' lang='grc' dir='ltr'>οἷμαι,</span> <span class='ocrx_word' id='word_1_127' title='bbox 1176 266 1249 301; x_wconf 83' lang='grc' dir='ltr'>φιλεῖ</span> <span class='ocrx_word' id='word_1_128' title='bbox 1273 265 1430 301; x_wconf 80' lang='grc' dir='ltr'>συμϐαίνειν</span> <span class='ocrx_word' id='word_1_129' title='bbox 1447 267 1503 297; x_wconf 84' lang='grc' dir='ltr'>τοῖς</span> <span class='ocrx_word' id='word_1_130' title='bbox 1526 265 1567 292; x_wconf 79' lang='grc' dir='ltr'><strong>ἑτι</strong></span> <span class='ocrx_word' id='word_1_131' title='bbox 1589 265 1702 299; x_wconf 81' lang='grc' dir='ltr'><strong>διψῶσιν</strong></span> <span class='ocrx_word' id='word_1_132' title='bbox 1725 265 1854 292; x_wconf 80' lang='grc' dir='ltr'>ἀποσπω-</span> 
     </span>
    </p>
   </div>
   <div class='ocr_carea' id='block_1_21' title="bbox 1070 311 1855 349">
    <p class='ocr_par' dir='ltr' id='par_1_21' title="bbox 1070 311 1855 349">
     <span class='ocr_line' id='line_1_21' title="bbox 1070 311 1855 349; baseline -0.001 -10"><span class='ocrx_word' id='word_1_133' title='bbox 1070 313 1161 349; x_wconf 78' lang='grc' dir='ltr'><strong>μένοις</strong></span> <span class='ocrx_word' id='word_1_134' title='bbox 1181 312 1293 344; x_wconf 82' lang='grc' dir='ltr'>ὖδατος·</span> <span class='ocrx_word' id='word_1_135' title='bbox 1312 313 1328 347; x_wconf 89' lang='grc' dir='ltr'><strong>ῆ</strong></span> <span class='ocrx_word' id='word_1_136' title='bbox 1346 313 1458 348; x_wconf 80' lang='grc' dir='ltr'><strong>κρατεῖν</strong></span> <span class='ocrx_word' id='word_1_137' title='bbox 1480 321 1506 338; x_wconf 90' lang='grc' dir='ltr'><strong>τι</strong></span> <span class='ocrx_word' id='word_1_138' title='bbox 1528 312 1560 338; x_wconf 77' lang='grc' dir='ltr'>οὐ</span> <span class='ocrx_word' id='word_1_139' title='bbox 1584 311 1758 347; x_wconf 76' lang='grc' dir='ltr'><strong>δυναμένοις,</strong></span> <span class='ocrx_word' id='word_1_140' title='bbox 1785 311 1855 347; x_wconf 73' lang='grc' dir='ltr'>ἔχειν</span> 
     </span>
    </p>
   </div>
   <div class='ocr_carea' id='block_1_22' title="bbox 1068 356 1855 393">
    <p class='ocr_par' dir='ltr' id='par_1_22' title="bbox 1068 356 1855 393">
     <span class='ocr_line' id='line_1_22' title="bbox 1068 356 1855 393; baseline 0 -9"><span class='ocrx_word' id='word_1_141' title='bbox 1068 356 1239 393; x_wconf 78' lang='grc' dir='ltr'><strong>νομίζουσιν·</strong></span> <span class='ocrx_word' id='word_1_142' title='bbox 1262 358 1279 384; x_wconf 76' lang='grc' dir='ltr'><strong>ἢ</strong></span> <span class='ocrx_word' id='word_1_143' title='bbox 1301 357 1348 389; x_wconf 79' lang='grc' dir='ltr'>οὓς</span> <span class='ocrx_word' id='word_1_144' title='bbox 1374 357 1494 392; x_wconf 82' lang='grc' dir='ltr'><strong>ἀπῆλθεν</strong></span> <span class='ocrx_word' id='word_1_145' title='bbox 1520 356 1600 389; x_wconf 81' lang='grc' dir='ltr'>εὐθὺς</span> <span class='ocrx_word' id='word_1_146' title='bbox 1625 357 1754 393; x_wconf 78' lang='grc' dir='ltr'>ἀστραπὴ</span> <span class='ocrx_word' id='word_1_147' title='bbox 1780 365 1855 393; x_wconf 80' lang='grc' dir='ltr'>περι-</span> 
     </span>
    </p>
   </div>
   <div class='ocr_carea' id='block_1_23' title="bbox 1069 404 1212 440">
    <p class='ocr_par' dir='ltr' id='par_1_23' title="bbox 1069 404 1212 440">
     <span class='ocr_line' id='line_1_23' title="bbox 1069 404 1212 440; baseline -0.007 -9"><span class='ocrx_word' id='word_1_148' title='bbox 1069 404 1212 440; x_wconf 80' lang='grc' dir='ltr'>λάμψασα.</span> 
     </span>
    </p>
   </div>
   <div class='ocr_carea' id='block_1_24' title="bbox 1104 490 1857 528">
    <p class='ocr_par' dir='ltr' id='par_1_24' title="bbox 1104 490 1857 528">
     <span class='ocr_line' id='line_1_24' title="bbox 1104 490 1857 528; baseline -0.004 -8"><span class='ocrx_word' id='word_1_149' title='bbox 1104 494 1173 527; x_wconf 68' lang='lat' dir='ltr'><strong>OG’.</strong></span> <span class='ocrx_word' id='word_1_150' title='bbox 1182 492 1267 519; x_wconf 83' lang='grc' dir='ltr'>Τοῦτό</span> <span class='ocrx_word' id='word_1_151' title='bbox 1280 501 1312 528; x_wconf 90' lang='grc' dir='ltr'><strong>με</strong></span> <span class='ocrx_word' id='word_1_152' title='bbox 1325 501 1384 527; x_wconf 80' lang='grc' dir='ltr'>,στη</span> <span class='ocrx_word' id='word_1_153' title='bbox 1396 492 1481 523; x_wconf 83' lang='grc' dir='ltr'>κάτω,</span> <span class='ocrx_word' id='word_1_154' title='bbox 1493 500 1540 518; x_wconf 86' lang='grc' dir='ltr'><strong>και</strong></span> <span class='ocrx_word' id='word_1_155' title='bbox 1553 491 1680 518; x_wconf 80' lang='grc' dir='ltr'>ταπεινὸν</span> <span class='ocrx_word' id='word_1_156' title='bbox 1691 491 1778 517; x_wconf 87' lang='grc' dir='ltr'>ἐποίει</span> <span class='ocrx_word' id='word_1_157' title='bbox 1788 490 1857 526; x_wconf 67' lang='grc'><strong>(46),</strong></span> 
     </span>
    </p>
   </div>
   <div class='ocr_carea' id='block_1_25' title="bbox 1070 535 1857 573">
    <p class='ocr_par' dir='ltr' id='par_1_25' title="bbox 1070 535 1857 573">
     <span class='ocr_line' id='line_1_25' title="bbox 1070 535 1857 573; baseline -0.003 -9"><span class='ocrx_word' id='word_1_158' title='bbox 1070 538 1118 565; x_wconf 76' lang='grc' dir='ltr'>καὶ</span> <span class='ocrx_word' id='word_1_159' title='bbox 1138 535 1207 564; x_wconf 70' lang='grc' dir='ltr'>εἶναι</span> <span class='ocrx_word' id='word_1_160' title='bbox 1232 538 1335 573; x_wconf 73' lang='grc' dir='ltr'>βέλτιον</span> <span class='ocrx_word' id='word_1_161' title='bbox 1352 537 1460 563; x_wconf 81' lang='grc' dir='ltr'>ἔπειθεν</span> <span class='ocrx_word' id='word_1_162' title='bbox 1478 536 1586 563; x_wconf 76' lang='grc' dir='ltr'>ἀκούειν</span> <span class='ocrx_word' id='word_1_163' title='bbox 1611 537 1702 572; x_wconf 81' lang='grc' dir='ltr'>φωνὴν</span> <span class='ocrx_word' id='word_1_164' title='bbox 1718 536 1857 568; x_wconf 76' lang='grc' dir='ltr'>αἰνέσεως,</span> 
     </span>
    </p>
   </div>
   <div class='ocr_carea' id='block_1_26' title="bbox 1070 582 1859 620">
    <p class='ocr_par' dir='ltr' id='par_1_26' title="bbox 1070 582 1859 620">
     <span class='ocr_line' id='line_1_26' title="bbox 1070 582 1859 620; baseline -0.001 -9"><span class='ocrx_word' id='word_1_165' title='bbox 1070 584 1086 620; x_wconf 82' lang='grc' dir='ltr'>ἢ</span> <span class='ocrx_word' id='word_1_166' title='bbox 1102 584 1236 619; x_wconf 83' lang='grc' dir='ltr'>ἐξηγητὴν</span> <span class='ocrx_word' id='word_1_167' title='bbox 1250 582 1319 611; x_wconf 82' lang='grc' dir='ltr'>εἶναι</span> <span class='ocrx_word' id='word_1_168' title='bbox 1338 584 1391 610; x_wconf 74' lang='grc' dir='ltr'><strong>τῶν</strong></span> <span class='ocrx_word' id='word_1_169' title='bbox 1409 584 1477 619; x_wconf 86' lang='grc' dir='ltr'>ὺπέρ</span> <span class='ocrx_word' id='word_1_170' title='bbox 1492 583 1604 618; x_wconf 85' lang='grc' dir='ltr'>δύναμιν</span> <span class='ocrx_word' id='word_1_171' title='bbox 1614 591 1621 598; x_wconf 76' lang='grc'><em>”</em></span> <span class='ocrx_word' id='word_1_172' title='bbox 1637 584 1653 619; x_wconf 83' lang='grc' dir='ltr'>ἡ</span> <span class='ocrx_word' id='word_1_173' title='bbox 1669 583 1859 618; x_wconf 76' lang='grc' dir='ltr'>μεγαλειότης,</span> 
     </span>
    </p>
   </div>
   <div class='ocr_carea' id='block_1_27' title="bbox 1070 629 1859 666">
    <p class='ocr_par' dir='ltr' id='par_1_27' title="bbox 1070 629 1859 666">
     <span class='ocr_line' id='line_1_27' title="bbox 1070 629 1859 666; baseline -0.004 -8"><span class='ocrx_word' id='word_1_174' title='bbox 1070 632 1117 658; x_wconf 80' lang='grc' dir='ltr'>καὶ</span> <span class='ocrx_word' id='word_1_175' title='bbox 1132 631 1162 658; x_wconf 81' lang='grc' dir='ltr'>τὸ</span> <span class='ocrx_word' id='word_1_176' title='bbox 1179 631 1254 666; x_wconf 69' lang='grc' dir='ltr'>ὕψος,</span> <span class='ocrx_word' id='word_1_177' title='bbox 1270 631 1317 658; x_wconf 78' lang='grc' dir='ltr'>καὶ</span> <span class='ocrx_word' id='word_1_178' title='bbox 1333 630 1363 656; x_wconf 76' lang='grc' dir='ltr'><strong>τδ</strong></span> <span class='ocrx_word' id='word_1_179' title='bbox 1377 630 1495 665; x_wconf 84' lang='grc' dir='ltr'>ἀξίωμα,</span> <span class='ocrx_word' id='word_1_180' title='bbox 1511 631 1557 656; x_wconf 71' lang='grc' dir='ltr'>καὶ</span> <span class='ocrx_word' id='word_1_181' title='bbox 1574 630 1603 656; x_wconf 84' lang='grc' dir='ltr'>αἱ</span> <span class='ocrx_word' id='word_1_182' title='bbox 1623 629 1741 663; x_wconf 72' lang='grc' dir='ltr'>καθαραὶ</span> <span class='ocrx_word' id='word_1_183' title='bbox 1765 630 1859 664; x_wconf 83' lang='grc' dir='ltr'>φύσεις</span> 
     </span>
    </p>
   </div>
   <div class='ocr_carea' id='block_1_28' title="bbox 1072 674 1876 712">
    <p class='ocr_par' dir='ltr' id='par_1_28' title="bbox 1072 674 1876 712">
     <span class='ocr_line' id='line_1_28' title="bbox 1072 674 1876 712; baseline -0.001 -9"><span class='ocrx_word' id='word_1_184' title='bbox 1072 677 1148 712; x_wconf 81' lang='grc' dir='ltr'><strong>μόλις</strong></span> <span class='ocrx_word' id='word_1_185' title='bbox 1170 675 1307 712; x_wconf 69' lang='grc' dir='ltr'>χωροῦσαι</span> <span class='ocrx_word' id='word_1_186' title='bbox 1330 675 1398 702; x_wconf 82' lang='grc' dir='ltr'><strong>Θεοῦ</strong></span> <span class='ocrx_word' id='word_1_187' title='bbox 1417 676 1604 711; x_wconf 77' lang='grc' dir='ltr'><strong>λαμπρότητα,</strong></span> <span class='ocrx_word' id='word_1_188' title='bbox 1620 675 1650 701; x_wconf 84' lang='grc' dir='ltr'>ὃν</span> <span class='ocrx_word' id='word_1_189' title='bbox 1667 674 1785 706; x_wconf 74' lang='grc' dir='ltr'>ἄϐυσσος</span> <span class='ocrx_word' id='word_1_190' title='bbox 1807 684 1876 702; x_wconf 82' lang='grc' dir='ltr'>κα·-</span> 
     </span>
    </p>
   </div>
   <div class='ocr_carea' id='block_1_29' title="bbox 1070 720 1858 757">
    <p class='ocr_par' dir='ltr' id='par_1_29' title="bbox 1070 720 1858 757">
     <span class='ocr_line' id='line_1_29' title="bbox 1070 720 1858 757; baseline -0.003 -8"><span class='ocrx_word' id='word_1_191' title='bbox 1070 723 1177 756; x_wconf 82' lang='grc' dir='ltr'>λύπτει,</span> <span class='ocrx_word' id='word_1_192' title='bbox 1198 720 1229 749; x_wconf 78' lang='grc' dir='ltr'><strong>οὗ</strong></span> <span class='ocrx_word' id='word_1_193' title='bbox 1247 723 1340 754; x_wconf 80' lang='grc' dir='ltr'>σκότος</span> <span class='ocrx_word' id='word_1_194' title='bbox 1364 721 1520 757; x_wconf 77' lang='grc' dir='ltr'>ἀποκρυφὴ,</span> <span class='ocrx_word' id='word_1_195' title='bbox 1537 721 1625 756; x_wconf 73' lang='grc' dir='ltr'>φωτὸς</span> <span class='ocrx_word' id='word_1_196' title='bbox 1644 720 1717 752; x_wconf 79' lang='grc' dir='ltr'>ὖντος</span> <span class='ocrx_word' id='word_1_197' title='bbox 1737 720 1784 747; x_wconf 78' lang='grc' dir='ltr'>τοῦ</span> <span class='ocrx_word' id='word_1_198' title='bbox 1808 730 1858 747; x_wconf 86' lang='grc' dir='ltr'>κα-</span> 
     </span>
    </p>
   </div>
   <div class='ocr_carea' id='block_1_30' title="bbox 1071 767 1860 806">
    <p class='ocr_par' dir='ltr' id='par_1_30' title="bbox 1071 767 1860 806">
     <span class='ocr_line' id='line_1_30' title="bbox 1071 767 1860 806; baseline -0.004 -10"><span class='ocrx_word' id='word_1_199' title='bbox 1071 770 1230 806; x_wconf 83' lang='grc' dir='ltr'>θαρωτάτου</span> <span class='ocrx_word' id='word_1_200' title='bbox 1248 770 1295 796; x_wconf 78' lang='grc' dir='ltr'>καὶ</span> <span class='ocrx_word' id='word_1_201' title='bbox 1318 768 1465 804; x_wconf 76' lang='grc' dir='ltr'>ἀπροσίτου</span> <span class='ocrx_word' id='word_1_202' title='bbox 1487 769 1542 799; x_wconf 85' lang='grc' dir='ltr'>τοῖς</span> <span class='ocrx_word' id='word_1_203' title='bbox 1567 767 1701 794; x_wconf 76' lang='grc' dir='ltr'>πλείοσιν·</span> <span class='ocrx_word' id='word_1_204' title='bbox 1719 767 1748 799; x_wconf 87' lang='grc' dir='ltr'>ὃς</span> <span class='ocrx_word' id='word_1_205' title='bbox 1770 767 1799 794; x_wconf 88' lang='grc' dir='ltr'><strong>ἐν</strong></span> <span class='ocrx_word' id='word_1_206' title='bbox 1820 767 1860 802; x_wconf 82' lang='grc' dir='ltr'><strong>τῷ</strong></span> 
     </span>
    </p>
   </div>
   <div class='ocr_carea' id='block_1_31' title="bbox 1071 813 1858 851">
    <p class='ocr_par' dir='ltr' id='par_1_31' title="bbox 1071 813 1858 851">
     <span class='ocr_line' id='line_1_31' title="bbox 1071 813 1858 851; baseline -0.004 -9"><span class='ocrx_word' id='word_1_207' title='bbox 1071 816 1152 842; x_wconf 78' lang='grc' dir='ltr'>παντὶ</span> <span class='ocrx_word' id='word_1_208' title='bbox 1173 815 1252 851; x_wconf 81' lang='grc' dir='ltr'>τῷδε,</span> <span class='ocrx_word' id='word_1_209' title='bbox 1275 815 1385 842; x_wconf 75' lang='grc' dir='ltr'>καὶτοῦ</span> <span class='ocrx_word' id='word_1_210' title='bbox 1411 814 1512 846; x_wconf 83' lang='grc' dir='ltr'>παντός</span> <span class='ocrx_word' id='word_1_211' title='bbox 1537 814 1610 840; x_wconf 81' lang='grc' dir='ltr'>ἐστιν</span> <span class='ocrx_word' id='word_1_212' title='bbox 1633 813 1700 846; x_wconf 75' lang='grc' dir='ltr'><strong>ἔξω·</strong></span> <span class='ocrx_word' id='word_1_213' title='bbox 1725 813 1753 845; x_wconf 84' lang='grc' dir='ltr'>ὃς</span> <span class='ocrx_word' id='word_1_214' title='bbox 1777 813 1858 839; x_wconf 87' lang='grc' dir='ltr'>καλόν</span> 
     </span>
    </p>
   </div>
   <div class='ocr_carea' id='block_1_32' title="bbox 1070 859 1858 897">
    <p class='ocr_par' dir='ltr' id='par_1_32' title="bbox 1070 859 1858 897">
     <span class='ocr_line' id='line_1_32' title="bbox 1070 859 1858 897; baseline -0.005 -8"><span class='ocrx_word' id='word_1_215' title='bbox 1070 863 1144 889; x_wconf 76' lang='grc' dir='ltr'>ἐστιν</span> <span class='ocrx_word' id='word_1_216' title='bbox 1171 862 1244 889; x_wconf 81' lang='grc' dir='ltr'>ἆπαν</span> <span class='ocrx_word' id='word_1_217' title='bbox 1269 861 1335 897; x_wconf 73' lang='lat'><strong>(47),</strong></span> <span class='ocrx_word' id='word_1_218' title='bbox 1359 861 1406 887; x_wconf 67' lang='grc' dir='ltr'><strong>καὶ</strong></span> <span class='ocrx_word' id='word_1_219' title='bbox 1430 861 1486 888; x_wconf 79' lang='grc' dir='ltr'>ἄνω</span> <span class='ocrx_word' id='word_1_220' title='bbox 1507 860 1606 891; x_wconf 83' lang='grc' dir='ltr'>παντὸς</span> <span class='ocrx_word' id='word_1_221' title='bbox 1628 859 1726 886; x_wconf 68' lang='grc' dir='ltr'>καλοῖν</span> <span class='ocrx_word' id='word_1_222' title='bbox 1750 859 1779 890; x_wconf 84' lang='grc' dir='ltr'>ὂς</span> <span class='ocrx_word' id='word_1_223' title='bbox 1797 859 1858 885; x_wconf 83' lang='grc' dir='ltr'>νοῦν</span> 
     </span>
    </p>
   </div>
   <div class='ocr_carea' id='block_1_33' title="bbox 231 905 1020 943">
    <p class='ocr_par' dir='ltr' id='par_1_33' title="bbox 231 908 1020 943">
     <span class='ocr_line' id='line_1_33' title="bbox 231 908 1020 943; baseline -0.004 -7"><span class='ocrx_word' id='word_1_224' title='bbox 231 917 342 936; x_wconf 82' lang='lat' dir='ltr'><strong>versum</strong></span> <span class='ocrx_word' id='word_1_225' title='bbox 356 913 414 942; x_wconf 87' lang='lat' dir='ltr'><strong>est;</strong></span> <span class='ocrx_word' id='word_1_226' title='bbox 431 909 476 943; x_wconf 89' lang='lat' dir='ltr'><strong>qui</strong></span> <span class='ocrx_word' id='word_1_227' title='bbox 493 914 520 936; x_wconf 89' lang='lat' dir='ltr'><strong>et</strong></span> <span class='ocrx_word' id='word_1_228' title='bbox 535 908 709 943; x_wconf 89' lang='lat' dir='ltr'><strong>pulchritudo</strong></span> <span class='ocrx_word' id='word_1_229' title='bbox 722 908 811 936; x_wconf 88' lang='lat' dir='ltr'><strong>omnis</strong></span> <span class='ocrx_word' id='word_1_230' title='bbox 825 913 882 941; x_wconf 89' lang='lat' dir='ltr'><strong>est,</strong></span> <span class='ocrx_word' id='word_1_231' title='bbox 897 913 924 935; x_wconf 92' lang='lat' dir='ltr'><strong>et</strong></span> <span class='ocrx_word' id='word_1_232' title='bbox 940 915 1020 942; x_wconf 82' lang='lat' dir='ltr'><strong>supra</strong></span> 
     </span>
    </p>
   </div>
   <div class='ocr_carea' id='block_1_34' title="bbox 1072 905 1858 943">
    <p class='ocr_par' dir='ltr' id='par_1_34' title="bbox 1072 905 1858 943">
     <span class='ocr_line' id='line_1_34' title="bbox 1072 905 1858 943; baseline -0.006 -8"><span class='ocrx_word' id='word_1_233' title='bbox 1072 908 1194 943; x_wconf 74' lang='grc' dir='ltr'>φωτίζει,</span> <span class='ocrx_word' id='word_1_234' title='bbox 1216 908 1263 934; x_wconf 74' lang='grc' dir='ltr'>καὶ</span> <span class='ocrx_word' id='word_1_235' title='bbox 1290 907 1430 941; x_wconf 84' lang='grc' dir='ltr'>διαφεύγει</span> <span class='ocrx_word' id='word_1_236' title='bbox 1451 905 1497 932; x_wconf 78' lang='grc' dir='ltr'><strong>νοῦ</strong></span> <span class='ocrx_word' id='word_1_237' title='bbox 1514 906 1595 941; x_wconf 82' lang='grc' dir='ltr'>τάχος</span> <span class='ocrx_word' id='word_1_238' title='bbox 1619 906 1665 932; x_wconf 73' lang='grc' dir='ltr'>καὶ</span> <span class='ocrx_word' id='word_1_239' title='bbox 1688 905 1769 940; x_wconf 65' lang='grc' dir='ltr'>ὕψος,</span> <span class='ocrx_word' id='word_1_240' title='bbox 1792 905 1858 931; x_wconf 82' lang='grc' dir='ltr'><strong>ὑπο-</strong></span> 
     </span>
    </p>
   </div>
   <div class='ocr_carea' id='block_1_35' title="bbox 229 953 1020 989">
    <p class='ocr_par' dir='ltr' id='par_1_35' title="bbox 229 953 1020 989">
     <span class='ocr_line' id='line_1_35' title="bbox 229 953 1020 989; baseline -0.003 -7"><span class='ocrx_word' id='word_1_241' title='bbox 229 961 338 982; x_wconf 86' lang='lat' dir='ltr'><strong>omnem</strong></span> <span class='ocrx_word' id='word_1_242' title='bbox 360 955 610 989; x_wconf 88' lang='lat' dir='ltr'><strong>pulchritudinem;</strong></span> <span class='ocrx_word' id='word_1_243' title='bbox 633 954 679 989; x_wconf 89' lang='lat' dir='ltr'><strong>qui</strong></span> <span class='ocrx_word' id='word_1_244' title='bbox 694 957 811 981; x_wconf 88' lang='lat' dir='ltr'><strong>mentem</strong></span> <span class='ocrx_word' id='word_1_245' title='bbox 827 953 976 985; x_wconf 87' lang='lat' dir='ltr'><strong>illuminat,</strong></span> <span class='ocrx_word' id='word_1_246' title='bbox 993 957 1020 980; x_wconf 89' lang='lat' dir='ltr'><strong>et</strong></span> 
     </span>
    </p>
   </div>
   <div class='ocr_carea' id='block_1_36' title="bbox 228 999 1020 1034">
    <p class='ocr_par' dir='ltr' id='par_1_36' title="bbox 228 999 1020 1034">
     <span class='ocr_line' id='line_1_36' title="bbox 228 999 1020 1034; baseline -0.001 -7"><span class='ocrx_word' id='word_1_247' title='bbox 228 1000 328 1028; x_wconf 87' lang='lat' dir='ltr'><strong>mentis</strong></span> <span class='ocrx_word' id='word_1_248' title='bbox 345 1000 513 1028; x_wconf 72' lang='lat' dir='ltr'><strong>celeritatem</strong></span> <span class='ocrx_word' id='word_1_249' title='bbox 533 1007 566 1026; x_wconf 83' lang='lat' dir='ltr'><strong>ac</strong></span> <span class='ocrx_word' id='word_1_250' title='bbox 587 999 782 1027; x_wconf 86' lang='lat' dir='ltr'><strong>sublimitatem</strong></span> <span class='ocrx_word' id='word_1_251' title='bbox 795 999 907 1034; x_wconf 74' lang='lat' dir='ltr'><strong>etl‘ugit;</strong></span> <span class='ocrx_word' id='word_1_252' title='bbox 931 1007 1020 1033; x_wconf 84' lang='lat' dir='ltr'><strong>quan-</strong></span> 
     </span>
    </p>
   </div>
   <div class='ocr_carea' id='block_1_37' title="bbox 229 1044 1020 1079">
    <p class='ocr_par' dir='ltr' id='par_1_37' title="bbox 229 1044 1020 1079">
     <span class='ocr_line' id='line_1_37' title="bbox 229 1044 1020 1079; baseline 0 -9"><span class='ocrx_word' id='word_1_253' title='bbox 229 1049 339 1078; x_wconf 90' lang='lat' dir='ltr'><strong>tumque</strong></span> <span class='ocrx_word' id='word_1_254' title='bbox 351 1044 511 1079; x_wconf 83' lang='lat' dir='ltr'><strong>percipitur,</strong></span> <span class='ocrx_word' id='word_1_255' title='bbox 531 1045 700 1071; x_wconf 87' lang='lat' dir='ltr'><strong>tantumdem</strong></span> <span class='ocrx_word' id='word_1_256' title='bbox 715 1051 823 1078; x_wconf 88' lang='lat' dir='ltr'><strong>semper</strong></span> <span class='ocrx_word' id='word_1_257' title='bbox 835 1051 865 1071; x_wconf 87' lang='lat' dir='ltr'><strong>se</strong></span> <span class='ocrx_word' id='word_1_258' title='bbox 878 1044 1020 1076; x_wconf 87' lang='lat' dir='ltr'><strong>subducit,</strong></span> 
     </span>
    </p>
   </div>
   <div class='ocr_carea' id='block_1_38' title="bbox 228 1090 1021 1126">
    <p class='ocr_par' dir='ltr' id='par_1_38' title="bbox 228 1090 1021 1126">
     <span class='ocr_line' id='line_1_38' title="bbox 228 1090 1021 1126; baseline 0.003 -10"><span class='ocrx_word' id='word_1_259' title='bbox 228 1095 407 1126; x_wconf 83' lang='lat' dir='ltr'><strong>amantesque</strong></span> <span class='ocrx_word' id='word_1_260' title='bbox 427 1091 489 1122; x_wconf 87' lang='lat' dir='ltr'><strong>sui,</strong></span> <span class='ocrx_word' id='word_1_261' title='bbox 515 1098 549 1118; x_wconf 85' lang='lat' dir='ltr'><strong>ex</strong></span> <span class='ocrx_word' id='word_1_262' title='bbox 566 1097 599 1118; x_wconf 86' lang='lat' dir='ltr'><strong>eo</strong></span> <span class='ocrx_word' id='word_1_263' title='bbox 620 1090 692 1125; x_wconf 87' lang='lat' dir='ltr'><strong>quod</strong></span> <span class='ocrx_word' id='word_1_264' title='bbox 715 1091 801 1124; x_wconf 82' lang='lat' dir='ltr'><strong>fugit,</strong></span> <span class='ocrx_word' id='word_1_265' title='bbox 824 1097 856 1117; x_wconf 87' lang='lat' dir='ltr'><strong>ac</strong></span> <span class='ocrx_word' id='word_1_266' title='bbox 878 1091 948 1118; x_wconf 91' lang='lat' dir='ltr'><strong>velut</strong></span> <span class='ocrx_word' id='word_1_267' title='bbox 965 1091 1021 1125; x_wconf 85' lang='lat' dir='ltr'><strong>jam</strong></span> 
     </span>
    </p>
   </div>
   <div class='ocr_carea' id='block_1_39' title="bbox 228 1137 930 1172">
    <p class='ocr_par' dir='ltr' id='par_1_39' title="bbox 228 1137 930 1172">
     <span class='ocr_line' id='line_1_39' title="bbox 228 1137 930 1172; baseline 0 -8"><span class='ocrx_word' id='word_1_268' title='bbox 228 1137 441 1171; x_wconf 87' lang='lat' dir='ltr'><strong>comprehensus</strong></span> <span class='ocrx_word' id='word_1_269' title='bbox 458 1144 488 1164; x_wconf 90' lang='lat' dir='ltr'><strong>se</strong></span> <span class='ocrx_word' id='word_1_270' title='bbox 508 1137 641 1172; x_wconf 89' lang='lat' dir='ltr'><strong>proripit,</strong></span> <span class='ocrx_word' id='word_1_271' title='bbox 658 1137 691 1164; x_wconf 85' lang='lat' dir='ltr'><strong>ad</strong></span> <span class='ocrx_word' id='word_1_272' title='bbox 707 1144 826 1171; x_wconf 85' lang='lat' dir='ltr'><strong>superna</strong></span> <span class='ocrx_word' id='word_1_273' title='bbox 844 1137 930 1164; x_wconf 87' lang='lat' dir='ltr'><strong>illicit.</strong></span> 
     </span>
    </p>
   </div>
   <div class='ocr_carea' id='block_1_40' title="bbox 265 1181 1021 1217">
    <p class='ocr_par' dir='ltr' id='par_1_40' title="bbox 265 1181 1021 1217">
     <span class='ocr_line' id='line_1_40' title="bbox 265 1181 1021 1217; baseline 0.001 -9"><span class='ocrx_word' id='word_1_274' title='bbox 265 1181 394 1209; x_wconf 74' lang='lat' dir='ltr'><strong>LXXVII.</strong></span> <span class='ocrx_word' id='word_1_275' title='bbox 416 1183 455 1209; x_wconf 80' lang='lat' dir='ltr'><strong>Ac</strong></span> <span class='ocrx_word' id='word_1_276' title='bbox 471 1186 576 1209; x_wconf 86' lang='lat' dir='ltr'><strong>tantum</strong></span> <span class='ocrx_word' id='word_1_277' title='bbox 589 1182 698 1216; x_wconf 90' lang='lat' dir='ltr'><strong>quidem</strong></span> <span class='ocrx_word' id='word_1_278' title='bbox 719 1187 746 1210; x_wconf 91' lang='lat' dir='ltr'><strong>et</strong></span> <span class='ocrx_word' id='word_1_279' title='bbox 771 1182 824 1209; x_wconf 83' lang='lat' dir='ltr'><strong>tale</strong></span> <span class='ocrx_word' id='word_1_280' title='bbox 840 1187 883 1210; x_wconf 84' lang='lat' dir='ltr'><strong>est</strong></span> <span class='ocrx_word' id='word_1_281' title='bbox 901 1183 928 1209; x_wconf 92' lang='lat' dir='ltr'><strong>id</strong></span> <span class='ocrx_word' id='word_1_282' title='bbox 950 1183 1021 1217; x_wconf 92' lang='lat' dir='ltr'><strong>quod</strong></span> 
     </span>
    </p>
   </div>
   <div class='ocr_carea' id='block_1_41' title="bbox 229 1228 1024 1263">
    <p class='ocr_par' dir='ltr' id='par_1_41' title="bbox 229 1228 1024 1263">
     <span class='ocr_line' id='line_1_41' title="bbox 229 1228 1024 1263; baseline 0.001 -8"><span class='ocrx_word' id='word_1_283' title='bbox 229 1229 400 1263; x_wconf 75' lang='lat' dir='ltr'><strong>expetimus,</strong></span> <span class='ocrx_word' id='word_1_284' title='bbox 424 1233 452 1255; x_wconf 89' lang='lat' dir='ltr'><strong>et</strong></span> <span class='ocrx_word' id='word_1_285' title='bbox 468 1229 539 1263; x_wconf 92' lang='lat' dir='ltr'><strong>quod</strong></span> <span class='ocrx_word' id='word_1_286' title='bbox 558 1229 687 1263; x_wconf 80' lang='lat' dir='ltr'><strong>consequi</strong></span> <span class='ocrx_word' id='word_1_287' title='bbox 709 1229 867 1262; x_wconf 84' lang='lat' dir='ltr'><strong>studemus;</strong></span> <span class='ocrx_word' id='word_1_288' title='bbox 888 1228 1024 1263; x_wconf 80' lang='lat' dir='ltr'><strong>talemque</strong></span> 
     </span>
    </p>
   </div>
   <div class='ocr_carea' id='block_1_42' title="bbox 230 1274 1021 1310">
    <p class='ocr_par' dir='ltr' id='par_1_42' title="bbox 230 1274 1021 1310">
     <span class='ocr_line' id='line_1_42' title="bbox 230 1274 1021 1310; baseline 0 -9"><span class='ocrx_word' id='word_1_289' title='bbox 230 1281 292 1302; x_wconf 88' lang='lat' dir='ltr'><strong>esse</strong></span> <span class='ocrx_word' id='word_1_290' title='bbox 315 1278 422 1308; x_wconf 86' lang='lat' dir='ltr'><strong>oportet</strong></span> <span class='ocrx_word' id='word_1_291' title='bbox 441 1275 593 1302; x_wconf 89' lang='lat' dir='ltr'><strong>animarum</strong></span> <span class='ocrx_word' id='word_1_292' title='bbox 617 1274 834 1310; x_wconf 76' lang='lat' dir='ltr'><strong>nymphagogum</strong></span> <span class='ocrx_word' id='word_1_293' title='bbox 862 1281 894 1301; x_wconf 91' lang='lat' dir='ltr'><strong>ac</strong></span> <span class='ocrx_word' id='word_1_294' title='bbox 920 1282 1021 1308; x_wconf 90' lang='lat' dir='ltr'><strong>pronu-</strong></span> 
     </span>
    </p>
   </div>
   <div class='ocr_carea' id='block_1_43' title="bbox 229 1319 1024 1355">
    <p class='ocr_par' dir='ltr' id='par_1_43' title="bbox 229 1319 1024 1355">
     <span class='ocr_line' id='line_1_43' title="bbox 229 1319 1024 1355; baseline 0 -8"><span class='ocrx_word' id='word_1_295' title='bbox 229 1319 306 1348; x_wconf 88' lang='lat' dir='ltr'><strong>bum.</strong></span> <span class='ocrx_word' id='word_1_296' title='bbox 321 1320 386 1347; x_wconf 77' lang='lat' dir='ltr'><strong>Mihi</strong></span> <span class='ocrx_word' id='word_1_297' title='bbox 403 1328 468 1348; x_wconf 88' lang='lat' dir='ltr'><strong>vero</strong></span> <span class='ocrx_word' id='word_1_298' title='bbox 483 1320 635 1355; x_wconf 91' lang='lat' dir='ltr'><strong>periculum</strong></span> <span class='ocrx_word' id='word_1_299' title='bbox 650 1325 701 1352; x_wconf 87' lang='lat' dir='ltr'><strong>est,</strong></span> <span class='ocrx_word' id='word_1_300' title='bbox 717 1328 751 1348; x_wconf 82' lang='lat' dir='ltr'><strong>ne</strong></span> <span class='ocrx_word' id='word_1_301' title='bbox 762 1321 844 1348; x_wconf 84' lang='lat' dir='ltr'><strong>etiam</strong></span> <span class='ocrx_word' id='word_1_302' title='bbox 856 1320 981 1347; x_wconf 89' lang='lat' dir='ltr'><strong>manibus</strong></span> <span class='ocrx_word' id='word_1_303' title='bbox 996 1324 1024 1347; x_wconf 89' lang='lat' dir='ltr'><strong>et</strong></span> 
     </span>
    </p>
   </div>
   <div class='ocr_carea' id='block_1_44' title="bbox 230 1365 1022 1401">
    <p class='ocr_par' dir='ltr' id='par_1_44' title="bbox 230 1365 1022 1401">
     <span class='ocr_line' id='line_1_44' title="bbox 230 1365 1022 1401; baseline -0.001 -8"><span class='ocrx_word' id='word_1_304' title='bbox 230 1366 345 1400; x_wconf 87' lang='lat' dir='ltr'><strong>pedibus</strong></span> <span class='ocrx_word' id='word_1_305' title='bbox 359 1366 457 1393; x_wconf 91' lang='lat' dir='ltr'><strong>vinclis</strong></span> <span class='ocrx_word' id='word_1_306' title='bbox 473 1374 488 1393; x_wconf 87' lang='lat' dir='ltr'><strong>a</strong></span> <span class='ocrx_word' id='word_1_307' title='bbox 508 1366 628 1393; x_wconf 87' lang='lat' dir='ltr'><strong>thalamo</strong></span> <span class='ocrx_word' id='word_1_308' title='bbox 643 1365 787 1399; x_wconf 87' lang='lat' dir='ltr'><strong>extrudar,</strong></span> <span class='ocrx_word' id='word_1_309' title='bbox 805 1366 892 1401; x_wconf 89' lang='lat' dir='ltr'><strong>utqui</strong></span> <span class='ocrx_word' id='word_1_310' title='bbox 908 1366 1022 1401; x_wconf 88' lang='lat' dir='ltr'><strong>nuptiali</strong></span> 
     </span>
    </p>
   </div>
   <div class='ocr_carea' id='block_1_45' title="bbox 230 1412 1023 1448">
    <p class='ocr_par' dir='ltr' id='par_1_45' title="bbox 230 1412 1023 1448">
     <span class='ocr_line' id='line_1_45' title="bbox 230 1412 1023 1448; baseline 0.001 -10"><span class='ocrx_word' id='word_1_311' title='bbox 230 1416 305 1439; x_wconf 83' lang='lat' dir='ltr'><strong>veste</strong></span> <span class='ocrx_word' id='word_1_312' title='bbox 319 1413 527 1447; x_wconf 85' lang='lat' dir='ltr'><strong>haudquaquam</strong></span> <span class='ocrx_word' id='word_1_313' title='bbox 542 1412 653 1440; x_wconf 90' lang='lat' dir='ltr'><strong>indutus</strong></span> <span class='ocrx_word' id='word_1_314' title='bbox 666 1413 716 1440; x_wconf 86' lang='lat' dir='ltr'><strong>sim</strong></span> <span class='ocrx_word' id='word_1_315' title='bbox 726 1413 760 1446; x_wconf 87' lang='lat'><strong>&quot;,</strong></span> <span class='ocrx_word' id='word_1_316' title='bbox 775 1420 869 1440; x_wconf 86' lang='lat' dir='ltr'><strong>verum</strong></span> <span class='ocrx_word' id='word_1_317' title='bbox 884 1413 1023 1448; x_wconf 89' lang='lat' dir='ltr'><strong>impuden-</strong></span> 
     </span>
    </p>
   </div>
   <div class='ocr_carea' id='block_1_46' title="bbox 231 1458 1020 1493">
    <p class='ocr_par' dir='ltr' id='par_1_46' title="bbox 231 1458 1020 1493">
     <span class='ocr_line' id='line_1_46' title="bbox 231 1458 1020 1493; baseline 0.003 -9"><span class='ocrx_word' id='word_1_318' title='bbox 231 1462 275 1485; x_wconf 88' lang='lat' dir='ltr'><strong>ter</strong></span> <span class='ocrx_word' id='word_1_319' title='bbox 290 1458 422 1492; x_wconf 87' lang='lat' dir='ltr'><strong>meipsum</strong></span> <span class='ocrx_word' id='word_1_320' title='bbox 437 1458 470 1485; x_wconf 86' lang='lat' dir='ltr'><strong>iis</strong></span> <span class='ocrx_word' id='word_1_321' title='bbox 482 1458 528 1493; x_wconf 88' lang='lat' dir='ltr'><strong>qui</strong></span> <span class='ocrx_word' id='word_1_322' title='bbox 547 1458 603 1486; x_wconf 92' lang='lat' dir='ltr'><strong>illic</strong></span> <span class='ocrx_word' id='word_1_323' title='bbox 615 1459 794 1492; x_wconf 90' lang='lat' dir='ltr'><strong>recumbunt,</strong></span> <span class='ocrx_word' id='word_1_324' title='bbox 810 1459 1020 1486; x_wconf 84' lang='lat' dir='ltr'><strong>immiscueriin.</strong></span> 
     </span>
    </p>
   </div>
   <div class='ocr_carea' id='block_1_47' title="bbox 231 1499 1024 1539">
    <p class='ocr_par' dir='ltr' id='par_1_47' title="bbox 231 1499 1024 1539">
     <span class='ocr_line' id='line_1_47' title="bbox 231 1499 1024 1539; baseline 0.004 -10"><span class='ocrx_word' id='word_1_325' title='bbox 231 1499 391 1538; x_wconf 83' lang='lat' dir='ltr'><strong>Quanquam</strong></span> <span class='ocrx_word' id='word_1_326' title='bbox 412 1503 445 1531; x_wconf 88' lang='lat' dir='ltr'><strong>ab</strong></span> <span class='ocrx_word' id='word_1_327' title='bbox 470 1503 529 1538; x_wconf 85' lang='lat' dir='ltr'><strong>ipsa</strong></span> <span class='ocrx_word' id='word_1_328' title='bbox 551 1503 694 1539; x_wconf 74' lang='lat' dir='ltr'><strong>iuventute</strong></span> <span class='ocrx_word' id='word_1_329' title='bbox 718 1505 820 1531; x_wconf 85' lang='lat' dir='ltr'><strong>accitus</strong></span> <span class='ocrx_word' id='word_1_330' title='bbox 841 1512 923 1538; x_wconf 84' lang='lat' dir='ltr'><strong>sum;</strong></span> <span class='ocrx_word' id='word_1_331' title='bbox 959 1505 1024 1533; x_wconf 88' lang='lat' dir='ltr'><strong>libet</strong></span> 
     </span>
    </p>
   </div>
   <div class='ocr_carea' id='block_1_48' title="bbox 230 1549 1020 1585">
    <p class='ocr_par' dir='ltr' id='par_1_48' title="bbox 230 1549 1020 1585">
     <span class='ocr_line' id='line_1_48' title="bbox 230 1549 1020 1585; baseline 0.001 -9"><span class='ocrx_word' id='word_1_332' title='bbox 230 1549 303 1576; x_wconf 86' lang='lat' dir='ltr'><strong>enim</strong></span> <span class='ocrx_word' id='word_1_333' title='bbox 317 1549 419 1584; x_wconf 88' lang='lat' dir='ltr'><strong>aliquid</strong></span> <span class='ocrx_word' id='word_1_334' title='bbox 435 1549 528 1577; x_wconf 85' lang='lat' dir='ltr'><strong>multis</strong></span> <span class='ocrx_word' id='word_1_335' title='bbox 548 1550 714 1584; x_wconf 75' lang='lat' dir='ltr'><strong>incognitum</strong></span> <span class='ocrx_word' id='word_1_336' title='bbox 740 1549 858 1582; x_wconf 76' lang='lat' dir='ltr'><strong>elIerre,</strong></span> <span class='ocrx_word' id='word_1_337' title='bbox 883 1555 965 1585; x_wconf 85' lang='lat' dir='ltr'><strong>atque</strong></span> <span class='ocrx_word' id='word_1_338' title='bbox 988 1551 1020 1577; x_wconf 86' lang='lat' dir='ltr'><strong>ad</strong></span> 
     </span>
    </p>
   </div>
   <div class='ocr_carea' id='block_1_49' title="bbox 231 1594 1021 1631">
    <p class='ocr_par' dir='ltr' id='par_1_49' title="bbox 231 1594 1021 1631">
     <span class='ocr_line' id='line_1_49' title="bbox 231 1594 1021 1631; baseline 0.004 -10"><span class='ocrx_word' id='word_1_339' title='bbox 231 1594 316 1621; x_wconf 89' lang='lat' dir='ltr'><strong>Deum</strong></span> <span class='ocrx_word' id='word_1_340' title='bbox 332 1594 386 1630; x_wconf 82' lang='lat' dir='ltr'><strong>5o</strong></span> <span class='ocrx_word' id='word_1_341' title='bbox 405 1602 421 1621; x_wconf 89' lang='lat' dir='ltr'><strong>a</strong></span> <span class='ocrx_word' id='word_1_342' title='bbox 437 1595 516 1622; x_wconf 85' lang='lat' dir='ltr'><strong>vulva</strong></span> <span class='ocrx_word' id='word_1_343' title='bbox 532 1596 590 1631; x_wconf 86' lang='lat' dir='ltr'><strong>ipsa</strong></span> <span class='ocrx_word' id='word_1_344' title='bbox 605 1596 742 1631; x_wconf 80' lang='lat' dir='ltr'><strong>projectus</strong></span> <span class='ocrx_word' id='word_1_345' title='bbox 751 1596 786 1628; x_wconf 84' lang='lat'><strong>&quot;,</strong></span> <span class='ocrx_word' id='word_1_346' title='bbox 803 1597 838 1630; x_wconf 64' lang='grc' dir='ltr'>ρει</span> <span class='ocrx_word' id='word_1_347' title='bbox 850 1603 884 1623; x_wconf 87' lang='lat' dir='ltr'><strong>ex</strong></span> <span class='ocrx_word' id='word_1_348' title='bbox 898 1601 1021 1624; x_wconf 86' lang='lat' dir='ltr'><strong>materna</strong></span> 
     </span>
    </p>
   </div>
   <div class='ocr_carea' id='block_1_50' title="bbox 230 1640 1019 1677">
    <p class='ocr_par' dir='ltr' id='par_1_50' title="bbox 230 1640 1019 1677">
     <span class='ocr_line' id='line_1_50' title="bbox 230 1640 1019 1677; baseline 0 -9"><span class='ocrx_word' id='word_1_349' title='bbox 230 1640 429 1674; x_wconf 72' lang='lat' dir='ltr'><strong>pollicitatione</strong></span> <span class='ocrx_word' id='word_1_350' title='bbox 439 1641 568 1674; x_wconf 83' lang='lat' dir='ltr'><strong>donatus,</strong></span> <span class='ocrx_word' id='word_1_351' title='bbox 581 1649 613 1669; x_wconf 87' lang='lat' dir='ltr'><strong>ac</strong></span> <span class='ocrx_word' id='word_1_352' title='bbox 624 1647 716 1677; x_wconf 87' lang='lat' dir='ltr'><strong>postea</strong></span> <span class='ocrx_word' id='word_1_353' title='bbox 732 1641 860 1677; x_wconf 87' lang='lat' dir='ltr'><strong>periculis</strong></span> <span class='ocrx_word' id='word_1_354' title='bbox 875 1642 1019 1669; x_wconf 81' lang='lat' dir='ltr'><strong>continua-</strong></span> 
     </span>
    </p>
   </div>
   <div class='ocr_carea' id='block_1_51' title="bbox 231 1687 1020 1722">
    <p class='ocr_par' dir='ltr' id='par_1_51' title="bbox 231 1687 1020 1722">
     <span class='ocr_line' id='line_1_51' title="bbox 231 1687 1020 1722; baseline 0.003 -9"><span class='ocrx_word' id='word_1_355' title='bbox 231 1691 293 1719; x_wconf 87' lang='lat' dir='ltr'><strong>tus;</strong></span> <span class='ocrx_word' id='word_1_356' title='bbox 313 1687 449 1722; x_wconf 86' lang='lat' dir='ltr'><strong>simulque</strong></span> <span class='ocrx_word' id='word_1_357' title='bbox 462 1688 626 1716; x_wconf 90' lang='lat' dir='ltr'><strong>desiderium</strong></span> <span class='ocrx_word' id='word_1_358' title='bbox 639 1689 734 1722; x_wconf 89' lang='lat' dir='ltr'><strong>crevit,</strong></span> <span class='ocrx_word' id='word_1_359' title='bbox 748 1693 775 1716; x_wconf 91' lang='lat' dir='ltr'><strong>et</strong></span> <span class='ocrx_word' id='word_1_360' title='bbox 787 1688 856 1716; x_wconf 83' lang='lat' dir='ltr'><strong>ratio</strong></span> <span class='ocrx_word' id='word_1_361' title='bbox 869 1690 1020 1722; x_wconf 85' lang='lat' dir='ltr'><strong>concurrit,</strong></span> 
     </span>
    </p>
   </div>
   <div class='ocr_carea' id='block_1_52' title="bbox 230 1733 1020 1768">
    <p class='ocr_par' dir='ltr' id='par_1_52' title="bbox 230 1733 1020 1768">
     <span class='ocr_line' id='line_1_52' title="bbox 230 1733 1020 1768; baseline 0.001 -8"><span class='ocrx_word' id='word_1_362' title='bbox 230 1733 378 1768; x_wconf 83' lang='lat' dir='ltr'><strong>omniaque</strong></span> <span class='ocrx_word' id='word_1_363' title='bbox 391 1733 427 1766; x_wconf 90' lang='lat' dir='ltr'><strong>ei,</strong></span> <span class='ocrx_word' id='word_1_364' title='bbox 442 1733 489 1768; x_wconf 88' lang='lat' dir='ltr'><strong>qui</strong></span> <span class='ocrx_word' id='word_1_365' title='bbox 504 1741 547 1761; x_wconf 92' lang='lat' dir='ltr'><strong>me</strong></span> <span class='ocrx_word' id='word_1_366' title='bbox 560 1733 588 1761; x_wconf 92' lang='lat' dir='ltr'><strong>in</strong></span> <span class='ocrx_word' id='word_1_367' title='bbox 603 1739 705 1762; x_wconf 86' lang='lat' dir='ltr'><strong>sortem</strong></span> <span class='ocrx_word' id='word_1_368' title='bbox 719 1734 835 1768; x_wconf 86' lang='lat' dir='ltr'><strong>accepit,</strong></span> <span class='ocrx_word' id='word_1_369' title='bbox 848 1739 876 1761; x_wconf 90' lang='lat' dir='ltr'><strong>et</strong></span> <span class='ocrx_word' id='word_1_370' title='bbox 891 1735 1020 1768; x_wconf 81' lang='lat' dir='ltr'><strong>servavit,</strong></span> 
     </span>
    </p>
   </div>
   <div class='ocr_carea' id='block_1_53' title="bbox 230 1779 1020 1815">
    <p class='ocr_par' dir='ltr' id='par_1_53' title="bbox 230 1779 1020 1815">
     <span class='ocr_line' id='line_1_53' title="bbox 230 1779 1020 1815; baseline 0.001 -8"><span class='ocrx_word' id='word_1_371' title='bbox 230 1779 303 1807; x_wconf 91' lang='lat' dir='ltr'><strong>dono</strong></span> <span class='ocrx_word' id='word_1_372' title='bbox 316 1779 388 1812; x_wconf 84' lang='lat' dir='ltr'><strong>dedi,</strong></span> <span class='ocrx_word' id='word_1_373' title='bbox 407 1786 484 1815; x_wconf 88' lang='lat' dir='ltr'><strong>opes,</strong></span> <span class='ocrx_word' id='word_1_374' title='bbox 502 1779 686 1814; x_wconf 87' lang='lat' dir='ltr'><strong>splendorem,</strong></span> <span class='ocrx_word' id='word_1_375' title='bbox 703 1780 902 1813; x_wconf 89' lang='lat' dir='ltr'><strong>valetudinem,</strong></span> <span class='ocrx_word' id='word_1_376' title='bbox 915 1784 1020 1808; x_wconf 88' lang='lat' dir='ltr'><strong>sermo-</strong></span> 
     </span>
    </p>
   </div>
   <div class='ocr_carea' id='block_1_54' title="bbox 231 1825 1019 1861">
    <p class='ocr_par' dir='ltr' id='par_1_54' title="bbox 231 1825 1019 1861">
     <span class='ocr_line' id='line_1_54' title="bbox 231 1825 1019 1861; baseline 0.001 -9"><span class='ocrx_word' id='word_1_377' title='bbox 231 1832 279 1852; x_wconf 89' lang='lat' dir='ltr'><strong>nes</strong></span> <span class='ocrx_word' id='word_1_378' title='bbox 295 1825 387 1860; x_wconf 91' lang='lat' dir='ltr'><strong>ipsos,</strong></span> <span class='ocrx_word' id='word_1_379' title='bbox 403 1833 436 1852; x_wconf 84' lang='lat' dir='ltr'><strong>ex</strong></span> <span class='ocrx_word' id='word_1_380' title='bbox 451 1826 549 1861; x_wconf 88' lang='lat' dir='ltr'><strong>quibus</strong></span> <span class='ocrx_word' id='word_1_381' title='bbox 565 1826 637 1853; x_wconf 85' lang='lat' dir='ltr'><strong>hunc</strong></span> <span class='ocrx_word' id='word_1_382' title='bbox 654 1826 786 1853; x_wconf 84' lang='lat' dir='ltr'><strong>duntaxat</strong></span> <span class='ocrx_word' id='word_1_383' title='bbox 805 1825 922 1853; x_wconf 89' lang='lat' dir='ltr'><strong>fructum</strong></span> <span class='ocrx_word' id='word_1_384' title='bbox 939 1826 996 1860; x_wconf 83' lang='lat' dir='ltr'><strong>cepi</strong></span> <span class='ocrx_word' id='word_1_385' title='bbox 1012 1846 1019 1858; x_wconf 90' lang='lat'><strong>,</strong></span> 
     </span>
    </p>
   </div>
   <div class='ocr_carea' id='block_1_55' title="bbox 232 1870 1020 1907">
    <p class='ocr_par' dir='ltr' id='par_1_55' title="bbox 232 1870 1020 1907">
     <span class='ocr_line' id='line_1_55' title="bbox 232 1870 1020 1907; baseline -0.003 -8"><span class='ocrx_word' id='word_1_386' title='bbox 232 1872 304 1907; x_wconf 91' lang='lat' dir='ltr'><strong>quod</strong></span> <span class='ocrx_word' id='word_1_387' title='bbox 316 1879 363 1900; x_wconf 83' lang='lat' dir='ltr'><strong>eas</strong></span> <span class='ocrx_word' id='word_1_388' title='bbox 378 1871 540 1906; x_wconf 83' lang='lat' dir='ltr'><strong>contempsi,</strong></span> <span class='ocrx_word' id='word_1_389' title='bbox 555 1878 586 1898; x_wconf 88' lang='lat' dir='ltr'><strong>ac</strong></span> <span class='ocrx_word' id='word_1_390' title='bbox 596 1871 717 1905; x_wconf 73' lang='lat' dir='ltr'><strong>quaedam</strong></span> <span class='ocrx_word' id='word_1_391' title='bbox 731 1871 813 1898; x_wconf 88' lang='lat' dir='ltr'><strong>habui</strong></span> <span class='ocrx_word' id='word_1_392' title='bbox 829 1871 928 1906; x_wconf 88' lang='lat' dir='ltr'><strong>quibus</strong></span> <span class='ocrx_word' id='word_1_393' title='bbox 939 1870 1020 1898; x_wconf 84' lang='lat' dir='ltr'><strong>Chri-</strong></span> 
     </span>
    </p>
   </div>
   <div class='ocr_carea' id='block_1_56' title="bbox 230 1917 1020 1953">
    <p class='ocr_par' dir='ltr' id='par_1_56' title="bbox 230 1917 1020 1953">
     <span class='ocr_line' id='line_1_56' title="bbox 230 1917 1020 1953; baseline -0.003 -8"><span class='ocrx_word' id='word_1_394' title='bbox 230 1923 303 1945; x_wconf 89' lang='lat' dir='ltr'><strong>stum</strong></span> <span class='ocrx_word' id='word_1_395' title='bbox 320 1924 524 1953; x_wconf 87' lang='lat' dir='ltr'><strong>anteponerem.</strong></span> <span class='ocrx_word' id='word_1_396' title='bbox 537 1918 575 1945; x_wconf 84' lang='lat' dir='ltr'><strong>Ae</strong></span> <span class='ocrx_word' id='word_1_397' title='bbox 585 1917 674 1944; x_wconf 80' lang='lat' dir='ltr'><strong>dulcia</strong></span> <span class='ocrx_word' id='word_1_398' title='bbox 690 1917 753 1943; x_wconf 87' lang='lat' dir='ltr'><strong>mihi</strong></span> <span class='ocrx_word' id='word_1_399' title='bbox 764 1919 834 1952; x_wconf 81' lang='lat' dir='ltr'><strong>facta</strong></span> <span class='ocrx_word' id='word_1_400' title='bbox 845 1921 905 1944; x_wconf 78' lang='lat' dir='ltr'><strong>sunt</strong></span> <span class='ocrx_word' id='word_1_401' title='bbox 917 1917 1020 1952; x_wconf 81' lang='lat' dir='ltr'><strong>eloquia</strong></span> 
     </span>
    </p>
   </div>
   <div class='ocr_carea' id='block_1_57' title="bbox 230 1963 1021 1998">
    <p class='ocr_par' dir='ltr' id='par_1_57' title="bbox 230 1963 1021 1998">
     <span class='ocr_line' id='line_1_57' title="bbox 230 1963 1021 1998; baseline -0.003 -7"><span class='ocrx_word' id='word_1_402' title='bbox 230 1963 297 1997; x_wconf 80' lang='lat' dir='ltr'><strong>Dei,</strong></span> <span class='ocrx_word' id='word_1_403' title='bbox 320 1969 348 1990; x_wconf 84' lang='lat' dir='ltr'><strong>ut</strong></span> <span class='ocrx_word' id='word_1_404' title='bbox 361 1963 437 1998; x_wconf 79' lang='lat' dir='ltr'><strong>[auus</strong></span> <span class='ocrx_word' id='word_1_405' title='bbox 453 1963 537 1990; x_wconf 79' lang='lat' dir='ltr'><strong>mellis</strong></span> <span class='ocrx_word' id='word_1_406' title='bbox 549 1963 572 1979; x_wconf 71' lang='lat'><em>“</em></span> <span class='ocrx_word' id='word_1_407' title='bbox 583 1971 593 1990; x_wconf 89' lang='lat'><strong><em>:</em></strong></span> <span class='ocrx_word' id='word_1_408' title='bbox 607 1968 630 1990; x_wconf 83' lang='lat' dir='ltr'><strong>et</strong></span> <span class='ocrx_word' id='word_1_409' title='bbox 647 1963 812 1998; x_wconf 79' lang='lat' dir='ltr'><strong>prudentiam</strong></span> <span class='ocrx_word' id='word_1_410' title='bbox 826 1963 950 1989; x_wconf 82' lang='lat' dir='ltr'><strong>advocavi</strong></span> <span class='ocrx_word' id='word_1_411' title='bbox 963 1983 971 1994; x_wconf 95' lang='lat'><strong>,</strong></span> <span class='ocrx_word' id='word_1_412' title='bbox 990 1971 1021 1989; x_wconf 81' lang='lat' dir='ltr'><strong>ac</strong></span> 
     </span>
    </p>
   </div>
   <div class='ocr_carea' id='block_1_58' title="bbox 230 2009 1021 2044">
    <p class='ocr_par' dir='ltr' id='par_1_58' title="bbox 230 2009 1021 2044">
     <span class='ocr_line' id='line_1_58' title="bbox 230 2009 1021 2044; baseline -0.001 -7"><span class='ocrx_word' id='word_1_413' title='bbox 230 2011 369 2044; x_wconf 74' lang='lat' dir='ltr'><strong>sapientia:</strong></span> <span class='ocrx_word' id='word_1_414' title='bbox 390 2010 453 2037; x_wconf 80' lang='lat' dir='ltr'><strong>dedi</strong></span> <span class='ocrx_word' id='word_1_415' title='bbox 467 2017 554 2037; x_wconf 78' lang='lat' dir='ltr'><strong>vocem</strong></span> <span class='ocrx_word' id='word_1_416' title='bbox 572 2017 656 2036; x_wconf 81' lang='lat' dir='ltr'><strong>meum</strong></span> <span class='ocrx_word' id='word_1_417' title='bbox 667 2009 702 2038; x_wconf 80' lang='lat'><strong>&quot;.</strong></span> <span class='ocrx_word' id='word_1_418' title='bbox 725 2009 839 2043; x_wconf 81' lang='lat' dir='ltr'><strong>Aliaque</strong></span> <span class='ocrx_word' id='word_1_419' title='bbox 859 2009 940 2036; x_wconf 83' lang='lat' dir='ltr'><strong>etiam</strong></span> <span class='ocrx_word' id='word_1_420' title='bbox 964 2010 1021 2036; x_wconf 65' lang='lat' dir='ltr'><strong>haec</strong></span> 
     </span>
    </p>
   </div>
   <div class='ocr_carea' id='block_1_59' title="bbox 230 2054 1021 2090">
    <p class='ocr_par' dir='ltr' id='par_1_59' title="bbox 230 2054 1021 2090">
     <span class='ocr_line' id='line_1_59' title="bbox 230 2054 1021 2090; baseline -0.003 -8"><span class='ocrx_word' id='word_1_421' title='bbox 230 2055 351 2090; x_wconf 77' lang='lat' dir='ltr'><strong>adjungi,</strong></span> <span class='ocrx_word' id='word_1_422' title='bbox 366 2063 461 2090; x_wconf 88' lang='lat' dir='ltr'><strong>nempe</strong></span> <span class='ocrx_word' id='word_1_423' title='bbox 475 2055 521 2082; x_wconf 75' lang='lat' dir='ltr'><strong>ine</strong></span> <span class='ocrx_word' id='word_1_424' title='bbox 534 2055 681 2087; x_wconf 87' lang='lat' dir='ltr'><strong>moderari,</strong></span> <span class='ocrx_word' id='word_1_425' title='bbox 694 2055 811 2089; x_wconf 79' lang='lat' dir='ltr'><strong>linguam</strong></span> <span class='ocrx_word' id='word_1_426' title='bbox 825 2054 944 2087; x_wconf 83' lang='lat' dir='ltr'><strong>frenare,</strong></span> <span class='ocrx_word' id='word_1_427' title='bbox 956 2062 1021 2082; x_wconf 90' lang='lat' dir='ltr'><strong>ocu-</strong></span> 
     </span>
    </p>
   </div>
   <div class='ocr_carea' id='block_1_60' title="bbox 231 2099 1019 2134">
    <p class='ocr_par' dir='ltr' id='par_1_60' title="bbox 231 2099 1019 2134">
     <span class='ocr_line' id='line_1_60' title="bbox 231 2099 1019 2134; baseline -0.003 -6"><span class='ocrx_word' id='word_1_428' title='bbox 231 2101 287 2128; x_wconf 90' lang='lat' dir='ltr'><strong>lum</strong></span> <span class='ocrx_word' id='word_1_429' title='bbox 301 2107 448 2133; x_wconf 87' lang='lat' dir='ltr'><strong>coercere,</strong></span> <span class='ocrx_word' id='word_1_430' title='bbox 471 2104 593 2128; x_wconf 87' lang='lat' dir='ltr'><strong>ventrem</strong></span> <span class='ocrx_word' id='word_1_431' title='bbox 619 2106 733 2134; x_wconf 74' lang='lat' dir='ltr'><strong>regere,</strong></span> <span class='ocrx_word' id='word_1_432' title='bbox 756 2099 924 2134; x_wconf 78' lang='lat' dir='ltr'><strong>gloriamque</strong></span> <span class='ocrx_word' id='word_1_433' title='bbox 946 2099 1019 2127; x_wconf 90' lang='lat' dir='ltr'><strong>humi</strong></span> 
     </span>
    </p>
   </div>
   <div class='ocr_carea' id='block_1_61' title="bbox 230 2145 1019 2180">
    <p class='ocr_par' dir='ltr' id='par_1_61' title="bbox 230 2145 1019 2180">
     <span class='ocr_line' id='line_1_61' title="bbox 230 2145 1019 2180; baseline -0.003 -6"><span class='ocrx_word' id='word_1_434' title='bbox 230 2152 387 2174; x_wconf 88' lang='lat' dir='ltr'><strong>manentem</strong></span> <span class='ocrx_word' id='word_1_435' title='bbox 405 2146 521 2174; x_wconf 87' lang='lat' dir='ltr'><strong>calcare.</strong></span> <span class='ocrx_word' id='word_1_436' title='bbox 535 2145 698 2180; x_wconf 86' lang='lat' dir='ltr'><strong>lnsipienter</strong></span> <span class='ocrx_word' id='word_1_437' title='bbox 713 2146 766 2173; x_wconf 86' lang='lat' dir='ltr'><strong>hoc</strong></span> <span class='ocrx_word' id='word_1_438' title='bbox 778 2145 899 2180; x_wconf 86' lang='lat' dir='ltr'><strong>quidem,</strong></span> <span class='ocrx_word' id='word_1_439' title='bbox 915 2146 961 2173; x_wconf 90' lang='lat' dir='ltr'><strong>sed</strong></span> <span class='ocrx_word' id='word_1_440' title='bbox 978 2150 1019 2172; x_wconf 80' lang='lat' dir='ltr'><strong>ta-</strong></span> 
     </span>
    </p>
   </div>
   <div class='ocr_carea' id='block_1_62' title="bbox 231 2193 1018 2229">
    <p class='ocr_par' dir='ltr' id='par_1_62' title="bbox 231 2193 1018 2229">
     <span class='ocr_line' id='line_1_62' title="bbox 231 2193 1018 2229; baseline -0.001 -8"><span class='ocrx_word' id='word_1_441' title='bbox 231 2201 292 2222; x_wconf 85' lang='lat' dir='ltr'><strong>men</strong></span> <span class='ocrx_word' id='word_1_442' title='bbox 309 2195 416 2228; x_wconf 86' lang='lat' dir='ltr'><strong>dicam;</strong></span> <span class='ocrx_word' id='word_1_443' title='bbox 432 2195 474 2222; x_wconf 89' lang='lat' dir='ltr'><strong>his</strong></span> <span class='ocrx_word' id='word_1_444' title='bbox 486 2194 567 2222; x_wconf 88' lang='lat' dir='ltr'><strong>rebus</strong></span> <span class='ocrx_word' id='word_1_445' title='bbox 579 2193 716 2229; x_wconf 86' lang='lat' dir='ltr'><strong>plerisque</strong></span> <span class='ocrx_word' id='word_1_446' title='bbox 730 2193 846 2222; x_wconf 80' lang='lat' dir='ltr'><strong>fortasse</strong></span> <span class='ocrx_word' id='word_1_447' title='bbox 858 2194 929 2221; x_wconf 86' lang='lat' dir='ltr'><strong>haud</strong></span> <span class='ocrx_word' id='word_1_448' title='bbox 944 2194 1018 2221; x_wconf 86' lang='lat' dir='ltr'><strong>dete-</strong></span> 
     </span>
    </p>
   </div>
   <div class='ocr_carea' id='block_1_63' title="bbox 231 2242 478 2270">
    <p class='ocr_par' dir='ltr' id='par_1_63' title="bbox 231 2242 478 2270">
     <span class='ocr_line' id='line_1_63' title="bbox 231 2242 478 2270; baseline 0.004 -1"><span class='ocrx_word' id='word_1_449' title='bbox 231 2243 288 2269; x_wconf 82' lang='lat' dir='ltr'><strong>rior</strong></span> <span class='ocrx_word' id='word_1_450' title='bbox 305 2242 392 2270; x_wconf 85' lang='lat' dir='ltr'><strong>factus</strong></span> <span class='ocrx_word' id='word_1_451' title='bbox 407 2250 478 2270; x_wconf 87' lang='lat' dir='ltr'><strong>sum.</strong></span> 
     </span>
    </p>
   </div>
   <div class='ocr_carea' id='block_1_64' title="bbox 266 2287 1020 2323">
    <p class='ocr_par' dir='ltr' id='par_1_64' title="bbox 266 2287 1020 2323">
     <span class='ocr_line' id='line_1_64' title="bbox 266 2287 1020 2323; baseline 0 -8"><span class='ocrx_word' id='word_1_452' title='bbox 266 2287 405 2315; x_wconf 76' lang='lat' dir='ltr'><strong>LXXVI“.</strong></span> <span class='ocrx_word' id='word_1_453' title='bbox 426 2289 462 2316; x_wconf 81' lang='lat' dir='ltr'><strong>At</strong></span> <span class='ocrx_word' id='word_1_454' title='bbox 483 2296 548 2316; x_wconf 92' lang='lat' dir='ltr'><strong>vero</strong></span> <span class='ocrx_word' id='word_1_455' title='bbox 572 2289 623 2316; x_wconf 92' lang='lat' dir='ltr'><strong>hoc</strong></span> <span class='ocrx_word' id='word_1_456' title='bbox 641 2288 845 2323; x_wconf 84' lang='lat' dir='ltr'><strong>philosophari,</strong></span> <span class='ocrx_word' id='word_1_457' title='bbox 868 2288 954 2323; x_wconf 87' lang='lat' dir='ltr'><strong>majus</strong></span> <span class='ocrx_word' id='word_1_458' title='bbox 977 2293 1020 2316; x_wconf 82' lang='lat' dir='ltr'><strong>est</strong></span> 
     </span>
    </p>
   </div>
   <div class='ocr_carea' id='block_1_65' title="bbox 265 2375 1330 2409">
    <p class='ocr_par' dir='ltr' id='par_1_65' title="bbox 265 2375 1330 2409">
     <span class='ocr_line' id='line_1_65' title="bbox 265 2375 1330 2409; baseline -0.001 -7"><span class='ocrx_word' id='word_1_459' title='bbox 265 2375 287 2392; x_wconf 81' lang='grc'>⁸³</span> <span class='ocrx_word' id='word_1_460' title='bbox 304 2375 376 2402; x_wconf 78' lang='lat' dir='ltr'><strong>Psal.</strong></span> <span class='ocrx_word' id='word_1_461' title='bbox 390 2383 454 2409; x_wconf 88' lang='lat' dir='ltr'><strong>xxv,</strong></span> <span class='ocrx_word' id='word_1_462' title='bbox 471 2376 498 2403; x_wconf 90' lang='lat'><strong>7.</strong></span> <span class='ocrx_word' id='word_1_463' title='bbox 537 2375 560 2391; x_wconf 81' lang='lat'><strong>&#39;°</strong></span> <span class='ocrx_word' id='word_1_464' title='bbox 575 2375 714 2408; x_wconf 84' lang='lat' dir='ltr'><strong>Psal.en|,</strong></span> <span class='ocrx_word' id='word_1_465' title='bbox 730 2375 756 2402; x_wconf 83' lang='lat'><strong>6.</strong></span> <span class='ocrx_word' id='word_1_466' title='bbox 796 2376 817 2391; x_wconf 82' lang='lat'>“</span> <span class='ocrx_word' id='word_1_467' title='bbox 831 2375 903 2403; x_wconf 85' lang='lat' dir='ltr'><strong>Psal.</strong></span> <span class='ocrx_word' id='word_1_468' title='bbox 918 2383 984 2408; x_wconf 80' lang='lat' dir='ltr'><strong>xvn,</strong></span> <span class='ocrx_word' id='word_1_469' title='bbox 1001 2375 1044 2402; x_wconf 73' lang='lat'><strong>12.</strong></span> <span class='ocrx_word' id='word_1_470' title='bbox 1073 2376 1096 2391; x_wconf 83' lang='grc'>⁹¹</span> <span class='ocrx_word' id='word_1_471' title='bbox 1104 2375 1330 2408; x_wconf 65' lang='lat' dir='ltr'><strong>Matth.xxn,13.</strong></span> 
     </span>
    </p>
   </div>
   <div class='ocr_carea' id='block_1_66' title="bbox 231 2410 946 2444">
    <p class='ocr_par' dir='ltr' id='par_1_66' title="bbox 231 2410 946 2444">
     <span class='ocr_line' id='line_1_66' title="bbox 231 2410 946 2444; baseline 0 -7"><span class='ocrx_word' id='word_1_472' title='bbox 231 2411 295 2442; x_wconf 52' lang='lat'><strong>‘05;</strong></span> <span class='ocrx_word' id='word_1_473' title='bbox 314 2417 391 2444; x_wconf 80' lang='lat' dir='ltr'><strong>XVIII,</strong></span> <span class='ocrx_word' id='word_1_474' title='bbox 410 2411 461 2444; x_wconf 75' lang='lat' dir='ltr'><strong>il;</strong></span> <span class='ocrx_word' id='word_1_475' title='bbox 476 2411 559 2438; x_wconf 85' lang='lat' dir='ltr'><strong>Prov.</strong></span> <span class='ocrx_word' id='word_1_476' title='bbox 574 2419 633 2444; x_wconf 64' lang='grc' dir='ltr'>χιι,</span> <span class='ocrx_word' id='word_1_477' title='bbox 648 2410 694 2438; x_wconf 70' lang='grc'><strong>24.</strong></span> <span class='ocrx_word' id='word_1_478' title='bbox 735 2411 758 2427; x_wconf 79' lang='grc'><strong>’⁵</strong></span> <span class='ocrx_word' id='word_1_479' title='bbox 772 2411 853 2438; x_wconf 83' lang='lat' dir='ltr'><strong>Prov.</strong></span> <span class='ocrx_word' id='word_1_480' title='bbox 870 2419 902 2443; x_wconf 91' lang='grc' dir='ltr'><strong>ιι,</strong></span> <span class='ocrx_word' id='word_1_481' title='bbox 920 2411 946 2437; x_wconf 74' lang='grc'><strong>5.</strong></span> 
     </span>
    </p>
   </div>
   <div class='ocr_carea' id='block_1_67' title="bbox 265 2487 1016 2523">
    <p class='ocr_par' dir='ltr' id='par_1_67' title="bbox 265 2487 1016 2523">
     <span class='ocr_line' id='line_1_67' title="bbox 265 2487 1016 2523; baseline 0 -9"><span class='ocrx_word' id='word_1_482' title='bbox 265 2487 321 2523; x_wconf 70' lang='grc'><strong>(45)</strong></span> <span class='ocrx_word' id='word_1_483' title='bbox 334 2487 526 2523; x_wconf 76' lang='grc' dir='ltr'>Εὑρεθέντος.</span> <span class='ocrx_word' id='word_1_484' title='bbox 542 2487 588 2515; x_wconf 86' lang='lat' dir='ltr'><strong>Sic</strong></span> <span class='ocrx_word' id='word_1_485' title='bbox 605 2487 672 2522; x_wconf 74' lang='lat' dir='ltr'><strong>Heg.</strong></span> <span class='ocrx_word' id='word_1_486' title='bbox 694 2487 714 2520; x_wconf 90' lang='grc' dir='ltr'><strong>Ι,</strong></span> <span class='ocrx_word' id='word_1_487' title='bbox 731 2492 751 2520; x_wconf 91' lang='lat' dir='ltr'><strong>t,</strong></span> <span class='ocrx_word' id='word_1_488' title='bbox 768 2491 797 2515; x_wconf 87' lang='lat' dir='ltr'><strong>et</strong></span> <span class='ocrx_word' id='word_1_489' title='bbox 815 2487 891 2515; x_wconf 83' lang='lat' dir='ltr'><strong>Colb.</strong></span> <span class='ocrx_word' id='word_1_490' title='bbox 907 2496 943 2515; x_wconf 84' lang='grc' dir='ltr'>ιιι.</span> <span class='ocrx_word' id='word_1_491' title='bbox 957 2487 1016 2515; x_wconf 68' lang='lat' dir='ltr'><strong>Cat-</strong></span> 
     </span>
    </p>
   </div>
   <div class='ocr_carea' id='block_1_68' title="bbox 231 2522 456 2559">
    <p class='ocr_par' dir='ltr' id='par_1_68' title="bbox 231 2522 456 2559">
     <span class='ocr_line' id='line_1_68' title="bbox 231 2522 456 2559; baseline -0.009 -9"><span class='ocrx_word' id='word_1_492' title='bbox 231 2522 279 2551; x_wconf 88' lang='lat' dir='ltr'><strong>teri</strong></span> <span class='ocrx_word' id='word_1_493' title='bbox 284 2522 367 2559; x_wconf 23' lang='grc' dir='ltr'>ναίρεθ</span> <span class='ocrx_word' id='word_1_494' title='bbox 371 2523 456 2559; x_wconf 60' lang='grc' dir='ltr'>ἐντος,</span> 
     </span>
    </p>
   </div>
   <div class='ocr_carea' id='block_1_69' title="bbox 248 2557 1020 2620">
    <p class='ocr_par' dir='ltr' id='par_1_69' title="bbox 248 2557 1020 2620">
     <span class='ocr_line' id='line_1_69' title="bbox 265 2557 1020 2594; baseline 0 -10"><span class='ocrx_word' id='word_1_495' title='bbox 265 2557 327 2594; x_wconf 69' lang='grc'><strong>(46)</strong></span> <span class='ocrx_word' id='word_1_496' title='bbox 338 2557 482 2585; x_wconf 78' lang='grc' dir='ltr'>Ταπεινὸν</span> <span class='ocrx_word' id='word_1_497' title='bbox 490 2557 595 2585; x_wconf 79' lang='grc' dir='ltr'>ἐποίει.</span> <span class='ocrx_word' id='word_1_498' title='bbox 607 2557 644 2585; x_wconf 82' lang='lat' dir='ltr'><strong>lta</strong></span> <span class='ocrx_word' id='word_1_499' title='bbox 655 2557 722 2594; x_wconf 74' lang='lat' dir='ltr'><strong>Reg.</strong></span> <span class='ocrx_word' id='word_1_500' title='bbox 737 2557 756 2591; x_wconf 89' lang='lat' dir='ltr'><strong>l,</strong></span> <span class='ocrx_word' id='word_1_501' title='bbox 772 2562 792 2591; x_wconf 87' lang='lat' dir='ltr'><strong>t,</strong></span> <span class='ocrx_word' id='word_1_502' title='bbox 808 2557 921 2591; x_wconf 88' lang='lat' dir='ltr'><strong>x,Colb.</strong></span> <span class='ocrx_word' id='word_1_503' title='bbox 940 2565 976 2584; x_wconf 90' lang='lat' dir='ltr'><strong>m.</strong></span> <span class='ocrx_word' id='word_1_504' title='bbox 992 2557 1020 2584; x_wconf 94' lang='lat' dir='ltr'><strong>ln</strong></span> 
     </span>
     <span class='ocr_line' id='line_1_70' title="bbox 248 2592 412 2620; baseline -0.006 0"><span class='ocrx_word' id='word_1_505' title='bbox 248 2592 292 2620; x_wconf 86' lang='lat' dir='ltr'><strong>liis</strong></span> <span class='ocrx_word' id='word_1_506' title='bbox 306 2596 412 2620; x_wconf 86' lang='lat' dir='ltr'><strong>desunt.</strong></span> 
     </span>
    </p>
   </div>
   <div class='ocr_carea' id='block_1_70' title="bbox 232 2593 412 2620">
    <p class='ocr_par' dir='ltr' id='par_1_70' title="bbox 232 2593 412 2620">
     <span class='ocr_line' id='line_1_71' title="bbox 232 2593 412 2620; baseline -0.006 0"><span class='ocrx_word' id='word_1_507' title='bbox 232 2593 292 2620; x_wconf 79' lang='lat' dir='ltr'><strong>aliis</strong></span> <span class='ocrx_word' id='word_1_508' title='bbox 306 2596 412 2620; x_wconf 86' lang='lat' dir='ltr'><strong>desunt.</strong></span> 
     </span>
    </p>
   </div>
   <div class='ocr_carea' id='block_1_71' title="bbox 266 2627 1020 2664">
    <p class='ocr_par' dir='ltr' id='par_1_71' title="bbox 266 2627 1020 2664">
     <span class='ocr_line' id='line_1_72' title="bbox 266 2627 1020 2664; baseline -0.001 -9"><span class='ocrx_word' id='word_1_509' title='bbox 266 2628 321 2664; x_wconf 76' lang='grc'><strong>(47)</strong></span> <span class='ocrx_word' id='word_1_510' title='bbox 337 2629 386 2664; x_wconf 67' lang='grc' dir='ltr'>Ὣς</span> <span class='ocrx_word' id='word_1_511' title='bbox 397 2627 492 2664; x_wconf 51' lang='lat' dir='ltr'><strong>iga/1dr</strong></span> <span class='ocrx_word' id='word_1_512' title='bbox 504 2627 589 2655; x_wconf 78' lang='grc' dir='ltr'>ἐστιν</span> <span class='ocrx_word' id='word_1_513' title='bbox 608 2628 697 2655; x_wconf 78' lang='grc' dir='ltr'>ἅπαν.</span> <span class='ocrx_word' id='word_1_514' title='bbox 721 2638 731 2655; x_wconf 82' lang='grc' dir='ltr'><strong>ι</strong></span> <span class='ocrx_word' id='word_1_515' title='bbox 750 2627 802 2661; x_wconf 84' lang='lat' dir='ltr'><strong>Qui</strong></span> <span class='ocrx_word' id='word_1_516' title='bbox 817 2632 859 2655; x_wconf 91' lang='lat' dir='ltr'><strong>est</strong></span> <span class='ocrx_word' id='word_1_517' title='bbox 877 2635 957 2655; x_wconf 89' lang='lat' dir='ltr'><strong>omne</strong></span> <span class='ocrx_word' id='word_1_518' title='bbox 970 2627 1020 2654; x_wconf 89' lang='lat' dir='ltr'><strong>bo-</strong></span> 
     </span>
    </p>
   </div>
   <div class='ocr_carea' id='block_1_72' title="bbox 233 2662 646 2696">
    <p class='ocr_par' dir='ltr' id='par_1_72' title="bbox 233 2662 646 2696">
     <span class='ocr_line' id='line_1_73' title="bbox 233 2662 646 2696; baseline -0.002 -5"><span class='ocrx_word' id='word_1_519' title='bbox 233 2662 304 2691; x_wconf 90' lang='lat' dir='ltr'><strong>nuin.</strong></span> <span class='ocrx_word' id='word_1_520' title='bbox 325 2673 334 2689; x_wconf 75' lang='grc' dir='ltr'><strong>ι</strong></span> <span class='ocrx_word' id='word_1_521' title='bbox 349 2662 383 2690; x_wconf 86' lang='lat' dir='ltr'><strong>Ut</strong></span> <span class='ocrx_word' id='word_1_522' title='bbox 397 2663 587 2696; x_wconf 74' lang='lat' dir='ltr'><strong>Exod.xxxtn,</strong></span> <span class='ocrx_word' id='word_1_523' title='bbox 603 2664 646 2690; x_wconf 81' lang='lat' dir='ltr'><strong>l9.</strong></span> 
     </span>
    </p>
   </div>
   <div class='ocr_carea' id='block_1_73' title="bbox 266 2697 1017 2734">
    <p class='ocr_par' dir='ltr' id='par_1_73' title="bbox 266 2697 1017 2734">
     <span class='ocr_line' id='line_1_74' title="bbox 266 2697 1017 2734; baseline 0 -10"><span class='ocrx_word' id='word_1_524' title='bbox 266 2698 322 2734; x_wconf 68' lang='grc'><strong>(48)</strong></span> <span class='ocrx_word' id='word_1_525' title='bbox 350 2698 565 2734; x_wconf 27' lang='grc' dir='ltr'>Κλέπτεσθαιλ</span> <span class='ocrx_word' id='word_1_526' title='bbox 582 2699 619 2725; x_wconf 89' lang='lat' dir='ltr'><strong>lta</strong></span> <span class='ocrx_word' id='word_1_527' title='bbox 647 2698 768 2734; x_wconf 83' lang='lat' dir='ltr'><strong>codicum</strong></span> <span class='ocrx_word' id='word_1_528' title='bbox 792 2706 858 2734; x_wconf 82' lang='lat' dir='ltr'><strong>pars</strong></span> <span class='ocrx_word' id='word_1_529' title='bbox 888 2697 1017 2725; x_wconf 80' lang='lat' dir='ltr'><strong>maxima.</strong></span> 
     </span>
    </p>
   </div>
   <div class='ocr_carea' id='block_1_74' title="bbox 234 2731 843 2769">
    <p class='ocr_par' dir='ltr' id='par_1_74' title="bbox 234 2731 843 2769">
     <span class='ocr_line' id='line_1_75' title="bbox 234 2731 843 2769; baseline 0.002 -9"><span class='ocrx_word' id='word_1_530' title='bbox 234 2731 297 2768; x_wconf 59' lang='lat' dir='ltr'><strong>Bck.</strong></span> <span class='ocrx_word' id='word_1_531' title='bbox 316 2733 333 2764; x_wconf 89' lang='grc' dir='ltr'><strong>ι,</strong></span> <span class='ocrx_word' id='word_1_532' title='bbox 349 2733 528 2769; x_wconf 72' lang='grc' dir='ltr'>κρύπτεσθαι.</span> <span class='ocrx_word' id='word_1_533' title='bbox 550 2733 610 2760; x_wconf 90' lang='lat' dir='ltr'><strong>Bas.</strong></span> <span class='ocrx_word' id='word_1_534' title='bbox 626 2734 669 2769; x_wconf 64' lang='lat' dir='ltr'><strong>etjl.</strong></span> <span class='ocrx_word' id='word_1_535' title='bbox 687 2731 843 2768; x_wconf 71' lang='grc' dir='ltr'>βλέπεσθαι.</span> 
     </span>
    </p>
   </div>
   <div class='ocr_carea' id='block_1_75' title="bbox 266 2768 874 2803">
    <p class='ocr_par' dir='ltr' id='par_1_75' title="bbox 266 2768 874 2803">
     <span class='ocr_line' id='line_1_76' title="bbox 266 2768 874 2803; baseline 0 -9"><span class='ocrx_word' id='word_1_536' title='bbox 266 2769 321 2803; x_wconf 75' lang='grc'><strong>(49)</strong></span> <span class='ocrx_word' id='word_1_537' title='bbox 335 2768 416 2801; x_wconf 82' lang='grc' dir='ltr'>Δέος.</span> <span class='ocrx_word' id='word_1_538' title='bbox 439 2770 552 2796; x_wconf 82' lang='lat' dir='ltr'><strong>Additur</strong></span> <span class='ocrx_word' id='word_1_539' title='bbox 564 2769 633 2803; x_wconf 85' lang='lat' dir='ltr'><strong>apud</strong></span> <span class='ocrx_word' id='word_1_540' title='bbox 646 2768 763 2796; x_wconf 85' lang='lat' dir='ltr'><strong>Monlac.</strong></span> <span class='ocrx_word' id='word_1_541' title='bbox 775 2769 874 2795; x_wconf 73' lang='grc' dir='ltr'>ἔπεισι.</span> 
     </span>
    </p>
   </div>
   <div class='ocr_carea' id='block_1_76' title="bbox 278 2803 911 2864">
    <p class='ocr_par' dir='ltr' id='par_1_76' title="bbox 278 2803 911 2864">
     <span class='ocr_line' id='line_1_77' title="bbox 278 2803 911 2839; baseline 0 -10"><span class='ocrx_word' id='word_1_542' title='bbox 278 2803 322 2839; x_wconf 81' lang='lat' dir='ltr'><strong>5Q)</strong></span> <span class='ocrx_word' id='word_1_543' title='bbox 346 2803 501 2837; x_wconf 61' lang='lat' dir='ltr'><strong>&#39;Eyavtdr.</strong></span> <span class='ocrx_word' id='word_1_544' title='bbox 519 2804 573 2838; x_wconf 74' lang='lat' dir='ltr'><strong>Reg</strong></span> <span class='ocrx_word' id='word_1_545' title='bbox 597 2806 643 2836; x_wconf 88' lang='lat' dir='ltr'><strong>hu,</strong></span> <span class='ocrx_word' id='word_1_546' title='bbox 656 2810 721 2836; x_wconf 83' lang='lat' dir='ltr'><strong>n,ct</strong></span> <span class='ocrx_word' id='word_1_547' title='bbox 735 2803 790 2830; x_wconf 83' lang='lat' dir='ltr'><strong>.les.</strong></span> <span class='ocrx_word' id='word_1_548' title='bbox 806 2804 911 2830; x_wconf 80' lang='grc' dir='ltr'>ἑαυτόν.</span> 
     </span>
     <span class='ocr_line' id='line_1_78' title="bbox 278 2838 910 2864; baseline 0 0"><span class='ocrx_word' id='word_1_549' title='bbox 278 2838 324 2864; x_wconf 68' lang='lat' dir='ltr'><strong>Si)</strong></span> <span class='ocrx_word' id='word_1_550' title='bbox 338 2839 438 2864; x_wconf 76' lang='lat' dir='ltr'><strong>Aotdc.</strong></span> <span class='ocrx_word' id='word_1_551' title='bbox 455 2839 531 2864; x_wconf 81' lang='lat' dir='ltr'><strong>Anud</strong></span> <span class='ocrx_word' id='word_1_552' title='bbox 558 2838 673 2864; x_wconf 78' lang='lat' dir='ltr'><strong>Montae.</strong></span> <span class='ocrx_word' id='word_1_553' title='bbox 695 2839 802 2864; x_wconf 85' lang='lat' dir='ltr'><strong>additur</strong></span> <span class='ocrx_word' id='word_1_554' title='bbox 815 2839 854 2864; x_wconf 84' lang='grc' dir='ltr'><strong>τῶ</strong></span> <span class='ocrx_word' id='word_1_555' title='bbox 874 2838 910 2864; x_wconf 86' lang='grc' dir='ltr'>Θε</span> 
     </span>
    </p>
   </div>
   <div class='ocr_carea' id='block_1_77' title="bbox 267 2839 324 2909">
    <p class='ocr_par' dir='ltr' id='par_1_77' title="bbox 267 2839 324 2909">
     <span class='ocr_line' id='line_1_79' title="bbox 267 2839 324 2909; baseline 0.018 -1"><span class='ocrx_word' id='word_1_556' title='bbox 267 2839 324 2909; x_wconf 60' lang='lat' dir='ltr'><strong>liii</strong></span> 
     </span>
    </p>
   </div>
   <div class='ocr_carea' id='block_1_78' title="bbox 338 2837 944 2873">
    <p class='ocr_par' dir='ltr' id='par_1_78' title="bbox 338 2837 944 2873">
     <span class='ocr_line' id='line_1_80' title="bbox 338 2837 944 2873; baseline 0 -9"><span class='ocrx_word' id='word_1_557' title='bbox 338 2839 438 2870; x_wconf 86' lang='grc' dir='ltr'>Δοτός.</span> <span class='ocrx_word' id='word_1_558' title='bbox 455 2839 531 2873; x_wconf 84' lang='lat' dir='ltr'><strong>Apud</strong></span> <span class='ocrx_word' id='word_1_559' title='bbox 558 2837 673 2866; x_wconf 76' lang='lat' dir='ltr'><strong>Montac.</strong></span> <span class='ocrx_word' id='word_1_560' title='bbox 695 2839 802 2866; x_wconf 87' lang='lat' dir='ltr'><strong>additur</strong></span> <span class='ocrx_word' id='word_1_561' title='bbox 815 2839 854 2873; x_wconf 81' lang='grc' dir='ltr'>τῷ</span> <span class='ocrx_word' id='word_1_562' title='bbox 874 2837 944 2873; x_wconf 85' lang='grc' dir='ltr'>Θεῷ,</span> 
     </span>
    </p>
   </div>
   <div class='ocr_carea' id='block_1_79' title="bbox 348 2873 1017 2908">
    <p class='ocr_par' dir='ltr' id='par_1_79' title="bbox 348 2873 1017 2908">
     <span class='ocr_line' id='line_1_81' title="bbox 348 2873 1017 2908; baseline 0.001 -9"><span class='ocrx_word' id='word_1_563' title='bbox 348 2873 379 2899; x_wconf 87' lang='lat'><strong>&#39;0</strong></span> <span class='ocrx_word' id='word_1_564' title='bbox 396 2873 498 2906; x_wconf 79' lang='grc' dir='ltr'>πόθος.</span> <span class='ocrx_word' id='word_1_565' title='bbox 513 2883 523 2900; x_wconf 84' lang='grc'><strong>‹</strong></span> <span class='ocrx_word' id='word_1_566' title='bbox 542 2874 719 2908; x_wconf 78' lang='lat' dir='ltr'><strong>Desiderium,</strong></span> <span class='ocrx_word' id='word_1_567' title='bbox 744 2881 830 2902; x_wconf 81' lang='lat' dir='ltr'><strong>amor.</strong></span> <span class='ocrx_word' id='word_1_568' title='bbox 849 2883 857 2899; x_wconf 81' lang='grc' dir='ltr'><strong>ι</strong></span> <span class='ocrx_word' id='word_1_569' title='bbox 878 2873 936 2901; x_wconf 81' lang='lat' dir='ltr'><strong>Non</strong></span> <span class='ocrx_word' id='word_1_570' title='bbox 956 2876 1017 2907; x_wconf 85' lang='lat' dir='ltr'><strong>apte</strong></span> 
     </span>
    </p>
   </div>
   <div class='ocr_carea' id='block_1_80' title="bbox 1071 950 1859 988">
    <p class='ocr_par' dir='ltr' id='par_1_80' title="bbox 1071 950 1859 988">
     <span class='ocr_line' id='line_1_82' title="bbox 1071 950 1859 988; baseline -0.004 -9"><span class='ocrx_word' id='word_1_571' title='bbox 1071 953 1168 988; x_wconf 84' lang='grc' dir='ltr'>χωρῶν</span> <span class='ocrx_word' id='word_1_572' title='bbox 1194 953 1237 979; x_wconf 72' lang='grc' dir='ltr'><strong>ἀεὶ</strong></span> <span class='ocrx_word' id='word_1_573' title='bbox 1252 952 1386 985; x_wconf 83' lang='grc' dir='ltr'>τοσοῦτον,</span> <span class='ocrx_word' id='word_1_574' title='bbox 1403 952 1465 978; x_wconf 84' lang='grc' dir='ltr'>ὅσον</span> <span class='ocrx_word' id='word_1_575' title='bbox 1488 950 1734 986; x_wconf 78' lang='grc' dir='ltr'>καταλαμϐάνεται,</span> <span class='ocrx_word' id='word_1_576' title='bbox 1750 951 1797 977; x_wconf 74' lang='grc' dir='ltr'>καὶ</span> <span class='ocrx_word' id='word_1_577' title='bbox 1813 951 1859 976; x_wconf 79' lang='grc' dir='ltr'><strong>ὐπ-</strong></span> 
     </span>
    </p>
   </div>
   <div class='ocr_carea' id='block_1_81' title="bbox 1071 995 1860 1033">
    <p class='ocr_par' dir='ltr' id='par_1_81' title="bbox 1071 995 1860 1033">
     <span class='ocr_line' id='line_1_83' title="bbox 1071 995 1860 1033; baseline -0.004 -8"><span class='ocrx_word' id='word_1_578' title='bbox 1071 999 1146 1033; x_wconf 85' lang='grc' dir='ltr'>άγων</span> <span class='ocrx_word' id='word_1_579' title='bbox 1164 998 1231 1033; x_wconf 77' lang='grc' dir='ltr'>πρὸς</span> <span class='ocrx_word' id='word_1_580' title='bbox 1249 997 1284 1024; x_wconf 77' lang='grc' dir='ltr'><strong>τὰ</strong></span> <span class='ocrx_word' id='word_1_581' title='bbox 1300 998 1356 1024; x_wconf 75' lang='grc' dir='ltr'>ἄνω</span> <span class='ocrx_word' id='word_1_582' title='bbox 1379 997 1424 1023; x_wconf 84' lang='grc' dir='ltr'>τὸν</span> <span class='ocrx_word' id='word_1_583' title='bbox 1440 996 1556 1032; x_wconf 84' lang='grc' dir='ltr'>ἐραστὴν</span> <span class='ocrx_word' id='word_1_584' title='bbox 1573 996 1611 1032; x_wconf 80' lang='grc' dir='ltr'>τῷ</span> <span class='ocrx_word' id='word_1_585' title='bbox 1625 997 1745 1031; x_wconf 78' lang='grc' dir='ltr'>φεύγειν,</span> <span class='ocrx_word' id='word_1_586' title='bbox 1760 996 1806 1022; x_wconf 78' lang='grc' dir='ltr'>καὶ</span> <span class='ocrx_word' id='word_1_587' title='bbox 1820 995 1860 1030; x_wconf 84' lang='grc' dir='ltr'>τῷ</span> 
     </span>
    </p>
   </div>
   <div class='ocr_carea' id='block_1_82' title="bbox 1072 1042 1588 1081">
    <p class='ocr_par' dir='ltr' id='par_1_82' title="bbox 1072 1042 1588 1081">
     <span class='ocr_line' id='line_1_84' title="bbox 1072 1042 1588 1081; baseline -0.004 -9"><span class='ocrx_word' id='word_1_588' title='bbox 1072 1042 1126 1072; x_wconf 73' lang='grc' dir='ltr'>οἷον</span> <span class='ocrx_word' id='word_1_589' title='bbox 1142 1044 1328 1081; x_wconf 83' lang='grc' dir='ltr'><strong>κρατούμενος</strong></span> <span class='ocrx_word' id='word_1_590' title='bbox 1344 1043 1509 1071; x_wconf 82' lang='grc' dir='ltr'><strong>κλέπτεσθαι</strong></span> <span class='ocrx_word' id='word_1_591' title='bbox 1521 1042 1588 1079; x_wconf 68' lang='grc'><strong>(48).</strong></span> 
     </span>
    </p>
   </div>
   <div class='ocr_carea' id='block_1_83' title="bbox 1111 1135 1859 1172">
    <p class='ocr_par' dir='ltr' id='par_1_83' title="bbox 1111 1135 1859 1172">
     <span class='ocr_line' id='line_1_85' title="bbox 1111 1135 1859 1172; baseline -0.005 -7"><span class='ocrx_word' id='word_1_592' title='bbox 1111 1138 1172 1165; x_wconf 91' lang='lat' dir='ltr'><strong>OZ’.</strong></span> <span class='ocrx_word' id='word_1_593' title='bbox 1192 1137 1325 1164; x_wconf 77' lang='grc' dir='ltr'>Τοσοῦτον</span> <span class='ocrx_word' id='word_1_594' title='bbox 1345 1137 1394 1172; x_wconf 76' lang='grc' dir='ltr'>μὲν</span> <span class='ocrx_word' id='word_1_595' title='bbox 1410 1136 1441 1172; x_wconf 86' lang='grc' dir='ltr'>δὴ</span> <span class='ocrx_word' id='word_1_596' title='bbox 1457 1136 1504 1163; x_wconf 75' lang='grc' dir='ltr'>καὶ</span> <span class='ocrx_word' id='word_1_597' title='bbox 1517 1135 1637 1162; x_wconf 84' lang='grc' dir='ltr'>τοιοῦτον</span> <span class='ocrx_word' id='word_1_598' title='bbox 1647 1136 1712 1171; x_wconf 79' lang='grc' dir='ltr'>ἡμῖν</span> <span class='ocrx_word' id='word_1_599' title='bbox 1727 1135 1758 1162; x_wconf 82' lang='grc' dir='ltr'>τὸ</span> <span class='ocrx_word' id='word_1_600' title='bbox 1767 1135 1859 1162; x_wconf 80' lang='grc' dir='ltr'>ποθού-</span> 
     </span>
    </p>
   </div>
   <div class='ocr_carea' id='block_1_84' title="bbox 1074 1179 1859 1218">
    <p class='ocr_par' dir='ltr' id='par_1_84' title="bbox 1074 1179 1859 1218">
     <span class='ocr_line' id='line_1_86' title="bbox 1074 1179 1859 1218; baseline -0.004 -9"><span class='ocrx_word' id='word_1_601' title='bbox 1074 1191 1153 1218; x_wconf 88' lang='grc' dir='ltr'>μενον</span> <span class='ocrx_word' id='word_1_602' title='bbox 1172 1182 1218 1208; x_wconf 81' lang='grc' dir='ltr'>καὶ</span> <span class='ocrx_word' id='word_1_603' title='bbox 1233 1181 1446 1216; x_wconf 76' lang='grc' dir='ltr'>σπουδαζόμενον</span> <span class='ocrx_word' id='word_1_604' title='bbox 1456 1190 1462 1196; x_wconf 90' lang='grc'><strong>·</strong></span> <span class='ocrx_word' id='word_1_605' title='bbox 1478 1181 1599 1208; x_wconf 79' lang='grc' dir='ltr'>τοιοῦτον</span> <span class='ocrx_word' id='word_1_606' title='bbox 1621 1181 1648 1207; x_wconf 83' lang='grc' dir='ltr'>δὲ</span> <span class='ocrx_word' id='word_1_607' title='bbox 1664 1179 1733 1207; x_wconf 80' lang='grc' dir='ltr'>εἶναι</span> <span class='ocrx_word' id='word_1_608' title='bbox 1747 1181 1799 1216; x_wconf 82' lang='grc' dir='ltr'><strong>χρὴ</strong></span> <span class='ocrx_word' id='word_1_609' title='bbox 1814 1181 1859 1207; x_wconf 81' lang='grc' dir='ltr'>τὸν</span> 
     </span>
    </p>
   </div>
   <div class='ocr_carea' id='block_1_85' title="bbox 1073 1227 1860 1264">
    <p class='ocr_par' dir='ltr' id='par_1_85' title="bbox 1073 1227 1860 1264">
     <span class='ocr_line' id='line_1_87' title="bbox 1073 1227 1860 1264; baseline -0.003 -9"><span class='ocrx_word' id='word_1_610' title='bbox 1073 1228 1254 1264; x_wconf 76' lang='grc' dir='ltr'>νυμφαγωγὸν</span> <span class='ocrx_word' id='word_1_611' title='bbox 1275 1228 1328 1254; x_wconf 83' lang='grc' dir='ltr'><strong>τῶν</strong></span> <span class='ocrx_word' id='word_1_612' title='bbox 1345 1227 1437 1262; x_wconf 81' lang='grc' dir='ltr'>ψυχῶν</span> <span class='ocrx_word' id='word_1_613' title='bbox 1458 1228 1504 1254; x_wconf 73' lang='grc' dir='ltr'>καὶ</span> <span class='ocrx_word' id='word_1_614' title='bbox 1530 1227 1732 1263; x_wconf 83' lang='grc' dir='ltr'>προμνήστορα.</span> <span class='ocrx_word' id='word_1_615' title='bbox 1747 1227 1860 1262; x_wconf 81' lang='grc' dir='ltr'>Ἔμοιγε</span> 
     </span>
    </p>
   </div>
   <div class='ocr_carea' id='block_1_86' title="bbox 1075 1273 1862 1310">
    <p class='ocr_par' dir='ltr' id='par_1_86' title="bbox 1075 1273 1862 1310">
     <span class='ocr_line' id='line_1_88' title="bbox 1075 1273 1862 1310; baseline -0.001 -10"><span class='ocrx_word' id='word_1_616' title='bbox 1075 1274 1126 1310; x_wconf 86' lang='grc' dir='ltr'>μὴν</span> <span class='ocrx_word' id='word_1_617' title='bbox 1140 1274 1197 1306; x_wconf 77' lang='grc' dir='ltr'>δέος</span> <span class='ocrx_word' id='word_1_618' title='bbox 1212 1274 1277 1310; x_wconf 78' lang='grc'><strong>(49),</strong></span> <span class='ocrx_word' id='word_1_619' title='bbox 1294 1274 1331 1309; x_wconf 85' lang='grc' dir='ltr'>μὴ</span> <span class='ocrx_word' id='word_1_620' title='bbox 1352 1275 1400 1300; x_wconf 75' lang='grc' dir='ltr'>καὶ</span> <span class='ocrx_word' id='word_1_621' title='bbox 1419 1273 1466 1300; x_wconf 76' lang='grc' dir='ltr'>τοῦ</span> <span class='ocrx_word' id='word_1_622' title='bbox 1491 1274 1634 1309; x_wconf 83' lang='grc' dir='ltr'>νυμφῶνος</span> <span class='ocrx_word' id='word_1_623' title='bbox 1656 1273 1708 1305; x_wconf 73' lang='grc' dir='ltr'><strong>ἔξω</strong></span> <span class='ocrx_word' id='word_1_624' title='bbox 1731 1273 1802 1309; x_wconf 69' lang='grc' dir='ltr'>ριιρῶ</span> <span class='ocrx_word' id='word_1_625' title='bbox 1819 1273 1862 1300; x_wconf 78' lang='grc' dir='ltr'>δε-</span> 
     </span>
    </p>
   </div>
   <div class='ocr_carea' id='block_1_87' title="bbox 1073 1319 1861 1355">
    <p class='ocr_par' dir='ltr' id='par_1_87' title="bbox 1073 1319 1861 1355">
     <span class='ocr_line' id='line_1_89' title="bbox 1073 1319 1861 1355; baseline 0 -10"><span class='ocrx_word' id='word_1_626' title='bbox 1073 1319 1129 1351; x_wconf 78' lang='grc' dir='ltr'>θεὶς</span> <span class='ocrx_word' id='word_1_627' title='bbox 1147 1320 1242 1355; x_wconf 86' lang='grc' dir='ltr'>χεῖρας</span> <span class='ocrx_word' id='word_1_628' title='bbox 1262 1319 1309 1346; x_wconf 64' lang='grc' dir='ltr'>καὶ.</span> <span class='ocrx_word' id='word_1_629' title='bbox 1325 1319 1424 1351; x_wconf 81' lang='grc' dir='ltr'>πόδας,</span> <span class='ocrx_word' id='word_1_630' title='bbox 1441 1319 1479 1351; x_wconf 83' lang='grc' dir='ltr'>ὡς</span> <span class='ocrx_word' id='word_1_631' title='bbox 1493 1320 1544 1346; x_wconf 77' lang='grc' dir='ltr'>οὐκ</span> <span class='ocrx_word' id='word_1_632' title='bbox 1569 1319 1742 1354; x_wconf 76' lang='grc' dir='ltr'>ἐνδεδυμένος</span> <span class='ocrx_word' id='word_1_633' title='bbox 1761 1319 1861 1354; x_wconf 76' lang='grc' dir='ltr'>ἔνδυμα</span> 
     </span>
    </p>
   </div>
   <div class='ocr_carea' id='block_1_88' title="bbox 1073 1366 1860 1403">
    <p class='ocr_par' dir='ltr' id='par_1_88' title="bbox 1073 1366 1860 1403">
     <span class='ocr_line' id='line_1_90' title="bbox 1073 1366 1860 1403; baseline 0 -10"><span class='ocrx_word' id='word_1_634' title='bbox 1073 1366 1174 1402; x_wconf 87' lang='grc' dir='ltr'>γάμου,</span> <span class='ocrx_word' id='word_1_635' title='bbox 1200 1366 1268 1393; x_wconf 81' lang='grc' dir='ltr'>ἀλλὰ</span> <span class='ocrx_word' id='word_1_636' title='bbox 1299 1367 1444 1403; x_wconf 83' lang='grc' dir='ltr'>τολμηρῶς</span> <span class='ocrx_word' id='word_1_637' title='bbox 1471 1366 1635 1403; x_wconf 85' lang='grc' dir='ltr'>παρενείρας</span> <span class='ocrx_word' id='word_1_638' title='bbox 1663 1366 1780 1402; x_wconf 76' lang='grc' dir='ltr'>ἐμαυτὸν</span> <span class='ocrx_word' id='word_1_639' title='bbox 1804 1366 1860 1401; x_wconf 80' lang='grc'><strong>(50)</strong></span> 
     </span>
    </p>
   </div>
   <div class='ocr_carea' id='block_1_89' title="bbox 1072 1412 1860 1448">
    <p class='ocr_par' dir='ltr' id='par_1_89' title="bbox 1072 1412 1860 1448">
     <span class='ocr_line' id='line_1_91' title="bbox 1072 1412 1860 1448; baseline 0.001 -10"><span class='ocrx_word' id='word_1_640' title='bbox 1072 1413 1129 1443; x_wconf 82' lang='grc' dir='ltr'>τοῖς</span> <span class='ocrx_word' id='word_1_641' title='bbox 1149 1413 1238 1439; x_wconf 87' lang='grc' dir='ltr'>ἐκεῖσε</span> <span class='ocrx_word' id='word_1_642' title='bbox 1262 1413 1468 1448; x_wconf 79' lang='grc' dir='ltr'>ἀνακειμένοις·</span> <span class='ocrx_word' id='word_1_643' title='bbox 1487 1413 1574 1440; x_wconf 79' lang='grc' dir='ltr'>καίτοι</span> <span class='ocrx_word' id='word_1_644' title='bbox 1598 1412 1786 1448; x_wconf 81' lang='grc' dir='ltr'>προσεκλήθην</span> <span class='ocrx_word' id='word_1_645' title='bbox 1812 1413 1860 1448; x_wconf 78' lang='grc' dir='ltr'>μὲν</span> 
     </span>
    </p>
   </div>
   <div class='ocr_carea' id='block_1_90' title="bbox 1073 1458 1861 1493">
    <p class='ocr_par' dir='ltr' id='par_1_90' title="bbox 1073 1458 1861 1493">
     <span class='ocr_line' id='line_1_92' title="bbox 1073 1458 1861 1493; baseline 0.001 -9"><span class='ocrx_word' id='word_1_646' title='bbox 1073 1459 1106 1484; x_wconf 86' lang='grc' dir='ltr'><strong>ἐκ</strong></span> <span class='ocrx_word' id='word_1_647' title='bbox 1121 1459 1254 1493; x_wconf 83' lang='grc' dir='ltr'>νεότητος,</span> <span class='ocrx_word' id='word_1_648' title='bbox 1279 1458 1312 1484; x_wconf 82' lang='grc' dir='ltr'><strong>ἵν’</strong></span> <span class='ocrx_word' id='word_1_649' title='bbox 1329 1459 1402 1486; x_wconf 74' lang='grc' dir='ltr'>εἴπω</span> <span class='ocrx_word' id='word_1_650' title='bbox 1418 1468 1444 1485; x_wconf 77' lang='grc' dir='ltr'><strong>τι</strong></span> <span class='ocrx_word' id='word_1_651' title='bbox 1472 1459 1525 1485; x_wconf 86' lang='grc' dir='ltr'><strong>τῶν</strong></span> <span class='ocrx_word' id='word_1_652' title='bbox 1544 1460 1600 1491; x_wconf 81' lang='grc' dir='ltr'>τοῖς</span> <span class='ocrx_word' id='word_1_653' title='bbox 1617 1459 1723 1491; x_wconf 83' lang='grc' dir='ltr'>πολλοῖς</span> <span class='ocrx_word' id='word_1_654' title='bbox 1749 1460 1861 1493; x_wconf 61' lang='grc' dir='ltr'>ἀγνοουε</span> 
     </span>
    </p>
   </div>
   <div class='ocr_carea' id='block_1_91' title="bbox 1075 1503 1862 1540">
    <p class='ocr_par' dir='ltr' id='par_1_91' title="bbox 1075 1503 1862 1540">
     <span class='ocr_line' id='line_1_93' title="bbox 1075 1503 1862 1540; baseline 0.001 -11"><span class='ocrx_word' id='word_1_655' title='bbox 1075 1504 1174 1540; x_wconf 84' lang='grc' dir='ltr'>μένων,</span> <span class='ocrx_word' id='word_1_656' title='bbox 1198 1503 1245 1530; x_wconf 71' lang='grc' dir='ltr'>καὶ</span> <span class='ocrx_word' id='word_1_657' title='bbox 1269 1504 1311 1529; x_wconf 81' lang='grc' dir='ltr'><strong>ἐπ’</strong></span> <span class='ocrx_word' id='word_1_658' title='bbox 1331 1504 1411 1530; x_wconf 73' lang='grc' dir='ltr'>αὑτὸν</span> <span class='ocrx_word' id='word_1_659' title='bbox 1438 1504 1589 1540; x_wconf 79' lang='grc' dir='ltr'>ἐπερῤίῳην</span> <span class='ocrx_word' id='word_1_660' title='bbox 1613 1505 1644 1531; x_wconf 80' lang='grc' dir='ltr'><strong>ἐκ</strong></span> <span class='ocrx_word' id='word_1_661' title='bbox 1670 1506 1792 1540; x_wconf 83' lang='grc' dir='ltr'>μήτρας,</span> <span class='ocrx_word' id='word_1_662' title='bbox 1814 1506 1862 1532; x_wconf 77' lang='grc' dir='ltr'>καὶ</span> 
     </span>
    </p>
   </div>
   <div class='ocr_carea' id='block_1_92' title="bbox 1074 1550 1861 1586">
    <p class='ocr_par' dir='ltr' id='par_1_92' title="bbox 1074 1550 1861 1586">
     <span class='ocr_line' id='line_1_94' title="bbox 1074 1550 1861 1586; baseline 0.001 -10"><span class='ocrx_word' id='word_1_663' title='bbox 1074 1550 1168 1586; x_wconf 76' lang='grc' dir='ltr'>ἐδόθην</span> <span class='ocrx_word' id='word_1_664' title='bbox 1179 1550 1254 1581; x_wconf 85' lang='grc' dir='ltr'>δοτὸς</span> <span class='ocrx_word' id='word_1_665' title='bbox 1270 1550 1325 1585; x_wconf 82' lang='lat'><strong>(5|)</strong></span> <span class='ocrx_word' id='word_1_666' title='bbox 1337 1551 1369 1577; x_wconf 83' lang='grc' dir='ltr'><strong>ἐκ</strong></span> <span class='ocrx_word' id='word_1_667' title='bbox 1385 1551 1521 1586; x_wconf 74' lang='grc' dir='ltr'>μητρικῆς</span> <span class='ocrx_word' id='word_1_668' title='bbox 1534 1551 1715 1586; x_wconf 64' lang='grc' dir='ltr'>ὑποσχέσεως,</span> <span class='ocrx_word' id='word_1_669' title='bbox 1734 1551 1780 1577; x_wconf 71' lang='grc' dir='ltr'>καὶ</span> <span class='ocrx_word' id='word_1_670' title='bbox 1794 1550 1861 1582; x_wconf 76' lang='grc' dir='ltr'>μετὰ</span> 
     </span>
    </p>
   </div>
   <div class='ocr_carea' id='block_1_93' title="bbox 1074 1595 1863 1632">
    <p class='ocr_par' dir='ltr' id='par_1_93' title="bbox 1074 1595 1863 1632">
     <span class='ocr_line' id='line_1_95' title="bbox 1074 1595 1863 1632; baseline 0.003 -10"><span class='ocrx_word' id='word_1_671' title='bbox 1074 1596 1153 1623; x_wconf 77' lang='grc' dir='ltr'><strong>τοίτο</strong></span> <span class='ocrx_word' id='word_1_672' title='bbox 1173 1598 1229 1628; x_wconf 86' lang='grc' dir='ltr'>τοῖς</span> <span class='ocrx_word' id='word_1_673' title='bbox 1253 1595 1385 1628; x_wconf 85' lang='grc' dir='ltr'>κινδύνοις</span> <span class='ocrx_word' id='word_1_674' title='bbox 1400 1596 1579 1632; x_wconf 60' lang='grc' dir='ltr'>ἐόεὗαιώθηνα</span> <span class='ocrx_word' id='word_1_675' title='bbox 1599 1597 1646 1623; x_wconf 70' lang='grc' dir='ltr'>καὶ</span> <span class='ocrx_word' id='word_1_676' title='bbox 1666 1597 1680 1623; x_wconf 89' lang='grc' dir='ltr'><strong>ὁ</strong></span> <span class='ocrx_word' id='word_1_677' title='bbox 1699 1597 1780 1629; x_wconf 82' lang='grc' dir='ltr'>πόθος</span> <span class='ocrx_word' id='word_1_678' title='bbox 1804 1597 1863 1632; x_wconf 71' lang='grc'><strong>(52)</strong></span> 
     </span>
    </p>
   </div>
   <div class='ocr_carea' id='block_1_94' title="bbox 1075 1641 1858 1678">
    <p class='ocr_par' dir='ltr' id='par_1_94' title="bbox 1075 1641 1858 1678">
     <span class='ocr_line' id='line_1_96' title="bbox 1075 1641 1858 1678; baseline 0 -10"><span class='ocrx_word' id='word_1_679' title='bbox 1075 1642 1239 1678; x_wconf 76' lang='grc' dir='ltr'>συνηυξήθη,</span> <span class='ocrx_word' id='word_1_680' title='bbox 1263 1642 1309 1669; x_wconf 71' lang='grc' dir='ltr'>καὶ</span> <span class='ocrx_word' id='word_1_681' title='bbox 1327 1643 1341 1668; x_wconf 86' lang='grc' dir='ltr'><strong>ὁ</strong></span> <span class='ocrx_word' id='word_1_682' title='bbox 1360 1641 1488 1677; x_wconf 83' lang='grc' dir='ltr'>λογισμὸς</span> <span class='ocrx_word' id='word_1_683' title='bbox 1511 1641 1673 1677; x_wconf 75' lang='grc' dir='ltr'>συνέδραμε,</span> <span class='ocrx_word' id='word_1_684' title='bbox 1696 1642 1743 1669; x_wconf 77' lang='grc' dir='ltr'>καὶ</span> <span class='ocrx_word' id='word_1_685' title='bbox 1770 1642 1858 1669; x_wconf 77' lang='grc' dir='ltr'>πάντα</span> 
     </span>
    </p>
   </div>
   <div class='ocr_carea' id='block_1_95' title="bbox 1074 1688 1860 1725">
    <p class='ocr_par' dir='ltr' id='par_1_95' title="bbox 1074 1688 1860 1725">
     <span class='ocr_line' id='line_1_97' title="bbox 1074 1688 1860 1725; baseline -0.001 -9"><span class='ocrx_word' id='word_1_686' title='bbox 1074 1689 1162 1716; x_wconf 81' lang='grc' dir='ltr'>ἔδωκα</span> <span class='ocrx_word' id='word_1_687' title='bbox 1178 1689 1269 1725; x_wconf 83' lang='grc' dir='ltr'>φέρων</span> <span class='ocrx_word' id='word_1_688' title='bbox 1283 1690 1322 1723; x_wconf 84' lang='grc' dir='ltr'>τῷ</span> <span class='ocrx_word' id='word_1_689' title='bbox 1341 1688 1449 1723; x_wconf 84' lang='grc' dir='ltr'>Λαχόντι</span> <span class='ocrx_word' id='word_1_690' title='bbox 1463 1689 1511 1715; x_wconf 68' lang='grc' dir='ltr'>καὶ</span> <span class='ocrx_word' id='word_1_691' title='bbox 1535 1688 1661 1720; x_wconf 82' lang='grc' dir='ltr'>σώσαντι,</span> <span class='ocrx_word' id='word_1_692' title='bbox 1684 1688 1791 1724; x_wconf 83' lang='grc' dir='ltr'>κτῆσιν,</span> <span class='ocrx_word' id='word_1_693' title='bbox 1812 1698 1860 1715; x_wconf 87' lang='grc' dir='ltr'>πε-</span> 
     </span>
    </p>
   </div>
   <div class='ocr_carea' id='block_1_96' title="bbox 1075 1729 1855 1770">
    <p class='ocr_par' dir='ltr' id='par_1_96' title="bbox 1075 1729 1855 1770">
     <span class='ocr_line' id='line_1_98' title="bbox 1075 1729 1855 1770; baseline -0.004 -9"><span class='ocrx_word' id='word_1_694' title='bbox 1075 1735 1225 1770; x_wconf 80' lang='grc' dir='ltr'>ριφάνειαν,</span> <span class='ocrx_word' id='word_1_695' title='bbox 1247 1733 1352 1766; x_wconf 75' lang='grc' dir='ltr'>εὐεξίαν</span> <span class='ocrx_word' id='word_1_696' title='bbox 1382 1733 1456 1769; x_wconf 76' lang='grc'><strong>(55),</strong></span> <span class='ocrx_word' id='word_1_697' title='bbox 1477 1733 1539 1764; x_wconf 66' lang='grc' dir='ltr'>τοὺς</span> <span class='ocrx_word' id='word_1_698' title='bbox 1567 1732 1661 1765; x_wconf 81' lang='grc' dir='ltr'>λόγους</span> <span class='ocrx_word' id='word_1_699' title='bbox 1684 1733 1797 1764; x_wconf 75' lang='grc' dir='ltr'>αὐτοὺς,</span> <span class='ocrx_word' id='word_1_700' title='bbox 1817 1729 1855 1759; x_wconf 81' lang='grc' dir='ltr'>ὧν</span> 
     </span>
    </p>
   </div>
   <div class='ocr_carea' id='block_1_97' title="bbox 1073 1779 1860 1816">
    <p class='ocr_par' dir='ltr' id='par_1_97' title="bbox 1073 1779 1860 1816">
     <span class='ocr_line' id='line_1_99' title="bbox 1073 1779 1860 1816; baseline -0.001 -9"><span class='ocrx_word' id='word_1_701' title='bbox 1073 1781 1152 1807; x_wconf 77' lang='grc' dir='ltr'>τοῦτο</span> <span class='ocrx_word' id='word_1_702' title='bbox 1172 1780 1316 1816; x_wconf 84' lang='grc' dir='ltr'>ἀπήλαυσα</span> <span class='ocrx_word' id='word_1_703' title='bbox 1338 1780 1395 1816; x_wconf 64' lang='grc'><strong>(54)</strong></span> <span class='ocrx_word' id='word_1_704' title='bbox 1413 1779 1503 1816; x_wconf 85' lang='grc' dir='ltr'>μόνον,</span> <span class='ocrx_word' id='word_1_705' title='bbox 1515 1779 1546 1806; x_wconf 77' lang='grc' dir='ltr'>τὸ</span> <span class='ocrx_word' id='word_1_706' title='bbox 1563 1779 1685 1815; x_wconf 79' lang='grc' dir='ltr'>παριδεῖν</span> <span class='ocrx_word' id='word_1_707' title='bbox 1709 1779 1756 1806; x_wconf 74' lang='grc' dir='ltr'>καὶ</span> <span class='ocrx_word' id='word_1_708' title='bbox 1776 1779 1860 1816; x_wconf 74' lang='grc' dir='ltr'>ἐσχη-</span> 
     </span>
    </p>
   </div>
   <div class='ocr_carea' id='block_1_98' title="bbox 1074 1818 1862 1862">
    <p class='ocr_par' dir='ltr' id='par_1_98' title="bbox 1074 1818 1862 1862">
     <span class='ocr_line' id='line_1_100' title="bbox 1074 1818 1862 1862; baseline -0.001 -9"><span class='ocrx_word' id='word_1_709' title='bbox 1074 1827 1151 1853; x_wconf 78' lang='grc' dir='ltr'>κέναι</span> <span class='ocrx_word' id='word_1_710' title='bbox 1165 1823 1203 1853; x_wconf 83' lang='grc' dir='ltr'>ὧν</span> <span class='ocrx_word' id='word_1_711' title='bbox 1219 1826 1335 1862; x_wconf 81' lang='grc' dir='ltr'>Χριστὸν</span> <span class='ocrx_word' id='word_1_712' title='bbox 1350 1825 1532 1861; x_wconf 83' lang='grc' dir='ltr'>προετίμησα.</span> <span class='ocrx_word' id='word_1_713' title='bbox 1554 1825 1608 1852; x_wconf 77' lang='grc' dir='ltr'><strong>Καὶ</strong></span> <span class='ocrx_word' id='word_1_714' title='bbox 1627 1818 1741 1859; x_wconf 69' lang='grc' dir='ltr'><strong>ἡδύνθη</strong></span> <span class='ocrx_word' id='word_1_715' title='bbox 1758 1834 1808 1860; x_wconf 83' lang='grc' dir='ltr'><strong>μοι</strong></span> <span class='ocrx_word' id='word_1_716' title='bbox 1826 1825 1862 1852; x_wconf 81' lang='grc' dir='ltr'>τὰ</span> 
     </span>
    </p>
   </div>
   <div class='ocr_carea' id='block_1_99' title="bbox 1074 1871 1862 1907">
    <p class='ocr_par' dir='ltr' id='par_1_99' title="bbox 1074 1871 1862 1907">
     <span class='ocr_line' id='line_1_101' title="bbox 1074 1871 1862 1907; baseline -0.004 -7"><span class='ocrx_word' id='word_1_717' title='bbox 1074 1872 1125 1900; x_wconf 85' lang='grc' dir='ltr'>τοῦ</span> <span class='ocrx_word' id='word_1_718' title='bbox 1142 1873 1216 1900; x_wconf 84' lang='grc' dir='ltr'>Θεοῦ</span> <span class='ocrx_word' id='word_1_719' title='bbox 1232 1873 1329 1907; x_wconf 78' lang='grc' dir='ltr'>λόγια,</span> <span class='ocrx_word' id='word_1_720' title='bbox 1343 1872 1383 1906; x_wconf 85' lang='grc' dir='ltr'>ὡς</span> <span class='ocrx_word' id='word_1_721' title='bbox 1397 1873 1484 1906; x_wconf 82' lang='grc' dir='ltr'>κηρία</span> <span class='ocrx_word' id='word_1_722' title='bbox 1495 1871 1632 1906; x_wconf 73' lang='grc' dir='ltr'>μέλιτος·</span> <span class='ocrx_word' id='word_1_723' title='bbox 1649 1871 1699 1898; x_wconf 78' lang='grc' dir='ltr'>καὶ</span> <span class='ocrx_word' id='word_1_724' title='bbox 1718 1871 1775 1905; x_wconf 78' lang='grc' dir='ltr'><strong>τὴν</strong></span> <span class='ocrx_word' id='word_1_725' title='bbox 1791 1871 1862 1898; x_wconf 78' lang='grc' dir='ltr'>σύν-</span> 
     </span>
    </p>
   </div>
   <div class='ocr_carea' id='block_1_100' title="bbox 1073 1917 1861 1952">
    <p class='ocr_par' dir='ltr' id='par_1_100' title="bbox 1073 1917 1861 1952">
     <span class='ocr_line' id='line_1_102' title="bbox 1073 1917 1861 1952; baseline -0.004 -6"><span class='ocrx_word' id='word_1_726' title='bbox 1073 1926 1141 1946; x_wconf 84' lang='grc' dir='ltr'>εσιν</span> <span class='ocrx_word' id='word_1_727' title='bbox 1160 1918 1404 1952; x_wconf 75' lang='grc' dir='ltr'>ἐπεκαλεσάμην,</span> <span class='ocrx_word' id='word_1_728' title='bbox 1420 1918 1468 1944; x_wconf 75' lang='grc' dir='ltr'>καὶ</span> <span class='ocrx_word' id='word_1_729' title='bbox 1484 1917 1521 1951; x_wconf 74' lang='grc' dir='ltr'>τῇ</span> <span class='ocrx_word' id='word_1_730' title='bbox 1536 1917 1630 1951; x_wconf 71' lang='grc' dir='ltr'>σοφίᾳ</span> <span class='ocrx_word' id='word_1_731' title='bbox 1646 1917 1743 1944; x_wconf 78' lang='grc' dir='ltr'>ἔδωκα</span> <span class='ocrx_word' id='word_1_732' title='bbox 1757 1917 1861 1951; x_wconf 67' lang='grc' dir='ltr'>φωνήν</span> 
     </span>
    </p>
   </div>
   <div class='ocr_carea' id='block_1_101' title="bbox 1071 1961 1859 2000">
    <p class='ocr_par' dir='ltr' id='par_1_101' title="bbox 1071 1961 1859 2000">
     <span class='ocr_line' id='line_1_103' title="bbox 1071 1961 1859 2000; baseline -0.004 -8"><span class='ocrx_word' id='word_1_733' title='bbox 1071 1974 1142 2000; x_wconf 83' lang='grc' dir='ltr'>μου.</span> <span class='ocrx_word' id='word_1_734' title='bbox 1155 1964 1209 1991; x_wconf 81' lang='grc' dir='ltr'><strong>Καὶ</strong></span> <span class='ocrx_word' id='word_1_735' title='bbox 1227 1964 1310 1991; x_wconf 79' lang='grc' dir='ltr'>τᾶλλα</span> <span class='ocrx_word' id='word_1_736' title='bbox 1324 1964 1357 1997; x_wconf 83' lang='grc' dir='ltr'>δὴ</span> <span class='ocrx_word' id='word_1_737' title='bbox 1368 1963 1454 1990; x_wconf 79' lang='grc' dir='ltr'>ταῦτα</span> <span class='ocrx_word' id='word_1_738' title='bbox 1470 1964 1536 2000; x_wconf 79' lang='grc'><strong>(55),</strong></span> <span class='ocrx_word' id='word_1_739' title='bbox 1548 1961 1603 1991; x_wconf 78' lang='grc' dir='ltr'>οἷον</span> <span class='ocrx_word' id='word_1_740' title='bbox 1617 1963 1701 1999; x_wconf 85' lang='grc' dir='ltr'>θυμὸν</span> <span class='ocrx_word' id='word_1_741' title='bbox 1716 1963 1859 1999; x_wconf 81' lang='grc' dir='ltr'>μετρῆσαι,</span> 
     </span>
    </p>
   </div>
   <div class='ocr_carea' id='block_1_102' title="bbox 1074 2009 1860 2046">
    <p class='ocr_par' dir='ltr' id='par_1_102' title="bbox 1074 2009 1860 2046">
     <span class='ocr_line' id='line_1_104' title="bbox 1074 2009 1860 2046; baseline -0.004 -8"><span class='ocrx_word' id='word_1_742' title='bbox 1074 2011 1121 2038; x_wconf 81' lang='grc' dir='ltr'>καὶ</span> <span class='ocrx_word' id='word_1_743' title='bbox 1142 2011 1269 2045; x_wconf 84' lang='grc' dir='ltr'>γλῶσσαν</span> <span class='ocrx_word' id='word_1_744' title='bbox 1285 2010 1444 2046; x_wconf 81' lang='grc' dir='ltr'>χαλινῶσαι,</span> <span class='ocrx_word' id='word_1_745' title='bbox 1460 2010 1507 2036; x_wconf 71' lang='grc' dir='ltr'>καὶ</span> <span class='ocrx_word' id='word_1_746' title='bbox 1530 2009 1668 2045; x_wconf 80' lang='grc' dir='ltr'>ὀφθαλμὸν</span> <span class='ocrx_word' id='word_1_747' title='bbox 1684 2009 1860 2045; x_wconf 82' lang='grc' dir='ltr'>σωφρονίσαι,</span> 
     </span>
    </p>
   </div>
   <div class='ocr_carea' id='block_1_103' title="bbox 1073 2055 1860 2092">
    <p class='ocr_par' dir='ltr' id='par_1_103' title="bbox 1073 2055 1860 2092">
     <span class='ocr_line' id='line_1_105' title="bbox 1073 2055 1860 2092; baseline -0.004 -8"><span class='ocrx_word' id='word_1_748' title='bbox 1073 2058 1120 2085; x_wconf 76' lang='grc' dir='ltr'>καὶ</span> <span class='ocrx_word' id='word_1_749' title='bbox 1135 2057 1257 2092; x_wconf 83' lang='grc' dir='ltr'>γαστέρα</span> <span class='ocrx_word' id='word_1_750' title='bbox 1271 2057 1489 2092; x_wconf 85' lang='grc' dir='ltr'>παιδαγωγῆσαι,</span> <span class='ocrx_word' id='word_1_751' title='bbox 1505 2057 1552 2083; x_wconf 76' lang='grc' dir='ltr'>καὶ</span> <span class='ocrx_word' id='word_1_752' title='bbox 1573 2056 1651 2088; x_wconf 81' lang='grc' dir='ltr'>δόξαν</span> <span class='ocrx_word' id='word_1_753' title='bbox 1671 2056 1790 2091; x_wconf 81' lang='grc' dir='ltr'>πατῆσαι</span> <span class='ocrx_word' id='word_1_754' title='bbox 1810 2055 1860 2090; x_wconf 80' lang='grc' dir='ltr'>τὴν</span> 
     </span>
    </p>
   </div>
   <div class='ocr_carea' id='block_1_104' title="bbox 1072 2099 1861 2139">
    <p class='ocr_par' dir='ltr' id='par_1_104' title="bbox 1072 2099 1861 2139">
     <span class='ocr_line' id='line_1_106' title="bbox 1072 2099 1861 2139; baseline -0.003 -9"><span class='ocrx_word' id='word_1_755' title='bbox 1072 2104 1148 2130; x_wconf 79' lang='grc' dir='ltr'>κάτω</span> <span class='ocrx_word' id='word_1_756' title='bbox 1175 2103 1319 2139; x_wconf 79' lang='grc' dir='ltr'>μένουσαν.</span> <span class='ocrx_word' id='word_1_757' title='bbox 1343 2102 1529 2138; x_wconf 87' lang='grc' dir='ltr'>Παραφρονῶν</span> <span class='ocrx_word' id='word_1_758' title='bbox 1555 2102 1625 2136; x_wconf 78' lang='grc' dir='ltr'>λέγω</span> <span class='ocrx_word' id='word_1_759' title='bbox 1651 2102 1717 2137; x_wconf 79' lang='lat'><strong>(56),</strong></span> <span class='ocrx_word' id='word_1_760' title='bbox 1741 2101 1798 2128; x_wconf 80' lang='grc' dir='ltr'>ἀλλ’</span> <span class='ocrx_word' id='word_1_761' title='bbox 1814 2099 1861 2128; x_wconf 80' lang='grc' dir='ltr'>οὖν</span> 
     </span>
    </p>
   </div>
   <div class='ocr_carea' id='block_1_105' title="bbox 1073 2145 1857 2185">
    <p class='ocr_par' dir='ltr' id='par_1_105' title="bbox 1073 2145 1857 2185">
     <span class='ocr_line' id='line_1_107' title="bbox 1073 2145 1857 2185; baseline -0.005 -10"><span class='ocrx_word' id='word_1_762' title='bbox 1073 2150 1210 2185; x_wconf 83' lang='grc' dir='ltr'>εερήσεται</span> <span class='ocrx_word' id='word_1_763' title='bbox 1220 2156 1228 2164; x_wconf 80' lang='lat'>&#39;</span> <span class='ocrx_word' id='word_1_764' title='bbox 1243 2147 1329 2175; x_wconf 78' lang='grc' dir='ltr'>ταῦτα</span> <span class='ocrx_word' id='word_1_765' title='bbox 1348 2148 1396 2183; x_wconf 81' lang='grc' dir='ltr'>μὲν</span> <span class='ocrx_word' id='word_1_766' title='bbox 1413 2148 1442 2174; x_wconf 78' lang='grc' dir='ltr'>οὐ</span> <span class='ocrx_word' id='word_1_767' title='bbox 1457 2146 1510 2174; x_wconf 86' lang='grc' dir='ltr'><strong>τῶν</strong></span> <span class='ocrx_word' id='word_1_768' title='bbox 1527 2146 1631 2173; x_wconf 85' lang='grc' dir='ltr'>πολλῶν</span> <span class='ocrx_word' id='word_1_769' title='bbox 1645 2146 1709 2178; x_wconf 78' lang='grc' dir='ltr'>ἴσως</span> <span class='ocrx_word' id='word_1_770' title='bbox 1724 2145 1857 2180; x_wconf 77' lang='grc' dir='ltr'>ἐγενόμην</span> 
     </span>
    </p>
   </div>
   <div class='ocr_carea' id='block_1_106' title="bbox 1073 2195 1245 2231">
    <p class='ocr_par' dir='ltr' id='par_1_106' title="bbox 1073 2195 1245 2231">
     <span class='ocr_line' id='line_1_108' title="bbox 1073 2195 1245 2231; baseline -0.006 -8"><span class='ocrx_word' id='word_1_771' title='bbox 1073 2195 1245 2231; x_wconf 80' lang='grc' dir='ltr'>φαυλότερος.</span> 
     </span>
    </p>
   </div>
   <div class='ocr_carea' id='block_1_107' title="bbox 1108 2280 1860 2318">
    <p class='ocr_par' dir='ltr' id='par_1_107' title="bbox 1108 2280 1860 2318">
     <span class='ocr_line' id='line_1_109' title="bbox 1108 2280 1860 2318; baseline -0.005 -7"><span class='ocrx_word' id='word_1_772' title='bbox 1108 2285 1172 2311; x_wconf 86' lang='lat' dir='ltr'><strong>OH’.</strong></span> <span class='ocrx_word' id='word_1_773' title='bbox 1193 2283 1278 2310; x_wconf 83' lang='grc' dir='ltr'>Τοῦτο</span> <span class='ocrx_word' id='word_1_774' title='bbox 1299 2283 1327 2310; x_wconf 78' lang='grc' dir='ltr'>δὲ</span> <span class='ocrx_word' id='word_1_775' title='bbox 1344 2283 1399 2318; x_wconf 82' lang='grc'><strong>(57)</strong></span> <span class='ocrx_word' id='word_1_776' title='bbox 1421 2282 1600 2318; x_wconf 81' lang='grc' dir='ltr'>φιλοσοφῆσαι</span> <span class='ocrx_word' id='word_1_777' title='bbox 1623 2283 1745 2318; x_wconf 85' lang='grc' dir='ltr'>κρεῖττον</span> <span class='ocrx_word' id='word_1_778' title='bbox 1767 2280 1860 2316; x_wconf 59' lang='grc' dir='ltr'>ἧκον</span> 
     </span>
    </p>
   </div>
   <div class='ocr_carea' id='block_1_108' title="bbox 1368 2371 1860 2405">
    <p class='ocr_par' dir='ltr' id='par_1_108' title="bbox 1368 2371 1860 2405">
     <span class='ocr_line' id='line_1_110' title="bbox 1368 2371 1860 2405; baseline -0.01 -3"><span class='ocrx_word' id='word_1_779' title='bbox 1368 2373 1391 2389; x_wconf 88' lang='grc'><strong>⁹³</strong></span> <span class='ocrx_word' id='word_1_780' title='bbox 1404 2373 1474 2402; x_wconf 82' lang='lat' dir='ltr'><strong>Psal.</strong></span> <span class='ocrx_word' id='word_1_781' title='bbox 1487 2380 1544 2405; x_wconf 80' lang='lat' dir='ltr'><strong>xxi,</strong></span> <span class='ocrx_word' id='word_1_782' title='bbox 1560 2373 1603 2400; x_wconf 83' lang='grc' dir='ltr'>Η.</span> <span class='ocrx_word' id='word_1_783' title='bbox 1641 2372 1665 2388; x_wconf 63' lang='grc'><strong>³³</strong></span> <span class='ocrx_word' id='word_1_784' title='bbox 1680 2371 1750 2400; x_wconf 84' lang='lat' dir='ltr'><strong>Psal.</strong></span> <span class='ocrx_word' id='word_1_785' title='bbox 1766 2379 1860 2404; x_wconf 87' lang='lat' dir='ltr'><strong>cxvm,</strong></span> 
     </span>
    </p>
   </div>
   <div class='ocr_carea' id='block_1_109' title="bbox 1074 2485 1386 2518">
    <p class='ocr_par' dir='ltr' id='par_1_109' title="bbox 1074 2485 1386 2518">
     <span class='ocr_line' id='line_1_111' title="bbox 1074 2485 1386 2518; baseline -0.013 -4"><span class='ocrx_word' id='word_1_786' title='bbox 1074 2486 1178 2518; x_wconf 84' lang='lat' dir='ltr'><strong>Billins,</strong></span> <span class='ocrx_word' id='word_1_787' title='bbox 1198 2495 1207 2512; x_wconf 88' lang='grc' dir='ltr'><strong>ι</strong></span> <span class='ocrx_word' id='word_1_788' title='bbox 1220 2485 1362 2518; x_wconf 79' lang='lat' dir='ltr'><strong>cupiditas.</strong></span> <span class='ocrx_word' id='word_1_789' title='bbox 1377 2494 1386 2510; x_wconf 85' lang='grc'><strong>›</strong></span> 
     </span>
    </p>
   </div>
   <div class='ocr_carea' id='block_1_110' title="bbox 1109 2520 1539 2558">
    <p class='ocr_par' dir='ltr' id='par_1_110' title="bbox 1109 2520 1539 2558">
     <span class='ocr_line' id='line_1_112' title="bbox 1109 2520 1539 2558; baseline -0.009 -9"><span class='ocrx_word' id='word_1_790' title='bbox 1109 2522 1165 2558; x_wconf 83' lang='grc'><strong>(55)</strong></span> <span class='ocrx_word' id='word_1_791' title='bbox 1180 2521 1319 2558; x_wconf 73' lang='grc' dir='ltr'>Εὐεξίᾳν.</span> <span class='ocrx_word' id='word_1_792' title='bbox 1329 2520 1394 2555; x_wconf 71' lang='lat' dir='ltr'><strong>Reg.</strong></span> <span class='ocrx_word' id='word_1_793' title='bbox 1403 2528 1432 2558; x_wconf 84' lang='lat' dir='ltr'><strong>_g,</strong></span> <span class='ocrx_word' id='word_1_794' title='bbox 1451 2520 1539 2558; x_wconf 60' lang='grc' dir='ltr'>ἀξίαν.</span> 
     </span>
    </p>
   </div>
   <div class='ocr_carea' id='block_1_111' title="bbox 1109 2551 1861 2592">
    <p class='ocr_par' dir='ltr' id='par_1_111' title="bbox 1109 2551 1861 2592">
     <span class='ocr_line' id='line_1_113' title="bbox 1109 2551 1861 2592; baseline -0.008 -8"><span class='ocrx_word' id='word_1_795' title='bbox 1109 2551 1165 2592; x_wconf 58' lang='grc' dir='ltr'><strong>(δι)</strong></span> <span class='ocrx_word' id='word_1_796' title='bbox 1191 2551 1382 2592; x_wconf 70' lang='grc' dir='ltr'><strong>Ἂπῆλαυσαῖ</strong></span> <span class='ocrx_word' id='word_1_797' title='bbox 1403 2551 1441 2592; x_wconf 62' lang='lat' dir='ltr'><strong>tu}.</strong></span> <span class='ocrx_word' id='word_1_798' title='bbox 1462 2551 1531 2592; x_wconf 67' lang='grc' dir='ltr'>ιῐνς.</span> <span class='ocrx_word' id='word_1_799' title='bbox 1549 2553 1604 2586; x_wconf 87' lang='lat' dir='ltr'><strong>bm,</strong></span> <span class='ocrx_word' id='word_1_800' title='bbox 1632 2551 1709 2580; x_wconf 85' lang='lat' dir='ltr'><strong>Colb.</strong></span> <span class='ocrx_word' id='word_1_801' title='bbox 1729 2560 1767 2584; x_wconf 90' lang='lat' dir='ltr'><strong>m,</strong></span> <span class='ocrx_word' id='word_1_802' title='bbox 1785 2552 1813 2584; x_wconf 80' lang='grc'><strong>4,</strong></span> <span class='ocrx_word' id='word_1_803' title='bbox 1834 2552 1861 2583; x_wconf 77' lang='lat'><strong>5.</strong></span> 
     </span>
    </p>
   </div>
   <div class='ocr_carea' id='block_1_112' title="bbox 1072 2589 1567 2619">
    <p class='ocr_par' dir='ltr' id='par_1_112' title="bbox 1072 2589 1567 2619">
     <span class='ocr_line' id='line_1_114' title="bbox 1072 2589 1567 2619; baseline -0.006 -1"><span class='ocrx_word' id='word_1_804' title='bbox 1072 2589 1139 2619; x_wconf 67' lang='lat' dir='ltr'><strong>Gali.</strong></span> <span class='ocrx_word' id='word_1_805' title='bbox 1151 2592 1253 2618; x_wconf 85' lang='lat' dir='ltr'><strong>Billins.</strong></span> <span class='ocrx_word' id='word_1_806' title='bbox 1271 2591 1322 2617; x_wconf 81' lang='lat' dir='ltr'><strong>Alii</strong></span> <span class='ocrx_word' id='word_1_807' title='bbox 1340 2598 1403 2616; x_wconf 87' lang='lat' dir='ltr'><strong>vero</strong></span> <span class='ocrx_word' id='word_1_808' title='bbox 1415 2589 1567 2617; x_wconf 83' lang='grc' dir='ltr'>ἀπέλαυσα.</span> 
     </span>
    </p>
   </div>
   <div class='ocr_carea' id='block_1_113' title="bbox 1108 2621 1860 2662">
    <p class='ocr_par' dir='ltr' id='par_1_113' title="bbox 1108 2621 1860 2662">
     <span class='ocr_line' id='line_1_115' title="bbox 1108 2621 1860 2662; baseline -0.009 -9"><span class='ocrx_word' id='word_1_809' title='bbox 1108 2626 1163 2662; x_wconf 83' lang='grc'><strong>(55)</strong></span> <span class='ocrx_word' id='word_1_810' title='bbox 1181 2625 1236 2653; x_wconf 77' lang='grc' dir='ltr'><strong>Καὶ</strong></span> <span class='ocrx_word' id='word_1_811' title='bbox 1254 2625 1351 2652; x_wconf 77' lang='grc' dir='ltr'>τᾶλλα</span> <span class='ocrx_word' id='word_1_812' title='bbox 1374 2625 1412 2662; x_wconf 55' lang='lat' dir='ltr'><strong>qn</strong></span> <span class='ocrx_word' id='word_1_813' title='bbox 1438 2625 1541 2652; x_wconf 80' lang='grc' dir='ltr'>ταῦτα.</span> <span class='ocrx_word' id='word_1_814' title='bbox 1558 2633 1579 2662; x_wconf 42' lang='grc' dir='ltr'>ι.</span> <span class='ocrx_word' id='word_1_815' title='bbox 1591 2625 1679 2662; x_wconf 78' lang='lat' dir='ltr'><strong>Atque</strong></span> <span class='ocrx_word' id='word_1_816' title='bbox 1702 2623 1760 2650; x_wconf 62' lang='lat' dir='ltr'><strong>hinc</strong></span> <span class='ocrx_word' id='word_1_817' title='bbox 1779 2621 1860 2662; x_wconf 73' lang='lat' dir='ltr'><strong>etiam</strong></span> 
     </span>
    </p>
   </div>
   <div class='ocr_carea' id='block_1_114' title="bbox 1071 2657 1861 2696">
    <p class='ocr_par' dir='ltr' id='par_1_114' title="bbox 1071 2657 1861 2696">
     <span class='ocr_line' id='line_1_116' title="bbox 1071 2657 1861 2696; baseline -0.008 -8"><span class='ocrx_word' id='word_1_818' title='bbox 1071 2657 1133 2694; x_wconf 79' lang='lat' dir='ltr'><strong>alia,</strong></span> <span class='ocrx_word' id='word_1_819' title='bbox 1154 2657 1259 2696; x_wconf 64' lang='lat' dir='ltr'><strong>&#39;neinpe</strong></span> <span class='ocrx_word' id='word_1_820' title='bbox 1282 2662 1354 2687; x_wconf 85' lang='lat' dir='ltr'><strong>hunc</strong></span> <span class='ocrx_word' id='word_1_821' title='bbox 1377 2657 1496 2687; x_wconf 78' lang='lat' dir='ltr'><strong>fructum</strong></span> <span class='ocrx_word' id='word_1_822' title='bbox 1523 2660 1592 2694; x_wconf 89' lang='lat' dir='ltr'><strong>cepi,</strong></span> <span class='ocrx_word' id='word_1_823' title='bbox 1620 2657 1649 2686; x_wconf 81' lang='lat' dir='ltr'><strong>ut</strong></span> <span class='ocrx_word' id='word_1_824' title='bbox 1673 2659 1721 2686; x_wconf 63' lang='lat' dir='ltr'><strong>ira:</strong></span> <span class='ocrx_word' id='word_1_825' title='bbox 1738 2657 1861 2685; x_wconf 83' lang='lat' dir='ltr'><strong>modera-</strong></span> 
     </span>
    </p>
   </div>
   <div class='ocr_carea' id='block_1_115' title="bbox 1070 2701 1860 2767">
    <p class='ocr_par' dir='ltr' id='par_1_115' title="bbox 1070 2701 1860 2767">
     <span class='ocr_line' id='line_1_117' title="bbox 1070 2701 1860 2767; baseline -0.008 -8"><span class='ocrx_word' id='word_1_826' title='bbox 1070 2704 1165 2767; x_wconf 51' lang='lat' dir='ltr'><strong>mihi)</strong></span> <span class='ocrx_word' id='word_1_827' title='bbox 1177 2701 1381 2767; x_wconf 51' lang='grc' dir='ltr'>ῗὲιραφρονᾱγν</span> <span class='ocrx_word' id='word_1_828' title='bbox 1395 2729 1538 2765; x_wconf 64' lang='grc' dir='ltr'>λέγωΑΠι</span> <span class='ocrx_word' id='word_1_829' title='bbox 1550 2730 1638 2757; x_wconf 89' lang='lat' dir='ltr'><strong>minus</strong></span> <span class='ocrx_word' id='word_1_830' title='bbox 1657 2728 1764 2764; x_wconf 84' lang='lat' dir='ltr'><strong>sapiens</strong></span> <span class='ocrx_word' id='word_1_831' title='bbox 1774 2728 1860 2755; x_wconf 58' lang='lat' dir='ltr'><strong>dicon</strong></span> 
     </span>
    </p>
   </div>
   <div class='ocr_carea' id='block_1_116' title="bbox 1072 2766 1861 2837">
    <p class='ocr_par' dir='ltr' id='par_1_116' title="bbox 1072 2766 1861 2837">
     <span class='ocr_line' id='line_1_118' title="bbox 1072 2766 1280 2795; baseline -0.01 -1"><span class='ocrx_word' id='word_1_832' title='bbox 1072 2767 1093 2794; x_wconf 87' lang='lat' dir='ltr'><strong>ll</strong></span> <span class='ocrx_word' id='word_1_833' title='bbox 1112 2766 1173 2794; x_wconf 78' lang='lat' dir='ltr'><strong>Cor.</strong></span> <span class='ocrx_word' id='word_1_834' title='bbox 1191 2766 1280 2795; x_wconf 45' lang='grc' dir='ltr'>καὶὸ.</span> 
     </span>
     <span class='ocr_line' id='line_1_119' title="bbox 1107 2797 1861 2837; baseline -0.005 -9"><span class='ocrx_word' id='word_1_835' title='bbox 1107 2802 1152 2836; x_wconf 87' lang='grc'><strong>(57</strong></span> <span class='ocrx_word' id='word_1_836' title='bbox 1168 2801 1273 2837; x_wconf 88' lang='grc' dir='ltr'>)Τοῦτο</span> <span class='ocrx_word' id='word_1_837' title='bbox 1294 2801 1338 2834; x_wconf 81' lang='grc' dir='ltr'>δέ,</span> <span class='ocrx_word' id='word_1_838' title='bbox 1363 2805 1416 2830; x_wconf 89' lang='lat' dir='ltr'><strong>etc.</strong></span> <span class='ocrx_word' id='word_1_839' title='bbox 1432 2810 1441 2826; x_wconf 81' lang='grc' dir='ltr'><strong>ι</strong></span> <span class='ocrx_word' id='word_1_840' title='bbox 1457 2801 1493 2827; x_wconf 76' lang='lat' dir='ltr'><strong>At</strong></span> <span class='ocrx_word' id='word_1_841' title='bbox 1505 2797 1688 2837; x_wconf 75' lang='lat' dir='ltr'><strong>vero_maj_ns,</strong></span> <span class='ocrx_word' id='word_1_842' title='bbox 1700 2805 1790 2837; x_wconf 60' lang='lat' dir='ltr'><strong>quam</strong></span> <span class='ocrx_word' id='word_1_843' title='bbox 1811 2807 1861 2837; x_wconf 82' lang='lat' dir='ltr'><strong>pro</strong></span> 
     </span>
    </p>
   </div>
   <div class='ocr_carea' id='block_1_117' title="bbox 1074 2834 1864 2871">
    <p class='ocr_par' dir='ltr' id='par_1_117' title="bbox 1074 2834 1864 2871">
     <span class='ocr_line' id='line_1_120' title="bbox 1074 2834 1864 2871; baseline -0.004 -8"><span class='ocrx_word' id='word_1_844' title='bbox 1074 2834 1179 2864; x_wconf 79' lang='lat' dir='ltr'><strong>viribus</strong></span> <span class='ocrx_word' id='word_1_845' title='bbox 1211 2837 1331 2871; x_wconf 84' lang='lat' dir='ltr'><strong>nostris,</strong></span> <span class='ocrx_word' id='word_1_846' title='bbox 1359 2841 1401 2864; x_wconf 86' lang='lat' dir='ltr'><strong>est</strong></span> <span class='ocrx_word' id='word_1_847' title='bbox 1432 2837 1547 2864; x_wconf 87' lang='lat' dir='ltr'><strong>alterum</strong></span> <span class='ocrx_word' id='word_1_848' title='bbox 1578 2834 1651 2863; x_wconf 85' lang='lat' dir='ltr'><strong>istud</strong></span> <span class='ocrx_word' id='word_1_849' title='bbox 1683 2834 1864 2869; x_wconf 62' lang='lat' dir='ltr'><strong>philusophiw</strong></span> 
     </span>
    </p>
   </div>
   <div class='ocr_carea' id='block_1_118' title="bbox 1071 2880 1193 2905">
    <p class='ocr_par' dir='ltr' id='par_1_118' title="bbox 1071 2880 1193 2905">
     <span class='ocr_line' id='line_1_121' title="bbox 1071 2880 1193 2905; baseline -0.016 -5"><span class='ocrx_word' id='word_1_850' title='bbox 1071 2880 1165 2905; x_wconf 65' lang='lat' dir='ltr'><strong>genus.</strong></span> <span class='ocrx_word' id='word_1_851' title='bbox 1184 2881 1193 2898; x_wconf 83' lang='grc'><strong>›</strong></span> 
     </span>
    </p>
   </div>
  </div>
