2070 3135
215 172 268 202 485

778 169 907 198 ORATIO
925 169 958 197 ll.
980 185 1012 190 —
1031 167 1283 197 APOLOGETICA.

1789 168 1841 197 486

214 233 300 270 ἡμᾶς,
320 231 449 264 δέξασθαι
463 231 558 267 ψυχῶν
582 230 730 267 ἡγεμονίαν
756 230 804 258 καὶ⁹
828 229 1000 266 προστασίαν,

1057 235 1139 263 quam
1153 232 1184 255 ut
1203 227 1252 262 ipsi
1269 231 1398 262 praestare
1411 226 1565 262 possimus,
1588 226 1717 254 nimirum
1733 227 1840 254 anima-

215 280 264 306 καὶ
279 280 363 315 μήπω
379 278 446 314 μηδὲ
460 277 652 313 ποιμαίνεσθαι
667 276 757 308 καλῶς
771 276 904 312 μαθόντας
920 275 1004 310 ἡμᾶς,

216 324 284 360 μηδέ
310 323 495 359 καθαρθέντας
519 323 569 359 τὴν
596 323 685 359 ψυχὴν
711 323 774 350 ὅσον
799 321 886 354 ἄξιον,
911 320 1005 347 ἔπειτα

171 384 178 389 -
213 369 333 405 ποίμνης
348 370 505 396 ἐπιστατεῖν
525 369 715 405 πιστευθῆναι·
732 368 779 396 καὶ
800 367 886 395 ταῦτα
906 368 935 394 ἐν
948 376 1005 394 και·

215 417 271 451 ροτς
287 415 427 448 τοιούτοις,
443 416 471 441 ἐν
484 412 524 446 οἷς
547 415 688 451 ἀγαπητὸν
704 415 809 451 ὁρῶντα
825 415 888 446 τοὺς
907 413 1004 446 ἄλλους

212 461 269 488 ἄνω
281 462 328 488 καὶ
341 462 417 488 κάτω
430 461 630 497 στρεφομένους
644 461 699 497 (58)
716 470 747 488 τε
767 461 814 488 καὶ
831 460 1004 496 ταρασσομέ-

212 515 283 539 νους,
298 507 417 542 φυγόντα
439 508 511 542 φυγῇ
530 508 562 533 ἐκ
583 506 630 533 τοῦ
651 506 733 542 μέσου
749 505 817 542 (59),
831 505 884 532 ὑπὸ
899 505 1003 540 σκέπην

211 553 438 588 ἀναχωρήσαντα,
461 552 551 580 λαθεῖν
570 551 625 588 (60)
643 551 690 579 τοῦ
711 551 830 587 πονηροῦ
847 551 896 586 τὴν
917 550 1001 586 ζάλην

211 598 258 625 καὶ
283 599 332 634 τὴν
349 599 545 634 σκοτόμαιναν·
567 598 648 634 ἡνίκα
675 598 789 633 πολεμεί
813 598 862 633 μὲν
877 597 1003 633 ἀλλήλοις

212 644 244 671 τὰ
262 644 340 679 μέλη,
353 645 456 679 οἴχεται
470 644 499 671 δὲ
515 645 562 680 τῆς
580 644 700 679 ἀγάπης,
714 645 738 670 sl
754 643 800 670 καί
816 652 842 670 τι
857 641 892 679 ἦν
908 643 1002 677 λείψα-

212 697 265 720 νον,
286 689 370 724 ὄνομα
387 689 415 715 δὲ
430 690 507 716 κενὸν
523 689 609 721 ἄλλως
622 690 636 716 ὁ
651 689 753 725 ἱερεὺς,
775 688 938 724 ἐκχυθείσης
954 688 999 714 ἐπ’

212 734 343 770 ἄρχοντας
358 734 567 768 ὲξουδενώσεως,
582 734 676 770 ὥσπερ
689 734 807 770 εἴρηται.

248 866 307 895 08'.
327 867 382 893 Καὶ
399 866 453 894 εἴθε
471 867 548 895 κενόν
566 867 638 903 (61)’
662 867 721 894 νυνὶ
741 867 769 894 δὲ
794 867 920 903 τρέποιτο
941 867 998 903 (62)

1057 283 1117 303 rum
1137 275 1281 310 imperium
1303 281 1336 302 ac
1356 273 1543 308 praefecturam
1559 273 1683 306 accipere
1697 292 1706 306 ,
1726 280 1841 307 cumque

1056 329 1090 350 ne
1105 325 1179 349 recte
1196 321 1305 356 quidem
1320 319 1396 355 pasci
1411 319 1499 346 adhuc
1517 318 1652 351 sciamus,
1670 326 1722 346 nec
1737 318 1838 351 animo,

1055 371 1186 402 quantum
1200 374 1250 402 par
1263 371 1304 394 est
1315 387 1322 399 ,
1339 366 1446 402 purgati
1461 366 1564 399 simus,
1577 366 1650 400 gregi
1665 365 1840 400 gubernando

1054 412 1269 447 przeﬂciﬁdque
1296 410 1449 445 hujusmodi
1476 412 1663 445 temporibus,
1691 410 1718 438 in
1742 411 1839 445 quibus

1054 458 1183 492 praeclare
1196 465 1256 485 cum
1271 465 1304 484 eo
1316 457 1415 492 agitur,
1430 457 1476 492 qui
1492 457 1559 483 alios
1571 464 1680 484 sursum
1694 456 1837 484 deorsum-

1054 509 1107 537 que
1123 501 1220 536 jactari
1236 509 1267 530 ac
1282 501 1433 536 perturbari
1449 501 1635 536 conspiciens,
1654 500 1740 528 ell'uso
1757 509 1838 529 cursu

1054 547 1087 574 de
1105 547 1193 574 medio
1207 546 1310 582 fugiat,
1333 554 1365 573 ac
1380 547 1430 574 sub
1443 546 1533 574 locum
1551 546 1667 581 aliquem
1683 555 1698 574 a
1717 547 1839 582 periculo

1055 595 1141 618 tutum
1156 592 1301 626 secedens,
1319 591 1395 627 pravi
1412 592 1484 619 illius
1499 596 1686 626 tempestatem
1703 597 1730 620 et
1744 593 1839 628 caligi-

1052 643 1114 664 nem
1129 637 1204 665 vitet.
1220 638 1287 670 lloc,
1304 639 1428 672 inquam,
1442 643 1574 672 tempore,
1590 646 1644 674 quo
1658 639 1778 666 membra
1794 639 1838 666 in-

1053 686 1094 710 ter
1109 691 1138 711 se
1155 688 1283 718 pugnant,
1296 688 1324 711 et
1339 685 1360 711 si
1375 684 1440 719 quid
1456 684 1599 712 charitatis
1607 689 1759 719 supererat,
1773 685 1836 712 abs~

1052 728 1137 761 cedit,
1153 732 1234 763 atque
1250 729 1330 756 inane
1358 728 1415 763 jam
1430 736 1527 757 nomen
1542 734 1584 756 est
1597 729 1734 764 sacerdos,
1752 730 1836 758 elIusa

1051 773 1190 807 videlicet,
1205 780 1236 802 ut
1247 775 1395 810 Scriptum
1408 775 1500 804 verbis
1513 780 1584 809 utar,
1600 776 1627 803 in
1641 776 1715 812 ipsos
1729 785 1836 812 quoque

1050 820 1187 856 principes
1203 821 1402 857 contemptione
1414 822 1437 838 ³⁸

1086 864 1205 893 LXXIX.
1222 867 1312 902 Atque
1333 867 1438 894 utinam
1459 867 1541 895 inane
1562 872 1651 902 esset;
1676 876 1747 896 nunc
1772 876 1837 896 vero

212 912 251 943 είς
274 911 394 945 κεφαλὰς
419 911 507 938 ἀθέων
531 913 548 948 ὴ
576 911 744 948 βλασφημία.
769 913 852 945 Φόόος
875 913 903 940 δὲ
926 913 998 946 ἅπας

1051 917 1171 940 vertatur
1188 913 1215 940 in
1237 913 1382 947 impiorum
1404 912 1492 948 capita
1510 914 1686 948 blasphemia.
1703 914 1836 942 Caeterum

212 956 357 994 ἐξώρισται
382 957 436 984 τῶν
460 958 570 994 ψυχῶν
601 959 776 994 ἀντεισῆκται
805 959 833 985 δὲ
856 959 997 986 ἀναίδεια·

211 1003 257 1030 τοῦ
280 1003 439 1039 βουλομένου
454 1004 509 1040 (65)
529 1004 558 1030 δέ
579 1005 595 1042 ἡ
615 1005 726 1039 γνῶσις,
749 1005 796 1032 καὶ
808 1005 843 1031 τὰ
860 1005 929 1041 βάθη
951 1005 999 1032 τοῦ

211 1048 382 1084 Πνεύματος·
400 1050 500 1081 πάντες
524 1050 552 1076 δέ
569 1051 652 1085 ἐσμεν
669 1050 724 1086 (64)
749 1051 870 1083 εὐσεϐεῖς
886 1052 915 1084 ἐξ
941 1052 1000 1084 ἐνὸς

212 1094 292 1129 μόνου
317 1095 364 1122 τοῦ
395 1096 610 1130 καταγινώσκειν
648 1097 736 1124 ἄλλων
769 1097 826 1132 (65)
858 1098 997 1124 ἀσέϐειαν.

212 1140 347 1177 Χρώμεθα
362 1141 391 1168 δὲ
406 1142 547 1174 δικασταῖς
562 1144 618 1174 τοῖς
639 1143 730 1174 ἀθέοις
746 1142 812 1178 (66),
827 1143 874 1170 καὶ
892 1143 1000 1178 ῥιπτοῦ-

212 1194 262 1221 μεν
277 1186 312 1213 τὰ
333 1187 399 1221 ἅγια
415 1188 471 1219 τοῖς
485 1187 558 1219 κυσὶ,
583 1187 630 1215 καὶ
656 1187 788 1223 βάλλομεν
803 1189 866 1220 τοὺς
890 1196 1000 1223 μαργα-

212 1231 288 1267 ρίτας
301 1232 454 1268 ἔμπροσθεν
477 1233 530 1259 τῶν
555 1233 664 1268 χοίρων,
690 1233 812 1269 βεὸήλοις
837 1233 933 1266 ἀκοαῖς
951 1234 999 1261 καὶ

211 1277 309 1313 ψυχαῖς
324 1278 359 1305 τὰ
376 1279 435 1306 θεῖα
448 1279 668 1314 δημοσιεύοντες·
687 1279 735 1306 καὶ
748 1279 799 1311 τὰς
819 1279 873 1306 τῶν
894 1279 1000 1316 ἐχθρῶν

211 1324 292 1359 εὐχὰς
316 1324 453 1360 ἐπιμελῶς
472 1325 662 1361 ἐκπληροῦμεν
676 1326 700 1351 οἱ
717 1325 838 1356 δείλαιοι,
854 1326 902 1352 καὶ
925 1335 999 1362 πορ-

212 1370 333 1402 νεύοντες
354 1372 383 1398 ἐν
403 1372 460 1403 τοῖς
481 1371 692 1406 ἐπιτηδεύμασιν
708 1372 787 1407 ἡμῶν
805 1372 854 1399 οὐκ
873 1373 999 1408 αἰσχυνό-

213 1415 291 1450 μεθα.
315 1416 461 1442 Μωαϐῖται
477 1416 505 1442 δὲ
533 1416 580 1442 καὶ
605 1417 779 1452 Ἀμμανῖται,
799 1415 839 1449 οἷς
861 1417 915 1444 οὐδ’
935 1417 1000 1452 ἐξῆν

211 1461 339 1496 παριέναι
367 1461 423 1498 (67)
456 1463 496 1494 εἰς
525 1462 687 1498 Ἐκκλησίαν
716 1464 818 1499 Κυρίου
843 1463 914 1498 (68),
943 1465 1000 1496 τοῖς

212 1505 376 1539 ἁγιωτάτοις
387 1507 403 1541 ἡ
408 1505 466 1541 μῶν
481 1506 688 1542 ἐμόατεύουσιν.
703 1508 863 1544 Ίίνοίξαμεν
875 1509 903 1535 δέ
917 1510 999 1536 πᾶσιν

1049 960 1137 984 metus
1151 957 1241 984 omnis
1252 965 1286 985 ex
1298 958 1396 985 animis
1408 958 1503 993 pulsus
1520 964 1571 991 est,
1585 959 1612 986 in
1624 959 1736 994 ejusque
1747 959 1836 988 loeum

1050 1002 1194 1036 subrogata
1212 1003 1377 1038 impudentia
1392 1011 1399 1030 :
1413 1008 1507 1039 estque
1522 1004 1639 1039 cujusvis
1656 1006 1770 1033 scientia
1782 1026 1790 1039 ,
1809 1012 1837 1034 et

1049 1048 1183 1082 profunda
1201 1048 1320 1083 Spiritus
1331 1050 1354 1066 ’⁷
1367 1058 1375 1077 :
1389 1055 1471 1085 atque
1485 1058 1580 1078 omnes
1605 1059 1638 1078 ex
1658 1051 1710 1079 hoc
1728 1060 1782 1080 uno
1798 1053 1835 1088 pii

1049 1099 1159 1124 sumus,
1174 1094 1245 1128 quod
1262 1093 1331 1121 alios
1344 1094 1492 1129 impietatis
1505 1095 1676 1124 damnamus.
1697 1095 1837 1124 Iudicibus

1049 1146 1132 1174 porro
1144 1139 1177 1167 iis
1189 1140 1333 1174 utimur”,
1350 1141 1395 1176 qui
1409 1141 1462 1168 Deo
1473 1141 1571 1169 bellum
1586 1142 1750 1176 indixerunt,
1761 1145 1837 1171 cani-

1050 1184 1154 1220 busque
1167 1191 1260 1214 sancta
1274 1186 1440 1221 projicimus,
1456 1191 1538 1221 atque
1553 1187 1586 1215 ad
1599 1195 1741 1222 porcorum
1755 1190 1837 1224 pedes

1049 1232 1212 1267 margaritas
1227 1232 1410 1266 fmittimus”,
1430 1233 1551 1268 profanis
1571 1235 1682 1262 auribus
1697 1240 1724 1262 et
1737 1236 1836 1263 animis

1049 1277 1168 1305 divinam
1185 1278 1337 1305 doctrinam
1353 1278 1620 1314 evulganteszatque
1638 1281 1763 1315 hostium,
1773 1287 1835 1308 vota

1049 1322 1140 1350 miseri
1157 1323 1250 1351 sedulo
1264 1324 1420 1358 explemus,
1442 1329 1469 1352 et
1483 1325 1511 1352 in
1533 1326 1770 1355 adinventionibus
1783 1334 1834 1354 no-

1049 1367 1114 1395 stris
1122 1367 1181 1395 sine
1192 1369 1247 1397 ullo
1257 1370 1416 1405 pudore51
1427 1370 1619 1398 fornicamur‘.
1634 1371 1757 1400 Moabitae
1770 1379 1836 1400 vero

1049 1419 1076 1442 et
1090 1415 1263 1448 Ammonitze,
1279 1415 1379 1450 quibus
1394 1424 1427 1443 ne
1439 1415 1545 1444 Domini
1559 1417 1667 1452 quidem
1684 1417 1835 1445 Ecclesiae:

1049 1461 1153 1497 ingredi
1171 1461 1302 1495 licebat',
1327 1462 1354 1489 in
1372 1469 1404 1489 ca
1420 1470 1479 1497 qua:
1500 1463 1569 1498 apud
1593 1471 1643 1492 nos
1663 1465 1835 1492 sanctissima

1048 1512 1122 1539 sunt,
1138 1507 1301 1541 irrumpunt.
1318 1507 1357 1534 Ac
1371 1515 1421 1535 nos
1434 1507 1570 1540 omnibus,
1585 1516 1638 1535 non
1649 1509 1760 1542 iustitia:
1773 1517 1836 1544 por-

211 1551 241 1577 οὺ
260 1551 347 1583 πύλας
360 1551 543 1588 δικαιοσύνης,
563 1553 632 1580 ἀλλὰ
649 1553 733 1589 θύρας
751 1553 885 1590 λοιδορίας
903 1564 934 1581 τε
952 1556 999 1582 καὶ

1051 1557 1092 1579 tas
1100 1552 1122 1584 ⁸,
1136 1552 1184 1579 sed
1200 1552 1406 1586 maledicentiae,
1426 1558 1581 1588 mutumque
1597 1553 1623 1580 in
1639 1561 1688 1581 nos
1701 1554 1773 1589 ipsos
1790 1563 1838 1582 an-

211 1597 261 1632 τῆς
282 1598 342 1624 κατ’
367 1597 488 1634 ἀλλήλων
511 1586 701 1634 θρασύτητος·
720 1599 768 1627 κα).
792 1586 998 1637 οὗτοςνᾶριστος

1051 1598 1134 1625 dacia:
1145 1597 1243 1632 januas
1257 1598 1424 1632 aperuimus.
1451 1586 1545 1633 Atque
1554 1599 1597 1626 hic
1610 1600 1681 1634 apud
1700 1586 1749 1628 nos
1765 1602 1836 1635 opti-

211 1643 288 1678 ἡμῖν,
311 1643 361 1678 οὐχ
387 1643 416 1675 ὃς
439 1644 473 1670 ἂν
497 1644 552 1679 (69)
579 1645 649 1680 μηδὲ
671 1645 747 1681 ῥῆμα
773 1646 891 1682 πρόηται
915 1647 999 1683 ἀργὸν

212 1688 288 1724 φόϐῳ
312 1689 390 1721 Θεοῦ,
409 1689 466 1716 ἀλλ’
486 1690 516 1722 ὃς
537 1690 570 1717 ἂν
587 1691 655 1728 τύχῃ
677 1692 789 1719 πλεῖστα
814 1692 858 1718 τὸν
885 1693 1000 1728 πλησίον

212 1733 297 1761 εἰπὼν
324 1735 432 1768 κακῶς,
461 1735 477 1772 ἢ
503 1736 662 1773 διαρρήδην,
687 1737 703 1773 ἢ
732 1738 760 1764 ἐν
777 1738 932 1774 αἰνίγμασι·
954 1739 1000 1765 καὶ

213 1779 266 1806 ὑπὸ
285 1779 334 1815 τὴν
350 1779 475 1814 γλῶσσαν
492 1780 573 1808 αὐτοῦ
593 1781 718 1817 στρέφων
740 1781 823 1808 κόπον
845 1782 891 1808 καὶ
908 1781 998 1815 πόνον,

212 1823 229 1860 ἢ
246 1825 284 1851 ἱὸν
298 1825 428 1859 ἀσπίδων,
443 1826 530 1853 εἰπεῖν
545 1827 718 1862 οἰκειότερον.

247 1871 289 1898 Π’.
310 1871 452 1907 Τηροῦμεν
465 1871 492 1898 δὲ
516 1871 565 1904 τὰς
584 1872 705 1907 ἀλλήλων
727 1872 872 1908 ἁμαρτίας,
889 1872 938 1908 οὐχ
957 1873 1000 1900 ἵνα

214 1916 403 1952 θρηνήσωμεν,
417 1917 474 1944 ἀλλ’
489 1918 533 1944 ἵνα
544 1918 716 1953 ὀνειδίσωμεν
727 1927 732 1933 ·
745 1918 798 1944 οὐδ’
810 1919 853 1945 ἵνα
871 1918 1001 1954 θεραπεύ-

215 1970 315 1998 σωμεν,
336 1963 392 1990 ἀλλ’
408 1964 451 1990 ἵνα
470 1963 688 1999 προσπλήξωμεν
705 1964 772 1999 (70),
794 1965 840 1990 κα)¹
855 1964 1001 1998 ἀπολογίαν

213 2008 320 2044 ἔχωμεν
337 2009 391 2045 (71)
415 2009 469 2036 τῶν
494 2010 635 2045 ἡμετέρων
658 2010 750 2037 κακῶν
768 2010 803 2037 τὰ
822 2010 875 2037 τῶν
889 2010 1002 2046 πλησίον

213 2055 367 2090 τραύματα.
381 2056 489 2088 Κακοὺς
505 2056 533 2082 δὲ
545 2056 592 2082 καὶ
604 2055 722 2090 ἀγαθοὺς
736 2057 784 2091 οὺχ
797 2058 811 2083 ὁ
822 2057 930 2093 τρόπος,
944 2057 1001 2083 ἀλλ’

213 2099 231 2134 ἡ
241 2099 380 2132 διάστασις
392 2101 438 2128 καὶ
452 2101 469 2136 ή
482 2101 556 2136 φιλία
570 2101 626 2137 (72)
636 2101 846 2138 χαρακτηρίζει·
864 2103 911 2129 καὶ
923 2102 942 2129 ἃ
955 2103 1003 2138 σή-

245 2178 269 2214 ξ⁶
282 2177 351 2206 Psal.
364 2188 418 2213 ενι,
428 2181 472 2208 40.
511 2181 533 2196 ’⁷
544 2181 551 2207 1
564 2181 628 2208 Cor.
645 2189 676 2213 ιι,
693 2181 736 2208 10.
775 2181 798 2197 ’⁸
815 2181 825 2208 l
839 2181 901 2209 Cor.
915 2189 952 2214 vt,
965 2181 990 2211 l.

1062 2180 1086 2196 "
1102 2179 1196 2207 Matth.
1215 2187 1264 2212 vn,
1281 2179 1307 2207 6.

1050 1651 1111 1671 mus
1127 1643 1251 1676 habetur,
1269 1650 1321 1670 non
1335 1644 1392 1678 qui,
1410 1643 1457 1670 Dei
1476 1649 1547 1671 metu
1565 1645 1702 1678 praeditus,
1721 1652 1755 1672 ne
1777 1653 1837 1672 ver-

1051 1689 1115 1716 bum
1145 1689 1252 1724 quidem
1285 1689 1402 1716 otiosum
1437 1689 1560 1724 plurimis
1592 1690 1761 1723 maledictis,
1795 1692 1837 1718 vel

1052 1739 1163 1770 aperte,
1178 1734 1219 1762 vel
1236 1735 1343 1762 occulte
1361 1735 1467 1767 ﬁxerit;
1491 1742 1524 1762 ac
1539 1735 1589 1762 sub
1607 1735 1696 1770 lingua
1714 1736 1835 1763 laborem

1051 1785 1080 1808 et
1094 1781 1213 1808 dolorem
1228 1780 1247 1812 ι.
1263 1785 1309 1807 aut
1319 1800 1327 1813 ,
1344 1785 1372 1807 ut
1389 1781 1479 1815 aptius
1494 1780 1598 1815 loquar,
1612 1789 1746 1809 venenum
1761 1782 1838 1817 aspio

1054 1826 1116 1853 dum
1127 1825 1138 1841 ⁸
1155 1825 1312 1853 versaverit.

1089 1870 1197 1898 LXXX.
1223 1870 1280 1897 Huc
1307 1869 1428 1902 accedit,
1443 1871 1515 1906 quod
1534 1870 1579 1898 alii
1597 1870 1709 1898 aliorum
1728 1876 1838 1906 peccata

1053 1916 1239 1949 observamus,
1251 1923 1303 1943 non
1321 1922 1349 1943 ut
1361 1916 1510 1952 lugeamus,
1524 1917 1570 1943 sed
1585 1923 1614 1944 ut
1628 1917 1837 1951 exprobremus;

1052 1970 1140 1998 neque
1152 1967 1182 1989 ut
1201 1962 1362 1990 medicinam
1381 1962 1534 1994 aderamus,
1553 1964 1600 1991 sed
1615 1967 1644 1990 ut
1666 1971 1764 1990 novum
1781 1964 1840 1991 vul-

1053 2017 1103 2036 nus
1120 2008 1291 2043 inﬂigamus,
1319 2013 1400 2043 atque
1429 2016 1444 2035 a
1468 2008 1653 2043 proximorum
1682 2009 1841 2037 vulneribus

1053 2055 1255 2082 excusationem
1274 2054 1347 2082 vitiis
1362 2054 1462 2082 nostris
1479 2059 1612 2089 petamus.
1629 2054 1688 2082 Jam
1705 2062 1768 2082 vero
1783 2062 1840 2082 ma-

1053 2100 1094 2129 los
1105 2105 1131 2129 et
1145 2100 1240 2132 bonos,
1256 2107 1309 2127 non
1329 2101 1384 2128 vita
1395 2122 1403 2134 ,
1421 2101 1469 2128 sed
1486 2101 1634 2134 dissensio,
1651 2100 1692 2128 vel
1703 2101 1838 2134 amicitia,

1347 2180 1354 2194 '
1367 2179 1438 2207 Psal.
1451 2187 1495 2213 cv,
1515 2180 1559 2207 39.
1598 2180 1608 2195 ²
1622 2179 1702 2208 Dent.
1717 2187 1796 2213 mu,
1811 2179 1839 2206 5.

213 2212 225 2229 ⁸
239 2212 311 2242 Psal.
328 2222 399 2249 chI,
418 2216 458 2244 19.
498 2216 508 2231 ⁸
519 2215 589 2244 Psal.
605 2224 633 2249 Χ,
649 2212 753 2252 τεείιᾳ.
791 2217 802 2232 ⁸
817 2217 888 2244 Psal.
909 2212 967 2249 xui,
986 2217 1011 2249 5,
1026 2221 1053 2243 et
1066 2223 1179 2248 Lxutx,
1193 2215 1220 2243 ι.

249 2294 307 2332 (58)
321 2297 554 2332 ξτρεφομένους.
565 2297 602 2324 lta
614 2298 679 2330 Reg.
692 2298 827 2330 undecim,
838 2303 900 2325 octo
908 2297 996 2330 Colb.,

1079 2296 1143 2332 (65)
1160 2297 1290 2332 ῗΑλλων.
1306 2295 1383 2324 Pass.
1396 2297 1429 2324 ad
1460 2303 1545 2331 marg.
1564 2295 1698 2332 ἀλλήλων.
1718 2295 1763 2323 Sic
1777 2295 1839 2323 Bas.

214 2329 262 2357 0r.
279 2329 306 2363 Ι,
323 2329 377 2359 Jes.
395 2329 480 2360 Cu‘isl.
494 2333 520 2366 1,
532 2329 584 2361 etc.
595 2329 666 2360 Edit.
682 2341 745 2360 vero
760 2333 819 2360 Bas.
835 2339 862 2361 et
873 2333 935 2360 Par.
948 2329 997 2367 φεέ

215 2365 354 2391 οοιιένουε.

283 2374 354 2398 νους.

215 2373 354 2401 ρομενους.

249 2401 305 2438 (59)
326 2402 376 2429 Ἐκ
389 2403 443 2430 τοῦ
457 2403 565 2438 μέσου.
580 2402 645 2438 Reg.
661 2411 687 2435 ιι,
699 2403 731 2430 ἐκ
747 2403 840 2438 μέσου.

246 2436 305 2496 (60)
333 2436 505 2480 Λᾳθεῖνᾟίιι
530 2436 668 2479 ora.R1-.g.
690 2436 927 2479 bm,"appingitur
950 2446 1001 2471 φυ-

257 2478 282 2496 ν.
302 2471 331 2496 In
350 2474 426 2496 (.t‘lli.
444 2473 468 2496 7.
490 2478 559 2496 intra
579 2473 663 2496 luteas
680 2478 764 2496 veleri
791 2480 882 2496 luanu_
909 2473 925 2496 ἦ
949 2481 1000 2496 :zu-

213 2471 282 2532 ἷεξν.
302 2471 331 2500 In
350 2473 426 2501 Cclb.
444 2473 469 2506 7,
489 2474 560 2501 intra
579 2471 663 2500 lineas
680 2474 765 2500 veleri
790 2471 882 2505 manu,
909 2473 926 2508 ἦ
949 2481 1000 2507 φυ-

232 2514 244 2532 e
257 2515 281 2532 ν.

232 2514 281 2533 ειν.

317 2543 371 2570 Καὶ
382 2543 442 2571 εῑθε
459 2543 556 2571 κενόν.
575 2542 719 2577 Gregorius
732 2543 770 2570 sic
784 2542 912 2578 loquitur,
923 2542 1000 2575 juxta

213 2575 311 2609 Eliani,
333 2586 365 2605 eo
388 2580 458 2617 quod
478 2579 612 2617 principes
626 2575 656 2605 ac
671 2575 828 2617 pontilices,‘
841 2585 911 2617 quos
929 2578 1000 2617 inse-

213 2617 314 2644 ctatur,
331 2621 381 2640 non
400 2615 478 2641 modo
491 2615 564 2641 omni
583 2614 680 2641 virtute
706 2613 837 2645 destituti.
865 2613 912 2640 sed
927 2613 999 2640 vitiis

213 2648 339 2674 Omnibus
355 2648 445 2676 referti
459 2654 558 2677 essent.

250 2682 306 2717 (62)
326 2683 472 2717 Τρέποιτο,
498 2691 550 2712 etc.
576 2683 670 2711 Comb.
692 2693 702 2709 ι
723 2682 816 2711 Vertat
832 2683 903 2710 Deus
921 2689 999 2710 omcn

214 2717 242 2744 in
256 2718 343 2752 capita
361 2719 512 2752 impiorum.
529 2729 538 2744 ι

251 2752 306 2788 (65)
320 2752 520 2788 Βουλομένου.
540 2763 549 2779 ‹
573 2753 694 2781 Valentis
713 2752 854 2787 cujuslibet
863 2757 904 2781 est
915 2753 999 2780 scien-

215 2787 264 2814 tia.
280 2798 288 2814 ι
300 2788 336 2814 Ita
350 2787 429 2823 supra
453 2798 527 2817 num.
541 2788 586 2822 50,
608 2797 616 2815 ι
633 2789 710 2816 nobis
734 2790 800 2817 satis
814 2794 855 2816 est
871 2788 998 2820 voluisse,

216 2824 248 2849 ad
262 2825 431 2856 sapientiam.
449 2833 458 2850 ι

214 2890 236 2919 δ’
252 2857 433 2921 (ῗὲἐξάντες
443 2859 476 2886 δέ
486 2860 589 2894 ἐσμεν.
600 2859 652 2888 Alii
664 2859 784 2888 scribunt
798 2859 826 2887 δὲ
843 2858 936 2894 ἐσμέν.
946 2858 998 2886 Alii

268 2903 346 2927 σμεν.

1052 2331 1096 2359 ed.
1111 2331 1137 2359 ct
1156 2331 1307 2359 Gabrielius
1323 2340 1330 2357 :
1344 2341 1353 2356 ι
1374 2331 1443 2358 alter
1453 2331 1562 2358 alterius
1573 2333 1742 2358 damnamus.
1757 2341 1766 2356 ι

1089 2366 1145 2402 (66)
1171 2366 1294 2399 Ἀθέοις.
1321 2376 1330 2392 ε
1345 2365 1446 2401 lmpiis,
1474 2366 1572 2402 quibus
1598 2374 1648 2393 nec
1672 2366 1740 2393 Deus
1757 2366 1808 2402 sit.
1828 2375 1838 2392 ›

1053 2401 1149 2428 Comb.
1166 2410 1177 2426 ι
1197 2402 1357 2434 inﬁdelibus,
1380 2402 1480 2436 impiis,
1495 2401 1606 2434 Gramis,
1625 2407 1654 2429 ut
1667 2402 1736 2429 bene
1755 2401 1839 2433 Elias,

1058 2445 1068 2462 ε
1087 2436 1286 2471 provinciarum
1307 2437 1468 2464 rectoribus.
1488 2448 1497 2462 ι

1091 2469 1146 2507 (67)
1153 2471 1302 2507 Παριέναι.
1312 2471 1348 2497 Ita
1357 2477 1457 2504 septem
1466 2472 1561 2507 Regg.,
1571 2469 1841 2507 Colb.om_nes.,1es.,

1055 2505 1141 2549 lle".
1155 2506 1207 2533 Alii
1222 2514 1285 2534 vero
1300 2511 1415 2541 quatuor
1426 2505 1620 2542 Begg.’CouL'b.
1634 2505 1717 2534 Coisl.
1729 2506 1755 2539 1,
1771 2513 1841 2541 παρ-

1053 2549 1134 2568 ειναι.

1089 2577 1144 2612 (68)
1162 2576 1282 2609 Κυρίου.
1299 2575 1374 2603 Pass.
1393 2577 1427 2604 ad
1444 2584 1529 2611 marg.
1547 2575 1626 2603 Θεοῦ.

1090 2611 1146 2646 (69)
1162 2612 1213 2644 Ὃς
1225 2611 1273 2637 ἂν.
1288 2611 1368 2638 Deest
1384 2612 1410 2638 in
1423 2613 1465 2638 ed.
1480 2611 1523 2638 ἄν.

1090 2644 1145 2682 (70)
1161 2646 1418 2681 Προσπλήξωμεν.
1431 2646 1585 2674 Gubrielius
1600 2645 1691 2678 vertit,
1702 2654 1712 2670 ι
1733 2644 1842 2672 exulce-

1053 2689 1154 2710 remus.
1178 2691 1187 2706 ι

1089 2717 1302 2752 (71)Ἕχωμεν.
1321 2716 1366 2744 Sic
1383 2724 1479 2744 omnes
1504 2723 1573 2752 pene
1599 2715 1717 2743 codices.
1748 2713 1841 2746 Pauci.

1053 2751 1243 2790 ἔχομεν-η.
1300 2786 1315 2790 -
1429 2786 1446 2790 _
1506 2751 1510 2752 ⁷
1635 2784 1688 2790 -..
1758 2783 1804 2790 -.

1091 2783 1146 2821 (72)
1175 2787 1271 2814 Φιλία.
1299 2786 1408 2822 Septem
1429 2786 1526 2822 Regg.,
1548 2790 1611 2822 octo
1632 2784 1722 2818 Colb.,
1756 2783 1841 2822 coisl.

1054 2823 1156 2849 habent
1180 2822 1316 2857 ὁμοδοξία,
1337 2820 1357 2847 ⁷‹
1376 2820 1523 2857 consensio
1541 2821 1709 2856 opinionum.
1736 2829 1749 2857 ι
1782 2820 1843 2857 lpsc

1051 2857 1146 2926 agitus
1167 2855 1298 2892 ex'punxit
1312 2857 1387 2892 φιλία
1413 2857 1441 2885 in
1457 2857 1500 2886 ed.
1517 2855 1592 2891 8:18.,
1612 2860 1639 2884 et
1654 2855 1765 2892 scripsit
1777 2856 1842 2891 ὀμο-

1109 2901 1136 2920 α.

1109 2901 1136 2920 α.
