2070 3135
208 200 259 230 501

773 198 902 226 ORATIO
922 199 954 226 11.
975 213 1010 218 -
1028 197 1275 226 APOLOGETICA.

1778 196 1829 223 sua

207 258 276 285 Θεοῦ
285 256 445 294 παράταξιν,
460 258 542 293 μήπω
553 257 599 284 τὸν
611 258 729 293 Χριστου
750 257 864 293 σταυρὸν
882 257 919 288 ὡς
930 256 999 292 ἀνὴρ

1050 261 1093 282 ιιιι·
1107 256 1147 288 ’⁷;
1164 263 1213 283 nec
1228 256 1255 282 in
1273 255 1318 283 Dei
1331 255 1428 283 castris
1442 257 1627 287 recensentur,
1647 253 1765 281 nondum
1781 256 1830 279 ue—

208 304 296 339 αἴρειν
303 303 458 338 δυνάμενος,
467 303 550 338 μήπω
559 303 624 338 μηδὲ
636 302 691 339 (80)
698 303 762 329 ἄλλο
768 312 792 329 τι
802 302 924 338 μέλοςὼν
934 302 997 333 ἴσως

208 350 264 376 τῶν
292 348 473 384 τιμιωτέρων,
492 349 588 376 ἔπειτα
619 350 659 380 εἰς
685 349 804 384 κεφαλὴν
830 348 997 382 καταστῆναι

208 393 326 429 Χριστοῦ
347 393 530 429 πληρώματος
542 393 647 426 δέξεται
664 394 768 429 χαίρων
781 394 828 420 καὶ
842 393 996 429 προθυμού-

210 447 306 474 μενος;
326 440 382 465 Οὐκ
398 438 491 474 ἔμοιγε
510 440 589 475 κριτῇ
611 440 657 466 καὶ
685 439 829 475 συμϐούλῳ
852 439 926 475 (81)·
939 439 996 465 ἀλλ’

207 482 284 516 οὗτος
298 486 313 511 ὁ
330 485 418 519 φόϐων
435 485 571 520 μέγιστος,
589 482 666 517 οὗτος
694 486 708 512 ὁ
731 485 860 512 κινδύνων
885 484 997 520 ἔσχατος

210 529 291 556 παντὶ
301 529 339 565 τῷ
354 530 471 557 συνιέντι
487 531 532 558 καὶ
543 530 589 557 τοῦ
596 531 813 566 κατορθουμένου
829 531 859 558 τὸ
872 531 994 566 μέγεθος,

209 575 257 602 καὶ
272 576 320 610 τῆς
335 575 498 611 διαμαρτίας
513 577 558 603 τὸν
571 576 690 609 ὅλεθρον.

245 711 272 736 P'
290 710 385 742 ’Δλλος
399 711 448 745 μὲν
461 707 506 736 οὖν
524 708 626 736 πλείτω
646 709 706 735 κατ’
728 709 875 744 ἐμπορίαν,
893 709 995 742 ἔλεγον,

210 756 257 782 καὶ
273 755 329 791 (82)
346 755 380 782 τὰ
395 756 489 791 μακρά
501 753 718 791 διαπεραιούσθω
731 754 848 790 πελάγη,
865 755 912 781 καὶ
929 763 997 789 συμ-

209 800 336 836 φερέσθω
348 802 404 832 τοῖς
418 801 528 835 ἀνέμοις
542 800 586 826 ἀεὶ
608 800 654 826 καὶ
678 801 735 830 τοῖς
763 800 867 835 κύμασι
891 800 998 835 μεγάλα

209 845 256 871 καὶ
269 845 418 880 κερδήσων,
429 844 461 871 ἂν
477 845 547 871 οὕτω
562 845 640 880 τύχῃ,
658 845 705 871 καὶ
717 845 908 878 κινδυνεύσων,
923 846 997 877 ὅστις

209 890 442 922 πλευστικώτατος
460 891 476 927 ἢ
496 891 720 927 ἐμπορικώτατος
737 891 791 927 (85)
803 900 809 906 ·
831 892 892 927 ἐμοὶ
908 892 930 918 δ’
950 890 996 918 οὖν

209 935 389 972 αἱρετώτερον
404 936 450 962 ἐπὶ
465 936 517 971 γῆς
529 936 651 970 ἀνέχοντι
666 936 733 971 (Si),
748 935 876 971 βραχεῖαν
891 935 995 963 αὔλακα
1013 927 1033 954 Β

209 981 336 1016 τέμνοντι
349 981 396 1008 καὶ
408 981 548 1015 γλυκεῖαν,
565 981 706 1017 πόρρωθεν
719 982 901 1016 ἀσπαζομένῳ
913 982 995 1018 κέρδη

209 1026 257 1052 καὶ
271 1026 418 1059 Θάλασσαν,
436 1027 486 1062 ζῇν
496 1026 582 1058 οὕτως
594 1027 667 1058 ὅπως
678 1026 710 1053 ἂν
726 1027 846 1062 δύνωμαι
864 1028 911 1054 σὺν
920 1027 996 1062 ὀλίγῃ

209 1072 257 1098 καὶ
277 1074 363 1108 μικρᾷ
381 1075 413 1108 τῇ
443 1072 534 1109 μάζῃ,
559 1073 605 1100 καὶ
627 1073 682 1108 βίον
702 1073 792 1100 ἕλκειν
823 1073 929 1108 ἀσφαλῆ
951 1074 997 1100 καὶ

211 1117 368 1153 ἀκύμαντον
386 1119 453 1154 (85),
472 1119 488 1154 ἢ
506 1119 611 1155 μακρὸν
626 1120 804 1155 ἀναρριπτεῖν
817 1119 871 1154 (86)
886 1121 932 1146 καὶ
948 1120 996 1154 μὲ-

215 1171 262 1198 (αν
277 1165 323 1191 ἐπὶ
339 1165 467 1200 μεγαλοις
484 1165 590 1200 κέρδεσι
602 1165 733 1191 κίνδυνον.
752 1158 754 1162 ’

244 1254 306 1280 PA’.
329 1253 439 1290 Ὑψηλῷ
456 1254 506 1290 μὲν
518 1253 572 1289 γὰρ
585 1253 668 1288 ζημία
684 1253 714 1279 τὺ
730 1253 766 1288 μὴ
779 1253 911 1287 ἐγχειρεῖν
939 1253 997 1288 μεί-

209 1299 278 1331 ζοσι.
307 1299 373 1334 μηδὲ
400 1300 455 1335 (87)
471 1301 511 1331 εἰς
527 1299 636 1330 πλείους
652 1298 794 1328 διατείνειν
815 1298 864 1333 τὴν
881 1298 996 1334 ἀρετὴν,

208 1345 265 1372 ἀλλ’
283 1346 329 1372 ἐπὶ
345 1346 450 1381 μικρῶν
464 1346 598 1377 ἵστασθαι,
613 1343 668 1371 οἷον
687 1345 796 1380 μεγάλῳ
815 1345 884 1378 φωτὶ
902 1346 998 1380 μικρὸν

209 1389 282 1417 οἶκον
289 1391 470 1427 αὐγάζοντα,ἢ
479 1391 614 1426 πανοπλίᾳ
620 1392 728 1425 νεανικῇ
736 1390 815 1425 σῶμα
821 1391 944 1417 παιδικὸν
952 1400 999 1417 πε-

211 1436 479 1472 ςισκέποντα-μικρῴ
485 1437 574 1470 δὲ(88)
582 1437 714 1470 ἀσφάλεια
723 1437 807 1472 μικρά
815 1437 997 1472 φορτίζεσθαι,

210 1481 279 1508 ἀλλὰ
294 1481 341 1517 μὴ,
358 1483 414 1513 τοῖς
429 1481 497 1518 ὑπὲρ
512 1481 626 1516 δύναμιν
646 1481 742 1507 ἑαυτὸν
754 1482 914 1509 ὑποτιθέντα
930 1482 997 1516 (89).

210 1527 317 1561 γέλωτά
332 1536 360 1553 τε
389 1527 561 1561 ὀφλισκάνειν
587 1527 664 1562 ὁμοῦ,
686 1527 733 1553 καὶ
760 1528 931 1562 προστιθέναι
953 1528 998 1554 τὸν

211 1573 332 1600 κίνδυνον
342 1581 349 1587 ·
366 1573 460 1609 ὥσπερ
477 1582 508 1607 γε
522 1573 569 1599 καὶ
586 1573 690 1608 πύργον
704 1574 852 1608 οἰκοδομεῖν
865 1575 914 1600 οὐκ
927 1574 998 1609 ἄλλῳ
1013 1593 1033 1622 C

211 1619 265 1645 τινὶ
280 1618 418 1654 προσῆκεν
430 1619 484 1654 (90)
501 1619 517 1654 ἢ
529 1619 557 1650 ὃς
573 1619 630 1654 ἔχει
645 1618 678 1646 τὰ
692 1620 760 1654 πρὸς
771 1620 952 1655 ἀπαρτισμδν,
961 1620 999 1652 ὡς

212 1664 316 1699 ήκούσα
321 1673 378 1700 μεν.

249 1795 309 1822 AB’.
330 1795 424 1830 Ἔχετε
444 1795 492 1830 τὴν
506 1796 652 1830 ἀπολογίαν
673 1797 722 1832 τὴν
749 1798 816 1832 ὑπὲρ
834 1799 882 1833 τῆς
898 1800 998 1835 φυγῆς,

213 1841 261 1868 καὶ
276 1841 340 1872 ἴσως
356 1842 386 1867 οὑ
405 1842 529 1877 μετρίαν.
547 1843 580 1868 "A
596 1843 643 1877 μὲν
657 1840 702 1869 οὖν
719 1852 751 1878 με
775 1844 821 1878 ἀφ’
835 1845 911 1879 ὑμῶν
926 1846 999 1881 ἀπή-

214 1895 308 1922 γαγεν,
333 1884 354 1914 ὦ
377 1888 447 1922 φίλοι
472 1888 519 1914 καὶ
538 1888 656 1922 ἀδελφοὶ,
672 1889 798 1925 λυπηρῶς
819 1891 867 1925 μὲν
880 1892 940 1926 ἐμοὶ
953 1893 999 1919 καὶ

214 1935 278 1970 ὑμῖν
295 1935 369 1967 ἴσως,
394 1935 549 1968 ἀναγκαίως
563 1935 584 1961 δ’
607 1933 664 1968 οὖν,
678 1935 716 1967 ὠς
731 1936 793 1970 γοῦν
807 1937 918 1972 ἐμαυτῷ
939 1939 999 1965 τότε

214 1981 334 2013 ἐδόκουν,
352 1981 438 2008 ταῦτά
446 1982 699 2017 ἑστιν-ἐπανήγαγε
716 1982 743 2008 δέ
757 1991 789 2018 με
807 1983 864 2019 (91)
883 1984 1000 2019 μάλιστα

216 2027 287 2062 μὲνὸ
301 2027 368 2064 πρὸς
382 2028 454 2062 ὑμᾶς
471 2027 562 2060 πόθος,
578 2028 624 2054 καὶ
637 2028 667 2054 τὸ
678 2028 891 2056 ἁντιποΘούντων
907 2031 1001 2057 αἰσθά-

215 2072 325 2100 νεσθαιθ
347 2074 421 2100 οὐδὲν
436 2073 490 2110 γὰρ
506 2073 592 2106 οὓτως
605 2074 713 2109 ίσχυρὺν
731 2075 798 2110 πρὸς
821 2075 939 2111 ἀγάπην,
963 2077 1000 2109 ὡς

215 2118 399 2154 ἀντιδιόομένη
410 2119 542 2151 διάθεσις.

1049 302 1129 334 niqne
1152 300 1254 328 Christi
1278 307 1386 328 crucem
1402 305 1529 335 tanquam
1547 299 1589 325 vir
1601 298 1672 325 ferre
1687 302 1766 332 queat
1778 318 1786 329 .
1798 305 1830 324 ac

1048 353 1081 371 ne
1102 345 1174 371 aliud
1189 344 1323 379 quoddam
1348 345 1465 372 fortasse
1483 343 1654 378 praestantius
1677 343 1829 370 membrum

1048 392 1093 424 sit,
1108 391 1168 418 lmto
1182 396 1270 418 tamen
1293 391 1429 425 alacrique
1448 392 1538 419 animo
1554 399 1585 419 se
1596 391 1753 418 Christiano
1773 397 1831 417 cte-

1048 437 1085 464 lui
1103 441 1182 471 caput
1198 437 1325 465 constitui
1341 438 1481 472 patietur?
1502 437 1558 464 Non
1585 437 1716 472 profecto,
1732 437 1753 464 si
1767 436 1829 471 qui-

1047 483 1107 510 dem
1123 483 1235 510 consilio
1250 491 1308 510 meo
1332 491 1364 510 ac
1377 485 1481 517 judicio
1495 484 1621 510 standum
1644 482 1759 517 putabit.
1783 482 1830 509 Est

1047 529 1145 563 quippe
1157 529 1200 555 hic
1217 534 1309 555 metus
1317 529 1437 556 omnium
1449 529 1592 562 maximus,
1613 529 1665 556 hoc
1681 527 1829 563 periculum

1047 577 1166 604 omnium
1183 576 1392 612 gravissimum,
1410 576 1473 603 huic
1498 575 1606 609 quidem
1625 578 1699 601 certe
1714 593 1722 606 ,
1739 573 1784 607 qui
1802 577 1830 598 et

1047 628 1133 655 operae
1149 621 1277 656 pra-clare
1293 625 1397 647 navata:
1413 619 1625 652 magnitudinem
1638 638 1646 650 ,
1662 623 1689 644 et
1705 618 1744 644 rei
1759 616 1828 643 inl'e-

1047 666 1134 693 liciter
1149 671 1230 701 gestm
1242 666 1388 700 perniciem
1405 664 1538 699 intelligit.

1082 711 1112 737 C.
1130 711 1206 737 Alius
1221 711 1313 745 igitur,
1326 717 1430 737 mecum
1451 710 1507 743 ipse
1519 707 1653 739 dicebam,
1670 711 1829 734 mercaturze

1047 764 1128 783 causa
1143 757 1258 789 naviget,
1273 750 1300 782 et
1315 755 1392 789 longa
1405 754 1489 781 maria
1505 752 1630 786 trajiciat,
1647 758 1674 779 et
1688 759 1748 779 cum
1762 759 1828 778 ven-

1048 803 1081 829 tis
1097 809 1128 828 ac
1143 801 1267 828 ﬂuctibus
1277 806 1406 835 perpetuo
1418 799 1555 834 conﬂigat,
1578 805 1673 832 magna
1698 798 1739 824 vel
1755 797 1828 826 lucra

1048 848 1179 879 facturus,
1196 847 1218 873 si
1232 848 1267 873 ita
1283 854 1362 874 casus
1372 846 1473 878 tulerit,
1485 845 1527 872 vel
1540 845 1658 879 pericula
1679 843 1828 875 subiturus,

1047 894 1171 928 quisquis
1198 893 1328 919 nimirum
1343 893 1386 920 vel
1411 893 1552 928 navigandi
1568 891 1676 926 peritia,
1691 890 1731 917 vel
1747 897 1829 925 nego-

1049 939 1131 965 tiandi
1150 943 1209 965 arte
1221 938 1350 965 excellit:
1366 938 1431 965 mibi
1447 946 1510 965 vero
1524 938 1613 972 potius
1626 941 1706 971 atque
1722 935 1829 971 optabi-

1048 985 1098 1011 lius
1113 989 1154 1011 cst
1169 1005 1176 1016 ,
1191 985 1216 1010 in
1232 990 1301 1011 terra
1317 984 1423 1018 degenti
1437 1004 1443 1015 ,
1462 988 1543 1017 atque
1554 983 1678 1016 exiguum
1695 989 1788 1009 arvum
1804 986 1832 1008 et

1047 1031 1123 1057 dulce
1138 1030 1252 1057 sulcauti
1265 1050 1272 1062 ,
1285 1037 1316 1056 ac
1342 1030 1415 1056 lucra
1442 1035 1470 1056 et
1485 1036 1560 1055 mare
1575 1028 1666 1063 procul
1681 1028 1807 1055 salutanti
1821 1046 1830 1060 .

1047 1076 1138 1104 vivere
1149 1082 1177 1103 ut
1190 1081 1282 1110 potero
1298 1083 1359 1102 cum
1375 1082 1460 1109 pauca
1479 1079 1505 1101 et
1520 1074 1616 1108 exigua
1632 1081 1718 1105 maza,
1734 1074 1830 1100 vitant-

1047 1129 1099 1157 que
1116 1127 1199 1149 tutam
1216 1127 1243 1148 et
1259 1120 1431 1155 tranquillam
1447 1120 1546 1146 ducere
1557 1138 1564 1151 ,
1587 1126 1669 1153 quam
1686 1119 1720 1145 ob
1736 1118 1829 1152 ingen-

1049 1173 1089 1195 tes
1103 1173 1222 1202 quaestus
1244 1174 1326 1202 grave
1350 1173 1382 1193 ac
1404 1166 1559 1193 diuturnum
1581 1164 1728 1199 periculum
1744 1164 1832 1191 susci—

1049 1221 1120 1248 pere.
1484 1219 1489 1224 ’

1082 1257 1125 1285 Cl.
1142 1258 1245 1284 Etenim
1261 1256 1367 1284 sublimi
1380 1257 1488 1290 quidem
1501 1256 1558 1282 viro
1570 1254 1760 1282 detrimentum
1773 1258 1826 1285 est.

1049 1304 1104 1340 59
1119 1311 1162 1331 res
1175 1310 1284 1338 magnas
1299 1310 1351 1329 non
1364 1301 1484 1336 aggredi,
1503 1308 1551 1328 nec
1573 1301 1699 1327 virtutem
1715 1300 1749 1326 ad
1761 1299 1831 1325 mul-

1050 1355 1091 1376 tos
1108 1356 1255 1384 propagare
1268 1368 1275 1380 ,
1291 1349 1337 1375 sed
1352 1348 1380 1374 in
1394 1347 1484 1382 parvis
1497 1347 1647 1374 consistere
1659 1365 1667 1377 ,
1682 1353 1735 1372 non
1752 1352 1831 1372 secus

1049 1404 1081 1423 ac
1096 1396 1118 1422 si
1134 1402 1230 1429 magno
1253 1394 1480 1427 lumineparvam
1506 1392 1613 1418 domum
1631 1391 1746 1418 illustret
1759 1410 1766 1422 ,
1785 1395 1832 1417 aut

1048 1441 1173 1468 virilibus
1188 1439 1272 1466 armis
1286 1439 1388 1474 puerile
1401 1445 1498 1472 corpus
1509 1438 1628 1472 obtegat.
1640 1437 1726 1464 Parvo
1742 1442 1831 1464 autem

1049 1487 1122 1514 salus
1137 1487 1165 1513 in
1178 1493 1210 1512 eo
1224 1484 1346 1512 consistit
1359 1504 1367 1516 ,
1383 1489 1413 1510 ut
1434 1490 1547 1518 parvum
1571 1490 1640 1510 onus
1653 1483 1768 1516 subeat,
1785 1490 1833 1509 nec

1050 1532 1081 1559 iis
1098 1532 1177 1558 rebus
1189 1537 1249 1565 qua:
1263 1529 1334 1556 vires
1349 1529 1433 1564 ipsius
1445 1528 1596 1561 excedunt,
1614 1528 1733 1563 seipsuxn
1747 1527 1831 1562 subji-

1050 1577 1136 1608 cieus.
1156 1575 1275 1603 simulet
1293 1575 1376 1601 risum
1393 1577 1511 1606 moveat,
1529 1577 1555 1600 et
1575 1572 1722 1607 periculum
1736 1572 1831 1606 adjun-

1051 1627 1104 1656 και.
1118 1620 1345 1655 Quemadmodum
1361 1619 1465 1646 scilicet
1477 1625 1526 1645 nec
1540 1617 1585 1644 alii
1599 1618 1722 1652 cuiquam
1737 1618 1832 1644 turrim

1050 1667 1184 1693 :cdilicare
1199 1665 1326 1693 convenit
1342 1665 1376 1696 ",
1392 1671 1474 1698 quam
1499 1663 1523 1689 ei
1541 1663 1586 1698 qui
1608 1670 1639 1690 ea
1662 1663 1758 1690 habeat
1773 1669 1834 1697 quae

1050 1712 1082 1738 ad
1103 1710 1296 1745 perliciendum
1313 1709 1498 1743 requiruntur,
1518 1712 1548 1735 ut
1561 1715 1593 1735 ex
1608 1707 1745 1743 Scriptura
1758 1708 1835 1735 audi—

1050 1759 1148 1784 vimus.

1084 1803 1138 1831 Cll.
1157 1802 1267 1830 llabetis
1285 1805 1404 1828 nostram
1425 1801 1459 1829 de
1482 1801 1545 1835 fuga
1573 1799 1772 1835 purgationem,
1801 1806 1834 1825 ac

1051 1849 1171 1876 fortasse
1187 1848 1247 1882 plus
1265 1854 1342 1882 aequo
1355 1846 1498 1880 prolixam.
1510 1845 1573 1873 llzec
1590 1849 1663 1877 sunt,
1681 1852 1698 1872 ο
1712 1844 1791 1871 amici
1807 1849 1835 1870 et

1051 1895 1149 1922 fratres
1163 1915 1170 1927 ,
1187 1901 1247 1929 quae
1260 1900 1303 1920 me
1316 1913 1323 1924 ,
1341 1893 1405 1920 mihi
1421 1892 1531 1927 quidem
1557 1890 1671 1918 moleste
1684 1910 1692 1923 ,
1710 1897 1741 1917 ac
1756 1890 1835 1918 vobis

1051 1941 1132 1968 etiam
1151 1940 1266 1966 fortasse
1281 1959 1290 1971 ,
1303 1938 1351 1966 scd
1380 1944 1470 1965 tamen
1488 1936 1642 1964 necessario
1658 1955 1665 1968 ,
1694 1940 1723 1962 ιιι
1738 1935 1834 1962 saltent

1051 1986 1117 2014 mihi
1136 1991 1190 2012 tum
1210 1983 1341 2019 temporis
1356 1983 1511 2015 videbatur,
1526 1991 1541 2009 a
1558 1981 1635 2009 vobis
1652 1981 1833 2008 abduxerunt.

1051 2031 1086 2058 At
1106 2037 1171 2057 vero
1187 2037 1228 2056 me
1242 2029 1276 2056 ad
1290 2028 1406 2056 reditum
1422 2027 1587 2062 impulerunt
1599 2048 1605 2058 ,
1632 2026 1749 2053 maxime
1773 2025 1835 2060 qui-

1051 2075 1112 2103 dem
1127 2075 1209 2102 vestri
1224 2073 1388 2101 desiderium
1399 2093 1407 2105 ,
1425 2077 1451 2100 et
1465 2071 1528 2106 quia
1542 2079 1590 2098 vos
1603 2075 1696 2098 mutuo
1714 2070 1765 2096 mei
1789 2070 1836 2096 de-

1051 2121 1152 2148 siderio
1183 2119 1270 2147 teneri
1292 2119 1440 2146 scutiebam
1460 2127 1467 2144 :
1491 2124 1578 2151 neque
1594 2117 1666 2143 enim
1687 2116 1838 2150 quidquam

1051 2167 1084 2194 ad
1102 2173 1220 2193 amorem
1237 2165 1274 2192 ita
1294 2164 1400 2192 ﬁrmum
1415 2171 1447 2191 ac
1464 2163 1604 2191 robustum
1617 2167 1669 2194 cst,
1683 2166 1712 2188 ut
1726 2167 1837 2188 mutuus

1052 2211 1173 2240 affectus.

251 2252 310 2279 ΡΓ¹.
330 2251 459 2287 Δεύτερον
473 2252 529 2287 δὲή
547 2253 600 2288 ἐμὴ
617 2253 736 2288 φροντὶς,
754 2253 783 2280 τὸ
793 2253 857 2288 ἐμὸν
871 2255 960 2290 ἔργον,
980 2256 997 2292 ὴ

1086 2258 1151 2285 Clll.
1166 2257 1265 2285 Deinde
1279 2265 1336 2284 mea
1350 2257 1408 2283 haec
1419 2263 1483 2283 cura
1495 2275 1503 2287 ,
1520 2261 1596 2281 meus
1610 2253 1656 2280 hic
1673 2252 1759 2284 labor,
1786 2252 1838 2285 hoc

215 2298 269 2326 τῶν
280 2298 361 2334 ιερῶν
376 2298 476 2333 γονέων
492 2298 571 2325 πολιά
584 2299 630 2325 καὶ
641 2299 777 2330 ἀσθένεια,
789 2300 832 2326 ἐπ’
847 2301 909 2335 ἐμοὶ
920 2301 1000 2330 πλέον

215 2343 233 2379 ἦ
246 2343 284 2379 τῷ
299 2343 386 2378 χρόνῳ
399 2343 567 2378 καμνόντων.
586 2343 710 2379 Ἀϐραὰμ
722 2343 797 2370 τοῦδε
810 2345 857 2371 τοῦ
869 2346 1000 2382 πατριάρ-

215 2398 275 2424 χου,
290 2390 339 2424 τῆς
351 2389 445 2424 τιμίας
455 2389 516 2423 ἐμοὶ
528 2389 650 2424 κεφαλῆς
664 2391 711 2416 καὶ
726 2391 783 2425 μετ’
800 2391 924 2425 ἀγγέλων
942 2392 998 2427 (92)

252 2455 274 2471 ⁷⁷
289 2455 366 2481 Num.
383 2462 402 2485 I.
422 2455 448 2481 3.
494 2454 515 2469 "‘
531 2454 595 2481 Luc.
625 2463 681 2487 xiv,
695 2455 740 2482 28.

251 2523 307 2558 (80)
321 2522 412 2557 Μηδέ.
431 2523 480 2549 Alii
491 2524 562 2558 μηδ’.

320 2551 589 2600 ξυλιϐσύλῳδῐξεεε.
604 2566 625 2585 r.
643 2558 723 2585 Addit
738 2557 885 2593 χρώμενος,
896 2558 942 2585 sed
959 2566 1000 2585 re-

218 2599 332 2621 centlort
349 2601 439 2620 manu.

266 2629 311 2661 82)
325 2628 391 2655 Kal.
410 2628 488 2655 Deest
500 2628 525 2654 in
543 2627 625 2662 Regg.
640 2632 660 2661 ι,
676 2636 700 2659 z,
712 2632 739 2654 et
749 2627 825 2654 Colb.
838 2628 863 2660 5,
876 2636 912 2654 m.

265 2663 309 2699 85)
324 2662 585 2699 Πλευσπικώτιιζος
599 2663 648 2689 καὶ
665 2662 911 2699 ἐμπορικὼτατος.
933 2662 999 2689 Mal-

217 2698 271 2726 lem
288 2697 326 2726 sic
338 2699 471 2724 reddere;
498 2707 506 2723 ι
526 2697 671 2732 Navigandi
691 2703 717 2724 et
741 2698 871 2724 l'aciendm
893 2706 999 2725 merca-

219 2740 286 2760 turae
298 2733 432 2760 desiderio
449 2732 574 2767 ﬂagrans.
595 2742 604 2758 ι
627 2732 683 2760 Non
705 2733 776 2767 enim
796 2733 829 2759 de
851 2733 954 2767 peritis,
972 2737 1000 2759 ut

218 2769 334 2800 videtur,
350 2768 397 2794 sed
412 2767 445 2794 de
460 2766 610 2795 teiucrariis
626 2767 743 2801 loquitur
758 2766 917 2802 Theologus.

254 2803 310 2834 (86)
330 2801 491 2836 Ἀνέχοντι.
508 2802 583 2830 Colb.
597 2803 625 2834 li,
640 2802 673 2829 ἃν
689 2801 788 2836 ἔχοντι.
802 2801 919 2829 divisim.

237 2837 526 2898 1.(ἓὲιῃὲκύμαντον.
545 2837 620 2890 Coib.
637 2838 663 2869 b,
682 2837 728 2863 καὶ
737 2837 883 2865 ἀκίνδυνον.
897 2837 998 2865 Forsan

246 2880 359 2900 nstiema.
577 2888 579 2890 ·

219 2881 546 2944 μὶἶῗνᾷναρῤιπτεῐν.
575 2888 650 2936 Colb.
667 2915 704 2942 m,
726 2908 752 2937 in
780 2909 910 2943 margine,
938 2908 998 2935 ἀνα-

1053 2309 1093 2331 est
1106 2324 1113 2336 ,
1129 2308 1282 2331 sanctorum
1312 2306 1452 2337 parentum
1477 2300 1599 2328 canities
1617 2304 1645 2326 et
1669 2298 1813 2327 inﬁrmitas
1826 2317 1835 2330 ,

1053 2355 1112 2375 nica
1137 2355 1219 2374 causa
1238 2347 1322 2382 magis
1348 2353 1427 2380 quam
1452 2349 1592 2372 senectute
1606 2365 1613 2377 ,
1631 2342 1811 2370 laborantium
1827 2361 1835 2373 ,

1053 2393 1143 2426 huius,
1157 2392 1276 2426 inquam,
1289 2390 1449 2418 patriarcha!
1469 2388 1595 2420 Abrahae,
1611 2386 1757 2414 venerandi
1770 2386 1835 2413 milii

1053 2526 1210 2562 λαμϐάνειν.
1236 2525 1289 2562 Sed
1303 2524 1457 2562 primanvox
1484 2525 1622 2553 retinenda
1649 2529 1676 2551 et
1691 2525 1834 2558 avertenda,

1055 2570 1065 2587 ί
1080 2560 1122 2588 me
1136 2562 1161 2587 in
1177 2560 1322 2595 periculum
1335 2560 1479 2593 conjicere.
1498 2570 1506 2585 ι

1090 2596 1146 2629 (87)
1159 2595 1251 2630 Μηδέ,
1267 2595 1360 2630 Gotnb.
1378 2595 1448 2630 μηδ’.

1090 2631 1144 2665 (88)
1158 2629 1257 2665 Μικρῷ
1273 2629 1316 2656 δέ.
1332 2629 1426 2656 Contb.
1440 2630 1529 2665 μικρῷ
1541 2630 1562 2655 δ’

1088 2663 1143 2701 (89)
1157 2663 1359 2692 'anuOérta.
1373 2663 1556 2701 Comb.rlegit,
1582 2664 1741 2691 ὑποτιθέντα
1752 2663 1836 2699 χρεώ-

1054 2709 1129 2736 στην,
1147 2705 1174 2728 et
1182 2701 1279 2736 vertit,
1288 2709 1297 2725 ι
1309 2707 1368 2726 sese
1379 2700 1525 2736 obnoxium
1537 2700 1618 2727 faciat
1628 2707 1660 2736 ac
1675 2700 1808 2736 subjiciat.
1824 2709 1833 2724 ι

1088 2734 1343 2771 (90)(Προσῆκεν.
1380 2734 1445 2769 Reg.
1473 2735 1532 2766 bm,
1565 2740 1593 2761 et
1621 2734 1715 2762 Comb.
1749 2743 1836 2769 προσ-

1055 2770 1142 2806 ήκειν.
1153 2770 1210 2797 Νοιι
1226 2771 1305 2806 male.

1091 2806 1145 2842 (9i)
1163 2803 1387 2842 Ἐπίένήγίιγεδέ
1397 2812 1444 2842 με.
1459 2813 1471 2842 «_
1481 2803 1521 2831 ille
1533 2808 1622 2842 autem
1643 2804 1836 2832 reduxeruntJ

1055 2840 1099 2869 Sic
1119 2842 1208 2873 plures
1220 2841 1284 2874 Reg.
1303 2841 1379 2866 codd.
1397 2841 1424 2865 In
1440 2840 1482 2866 ed.
1500 2848 1534 2874 με
1547 2841 1634 2867 deest.

1089 2876 1143 2912 (9‘2)
1156 2877 1223 2903 Μετ’
1236 2874 1380 2910 ἀγγέλων.
1393 2874 1453 2901 Ruf.
1465 2883 1472 2899 ι
1487 2875 1578 2909 Λιιίζυὶῑ
1588 2875 1672 2902 instar
1683 2879 1834 2910 aspectus.»
