2070 3135
270 176 324 205 505

872 181 903 208 S.
923 181 1087 209 GREGORII
1108 181 1283 209 THEOLOGI

1839 178 1894 206 50‘

271 236 378 270 capitis.
395 240 543 271 atquecum
560 237 662 271 angelis
679 239 849 272 numerandi,
861 245 888 267 et
900 240 998 273 Sarrae.
1010 249 1056 268 nos

1109 240 1322 275 ἀριθμουμένης.
1345 239 1391 265 καὶ
1414 239 1531 274 Σάρρας,
1548 239 1598 273 τῆς
1614 237 1662 265 καὶ
1676 237 1729 273 (95)
1748 246 1898 272 πνευματι-

271 282 298 308 in
324 282 384 309 ﬁdei
396 282 518 309 doctrina
535 283 713 317 spiritualiter
727 285 903 319 parturientis
917 295 924 314 :
939 294 1053 321 quorum

271 327 403 354 senectuti
423 327 534 355 baculus
551 335 622 361 esse,
637 333 718 364 atque
734 330 920 359 inﬁrmitatem
935 339 985 366 ope
1001 332 1056 359 ful-

271 373 328 399 cire
341 392 349 403 ,
370 380 429 399 cum
449 373 521 399 inter
537 374 622 408 prima
641 376 773 402 vovissem
784 396 791 408 ,
808 377 886 411 idque
897 378 978 404 etiam
1007 386 1054 413 pro

271 418 341 444 virili
355 426 413 444 inea
425 419 613 452 praestitissem
628 442 635 453 ,
651 421 718 448 adeo
739 426 767 448 ιιι
783 422 978 457 philosophiam
989 431 1055 458 quo-

270 471 323 497 que
337 464 432 497 ipsam,
450 471 501 498 qua
516 472 564 492 nec
576 467 711 500 possessio
726 467 790 499 ulla,
801 476 850 495 nec
863 476 957 495 nomen
972 469 1054 496 ullutn

271 509 336 535 mihi
355 509 464 538 charius
481 515 543 542 est,
559 513 780 547 contempserim,
792 514 845 546 vel,
864 518 892 541 ut
914 515 1006 542 verius
1019 515 1056 542 lo-

270 561 349 587 quar,
367 554 393 581 id
417 555 551 590 imprimis
578 557 796 592 philosophatus.
814 566 847 585 ue
871 559 1054 594 philosophari

270 599 387 631 viderer,
405 607 457 627 non
474 601 532 632 tuli.
548 602 582 629 ob
602 610 684 629 unum
700 603 762 630 vita:
775 605 941 638 propositum
957 605 1057 633 laboris

271 645 323 671 mei
350 645 466 673 fructum
485 648 549 674 mihi
575 648 759 681 intercidere,
779 656 810 676 ac
839 650 1055 678 benedictionem

270 690 415 726 exstingui,
437 699 516 726 quam
533 694 615 720 etiam
637 699 746 722 sanctus
764 696 873 730 quidam
890 696 953 724 olim
968 698 1058 724 subri-

270 735 361 768 puisse
376 737 484 770 dicitur,
504 743 581 772 patre
599 747 647 774 per
658 740 747 767 cibum
767 749 798 769 ac
814 742 927 776 pilorum
949 743 1059 778 ﬁgmen-

273 788 327 808 tum
346 782 541 816 clrcumvento,
557 793 588 812 ac
607 793 635 813 re
650 787 718 813 bona
735 807 742 818 ,
759 795 811 814 non
827 788 894 815 bene
907 809 913 820 ,
930 796 978 823 per
992 790 1058 817 iusi-

271 828 330 854 dias
344 833 451 862 captata
467 830 498 856 7'.
518 831 557 857 Ac
578 831 645 858 duas
664 833 770 866 quidem
789 833 837 861 has
853 841 950 862 causas
966 835 1056 865 habui.

271 880 319 899 cur
345 880 440 902 manus
467 877 575 903 tandem
595 878 687 905 darem
701 899 708 909 ,
725 878 867 914 leuemque
885 885 912 908 et
923 882 1058 915 placidum

1108 285 1164 316 κῶς
1180 283 1329 318 ὡδινούσης
1347 285 1420 319 ἡμᾶς
1431 284 1459 310 ἐν
1474 285 1506 319 τῇ
1524 283 1683 318 διδασκαλίᾳ
1698 283 1747 317 τῆς
1768 283 1895 314 πίστεως,

1105 327 1143 356 ὧν
1156 329 1283 364 γενέσθαι
1300 329 1435 364 βακτηρία
1452 329 1491 363 τῷ
1511 329 1594 364 γήρᾳ,
1613 328 1660 355 καὶ
1673 327 1823 365 ὑπερείδειν
1846 327 1895 362 τὴν

1106 375 1258 405 ἀσθένειαν,
1273 375 1325 401 τῶν
1340 375 1458 410 πρώτων
1476 374 1557 410 εὐχὴν
1572 374 1728 409 εὐξάμενος,
1746 373 1791 399 καὶ
1805 373 1895 408 μέντοι

1107 421 1153 447 καὶ
1172 420 1318 455 πληρώσας
1339 420 1441 455 ταύτην
1457 420 1527 454 (94),
1543 420 1628 454 ὁπόση
1651 419 1780 454 δῴναμις·
1795 418 1832 450 ὡς
1848 419 1896 444 καὶ

1108 466 1266 500 φιλοσοφίας
1284 466 1420 501 ὑπεριδεῖν
1437 465 1532 499 αὐτῆς,
1545 465 1592 492 τοῦ
1607 465 1714 492 πάντων
1722 464 1783 499 ἐμοὶ
1799 472 1895 498 τιμιω-

1107 511 1187 537 τάτου
1209 511 1349 546 κτήματος
1362 511 1409 537 καὶ
1429 511 1571 547 ὀνόματος,
1586 510 1602 546 ἢ
1616 510 1647 536 τό
1661 518 1692 544 γε
1718 509 1895 544 ἀληθέστερον

1109 558 1205 589 εἰπεῖν,
1219 557 1249 583 τὸ
1266 557 1303 592 μὴ
1320 556 1473 591 φιλοσοφεῖν
1571 556 1646 588 δόξαι
1665 555 1771 591 πρῶτον
1792 554 1898 589 φιλοσο-

1109 603 1208 638 φήσας,
1225 603 1274 628 οὐκ
1287 603 1390 637 ἤνεγκα
1406 603 1544 629 διαπεσεῖν
1556 611 1601 637 μοι
1614 602 1660 628 τὸν
1674 601 1771 636 μόχθον
1785 602 1817 627 ἐκ
1833 601 1897 636 μιᾶς

1109 643 1274 679 ὑποθέσεως,
1292 648 1352 674 οὐδὲ
1367 648 1551 683 καταλυθῆναι
1577 648 1625 683 τὴν
1653 647 1787 680 εὐλογίαν,
1804 646 1836 681 ἥν
1849 647 1896 672 καὶ

1109 693 1206 728 κλέψαι
1228 702 1269 725 τις
1281 693 1332 729 ἤδη
1349 693 1402 720 τῶν
1419 693 1503 720 πάλαι
1521 693 1576 726 (96)
1594 693 1674 719 ὁσίων
1690 693 1808 726 λέγεται,
1827 690 1897 726 βρώ-

1111 748 1175 775 ματι
1190 740 1235 766 τὸν
1251 740 1355 775 πατέρα
1369 740 1416 766 καὶ
1428 740 1529 775 τριχῶν
1545 738 1683 774 πλάσματι
1705 737 1895 773 σοφισάμενος,

1110 786 1156 811 καὶ
1166 785 1195 811 τὸ
1211 784 1290 812 καλὸν
1302 785 1332 811 οὐ
1350 785 1440 816 καλῶς
1455 785 1510 819 (97)
1533 785 1567 812 δι’
1585 784 1729 818 ἐπιϐουλῆς
1742 783 1898 818 θηρασάμε-

1110 838 1164 861 νος.
1177 830 1228 856 Δύο
1246 831 1294 864 μὲν
1305 830 1336 865 δὴ
1355 829 1440 856 ταῦτα
1452 831 1499 865 τῆς
1517 830 1587 865 ἐμῆς
1603 830 1688 865 ἥττης
1698 828 1745 855 καὶ
1759 828 1896 863 ἡμερότη-

1111 883 1156 906 τος
1181 875 1266 902 αἴτια.
1286 876 1338 902 Καὶ
1358 875 1423 906 ἴσως
1439 876 1489 902 οὐκ
1504 875 1615 908 ἄτοπον,
1637 874 1801 909 ἀμφοτέροις
1823 874 1895 900 ἐκεῖ·

273 925 316 945 me
331 920 487 953 prmherem.
515 921 569 949 Nec
587 922 702 950 fortasse
717 924 864 952 absurdum
892 926 959 959 fuit,
977 928 1056 954 ratio-

1110 930 1166 953 νοις
1179 923 1236 955 (93)
1251 920 1320 955 εἶξαι
1334 922 1380 948 καὶ
1400 922 1577 957 ὑποχωρῆσαι
1590 921 1654 952 τοὺς
1663 920 1822 955 λογισμοὺς,
1835 919 1897 946 ἐπεὶ

274 972 334 991 nem
350 966 436 999 ipsam
451 967 556 995 duabus
573 969 614 995 his
626 971 714 997 causis
726 971 832 1002 cedere,
844 972 1058 1007 quandoquidem

275 1011 387 1038 cedendi
403 1019 509 1047 quoque
523 1018 627 1048 tempus
639 1020 690 1046 est,
707 1021 734 1043 ut
749 1021 775 1044 et
789 1017 857 1045 alius
869 1018 990 1052 cujusvis
1001 1020 1056 1046 rei:

275 1062 439 1092 praestatque
452 1059 507 1094 60
521 1060 631 1087 honeste
653 1062 743 1094 vinci,
763 1071 841 1097 quam
860 1065 1009 1099 periculose
1032 1070 1059 1093 et

274 1104 381 1132 nefarie
393 1106 511 1133 vincere.

307 1149 373 1177 CIV.
391 1151 512 1178 Accessit
534 1156 561 1179 et
577 1153 627 1180 alia
643 1161 724 1181 causa
741 1175 748 1186 ,
764 1162 850 1190 eaque
864 1158 974 1184 maximi
1003 1165 1059 1185 ma-

274 1196 370 1227 nenti,
390 1204 470 1231 quam
483 1204 544 1224 cum
556 1198 642 1226 adhuc
658 1207 819 1234 exposuero,
837 1202 955 1236 reliquas
966 1210 1059 1230 omnes

274 1242 382 1269 silentio
400 1243 550 1276 praeteribo.
569 1244 665 1272 Mento:
681 1246 720 1280 [ui
732 1247 831 1274 dierum
846 1248 1015 1282 antiquorum
1023 1249 1057 1282 ⁸ο,

273 1293 355 1323 atque
366 1289 398 1316 ad
411 1294 528 1316 veterem
542 1291 685 1324 quamdam
700 1293 839 1319 historiam
851 1294 1060 1326 ascendi,illinc-

269 1340 324 1368 que
347 1333 412 1361 mihi
438 1335 487 1369 ipsi
513 1335 655 1362 consilium
671 1337 704 1363 ad
732 1344 775 1364 res
801 1343 946 1372 prmseutes
976 1340 1056 1367 traxi.

270 1379 363 1413 Neque
388 1380 460 1406 enim
477 1381 554 1407 nobis
572 1381 598 1407 iu
625 1387 742 1408 mentem
759 1383 849 1409 veniat
864 1403 871 1415 ,
889 1384 1057 1417 existimare,

270 1432 302 1451 ea
333 1429 435 1452 temere
470 1426 621 1452 litterarum
655 1429 837 1455 monumentis
868 1430 1057 1457 commendata

272 1469 367 1500 fuisse,
386 1475 468 1504 atque
485 1471 592 1498 inanem
609 1473 752 1506 quamdam
769 1481 860 1500 rerum
874 1479 900 1501 et
915 1475 1057 1502 verborum

273 1515 379 1542 turbam
404 1523 464 1543 esse
479 1536 486 1548 ,
504 1518 536 1544 ad
560 1517 735 1545 oblectandos
761 1520 928 1546 audientium
955 1521 1060 1549 animos

273 1562 463 1596 compositam,
478 1569 510 1589 ac
524 1563 596 1590 velut
608 1564 754 1598 quamdam
767 1566 872 1592 aurium
888 1566 1055 1600 illecebram.

272 1607 342 1633 ultra
359 1607 520 1642 voluptatem
536 1609 607 1636 haud
624 1617 684 1637 sese
699 1611 889 1646 porrigentem.
909 1611 972 1640 "th
989 1621 1055 1641 sane

272 1653 365 1680 ludant
389 1654 499 1686 l'abulze,
525 1660 552 1682 et
567 1656 696 1689 gentiles;
713 1657 759 1691 qui
777 1658 810 1684 de
829 1658 942 1685 veritate
956 1667 1051 1694 parum

1109 969 1155 994 καὶ
1169 968 1216 994 τοῦ
1232 967 1358 994 νικᾶσθαι
1375 967 1470 1002 καιρὸς
1485 967 1551 1002 (99),
1565 966 1658 1001 ὥσπερ
1676 964 1752 1001 οἶμαι
1768 965 1814 991 καὶ
1826 973 1895 992 παν-

1107 1015 1152 1046 τὸς
1167 1015 1329 1050 πράγματος
1345 1015 1382 1050 (1)
1395 1024 1402 1030 '
1422 1015 1467 1041 xui.
1489 1015 1612 1049 κρεῖττον
1626 1012 1758 1048 ἡττᾶσθαι
1773 1010 1864 1043 καλῶς
1877 1011 1893 1046 ἥ

1108 1062 1184 1096 νιχᾷν
1195 1060 1352 1095 ἐπισφαλῶς
1369 1061 1416 1087 καὶ
1428 1060 1565 1095 ἀθέσμως.

1143 1161 1191 1188 ΡΔ¹
1207 1162 1304 1197 Τρίτον
1319 1162 1346 1188 δὲ
1364 1162 1377 1188 ὃ
1395 1162 1442 1188 καὶ
1459 1162 1597 1196 μέγιστον,
1614 1156 1660 1187 κάξ
1676 1161 1708 1196 δὴ
1719 1160 1798 1187 τοῦτο
1810 1159 1895 1186 εἰπὼν

1112 1207 1171 1237 ἔτι,
1207 1208 1241 1234 τὰ
1264 1207 1345 1234 λοιπὰ
1372 1208 1555 1242 σιωπήσομαι.
1586 1207 1756 1242 Ἐμνήσθην
1780 1205 1897 1241 ἡμερῶν

1108 1253 1249 1287 ἀρχαίων,
1266 1254 1311 1279 καὶ
1324 1253 1392 1288 πρός
1407 1261 1468 1278 τινα
1479 1252 1533 1279 τῶν
1549 1252 1675 1279 παλαιῶν
1692 1252 1817 1287 ἱστοριῶν
1833 1252 1898 1278 ἀνα-

1107 1298 1229 1334 δραμὼν,
1265 1298 1369 1324 ἐκεῖθεν
1395 1298 1507 1324 εἴλκυσα
1538 1297 1692 1333 συμὸουλὴν
1719 1298 1757 1333 (Ξ)
1787 1297 1897 1333 ἐμαυτῷ

1110 1344 1177 1379 πρὸς
1194 1344 1228 1370 τὰ
1253 1344 1390 1379 ’παρόντα⁸
1418 1344 1454 1379 μὴ
1482 1343 1536 1379 γὰρ
1555 1344 1614 1379 εἰκῆ
1641 1344 1728 1370 ταῦτα
1746 1343 1898 1378 συγγεγρά-

1109 1389 1174 1424 φθαι
1195 1390 1233 1424 (5)
1250 1389 1415 1424 νομίζωμεν,
1433 1389 1500 1424 μηδὲ
1519 1389 1596 1424 ὄχλον
1611 1389 1699 1420 ἄλλως
1717 1387 1787 1415 εἶναι
1809 1388 1898 1423 ῥημά-

1108 1443 1162 1461 των
1191 1443 1220 1460 τε
1247 1435 1294 1461 κα).
1321 1434 1510 1470 πραγμάτων,
1537 1435 1714 1469 ψυχαγωγίας
1741 1434 1823 1461 ἓνεκα
1844 1434 1897 1460 τῶν

1109 1481 1261 1507 ἀκουόντων
1288 1480 1465 1514 συγκείμενα,
1498 1481 1546 1507 καὶ
1562 1477 1617 1506 οἷον
1639 1480 1724 1515 ἀκοῆς
1749 1488 1776 1506 τι
1800 1480 1897 1515 δέλεαρ

1112 1526 1191 1561 μέχρι
1201 1526 1250 1560 τῆς
1260 1525 1357 1561 ἡδονῆς
1370 1525 1523 1560 ἱστάμενον,
1533 1525 1624 1552 Ταῦτα
1634 1526 1682 1561 μὲν
1695 1525 1848 1557 παιζόντων
1858 1525 1897 1560 (Δ)

1111 1571 1190 1606 μῦθοι
1203 1572 1249 1598 καὶ
1266 1571 1407 1607 Ἕλληνες,
1426 1572 1460 1602 οἳ,
1479 1573 1528 1606 τῆς
1545 1571 1674 1606 ἀληθείας
1690 1571 1768 1605 ὀλίγα
1788 1571 1896 1606 φροντί-

1107 1618 1208 1650 ζοντες.
1228 1618 1266 1653 τῷ
1278 1618 1375 1653 κομψῷ
1386 1618 1440 1644 τῶν
1452 1618 1623 1653 πλασμάτων
1639 1619 1686 1645 καὶ
1701 1618 1739 1654 τῷ
1748 1619 1830 1654 λίχνῳ
1843 1618 1897 1644 τῶν

1106 1663 1202 1696 λέξεων
1217 1665 1263 1690 καὶ
1278 1665 1361 1699 ἀκοὴν
1375 1665 1422 1690 καὶ
1436 1663 1523 1699 ψυχὴν
1540 1663 1725 1699 γοητεύουσιν.

272 1700 389 1732 solliciti,
405 1700 593 1735 ﬁgmentorum
624 1708 772 1737 venustate,
803 1711 833 1731 ac
859 1705 1002 1733 verbomm
1028 1708 1160 1738 lenocinio
1192 1711 1268 1745 quasi
1287 1711 1437 1746 praestigias
1456 1712 1586 1745 quasdam
1611 1711 1721 1738 auribus
1744 1715 1825 1746 atque
1836 1710 1894 1737 ani-

273 1746 324 1773 mis
339 1746 489 1774 oﬂ‘undunl.

310 1792 364 1820 CV.
383 1793 418 1819 At
430 1801 480 1821 nos
493 1815 499 1827 ,
514 1796 560 1829 qui
580 1795 692 1830 spiritus
713 1795 880 1832 diligentiam
907 1797 948 1824 vel
970 1806 1055 1834 usque

274 1838 307 1864 ad
324 1838 409 1865 levem
423 1840 527 1873 apicem
542 1845 566 1867 et
579 1841 675 1868 lineam
692 1842 837 1876 trahimus,
849 1851 997 1878 nunquam,
1008 1853 1056 1872 nec

273 1885 345 1911 enim
361 1885 402 1912 fas
417 1891 467 1916 est,
483 1894 517 1913 ne
532 1887 658 1915 minimas
675 1888 783 1921 quidem
804 1890 925 1916 actiones
940 1891 974 1917 ab
986 1891 1018 1918 iis
1041 1899 1055 1917 a

274 1930 372 1964 quibus
400 1932 537 1959 memoria
552 1933 664 1967 prodita:
678 1938 752 1965 sunt,
776 1939 876 1962 temere
893 1936 1058 1970 perscriptas

275 1981 302 2002 et
319 1976 483 2009 elaboratas,
509 1978 695 2013 memoriaque
715 1980 747 2006 ad
761 1979 818 2006 haec
832 1987 918 2014 usque
949 1985 1053 2014 tempo-

275 2029 305 2048 ra
328 2028 501 2050 conservatas
524 2031 584 2050 esse
611 2025 788 2052 concedemus
811 2033 818 2051 ι
844 2032 936 2053 verum
959 2030 987 2052 ut
1009 2033 1059 2054 nos

276 2067 491 2096 submonitiones
515 2073 543 2095 et
569 2069 729 2097 documenta
751 2071 778 2097 iu
807 2076 933 2105 promptu
959 2071 1060 2099 habea-

311 2125 332 2140 ⁷⁸
348 2125 414 2152 Gen.
432 2133 516 2157 xxvu,
529 2125 560 2152 21
576 2134 652 2161 seqq.
692 2127 714 2142 ³ο
730 2127 800 2154 Psal.
813 2134 895 2162 CXLII,
914 2129 941 2156 5.

311 2194 366 2229 (95)
383 2193 440 2229 Τῆς
458 2195 518 2220 καί.
533 2194 579 2221 Sic
595 2194 676 2229 Regg.
687 2194 806 2229 quinque
817 2199 843 2222 et
858 2196 967 2223 totidem
982 2195 1056 2224 Colb.

1144 1800 1194 1826 PE'
1214 1800 1308 1834 Ἡμεῖς
1320 1800 1360 1830 δὲ,
1382 1800 1406 1826 οἱ
1423 1799 1469 1826 καὶ
1486 1799 1565 1835 μέχρι
1580 1799 1617 1834 (Ei)
1633 1800 1682 1832 τῆς
1696 1799 1829 1835 τυχούσης
1852 1807 1897 1825 κε-

1112 1845 1192 1880 ραίας
1220 1845 1267 1871 καὶ
1286 1845 1418 1880 γραμμῆς
1446 1845 1483 1880 (ϐ)
1512 1845 1558 1871 τοῦ
1575 1845 1729 1880 πνεύματος
1756 1845 1806 1880 τὴν
1820 1844 1896 1879 ἀκρί-

1110 1892 1185 1918 6ειαν
1197 1892 1234 1925 (7)
1244 1891 1377 1923 ἕλκοντες,
1392 1891 1489 1917 οὔποτε
1504 1891 1644 1927 δεξόμεθα,
1661 1891 1692 1918 οὐ
1703 1891 1756 1926 γὰρ
1767 1890 1803 1926 (8)
1812 1891 1895 1923 ὅσιον,

1110 1938 1170 1965 οὐδὲ
1182 1937 1231 1969 τὰς
1245 1938 1389 1973 ἐλαχίστας
1403 1938 1518 1973 πράξεις
1535 1939 1596 1973 είκῆ
1621 1936 1823 1972 σπουδασθῆναι
1838 1938 1895 1969 τοῖς

1110 1984 1294 2019 ἀνα-γράψασι,
1309 1985 1357 2011 καὶ
1373 1985 1454 2020 μέχρι
1469 1985 1515 2010 τοῦ
1533 1984 1665 2020 παρόντος
1686 1984 1781 2020 μνήμῃ
1800 1983 1897 2010 διασω-

1111 2029 1189 2064 θῆναι
1201 2039 1208 2046 ’
1234 2030 1291 2056 ἀλλ’
1306 2030 1338 2056 ἶν’
1358 2031 1436 2065 ἡμεῖς
1453 2030 1488 2065 (9)
1512 2030 1617 2065 ἔχωμεν
1648 2030 1832 2065 ὑπομνήματα
1848 2029 1894 2056 καὶ

1111 2075 1282 2111 παιδεύματα
1296 2076 1344 2111 τῆς
1358 2076 1410 2102 τῶν
1424 2077 1535 2112 ὁμοίων,
1560 2077 1586 2103 εῐ
1601 2084 1665 2102 ποτε
1681 2075 1814 2111 συμπέσοι
1832 2084 1893 2101 και-

1148 2196 1203 2231 (98)
1226 2197 1378 2228 Ἐκείνοις.
1407 2196 1451 2223 Sic
1466 2196 1531 2230 Reg.
1546 2196 1563 2227 Ι.
1577 2196 1658 2223 Coisl.
1676 2197 1704 2227 2,
1718 2201 1745 2223 et
1761 2196 1836 2223 Colb.
1856 2204 1891 2227 m,

278 2228 388 2262 aliique.
408 2228 451 2255 Bis
470 2235 613 2273 esptuatrrc,
631 2228 712 2270 carne
729 2230 832 2273 sgilicet
852 2231 1000 2273 etspi'r‘itu,
1013 2239 1059 2267 gc-
1075 2239 1098 2269 D
1111 2233 1158 2273 qui
1178 2228 1203 2258 in
1231 2233 1337 2258 inodum
1361 2231 1455 2266 glossa:
1480 2228 1612 2259 ascribit:
1640 2232 1817 2267 ὑποχωρῆσαι
1848 2232 1894 2258 καὶ

277 2264 361 2290 nilum
379 2272 409 2290 se
424 2263 557 2298 signiﬁcat
568 2264 723 2298 Gregorius.
741 2264 819 2292 Deest
833 2264 878 2291 καί
891 2263 916 2292 in
934 2265 996 2294 Par.

324 2298 368 2334 θεέ)
389 2299 512 2334 Ταύτην.
527 2299 592 2333 Reg.
615 2300 737 2334 ι,αὺτὴν.

324 2298 368 2330 94)
389 2299 512 2333 Ταύτην.
527 2299 592 2333 Reg.
615 2300 737 2334 ι,αὺτὴν.

313 2298 369 2369 (95)
383 2333 419 2360 Τὸ
429 2333 471 2368 μὴ
488 2335 676 2369 φιλοσοφεῖν,
694 2340 747 2362 etc.
764 2343 774 2359 ί
797 2335 920 2362 Ostendit
939 2336 983 2363 hic
995 2336 1060 2363 Gre-

277 2367 380 2402 gorius,
400 2377 409 2393 ›
429 2367 621 2405 ἱιιψιὶιϐαὺιιζ,
638 2379 647 2396 ι
666 2377 694 2396 se
714 2370 821 2404 quidem
838 2378 972 2405 nunquam
989 2371 1060 2398 litte-

281 2411 370 2438 rarum
395 2404 491 2430 studiis
515 2411 623 2438 operam
646 2405 711 2431 dare
737 2405 882 2435 destitisse.
902 2406 948 2433 sed
971 2406 1007 2432 ita
1033 2406 1058 2433 id

277 2437 376 2474 egisse,
387 2443 416 2464 ut
429 2439 500 2474 aliud
511 2446 590 2474 agere
606 2439 751 2466 videretur.
760 2449 769 2464 ι
780 2439 855 2466 Coll).
867 2441 892 2471 7,
901 2440 926 2466 in
939 2441 1058 2474 margine

279 2473 318 2511 sic
340 2472 455 2511 _exp_ouit
474 2473 593 2511 :_'_l‘oﬁ'co
611 2474 716 2508 πρῶτον
746 2475 938 2510 ἐφιλοσόφησα,
963 2472 1011 2502 1b"
1021 2476 1058 2511 μὴ

276 2507 365 2534 δοκεῖν
375 2505 444 2534 εἶναι
461 2508 610 2542 φιλόσοφος.

314 2543 370 2578 (96)
390 2542 451 2569 Τῶν
466 2543 568 2578 πάλαι.
587 2544 654 2577 Reg.
671 2544 689 2575 l,
703 2544 755 2570 τῶν
769 2545 899 2571 παλαιῶν.

315 2577 371 2614 (97)
389 2577 548 2614 Οὺνκαλῶς.
559 2579 585 2605 lu
600 2578 663 2613 Reg.
684 2588 709 2611 ιι,
724 2585 750 2605 (λι
764 2580 829 2606 (Iulli
853 2580 880 2610 5.
896 2584 923 2607 et.
936 2587 972 2611 m,
988 2580 1058 2608 istud

278 2614 410 2642 scholium
434 2613 529 2648 legitur
545 2621 552 2638 ε
569 2614 647 2640 Κατὰ
659 2614 688 2640 τὸ
703 2615 863 2649 φαινόμενον
877 2615 997 2649 δηλονότι
1012 2615 1057 2642 τοῦ

278 2649 450 2685 γράμματος,
475 2649 506 2674 οὐ
523 2649 593 2675 κατὰ
608 2648 638 2674 τὸ
652 2648 794 2684 νοούμενον
816 2651 862 2676 καὶ
875 2648 1058 2685 κρυπτόμενον

277 2684 325 2711 τοῦ
355 2684 519 2719 πνεύματος.
546 2684 605 2717 Quo
629 2685 798 2718 signiﬁcatur
821 2689 855 2712 de
874 2684 965 2712 Jacobi
982 2684 1058 2713 laeto

278 2720 450 2746 statuendum
465 2721 500 2745 ita
519 2727 590 2751 esse,
609 2729 619 2744 ί
631 2720 720 2754 specie
732 2720 857 2747 nimirum
870 2728 901 2747 ac
911 2721 1057 2747 secundum

279 2754 408 2790 litteram,
425 2762 477 2781 non
497 2760 585 2781 autem
611 2755 917 2790 secundumqspiritum,
942 2755 1059 2790 illudque

280 2789 352 2821 quod
380 2789 536 2823 intelligitur
551 2797 583 2816 ac
614 2790 688 2816 latet.
708 2799 717 2815 ›
752 2789 786 2817 Ut
803 2795 831 2816 ut
852 2794 896 2822 sit,
920 2799 929 2816 ι
944 2789 1027 2824 patet,
1047 2800 1056 2816 ι

280 2823 372 2859 inquit
388 2823 522 2856 Combel‘.,
539 2833 548 2850 ι
566 2824 694 2859 Gregorio
718 2826 828 2852 minime
848 2823 986 2859 probatam
998 2833 1058 2853 esse

281 2857 462 2894 patrirl'actatn
487 2867 500 2885 a
512 2858 613 2886 Iacobo
622 2857 763 2891 Traudcm,
781 2857 861 2894 quam
883 2861 927 2888 isu
941 2860 1058 2887 scholia—

281 2895 339 2924 βίω,
347 2893 485 2928 Augustini
493 2894 612 2928 vestigiis
620 2893 929 2928 inhaerentes,’excusare
939 2895 1054 2923 volunt.»

1227 2301 1373 2328 Νικᾶσθιιι
1399 2303 1510 2335 καιρός.
1537 2301 1606 2336 Reg.
1635 2302 1658 2334 l,
1689 2300 1815 2329 νικᾶσθαι
1844 2309 1895 2327 κα-

1110 2337 1184 2406 λωδί)
1209 2371 1325 2404 Παντὸς
1346 2371 1527 2406 πράγματος.
1551 2371 1633 2399 Coisl.
1658 2372 1683 2403 Ι,
1714 2371 1796 2398 παντὶ
1827 2371 1895 2406 πρά-

1109 2415 1389 2477 γμῶἷιέυμϐουλήν.
1407 2440 1474 2475 Reg.
1486 2448 1514 2475 y,
1530 2442 1699 2477 συμπλοκήν.

1145 2477 1183 2512 (ὃ)
1201 2476 1432 2511 Συτνγεγράφθαι.
1461 2477 1525 2512 Reg.
1546 2476 1572 2509 a,
1590 2482 1617 2505 et
1632 2477 1708 2504 Colb.
1732 2490 1753 2507 ε,
1773 2483 1894 2510 συγγρα-

1110 2511 1371 2580 φεῗιέξιίίαιζόντων.
1393 2546 1492 2576 Attice,
1509 2554 1557 2580 pro
1576 2545 1758 2578 παιζέτωσαν.
1780 2545 1824 2571 Sic
1841 2546 1892 2571 Bil-

1109 2581 1170 2614 lius,
1186 2590 1218 2608 ac
1235 2587 1308 2609 certe
1328 2581 1458 2613 Basilius;
1475 2581 1626 2613 παιζόντων
1641 2581 1702 2608 ἀντὶ
1724 2581 1770 2607 τοῦ
1794 2581 1892 2613 παιζέ-

1109 2625 1231 2694 τῗῶῗνὸί
1250 2651 1298 2678 καὶ
1314 2652 1410 2686 μέχρι.
1427 2652 1493 2687 Reg.
1510 2651 1528 2683 Ι,
1543 2651 1620 2679 Colb.
1638 2659 1675 2683 ιιι,
1693 2651 1717 2677 οἱ
1739 2650 1818 2686 μέχρι
1845 2651 1892 2677 καὶ

1108 2694 1183 2757 τηῗθ)
1199 2721 1352 2756 Γραμμῆς.
1382 2722 1469 2748 Malim
1486 2722 1599 2749 reddere
1617 2731 1626 2747 ι
1649 2720 1803 2751 litterulam,
1823 2729 1833 2745 ι
1852 2720 1891 2747 vel

1110 2766 1169 2784 cum
1185 2758 1334 2788 Gahrielio,
1354 2766 1364 2782 ‹
1387 2757 1525 2784 minimam
1542 2757 1669 2784 litteram.
1685 2765 1695 2782 ι

1145 2792 1183 2827 (7)
1209 2792 1384 2827 Ἀκρίϐειαν.
1405 2792 1465 2819 Bill.
1487 2801 1496 2817 ι
1511 2792 1730 2827 sinceritatem.)

1135 2825 1183 2870 '(8)
1207 2825 1340 2861 οΰγ-ἁρ.
1369 2826 1435 2861 Reg.
1471 2827 1489 2860 l,
1518 2827 1595 2854 Colb.
1627 2834 1663 2857 nt,
1693 2825 1787 2852 Comb.
1821 2825 1889 2851 Οὐδὲ

1108 2871 1183 2933 γαῗέ)
1203 2897 1281 2925 Ἀλλ’
1293 2897 1330 2924 ἵν’
1346 2897 1438 2932 ἡμεῖς.
1454 2896 1499 2925 Sic
1511 2896 1594 2932 Regg.
1604 2900 1715 2931 septem,
1732 2900 1783 2922 etc.
