2070 3135
223 187 275 215 505

785 191 916 219 ORATIO
935 191 966 219 Il.
986 207 1021 212 —
1040 191 1292 220 APOLOGETICA.

1785 190 1839 219 506

223 244 279 280 ρδς,
294 243 460 289 διασκέψεως
471 251 479 259 ·
491 243 560 271 ὥστε
577 244 610 272 τὰ
626 246 674 281 μὲν
685 245 811 280 φεύγειν,
829 247 863 273 τὰ
879 247 907 274 δὲ
923 249 1001 283 αἱρεῖ-

1060 256 1138 281 mus,
1169 248 1267 289 quibus
1297 249 1330 275 de
1363 247 1459 275 iisdem
1489 247 1589 280 rebus,
1616 247 1639 274 si
1669 234 1718 274 ita‘
1738 249 1842 281 tempus

223 290 294 321 σθαι,
310 287 364 316 οἷον
381 289 475 317 κανόσι
488 290 543 316 τισί¹
556 291 603 318 καὶ
622 290 727 323 τύποις,
752 293 807 324 τοῖς
827 292 1007 328 προλαϐοῦσιν

222 335 348 371 ἑπόμενοι
366 335 578 371 παραδείγμασι.

257 475 319 508 KG’
336 475 384 506 Τίς
397 473 444 502 οὗν
464 476 480 512 ή
498 476 603 511 ἱστορία
626 476 672 503 καὶ
697 476 778 503 πόθεν
800 477 817 512 ή
845 475 1005 511 συμϐουλή;

220 521 280 548 ουδὲ
304 521 358 556 γὰρ
386 522 475 557 χεῖρον
501 522 566 554 ἴσως
582 523 732 557 ἀσφαλείας
761 523 818 558 (10)
842 522 935 549 ἕνεκεν
950 522 1004 548 τῶν

221 566 325 592 πολλῶν
343 567 465 594 διελθεῖν.
485 568 602 602 Ἐφευγε
621 568 667 595 καὶ
683 569 774 600 Ἰωνᾶς
791 568 844 595 ἀπὸ
860 568 1005 604 προσώπου

220 611 266 638 τοῦ
289 612 368 644 Θεοῦ,
398 612 496 647 μᾶλλον
523 613 551 640 δὲ
576 614 686 648 φεύγειν
716 613 802 649 ᾧετο-
833 614 900 641 ἀλλὰ
924 622 1004 640 κατε-

220 657 309 692 λήφθη
338 657 393 693 (11)
419 658 540 693 πελάγει,
557 660 604 686 καὶ
630 660 756 695 χειμῶνι,
773 660 819 686 καὶ
833 654 938 695 κλήρῳ,
958 660 1006 686 καὶ

220 703 319 739 γαστρὶ
342 704 452 740 κήτους,
473 705 520 732 καὶ
536 705 679 741 τριημέρῳ
703 707 785 740 ταφῇ,
811 705 894 731 τύπον
906 704 1003 741 ἐχούσῃ

221 750 369 786 μυστηρίου
391 750 524 786 μείζονος.
545 751 615 777 Ἀλλ’
630 752 733 783 ἐκεῖνος
753 751 812 786 μὲν,
830 750 875 777 ἴνα
896 750 932 786 μὴ
955 750 1003 786 τὴν

220 795 384 831 σκυθρωπὴν
400 796 447 823 καὶ
463 796 562 823 ἄτοπον
577 797 708 831 ἀγγελίαν
733 796 847 832 ἀγγείλῃ
871 796 926 830 (12)
948 797 1003 827 τοῖς

217 841 382 873 Νινευῖταις,
399 842 445 868 καὶ
462 842 531 878 μετὰ
548 842 626 869 τοῦτο
645 842 766 878 ψεύστης
782 841 851 877 ἁλῷ,
871 841 1003 876 σωθείσης

217 887 249 921 τῇ
265 887 394 922 μετανοίᾳ
415 887 465 923 τῆς
480 887 600 919 πόλεως·
627 887 657 914 οὑ
683 886 736 922 γὰρ
748 888 780 922 τῇ
800 886 920 921 σωτηρίᾳ
946 886 1002 920 (15)

216 929 270 956 τῶν
284 931 410 966 πονηρῶν
424 931 623 967 ἐδυσχέραινεν,
648 931 715 958 ἀλλά
739 932 789 966 τὴν
805 931 940 958 διακονίαν
954 931 1001 957 τοῦ

215 975 328 1010 ψεύδους
350 977 489 1012 ᾐσχύνετο,
512 979 559 1004 καὶ
582 975 637 1004 οἷον
659 977 819 1013 ἐζηλοτύπει
831 977 881 1012 τῆς
896 985 1001 1013 προφη-

215 1021 292 1054 τείας
305 1023 336 1048 τὸ
352 1023 519 1056 ἀξιόπιστον,
531 1024 600 1058 ὅπερ
615 1024 644 1049 ὲν
655 1022 729 1058 αὐτῷ
745 1022 929 1058 καταλυθῆναι
943 1023 1000 1058 (16)

216 1065 338 1098 κίνδυνος
348 1065 393 1103 ἦν,
414 1068 444 1094 οὐ
467 1068 622 1103 δυναμένων
636 1067 689 1094 τῶν
707 1067 810 1094 πολλῶν
824 1068 937 1094 συνιδεῖν
952 1069 1002 1104 τῆς

215 1112 262 1138 τοῦ
275 1112 342 1140 Θεοῦ
359 1114 423 1149 περὶ
437 1114 522 1140 ταῦτα
535 1113 692 1149 οἰκονομίας
707 1113 736 1140 τὸ
752 1113 841 1148 βάθος.

1059 293 1168 325 tulerit,
1196 293 1402 325 consultemus;
1428 297 1511 326 atque
1533 292 1585 319 alia
1616 292 1769 326 fugiamus,
1789 292 1841 319 alia

1057 337 1271 372 amplectamur,
1314 337 1405 372 priora
1441 338 1568 365 videlicet
1605 337 1726 373 exempla
1743 356 1751 370 ,
1787 345 1841 365 non

1058 392 1137 412 secus
1166 392 1198 412 ac
1227 391 1343 412 canones
1369 384 1499 419 quosdam
1525 388 1553 412 et
1577 384 1706 419 regulas,
1726 391 1842 419 sequen-

1058 434 1097 457 tes

1091 473 1158 502 CVI.
1184 474 1248 508 Qua:
1272 474 1351 508 igitur
1369 476 1426 502 haec
1444 474 1557 502 historia
1572 480 1633 507 est,
1652 479 1679 501 et
1696 474 1766 502 unde
1789 474 1840 502 hoc

1056 520 1197 547 consilium
1211 519 1223 546 ?
1251 527 1339 554 neque
1349 521 1420 547 enim
1436 520 1634 547 incommodum
1654 521 1769 549 fortasse
1783 521 1841 548 fne-

1056 565 1104 597 rit,
1118 565 1180 598 hoc,
1198 570 1227 592 ut
1239 565 1417 600 complurium
1434 566 1572 593 securitati
1599 565 1768 599 consulatur,
1779 573 1839 594 ora-

1057 611 1128 638 tione
1158 611 1309 646 complecti.
1339 611 1470 646 Fugiebat
1495 619 1604 646 quoque
1627 611 1712 639 Jonas
1735 619 1751 639 a
1770 611 1839 639 facie

1055 656 1160 684 Domini
1174 676 1182 688 ,
1199 657 1241 683 vel
1257 659 1345 691 potius
1362 657 1455 692 lugere
1470 657 1601 692 putabat;
1620 665 1713 685 verum
1727 666 1741 684 ι
1755 659 1833 690 mari,

1055 709 1082 730 et
1098 708 1268 737 tempestate,
1294 711 1326 730 ac
1349 708 1435 735 sorte,
1453 704 1561 738 cetique
1573 708 1678 737 ventre,
1693 709 1774 738 atque
1793 705 1841 731 tri-

1055 748 1142 774 duana
1156 748 1292 782 sepultura
1304 767 1312 779 ,
1329 747 1440 782 majoris
1453 747 1573 782 mysterii
1592 747 1702 782 figuram
1717 752 1838 782 gerente,

1055 793 1264 827 comprehensus
1275 797 1316 819 est
1328 792 1360 821 ".
1373 791 1433 818 Haec
1445 799 1525 826 porro
1538 791 1661 819 iucundm
1678 792 1747 826 fuga:
1759 799 1840 820 causa

1055 838 1104 873 ipsi
1120 844 1199 870 erat,
1220 839 1290 872 quod
1308 842 1457 868 vereretur.
1472 844 1505 864 ne
1529 845 1589 864 cum
1607 837 1710 864 tri5tent
1732 842 1758 864 et
1771 846 1840 873 pra:-

1053 889 1188 920 posterum
1208 883 1333 911 Ninivitis
1349 883 1472 911 nuntium
1486 883 1601 914 tulisset,
1618 883 1738 917 periculo
1761 888 1837 917 post-

1053 937 1084 956 ea
1106 937 1152 964 per
1179 929 1363 963 paenitentiam
1384 928 1495 955 liberata
1519 928 1638 959 civitate,
1661 929 1775 955 mendax
1793 928 1835 955 in-

1053 976 1200 1002 veniretur.
1217 975 1274 1002 Non
1287 975 1359 1002 enim
1369 974 1551 1008 improborum
1567 975 1706 1002 hominum
1720 975 1835 1001 salutem

1053 1028 1124 1055 egre
1141 1020 1261 1053 ferebat,
1279 1020 1325 1047 sed
1345 1020 1478 1047 mendacii
1495 1020 1673 1048 ministerium
1692 1020 1766 1047 obire
1782 1028 1837 1054 prce

1055 1067 1156 1101 pudore
1169 1074 1222 1092 non
1237 1066 1391 1093 sustinebat
1404 1086 1411 1098 ,
1427 1073 1458 1092 ac
1473 1066 1621 1100 prophetia:
1639 1066 1716 1093 {idem
1730 1071 1757 1093 et
1781 1074 1831 1093 aue

1056 1112 1207 1140 ctoritatem
1228 1112 1299 1138 velut
1315 1112 1446 1146 zelotypia
1470 1112 1586 1146 quadam
1615 1113 1837 1147 prosequebatur.

215 1167 275 1194 qua:
288 1160 408 1194 quidem,
427 1167 460 1187 ne
483 1160 510 1187 in
534 1167 592 1194 Ipso
603 1159 992 1194 exstingueretur,periculum
1014 1163 1083 1190 erat,
1101 1159 1228 1186 nimirum
1258 1159 1378 1193 imperita
1411 1159 1581 1186 multitudine
1613 1167 1673 1194 quae
1698 1160 1781 1187 divini
1811 1160 1837 1185 in

216 1205 368 1239 huiusmodi
386 1206 466 1233 rebus
477 1205 582 1233 consilii
596 1205 764 1232 altitudinem
781 1205 933 1240 perspicere
943 1213 996 1232 non
1016 1205 1097 1232 valet.

249 1254 298 1280 PZ’
326 1253 369 1286 Ὠς
396 1253 424 1280 δὲ
443 1253 498 1288 ἐγώ
525 1252 580 1288 (15)
605 1261 676 1284 τινος
700 1253 805 1288 ἦκουσα
829 1253 911 1288 σοφοῦ
935 1252 1000 1288 περὶ

213 1298 300 1326 ταῦτα
315 1299 420 1335 ἀνδρὸς,
436 1300 486 1326 οὐκ
495 1299 603 1331 ἀτόπως
617 1299 777 1334 βοηθοῦντος
789 1299 828 1334 τῷ
845 1299 1000 1335 φαινομένῳ

213 1345 263 1380 τῆς
281 1345 400 1379 ίστορίας
413 1345 516 1381 ἀτόπῳ,
540 1345 586 1372 καὶ
605 1345 697 1372 ίκανοῦ
719 1345 881 1372 καταλαὸεῖν
905 1345 1000 1381 ἀνδρὸς

215 1391 353 1425 προφήτου
369 1390 519 1426 βαθύτητα,
536 1391 596 1418 οὐδὲ
612 1391 701 1418 ταῦτα
716 1389 750 1426 ἦν
764 1391 782 1417 ἃ
800 1391 846 1417 τὸν
867 1391 1001 1426 μακάριον

221 1435 312 1462 Ἰωνᾶν
336 1437 421 1462 ἐποίει
440 1437 555 1471 φυγάδα,
573 1437 619 1463 καὶ
647 1438 687 1468 είς
710 1436 822 1471 Ἰόππην
838 1437 936 1472 ήγαγε,
953 1437 1000 1463 καὶ

215 1480 244 1512 ἐξ
267 1481 377 1517 Ἰόππης
391 1482 528 1517 ἀνήγαγεν
539 1481 586 1508 ἐπὶ
602 1481 734 1517 Θαρσεὶς,
761 1480 874 1514 πελάγει
889 1480 1001 1506 πιστεύ-

215 1534 299 1553 σαντα
314 1527 363 1562 τὴν
376 1527 471 1554 ἑαυτοῦ
488 1527 591 1562 κλοπήν
607 1527 679 1562 (16)·
694 1526 755 1553 οὔτε
767 1526 821 1562 γὰρ
834 1527 942 1560 ἀγνοεῖν
953 1525 1000 1552 τοῦ

214 1571 280 1598 Θεοῦ
297 1572 344 1606 τὴν
365 1573 495 1605 ἐπίνοιαν,
513 1572 656 1608 προφήτην
679 1580 712 1606 γε
734 1572 811 1603 ὂντα,
831 1571 903 1602 εἰκὸς
920 1570 1000 1597 αὑτὸν

213 1614 263 1652 ἦν’
280 1618 321 1644 ὅτι
335 1617 380 1644 διὰ
395 1618 446 1653 τῆς
460 1618 584 1654 ἀπειλῆς,
598 1619 629 1645 τὸ
645 1618 682 1654 μὴ
694 1617 790 1644 παθεῖν
801 1617 836 1643 τὰ
853 1618 902 1652 τῆς
921 1617 1000 1643 ἀπει-

215 1662 264 1697 λῆς
290 1663 443 1696 Νινευῖταις
460 1663 684 1700 ἐπραγματεύετο
708 1664 777 1690 κατὰ
801 1663 851 1698 τὴν
881 1663 1000 1698 μεγάλην

215 1709 296 1736 αὐτοῦ
316 1710 410 1743 σοφίαν
425 1710 494 1745 (17),
510 1711 557 1737 καὶ
571 1710 643 1737 κατὰ
659 1710 693 1740 τὰ
707 1709 906 1746 ἀνεξερεύνητα
919 1708 1000 1736 αὑτοῦ

215 1754 346 1790 κρίματα,
359 1755 405 1781 καὶ
417 1755 471 1782 τῶν
483 1755 549 1781 ὁδῶν
561 1755 643 1782 αὑτοῦ
653 1755 683 1782 τὸ
699 1755 900 1790 ἀνεξιχνίαστον
915 1763 943 1780 τε
954 1755 1001 1781 καὶ

214 1800 423 1835 ἀκατάληπτοψ
450 1800 517 1832 οὔτ’,
542 1801 622 1837 είπερ
653 1801 797 1836 ἠπίστατο,
821 1801 859 1836 μὴ
888 1800 1001 1827 ἀκολου-

215 1844 295 1880 θῆσαι
304 1845 372 1880 Θεῷ,
387 1845 421 1872 δι’
436 1842 467 1872 οὗ
479 1854 532 1882 περ
544 1846 668 1873 ἐϐούλετο
679 1846 780 1881 τρόπου
792 1845 840 1881 τὴν
866 1845 1001 1880 σωτηρίαν

214 1891 329 1923 ἐκείνοις
346 1892 534 1927 μηχανωμένῳ
545 1892 610 1926 (18).
625 1892 662 1918 Τδ
676 1892 704 1918 δὲ
717 1892 749 1927 δὴ
771 1892 818 1918 καὶ
831 1891 946 1923 οἴεσθαι,
963 1891 1001 1923 ὡς

216 1937 383 1973 ἀποκρύψειν
401 1937 458 1972 (19)
473 1938 568 1965 ἑαυτὸν
582 1937 621 1973 τῷ
635 1938 748 1973 πελάγει
761 1939 876 1974 ἤλπισεν
897 1938 998 1970 Ἰωνᾶς,

215 1983 262 2009 καὶ
286 1982 332 2010 τὸν
350 1983 435 2019 μέγαν
459 1984 598 2019 ὀφθαλμὸν
617 1984 664 2011 τοῦ
684 1984 751 2011 Θεοῦ
776 1984 951 2020 διαλήσεσθαι
966 1986 999 2020 τῇ

217 2031 300 2065 φυγῇ,
319 2030 356 2065 μὴ
374 2031 422 2056 καὶ
441 2030 580 2062 παντελῶς
606 2030 706 2057 ἄτοπον
765 2031 812 2058 καὶ
827 2031 1000 2062 ἀπαίδευτον,

216 2076 262 2102 καὶ
278 2076 326 2111 οὐχ
341 2077 416 2108 ὅπως
430 2077 494 2112 περὶ
524 2078 665 2113 προφήτου
693 2077 868 2104 πιστεύεσθαι
889 2077 944 2112 (20)
963 2077 1002 2103 δί-

217 2129 302 2153 καιον,
320 2121 375 2147 ἀλλ’
390 2121 450 2148 οὐδὲ
464 2122 528 2158 περὶ
544 2122 623 2149 ἄλλου
637 2123 709 2154 τινὸς
728 2123 782 2149 τῶν
796 2123 858 2150 νοῦν
875 2123 1000 2158 ἐχόντων,

237 2217 259 2234 ⁸¹
275 2216 396 2249 1οη.ι,5
410 2221 437 2244 et
451 2223 527 2250 seqq.
568 2215 591 2231 "
612 2213 690 2241 Rom.
706 2222 745 2246 xi,
759 2213 804 2240 55.

1082 1253 1134 1287 61
1153 1251 1228 1279 CVII.
1251 1251 1284 1280 Ut
1300 1257 1388 1280 autem
1404 1261 1417 1279 a
1435 1253 1493 1280 viro
1516 1252 1632 1288 quodam
1651 1253 1677 1280 in
1698 1253 1740 1281 his
1758 1254 1838 1281 rebus

1047 1298 1153 1328 erudito
1166 1297 1269 1331 accepi,
1285 1297 1444 1324 absurditati
1462 1299 1498 1329 ei,
1511 1306 1590 1332 quam
1607 1298 1719 1325 historia
1735 1306 1790 1333 pra:
1806 1307 1836 1326 se

1049 1341 1166 1375 ferebat,
1182 1351 1234 1369 non
1251 1343 1366 1370 absurde
1382 1348 1573 1378 suecurrente,
1587 1349 1667 1379 atque
1682 1345 1714 1371 ad
1728 1345 1836 1373 intimos

1050 1387 1186 1423 propheta:
1206 1395 1301 1415 sensus
1322 1389 1511 1423 percipiendos
1528 1390 1634 1423 idoneo,
1655 1398 1689 1418 ne
1707 1391 1762 1418 haec
1776 1391 1839 1425 qui-

1053 1433 1115 1459 dem
1143 1440 1223 1460 causa
1244 1433 1351 1460 beatum
1374 1433 1471 1461 Jonam
1499 1436 1524 1462 in
1550 1435 1640 1470 fugam
1654 1436 1815 1471 conjiciebat
1830 1457 1837 1467 ,

1053 1484 1134 1512 atque
1149 1479 1176 1506 in
1195 1479 1307 1514 Joppem
1318 1499 1326 1511 ,
1341 1484 1369 1506 et
1387 1488 1419 1508 ex
1440 1479 1524 1516 Joppe
1537 1489 1643 1509 rursum
1668 1482 1694 1508 in
1711 1481 1839 1510 Tharsois

1053 1525 1178 1557 ducebat,
1191 1525 1231 1552 sui
1252 1526 1336 1559 ipsius
1351 1525 1450 1552 furtum
1464 1527 1530 1554 mari
1545 1527 1770 1555 connuittentem.
1788 1527 1839 1554 Ne-

1014 1582 1035 1610 c
1053 1579 1106 1606 que
1125 1571 1198 1598 enim
1214 1572 1359 1599 verisimile
1373 1577 1424 1604 est,
1441 1580 1512 1606 eum,
1529 1581 1590 1600 cum
1610 1574 1739 1608 propheta
1756 1579 1837 1606 esset,

1054 1617 1101 1644 Dei
1119 1617 1260 1644 consilium
1279 1618 1434 1653 ignorasse;
1457 1627 1506 1652 pro
1521 1619 1623 1653 ingenti
1643 1619 1769 1646 nimirum
1788 1622 1837 1646 sua

1053 1665 1184 1699 sapientia
1197 1685 1204 1696 ,
1221 1669 1248 1693 et
1263 1665 1483 1693 inscrutabilibus
1494 1666 1605 1700 iudiciis
1620 1667 1723 1702 viisque
1737 1667 1838 1700 imper-

1054 1710 1258 1745 vestigabilihus
1275 1715 1356 1745 atque
1369 1711 1687 1745 incomprehensibilibus
1703 1713 1736 1744 θ’,
1753 1713 1777 1738 id
1792 1719 1839 1746 per

1055 1757 1143 1783 minas
1162 1756 1283 1791 agentis,
1302 1761 1330 1783 ut
1346 1764 1380 1784 ne
1404 1765 1452 1788 ea.
1468 1765 1528 1792 quae
1543 1757 1621 1785 mina:
1636 1757 1772 1789 ferebant,
1793 1757 1840 1784 Ni—

1055 1803 1146 1830 nivita:
1160 1806 1316 1836 paterentur
1333 1811 1340 1829 :
1358 1809 1418 1835 nec,
1435 1803 1457 1830 si
1474 1803 1580 1837 quidem
1599 1804 1650 1830 hoc
1666 1808 1838 1838 perspectum

1055 1848 1183 1880 habebat,
1199 1847 1252 1875 Deo
1266 1849 1378 1883 obsequi
1393 1856 1545 1881 recusasse,
1559 1856 1612 1883 quo
1625 1848 1733 1876 volebat
1745 1850 1836 1881 modo,

1055 1894 1169 1921 salutem
1184 1893 1236 1920 illis
1249 1894 1415 1928 procuranti.
1431 1893 1498 1921 lllud
1515 1901 1595 1929 porro
1609 1894 1775 1926 existimare,
1793 1893 1840 1920 «Ιο-

1054 1948 1115 1967 nam
1133 1941 1159 1967 in
1177 1947 1252 1974 spem
1268 1939 1406 1966 inductum
1425 1940 1506 1967 fuisse
1519 1959 1526 1971 ,
1553 1940 1610 1967 fore
1623 1959 1630 1971 ,
1649 1943 1678 1966 ut
1698 1940 1764 1965 mari
1780 1945 1840 1966 sese

1053 1986 1248 2018 absconderet,
1269 1993 1450 2020 magnumque
1466 1986 1512 2013 Dei
1538 1986 1645 2013 oeulum
1663 1985 1784 2016 falleret,
1804 1992 1837 2011 an

1054 2039 1107 2058 non
1134 2031 1252 2065 ineptum
1272 2038 1383 2065 prorsus
1413 2036 1440 2059 et
1462 2031 1608 2058 absurdum
1636 2031 1726 2062 fueril,
1756 2036 1838 2064 atque

1054 2077 1204 2112 indignum.
1219 2077 1290 2112 quod
1313 2085 1366 2105 non
1386 2078 1474 2105 dicam
1490 2078 1523 2105 de
1535 2077 1676 2112 propheta,
1701 2077 1838 2109 credatur,

1055 2124 1102 2151 sed
1118 2131 1151 2151 ne
1165 2124 1198 2151 de
1214 2123 1266 2152 alio
1279 2124 1386 2158 quidem
1402 2124 1457 2152 ullo
1476 2128 1565 2151 mente
1578 2124 1690 2158 praedito
1701 2143 1709 2155 ,
1723 2130 1755 2149 ac
1771 2121 1840 2149 divi-

252 2303 307 2339 (l0)
323 2303 513 2338 Ἀσφαλείας.
536 2304 652 2339 Exponit
667 2303 760 2330 Elias:
782 2312 791 2328 ι
805 2302 852 2339 _Ne
876 2302 997 2337 plerique
1015 2303 1038 2332 ι)
1051 2301 1138 2339 Colb..
1155 2305 1207 2327 etc.
1230 2299 1344 2339 Basilius
1366 2306 1430 2339 vero
1447 2298 1560 2339 eLElias
1583 2298 1654 2338 hunc
1682 2297 1768 2339 virum
1791 2304 1837 2339 sa-

215 2337 316 2370 ell’ent.
333 2338 400 2372 fugae
413 2346 488 2370 mete,
504 2340 545 2366 vel
561 2337 662 2367 reditus
676 2345 784 2365 causam
804 2337 970 2372 ignorantes.
987 2345 996 2362 ι

251 2374 306 2409 (ll)
317 2373 505 2408 Κατελήφθη.
517 2375 543 2401 In
551 2374 622 2402 hanc
632 2381 723 2401 vocem
737 2373 820 2409 major
827 2377 869 2400 est
878 2372 1001 2399 codicum

216 2415 244 2437 Cl
255 2410 431 2442 interpretum
448 2416 607 2440 consensus,
625 2416 706 2443 quarti
723 2413 752 2434 ut
766 2408 933 2435 retineamus
955 2415 1003 2433 κα-

214 2443 351 2478 τελείφθη.
364 2443 434 2477 quod
449 2444 548 2471 habent
559 2443 635 2475 editi,

251 2476 306 2512 (ίὶ)
335 2476 491 2513 "Aman.
518 2478 585 2506 Tres
618 2478 714 2513 Regii,
740 2477 794 2504 duo
818 2476 893 2504 Colb.
919 2477 1004 2511 ιὶιναγ⁸

338 2547 378 2582 Τῇ
403 2548 545 2582 σωτηρίᾳ.
576 2547 643 2582 Reg.
672 2556 700 2581 n,
734 2546 761 2574 in
788 2554 846 2580 ora,
872 2545 921 2581 τὴν
949 2554 1003 2572 σω-

214 2584 545 2653 τηῗίῗῖλναταιλυθῆναι.
556 2627 566 2644 ‹
582 2617 647 2651 Quae
656 2625 690 2645 ne
700 2617 920 2648 labefactaretur,
936 2616 1005 2650 peri-

215 2654 304 2681 culum
312 2658 379 2680 erat.
393 2662 402 2679 ι

217 2723 233 2730 __
251 2688 379 2730 (l5)_'0_g
399 2687 433 2714 δὲ
448 2688 516 2730 ξαλώ.
540 2694 595 2730 etc.
614 2688 642 2714 In
669 2688 783 2730 quodam
809 2687 903 2714 Graeco
918 2685 1001 2730 geho:

216 2721 302 2750 liasta'
318 2723 437 2759 legitur;
458 2721 598 2759 Ὧριγένην
615 2721 708 2759 σαφῶς
725 2721 934 2759 αἰνίττεται.ᾉοῦ
953 2721 1000 2759 καί

215 2756 496 2795 ὶξήγησινξὲπιφέρει,
506 2756 701 2795 εὑρισκομένην
717 2757 808 2795 σαφῶς
821 2758 849 2784 ὲν
860 2757 917 2795 τοῖς
930 2756 999 2795 κατὰ

215 2792 262 2820 τὸν
283 2792 375 2829 Ἱωνᾶν
395 2792 584 2829 ὲξήγημένόις.
602 2792 721 2829 {Palam
733 2792 875 2829 Origenem
895 2792 998 2826 signiti-

217 2833 270 2859 cat,
284 2827 360 2862 cuius
373 2827 454 2862 etiam
473 2827 666 2862 expositionem
681 2827 810 2861 adjnngit,
824 2830 998 2862 quaeﬁaperte

218 2863 244 2889 in
258 2861 330 2890 illius
344 2863 370 2890 in
390 2861 485 2890 Jonam
500 2861 695 2890 commentario
708 2863 836 2889 occurrit.
851 2871 860 2887 ›
879 2861 940 2888 Huic
955 2868 997 2888 ea-

218 2899 278 2925 dem
300 2897 457 2926 habentalii
479 2897 569 2933 plures
582 2897 733 2926 scholiasta-
752 2897 778 2924 in
796 2897 873 2925 codd.
895 2895 995 2931 Regiis,

1056 2336 1172 2370 pientem
1195 2343 1254 2370 esse
1278 2334 1533 2370 Methodiumjyri
1558 2333 1715 2366 episeopum
1737 2332 1838 2359 diserte

1055 2368 1198 2397 aﬂirmant.
1220 2369 1258 2396 Ex
1277 2369 1373 2403 quibus
1390 2368 1561 2394 manifestum
1578 2372 1629 2399 est,
1645 2375 1699 2401 quo
1719 2372 1839 2400 tempore

1056 2405 1192 2432 scribebat
1207 2404 1289 2436 Elius,
1313 2404 1449 2430 exstitisse
1466 2403 1591 2429 Methodii
1614 2403 1837 2429 commentarium

1057 2441 1083 2466 in
1107 2439 1215 2472 Jonam,
1239 2439 1370 2473 siquidem
1389 2439 1460 2465 hanc
1487 2438 1735 2473 interpretationem
1759 2436 1838 2473 sein

1057 2474 1182 2510 Methodii
1197 2470 1391 2510 domn-tentorio
1407 2473 1502 2510 legisse
1523 2470 1645 2510 testa_tur.
1660 2470 1838 2510 Cpmbelisius

1056 2517 1106 2536 nec
1123 2509 1276 2543 Origenem,
1294 2516 1344 2535 nec
1365 2505 1529 2534 Methodium
1543 2515 1557 2533 a
1578 2507 1708 2543 Gregorio
1726 2505 1839 2540 intelligi

1055 2549 1142 2579 putat.
1156 2541 1203 2570 sed
1224 2543 1306 2570 alium
1325 2544 1408 2579 ipsius
1428 2544 1556 2579 temporis
1578 2541 1807 2579 virnin_doctu_m,
1823 2547 1840 2566 a

1055 2575 1109 2614 quo
1126 2575 1151 2606 id
1169 2579 1302 2610 audierat,
1317 2575 1373 2606 sive
1388 2578 1411 2605 is
1427 2578 1468 2604 vir
1481 2575 1576 2604 doctus
1591 2577 1617 2603 in
1635 2575 1751 2610 Origene
1766 2575 1838 2608 lege-

1057 2613 1109 2645 rat,
1122 2614 1179 2641 sive
1194 2614 1250 2646 ipse
1265 2613 1415 2640 invenerat.

1089 2643 1145 2683 (16)
1164 2643 1297 2681 κλοπήν.
1318 2649 1383 2683 lteg.
1398 2655 1414 2682 y
1429 2646 1574 2683 σωτηρίαν,
1589 2650 1617 2673 et
1632 2644 1664 2672 ad
1686 2651 1762 2671 oram
1778 2643 1840 2670 κλο-

1053 2692 1117 2711 πην.

1075 2684 1142 2754 ,τί-7)
1161 2717 1242 2746 Κατὰ
1266 2717 1324 2751 τὴν
1348 2717 1484 2752 μεγάλην
1509 2715 1602 2754 αὑτοῦ
1628 2714 1750 2749 σοφίαν.
1777 2713 1840 2741 llaec

1051 2752 1148 2781 deSunt
1164 2755 1188 2780 in
1200 2754 1282 2788 Regg.
1297 2760 1390 2779 novem
1407 2757 1434 2779 et
1449 2752 1585 2788 sextium.

1087 2789 1142 2823 (l8)
1162 2783 1384 2823 Μηχᾶιῗωμέινῳ.
1397 2787 1482 2823 μυίεί.
1496 2787 1521 2818 1,
1535 2783 1745 2823 μηχανωμένου.

1087 2820 1140 2858 (19)
1166 2820 1372 2858 agamagam.
1395 2822 1483 2858 Begg.
1496 2826 1515 2855 ι,
1529 2820 1725 2858 ἀποκρύπτειν.
1789 2853 1818 2858 __

1087 2853 1142 2894 (20')
1161 2853 1367 2886 Πιστεῦεᾶθαι,
1396 2853 1465 2892 Heg:
1477 2857 1494 2884 Ι.
1509 2853 1545 2884 ἐι
1569 2853 1662 2883 Cdmb.
1690 2853 1840 2888 πιστευθῇ.

1050 2903 1102 2921 ναι.
