2070 3135
178 202 229 230 509

740 196 870 224 ORATIO
890 196 921 224 ll.
941 211 975 216 —-
995 196 1247 224 APULOCETICA.

1748 194 1800 222 510

215 259 278 285 PIA’
301 259 333 285 Et
358 258 421 293 γὰρ,
439 257 453 284 δ
480 257 559 292 μόνον
584 258 612 283 ὲν
629 257 733 288 τούτοις
756 257 864 292 ἰσχυρόν
896 258 968 283 ἐστιν

1056 256 1123 283 CXI.
1143 256 1170 282 Si
1196 255 1266 282 enim
1279 274 1287 285 ,
1307 254 1378 289 quod
1394 261 1475 281 unum
1494 254 1519 281 in
1536 253 1578 282 his
1594 253 1673 281 rebus
1694 253 1800 279 firmum

176 304 264 330 sl:st
275 304 352 330 τοῦτο
365 304 420 339 δοίη
430 312 481 335 τις,
494 304 534 330 ὅτι
546 303 634 338 πολλῷ
645 304 791 338 κατωτέρω
797 303 910 338 κείμεθα
919 303 965 329 τοῦ

179 348 332 384 ἱερατεύειν
349 348 405 382 (57)
421 347 490 383 Θεῷ,
510 348 558 374 καὶ
573 348 613 374 ὅτι
631 348 680 382 τῆς
703 347 866 382 Ἐκκλησεας
893 347 966 379 ἄξιον

178 393 247 421 εἶναι
265 394 316 430 χρὴ
343 394 461 429 πρῶτον,
488 391 548 420 εἶτα
568 394 615 420 τοῦ
643 393 773 428 βήματος.
800 394 847 420 καί
872 394 966 420 τούτου

178 439 293 474 πρῶτον,
314 435 373 464 εἶτα
385 438 440 473 (58)
456 438 506 472 τῆς
524 438 668 473 προεδρίας
682 446 688 452 ·
705 439 774 473 τάχα
784 439 876 474 ἕτερος
893 440 967 474 ἡμᾶς

178 486 227 511 οὑκ
239 485 338 519 ἀφήσει
352 484 398 510 τοῦ
412 484 461 519 τῆς
478 484 618 515 ἀπειθείας
642 484 725 519 ἑγκλή
732 493 824 519 ματος.
840 485 920 520 Δεινὴ
935 485 964 511 δὲ

177 530 317 562 ἀπειθείας
327 530 424 565 ἀπειλὴ
438 530 503 564 (50),
521 530 567 555 καὶ
579 529 653 555 δεινὰ
666 529 768 564 ταύτης
780 529 814 555 τὰ
829 530 964 565 ἐπιτίμια,

177 576 271 610 ὥσπερ
285 584 317 609 γε
341 575 387 602 καὶ
407 575 458 610 τῆς
479 575 575 610 ἑτέρας
606 575 729 610 μερίδος,
756 576 839 610 μηδὲν
865 577 964 607 ὀκνεῖν,

180 622 248 657 μηδὲ
263 621 436 652 ἀναδύεσθαι,
452 621 530 656 μηδὲ,
550 620 643 655 ὥσπερ
659 622 673 647 ὁ
684 621 770 646 Σαοὺλ
784 622 897 652 ἐκεῖνος,
911 622 967 652 τοῖς

179 668 305 694 σκεύεσιν
322 666 546 702 ὑποκρύπτεσθαι
572 668 627 697 τοῖς
645 667 787 702 πατρικοῖς
816 665 890 701 (ΛΟ),
916 665 967 692 κᾶν

178 713 246 750 προς
265 713 354 747 ὀλίγον
377 713 543 748 καλούμενον
569 712 623 747 (41)
646 713 691 738 ἐπὶ
708 713 886 747 προστασίαν,
910 711 966 738 ἀλλ’

180 759 218 791 ὡς
237 759 282 785 ἐπί
296 768 321 784 τι
342 760 458 794 πρᾶγμα
474 759 573 793 κοῦφον
599 758 646 784 καὶ
663 758 760 793 ῥᾷστον
780 759 879 793 χωρεῖν
895 757 967 783 ἑτοί-

181 813 249 838 μως,
265 800 295 830 οὗ
310 804 376 839 μηδὲ
398 804 561 839 μεταθέσθαι
586 803 704 838 ἀσφαλὲς
717 803 783 838 (42),
802 803 867 838 μηδὲ
885 803 965 839 βουλῇ

179 850 292 885 δευτέρα
304 849 469 885 θεραπεῦσαι
480 850 528 885 τὴν
540 849 736 885 προλαϐοῦσαν.

215 978 277 1005 Pill’
291 979 340 1005 Διὰ
352 978 431 1006 τοῦτο
446 979 564 1015 ἔκαμνον
578 979 632 1014 ἐγὼ
645 981 701 1011 τοῖς
716 980 853 1014 λογισμοῖς
868 981 898 1007 τὺ
909 981 968 1007 δέον

179 1024 408 1059 ἁνερευνώμενος,
425 1024 472 1050 καὶ
491 1025 571 1060 μέσος
582 1025 628 1051 δύο
640 1024 729 1059 φόϐων
747 1026 900 1060 ἱστάμενος,
921 1026 966 1052 τοῦ

179 1078 209 1095 τε
223 1070 416 1101 κατασπῶντος
429 1070 531 1097 καὶτοῦ
547 1070 702 1104 ἀνάγοντος.
712 1071 767 1097 Καὶ
782 1071 828 1097 ἐπὶ
844 1072 968 1098 πλεῖστον

179 1115 284 1147 τούτοις
303 1116 484 1151 ὲναπορήσας,
508 1116 554 1142 καὶ
570 1116 765 1151 ἀμφοτέρωθεν
787 1117 905 1152 ἐμαυτὸν
926 1126 970 1144 τα-

180 1160 338 1192 λαντεύπις,
355 1161 370 1195 ἢ
384 1160 478 1195 ὥσπερ
496 1160 585 1196 ῥεῦμα
598 1161 726 1192 ἀστάτοις
740 1161 877 1197 πνεύμασι
901 1162 967 1198 (45),

179 1206 242 1240 τῇδε
259 1207 370 1232 κάκεῖσε
389 1205 572 1239 μετακλιθεὶς,
590 1205 664 1238 τέλος
688 1206 823 1242 ἐγενόμην
841 1207 887 1233 τοῦ
909 1216 970 1241 σφο-

180 1251 317 1286 δροτέρου,
334 1251 381 1277 καί
397 1260 430 1286 με
459 1252 582 1286 νικήσας,
604 1251 660 1286 ἕχει
678 1251 840 1287 παρασύρας
860 1254 873 1279 ὁ
888 1253 969 1287 φόϐος

180 1297 230 1331 τῆς
244 1296 393 1328 ἀπειθείας.
418 1298 473 1323 Καὶ
490 1299 614 1324 σκοπεῖτε
629 1298 666 1329 ὡς
682 1297 770 1333 ὀρθῶς
795 1299 841 1325 καὶ
858 1299 968 1330 δικαίως

180 1343 275 1369 διαιτῶ
287 1342 342 1379 (Μ)
358 1345 413 1375 τοῖς
440 1343 542 1378 φόϐοις,
564 1344 631 1378 μήτε
646 1344 694 1379 τῆς
712 1344 742 1370 οὐ
755 1343 896 1379 διδομένης
912 1343 968 1379 (45)

184 1389 308 1424 ἐφίεσθαι
332 1390 508 1425 προστασίας,
530 1390 597 1424 μήτε
612 1389 780 1416 ἀπωθεῖσθαι
796 1391 845 1425 τὴν
863 1391 973 1425 διδομέτ

185 1443 245 1470 νην.
264 1435 300 1460 Τὸ
318 1435 366 1470 μὲν
380 1434 434 1470 γὰρ
445 1432 514 1460 εἶναι
528 1433 662 1469 θρασέων,
685 1435 716 1460 τὺ
730 1434 758 1460 δὲ
775 1435 906 1467 ἀπειθῶν,
921 1437 968 1462 καὶ

182 1479 350 1507 ἀπαιδεύτων
362 1480 513 1514 ἀμφότερα.
524 1480 578 1506 Καὶ
591 1480 670 1514 μέσος
679 1480 737 1514 εἰμί
748 1489 789 1511 τις
798 1480 851 1506 τῶν
858 1490 887 1507 τε
900 1482 969 1515 ἄγαν

181 1525 326 1560 τολμηρῶν
337 1526 383 1552 καὶ
395 1525 449 1552 τῶν
463 1525 522 1551 λίαν
535 1525 629 1552 δειλῶν
638 1534 644 1540 ·
661 1525 715 1551 τῶν
731 1527 780 1560 μὲν
789 1527 890 1558 πάσαις
909 1529 969 1554 ἐπι-

182 1571 328 1605 πηδώντων
356 1570 523 1605 δειλότερος,
559 1570 613 1596 τῶν
639 1570 667 1596 δὲ
695 1571 848 1604 φευγόντων
881 1573 969 1604 πάσας

182 1616 413 1651 θαρσαλεώτερος.
431 1616 523 1647 Οὕτως
540 1615 594 1650 ἐγὼ
607 1617 669 1651 περὶ
686 1616 787 1643 τούτων
803 1617 938 1651 γινώσκω.

1018 309 1045 329 ct
1061 302 1177 328 validum
1193 300 1305 335 proferri
1323 304 1430 334 potest,
1449 300 1498 326 hoc
1511 299 1644 333 quispiam
1661 305 1802 326 concesse-

1018 348 1063 378 rit,
1078 355 1125 373 uos
1137 347 1219 373 multo
1232 346 1342 372 inferius
1357 346 1423 372 silos
1435 352 1505 377 esse,
1519 352 1598 379 quam
1610 348 1639 371 nt
1650 344 1802 371 sacerdotio

1018 393 1086 426 apud
1103 393 1183 418 Deum
1198 391 1354 426 fungamur;
1366 398 1397 417 ac
1411 391 1484 424 prius
1499 395 1623 424 oportere
1632 389 1800 424 utquispiam

1018 437 1136 464 Ecclesia
1160 438 1254 471 dignus
1268 437 1320 470 sit,
1337 443 1369 463 ac
1395 437 1493 463 deinde
1510 436 1647 468 sacrario;
1674 435 1802 469 priusque

1019 483 1080 512 hoc.
1097 490 1128 509 ac
1143 487 1234 516 postea
1249 482 1321 509 sedis
1339 482 1491 516 principatu
1509 490 1516 508 :
1535 481 1603 507 alter
1618 481 1733 508 fortasse
1754 488 1802 507 nos

1018 527 1206 554 inobedientia:
1243 527 1357 554 crimine
1388 527 1499 554 minime
1528 526 1663 553 liberabit.
1699 526 1800 552 Graves

1018 581 1097 609 porro
1111 575 1190 600 mime
1210 581 1360 608 gravesque
1377 580 1463 608 plnum
1484 572 1613 600 adversus
1637 572 1798 599 inobedien-

1019 622 1083 646 tiam
1106 620 1297 652 intenduntur;
1321 620 1547 654 quemadmodum
1567 618 1671 646 scilicet
1687 618 1713 645 in
1735 618 1802 645 alte-

1017 672 1074 691 ram
1092 672 1198 699 quoque
1215 670 1336 700 partem,
1356 665 1406 692 hoc
1429 670 1470 691 est
1494 672 1586 691 eorum
1605 664 1649 699 qui
1679 664 1744 690 nihil
1761 671 1803 691 re—

1019 710 1139 744 fugiunt,
1156 718 1186 737 ac
1201 715 1341 743 recusant,
1360 718 1409 737 nec
1422 715 1450 737 ut
1463 710 1526 737 Saul
1548 711 1603 743 ille,
1619 711 1669 737 sub
1683 711 1803 745 paternis

1018 757 1090 783 vasis
1105 757 1211 791 paulum
1235 757 1330 784 saltem
1350 764 1379 783 se
1398 757 1535 783 occultant
1550 756 1587 789 ⁸⁵,
1608 764 1667 783 cum
1685 757 1718 783 ad
1732 763 1803 791 prae-

1018 803 1147 831 fetturatn
1166 808 1314 834 vocantur;
1340 811 1432 829 verum
1448 803 1500 838 63
1519 809 1647 837 tanquam
1666 803 1699 829 ad
1717 803 1802 830 levem
1843 814 1847 819 -

1018 849 1162 882 quamdam
1193 856 1250 875 rem
1278 852 1304 874 et
1326 847 1499 882 perfacilem,
1518 852 1641 881 prompto
1661 847 1750 873 animo
1775 852 1805 873 se

1019 894 1172 925 conferunt,
1196 901 1275 928 quam
1294 901 1327 919 ne
1350 893 1484 927 deponere
1504 892 1611 926 quidem
1635 896 1720 918 totum
1740 896 1780 918 est
1793 911 1802 924 ,

984 937 1004 963 Β
1020 948 1070 967 nec
1087 940 1235 974 posteriore
1252 938 1365 965 consilio
1381 938 1462 972 priori
1479 938 1638 963 medicinam
1653 936 1759 963 afferre.

1053 984 1131 1012 CXII.
1154 985 1191 1011 Ac
1205 984 1316 1018 proinde
1331 984 1387 1018 ipse
1403 983 1485 1009 variis
1502 982 1711 1016 cogitationibus
1729 982 1802 1009 labo-

1019 1031 1123 1063 rabam,
1137 1031 1199 1064 quid
1214 1029 1284 1057 facto
1299 1037 1365 1065 opus
1388 1033 1460 1056 esset
1475 1030 1629 1064 exquirens,
1645 1028 1802 1062 mediusque

1021 1075 1091 1103 inter
1113 1076 1179 1102 duos
1197 1075 1307 1101 timores
1327 1075 1430 1102 haerens
1442 1094 1450 1106 ,
1466 1082 1580 1109 quorum
1605 1074 1673 1100 alter
1697 1081 1739 1100 me
1755 1074 1802 1099 de-

1019 1122 1152 1157 primebat
1165 1143 1172 1153 ,
1195 1121 1261 1148 alter
1277 1121 1405 1156 erigebat.
1423 1121 1544 1155 Cumque
1562 1120 1605 1146 diu
1625 1121 1650 1146 in
1664 1119 1706 1146 bis
1720 1119 1800 1146 dubio

1019 1173 1045 1194 et
1061 1168 1170 1201 anctpiti
1189 1168 1278 1193 animo
1292 1167 1418 1200 fuissem,
1437 1171 1516 1200 atque
1538 1166 1563 1192 in
1578 1170 1720 1198 utramque
1737 1172 1800 1198 par-

1020 1216 1071 1239 tem
1098 1213 1228 1246 meipsum
1255 1212 1406 1243 librassem,
1431 1217 1478 1238 aut
1502 1211 1619 1237 ﬂmninis
1644 1211 1670 1237 in
1693 1210 1801 1236 modum

1019 1259 1108 1286 dubiis
1131 1259 1219 1285 ventis
1243 1259 1294 1285 huc
1316 1263 1396 1292 atque
1423 1257 1484 1285 illuc
1509 1257 1652 1284 inclinatus
1673 1256 1803 1288 fuissem,

1021 1305 1126 1331 tandem
1148 1304 1337 1331 vehementiori
1357 1304 1423 1331 cessi
1435 1325 1443 1336 ,
1461 1310 1557 1337 meque
1578 1303 1678 1329 vietum
1694 1307 1721 1329 et
1739 1301 1804 1328 abs-

1024 1354 1137 1376 tractum
1161 1354 1234 1376 tenet
1250 1349 1437 1376 iuobedicntim
1450 1352 1546 1375 metus.
1565 1348 1601 1374 Ac
1613 1346 1711 1379 videte,
1724 1353 1803 1381 quam

1020 1399 1092 1420 recte
1105 1402 1239 1428 quamque
1250 1394 1322 1427 juste
1336 1395 1406 1421 inter
1417 1398 1560 1428 utrumque
1577 1394 1700 1420 timorem
1717 1399 1801 1427 nego-

1020 1441 1084 1467 tium
1107 1442 1252 1475 transigam
1268 1461 1275 1472 ,
1295 1440 1421 1466 nimirum
1440 1444 1467 1465 ut
1487 1446 1537 1466 nec
1557 1438 1667 1465 minimc
1687 1438 1804 1465 oblatam

1021 1485 1211 1519 praefecturam
1226 1491 1360 1520 appetant,
1377 1493 1427 1512 nec
1441 1484 1557 1511 oblatam
1573 1483 1722 1518 repudiem.
1737 1483 1804 1510 Illud

1020 1531 1091 1557 enim
1114 1531 1315 1557 temerariorum
1333 1531 1472 1557 hominum
1496 1534 1553 1561 est,
1576 1530 1626 1556 hoc
1648 1528 1805 1556 iuobedien-

1022 1576 1104 1608 tium,
1131 1582 1274 1610 utrumque
1299 1582 1388 1603 autent
1412 1576 1608 1610 imperitorum.
1633 1576 1720 1609 Atque
1746 1575 1802 1609 ipse

984 1614 1005 1642 (ἶ
1022 1622 1090 1648 inter
1104 1622 1182 1648 nimis
1196 1622 1311 1648 audaces
1322 1642 1329 1655 ,
1347 1627 1372 1648 et
1387 1622 1467 1648 nitnis
1483 1622 1589 1648 timidos
1604 1622 1804 1656 quodammodo

182 1663 340 1696 interiectus
358 1670 438 1695 sum;
456 1670 552 1697 nempe
565 1667 592 1690 et
613 1663 655 1690 bis
677 1664 723 1697 qui
756 1665 788 1689 ad
823 1665 996 1698 praefecturas
1016 1675 1110 1695 omnes
1127 1669 1278 1703 prosiliunt,
1293 1669 1420 1701 timidior,
1439 1673 1464 1695 et
1481 1668 1514 1696 iis
1530 1675 1624 1695 rursus
1648 1667 1692 1702 qui
1710 1674 1804 1694 omnes

182 1709 297 1744 fugitmt,
318 1709 455 1737 audacior.
473 1709 533 1738 Hazc
548 1710 581 1738 de
604 1710 647 1738 his
663 1710 743 1738 rebus
761 1718 819 1739 mea
843 1718 884 1739 e5!
900 1714 1031 1742 sententia

218 1755 279 1783 PII"
299 1757 364 1789 Kal,
379 1756 419 1783 ἔτι
442 1757 576 1783 διελέσθαι
592 1757 758 1792 σαφέστερον
774 1758 812 1793 τῷ
831 1759 880 1793 μὲν
894 1760 968 1794 φόϐῳ

181 1803 231 1838 τῆς
244 1803 419 1838 προστασίας,
437 1803 506 1837 τάχα
522 1803 554 1830 ἃν
577 1803 718 1839 βοηθήσειε
735 1803 781 1830 καὶ
798 1805 811 1830 ὁ
826 1804 906 1839 νόμος
920 1806 968 1840 τῆς

183 1848 347 1880 εὐπειθείας,
373 1848 421 1874 τοῦ
445 1848 514 1875 Θεοῦ
533 1849 582 1884 τὴν
599 1849 690 1875 πίστιν
707 1849 761 1885 (46)
787 1851 967 1886 ἀμειϐομένου

183 1895 227 1921 διὰ
236 1896 284 1930 τῆς
297 1895 393 1922 ἑαυτοῦ
409 1895 600 1930 χρηστότητος,
623 1896 669 1922 καὶ
687 1896 726 1927 εὶς
755 1897 910 1933 προστάτην
925 1898 968 1925 τέ-

221 1953 243 1968 ”
257 1953 267 1980 Ι
281 1952 346 1987 Reg.
360 1960 386 1984 ι,
399 1951 445 1979 22.

183 2044 196 2071 f
220 2008 275 2044 (57)
297 2008 352 2035 Τοῦ
378 2009 549 2042 Ιερατεύειν.
568 2008 673 2041 «Quam
693 2015 719 2036 ut
745 2010 799 2037 Deo
817 2011 968 2038 sacerdotio

196 2052 335 2071 Imitantur.
348 2052 356 2069 ι

196 2052 335 2077 angantur.
348 2052 356 2069 ι

220 2078 274 2114 (58)
294 2077 375 2114 Εἶτα,
395 2083 448 2114 etc.
469 2079 514 2106 Sic
533 2079 623 2112 plures
642 2079 729 2113 Regii.
748 2080 798 2114 Alii
824 2088 875 2107 non
896 2087 963 2113 pau-

184 2112 270 2150 ciores
288 2123 293 2140 :
311 2112 377 2150 Εξτα
398 2113 445 2139 τοῦ
468 2114 589 2149 βήματος
612 2114 722 2141 τούτου·
743 2113 803 2141 εἶτα
827 2115 876 2150 τῆς
896 2112 966 2150 inpo-

184 2149 288 2184 εδρίας⁸
308 2157 317 2173 ε
332 2148 410 2175 Prius
429 2149 558 2182 ecclesia,
584 2154 638 2175 tum
661 2150 790 2181 Sacr-ario,
814 2148 859 2177 ac.
872 2148 964 2184 postea

184 2183 257 2212 sellis
274 2183 433 2217 principatu.
449 2193 457 2209 ι
476 2184 665 2220 ριιωπίιιιιιιειιιι
681 2184 759 2210 simul
775 2185 961 2220 presbyterum

184 2225 212 2246 et
227 2219 380 2252 episcopum
395 2223 527 2251 spectant.
541 2218 658 2246 Ecclesia
675 2224 702 2245 ct
716 2218 863 2246 sacrarium
878 2221 960 2246 etiam

1056 1761 1145 1788 CXIII.
1158 1763 1255 1796 Atque,
1269 1766 1296 1788 ut
1309 1761 1450 1788 dilucidius
1462 1760 1548 1788 adhuc
1558 1761 1615 1788 haec
1626 1761 1798 1796 distinguam.

1025 1807 1113 1834 timori
1132 1808 1238 1842 quidem
1262 1806 1439 1840 suscipienda:
1459 1805 1624 1840 praefectura:
1639 1805 1679 1832 lex
1694 1813 1800 1841 quoque

1022 1853 1181 1880 oboedientia:
1204 1853 1318 1879 fortasse
1343 1859 1420 1886 opem
1444 1851 1516 1878 ferre
1539 1855 1637 1885 queat,
1658 1851 1710 1878 Deo
1727 1851 1803 1878 vide-

1022 1899 1085 1927 licet
1101 1907 1150 1934 pro
1167 1907 1215 1927 sua
1231 1899 1395 1933 benignitate
1411 1898 1489 1924 fidem
1506 1902 1710 1931 remunerante,
1722 1905 1800 1925 eum-

1024 2010 1112 2043 tendo,
1137 2017 1189 2036 non
1214 2009 1403 2036 animadvertit
1419 2008 1512 2036 Graeca
1540 2008 1631 2040 verba,
1652 2007 1721 2044 πρὸς
1745 2007 1802 2034 ὀλί-

1022 2054 1080 2080 γον,
1098 2047 1143 2080 ad?
1156 2046 1237 2071 breve
1264 2044 1351 2072 Saulis
1371 2045 1523 2080 imperium
1539 2044 1689 2080 pertinere,
1708 2044 1801 2077 Itaque

1023 2078 1061 2107 Sic
1081 2079 1225 2112 reddenda,
1250 2089 1259 2103 ι
1274 2079 1377 2105 etiamsi
1403 2080 1435 2104 ad
1454 2078 1550 2105 modici
1578 2079 1708 2112 temporis
1734 2085 1803 2112 prte-

1019 2115 1148 2142 feeturaut
1170 2114 1346 2148 postulentur.
1362 2124 1371 2139 ι
1393 2113 1448 2139 Non
1469 2114 1540 2140 enim
1554 2113 1586 2139 ad
1604 2118 1715 2148 tempus
1730 2114 1800 2145 quod

1018 2150 1096 2176 latuit
1126 2147 1208 2181 δραι,
1237 2150 1284 2176 sed
1313 2148 1384 2183 quod
1412 2149 1551 2183 regnavit,
1576 2147 1669 2174 alludit
1695 2147 1799 2182 Grego-

1017 2193 1084 2211 I'IIIS.

1052 2219 1107 2251 (42)
1129 2217 1169 2245 Οὗ
1182 2218 1259 2253 μηδὲ
1275 2217 1453 2253 μεταθέσθαι
1468 2216 1621 2253 ἁσφαλέςτ
1631 2216 1692 2244 Haec
1706 2217 1802 2244 desunt

185 2255 370 2289 ministrorum
381 2258 466 2289 _sunt.
492 2254 620 2286 llancque
644 2261 722 2280 unam
749 2254 893 2289 προεδρίαν
917 2256 964 2281 καὶ
981 2261 1003 2288 ι)
1019 2254 1044 2281 in
1063 2255 1139 2281 Colb.
1155 2252 1232 2280 Sim
1251 2261 1313 2280 vero
1335 2261 1386 2280 non
1411 2254 1450 2280 sic
1470 2252 1650 2286 intelligenda,
1664 2259 1697 2279 ac
1719 2253 1741 2278 si
1758 2257 1800 2278 tu-

185 2288 361 2324 προστασίαν,
375 2287 520 2324 Gregorius
547 2293 601 2315 tota
623 2289 673 2315 bac
697 2287 819 2316 oratione
835 2287 964 2316 intendit.

184 2323 313 2358 Adeoque
339 2323 375 2358 ab
397 2323 480 2356 ipsius
499 2328 588 2350 mente
612 2324 756 2353 aberrant.
778 2325 822 2357 qui
848 2332 906 2351 eam
934 2325 967 2351 de

185 2357 339 2393 episcopatu
369 2357 591 2393 interpretantur.
622 2358 649 2384 in
682 2359 821 2385 sacerdote
854 2359 967 2393 requirit

185 2392 282 2428 primo,
300 2399 329 2420 ut
345 2402 355 2419 ‹
369 2393 486 2420 Ecclesia
500 2402 508 2418 ι
525 2392 623 2427 dignus
636 2427 640 2428 ν
652 2393 696 2426 sit,
717 2394 743 2420 id
762 2399 803 2420 est
817 2399 845 2420 ut
860 2392 898 2420 iis
907 2401 966 2420 οιιι-

186 2427 265 2455 hibus
290 2428 389 2463 pastori
405 2428 567 2455 necessariis
587 2427 694 2463 dotibus
728 2435 759 2455 ac
773 2429 917 2456 virtutibus
933 2429 968 2456 sit

186 2462 314 2498 pra-ditus
328 2471 335 2490 :
353 2463 451 2490 deinde
466 2463 590 2498 dignust
607 2462 742 2494 Saerario,
753 2472 762 2489 ι
781 2471 838 2495 seu,
854 2469 883 2490 ut
895 2463 968 2490 Elias

186 2497 307 2532 exponit,
328 2507 338 2524 ‹
353 2498 438 2525 instar
456 2498 542 2532 angeli
565 2497 593 2525 in
617 2505 730 2532 corpore
749 2499 855 2525 mortali
869 2508 875 2525 :
889 2508 898 2524 ι
921 2500 967 2525 de-

186 2534 268 2567 nique
285 2541 294 2558 ε
309 2533 380 2561 sedis
391 2533 553 2568 principatu,
567 2541 576 2558 ι
593 2533 618 2559 id
631 2538 672 2560 est
686 2539 716 2560 ut
730 2540 776 2560 eos
790 2533 886 2567 quibus
904 2541 968 2568 prae-

186 2572 240 2600 est,
252 2575 357 2595 summa
369 2573 396 2595 et
409 2567 539 2602 singulari
554 2568 653 2594 virtute
663 2574 781 2603 superet.
796 2577 805 2593 ι
820 2569 852 2595 Ut
866 2570 964 2600 enim”

188 2603 276 2637 inquit
293 2603 377 2636 Elias,
398 2611 408 2629 ί
423 2603 616 2634 armentarius,
634 2608 679 2629 aut
700 2607 802 2636 pastor,
825 2611 876 2630 nec
898 2605 967 2635 ovis,

186 2645 237 2665 nec
253 2639 300 2665 bos
321 2642 380 2671 est,
402 2638 448 2665 sed
464 2637 629 2665 sublimioris
652 2645 684 2664 ac
700 2639 894 2672 praestantioris
921 2647 968 2665 na—

188 2678 272 2706 tura;
288 2673 381 2701 eodem
401 2676 491 2703 modo.
507 2672 553 2707 qui
579 2672 732 2700 hominibus
752 2678 857 2706 praeest,
880 2681 966 2707 quan-

187 2711 243 2743 tum
259 2708 292 2735 ad
305 2708 429 2735 virtutem
450 2712 477 2735 et
490 2708 704 2741 conjunctiouem
721 2715 782 2735 cum
802 2708 868 2743 Deo,
885 2716 966 2743 supra

187 2742 323 2770 hOminem
337 2750 398 2770 esse
413 2743 500 2770 debet.
514 2752 524 2768 ι

223 2777 278 2814 (39)
304 2777 530 2814 Ἀπειλήηῆβςς.
544 2785 571 2810 a,
581 2778 602 2811 l,
615 2784 652 2810 m,
667 2777 713 2811 hu,
728 2779 744 2814 ἡ
760 2778 870 2814 ἀπειλή.
883 2778 968 2805 Antea

188 2812 264 2839 Colb.
277 2821 314 2844 ιη,
327 2813 360 2839 δι’
372 2812 520 2845 ἀπειθείαςζ

225 2847 282 2884 (40)
302 2848 466 2882 Πατρικοῖς.
480 2848 548 2875 Male
561 2848 604 2875 ed.
617 2848 677 2876 Bas.
694 2849 899 2884 πνευματικοῖς.

224 2883 280 2916 (ΔΙ)
300 2884 378 2917 Πρὸς
400 2884 503 2918 ὀλίγον
526 2884 721 2918 καλούμενον.
748 2883 813 2916 lteg.
834 2884 852 2913 Ι,
875 2885 970 2909 ἐπικα-

189 2917 327 2953 λούμενον.
347 2919 413 2954 Ilcg.
428 2924 447 2951 t,
463 2917 705 2954 προσκαλούμενον.
727 2918 819 2946 Billius
836 2919 892 2946 haec
910 2926 968 2945 vcr-

1018 2294 1074 2317 tum
1093 2297 1144 2328 uqu
1159 2289 1195 2316 sit
1209 2289 1360 2328 praebitura
1376 2295 1444 2328 onus
1461 2288 1612 2328 deponere;
1629 2295 1681 2313 non
1705 2294 1736 2313 ea
1759 2293 1802 2328 est

1017 2332 1093 2351 tuens
1109 2322 1241 2357 Gregorii.
1258 2322 1310 2349 Sed
1332 2323 1483 2357 'l‘beologus
1506 2323 1531 2348 id
1551 2322 1616 2353 vult,
1631 2329 1687 2357 eos,
1706 2329 1738 2347 ne
1755 2322 1801 2348 de-

1018 2359 1104 2393 posita
1133 2356 1240 2392 quidem
1256 2357 1407 2393 pra-latura,
1421 2356 1445 2382 in
1460 2362 1516 2393 tuto
1530 2364 1598 2393 esse.
1613 2356 1690 2393 t_Una
1701 2357 1800 2393 enim,»

1017 2391 1054 2420 ait
1073 2391 1154 2424 Eli-as,
1175 2402 1183 2418 ε
1198 2393 1328 2419 medicina
1345 2397 1386 2419 est
1402 2392 1446 2422 iis,
1468 2392 1512 2425 qui
1534 2392 1567 2418 ad
1589 2391 1740 2425 hujusmodi
1757 2391 1800 2417 di-

1017 2428 1146 2462 gnitatem
1172 2428 1279 2461 indigne
1301 2427 1458 2460 prosiliunt,
1482 2427 1516 2453 ab
1537 2434 1568 2452 ea
1591 2427 1746 2458 abscedere,
1768 2433 1802 2462 ac

1019 2461 1067 2497 per
1081 2464 1233 2489 diuturnam
1253 2463 1437 2497 pmuitcntium
1458 2462 1538 2487 [leum
1553 2462 1672 2494 placare.
1684 2469 1694 2487 )
1713 2462 1749 2488 De
1768 2461 1801 2488 iis

1018 2496 1097 2524 etiam
1114 2498 1230 2531 loquitur
1251 2496 1406 2530 Gregorius.
1427 2505 1435 2521 ι
1453 2498 1497 2530 qui
1519 2497 1583 2522 IIIIIII
1606 2496 1742 2530 refugiunt
1764 2503 1796 2523 ac

1018 2539 1154 2564 recusant,
1166 2540 1225 2559 cum
1242 2533 1274 2557 ad
1292 2532 1476 2565 przel'eeturam
1494 2537 1634 2563 vocantur,
1649 2531 1694 2558 sed
1710 2537 1798 2565 prom-

1017 2571 1065 2602 pto
1081 2568 1171 2594 animo
1184 2575 1213 2594 se
1229 2567 1381 2602 conferunt.
1395 2575 1404 2592 ι

1054 2602 1109 2638 (45)
1127 2603 1291 2638 Πνεύιέασι.
1303 2601 1380 2638 Colb.
1394 2602 1422 2632 h,
1438 2601 1550 2636 κύμασι.

1054 2633 1109 2673 (Mr)
1129 2633 1241 2664 Διαιτῦ.
1271 2636 1432 2663 «Arbitrum
1460 2633 1556 2671 agam,
1589 2642 1698 2662 causam
1725 2633 1800 2662 deei-

1017 2673 1089 2699 dam.
1105 2682 1115 2698 ›

1054 2707 1109 2742 (45)
1129 2706 1298 2742 Διόομένης.
1316 2706 1383 2741 Reg.
1402 2705 1629 2742 lunosaopévqc.
1649 2713 1658 2730 ε
1748 2703 1801 2730 mi—

1019 2739 1233 2770 nime'oblatam
1258 2739 1311 2769 non
1340 2739 1512 2776 appetierith
1528 2739 1561 2776 ret
1587 2739 1658 2767 titlnc
1682 2739 1799 2765 delatam

1019 2786 1070 2804 non
1094 2778 1230 2811 repndiem
1256 2775 1452 2811 praefecturam.
1466 2785 1474 2800 I
1495 2775 1597 2807 Billius,
1619 2783 1628 2800 ε
1642 2780 1796 2809 θρρειτιω,ι

1019 2813 1096 2846 quasi
1114 2815 1146 2838 de
1161 2813 1315 2845 episcopatu
1333 2818 1422 2846 sermo
1438 2811 1481 2837 sit.

1056 2847 1112 2882 (46)
1135 2847 1194 2880 Τὴν
1212 2844 1326 2873 πίστιν.
1340 2845 1421 2882 Deest
1442 2846 1466 2872 in
1485 2844 1551 2879 Reg.
1575 2845 1591 2878 l,
1613 2854 1622 2871 ι
1638 2844 1691 2872 Deo
1711 2851 1802 2872 remu-

1019 2888 1141 2914 nerante,
1155 2892 1163 2907 ι
1186 2890 1280 2917 nempe
1299 2891 1306 2907 l
1322 2881 1512 2909 obedientiam.
1526 2890 1534 2905 ι
