2070 3135
264 168 316 196 519

866 159 893 186 S.
915 158 1081 188 GREGOBII
1102 156 1275 186 THEOLOGl

1838 152 1889 180 520

261 233 324 255 cere
340 225 401 252 licet
416 232 423 251 :
437 222 514 250 Facti
537 228 628 249 sumtu
653 219 724 246 vobis
752 219 780 245 in
800 219 967 245 saturitatem
978 218 1011 252 ",
1040 221 1184 252 antequam
1200 221 1305 251 gustum
1326 214 1408 241 ullum
1435 212 1522 241 nostri
1548 212 1739 247 specimenque
1761 211 1890 246 pra-bnis.

269 279 377 304 senius;
394 269 465 305 quod
484 267 559 295 valde
575 266 727 293 mirandum
742 268 793 292 est.

297 317 353 355 69
368 300 471 345 ll.-Nec
483 322 547 342 vero
562 321 611 340 nos
623 318 652 339 ut
664 311 785 345 hospites
797 310 944 346 collegistis
955 310 990 343 ",
1002 314 1048 336 aut

1134 307 1172 333 B'.
1187 305 1241 332 Καὶ
1259 304 1319 331 οὐδὲ
1333 303 1370 335 ὡς
1391 302 1482 335 ξένους
1498 302 1572 337 ἡμᾶς
1593 300 1794 335 συνητάγητε,
1809 300 1825 335 ἢ
1843 307 1891 326 συ-

263 363 413 394 nobiscum,
428 365 456 387 ιιι
470 359 581 393 aliquid,
597 358 668 394 quod
684 357 812 392 majorem
829 356 1047 383 commiseratio-

263 417 324 438 nem
342 415 397 443 pra:
413 414 443 434 se
459 406 539 437 ferat,
552 404 652 435 dicam,
665 402 772 430 collecti
783 402 858 432 estis.
875 401 897 428 si
912 400 983 428 nulla
996 400 1048 427 alia

263 462 304 486 re,
320 461 352 481 ac
366 456 442 479 certe
454 453 590 486 praecepto
606 448 699 476 divino
719 446 844 475 commoti
863 455 869 472 :
887 453 938 473 nec
952 450 980 472 ut
1000 452 1050 472 no-

263 507 325 526 vum
343 498 477 532 negotium
494 495 714 530 aggredientibus
739 500 849 520 manum
869 491 1029 526 porrexistis
1041 510 1049 523 ,

263 553 314 572 nec
332 549 360 571 ut
376 544 477 571 timidis
495 542 614 569 animum
629 539 771 566 addidistis
782 558 789 570 ,
811 545 861 566 nec
875 544 904 565 ut
919 537 972 564 vim
989 544 1051 571 per-

263 590 351 625 pessis
375 588 502 617 solatium
528 586 658 614 attulistis
673 594 679 612 :
694 574 743 612 sed
762 583 915 612 ittl‘estivam
930 602 936 614 ,
956 589 1051 609 vereor

264 637 365 666 dicere,
381 635 428 663 sed
445 633 586 661 dicendum
602 636 643 660 est
659 636 747 659 tamen
758 649 765 661 ,
786 630 862 656 nobis
878 627 1050 655 festivitatem

265 681 437 713 reddidistis,
452 679 642 715 praeludiisque
659 675 771 704 tninime
785 674 883 702 faustis
904 681 952 700 nos
973 679 1052 700 exce-

266 727 356 761 pistis,
371 733 403 753 ac
417 725 604 753 celebritatcnt
618 722 749 749 mrestitia
762 720 888 751 diluistis,
902 723 995 753 utpote
1007 725 1053 744 vo-

267 774 320 804 ltis,
332 772 402 807 quod
416 771 449 798 ad
462 770 655 798 cumulandum
667 768 792 803 gaudium
803 765 914 792 maximi
925 763 1053 791 momenti

268 824 340 851 erat,
353 817 502 846 victoribus
514 816 598 848 meis,
614 822 667 842 non
686 813 757 840 enim
771 819 833 839 vere
845 811 958 838 dixerim
977 818 1053 837 ama-

273 864 379 891 toribus
403 867 552 890 carentem.
576 860 650 887 Adeo
667 858 746 886 facile
765 857 792 884 in
809 860 992 890 contemptum
1007 862 1055 882 ve-

1103 351 1220 388 νήχθητε
1234 349 1293 385 μεθ’
1309 348 1398 384 ἡμῶν,
1416 347 1448 374 ἵν’
1459 347 1528 373 εἴπω
1542 355 1568 373 τι
1586 345 1820 381 συμπαθέστερον,
1832 343 1893 371 ταὺ-

1102 406 1162 432 την,
1178 397 1203 423 εί
1221 396 1257 431 μή
1287 404 1313 421 τι
1328 394 1401 426 ἄλλο,
1422 393 1471 429 τὴν
1485 392 1594 428 ἐντολὴν
1616 391 1784 422 αἰδεσθέντες
1804 391 1892 426 (82‘)-

1102 443 1162 470 οὒδὲ
1174 443 1211 474 ὼς
1228 441 1395 478 ἀρχομένους
1405 439 1654 475 ὲχειραγωγήσατε,
1671 437 1731 464 οὐδὲ
1744 438 1781 468 ὡς
1792 437 1894 468 δειλοὺς

1103 487 1278 524 ἔθαρσύνατε,
1293 485 1352 512 οὐδὲ
1365 485 1403 516 ὼς
1419 484 1575 520 βιασθέντας
1593 483 1797 518 παρεκαλέσατε
1810 491 1817 498 ·
1836 482 1894 510 ἀλλ’

1103 532 1230 567 ὰιὲορτον
1247 531 1322 566 ἡμῖν,
1352 528 1423 556 ὀκνῶ
1449 528 1498 564 μὲν
1523 529 1620 561 εἰπεῖν,
1640 527 1758 564 εἰρήσθω
1769 527 1796 554 δὲ
1809 528 1893 562 ὅμως,

1105 578 1273 613 πεποιήκατε
1289 575 1338 611 τὴν
1357 574 1464 610 ἑορτὴν,
1489 574 1535 601 καὶ
1549 573 1702 610 προοιμίοις
1719 574 1769 600 οὐκ
1784 573 1895 606 ἀγαθοῖς

1104 625 1178 660 ἡμᾶς
1205 622 1381 656 sessiones;
1402 621 1474 657 (83)'
1503 620 1550 647 καὶ
1576 622 1607 656 τῇ
1636 619 1787 655 πανηγύρει
1812 619 1895 654 κατή-

1104 679 1182 704 φειαν
1199 668 1373 704 κατεμίξατε,
1390 667 1420 694 τὸ
1435 667 1563 702 μέγιστον
1576 668 1615 698 εἰς
1627 667 1723 702 ἡδονὴν
1734 666 1784 692 οὐκ
1798 665 1896 700 ἐχούσῃ

1103 716 1165 747 τοὺς
1177 715 1260 750 ὲμοὺς
1273 714 1386 749 νικητὰς
1397 713 1477 748 ὑμᾶς,
1490 713 1520 739 οὐ
1534 712 1587 748 γὰρ
1606 712 1723 748 ἐραστὰς
1735 713 1821 738 εἰπεῖν
1833 711 1897 746 ἁλη-

1105 761 1160 793 θές.
1176 760 1269 792 Οὕτως
1283 759 1519 794 εὐκαταφρόνητον
1537 759 1610 785 ἅπαν
1621 758 1652 784 τὸ
1668 757 1765 794 ῥᾳδίως
1778 756 1896 791 νικώμε-

1104 816 1150 834 νον
1160 816 1167 823 ·
1180 808 1227 834 καὶ
1240 805 1421 842 θεραπεύεται
1447 805 1495 841 μὲν
1516 804 1547 831 τὸ
1562 803 1674 840 ὑψηλὸν,
1693 802 1856 838 ἀτιμάζεται
1868 802 1896 828 δὲ

1105 854 1135 881 τὸ
1149 853 1209 889 θεῷ
1225 852 1351 880 ταπεινού
1356 860 1446 888 μενον.

269 910 322 943 nit,
340 909 468 944 quidquid
483 907 562 935 facile
592 910 759 941 superatur:
776 909 856 939 atque
887 908 916 930 ut
949 902 1000 930 coli
1033 906 1061 929 et
1089 902 1227 929 observari
1251 901 1337 934 solet,
1361 899 1406 935 qui
1429 899 1498 927 altos
1520 899 1630 934 spiritus
1646 897 1733 933 gerit;
1753 897 1789 924 ita
1805 901 1897 923 contra

269 955 348 984 facile
362 954 555 986 contemnitur,
569 953 614 987 qui
631 951 686 978 Deo
701 957 732 978 se
746 949 875 976 humilem
890 956 922 975 ac
937 948 1100 975 submissum
1117 946 1229 982 praebet.

305 1001 349 1029 ιιι.
374 1000 444 1033 Quid
460 999 563 1027 vultis?
580 986 722 1025 iudicione
743 1000 773 1023 ut
788 995 925 1022 vobiscum
941 1000 1055 1021 conten-

1141 992 1177 1018 I“.
1194 992 1227 1018 Τί
1243 990 1370 1026 βούλεσθε
1381 999 1388 1022 ;
1401 989 1496 1026 Κριθῶ
1510 989 1578 1025 (83‘)
1596 988 1665 1024 πρὸς
1674 988 1757 1023 ὑμᾶς,
1775 987 1791 1022 ἦ
1804 986 1899 1023 κριτὴς

268 1051 347 1081 dam,
371 1055 404 1074 an
428 1051 457 1073 ut
484 1051 575 1072 veSIer
594 1045 650 1078 ipse
667 1043 717 1070 sim
729 1041 835 1077 judex?
849 1040 1011 1068 sententiam
1026 1043 1056 1065 ιιι

270 1095 372 1125 feram,
398 1100 432 1120 an
455 1095 485 1118 ut
509 1090 662 1125 accipiam?
687 1087 754 1115 Nam
774 1092 917 1120 utruntque
935 1086 1054 1112 futurum

269 1147 361 1175 spero,
376 1143 404 1165 ut
419 1138 478 1165 sive
491 1137 524 1164 de
539 1143 582 1162 tne
593 1135 725 1169 judicium
742 1133 855 1164 feratur,
869 1132 955 1158 victor
968 1131 1055 1158 disce-

269 1187 330 1213 dam
348 1194 355 1212 :
374 1185 431 1211 sive
451 1183 484 1210 de
503 1189 584 1210 causa
601 1180 791 1216 pronuntiem,
812 1178 884 1212 juste
906 1185 937 1203 ac
961 1177 1057 1203 nterilo

271 1239 320 1259 vos
340 1230 531 1258 condemnem.
547 1227 658 1255 Crimen
679 1231 768 1253 autem
783 1230 902 1252 vestrum
920 1223 982 1250 illud
998 1227 1056 1254 est,

269 1277 341 1313 quod
362 1282 531 1311 nequaquam
551 1274 577 1300 in
592 1279 686 1300 amore
704 1271 782 1298 nobis
803 1269 988 1305 respondetis;
1009 1276 1057 1295 nec

270 1332 319 1360 pro
331 1331 363 1350 eo
376 1323 446 1357 quod
467 1320 543 1348 vobis
559 1326 661 1346 morem
676 1317 809 1352 gessimus
819 1335 827 1348 ,
846 1315 924 1342 nobis
938 1314 1057 1341 vicissim

271 1359 400 1397 honorem
418 1366 584 1400 rependitis;
601 1371 650 1391 ttec
663 1371 723 1389 eam
740 1369 811 1389 nunc
827 1361 977 1388 animorum
999 1359 1056 1385 ala-

271 1414 396 1441 critatem
422 1410 540 1445 all‘ertis,
565 1416 625 1443 qua:
649 1408 714 1434 mibi
739 1406 773 1433 ad
794 1407 861 1433 bene
881 1405 914 1432 de
939 1403 1015 1431 vobis
1032 1404 1057 1429 in

272 1464 410 1495 posterum
427 1456 590 1491 sperandum
608 1454 729 1489 pignoris
745 1452 804 1480 loco
820 1452 856 1479 sit
871 1461 877 1478 :
895 1451 975 1485 idque
995 1457 1056 1476 cum

273 1494 354 1530 etiam
373 1503 394 1530 si
410 1503 467 1536 ipsa
485 1500 645 1532 accesserit,
668 1499 713 1525 vix
741 1502 830 1525 tamen
853 1497 918 1524 satis
940 1494 1059 1529 locuples

1107 1038 1247 1073 γένωμαι;
1268 1037 1372 1070 ἐνέγκω
1386 1036 1485 1071 ψῆφον,
1500 1035 1517 1071 ἣ
1537 1035 1671 1070 δέξωμαι;
1690 1035 1744 1061 Καὶ
1754 1033 1808 1069 γὰρ
1825 1033 1900 1068 νική-

1108 1092 1164 1110 σειν
1177 1082 1288 1114 ἐλπίζω,
1300 1083 1469 1118 κρινόμενος,
1484 1081 1531 1107 καὶ
1545 1079 1774 1116 καταψηφιεῖσθαι
1787 1079 1899 1111 δικαίως

1108 1128 1333 1163 ἀποφαινόμενος.
1348 1127 1385 1153 Τὸ
1402 1127 1430 1153 δὲ
1445 1126 1581 1162 ἔγκλημα,
1598 1127 1638 1153 ὅτι
1652 1125 1689 1161 μὴ
1705 1127 1761 1156 τοῖς
1772 1125 1838 1156 ἴσοις
1854 1125 1901 1159 μὲ-

1109 1183 1183 1209 τροις
1196 1173 1251 1209 (84)
1264 1173 1409 1208 ἀμείϐεσθε
1421 1172 1471 1207 τῆς
1484 1173 1594 1207 ἀγάπης
1613 1172 1696 1207 ἡμᾶς,
1711 1171 1779 1206 μηδὲ
1793 1171 1843 1206 τῆς
1857 1171 1902 1197 :3.-

1111 1219 1232 1250 πειθείας
1250 1218 1298 1254 τὴν
1317 1218 1398 1254 τιμὴν
1415 1218 1572 1250 ὰντιδίδοτε,
1589 1217 1656 1252 μηδὲ
1677 1216 1707 1243 τὸ
1721 1216 1816 1252 μέλλον
1833 1215 1901 1250 (84⁸)

1110 1265 1246 1299 ἐγγυᾶσθε
1270 1265 1301 1299 τῇ
1325 1263 1372 1291 νῦν
1386 1263 1535 1300 προθυμίᾳ,
1557 1263 1635 1298 μόγις
1653 1262 1700 1289 καὶ
1719 1262 1787 1297 μετὰ
1802 1262 1903 1297 ταύτης

1111 1310 1287 1345 πιστευθῆναι
1298 1309 1445 1345 δυνάμενον
1455 1318 1461 1324 ·
1482 1309 1575 1344 ἐπειδὴ
1586 1308 1750 1344 θερμότερος
1763 1309 1836 1339 ἄπας
1852 1309 1902 1343 ἀρ-

1111 1355 1234 1390 χόμενος.
1268 1355 1365 1386 Ἄλλος
1388 1354 1417 1381 δὲ
1432 1354 1496 1381 ἄλλο
1525 1363 1551 1381 τι
1581 1354 1776 1389 προτιμότερον
1797 1353 1904 1380 τίθεσθε

1112 1402 1159 1428 καὶ
1173 1401 1220 1427 τοῦ
1244 1399 1359 1428 παλαιοῦ
1385 1401 1432 1427 καὶ
1453 1400 1499 1427 τοῦ
1522 1401 1584 1427 νέου
1612 1400 1740 1435 ποιμένος
1754 1400 1820 1435 (85).
1837 1400 1905 1435 μήτε

1111 1447 1160 1482 τὴν
1185 1446 1281 1473 πολιὰν
1305 1446 1469 1481 αἰδούμενοι,
1493 1446 1562 1481 μήτε
1581 1446 1629 1473 τὶπν
1650 1446 1763 1472 νεόττπτα
1783 1454 1905 1476 προσκα-

1113 1501 1158 1518 mu
1163 1500 1236 1527 μενοι
1241 1511 1247 1518 .

275 1557 387 1586 sponsor
411 1556 470 1576 esse
490 1552 568 1582 queat
592 1546 671 1574 olIicii
695 1547 721 1572 iu
744 1545 864 1573 futurum
887 1542 1057 1579 prmstandi:
1078 1541 1205 1575 quoniam
1235 1539 1324 1566 acrior
1343 1546 1374 1566 ac
1391 1538 1539 1566 ferventior
1555 1538 1643 1573 quivis
1673 1545 1734 1566 esse
1746 1539 1824 1569 solet,
1838 1545 1898 1565 cum

275 1598 374 1632 aliquid
388 1597 552 1632 auspicatur.
563 1594 634 1628 Quin
646 1593 735 1628 potius
766 1593 811 1619 alit
840 1591 893 1619 alia
917 1590 1033 1621 habetis,
1056 1595 1116 1623 quae
1134 1592 1161 1614 et
1174 1586 1259 1613 veteri
1279 1590 1307 1613 ct
1325 1593 1394 1614 novo
1412 1586 1514 1621 pastori
1531 1585 1695 1621 praferatis,
1714 1594 1763 1614 nec
1780 1587 1906 1614 canitiem

275 1647 378 1674 honore
392 1648 584 1680 prosequentes
595 1662 603 1674 ,
625 1649 674 1669 nec
693 1640 841 1675 juvenilem
856 1644 963 1666 atatem
982 1637 1146 1664 excitantes.

314 1693 357 1720 IV.
383 1692 526 1719 Enimvero
549 1698 576 1717 tn
594 1689 746 1724 Evangeliis
771 1688 842 1715 lauta
869 1692 896 1714 et
919 1684 1058 1720 magnifica

1150 1681 1186 1708 A’.
1203 1680 1312 1707 Δεῖπνόν
1342 1681 1416 1706 ἐστιν
1442 1681 1471 1707 ὲν
1495 1681 1552 1712 τοῖς
1577 1679 1751 1713 Εὐαγγελίοις
1770 1679 1905 1714 λαμπρὸν,

276 1746 354 1766 coena
362 1742 403 1765 est
412 1736 443 1769 “,
457 1741 482 1764 et
491 1737 575 1762 bonus
586 1743 617 1762 ac
629 1734 741 1761 festivus
752 1734 922 1765 convivator,
933 1737 960 1759 et
971 1730 1062 1762 amici,

278 1790 306 1812 et
320 1783 473 1811 convivium
487 1802 494 1814 ,
511 1786 540 1809 ut
554 1781 580 1808 in
599 1781 644 1808 filii
663 1778 764 1815 nuptiis
777 1780 810 1812 η,
824 1778 1062 1814 jucumlissimum.

277 1828 470 1856 Convocautur
493 1826 550 1859 illi,
575 1833 626 1852 nec
653 1830 741 1852 tamen
761 1825 892 1850 veniunt:
909 1830 989 1857 quam
1006 1828 1062 1848 rem

277 1874 339 1908 ipse
352 1874 450 1900 acerbe
466 1872 568 1902 ferens.
580 1876 608 1898 ut
620 1871 652 1898 iis
664 1878 723 1905 quae
738 1869 898 1896 intcrmedia
914 1873 986 1900 sunt,
999 1866 1062 1894 ntali

280 1918 379 1946 ominis
394 1917 496 1944 vitandi
511 1923 592 1943 causa
605 1936 612 1949 ,
634 1915 838 1950 praetermissis,
856 1914 945 1940 minus
968 1919 1063 1948 aspere

280 1965 389 1999 loquar,
402 1963 462 1990 aliis
476 1962 631 1989 hominibus
643 1961 796 1988 convivium
809 1968 886 1987 suum
899 1959 1063 1994 implendum

279 2011 398 2039 curat”.
420 2009 476 2036 Hoc
492 2009 602 2043 quidem
618 2008 719 2035 utinam
735 2007 804 2034 Deus
818 2014 832 2033 a
848 2006 924 2033 vobis
938 2010 1062 2033 avertat:

278 2058 325 2085 sed
349 2061 437 2084 tamen
449 2075 457 2088 ,
480 2054 614 2089 quomodo
635 2053 660 2080 id
678 2053 777 2080 leniter
793 2053 963 2088 proloquar?
980 2051 1064 2079 subli-

278 2103 350 2129 mius
366 2104 413 2128 aut
428 2099 588 2127 insolentius
604 2105 709 2125 mecum
725 2097 818 2132 egistis
829 2116 836 2128 ,
853 2104 934 2131 quam
948 2096 985 2123 illi
1002 2095 1064 2131 qui.

279 2149 334 2184 7o
346 2155 406 2175 cum
418 2145 521 2174 invitati
532 2149 634 2177 essent,
647 2151 753 2171 caenam
768 2143 923 2170 insultando
935 2143 1064 2177 repudia-

279 2198 359 2225 runt,
375 2197 456 2227 atque
470 2192 630 2219 invitantem
645 2188 808 2216 contumelia
826 2187 978 2215 atiecerunt
993 2196 999 2214 :
1018 2194 1065 2214 vos

281 2244 409 2271 namque,
423 2244 484 2264 cum
502 2243 552 2263 nec
567 2233 704 2267 extranei,
725 2239 773 2260 nec
787 2240 819 2260 ex
834 2240 927 2260 eorum
939 2253 947 2265 ,
966 2232 1012 2266 qui
1030 2232 1063 2259 ad

282 2282 389 2318 nuptias
407 2281 565 2315 invitantur,
579 2286 692 2307 numero
705 2278 773 2310 sitis,
787 2278 834 2313 qui
851 2286 892 2305 me
907 2279 997 2313 potius
1015 2277 1065 2312 ipsi

1118 1728 1166 1755 καὶ
1191 1727 1277 1761 δεξιὸς
1301 1727 1445 1762 ἑστιάτωρ,
1473 1727 1519 1753 καὶ
1533 1727 1614 1761 φίλοι,
1645 1725 1737 1752 καὶτὸ
1759 1726 1907 1761 συμπόσιον

1115 1773 1223 1808 ἥδιστον
1233 1779 1240 1787 ·
1255 1772 1312 1798 υίοῦ
1326 1772 1380 1806 γὰρ
1404 1772 1502 1807 γάμος,
1518 1772 1573 1798 Καὶ
1586 1773 1600 1798 ὁ
1619 1771 1667 1807 μὲν
1682 1771 1811 1805 συγκαλεί
1828 1771 1906 1805 (85³),

1116 1820 1141 1846 οἱ
1160 1819 1188 1846 δὲ
1203 1819 1234 1846 οὐ
1256 1818 1446 1853 συνέρχονται·
1463 1819 1478 1844 ὁ
1497 1817 1525 1844 δὲ
1541 1819 1706 1852 ἀγανακτεί’
1729 1818 1776 1844 καὶ
1790 1817 1907 1852 παρίημι

1116 1866 1150 1892 τὰ
1166 1868 1194 1892 ἐν
1211 1866 1285 1901 μέσῳ
1301 1865 1344 1891 διὰ
1371 1865 1400 1891 τὺ
1415 1864 1554 1900 δύσφημον
1567 1873 1574 1880 ⁸
1594 1864 1651 1891 ἀλλ’
1670 1864 1684 1891 ὃ
1701 1864 1808 1900 μέτριον
1823 1864 1908 1890 εἰπεῖν

1115 1911 1183 1947 (86),
1201 1911 1233 1938 δι’
1245 1911 1331 1938 ἄλλων
1346 1911 1445 1946 πληροῖ
1463 1911 1494 1937 τὸ
1516 1911 1675 1946 συμπόσιον.
1693 1910 1780 1937 Τοῦτο
1801 1910 1849 1945 μὲν
1862 1907 1908 1936 οὖν

1115 1958 1309 1993 ἁπευχόμεθα·
1337 1958 1416 1992 ὑμεῖς
1442 1957 1470 1983 δὲ
1496 1956 1622 1983 τοσοῦτον
1645 1956 1756 1983 ἐκείνων
1781 1955 1909 1990 γεγύνατέ

1117 2013 1161 2040 μοι
1174 2004 1243 2040 (πῶς
1270 2004 1339 2030 εἴπω
1354 2003 1449 2038 πράως
1459 2003 1479 2037 ;)
1494 2002 1655 2039 ὑψηλότεροι
1672 2003 1726 2038 (87)
1742 2003 1758 2038 ἥ
1779 2002 1910 2038 Θρασύτε-

1120 2058 1172 2086 ροι,
1187 2050 1249 2076 ὅσον
1270 2049 1294 2076 οῑ
1318 2049 1365 2084 μὲν
1383 2048 1545 2084 κεκλημένοι
1570 2048 1616 2075 τοῦ
1642 2048 1750 2075 δείπνου
1769 2047 1909 2080 κατεξανῖ-

1120 2104 1240 2128 στανται,
1261 2095 1306 2122 καί
1319 2094 1389 2121 κατὰ
1401 2094 1446 2121 τοῦ
1461 2094 1626 2129 κεκληκότος
1639 2093 1794 2130 ὑϐρίζουσιν
1805 2102 1812 2108 ·
1831 2093 1910 2128 ὑμεῖς

1118 2141 1158 2173 δὲ,
1174 2142 1204 2167 οὐ
1220 2141 1274 2168 τῶν
1295 2140 1394 2173 ἔξωθεν
1413 2140 1499 2172 ὄντες,
1524 2140 1584 2166 οὐδὲ
1601 2139 1655 2166 τῶν
1671 2140 1846 2175 κεκλημένων
1863 2140 1910 2166 ἐπὶ

1118 2187 1180 2219 τοὺς
1209 2187 1325 2222 γάμους,
1344 2186 1401 2212 ἀλλ’
1427 2186 1504 2213 αὐτοὶ
1523 2185 1737 2220 συγκαλέσαντες
1760 2186 1843 2221 ἡμᾶς,
1862 2185 1910 2212 καὶ

1116 2233 1150 2267 τῇ
1169 2233 1227 2268 ἱερᾷ
1247 2232 1303 2268 (88)
1320 2233 1406 2268 ταύτῃ
1428 2232 1550 2268 τραπέζῃ
1571 2232 1778 2267 προσδήσαντες,
1800 2232 1847 2258 καὶ
1862 2231 1908 2257 τοῦ

1119 2278 1263 2314 νυμφῶνος
1287 2278 1335 2314 τὴν
1362 2278 1544 2314 λαμπρότητα
1573 2277 1793 2313 παραδείξαντες,
1816 2278 1910 2304 ἔπειτα

318 2371 339 2386 ¹²
351 2369 402 2398 lsa.
420 2377 440 2402 ι,
456 2370 498 2396 14.
539 2369 560 2384 ¹³
575 2367 668 2395 Matth.
684 2374 748 2400 ην,
763 2366 807 2394 55.
848 2366 870 2382 “
883 2366 949 2394 an.
966 2374 1019 2397 xiv,
1038 2367 1058 2394 lt

1120 2366 1143 2381 “
1158 2365 1254 2393 Matth.
1267 2373 1335 2399 χιιι,
1350 2365 1378 2393 2.
1417 2366 1440 2381 ¹⁸
1457 2365 1523 2393 ibid.
1540 2366 1583 2393 10.

299 2443 386 2484 ’(82⁸)
406 2443 609 2476 Αὶδεσθέντες.
635 2451 644 2468 ι
666 2443 788 2470 Divinum
803 2447 963 2477 prazceptum
990 2449 1058 2469 τονθ-

1121 2445 1238 2484 regeret,
1254 2446 1398 2484 postquam
1419 2442 1590 2484 §azimorum
1610 2441 1910 2482 episcopus_ordinattts

282 2481 338 2508 I'ili.
360 2488 370 2504 ι

320 2514 376 2549 (85)
401 2512 624 2549 Έδεξιὼσαᾳθε.
640 2512 723 2540 Gabr.
738 2511 908 2544 ὲδεξιώσατε.

320 2548 387 2584 (8ὅ”)
407 2548 510 2584 Κριθῶ,
529 2558 538 2574 ι
553 2548 672 2584 Judicer.
689 2557 698 2573 ι

319 2582 382 2619 (84)
401 2582 448 2617 Μὴ
466 2583 527 2616 τοῖς
543 2583 621 2615 ισοις
634 2582 763 2619 μέτροις.
782 2592 791 2607 ι
808 2582 883 2615 Quod
902 2589 953 2607 non
976 2588 1067 2614 parem

284 2617 496 2648 nobis'autorem
512 2619 667 2652 rependitis.
685 2617 741 2644 Non
757 2618 813 2651 pari
827 2624 962 2652 mensura.
983 2625 992 2642 ›

321 2655 388 2690 (διο)
408 2653 490 2687 Μηδὲ
506 2651 677 2690 repertam
689 2658 742 2679 etc.
762 2661 776 2690 ιΔ
784 2652 872 2690 Atque
881 2652 913 2678 de
931 2651 1020 2690 futuro
1035 2658 1069 2690 ne

284 2698 316 2719 ea
324 2685 401 2717 nunc
415 2685 523 2723 quidem
538 2685 677 2714 alacritate
693 2685 842 2722 spondetis’,
860 2694 919 2721 qth
938 2686 1023 2713 futuri
1034 2685 1068 2712 li-

286 2726 345 2752 dem
360 2725 400 2751 vel
411 2722 467 2757 ipsa
477 2731 593 2758 praesens
607 2727 734 2758 praestare
749 2722 904 2758 viriposset.
920 2731 930 2748 ι

321 2760 376 2794 (85)
396 2756 451 2786 Kal
470 2756 522 2785 τοῦ
539 2756 615 2786 νέον
626 2757 777 2794 {temer-oc.
795 2756 844 2794 llic
858 2756 1069 2794 haeretﬁomber

287 2792 372 2826 fisiuS,
387 2799 413 2820 et
428 2794 551 2828 ignorare
570 2801 600 2821 se
623 2792 731 2824 fatetur,
747 2799 780 2828 an
798 2792 856 2819 haec
875 2792 990 2826 simplici
1008 2798 1069 2824 pre-

287 2832 394 2862 sbytero
406 2827 556 2860 conveniat,
571 2835 603 2854 an
619 2827 856 2862 potiusrepiscopo,
869 2827 913 2862 qui
925 2828 981 2860 jattt
992 2833 1066 2853 com-

287 2861 413 2891 munibus
427 2863 500 2891 curis
516 2870 576 2890 cum
599 2867 675 2896 patre
700 2861 846 2889 Ecclesium
871 2861 1066 2889 Nazianzenam

1121 2475 1253 2516 fuerat}
1266 2475 1390 2516 forsitan
1408 2476 1573 2516 _Greg_oriu_s,
1589 2485 1598 2502 t
1625 2475 1710 2510 inquit
1739 2476 1788 2516 vir“
1803 2478 1910 2508 doctus.

1125 2519 1134 2536 ι
1151 2511 1251 2538 relictis
1266 2511 1392 2543 Sazitnis,
1407 2512 1433 2538 itt
1452 2512 1621 2538 solitudinem
1638 2518 1667 2537 se
1689 2511 1811 2543 contulit,
1827 2520 1842 2539 e
1857 2520 1910 2546 qua

1122 2553 1136 2572 a
1149 2551 1225 2580 patre
1236 2551 1262 2573 et
1278 2546 1372 2573 amicis
1385 2551 1535 2578 revocatus,
1547 2546 1585 2573 sic
1596 2546 1622 2572 in
1634 2545 1766 2579 frequenti
1776 2545 1909 2574 conventu

1122 2581 1191 2615 apud
1208 2587 1271 2607 suos
1289 2582 1372 2615 C(Bpil.
1385 2581 1466 2608 verba
1483 2581 1581 2608 facere.
1599 2590 1609 2606 ›

1141 2615 1226 2656 ,(85⁸)
1246 2615 1300 2655 Καὶ
1313 2617 1329 2641 ό
1344 2615 1403 2650 μὲν
1414 2615 1571 2656 curaeatch
1589 2624 1598 2641 ι
1683 2615 1727 2656 ille
1742 2616 1846 2656 quidem
1868 2616 1910 2643 in-

1121 2649 1198 2682 vitat,
1218 2651 1266 2684 ipsi
1282 2649 1372 2677 autem
1389 2658 1442 2678 non
1461 2649 1589 2683 veniunt,
1611 2649 1654 2678 ille
1671 2654 1761 2677 autem
1789 2651 1909 2685 indigna-

1120 2690 1174 2716 tur,
1188 2694 1197 2710 ι
1215 2690 1268 2712 etc.

1155 2719 1220 2759 (86)
1240 2720 1321 2759 ’μα’
1335 2719 1484 2759 ὒξμῗέτριον
1507 2719 1612 2747 ειπεῖν.
1633 2719 1728 2747 Comb.
1739 2719 1770 2745 τὸ
1788 2718 1908 2755 μέτριον,

1121 2763 1130 2780 ι
1150 2755 1220 2789 quod
1239 2755 1311 2780 dictu
1330 2755 1420 2782 mitius
1439 2760 1490 2783 est.
1507 2764 1517 2780 ›

1119 2789 1208 2851 eis"?
1236 2789 1447 2824 ’Υψηλότεροι,
1469 2795 1522 2818 etc.
1546 2798 1556 2815 ι
1576 2788 1668 2824 Maiori
1686 2788 1758 2817 factu
1785 2793 1812 2818 et
1827 2790 1912 2818 auda-

1154 2859 1210 2895 (88)
1233 2857 1273 2892 Τῇ
1286 2858 1358 2894 ἱερᾷ.
1375 2869 1384 2885 ι
1400 2859 1491 2888 Sacrae
1506 2859 1569 2887 huic
1586 2866 1694 2887 mensae.
1707 2867 1718 2884 ι
