2070 3135
178 201 227 229 ,521
375 199 505 228 ORATIO
525 199 571 228 Ill.
590 214 626 221 -—-
643 199 689 226 AD
709 198 776 226 EOS
794 198 853 232 QUI
872 198 979 227 IPSUM
999 197 1217 227 ACCIVERANT
1238 197 1305 226 NEC
1323 197 1593 227 OCCURRERANT.
1751 201 1803 229 522

184 257 372 289 ιαταλιπόντες
392 257 465 293 ἡμᾶς
485 257 564 284 τοῦτο
581 257 636 293 γὰρ
653 256 729 292 ὑμῶν
757 257 787 283 τὺ
814 258 963 291 γενναιότα-

1021 258 1248 291 eonvocaveritis,
1264 265 1295 285 ac
1309 263 1491 287 sacrosanctae
1503 265 1604 286 mentita
1621 261 1803 290 astrinxeritis

183 311 222 329 ιον
238 303 291 338 (89)
305 311 312 318 ·
329 305 344 330 ὁ
359 303 407 339 μὲν
426 304 472 330 ἐπὶ
483 304 528 330 τὸν
549 303 613 330 ἴδιον
628 303 722 337 ἀγρὸν,
738 304 751 330 ὁ
767 303 796 329 δὲ
807 303 853 329 ἐπὶ
865 303 895 329 τὺ
906 302 963 334 ζεῦ-

1019 303 1186 338 thalamique
1205 304 1334 339 nuptialis
1351 305 1521 338 splendorem
1536 305 1712 333 ostenderitis
1725 308 1803 335 nobis

182 357 224 383 τος
236 348 290 375 τῶν
311 349 379 384 βοῶν
389 349 421 376 τὸ
435 349 567 384 νεώνητον
578 348 646 383 (90),
660 349 674 375 ό
683 348 711 375 δὲ
729 349 775 375 ἐπὶ
786 348 835 384 τὴν
852 350 963 383 γυναῖκα

1020 349 1108 376 subito
1121 350 1222 378 relictis
1237 351 1298 386 (hoc
1306 351 1377 377 enim
1387 350 1493 378 facinus
1502 356 1620 378 vestrum
1635 356 1676 379 est
1691 353 1803 387 praecla-

182 395 227 429 τὴν
243 395 404 431 νεόνυμφον,
431 397 445 422 ὀ
471 395 499 422 δὲ
516 395 594 428 ἄλλος
620 396 663 421 ἐπ’
677 394 741 422 ἄλλο
750 404 776 421 τι
788 394 843 421 τῶν
862 395 963 431 μικρῶν

1021 396 1170 432 rissimum)
1183 406 1189 424 :
1205 397 1274 424 alius
1285 398 1319 424 ad
1334 405 1427 432 agrum
1439 405 1528 430 suum,
1539 397 1606 425 alius
1616 398 1648 425 ad
1661 406 1710 433 par
1720 398 1802 426 boum

176 441 340 477 διεσπάρητε
366 442 412 468 καὶ
428 442 631 477 ἀπεπηδήσατε,
654 441 740 477 μικρὰ
759 440 806 467 τοῦ
824 441 963 476 νυμφῶνος

1021 447 1116 470 recens
1131 447 1261 477 emptum,
1277 443 1346 470 alius
1359 443 1392 470 ad
1407 450 1518 469 uxorem
1534 442 1688 476 nuperrime
1703 442 1729 470 in
1744 450 1803 469 nias

178 487 235 521 (9|)
252 487 298 514 καὶ
314 487 361 513 τοῦ
376 487 493 523 νυμῳίου
507 487 707 522 φροντίσαντες.

1023 488 1177 515 trimonium
1191 494 1328 523 acceptam
1339 488 1372 520 ¹⁷,
1382 489 1451 515 alius
1458 489 1491 515 ad
1501 487 1572 515 aliud
1584 488 1728 523 quodpiam
1738 488 1804 515 levis

178 535 451 568 poriderisnegotinm
469 535 635 569 prosiliistis,
650 542 682 562 ac
702 534 815 569 dispersi
831 535 908 567 estis,
921 542 1004 570 parva
1029 536 1140 570 ratione
1152 536 1255 568 habita,
1278 543 1339 562 cum
1363 535 1474 562 thalami
1498 534 1677 567 connubialis,
1695 539 1750 562 tum
1767 533 1804 569 ip-

178 582 238 608 sius
252 581 333 608 ctiatn
349 581 453 615 sponsi.

213 627 251 653 E'.
264 626 313 653 Διὰ
329 627 408 653 τοῦτο
428 626 547 662 ἀθυμίας
569 626 737 662 ἐνεπλήσθην
758 625 814 662 (92)
838 627 885 653 καὶ
897 627 965 653 ἀπο-

177 672 239 708 ρίας
251 681 257 687 ·
271 673 302 698 οὐ
322 672 376 708 γὰρ
390 672 404 698 ὅ
435 672 566 702 πέπονθα,
592 673 764 708 σιωπήσομαι
777 680 784 687 '
806 673 851 699 καὶ
869 672 966 708 μικροῦ

178 719 229 754 μὲν
244 719 356 753 ἀνέσχον
366 718 410 745 τὺν
426 718 512 752 λόγον,
523 718 553 744 ὃν
565 718 752 754 δωροφορῆσαι
762 718 917 753 διενοούμην
927 718 966 754 τῷ

176 765 270 800 γάμῳ,
285 765 315 791 τὸ
339 764 481 791 κάλλιστον
498 762 534 791 ὧν
557 762 630 800 εἶχον
652 765 699 791 καὶ
723 763 901 799 τιμιώτατον·
920 773 965 800 μι-

176 811 245 847 κροῦ
258 811 285 837 δὲ
304 811 368 846 ὑμῖν
386 811 516 846 ἑπαφῆκα
535 812 592 842 τοῖς
609 810 786 845 ποθουμένοις
805 810 870 845 (95),
889 811 964 837 ἐπει-

174 856 208 892 δή
221 865 252 890 γε
266 856 339 888 ἅπαξ
354 855 513 890 ὲξεὸιάσθην
525 855 597 891 (91)·
621 855 669 882 ἅτε
695 855 728 891 δὴ
747 855 876 891 λαμπρᾶς
895 855 966 882 οὕτω

1058 629 1089 655 ν.
1110 628 1255 663 Propterea
1271 634 1388 654 mcerore
1402 632 1482 661 atque
1497 625 1579 652 animi
1597 625 1736 653 anxietate
1750 611 1802 652 int-

1020 673 1106 708 pletus
1122 681 1197 705 sum;
1216 681 1266 699 nec
1279 673 1350 699 enim
1365 672 1429 706 quid
1451 671 1515 698 mihi
1534 671 1680 703 acciderit,
1696 671 1803 698 silentio

1021 723 1107 754 tegant
1118 727 1126 750 ;
1139 719 1257 753 nihilque
1266 719 1375 753 propius
1387 718 1487 744 factum
1498 722 1550 749 est,
1562 725 1641 752 quam
1657 722 1686 744 ut
1698 725 1803 745 sermo-

1021 772 1099 798 nem,
1123 772 1202 799 quem
1222 765 1280 792 loco
1299 765 1418 791 muneris
1436 764 1564 798 nuptialis
1583 763 1684 791 oll‘erre
1701 765 1804 792 consti-

1020 817 1136 844 tueram,
1148 818 1256 846 quoque
1268 818 1316 838 nec
1329 810 1469 846 pulchrius
1481 818 1530 838 nec
1542 812 1716 845 praestantius
1727 812 1804 846 quid-

1020 864 1100 892 quam
1121 857 1226 890 habeo,
1247 859 1316 891 apud
1341 865 1383 886 me
1400 858 1567 885 contineretn
1584 867 1590 885 :
1609 858 1676 885 nihil
1695 866 1802 886 rursum

176 902 325 937 λαδόμενος
345 901 510 933 ὑποθέσεως,
537 901 583 928 καὶ
605 901 652 927 τοῦ
675 901 786 936 φίλτρου
805 902 855 937 τὴν
877 902 963 937 γλῶσ-

1019 905 1146 939 propius,
1165 911 1245 939 quam
1261 908 1291 931 ut
1304 904 1424 937 ejusdem
1440 904 1562 931 aculeum
1582 904 1608 930 in
1630 911 1677 931 vos
1700 904 1804 931 amicos

176 955 228 974 σαν
244 947 382 983 θήγοντος,
398 946 412 973 ὃ
426 947 457 981 δὴ
476 947 642 982 Θερμότατον
669 948 709 979 εἰς
734 948 901 984 κατηγορίαν
919 949 966 975 καὶ

176 993 375 1028 εὐπορώτατον,
401 992 465 1018 ὅταν
485 992 594 1027 γένηται
628 991 717 1027 ζῆλος,
741 992 830 1028 λύπην
857 993 890 1020 ὲκ
917 993 965 1028 τῆς

177 1039 328 1075 ὑπεροψίας
340 1037 500 1074 προσλαϐὼν
511 1038 567 1072 (95)
577 1037 788 1074 ἀπροσδόκητον.
800 1038 834 1065 Εί
839 1047 880 1071 τις
888 1039 966 1074 ὑμῶν

175 1084 277 1120 οἴστρῳ
292 1084 405 1120 πληγεὶς
422 1083 582 1119 ὑπερώφθη,
598 1082 726 1120 γνωρίζει
748 1084 778 1111 τὸ
805 1084 899 1116 πάθος,
917 1085 965 1112 καὶ

176 1131 362 1165 συγγνώσεται
376 1130 454 1157 τοῦτο
472 1129 596 1162 παθοῦσι,
615 1131 660 1157 καὶ
682 1130 782 1166 ταύτης
795 1131 878 1165 ἐγγὺς
889 1139 965 1165 γενο-

177 1176 268 1212 μένοις
282 1177 337 1212 (96)
348 1177 398 1212 τῆς
411 1176 549 1208 ἀπονοίας.

1018 957 1102 983 meos,
1117 951 1224 985 quando
1236 950 1300 977 mihi
1315 949 1398 977 seruet
1411 950 1450 977 ris
1463 949 1542 976 allata
1553 954 1604 981 est,
1619 950 1780 985 stringeret:
1793 958 1800 978 2

1018 1001 1072 1022 tam
1090 995 1255 1023 luculentum
1272 995 1379 1023 scilicet
1395 995 1528 1022 orationis
1544 999 1731 1029 argumentum
1754 1002 1802 1022 na-

1017 1045 1086 1075 ctus,
1102 1049 1134 1069 ac
1151 1042 1231 1068 simul
1245 1048 1336 1068 amore
1352 1040 1469 1076 linguam
1483 1043 1614 1073 acuente,
1627 1039 1672 1074 qui
1692 1040 1802 1075 quidem

1018 1086 1050 1114 ad
1074 1087 1258 1114 accusandum
1283 1086 1433 1114 acerrimus
1459 1087 1718 1121 copiosissimusque
1741 1090 1801 1120 est,

1017 1140 1077 1160 cum
1094 1134 1128 1160 ob
1145 1140 1288 1160 maerorem
1312 1141 1344 1160 ex
1371 1134 1509 1168 inopinato
1531 1137 1685 1166 contemptu
1711 1140 1803 1160 susce-

1015 1182 1089 1212 ptum
1101 1179 1127 1205 in
1136 1178 1295 1213 zelotypiam
1310 1179 1452 1206 exarserit.
1463 1179 1490 1206 Si
1503 1179 1562 1213 quis
1570 1185 1688 1206 vestrum
1700 1180 1802 1207 amoris

176 1230 261 1252 (nstro
278 1223 395 1258 percitus
411 1229 441 1249 se
454 1222 604 1257 neglectum
618 1222 720 1254 sensit,
736 1223 760 1249 is
783 1222 908 1249 nimirum
941 1222 994 1249 vim
1010 1222 1088 1256 hujus
1108 1223 1220 1251 allectus
1239 1223 1379 1258 intelligit,
1400 1230 1432 1250 ac
1453 1224 1564 1258 proinde
1578 1224 1654 1251 nobis
1674 1225 1724 1252 hoc
1738 1232 1802 1259 pas-

176 1271 229 1302 sis,
242 1273 322 1304 atque
348 1269 375 1296 in
399 1269 468 1296 hanc
486 1268 632 1295 amentiam
648 1267 705 1296 fere
721 1268 853 1304 prolapsis
872 1269 1002 1304 ignoscet.

211 1316 256 1351 ς’,
275 1316 344 1343 Ἀλλ’
361 1316 422 1352 ἐμοὶ
446 1316 495 1352 μὲν
524 1323 588 1342 ουτε
600 1315 651 1343 νῦν
675 1316 784 1352 Θεμιτόν
806 1317 880 1343 ἐστιν
891 1316 967 1352 ὑμῶν

174 1371 202 1391 τι
215 1362 398 1398 καθάψασθαι,
413 1363 475 1398 μήτ’
489 1361 582 1388 ἄλλοτε
599 1361 711 1396 γένοιτο.
730 1363 785 1389 Καὶ
801 1362 884 1389 ταῦτα
902 1363 966 1394 ἴσως

176 1409 247 1445 ὑπὲρ
260 1409 291 1435 τὸ
321 1408 430 1444 μέτριον
456 1408 512 1443 (97)
533 1407 709 1443 καθηψάμην,
728 1408 777 1444 τῆς
800 1409 875 1444 ἱερᾶς
904 1409 965 1435 ποί-

177 1463 247 1490 μνης
264 1453 329 1488 (98),
346 1453 400 1480 τῶν
423 1453 572 1480 ἐπαινετῶν
588 1453 706 1489 Χριστοῦ
726 1453 902 1489 Θρεμμάτων,
916 1455 965 1490 τῆς

176 1499 251 1531 Θείας
263 1498 454 1535 κληρονομίας,
469 1499 503 1525 δι’
522 1499 555 1534 ἦν
574 1499 630 1534 (99)
654 1499 779 1532 πλούσιος
795 1499 826 1526 σὺ
843 1499 892 1535 (1),
913 1499 965 1527 κᾶν

176 1543 211 1582 ᾗς
228 1545 321 1580 πένης.
335 1545 458 1572 Κάκεῖνά
468 1553 508 1571 σοι
520 1545 635 1581 πρέπειν
650 1544 769 1580 ἡγοῦμαι
787 1545 822 1571 τὰ
837 1546 964 1581 ῥήματα·

175 1591 298 1625 Σχοινία
311 1589 441 1617 ἐπέπεσέ
454 1590 492 1625 (2)
507 1597 558 1617 σοι
579 1591 614 1616 ἐν
634 1590 697 1623 τοῖς
714 1590 898 1624 κριιτίστοις’
914 1592 963 1619 καὶ

1054 1315 1098 1342 Vl.
1120 1315 1218 1342 Verum
1234 1322 1284 1342 nec
1299 1322 1343 1343 me
1357 1315 1409 1343 hoc
1426 1318 1547 1349 tempore
1561 1315 1708 1349 quidquam
1724 1322 1802 1350 aspe-

1018 1362 1075 1389 rius
1089 1361 1115 1388 in
1129 1368 1177 1388 vos
1191 1360 1282 1388 dicere
1298 1359 1338 1387 fas
1354 1364 1405 1391 est,
1440 1367 1490 1386 nec
1509 1359 1576 1387 alias
1594 1367 1712 1394 unquam
1729 1361 1802 1387 acci-

1018 1407 1064 1434 dat
1078 1407 1169 1434 Velim.
1185 1407 1273 1440 Atque
1285 1405 1366 1432 etiam
1384 1405 1444 1439 plus
1460 1412 1538 1439 aequo
1557 1405 1672 1433 fortasse
1686 1413 1733 1432 vos
1749 1405 1801 1432 hac

1018 1453 1140 1480 oratione
1153 1451 1378 1487 perstrinximus,
1394 1459 1458 1483 vos,
1474 1451 1583 1486 inquam
1594 1471 1601 1484 ,
1616 1459 1724 1478 sacrum
1741 1459 1802 1487 gre-

1018 1507 1087 1535 gem,
1105 1499 1247 1533 praeclaras
1262 1498 1360 1525 Christi
1377 1505 1451 1529 oves,
1470 1497 1586 1524 divinam
1604 1498 1799 1530 litereditatem,

1018 1551 1128 1580 propter
1154 1551 1234 1579 quam
1258 1544 1384 1578 copiosius
1407 1550 1438 1570 es
1459 1548 1487 1570 et
1508 1543 1644 1577 locuples.
1666 1551 1683 1569 ο
1709 1543 1800 1576 Pater,

1018 1590 1124 1617 tametsi
1141 1589 1240 1623 alioqui
1257 1590 1352 1623 opibus
1372 1596 1478 1615 careas.
1502 1589 1542 1615 Ac
1561 1589 1643 1616 verba
1662 1589 1704 1615 illa
1726 1589 1800 1616 Scri-

174 1637 231 1672 γὰρ
241 1637 260 1670 ἡ
273 1637 455 1671 κληρονομία
472 1644 529 1663 σου
547 1637 690 1670 κρατίστη
705 1637 757 1663 σοί
773 1637 839 1664 ἐστι
850 1645 857 1652 ·
870 1637 917 1664 καὶ
934 1638 963 1664 οὐ

1017 1641 1102 1670 plura:
1125 1635 1172 1662 tibi
1193 1635 1338 1662 convenire
1359 1635 1479 1662 arbitror
1502 1643 1509 1661 :
1537 1633 1626 1661 Fumea
1651 1635 1800 1662 ceciderunt

175 1683 293 1718 παρήσω
309 1684 369 1714 ταῖς
383 1682 599 1718 ἀριθμουμέναις
615 1681 670 1709 τῶν
688 1682 802 1715 πόλεων,
830 1682 890 1710 οὐδὲ
909 1684 964 1711 τῶν

175 1729 306 1764 ποιμνίων
319 1730 373 1760 τοῖς
390 1729 569 1760 πλατυτάτοις
593 1728 667 1764 ἔχειν
682 1737 708 1755 τι
720 1729 799 1756 πλέον
814 1729 892 1765 ἡμῶν
908 1729 962 1756 τῶν

174 1774 272 1808 ὀλίγων
287 1776 337 1809 τῆς
368 1774 512 1809 ἐλαχίστης
540 1774 626 1810 φυλῆς
639 1775 669 1801 ὲν
685 1775 752 1808 υἱοῖς
778 1775 896 1810 Ἰσραὴλ,
909 1776 963 1802 τῶν

174 1820 319 1854 ὀλιγοστῶν
345 1821 373 1847 ὲν
388 1820 504 1855 χιλιάσιν
525 1819 622 1852 Ἰούδα,
647 1821 695 1856 τῆς
713 1821 814 1857 μικρᾶς
840 1821 963 1857 Βηθλεὲμ

175 1867 205 1893 ὲν
220 1866 338 1898 πόλεσιν,
353 1866 382 1892 ὲν
399 1863 416 1902 ἦ
433 1866 549 1901 Χριστὸς
564 1867 704 1900 γεννᾶται,
732 1866 780 1893 νῦν
796 1875 826 1893 τε
852 1868 899 1894 καὶ
915 1868 961 1894 ἀπ’

173 1911 262 1946 ἀρχῆς
279 1911 368 1943 καλῶς
381 1911 429 1938 καὶ
443 1911 643 1946 γινωσκόμενος
656 1911 702 1938 καὶ
718 1912 862 1948 σεϐόμενος
874 1921 880 1928 ·
899 1914 963 1948 παρ’

173 1954 215 1988 οἷς
229 1956 322 1992 [ἰατὴρ
341 1956 464 1991 ὑψοῦται,
489 1957 537 1983 καὶ
558 1957 620 1989 Υἱὸς
637 1956 768 1990 ἰσάζεται,
790 1959 836 1985 καὶ
850 1958 963 1994 Πνεῦμα

174 2002 251 2040 ἅγιον
263 2002 450 2034 συνδοξάζεται
463 2011 469 2017 ·
490 2001 651 2038 συμψύχοις,
667 2003 697 2031 τὸ
709 2003 737 2030 ἓν
750 2003 888 2039 φρονοῦσι,
908 2013 962 2040 μη-

172 2046 217 2073 δὲν
237 2046 286 2082 τῆς
310 2046 423 2082 Τριάδος
452 2045 655 2082 ζημιουμένοις,
686 2048 702 2084 ἢ
730 2048 924 2083 ὕπερτιθεῖσιν,
944 2049 960 2084 ἢ

172 2091 385 2127 ἀποτέμνουσιν·
407 2091 444 2124 ὡς
460 2093 484 2118 oi
503 2093 584 2119 κακοὶ
607 2093 744 2129 διαιτηταὶ
761 2095 807 2122 καὶ
829 2096 962 2131 μετρηταὶ

174 2138 212 2173 (5)
226 2139 276 2174 τῆς
291 2137 427 2173 θεότητος,
449 2137 482 2164 δι’
493 2134 530 2165 ὧν
542 2138 571 2165 ἓν
592 2147 618 2165 τι
638 2139 730 2173 πλέον,
747 2141 763 2176 ἢ
784 2140 871 2173 καλῶς
895 2141 960 2177 ἔχει,

173 2182 346 2218 σεμνύνουσι,
375 2183 406 2210 τὸ
431 2184 485 2210 πᾶν
513 2184 688 2217 ἐλαττοῦντες
715 2185 762 2212 καὶ
789 2186 963 2223 καθυϐρίζον-

171 2237 228 2260 τες.

207 2285 228 2321 ’ἶ
245 2284 309 2312 Luc.
325 2293 388 2319 xiv,
405 2285 439 2314 l8
458 2293 518 2321 sqq.

171 2327 200 2354 ιι,
216 2320 244 2347 2.

568 2287 588 2302 ⁸⁸
602 2286 673 2314 Psal.
689 2295 733 2320 xv,
749 2288 776 2315 ϐ.
815 2289 835 2305 ¹⁹
852 2288 861 2316 l
877 2290 943 2326 Reg.
958 2299 996 2323 IX,
1010 2291 1054 2319 2|.

1017 1681 1065 1708 tibi
1086 1684 1113 1708 in
1130 1682 1264 1715 praeclaris
1275 1689 1285 1708 .'
1296 1683 1392 1709 etenim
1410 1682 1552 1709 [Hereditas
1564 1688 1609 1709 tua
1621 1683 1750 1717 pt‘a‘cluru
1762 1688 1799 1710 eu

1017 1729 1061 1755 tibi
1074 1729 1106 1755 ¹⁵.
1124 1729 1179 1755 Nec
1189 1736 1252 1756 vero
1263 1729 1421 1761 concedam,
1435 1733 1465 1755 ut
1474 1728 1648 1763 amplissima:
1663 1729 1798 1761 civitates,

1015 1781 1163 1810 gregesque
1184 1774 1328 1806 latissimi,
1352 1775 1431 1801 nobis
1446 1774 1498 1802 ulla
1518 1774 1545 1801 in
1566 1781 1595 1801 re
1609 1775 1797 1809 praeferantur,

1015 1818 1060 1854 qui
1076 1819 1172 1854 exiguo
1189 1826 1302 1846 numero
1318 1827 1422 1852 sumus,
1435 1820 1479 1853 qui
1494 1820 1611 1847 minimze
1627 1821 1714 1848 tribus
1729 1821 1799 1848 inter

1017 1865 1086 1892 lilios
1103 1865 1183 1892 Israel
1195 1885 1202 1897 ,
1219 1865 1263 1900 qui
1282 1865 1436 1900 paucissimi
1453 1866 1479 1892 in
1493 1865 1610 1893 millibus
1622 1865 1689 1893 Juda
1701 1866 1733 1898 ’⁸,
1752 1867 1798 1901 qui

1015 1909 1171 1937 Bethlehem
1191 1918 1279 1945 parvae
1297 1911 1432 1943 civitatis,
1455 1911 1480 1938 in
1496 1918 1548 1945 qua
1565 1911 1689 1939 Christus
1708 1913 1796 1940 nasci-

1014 1955 1098 1987 tur",
1111 1960 1246 1989 recteque,
1261 1961 1289 1982 et
1309 1963 1391 1987 nunc,
1403 1961 1430 1982 et
1447 1964 1461 1982 a
1480 1957 1612 1991 principio
1625 1958 1797 1992 cognoscitur

1012 2007 1040 2028 et
1056 2001 1154 2028 colitur
1169 2011 1174 2028 :
1194 2001 1245 2036 ⁸1],
1265 2002 1333 2036 apud
1346 2009 1414 2036 quos
1425 2002 1505 2030 Pater
1517 2003 1664 2037 extollitur,
1675 2009 1701 2031 et
1715 2004 1798 2032 Filius

1012 2047 1123 2082 aqualis
1146 2049 1317 2082 praedicatur,
1337 2054 1365 2076 et
1383 2049 1500 2084 Spiritus
1515 2054 1627 2077 sanctus
1641 2050 1796 2085 congloriﬁ-

1013 2099 1111 2121 catur:
1131 2094 1177 2129 qui
1202 2102 1254 2122 uno
1280 2095 1428 2129 eodemque
1457 2096 1547 2122 animo
1573 2103 1683 2128 sumus,
1714 2105 1796 2124 unuln

1014 2140 1138 2174 idemque
1149 2140 1323 2172 sentimus“,
1336 2149 1386 2168 nec
1397 2141 1490 2174 ullam,
1500 2141 1541 2168 vel
1554 2143 1744 2176 prmponendo,
1755 2143 1796 2170 vel

1012 2187 1211 2220 abscindenda,
1225 2187 1366 2215 Trinitatis
1385 2188 1518 2222 jacturam
1542 2188 1656 2216 facimus
1674 2198 1680 2216 :
1701 2197 1796 2223 quem-

1013 2233 1157 2261 admodum
1173 2233 1252 2261 malis
1265 2234 1415 2261 divinitatis
1426 2235 1535 2262 arbitris
1551 2243 1583 2262 ac
1594 2235 1795 2263 dimensorihus

1106 2292 1128 2307 '°
1144 2292 1223 2319 Mich.
1239 2300 1264 2325 ν,
1279 2292 1310 2322 2:
1331 2293 1425 2321 Matth.
1442 2298 1477 2325 ιι,
1492 2293 1504 2320 1
1527 2300 1602 2328 seqq.
1641 2293 1662 2310 ¹¹
1679 2293 1794 2332 Philqu.

205 2397 261 2433 (89)
279 2398 506 2434 Γενναιὰατον.
527 2407 537 2425 ι
556 2398 673 2426 Summae
694 2399 868 2434 ingenuitatis
889 2399 955 2427 faci-

1041 2400 1095 2434 (95)
1117 2401 1307 2434 Προστλαϐώγ.
1329 2402 1405 2430 Pass.
1425 2403 1525 2431 λαὸών.

169 2440 230 2460 nus.
241 2442 259 2469 Δι
276 2433 381 2469 Dictum
411 2434 522 2467 ironice,
551 2434 624 2461 velut
643 2433 736 2462 fraude
758 2435 846 2469 potius
872 2442 952 2469 quam

168 2467 281 2500 simplici
296 2469 385 2495 animo
400 2468 582 2496 invitaverint.

205 2501 261 2538 (90)
281 2502 316 2538 Τρ
342 2502 501 2537 νεώνητον.
521 2503 574 2530 'Si'c
602 2503 720 2531 melioris
746 2507 816 2532 notae
834 2504 950 2537 codices,

188 2538 285 2573 uinque
300 2537 384 2572 Regii,
403 2538 479 2566 Colb.
502 2543 628 2573 quatuor.
654 2543 706 2566 etc.
730 2539 876 2566 Pauciores
890 2547 951 2567 cunt

190 2580 230 2599 ar.
243 2571 304 2598 τῶν
325 2571 475 2610 νεωνήτων.
496 2571 578 2610 (μου
601 2581 675 2608 ergo,
693 2582 703 2599 ι
726 2574 812 2610 inquit
834 2574 949 2610 Sarroyg.

170 2617 191 2643 «γ
201 2612 254 2643 tam
269 2609 339 2641 quod
354 2615 383 2634 se
394 2608 572 2640 deseruerint,
585 2616 665 2643 quant
679 2609 750 2643 quod
762 2609 796 2636 ad
809 2616 852 2636 res
864 2608 951 2637 duitas

167 2642 282 2678 abierint
294 2643 485 2678 cupiditatibus
502 2643 558 2670 suis
578 2642 715 2677 abstracti,
735 2644 834 2678 arguit.
851 2654 860 2670 ι

166 2677 259 2738 Pagi)
281 2676 337 2703 Τοῦ
357 2678 525 2712 νυμφῶνος.
552 2679 631 2706 Deest
650 2679 676 2705 in
700 2676 801 2714 septem
824 2678 907 2714 Regg.
924 2683 952 2707 et

190 2719 243 2738 35$.

203 2746 266 2784 (92)
288 2746 503 2782 Ένεπλήσθην.
522 2747 588 2784 Reg.
604 2748 629 2779 1,
645 2748 701 2776 Col.
719 2748 747 2782 1,
762 2756 799 2781 rn,
812 2753 839 2777 et
855 2748 949 2776 Comb.

167 2781 314 2818 ἰπλῄσθην.

186 2790 344 2858 ἲῶυᾯδοῖς
354 2818 559 2858 ποθουμένοισ.
574 2827 586 2858 μ
605 2817 707 2849 Ouibus
726 2825 890 2858 prte__a_m_ore
904 2824 950 2846 cu-

166 2852 270 2892 piebam
295 2854 400 2884 adeam.
420 2862 431 2879 ι
449 2852 507 2880 Non
530 2853 597 2881 satis
623 2854 757 2888 expressit
783 2853 876 2882 Bittius
902 2861 950 2890 per

168 2894 179 2911 1
196 2893 335 2914 ιηηοοε.»

201 2920 257 2957 (91)
282 2921 484 2952 Ἐεεσιὰσθην.
499 2922 565 2950 Colh
589 2923 616 2952 3.
636 2923 773 2951 ἐϐιάσθην.

304 2968 441 3000 ΡΔτιιοι.
465 2969 523 3000 Gs.
546 2966 679 3001 XXXV.

1041 2409 1095 2434 tvo)
1117 2409 1307 2434 ιιροστνιαοωγ.
1330 2409 1405 2430 Pass.
1427 2409 1525 2431 λαοων.

1122 2435 1228 2478 ἰιςγγὺς
1241 2437 1582 2478 γεξομένοιςλιηΡτορῑιιε
1597 2440 1704 2469 delatis.
1726 2450 1736 2468 ι

1119 2470 1256 2511 {deep/or.
1273 2470 1393 2511 Quiatuor
1409 2473 1487 2511 golb.
1505 2470 1625 2511 μέτρον,

1041 2504 1096 2545 (liii)
1117 2506 1258 2539 [ιοίμνης.
1272 2507 1393 2545 subdunt
1404 2508 1471 2545 Gab.
1484 2504 1511 2536 ei
1521 2504 1615 2537 Co'mb.
1626 2511 1696 2545 quod
1709 2511 1790 2538 etiam

1004 2539 1124 2579 pluribus
1146 2548 1209 2580 mss.
1232 2541 1407 2580 cortlirmatur
1421 2544 1509 2580 :Vasov
1526 2546 1572 2572 ἐπὶ
1595 2539 1642 2580 τῷ’
1655 2545 1730 2579 πόθῳ
1742 2546 1789 2573 τοῦ

1004 2575 1093 2602 κοινοῦ
1111 2575 1224 2615 πατρός.
1242 2576 1381 2615 ιρι-θεοῦ]
1396 2578 1443 2615 (ad
1453 2580 1602 2615 communis
1617 2575 1700 2615 patris
1714 2575 1790 2608 amo-

1004 2617 1060 2646 rem
1070 2610 1150 2646 quod
1158 2611 1264 2646 attinet)
1280 2610 1405 2639 laudatas
1415 2613 1513 2641 Christi
1527 2610 1620 2646 oves...

1037 2644 1093 2685 (ea)
1101 2645 1152 2685 ’ρι’
1165 2644 1213 2685 ᾖν.
1231 2644 1295 2681 ltcg.
1306 2647 1337 2685 _l,
1352 2647 1480 2685 Colb._m,
1494 2647 1579 2685 δι’ἦς.

1037 2681 1076 2718 (1)
1096 2680 1248 2718 ῌλούσιος
1273 2680 1326 2713 σύ,
1343 2687 1402 2718 rete.
1427 2683 1490 2718 Reg.
1509 2680 1583 2716 u,'in
1608 2691 1692 2718 marg.
1711 2684 1790 2712 τοῦτο

1002 2715 1070 2755 πρὸς
1085 2715 1131 2742 τὸν
1151 2716 1258 2751 πατέρα
1281 2717 1363 2751 φησί,
1384 2723 1436 2745 etc.
1457 2715 1533 2746 (llis
1553 2724 1655 2754 patrem
1668 2715 1789 2755 “alloqui-

1001 2754 1055 2777 tur.
1076 2759 1085 2776 ι

1037 2784 1075 2820 (2)
1095 2784 1360 2824 μἘξιέπεσεᾏΒεςε.
1378 2787 1506 2824 quinque,
1522 2788 1597 2816 Culb.
1615 2788 1680 2821 duo,
1697 2789 1743 2816 (ir.
1761 2791 1788 2824 l,

1093 2818 1357 2867 Eis-errationﬂﬂegfi,
1378 2818 1512 2850 έπέπέσόν
1528 2831 1568 2850 σοι
1583 2825 1612 2851 ὲν
1626 2818 1681 2856 τοῖς
1695 2818 1789 2867 κρατί-ί

1003 2862 1075 2887 στοις
1093 2862 1150 2882 σου.
1169 2854 1273 2883 Tillem.
1292 2865 1347 2891 μοι.

1038 2891 1077 2925 (5)
1096 2891 1252 2924 Μετρηταί.
1272 2891 1337 2927 Reg.
1351 2900 1365 2920 r
1391 2894 1526 2929 μερισταί.

1611 2974 1648 3004 17
