2070 3135
285 160 338 191 523

886 161 914 190 S.
935 161 1097 190 GREGORll
1117 162 1292 190 THEOLOGI

1859 164 1914 193 5Ξᾶ

283 231 333 250 usu
351 222 439 255 venit,
456 222 500 257 qui
514 223 576 249 dum
599 229 681 250 unum
697 222 851 257 quoddam,
884 222 1025 257 plusquam
1059 230 1107 257 par
1126 222 1180 254 sit,
1204 222 1349 254 attollunt,
1374 221 1530 250 universum
1556 222 1740 256 immiuuunt,
1760 221 1910 258 injuriaquo

282 271 414 299 alliciunt.

317 320 373 348 VII.
391 321 444 348 Vos
461 328 526 348 vero
541 321 562 348 si
581 320 645 356 quid
658 318 721 346 mihi
736 319 881 353 gratificari
894 324 935 346 est
950 319 1061 352 animus1

1153 318 1188 343 Ζ¹.
1209 316 1304 350 Ὑμεῖς
1319 315 1358 347 δὲ,
1374 315 1401 342 εἴ
1413 325 1440 342 τι
1455 315 1600 351 χαρίζεσθε
1615 316 1652 352 (4)
1665 325 1722 351 μοι,
1742 316 1772 343 τὸ
1786 316 1852 352 ὲμδν
1866 325 1903 350 γε·

280 374 329 394 vos
347 367 455 402 inquam
470 367 633 401 agricultura
646 372 704 392 mea
715 365 748 397 ’⁸,
760 365 838 392 vinea
850 372 909 392 mea
918 365 952 398 ’³,
964 365 1067 392 viscera

281 420 339 439 mea
347 414 382 444 ",
397 417 444 440 aut
463 413 616 440 communis
632 412 723 447 potius
737 411 860 439 Parentis
873 411 952 446 hujus
970 412 1065 444 nostri,

282 465 294 485 ι
309 466 363 493 quo
374 466 422 494 per
435 459 608 493 Evangelium
622 459 647 485 in
656 458 764 486 Christo
778 457 861 492 geniti
873 458 1008 490 sumus“,
1017 465 1066 485 nos

279 503 386 536 quidem
404 504 484 531 etiam
501 505 573 538 ipsos
590 503 669 530 colite
682 508 764 537 atque
778 504 921 530 observate
936 511 943 535 ;
961 511 1065 538 acquum

278 549 424 581 esbenim,
443 557 503 576 cum
522 557 568 576 vos
585 549 711 576 omnibus
735 549 816 576 rebus
839 548 1038 583 praetulerimus
1057 556 1065 575 :

278 601 328 621 vos
343 598 426 621 testes
441 594 519 626 estis,
535 599 562 620 et
577 594 622 628 qui
638 594 689 621 hoc
707 593 764 620 sive
783 593 924 628 imperium
946 593 1002 620 sive
1020 593 1067 619 mi-

277 640 421 667 nisterium
441 640 501 667 fidei
519 645 618 667 nostrae
646 639 850 666 commiserunt.
870 639 922 671 Et,
939 639 961 665 si
980 639 1004 665 ei
1019 639 1065 673 qui

277 686 337 720 plus
349 686 460 717 amavit,
480 685 539 719 plus
551 685 706 717 debetur“,
725 692 841 719 quanam
856 692 983 711 mensura
999 685 1064 712 cha-

277 732 385 760 ritatem
400 739 460 759 eam
474 732 581 763 metiar,
596 739 648 765 qua
662 739 709 757 vos
724 731 789 757 mihi
803 731 922 757 charilas
934 738 992 757 mea
1006 735 1065 757 tan-

277 785 357 812 quam
377 785 431 804 :ere
447 777 536 804 alieno
556 777 699 804 devinxit?
716 776 772 803 ltno
791 777 988 811 vobismetipsis
1006 783 1064 803 ma-

277 823 333 857 gis,
349 822 555 856 commissaque
571 822 679 856 imagini
691 842 699 854 ,
718 826 746 848 et
763 822 787 848 ei
805 822 850 856 qui
874 821 1023 854 commisit,
1038 826 1065 848 et

275 868 377 895 Christi
404 867 596 902 passionibus,
622 872 649 894 et
666 867 722 902 spei
741 868 802 894 vitae
822 867 918 893 futura:
934 867 1063 893 honorem

276 913 409 940 habeatis.
438 913 467 940 ld
494 920 574 947 porro
601 912 802 947 assequemini,
828 913 851 939 si
870 919 929 939 eam
955 912 1062 947 quidem

277 959 356 986 Iidem
372 960 486 986 teneatis
499 979 507 991 ,
523 966 603 993 quam
622 959 766 993 accepistis
777 978 784 991 ,
800 964 826 985 et
843 959 868 986 in
884 965 937 994 qua
954 959 1061 986 educati

1123 362 1234 397 ώργιον,
1245 362 1267 396 ,ἦ
1281 361 1402 397 ἄμπελος
1417 363 1434 396 ἡ
1450 362 1513 397 ὲμὴ,
1525 361 1560 388 τὰ
1573 362 1627 398 ὲμὰ
1645 363 1797 398 σπλάγχνα,
1813 363 1910 397 μᾶλλον

1118 407 1146 434 δὲ
1153 407 1199 433 τοῦ
1206 407 1295 433 κοινοῦ
1303 407 1359 433 Πατ
1364 407 1503 442 ρὸςήμῶν,
1510 407 1556 439 οὒς
1566 408 1603 442 (5)
1613 404 1689 439 οὗτος
1706 410 1734 434 ὲν
1748 408 1858 444 Χριστῴ
1867 408 1910 434 διὰ

1118 452 1164 478 τοῦ
1176 451 1343 486 Εὐαγγελίου
1355 452 1508 487 ἐγέννησεν,
1521 453 1638 479 αἰδεῖσθε
1651 453 1688 488 (6)
1702 454 1752 488 μὲν
1763 454 1810 481 καὶ
1822 455 1908 489 ἡμᾶς·

1117 497 1220 524 δίκαιον
1230 497 1293 533 γὰρ,
1309 498 1333 523 οἶ
1351 498 1459 524 πάντων
1481 498 1553 533 ὑμᾶς
1574 500 1814 534 προετιμήσαμεν·
1831 499 1909 535 ὑμεῖς

1119 543 1265 578 μάρτυρες,
1282 544 1330 570 καὶ
1346 544 1370 570 οἳ
1383 542 1485 579 ταύτην
1501 545 1566 579 ἡμῖν
1578 545 1781 580 ἐγχειρίσαντες
1791 545 1840 581 τὴν
1855 546 1909 572 εἴτι

1117 589 1276 624 ἡγεμονίαν,
1284 589 1339 616 εἴτε
1353 589 1498 616 διακονίαν·
1512 590 1559 617 καὶ
1567 591 1591 617 εἰ
1606 590 1644 626 τῷ
1656 591 1746 618 πλεῖον
1757 591 1796 626 (7)
1806 592 1898 627 ἀγαπή

1118 642 1194 660 σαντι
1201 633 1423 668 πλέονόφείλεται
1430 634 1479 669 (8),
1487 635 1546 667 πῶς
1553 637 1680 671 μετρήσω
1689 636 1738 671 τὴν
1750 635 1909 673 ἀγάπην,ἦς

1117 680 1268 716 ὑποχρέους
1279 680 1317 714 (9)
1329 680 1401 715 ὑμᾶς
1407 681 1451 707 διὰ
1460 681 1510 716 τῆς
1521 682 1590 717 ἐμῆς
1601 682 1697 708 ἔλαϐον
1709 691 1716 714 ;
1727 683 1844 710 αἰδεῖσθε
1853 684 1908 718 (10)

1115 726 1143 753 δὲ
1156 726 1236 753 πλέον
1248 727 1320 762 ὑμᾶς
1336 728 1450 760 αὐτοὺς,
1467 729 1513 754 καὶ
1533 729 1582 763 τὴν
1600 729 1789 756 πιστευοεῐσαν
1805 730 1907 762 εἰκόνα,

1116 773 1163 800 καὶ
1174 773 1219 799 τὸν
1232 773 1424 806 πιστεύσαντα,
1445 776 1492 801 καὶ
1506 774 1539 801 τὰ
1554 774 1673 810 Χριστοῦ
1690 775 1774 811 πάθη,
1793 776 1840 802 καὶ
1862 776 1907 808 ;ὰ;

1117 818 1222 845 ἐκεῖθεν
1229 818 1349 850 ἐλπίδας,
1358 819 1448 845 πίστιν
1458 819 1481 854 (l
1491 819 1514 853 ι)
1523 819 1571 854 μὲν
1577 819 1685 854 ἔχοντες
1697 820 1730 854 ἣν
1742 819 1906 855 παρειλήφα·

1115 872 1155 896 τε,
1163 864 1210 890 καὶ
1248 864 1444 899 συνετράφητε,
1453 863 1551 901 μεθ¹ἦς
1561 866 1607 891 καὶ
1619 864 1745 896 σώζεσθε.
1755 866 1802 892 καὶ
1812 865 1908 897 σώζειν

1115 910 1211 941 ἄλλους
1226 910 1402 936 πιστεύεσθε·
1421 910 1452 936 οὐ
1463 911 1518 945 γὰρ
1531 911 1647 944 πολλῶν,
1665 909 1694 938 εὗ
1712 912 1780 942 τοτε,
1794 912 1825 938 τὸ
1842 912 1907 947 ὑμέ-

1115 964 1192 990 τερον
1207 956 1347 990 καύχημα.
1366 956 1402 982 Τὸ
1422 956 1450 982 δὲ
1472 956 1583 988 εὐσεϐὲς
1616 957 1652 992 μὴ
1672 958 1701 983 ἂν
1724 957 1763 993 τῷ
1778 957 1907 990 πολλάκις

275 1006 342 1033 estis
355 1025 363 1038 ,
379 1012 406 1032 et
420 1013 481 1032 cum
497 1013 547 1040 qua
570 1013 622 1032 non
639 1005 717 1033 modo
738 1005 789 1040 ipsi
802 1006 905 1032 servari
916 1025 924 1037 ,
939 1005 985 1032 sed
1002 1004 1061 1032 aliis

1113 1002 1178 1036 περί
1190 1001 1258 1028 Θεοῦ
1275 1002 1375 1033 λαλεῖν,
1393 1002 1451 1028 ἀλλ’
1472 1003 1500 1028 ὲν
1524 1002 1563 1038 τῷ
1576 1002 1610 1029 τὰ
1633 1003 1717 1030 πλείω
1733 1005 1812 1039 σιγᾷν
1838 1002 1908 1031 εῖναι

275 1051 356 1078 etiam
369 1050 482 1077 salutem
499 1050 597 1078 afferre
610 1051 767 1083 creditniui;
783 1059 842 1086 quae
851 1051 959 1085 quidem
972 1055 1062 1078 vestra

275 1093 332 1120 laus
344 1093 497 1128 hujusmodi
512 1099 563 1126 est,
581 1099 609 1121 ut
624 1102 677 1122 non
692 1095 768 1122 multi
783 1103 842 1122 eam
855 1095 906 1122 sibi
922 1095 1060 1123 vindicare

273 1140 387 1174 possint.
407 1140 442 1166 At
459 1147 521 1167 vero
544 1141 671 1175 pietatem
693 1147 744 1167 non
763 1141 789 1167 in
808 1141 920 1168 multum
939 1146 967 1168 et
990 1149 1062 1176 smpe

273 1186 307 1212 de
332 1186 386 1212 Deo
408 1185 542 1220 loquendo
552 1207 558 1219 τ
578 1186 624 1213 sed
638 1191 666 1213 ut
681 1187 826 1221 plurimum
841 1187 954 1214 tacendo
965 1207 973 1219 ,
987 1188 1060 1222 posi-

273 1237 327 1259 tum
341 1239 401 1260 esse
411 1232 553 1267 judicetis;
570 1232 658 1267 lingua
672 1234 754 1265 enim,
773 1233 823 1260 nisi
840 1233 946 1260 ratione
960 1234 1059 1268 guber-

272 1283 361 1311 netur,
380 1278 406 1304 in
426 1279 528 1312 lapsum
545 1277 624 1305 facile
640 1279 763 1306 homines
783 1279 918 1313 impellit,
937 1286 1059 1313 semper-

272 1332 324 1359 que
338 1325 427 1352 minus
450 1325 632 1360 periculosum
656 1333 717 1352 esse
747 1326 856 1357 audire,
881 1333 961 1360 quam
988 1325 1060 1360 loqui

272 1370 434 1397 existimetis
447 1390 454 1401 ,
480 1378 511 1397 ac
526 1371 639 1404 proinde
652 1370 787 1398 lubentius
804 1371 836 1397 de
850 1370 905 1398 Deo
922 1371 1059 1406 quidpiam

272 1415 394 1447 discatis,
413 1423 492 1449 quam
509 1416 629 1443 doceatis
643 1423 651 1442 :
669 1423 770 1450 vosque
787 1417 823 1443 ita
838 1417 1013 1451 comparetis,
1031 1422 1060 1444 ut

271 1461 410 1487 exactiore
426 1461 521 1487 harum
539 1469 629 1488 rerum
648 1462 848 1489 examinatione
864 1463 1060 1496 dispensatori-

272 1506 323 1533 bus
342 1506 420 1533 Verbi
437 1506 542 1538 relicta,
558 1514 682 1534 sermone
697 1507 847 1539 minimum,
862 1508 989 1542 operibus
1004 1515 1060 1535 ma-

269 1551 322 1586 jori
346 1559 377 1579 ex
398 1556 474 1586 parte
495 1553 578 1579 Deum
594 1553 690 1580 colatis
706 1573 713 1585 ,
730 1553 869 1588 magisque
884 1554 949 1588 legis
963 1555 1060 1581 obser-

273 1597 398 1630 vatione,
419 1605 499 1631 quam
527 1597 690 1632 legislatoris
712 1598 791 1625 laude
816 1603 845 1625 et
870 1599 1060 1632 praedicatione

272 1647 390 1669 vestrum
414 1649 478 1678 erga
505 1649 567 1669 eum
592 1650 712 1670 antorem
742 1643 904 1674 declaretis.
931 1644 1057 1670 nimirum

272 1689 336 1716 vitia
353 1689 503 1723 fugientes,
524 1689 650 1715 virtutem
674 1694 880 1719 consectantes,
900 1689 997 1723 spiritu
1017 1689 1058 1716 vi-

272 1739 364 1761 ventes
373 1735 407 1766 ’⁷,
421 1734 534 1768 spiritus
548 1734 669 1768 vestigiis
684 1734 866 1767 ingredientes
877 1753 884 1764 ,
906 1740 994 1768 eoque
1012 1741 1058 1761 co-

1112 1046 1265 1081 τιθέμενοι·
1283 1047 1393 1081 γλῶσσα
1406 1047 1461 1083 γὰρ
1481 1048 1586 1080 ὅλισοος
1607 1048 1762 1084 ἀνθρώποις
1778 1050 1815 1084 μὴ
1835 1049 1906 1085 λόγῳ

1113 1092 1322 1128 κυϐερνωμένη’
1353 1094 1400 1120 καὶ
1417 1094 1626 1130 ἀκινδυνοτέραν
1649 1095 1733 1130 ἀκοὴν
1757 1095 1801 1121 ἀεὶ
1826 1095 1906 1129 λόγου

1112 1138 1278 1174 νομίζοντες,
1288 1138 1359 1165 ὥστε
1375 1139 1434 1174 (12)
1449 1148 1475 1166 τι
1491 1140 1635 1175 μανθάνειν
1642 1140 1727 1175 ἥδιον,
1742 1141 1758 1175 ἢ
1773 1140 1906 1167 διδάσκειν

1114 1185 1178 1220 περὶ
1190 1185 1258 1211 Θεοῦ
1272 1193 1279 1200 ·
1306 1185 1356 1221 τὴν
1383 1185 1433 1220 μὲν
1458 1186 1655 1222 ἀκριϐεστέραν
1666 1186 1769 1213 τούτων
1785 1186 1906 1219 ἐξέτασιν

1112 1232 1168 1262 τοῖς
1183 1231 1335 1266 οἰκονόμοις
1354 1231 1400 1257 τοῦ
1417 1231 1496 1266 λόγου
1519 1232 1762 1268 παραχωροῦντες·
1783 1233 1859 1259 αὐτοὶ
1878 1232 1906 1258 Et

1111 1277 1183 1311 λόγῳ
1192 1277 1242 1312 μὲν
1254 1276 1430 1308 εὐσεϐοῦντες
1441 1277 1674 1313 όλίγα(15),ἕργῳ
1687 1277 1714 1304 δὲ
1727 1278 1849 1310 πλείονα,
1858 1278 1905 1304 καὶ

1111 1324 1146 1358 τῇ
1159 1323 1274 1358 τηρήσει
1292 1323 1345 1350 τῶν
1359 1324 1448 1359 νόμων
1469 1324 1568 1359 μᾶλλον
1594 1324 1610 1359 ἢ
1626 1324 1664 1359 τῷ
1693 1323 1842 1359 θαυμάζειν
1859 1324 1907 1350 τὸν

1112 1369 1262 1404 νομοθέτην
1274 1369 1329 1404 (14)
1343 1370 1373 1396 τὸ
1387 1371 1449 1406 περὶ
1459 1370 1540 1397 αὑτὸν
1557 1370 1613 1404 (15)
1625 1370 1736 1406 φίλτρον
1752 1369 1905 1396 ἐπιδεικνύ-

1113 1423 1199 1450 μενοι,
1225 1415 1372 1450 φεύγοντες
1401 1416 1510 1447 κακίαν,
1533 1415 1677 1447 διώκοντες
1695 1416 1807 1451 ἀρετὴν,
1825 1415 1921 1453 πνεὺ-)

1113 1469 1178 1496 ματι
1202 1460 1304 1493 ζῶντες
1328 1461 1394 1496 (16).
1423 1461 1556 1497 πνεύματι
1572 1462 1627 1497 (17)
1655 1462 1823 1496 ποιχοῦντες
1836 1457 1916 1497 (18),ξ

1110 1507 1198 1542 τούτῳ
1210 1507 1259 1542 τὴν
1280 1507 1381 1541 γνῶσιν
1400 1507 1534 1540 ἕλκοντες,
1551 1508 1791 1543 ἐποικοδομοῦντες
1807 1508 1847 1543 τῷ
1858 1507 1904 1534 Θε-

1112 1553 1196 1588 μελίῳ
1213 1553 1263 1588 τῆς
1290 1553 1417 1585 πίστεως,
1453 1555 1488 1589 μὴ
1511 1553 1589 1587 ξύλον
1617 1554 1684 1589 (l9),
1715 1554 1783 1589 μηδὲ
1797 1554 1903 1589 χόρτον,

1111 1599 1180 1635 μηδὲ
1197 1599 1335 1634 καλάμην,
1367 1599 1432 1634 ὓλην
1450 1599 1550 1635 ἀσθενῆ
1564 1601 1610 1627 καὶ
1626 1600 1723 1636 ῥᾳδίως
1741 1600 1904 1635 δαπαωμέ·

1111 1652 1169 1680 νην,
1189 1645 1269 1680 ἡνίκα
1289 1645 1321 1672 ἂν
1341 1646 1407 1681 πυρὶ
1431 1645 1556 1681 κρίνηται
1574 1647 1608 1673 τὰ
1621 1646 1754 1682 ἡμέτερα,
1774 1646 1790 1681 ἢ
1808 1645 1903 1672 καθαί-

1113 1698 1194 1725 ρηται
1209 1690 1281 1724 (20)’
1303 1691 1370 1718 ἀλλὰ
1384 1692 1494 1726 χρυσὸν,
1517 1692 1648 1728 ἄργυρον,
1671 1693 1761 1725 λίθους
1781 1693 1903 1727 τιμίους,

1113 1735 1146 1761 τὰ
1163 1736 1277 1771 μένοντα
1288 1737 1336 1763 καὶ
1351 1738 1493 1772 ἱστάμενα.

1919 1604 1928 1763 l

271 1773 419 1815 gnitionem
445 1779 655 1811 attrahentes”,
681 1779 856 1806 fundamento
878 1779 938 1805 ﬁdei
962 1784 1191 1814 superstruentes,
1207 1781 1386 1816 nonlignmn,
1417 1790 1468 1809 non
1506 1782 1615 1815 fenum,
1647 1790 1699 1809 non
1731 1783 1900 1817 stipulam",

273 1829 357 1855 levem
371 1829 512 1855 materiam
526 1827 657 1862 facileque
668 1829 889 1858 consumendum,
901 1835 962 1854 cum
973 1828 1094 1855 actiones
1109 1833 1209 1856 nostra:
1240 1829 1511 1864 ignejudicabuntur,
1543 1835 1589 1857 aut
1620 1831 1821 1865 purgabuntur;
1853 1832 1901 1858 sed

271 1881 386 1906 aurum,
410 1878 568 1908 argentum,
587 1873 689 1907 lapides
710 1872 860 1907 pretiosos,
880 1880 923 1900 res
940 1873 1031 1900 firmas
1050 1877 1078 1900 et
1095 1873 1216 1901 stabiles.

306 1920 359 1955 72
380 1919 447 1947 νιιι.
474 1919 536 1946 Haec
552 1919 630 1946 velim
652 1919 777 1951 faciatis,
799 1924 880 1954 atque
907 1920 1059 1954 hujusmodi

271 1974 320 1993 nos
337 1966 446 1994 honoris
463 1973 561 2000 genere
573 1965 803 1999 compleclamini,
817 1966 874 1992 sive
886 1966 1058 1993 sermonibus

271 2011 372 2039 nostris
386 2010 500 2044 adsitis,
518 2011 575 2038 sive
592 2010 686 2037 abesse
700 2010 800 2037 malitis
810 2030 817 2042 ,
835 2011 891 2037 sive
905 2012 1056 2038 orationum

271 2062 426 2084 nostrarum
443 2054 592 2090 cupiditate
607 2055 754 2086 ducatnini,
768 2055 826 2082 sive
839 2055 903 2089 quid
917 2056 989 2082 aliud
1005 2057 1056 2083 hu-

270 2102 312 2136 ius
329 2101 368 2130 rei
383 2102 473 2129 studio
490 2101 629 2136 antiquius
649 2102 772 2128 habeatis
789 2108 841 2128 :ac
854 2101 902 2128 ﬁlii
922 2102 968 2128 Dei
984 2102 1056 2136 puri,

269 2153 298 2176 et
311 2148 369 2176 sine
385 2147 596 2183 reprehensione
607 2166 615 2179 ,
632 2147 659 2174 in
674 2146 763 2174 medio
776 2154 867 2182 pravae
880 2154 912 2174 ac
926 2154 1061 2182 perversa:

306 2218 346 2245 "l
360 2217 424 2245 Cor.
439 2225 481 2249 ut,
496 2217 522 2245 9.
578 2218 600 2233 "
615 2217 664 2243 lsa.
690 2224 717 2250 ν,
736 2216 762 2244 1.

270 2254 293 2269 ³⁸
307 2253 377 2280 Psal.
398 2260 498 2284 cxvtu,
515 2252 576 2279 151.
615 2252 638 2268 ¹⁹
652 2253 660 2279 l
672 2252 733 2279 Cor.
752 2259 795 2284 ιιι,
812 2251 915 2283 11,12.

817 2216 840 2253 ff
854 2215 967 2253 Philem.
996 2217 1040 2245 12.
1083 2218 1105 2234 ³⁵
1119 2218 1128 2246 l
1144 2219 1204 2246 Cor.
1222 2227 1260 2253 tv,
1275 2220 1316 2248 15.

1151 1920 1192 1948 Η¹.
1207 1920 1300 1947 Ταῦτα
1313 1921 1469 1956 πράσσοιτε,
1487 1921 1533 1948 καὶ
1548 1921 1653 1954 τούτοις
1663 1922 1737 1957 ἡμᾶς
1754 1921 1812 1957 (21)
1826 1920 1901 1954 δοξά-

1109 1964 1180 1997 ξοιτε
1196 1965 1251 1991 εἴτε
1265 1966 1398 2001 παρόντες
1414 1967 1469 1993 εἴτε
1491 1967 1615 1999 ἀπόντες,
1636 1967 1690 1993 εἴτε
1705 1967 1901 2002 μεταποιούμε-

1109 2020 1147 2038 νοι
1164 2011 1219 2038 τῶν
1244 2012 1386 2048 ἡμετέρων
1409 2013 1504 2047 λόγων,
1521 2013 1577 2039 εἴτε
1588 2013 1651 2040 ἄλλο
1666 2013 1721 2048 (‘22)
1734 2022 1761 2039 τι
1772 2013 1900 2049 προτιμό-

1107 2065 1186 2093 τερον
1202 2058 1329 2092 ᾶγοντες·
1349 2059 1396 2085 καὶ
1411 2059 1530 2093 γίνοισθε
1549 2059 1606 2094 (2'5)
1619 2059 1701 2086 τέκνα
1712 2058 1779 2086 Θεοῦ
1792 2059 1900 2094 καθαρὰ

1110 2104 1156 2130 καὶ
1169 2103 1318 2140 ἀμώμητα,
1327 2106 1356 2131 ἐν
1371 2105 1445 2140 μέσῳ
1456 2105 1550 2139 γενεᾶς
1567 2106 1676 2137 σκολιᾶς
1692 2105 1740 2132 κα)⁸
1754 2105 1901 2141 διεστραμ-

1115 2150 1197 2186 μένης
1210 2159 1217 2166 ·
1231 2152 1278 2178 καὶ
1292 2152 1329 2187 μὴ
1346 2152 1536 2188 περιπλέκοιτο
1553 2152 1616 2187 ὑμῖν
1629 2152 1662 2178 τὰ
1675 2151 1729 2178 τῶν
1744 2151 1836 2187 κύκλῳ
1852 2159 1901 2178 πῖ-

1371 2220 1394 2236 ²⁶
1408 2220 1475 2248 Luc.
1498 2228 1546 2253 vu,
1566 2220 1612 2248 45.
1661 2221 1684 2237 ’⁷
1696 2220 1775 2248 Rom.
1791 2227 1840 2252 xu,
1854 2219 1899 2247 11.

307 2320 352 2358 (1)
365 2320 534 2358 Χᾳρίζεσθε.
553 2320 620 2347 Tres
641 2320 722 2355 Regg.
743 2319 909 2356 χαρίζοισθε.
922 2318 998 2347 Colb.
1019 2327 1055 2352 m,

1113 2331 1122 2348 1
1136 2320 1235 2348 Paucis
1243 2328 1366 2358 sermone
1377 2322 1504 2355 pietatem
1515 2321 1661 2356 iactantes,
1671 2322 1765 2357 majori
1777 2330 1811 2350 ex
1819 2328 1898 2358 parte

269 2355 439 2391 χαρίζεσθαι.

306 2389 344 2425 (5)
362 2390 453 2425 οὓς...
465 2389 638 2424 ἐγέννησεν.
658 2400 668 2416 1
688 2391 710 2417 Α
727 2398 814 2424 quo...
830 2390 913 2425 geniti
928 2398 1033 2419 sumus.
1045 2400 1055 2417 ι

270 2424 316 2452 Sic
332 2424 453 2459 profecto
473 2427 639 2457 Verteudnm,
658 2434 709 2452 nou
724 2433 800 2458 vero,
822 2424 851 2452 ut
865 2425 969 2458 Billius,
986 2435 995 2451 1
1011 2434 1056 2460 ge-

271 2460 317 2487 niti
330 2461 414 2495 estis;
424 2469 433 2485 ι
450 2460 567 2495 alioquin
582 2470 592 2486 1
608 2462 757 2488 communis
771 2468 868 2495 parens
884 2469 892 2485 ι
907 2468 960 2488 ιιοιι
974 2466 1056 2488 esset.

306 2495 345 2529 (ὃ)
366 2494 512 2522 Αιὸεῖσθε.
526 2503 537 2519 1
555 2494 735 2522 Reveremini.
747 2505 756 2521 ι

319 2530 344 2566 7)
365 2530 483 2566 (Maior.
497 2529 724 2566 Nonnullirﬁtéov.
739 2530 787 2557 Ed.
806 2530 866 2557 Bas.
885 2530 1020 2557 πλεῖστον.

319 2531 344 2566 ’1)
365 2531 483 2556 ludor.
497 2531 621 2557 Nonnulli
635 2531 724 2557 πλέον,
739 2531 787 2557 Ed.
806 2531 863 2557 Bas.

305 2531 344 2601 (8)
370 2565 541 2601 ﬁscellam.
558 2564 614 2601 Duo
629 2565 714 2600 Regii.
732 2566 863 2600 ὀφείλετε.

306 2602 345 2635 (9)
371 2600 564 2634 ’Υποχρέουᾳ
575 2610 584 2625 1
595 2600 652 2633 Qua
669 2608 716 2628 vos
733 2601 877 2628 obstrictos
894 2608 953 2628 mea
969 2601 1058 2628 citari-

271 2641 325 2663 tate
342 2637 444 2669 accepi.
464 2646 473 2662 ι

307 2670 362 2706 (10)
383 2670 530 2698 Αἱδεῖσθε.
562 2679 571 2696 1
595 2670 730 2698 llonorem
757 2671 916 2698 habeatis.»
944 2669 1057 2703 Billius,

306 2707 448 2732 habebitis.
466 2716 475 2732 ι

273 2715 282 2732 (
306 2712 448 2733 IlﬂUClHllS-
466 2716 475 2732 ι

306 2741 360 2775 (11)
381 2741 497 2768 Πίστιν.
516 2751 525 2766 1
540 2741 644 2768 Fidem.
660 2750 668 2766 ι
690 2741 782 2768 Billius
805 2742 897 2769 addit:
917 2751 927 2768 1
949 2743 1058 2770 minime

272 2776 390 2807 dubiam,
409 2785 417 2801 ι
440 2785 499 2810 qua:
511 2785 571 2803 cum
587 2785 602 2803 ει
617 2776 711 2804 Graeco
726 2777 825 2808 absint,
841 2778 998 2805 delevitnus.

308 2810 474 2846 (i‘ZL'DUtS
497 2819 534 2837 τι.
562 2811 606 2837 Sic
629 2817 745 2845 quatuor
772 2812 864 2846 Regii,
893 2817 919 2838 et
947 2813 1057 2841 totidem

270 2844 458 2882 Colluﬂcotnb.
480 2846 595 2882 '(lgﬁrrr'.
611 2844 764 2881 μανθάνειν.
781 2844 844 2882 Ιίαξς.
859 2855 885 2882 y,
897 2847 967 2875 ὥστε
979 2848 1019 2875 τό.

307 2880 362 2914 (15)
388 2880 498 2915 Ὀλίγιι.
523 2880 588 2916 [ἶρις.
613 2880 643 2917 g,
669 2882 759 2918 ὀλίγῳ.
784 2880 832 2910 Sid
852 2880 932 2910 vertit
959 2883 1054 2911 Cotllb.

1110 2364 1191 2392 opere
1207 2357 1391 2392 praeferentes.
1409 2365 1419 2382 ι

1145 2391 1201 2428 (illi)
1220 2391 1402 2428 Νομοθέςην.
1423 2391 1533 2428 αρε-71,
1541 2391 1634 2427 νόμον.

1145 2426 1200 2462 (15)
1215 2428 1323 2462 Adfor.
1340 2426 1404 2462 Reg.
1419 2434 1447 2461 y.
1464 2426 1564 2454 αὐτῶν.

1145 2460 1201 2497 (lli)
1222 2461 1347 2494 Ζῶν-τες.
1365 2460 1457 2489 Billius
1471 2462 1497 2489 in
1509 2470 1594 2498 marg.
1609 2462 1678 2490 forte
1689 2462 1807 2497 ζέοντες,
1822 2472 1832 2490 1
1845 2465 1900 2499 spi-

1110 2498 1164 2524 ritu
1182 2498 1327 2524 ferventes.
1345 2505 1354 2521 ι

1146 2532 1204 2568 (17)
1214 2530 1431 2568 γΣτοιχοῦντες.
1449 2541 1459 2559 1
1471 2532 1656 2565 lncedentes,»
1672 2540 1721 2560 seu
1739 2542 1748 2559 1
1760 2533 1901 2561 ambulan-

1114 2572 1165 2594 tes.
1182 2567 1298 2594 i'Galat.
1312 2574 1340 2599 ν,
1356 2567 1400 2594 Q5.

1145 2602 1201 2637 (18)
1223 2602 1329 2635 Τούτῳ.
1345 2602 1412 2636 Reg.
1427 2610 1454 2634 a,
1469 2602 1581 2629 τούτων.

1146 2636 1332 2673 (19)(Ξύλον.
1357 2637 1464 2673 Septem
1486 2638 1581 2673 Ιίεκεη
1598 2642 1714 2671 quatuor
1729 2637 1817 2671 Colb.,
1842 2637 1899 2666 Jes.

1111 2671 1263 2709 ξύλαεξΜοιι
1280 2672 1316 2709 μὴ
1333 2671 1428 2706 χόρτον
1445 2681 1493 2707 pro
1511 2671 1577 2709 μηδὲ
1593 2673 1697 2708 χόρτον.

1158 2707 1203 2739 20)
1222 2707 1414 2742 Καθαίρηται.
1431 2707 1516 2742 Abest
1527 2707 1546 2735 al
1559 2707 1656 2742 Regi.

1158 2743 1203 2776 21)
1230 2741 1323 2776 Ἣμᾱς
1349 2741 1506 2774 δοξάζοιτε.
1536 2741 1696 2770 ῡυυίϐυίι).
1723 2743 1795 2778 ὑμᾶς
1820 2742 1900 2776 δοξά-

1111 2785 1195 2804 σοιτε.

1146 2812 1203 2849 (ἓξ)
1223 2813 1313 2849 Ἄλλο
1336 2821 1374 2838 τι.
1395 2811 1441 2849 ξίε
1459 2817 1580 2849 (ιυιιιιιοιῄ
1595 2812 1682 2849 Regii,
1703 2817 1755 2849 etc.

1146 2846 1202 2882 (23)
1222 2847 1372 2874 Γίνοισθε.
1397 2846 1465 2881 Reg.
1490 2855 1515 2882 ιι,
1534 2848 1611 2876 Colb.
1636 2846 1672 2881 ut,
1694 2847 1826 2882 γένοισθε.
1848 2847 1897 2875 Bil-

1110 2882 1162 2910 lius
1174 2890 1206 2911 ex
1222 2882 1279 2910 Elia
1293 2881 1473 2917 γινώσκησοε.
