2070 3135
261 179 311 207 527
873 181 902 210 S.
922 181 1085 210 GREGOBII
1106 181 1280 211 THEOLOGI
1838 184 1890 212 523

261 240 339 279 quid
356 239 503 284 acerbius
517 240 633 284 dicam,
650 240 706 284 qui
723 241 874 284 Eunapii,
890 241 1011 284 gozimi
1023 263 1032 278 ,
1048 242 1177 273 Libanii
1192 241 1339 284 vestigiis
1356 242 1561 284 iuberent”,
1578 241 1732 273 miserum
1748 242 1887 281 Aposta-

263 286 324 309 tam
340 287 402 310 non
418 280 514 311 modo
530 279 677 310 maximis
694 279 844 311 laudibus
866 281 1003 312 etl‘erunt
1017 303 1026 316 ,
1046 289 1157 312 verum
1175 281 1270 312 etiam
1280 279 1353 312 'eam
1376 281 1591 312 laudationem
1612 290 1683 313 cum
1704 279 1886 314 sanctorum

262 321 388 350 Patrum
400 319 640 360 vituperatione
660 328 695 350 ac
711 319 884 360 Christiani
902 320 1044 360 nominis
1059 320 1177 360 injuria
1192 343 1200 356 ,
1216 321 1427 360 conjungunt.
1445 321 1525 358 Quis
1548 321 1655 352 tulerit
1675 321 1803 352 Petrum
1819 321 1886 354 Cu-

263 367 366 399 nmum
379 359 445 399 (36)
461 362 657 389 asserentem
674 370 688 387 α
706 359 790 399 viros
807 359 924 399 pietate
941 359 1100 398 insignes,
1113 360 1221 390 studio
1239 359 1373 398 partium
1389 361 1562 391 obczecalos
1580 364 1609 391 et
1626 369 1778 399 perquam
1796 370 1886 392 acer-

264 399 321 429 bos
341 397 440 439 fuisse
454 409 462 433 ;
478 410 491 425 »
504 398 645 439 indeque
659 397 825 439 accidisse,
840 410 855 427 ‹‹
871 403 988 430 utcum
1006 397 1046 430 de
1062 399 1114 435 iis,
1131 399 1186 439 qui
1206 397 1282 430 olim
1301 399 1422 437 vixere,
1441 397 1639 438 principibus
1653 397 1808 438 judicium
1825 401 1886 432 fer-

265 442 327 480 t_u_r,
345 437 479 468 mullum
497 446 555 468 nos
569 437 707 480 decipiat
721 443 862 480 veterum
874 439 1092 480 quorumdam
1105 460 1113 475 ,
1131 437 1213 480 quos
1232 439 1262 469 in
1278 439 1419 480 Ecclesia
1435 439 1492 470 Dei
1511 437 1614 470 claros
1630 437 1887 480 atqueillustres

262 477 367 518 fuisse
382 480 514 513 scimus,
529 477 710 518 auctoritas.
724 479 799 509 nMe
815 479 913 518 pudet
928 483 1038 509 cetera
1055 477 1205 518 prosequi
1223 486 1295 518 quae
1310 479 1342 509 in
1358 483 1485 510 sanctos
1500 479 1607 509 Patres
1624 477 1681 518 per
1692 479 1884 512 calumniam

263 516 394 553 evomit,
415 526 450 547 ac
468 525 541 555 quae
556 516 696 555 gloriose
711 518 858 556 prmdicat
875 517 915 549 de
931 516 1073 552 Juliano,
1091 516 1186 557 quem
1203 516 1414 549 Cdnstantino
1430 519 1524 557 longe
1547 516 1797 556 praestantiorem
1820 528 1884 550 non

264 560 391 596 veretur
409 564 572 591 asserere.
590 560 624 596 ret
645 565 685 596 eo
707 565 809 596 usque
835 558 1037 596 progreditur
1060 558 1235 595 impietatis
1248 580 1256 592 ,
1275 557 1340 588 imo
1355 558 1521 594 amentiae,
1538 562 1571 589 ut
1588 558 1670 588 dicat
1684 580 1693 594 ,
1713 570 1727 586 ιι
1745 559 1886 590 subiisse

264 595 406 635 animum
424 605 518 626 suum
533 595 651 626 Iuliani
669 595 926 633 venerationem;
946 608 959 625 ››
979 596 1036 627 viri
1056 596 1208 635 nimirum
1225 597 1318 635 cujus
1333 597 1525 628 exsecranda
1542 597 1694 628 omnibus
1719 602 1803 629 retro
1821 607 1884 629 sas-

264 635 346 676 culis
362 634 433 669 fuit.
450 635 576 676 eritque
594 643 722 676 semper
736 637 900 667 memoria.
917 636 1059 667 Clericus
1072 634 1136 676 (37)
1153 634 1317 668 eodem’ac
1331 636 1469 668 Cunaeus
1486 636 1603 667 delirio
1616 641 1761 673 vexatus,
1779 638 1884 669 Theo.

263 675 336 716 logo
353 686 366 702 α
386 674 589 716 acerbitatem
606 675 703 716 animi
723 678 755 716 et
774 675 1026 716 impotentiam.»
1046 674 1177 714 attingit.
1196 677 1264 706 Vox
1288 676 1423 716 Libanio
1449 680 1478 708 et
1503 676 1632 706 Zozimo
1658 677 1772 715 digna,
1788 681 1887 716 atque

263 714 324 748 iis,
343 713 399 753 qui
423 723 438 743 a
459 714 614 755 catholica
641 714 796 754 religione
820 713 1018 746 defecerunt.
1044 716 1085 745 Iis
1107 713 1328 746 sanctissimos
1345 715 1495 746 Ecclesiae
1511 716 1617 746 Patres
1642 713 1804 755 aspernari
1819 713 1838 750 .’
1853 720 1886 748 et

263 755 447 794 Apostatam
460 753 589 794 laudare
605 761 793 794 concessum
810 759 867 785 est.
882 756 920 786 At
939 755 1034 791 unde,
1051 763 1173 794 quaeso,
1189 755 1257 786 illis
1272 755 1311 786 de
1326 755 1444 785 Juliani
1463 755 1636 786 virtutibus
1651 753 1800 787 constat?
1813 756 1884 787 Non

264 793 394 835 aliunde
411 793 551 835 profecto
564 815 572 828 ,
590 793 615 835 si
636 801 707 835 vera
724 793 813 835 fateri
832 795 928 835 velint
942 815 950 828 ,
975 793 1071 835 quam
1095 802 1133 825 ex
1160 794 1263 834 ipsius
1281 794 1321 824 de
1335 802 1370 825 se
1380 794 1505 835 VJuIiani
1522 795 1706 825 testimonio
1721 795 1804 835 (38),
1833 795 1881 826 vel

263 832 560 873 LibaniiLZozimi,
582 833 740 873 Ammiani
759 834 955 868 Marcellini.
971 832 1303 872 ethnicorum’nempe
1324 834 1536 873 scriptorum,
1556 834 1611 873 qui
1633 843 1688 873 pro
1704 832 1812 865 suo'in
1830 844 1881 866 rc-

263 872 394 910 ligionis
407 872 594 913 Christiania
608 871 803 913 desertorem
823 881 930 904 amore
952 873 1102 913 atquein
1121 871 1319 904 Christianos
1335 871 1410 904 odio
1435 882 1470 904 ac
1491 871 1609 910 livore,
1633 871 1770 913 plurima
1787 876 1826 904 de
1843 883 1881 905 eo

262 916 337 952 sunt
366 912 502 952 mentiti.
531 912 602 949 Quo
623 912 719 950 jure?
737 921 798 952 qua
821 913 972 951 aequitate
985 912 1002 950 ,⁷
1017 912 1155 943 ethnicis
1183 912 1392 951 scriptoribus
1424 913 1617 944 sanctissimi
1644 922 1679 944 ac
1706 913 1885 944 doctissimi

262 951 414 982 Ecclesiae
429 952 534 982 Patres
552 952 804 990 posthabenlur?
822 954 870 982 An
893 958 966 982 vero
982 952 1144 990 graviores
1159 960 1195 983 ac
1217 952 1447 983 luculentiores
1463 956 1539 983 sunt
1555 953 1698 982 veritatis
1718 958 1812 984 testes
1830 954 1882 984 Li-

264 991 381 1022 banius
400 994 431 1037 et
447 991 608 1037 legimus,
626 991 884 1037 gentiles,.quam
899 991 1073 1037 Gregorius
1092 995 1201 1037 noster
1216 995 1247 1022 et
1263 991 1402 1037 Cyrillus
1420 991 1678 1037 Alexandrinus?
1701 993 1774 1023 Haec
1797 993 1882 1024 serio

266 1030 464 1071 perpendam
478 1030 524 1071 illi
541 1039 558 1060 e
575 1030 704 1071 nostris,
725 1031 781 1071 qui
799 1030 1033 1062 incnnsiderale
1047 1031 1087 1062 de
1103 1031 1232 1062 Juliano
1250 1031 1339 1069 plura
1355 1031 1491 1061 nimium
1508 1031 1648 1071 gloriose
1660 1054 1668 1066 .
1693 1041 1752 1062 nec
1767 1037 1816 1063 sat
1832 1041 1884 1062 ve-

264 1070 458 1111 recundede
472 1070 524 1100 SS.
541 1070 703 1111 Patribus,
721 1070 858 1102 maxime
874 1071 1041 1109 Gregorio,
1059 1070 1268 1109 scripserunt.
1286 1071 1404 1111 Legam
1419 1072 1579 1111 Apostataa
1595 1070 1785 1111 laudatores.
1804 1072 1883 1111 quid

264 1109 642 1149 scripseritAjugustinus
658 1109 720 1149 (39)
735 1111 888 1141 adversus
904 1111 1106 1144 Donatistas.
1132 1111 1187 1149 qui
1204 1131 1212 1146 ,
1239 1110 1347 1140 oblato
1370 1109 1445 1141 huic
1467 1110 1652 1147 imperatori
1677 1109 1821 1148 supplici
1843 1111 1881 1141 li-

263 1148 360 1182 bello.
377 1149 446 1187 ejus
459 1148 615 1187 justitiam
634 1149 838 1179 laudaveram
851 1171 860 1185 ,
879 1158 918 1180 nc
937 1149 1068 1188 quidem
1086 1148 1197 1188 passus
1222 1149 1252 1179 S.
1270 1150 1387 1179 Doctor
1408 1149 1455 1179 vel
1481 1149 1577 1178 unius
1598 1148 1732 1188 justitiaa
1758 1150 1882 1180 laudem

262 1187 392 1229 Juliano
417 1188 613 1229 tribui,nec
634 1188 665 1218 id
691 1188 891 1229 Christianos
916 1187 1028 1219 decere
1049 1193 1150 1225 ratus,
1173 1188 1286 1219 acriter
1306 1189 1452 1229 objurgat
1477 1187 1730 1229 atqueexagitat
1753 1189 1886 1220 Donati-

263 1231 338 1258 ειυς,
357 1227 429 1257 Haec
444 1237 459 1257 a
476 1228 568 1258 nobis
584 1231 689 1258 nostra
706 1228 738 1258 in
754 1233 880 1259 sanctos
893 1229 998 1259 Patres
1011 1228 1224 1263 observantia,
1240 1231 1270 1258 et
1285 1227 1427 1258 debitum
1443 1227 1591 1265 religioni
1608 1228 1748 1258 studium
1762 1229 1884 1259 elicuit.

305 1266 359 1297 IV.
383 1266 566 1298 Posthabito
581 1268 678 1306 igitur
695 1267 872 1298 adulatorie
889 1267 1088 1299 ethnicorum
1105 1267 1144 1298 de
1162 1268 1312 1306 Apostata
1339 1267 1523 1298 testimonio
1538 1288 1545 1300 .
1572 1276 1644 1297 vera
1667 1277 1737 1298 esse
1758 1277 1829 1306 quas
1844 1269 1885 1298 de

263 1306 335 1345 ipso
350 1307 506 1346 scripSere
524 1307 624 1338 sancti
642 1308 760 1344 Patres,
778 1311 874 1346 atque
903 1307 1052 1345 inprimis
1070 1307 1265 1345 Theologus,
1284 1315 1507 1345 agnoscamus.
1525 1306 1598 1337 Haec
1616 1307 1701 1337 ﬁrma
1717 1329 1725 1344 ,
1751 1307 1815 1338 haec
1830 1310 1883 1338 in-

263 1354 416 1387 concussa
437 1350 586 1384 manent;
611 1347 720 1387 etjam
738 1355 811 1387 cum
835 1347 1012 1377 clarissimo
1025 1357 1044 1387 Δι(
1062 1346 1234 1387 Atinalium
1253 1346 1573 1387 ecclesiasticorum»
1595 1346 1801 1387 parentelhol
1827 1347 1886 1387 mi-

264 1385 325 1416 rari
342 1385 445 1426 subit,
463 1395 557 1426 quam
574 1378 722 1424 graphice
736 1386 797 1417 sub
816 1386 1000 1418 adumbrata
1024 1385 1164 1426 hominis
1183 1389 1333 1426 apostalae
1352 1386 1449 1426 forma
1462 1407 1470 1422 ,
1493 1378 1884 1425 ipsius-Juliani‘siugula

262 1433 398 1463 quaeque
415 1425 609 1456 lineamenta
625 1425 764 1464 Scriptor
784 1434 872 1456 eaeer
890 1425 1085 1465 expresserit
1101 1425 1187 1465 hisce
1205 1425 1333 1465 verbis:
1353 1435 1367 1465 ᾳ
1385 1425 1488 1455 Homo
1502 1429 1656 1463 apostata,
1675 1425 1721 1454 vir
1737 1426 1861 1455 inutilis
1875 1448 1884 1462 ,

264 1466 407 1502 graditur
424 1473 480 1496 ore
498 1473 666 1504 perverso,
683 1465 795 1495 annuit
814 1464 937 1499 oculis,
952 1464 1023 1496 terit
1039 1465 1137 1504 pede,
1154 1464 1255 1502 digito
1273 1464 1427 1504 loquitur.
1455 1472 1551 1503 pravo
1567 1465 1661 1495 corde
1685 1465 1886 1495 machinatur

265 1504 382 1534 malum
396 1525 404 1538 ,
422 1508 451 1534 et
469 1503 556 1534 omni
582 1508 723 1542 tempore
744 1504 850 1543 jurgia
877 1504 1025 1535 seminat.
1039 1503 1137 1535 ’Huic
1162 1503 1323 1542 extemplo
1340 1504 1447 1535 veniet
1467 1503 1603 1542 perditio
1619 1512 1695 1540 sua,
1722 1508 1752 1534 et
1775 1505 1884 1535 subito

262 1546 456 1579 conteretur,
477 1551 535 1574 nec
552 1543 676 1573 habebit
695 1544 773 1573 ultra
789 1544 977 1574 medicinam
994 1543 1028 1574 ".
1047 1555 1062 1572 »

304 1583 340 1612 V.
359 1583 394 1612 ln
413 1582 512 1620 prima
528 1583 710 1619 Steleutica,
725 1594 739 1611 ι
754 1582 905 1619 hominis,
919 1595 934 1612 ιι
948 1587 982 1613 ut
994 1583 1061 1621 ipse
1073 1584 1115 1614 ait
1127 1583 1312 1622 Gregorius.
1329 1592 1386 1614 seu
1401 1581 1521 1613 Iuliani
1536 1582 1753 1620 «improbitas
1767 1591 1802 1614 ac
1814 1591 1886 1622 per-

264 1622 398 1653 versitas
417 1623 542 1653 abunde
559 1622 756 1662 ostenditur,
775 1626 836 1653 tam
853 1631 909 1660 per
923 1632 957 1654 ea
978 1631 1049 1662 quae
1063 1623 1216 1654 adversus
1232 1622 1411 1654 Catholicos
1427 1623 1480 1660 75
1494 1623 1699 1662 perpetravit,
1717 1631 1812 1662 quam
1830 1631 1884 1661 per

264 1670 301 1702 ea
315 1669 387 1700 quas
403 1661 505 1692 facere
522 1661 660 1702 parabat.
681 1673 695 1689 ι
713 1663 747 1693 In
764 1662 860 1693 altera
874 1666 980 1702 autem
990 1661 1174 1698 invectiva,
1198 1670 1255 1693 seu
1272 1664 1417 1693 oratione
1433 1662 1542 1702 quinta
1552 1661 1635 1702 (Η).
1658 1661 1735 1700 qute
1747 1666 1794 1692 est
1812 1669 1884 1702 pars

263 1699 359 1731 altera
376 1705 406 1731 et
430 1699 589 1740 appendix
606 1701 701 1740 hujus
716 1701 834 1740 operis,
853 1701 952 1733 alium
973 1702 1032 1732 sibi
1050 1704 1156 1732 orator
1172 1709 1304 1740 scopum
1326 1701 1490 1740 proponit.
1508 1699 1648 1740 eumque
1662 1699 1700 1736 ,“«
1716 1705 1781 1732 tum
1802 1699 1886 1739 apud

263 1741 366 1771 Deum
381 1742 585 1777 sanctiorem,
603 1745 669 1771 tum
688 1741 892 1772 auditoribus
904 1741 1145 1779 jucundiorem,
1161 1745 1257 1780 atque
1276 1742 1357 1772 adeo
1374 1742 1509 1780 posteris
1530 1740 1713 1775 utiliorem;
1731 1741 1885 1771 nimirum

265 1784 305 1824 ut
315 1781 352 1810 ad
371 1789 407 1810 ea
425 1788 497 1819 quae
511 1781 662 1820 superius
676 1781 757 1811 dicta
775 1780 978 1824 sunt,_justa_s
993 1781 1057 1824 Dei_
1068 1781 1174 1824 lances
1190 1781 1354 1824 adiungat,
1369 1789 1490 1824 easque
1507 1788 1615 1824 pugnas
1632 1780 1752 1824 quibus
1771 1781 1888 1824 impro:

262 1818 345 1850 bitas
359 1818 586 1858 compensatur
600 1823 630 1851 et
644 1824 813 1851 exercetur
827 1831 842 1848 ι)
858 1818 1028 1851 describat.
1045 1819 1075 1850 Is
1092 1823 1139 1850 est
1154 1818 1271 1857 scapus
1287 1818 1419 1850 alterius
1438 1818 1617 1855 invectivaa,
1634 1818 1666 1850 in
1687 1828 1750 1859 qua
1767 1819 1885 1850 Juliani

264 1863 397 1889 mortem
416 1859 634 1898 prosequitur.
653 1860 724 1890 Duo
740 1859 839 1898 igitur
855 1859 948 1890 nobis
967 1859 1175 1898 expendenda
1192 1863 1378 1897 supersunt.
1394 1858 1535 1889 Primum
1569 1858 1713 1898 quidem,
1738 1859 1778 1888 de
1805 1859 1887 1889 Ora-

264 1898 420 1935 tionibus,
454 1907 494 1929 an
521 1899 648 1937 scriptte
662 1902 785 1929 tantum
806 1920 815 1934 ,
833 1907 872 1930 an
891 1899 984 1930 dictae
1000 1907 1129 1938 quoque
1143 1898 1264 1930 fuerint
1281 1910 1289 1929 :
1306 1899 1439 1929 alterum
1458 1898 1497 1929 de
1513 1898 1688 1929 Constantii
1716 1898 1885 1935 laudibus,

264 1945 418 1978 quianon
436 1946 610 1978 paucorum
626 1938 751 1978 animos
770 1938 975 1969 olIenderunt
992 1937 1085 1975 olim,
1099 1937 1260 1978 hodieque
1277 1939 1373 1978 etiam
1393 1938 1573 1978 ollendunt.

316 1977 368 2007 Vl.
393 1977 456 2007 Has
483 1977 651 2009 Orationes
680 1977 777 2008 factas
805 1977 1025 2016 scriptasque,
1056 1981 1090 2008 ut
1116 1976 1221 2008 coram
1258 1977 1377 2017 populo
1403 1976 1660 2008 declamarentur
1679 1998 1688 2014 ,
1716 1977 1885 2017 exordium

262 2016 380 2055 prioris
394 2038 402 2052 ,
430 2016 556 2056 aliaque
575 2018 691 2056 passim
712 2019 805 2048 verba
825 2017 974 2048 videntur
989 2018 1229 2054 demonstrare;
1255 2016 1286 2047 at
1302 2016 1335 2048 re
1353 2018 1420 2055 ipsa
1440 2017 1660 2056 prornurntiatas
1678 2025 1740 2046 non
1762 2016 1861 2046 fuisse
1875 2038 1886 2054 ,

263 2063 301 2088 ex
320 2056 390 2094 ipso
406 2055 559 2095 Gregorio
574 2055 703 2088 credere
719 2057 887 2095 cogimur:
904 2057 1024 2096 quippe
1041 2056 1120 2096 qui,
1144 2056 1257 2087 divisis
1271 2065 1312 2087 ta
1327 2057 1418 2087 Patre
1436 2067 1450 2084 »
1470 2055 1681 2096 discissisque
1700 2055 1863 2096 monachis
1877 2077 1886 2092 ,

263 2103 444 2126 sermonem
457 2094 497 2126 se
517 2096 683 2135 abjecisse,
701 2094 886 2136 neminique
904 2094 1097 2132 concessise,
1115 2096 1231 2126 iterum
1246 2100 1341 2135 atque
1355 2096 1470 2126 iterum
1489 2094 1739 2173 proﬁteturé'ﬂ).
1758 2094 1815 2126 Illa
1832 2103 1888 2125 au-

265 2139 325 2166 tem
345 2135 464 2166 divisio
482 2136 726 2173 perseverabat,
752 2139 782 2167 et
808 2137 847 2167 de
871 2135 1078 2166 Nazianzenus
1097 2135 1249 2166 Ecclesiae
1273 2136 1445 2166 schismate
1462 2134 1566 2171 dolor,
1591 2135 1646 2173 qui
1678 2135 1727 2173 ⁵43)
1753 2146 1767 2163 α
1789 2134 1886 2165 veluti

265 2139 325 2166 tem
345 2135 464 2166 divisio
482 2134 726 2174 perseverabat,
752 2139 782 2167 et
808 2134 847 2167 de
871 2135 1078 2166 Nazianzenus
1097 2135 1249 2166 Ecclesiae
1273 2134 1445 2166 schismate
1462 2134 1566 2171 dolor,
1591 2135 1646 2174 qui
1665 2134 1727 2174 (43)
1753 2146 1767 2163 α
1789 2134 1886 2165 veluti

262 2175 367 2206 nubes
381 2173 488 2214 aliqua
514 2183 568 2206 cor
582 2175 728 2214 Gregorii
745 2175 879 2207 subiens
899 2175 1058 2206 sermonis
1089 2175 1196 2205 radios
1222 2175 1412 2213 obtegebat,
1437 2184 1452 2202 ιο
1475 2182 1546 2214 cum
1571 2173 1749 2205 lu’vectivas
1769 2174 1888 2204 scribe-

263 2219 321 2245 ret.
338 2213 577 2254 Quod’quidem
595 2215 797 2246 manifestum
825 2219 873 2246 est
889 2215 940 2245 his
959 2214 1065 2245 verbis
1083 2214 1249 2254 Gregorii,
1275 2215 1393 2253 quibus
1414 2222 1476 2244 non
1496 2213 1577 2254 alios
1593 2222 1687 2252 quam
1711 2213 1885 2244 monachos

262 2254 337 2284 iidei
353 2254 422 2285 zelo
436 2252 647 2285 ferventiores
662 2276 670 2289 ,
697 2259 728 2285 et
754 2263 771 2285 a
795 2254 951 2294 Gregorio
967 2259 1053 2293 patre
1068 2253 1186 2285 idcirco
1201 2252 1395 2294 dissidentes
1417 2255 1503 2283 notat
1515 2252 1592 2294 μή).
1611 2264 1624 2280 (ι
1644 2254 1749 2292 Atque
1767 2254 1887 2284 utinam

263 2293 317 2323 ille
329 2301 460 2332 quoque
473 2298 573 2326 cretus
584 2294 622 2324 ad
637 2295 769 2324 chorum
788 2292 932 2325 nostrum
947 2292 981 2324 se
996 2293 1160 2332 adjungat,
1176 2294 1229 2332 qui
1247 2303 1318 2324 cum
1333 2293 1422 2332 prius
1437 2292 1618 2333 cantionem
1637 2293 1887 2333 haudquaquam

263 2330 474 2373 adulterinam
494 2337 525 2364 et
545 2333 719 2371 ignobilem
736 2333 845 2373 (atque
860 2334 933 2364 ideo
949 2341 1012 2363 non
1029 2330 1195 2373 Arianam)‘
1209 2333 1276 2364 Deo
1292 2330 1465 2369 accineret,
1481 2339 1516 2362 ac
1531 2330 1643 2373 dextro
1658 2330 1888 2373 quondaut_or-

263 2372 339 2411 dine
360 2371 435 2411 (quo
450 2373 671 2404 statuebantur
690 2371 821 2404 honoris
839 2381 932 2404 causa
952 2372 1110 2411 monachi)
1128 2371 1243 2411 dignus
1261 2373 1558 2411 haberetur,ratque
1573 2371 1680 2408 etiam,
1703 2374 1735 2402 ut
1751 2371 1887 2407 confido,

264 2410 353 2441 brevi
373 2410 553 2449 habebitur,
573 2413 656 2443 haud
672 2413 740 2444 scio
755 2422 819 2452 qua
839 2422 872 2443 re
887 2416 1078 2449 commotus,
1100 2410 1233 2450 repente
1248 2415 1375 2452 cantum
1391 2411 1424 2452 ir!
1443 2410 1742 2452 άινβτευωωυιοι,
1759 2411 1889 2450 alioque

263 2451 362 2488 gradu
381 2455 475 2489 atque
493 2453 608 2482 ordine
625 2460 660 2483 se
678 2449 829 2487 collocat;
853 2461 890 2483 ac
916 2461 956 2483 ne
981 2453 1022 2483 ob
1038 2460 1244 2482 communem
1265 2451 1396 2490 quidem
1418 2449 1559 2480 laatitiam
1579 2449 1696 2481 adduci
1713 2449 1840 2489 potest,
1857 2453 1889 2480 ut

264 2490 431 2521 nobiscum
449 2491 671 2529 conjungatur,
691 2503 705 2519 ν
725 2495 784 2522 etc.
802 2492 875 2522 Haec
891 2492 1076 2522 nullatenus
1095 2491 1222 2522 Ariattis
1235 2513 1243 2526 ,
1271 2489 1327 2521 sed
1351 2489 1516 2521 monachis
1532 2489 1652 2528 optime
1667 2490 1888 2524 conveniunt,

264 2529 310 2559 uti
336 2531 491 2569 permulta
507 2531 579 2560 alia.
606 2531 743 2562 Istorum
761 2542 775 2558 α
793 2540 828 2562 se
845 2531 974 2562 retineri
993 2531 1073 2568 fide,
1091 2541 1104 2558 »
1124 2539 1162 2561 ne
1188 2531 1293 2561 zelum
1317 2530 1350 2560 in
1376 2537 1432 2569 eos
1452 2533 1621 2569 exerceat,
1651 2529 1782 2560 eosdem
1796 2551 1803 2562 .
1824 2540 1839 2556 α
1857 2533 1890 2558 ιιι

263 2568 403 2610 membra
418 2578 477 2610 sua
492 2569 600 2600 fovere
615 2579 649 2600 se
663 2571 766 2602 adhuc
777 2575 874 2610 atque
892 2570 1071 2609 complecti,
1085 2581 1099 2597 ι)
1112 2570 1156 2610 ait
1168 2568 1441 2610 Theologusthﬁ).
1456 2568 1547 2610 Itane
1560 2568 1600 2599 de
1611 2569 1747 2610 Arianis
1764 2568 1890 2610 locutus

261 2609 398 2639 fuisset?
414 2609 458 2639 De
477 2610 642 2640 monachis
659 2610 756 2649 igitur
785 2619 800 2640 θ
820 2607 915 2650 "patre
930 2607 1086 2648 Gregorio
1103 2607 1336 2641 dissidentibus
1358 2608 1425 2639 hac
1446 2612 1522 2638 sunt
1540 2608 1770 2646 intelligenda;
1795 2607 1891 2638 dissi-

297 2685 320 2701 "
331 2684 411 2712 Prov.
428 2693 465 2717 Vl,
486 2685 578 2713 12-15.

298 2753 354 2789 (56)
375 2753 446 2780 Pctr.
464 2753 589 2786 Cnmcns,
603 2753 680 2781 Prml‘.
695 2755 721 2780 in
733 2755 836 2781 Juliani
851 2753 977 2781 Carmres.

866 2753 977 2781 lauaret.
1140 2752 1196 2789 (40)
1216 2752 1277 2789 Bar.
1294 2754 1326 2781 ad
1347 2762 1390 2781 an.
1407 2754 1470 2788 565,
1487 2759 1506 2781 t.
1522 2754 1566 2787 IV,
1578 2762 1604 2789 ι).
1625 2754 1683 2782 ιιι.

300 2788 354 2823 (37)
374 2789 493 2816 Clericus
507 2789 574 2816 Bibl.
592 2790 664 2816 ltuiv.
682 2795 700 2817 ι.
714 2790 805 2822 XVIII,
820 2798 883 2824 an_u.
901 2790 980 2824 1690,
996 2792 1049 2816 art.

569 2810 574 2816 .
592 2790 664 2816 univ.
682 2795 700 2817 ι.
714 2790 805 2822 XVIII,
820 2798 883 2824 au_n.
901 2790 980 2824 1690,
996 2792 1049 2816 art.
1140 2788 1196 2824 (4!)
1215 2788 1261 2816 0r.
1277 2796 1303 2822 ν,
1317 2797 1344 2816 ιι.
1363 2790 1386 2816 1.

265 2823 292 2853 l,
310 2832 336 2856 ν.
352 2823 396 2850 54.
850 2823 857 2824 7

850 2823 857 2824 ’
1139 2823 1197 2856 (ιῖ)
1217 2824 1263 2851 Or.
1279 2831 1316 2856 γι,
1333 2833 1359 2851 ιι.
1377 2824 1403 2851 5.

301 2858 356 2893 (38)
374 2858 452 2886 Praef.
465 2859 530 2886 edit.
545 2858 626 2894 Oper.
643 2859 740 2887 Iuliani
756 2868 819 2888 ann.
836 2859 914 2887 i650.
1139 2858 1197 2894 (43)
1217 2859 1256 2894 1)).
1276 2867 1304 2886 n.
1319 2859 1347 2886 2.

300 2890 355 2928 (59)
375 2894 442 2929 Aug.
456 2900 544 2929 contr.
564 2890 648 2929 Epist.
670 2895 794 2923 Parmen.
818 2895 864 2924 lib.
885 2903 904 2929 t,
919 2902 943 2924 c.
961 2895 1005 2928 l2,
1022 2903 1050 2922 n.

604 2896 648 2924 ist.
670 2895 794 2923 Parmen.
818 2895 864 2924 lib.
885 2903 904 2929 ι,
919 2902 943 2924 c.
961 2895 1005 2928 l2,
1022 2903 1050 2922 n.
1140 2890 1196 2928 (Η)
1216 2893 1262 2921 Or.
1277 2902 1313 2927 tv,
1331 2903 1357 2922 ιι.
1376 2895 1417 2922 l0.

264 2928 306 2962 ιθ,
325 2936 351 2964 ρ.
369 2928 446 2963 25,1.
461 2928 506 2957 ix.
586 2928 593 2929 ί
896 2928 899 2929 ⁷

440 2949 446 2956 .
461 2928 506 2957 Ix.
586 2928 593 2929 ί
896 2928 899 2929 ⁷
1141 2929 1196 2964 με)
1217 2929 1253 2956 Ib.
