2070 3135
205 177 258 207 5”
576 176 704 205 ORATIO
718 177 768 205 ιν.
791 194 821 199 -
839 177 979 207 CONTRA
996 179 1168 208 JULIANUM
1188 179 1208 208 I.
1219 195 1254 200 —
1271 179 1438 208 MONITUM.
1772 180 1826 208 530

206 238 295 268 ilium
307 239 413 280 autem
426 237 512 280 istud
527 236 817 280 tantam'l‘lieologo
828 239 1006 280 molestiam
1021 240 1194 280 attulit.ut,
1204 241 1345 280 quandiu
1362 239 1623 277 perseveraverit,
1640 241 1820 271 sermonem

207 285 336 319 omnem
354 276 525 319 abjecerit,
545 285 582 319 ac
599 277 717 319 nemini
729 276 944 319 concesserit.
971 278 1048 310 lude
1074 276 1223 319 sequitur
1237 276 1379 317 geminas
1396 290 1411 306 α
1431 284 1539 311 contra
1556 280 1719 310 Julianum
1737 291 1751 308 υ
1770 281 1821 310 ln-

209 315 346 358 vectivas
362 315 443 358 quas
461 317 587 354 scripsit
605 316 778 358 Gregorius
793 326 857 356 quo
874 321 1014 356 tempore
1032 315 1178 358 monachi
1204 315 1394 349 Nazianzeni
1420 319 1458 350 ab
1474 319 1624 358 episcopo
1645 327 1706 350 suo
1722 319 1822 350 dissi-

207 355 347 396 debant,
361 356 494 393 scriptas
510 356 740 396 tantummodo,
758 355 820 386 non
837 355 946 387 autem
959 365 1063 388 coram
1080 357 1241 395 frequenti
1259 358 1376 396 populo
1394 355 1542 388 habitas:

249 394 316 435 V_ll.
334 395 400 435 .lam
419 403 493 425 vero
511 395 596 435 quod
614 395 650 435 ad
667 394 842 425 Constantii
861 396 970 426 laudes
985 397 1118 433 attinet,
1145 396 1288 435 Gregorii
1302 394 1343 428 de
1360 405 1397 427 eo
1414 397 1581 435 praeconiis
1598 396 1705 434 plures
1720 397 1797 428 olim
1811 420 1818 432 .

208 437 241 475 ut
260 433 326 470 jam
342 433 461 475 dictum
477 455 485 470 ,
508 433 732 475 Oifensiisunt,
754 438 849 475 atque
865 435 958 475 etiam
977 435 1070 466 hodie
1084 433 1310 473 offenduntur;
1330 433 1433 475 eoque
1455 433 1613 475 progressi
1638 440 1713 467 sunt
1733 445 1820 466 com—

207 472 328 510 plures,
347 476 425 503 teste
440 473 666 514 Deronioihﬁ),
682 485 696 500 α
715 477 748 504 ut
764 472 950 512 Gregorium
969 475 1185 505 inverecunde
1200 479 1294 514 atque
1317 472 1486 514 admodum
1513 472 1631 506 temere
1648 475 1680 505 in
1698 475 1819 506 crimen

209 516 357 551 vocarent
375 511 506 549 proditae
523 512 673 543 veritatis.
696 523 710 540 1
730 511 927 551 Iniquiorem
945 519 1030 544 certe
1054 511 1249 549 Catholicis;
1262 518 1292 544 et
1311 514 1437 545 Arianae
1459 513 1618 545 haereseos
1637 514 1820 545 defensori-

208 550 269 580 bus
284 550 456 592 faciliorem
473 560 506 592 se
526 551 662 592 praebuit
678 550 894 592 Constantius.
911 561 1006 592 quam
1027 557 1060 583 ut
1081 553 1241 589 excusari,
1259 553 1375 584 nedum
1396 553 1515 584 absolvi
1535 553 1651 591 possit:
1671 555 1818 584 excusari

210 593 315 620 tamen
331 593 361 619 et
376 590 502 621 defendi
521 595 623 631 potest
638 591 888 631 Gregorius,qui
906 590 976 622 eum
990 593 1140 623 laudavit.
1156 593 1258 624 Primo
1276 592 1405 631 quidem
1422 590 1654 623 observandum
1672 596 1738 629 est,
1756 601 1819 622 non

209 632 296 670 tanto
310 631 392 670 apud
411 635 533 660 veteres
550 629 625 670 odio
642 630 790 668 ﬂagrasse
804 629 1025 670 Constantium
1040 653 1050 669 ,
1076 635 1196 670 quanto
1219 629 1303 670 apud
1330 639 1389 662 nos
1413 631 1532 670 ﬂagrat.
1556 631 1660 662 Hodie
1683 640 1820 670 namque

209 668 386 710 Constantii
405 677 522 699 nomen
548 669 601 699 vix
619 667 712 710 aonie
728 670 780 699 vix
797 670 927 708 quidem
944 667 1162 706 aliud'so'nat,
1190 667 1303 710 praeter
1318 670 1432 700 Christi
1451 667 1486 702 ac
1510 671 1651 701 veritatis
1673 667 1794 701 hostem
1811 693 1819 706 ,

208 707 357 749 Ecclesiae
373 711 622 749 persecutorem,
638 708 692 744 76
708 717 743 740 ac
759 717 839 747 pene
855 710 1096 740 Antichristum.
1116 707 1372 748 indulgentiores
1391 710 1481 740 fuere
1499 714 1621 741 veteres
1633 731 1643 746 ,
1663 711 1717 749 qui
1741 718 1821 740 non-

209 746 313 787 nullas
330 746 425 787 hujus
441 747 642 786 imperatoris
658 746 800 787 egregias
819 748 909 779 dotes
921 771 929 784 ,
948 757 982 779 ac
1003 749 1147 787 praeclara
1164 746 1307 787 quaedam
1329 748 1467 779 facinora
1483 746 1718 787 conspicientes
1731 772 1739 784 ,
1757 749 1819 780 mi—

209 758 313 777 uunas
330 758 425 787 nuJus
441 758 642 786 imperatoris
658 758 800 787 egregias
819 758 909 779 uetes
921 771 929 784 ,
948 758 982 779 ac
1003 758 1147 787 praeclara
1187 758 1307 779 uacuam
1329 758 1467 779 iacmora
1483 758 1718 787 consptcnentes
1731 772 1739 784 ,
1757 758 1819 780 m1—

209 786 323 827 tiorem
340 787 377 817 de
397 794 436 827 eo
461 787 652 827 sententiam
669 788 809 827 tulerunt
823 809 831 822 ,
862 791 958 827 atque
983 787 1077 818 etiam
1107 758 1253 818 laugibus
1270 792 1433 818 ornarunt.
1451 788 1549 827 Cujus
1574 788 1618 818 rei
1636 792 1669 819 ut
1688 797 1786 818 unum
1803 798 1820 818 e

209 825 332 867 multis,
349 826 579 867 gravissimum
597 825 1104 867 testemqproferam.'Ambrosius
1123 827 1162 858 de
1180 835 1218 858 eo
1241 827 1286 858 sic
1312 827 1483 867 honorifice
1496 825 1652 867 'loquitur
1675 828 1824 858 scribens

209 864 434 905 Valentiniano
446 865 518 905 (b7).
531 876 546 894 «
559 864 762 896 Constantius
778 867 929 904 Augustae
945 867 1105 897 memoriae
1118 867 1260 897 nondum
1277 866 1375 897 sacris
1394 866 1537 896 initiatus
1550 864 1722 905 mysteriis,
1741 875 1818 898 con-

210 903 355 945 taminari
371 903 563 945 serputavit,
579 905 606 945 si
624 913 708 935 aram
734 905 819 936 illam
834 903 975 941 videret;
990 905 1086 945 jussit
1099 905 1239 945 auferri;
1269 913 1343 945 non,
1356 905 1452 945 jussit
1470 903 1623 945 reponi.»
1640 906 1672 936 ld
1689 906 1818 945 quidem

208 942 316 984 Romae
329 942 461 984 accidit,
479 952 555 984 cum,
571 943 776 984 Constantius
792 944 968 976 ascendens
984 942 1187 983 Capitolium,
1205 953 1291 984 aram
1308 942 1455 984 Victorias
1477 942 1553 975 inde
1573 945 1641 975 tolli
1659 942 1817 984 praecepit.

247 982 332 1013 Vill.
358 983 517 1014 Prteconia
534 983 678 1021 Gregorii
695 984 734 1014 de
749 983 933 1014 Constantio
950 984 982 1014 in
998 982 1038 1015 iis
1054 987 1225 1014 occurrunt
1239 983 1465 1020 Orationibus,
1491 992 1569 1023 quas
1591 982 1698 1016 contra
1721 982 1821 1014 Julia-

209 1029 284 1053 num
309 1023 378 1061 ejus
402 1029 621 1062 successorem
650 1023 786 1062 scripsit.
804 1023 883 1060 Quis
909 1032 1002 1062 porro
1023 1024 1102 1054 adeo
1118 1031 1264 1054 severum
1289 1032 1324 1054 ac
1346 1022 1481 1061 rigidum
1501 1022 1634 1054 Oratoris
1655 1032 1817 1054 censorem

207 1070 241 1092 se
255 1062 432 1101 exhibebit,
445 1065 478 1092 ut
495 1061 574 1092 nihil
590 1062 618 1093 ei
633 1063 872 1093 concedendum
888 1061 986 1100 putet,
1001 1063 1028 1092 si
1046 1070 1231 1101 comparans
1246 1070 1317 1092 cum
1330 1062 1460 1092 Juliano
1473 1061 1709 1098 Constantium,
1726 1063 1817 1093 illum

206 1101 385 1139 deprimat,
403 1100 487 1132 hunc
504 1101 657 1131 extollat?
673 1102 738 1132 Hac
760 1102 858 1139 igitur
876 1102 1011 1138 ratione,
1027 1100 1286 1139 licuitGregorio
1302 1101 1538 1140 comparatione
1554 1101 1673 1132 Juliani
1692 1103 1818 1133 laudare

208 1140 447 1180 Constantium,
468 1143 499 1171 et
516 1140 548 1180 in
565 1140 721 1180 laudando
735 1141 972 1172 excusationem
997 1141 1109 1171 mereri
1127 1144 1250 1179 potest,
1272 1142 1299 1172 si
1318 1139 1438 1171 nimius
1454 1139 1562 1171 fuerit.
1577 1141 1820 1180 Comparatione

207 1179 335 1218 pessimi
356 1179 514 1211 interdum
530 1178 650 1210 laudari
666 1180 781 1210 malum
800 1189 857 1210 usu
874 1179 972 1210 venit.

245 1219 302 1249 IX.
323 1219 545 1249 Commendari
563 1219 656 1258 etiam
676 1220 775 1257 potuit
791 1219 1009 1253 Constantius,
1026 1219 1101 1250 citra
1117 1218 1333 1250 adulationem
1352 1221 1381 1249 et
1397 1219 1614 1255 mendacium,
1632 1228 1671 1250 ex
1687 1219 1817 1258 pietate,

206 1266 262 1289 seu
280 1267 316 1290 ex
335 1259 422 1289 cultu
442 1267 517 1297 erga
532 1257 719 1296 religionem
734 1258 890 1289 exhibito.
906 1258 1171 1289 Luculentissima
1187 1263 1272 1288 certe
1288 1258 1468 1289 testimonia
1483 1263 1558 1289 sunt
1573 1259 1659 1290 illius
1678 1257 1711 1288 in
1727 1259 1818 1289 Chri-

209 1299 341 1328 stianam
360 1297 546 1335 religionem
563 1298 681 1333 cultus,
698 1298 904 1336 promulgata}
918 1306 934 1327 a
950 1297 1135 1328 Constantio
1152 1305 1186 1327 ea
1202 1298 1241 1328 de
1259 1306 1352 1328 causa
1370 1298 1468 1336 leges,
1482 1302 1514 1329 et
1528 1298 1648 1328 sancita
1664 1298 1818 1329 adversus

206 1337 388 1368 iuololatras
402 1359 410 1371 ,
427 1336 680 1375 superstitiosos,
701 1337 925 1376 incantatores,
943 1344 1114 1375 magosque
1133 1336 1253 1376 edicta;
1277 1336 1397 1376 quibus
1413 1336 1491 1375 patri
1508 1345 1568 1368 suo
1583 1337 1792 1368 Constantino
1807 1359 1816 1373 ,

206 1377 341 1415 aliisque
359 1376 578 1414 compluribus
593 1376 778 1407 orthodoxae
793 1375 864 1406 fidei
882 1376 1078 1415 principibus
1092 1375 1225 1406 minime
1241 1375 1342 1415 impar
1358 1376 1457 1406 videri
1473 1377 1585 1414 possit.
1598 1377 1630 1406 Si
1648 1376 1679 1407 in
1696 1377 1818 1407 crimen

207 1414 336 1447 vocatur
349 1415 524 1454 GregOrius
536 1437 544 1452 ,
572 1423 609 1446 eo
625 1416 710 1454 quod
727 1415 862 1446 laudarit
882 1414 1120 1450 Constantium,
1145 1416 1304 1445 vocandus
1325 1415 1418 1445 etiam
1435 1417 1495 1446 erit
1509 1416 1540 1446 S.
1555 1415 1697 1447 Hilarius
1712 1417 1817 1446 Picta-

207 1455 346 1495 viensis;
365 1453 737 1495 ille’ipseipriesul',_quo
754 1463 816 1485 non
832 1453 911 1495 alter
926 1454 1281 1495 ferventior_catholicm
1295 1454 1529 1495 ﬁdeidefensor
1544 1461 1649 1486 contra
1667 1456 1816 1486 Arianos.

207 1494 327 1526 Laudat
339 1493 477 1533 namque
488 1493 627 1525 Hilarius
638 1493 700 1533 (1:8)
710 1493 943 1533 Constantium.
955 1505 969 1521 ιι
981 1503 996 1523 a
1007 1493 1160 1531 singulari
1177 1497 1206 1524 et
1222 1493 1398 1524 admirabili
1411 1494 1577 1532 sapientia,
1587 1502 1604 1524 a
1614 1495 1704 1526 beata
1719 1498 1749 1525 et
1764 1504 1818 1526 re-

207 1534 317 1573 ligiosa
335 1532 526 1564 voluntate.»
537 1532 682 1564 —«Vere
694 1537 736 1569 te,
748 1533 880 1573 Domine
890 1532 1055 1563 Constanti
1068 1533 1248 1571 imperator,
1259 1533 1396 1572 sinquit,
1407 1544 1421 1561 α
1434 1534 1573 1563 admiror
1588 1533 1680 1565 ﬁdem
1697 1538 1818 1565 tantum

207 1571 382 1604 sécundum
399 1582 434 1604 ea
450 1581 522 1612 qua;
543 1573 657 1611 scripta
678 1575 753 1603 sunt
770 1571 1028 1612 desiderantem;
1054 1575 1084 1602 et
1107 1573 1221 1602 merito
1244 1571 1343 1612 plane
1356 1573 1394 1603 ad
1418 1573 1470 1603 illa
1493 1574 1558 1611 ipsa
1574 1573 1736 1612 Unigeniti
1759 1574 1818 1604 Dei

208 1612 338 1652 eloquia
357 1611 527 1652 festinans,
545 1616 579 1642 ut
594 1611 805 1652 imperatoriae
823 1611 1048 1652 sr)l|i_citudinis
1065 1620 1164 1652 capax
1177 1617 1287 1646 pectus
1305 1611 1398 1642 etiam
1414 1613 1596 1642 divinorum
1613 1611 1818 1652 elbquiorum

206 1650 400 1683 conscientia
420 1651 550 1690 plenum
566 1651 620 1682 sit.
638 1650 652 1678 3:
670 1651 701 1681 Si
721 1650 864 1690 laudasse
883 1650 1104 1690 Constantium
1122 1650 1241 1680 crimen
1256 1655 1325 1686 est,
1347 1659 1480 1689 magnus
1497 1650 1690 1683 Athanasius
1706 1653 1738 1682 in
1753 1653 1818 1683 cri-

206 1700 277 1722 men
295 1689 470 1727 vocabitur,
488 1691 628 1721 invictus
642 1690 697 1721 ille
711 1689 895 1730 orthodoxae
911 1689 984 1720 ﬁdei
1009 1694 1234 1730 propugnator,
1257 1690 1288 1720 in
1304 1699 1368 1730 quo
1386 1690 1478 1721 annis
1500 1691 1644 1730 pluribus
1666 1691 1818 1722 catholica

207 1731 284 1762 ﬁdes
299 1730 450 1760 inclinata
468 1730 654 1760 recumbere
669 1729 734 1760 visa
751 1733 818 1769 est:
836 1729 955 1769 quippe
971 1729 1025 1769 qui
1045 1740 1059 1756 α
1079 1729 1254 1769 humanum
1278 1733 1308 1759 et
1331 1729 1416 1767 pium
1441 1729 1662 1769 imperatorem
1680 1743 1693 1757 η
1710 1731 1823 1769 δρρθΙι

207 1771 247 1801 lat
264 1769 497 1800 Constantium.
508 1779 522 1797 α
536 1768 597 1806 Illi,
608 1780 623 1798 »
634 1769 751 1809 inquit,
765 1768 804 1799 de
817 1767 944 1809 Ai'iaiiis
957 1767 1114 1809 episcOpis
1132 1767 1350 1806 loquens(li9),
1361 1779 1376 1796 (ι
1392 1767 1505 1807 praeter
1518 1773 1654 1809 mentem
1667 1767 1819 1800 Constan-

207 1809 241 1840 tii
261 1809 461 1847 imperatoris
478 1808 606 1839 humani
625 1812 657 1838 et
676 1808 718 1847 pii
741 1816 798 1845 pro
821 1808 954 1847 libidine
974 1815 1045 1845 quae
1060 1808 1170 1837 volunt
1188 1808 1405 1846 promulgant,
1423 1819 1444 1835 »λ
1462 1812 1520 1839 etc.
1538 1808 1727 1847 Cujusmodi
1748 1809 1819 1847 plu-

207 1849 284 1878 rima
300 1846 358 1878 alia
372 1848 403 1878 in
416 1847 581 1886 Apologiis
595 1846 759 1878 Athanasii
776 1847 913 1886 reperias
927 1846 1008 1886 (50);
1022 1854 1203 1886 quanquam
1222 1847 1324 1886 abeo,
1342 1850 1377 1876 ut
1389 1847 1428 1877 ab
1441 1846 1818 1885 Hilario,’patronusiim-

208 1887 344 1926 pietatis,
363 1885 713 1927 hmre’seos’imperator
728 1889 758 1927 et
784 1885 996 1927 antichristus
1020 1893 1083 1927 non
1099 1885 1196 1927 semel
1213 1885 1620 1927 aAudierit._Hinc_colligere
1636 1891 1703 1923 est,
1721 1896 1817 1927 quam

207 1924 281 1957 vere
297 1926 471 1967 Gregorius
488 1924 611 1967 haeede
626 1925 745 1956 infelici
765 1925 906 1967 principe
922 1924 1083 1967 scripserit
1097 1924 1177 1967 _(5_1)._
1191 1935 1207 1952 α
1218 1924 1278 1961 Qui
1294 1925 1424 1965 quidem
1437 1924 1816 1967 (Constantrius),rsi'quid

205 1966 358 1996 molestia)
368 1963 465 1996 nobis
482 1965 647 2000 exhibuit,
670 1973 734 1995 non
755 1963 853 1995 nostri
870 1963 1055 2002 eontemptu
1072 1963 1104 1993 id
1118 1963 1210 2000 fecit,
1236 1972 1294 1994 nec
1305 1963 1350 1994 'ut
1373 1973 1432 1995 nos
1448 1966 1641 1996 contumelia
1657 1963 1817 2002 alliceret,

206 2014 263 2036 nec
279 2009 314 2036 ut
330 2005 401 2035 aliis
423 2005 617 2043 quibusdam
637 2004 743 2043 potius
759 2012 854 2043 quam
876 2003 969 2034 nobis
994 2003 1196 2043 indulgeret;
1212 2004 1268 2034 sed
1293 2007 1326 2034 ut
1349 2012 1462 2034 omnes
1481 2005 1513 2034 in
1537 2014 1635 2036 utinm
1658 2005 1818 2036 coiremus

205 2042 450 2090 animorumque
458 2042 672 2090 consensione
683 2042 930 2090 conjungeremu
937 2051 960 2078 r,
970 2051 1027 2090 nec
1038 2042 1266 2090 perschismata
1274 2044 1357 2090 inter
1364 2051 1421 2074 nos
1429 2043 1575 2090 dirempti
1584 2050 1679 2090 atque
1688 2045 1817 2088 dissecti

205 2092 360 2115 essemus.
379 2082 448 2114 n’Et
471 2083 503 2114 in
524 2082 693 2114 Steleutica
711 2084 848 2113 secunda
864 2082 923 2121 (52)
938 2092 946 2112 :
964 2093 979 2110 cr
996 2082 1071 2111 Nam
1087 2082 1145 2112 etsi
1164 2091 1181 2113 a
1202 2086 1285 2113 recta
1301 2083 1362 2113 ﬁde
1378 2091 1441 2114 non
1458 2084 1538 2114 nihil
1555 2082 1714 2115 declinare
1730 2084 1816 2114 visus

205 2130 270 2154 est.
289 2123 348 2153 hoc
363 2126 468 2153 tamen
485 2124 604 2153 crimen
621 2121 852 2160 importunitati
869 2121 1190 2160 procerumrtideique
1207 2122 1353 2160 parvitati
1371 2122 1575 2153 tribuendum
1593 2127 1650 2158 est,
1666 2134 1680 2151 »
1698 2126 1756 2154 etc.

245 2162 298 2198 77
313 2162 355 2192 X.
370 2162 529 2201 Deceptus
550 2159 715 2201 nimirum,
731 2159 874 2197 tametsi,
885 2165 966 2201 teste
991 2159 1116 2190 Hilario
1134 2160 1194 2199 (53)
1208 2159 1220 2197 7,
1241 2161 1472 2200 cupidissimus
1486 2162 1652 2192 audiendae
1664 2163 1816 2196 veritatis,

206 2202 310 2233 bonus
337 2200 483 2240 princeps
511 2200 690 2231 Catholicos
712 2201 858 2231 nesciens
879 2200 1022 2238 urgebat,
1041 2204 1136 2240 atque
1151 2201 1189 2240 in
1205 2208 1260 2231 eos
1284 2201 1397 2231 saevire
1414 2201 1674 2239 compellebatur.
1691 2201 1771 2238 Quia
1795 2202 1817 2232 ii

206 2250 268 2272 non
288 2239 388 2277 erant,
404 2241 472 2279 qui,
492 2241 613 2279 prodita
630 2240 761 2271 veritate
776 2243 872 2278 atque
897 2239 1103 2279 conscientia,
1118 2239 1229 2270 falsam
1248 2248 1355 2278 pacem
1382 2244 1535 2270 emerent.
1554 2240 1665 2279 quue
1681 2241 1818 2271 credibi-

207 2281 267 2312 lius
282 2280 370 2311 istud
384 2278 500 2315 evadit,
515 2281 600 2319 quod
614 2278 964 2320 ATheodoretusscribit
981 2278 1045 2320 (δὴ)
1063 2287 1072 2307 :
1089 2279 1189 2320 «Ε.ιεὶ
1214 2279 1432 2320 Constantius
1448 2280 1601 2317 deceptus
1614 2278 1655 2310 ab
1672 2280 1725 2316 iis,
1741 2281 1817 2320 qui-

205 2321 264 2351 bus
280 2328 314 2351 se
331 2319 503 2358 regendum
521 2318 721 2357 permiserat,
737 2318 1018 2358 consubstantialis
1033 2318 1222 2349 vocabulum
1242 2326 1305 2348 non
1320 2318 1460 2354 admisit,
1478 2325 1609 2358 sensum
1628 2323 1730 2349 tamen
1748 2318 1818 2358 eius

204 2359 328 2391 sincere
345 2356 512 2389 confessus
536 2362 595 2390 est.
615 2369 630 2386 »
642 2358 720 2394 Quae
737 2357 890 2398 profecto,
906 2356 934 2387 si
951 2365 1023 2388 vera
1037 2362 1125 2394 sunt,
1143 2357 1315 2389 minuenda
1332 2362 1379 2388 est
1392 2357 1570 2388 Constantii
1586 2357 1690 2398 culpa,
1711 2356 1818 2398 quan,-

204 2407 297 2438 quam
314 2397 435 2430 absolvi
453 2398 578 2438 penitus
591 2406 658 2438 non
680 2397 790 2438 possit.

243 2438 299 2469 XI.
316 2438 410 2469 Hunc
425 2442 529 2468 tamen
548 2436 673 2467 videtur
687 2436 854 2467 absolvere
881 2435 1066 2474 Gregorius,
1078 2438 1174 2475 atque
1199 2436 1292 2465 etiam
1311 2436 1343 2466 in
1369 2435 1457 2468 caelis
1473 2435 1641 2468 collocare.
1657 2437 1715 2468 Sed
1733 2446 1818 2468 error

202 2476 430 2515 ignoscentias,
456 2485 528 2506 cum
546 2476 707 2516 ignorans
733 2474 804 2506 facti
829 2474 1051 2516 Constantium
1080 2474 1238 2516 putaverit
1261 2476 1486 2516 paenitentiam;
1502 2476 1624 2516 quippe
1650 2485 1746 2516 quem
1762 2486 1819 2508 au-

202 2514 303 2547 dierat
321 2516 510 2546 morientem
534 2514 690 2550 doluisse.
706 2516 792 2554 quod
809 2514 900 2554 novis
916 2514 1093 2554 studuisset
1118 2514 1335 2554 dogmatibus.
1351 2514 1411 2545 Pro
1427 2520 1514 2546 certo
1539 2514 1675 2546 habebat
1700 2517 1819 2554 Grego-

202 2556 281 2592 rius,
301 2564 373 2587 cum
388 2554 562 2586 invectivas
580 2552 732 2589 scriberet
755 2554 828 2593 (55),
845 2565 860 2581 α
873 2552 1094 2584 Censtantium
1115 2553 1166 2592 pio
1185 2554 1247 2584 line
1270 2555 1367 2584 vitam
1388 2554 1557 2585 clausisse.
1575 2554 1667 2591 Quod
1686 2555 1713 2585 si
1731 2552 1817 2589 vere,

202 2598 294 2634 prout
317 2595 387 2634 ipse
411 2593 544 2633 putavit,
567 2594 673 2634 inquit
696 2592 850 2634 Barbnius
868 2593 941 2634 (56),
961 2592 1330 2634 accidisseconligerit;
1344 2593 1426 2624 haud
1442 2593 1593 2625 abhorret
1608 2603 1624 2634 ιι
1643 2594 1717 2634 ﬁde,
1732 2596 1818 2634 quod

201 2631 355 2665 relatione
373 2631 545 2664 multorum
561 2631 661 2664 fuerat
676 2633 870 2664 diffamatum
891 2632 930 2662 de
946 2632 1055 2663 audito
1073 2631 1195 2665 coalitus
1216 2637 1323 2666 cantu.
1342 2642 1414 2664 cum
1438 2634 1590 2672 gaudium
1608 2633 1661 2664 ﬁat
1682 2632 1717 2664 in
1739 2631 1818 2665 caelo

202 2682 296 2713 super
312 2681 375 2704 uno
390 2677 553 2712 peccatOre
569 2672 783 2712 posuitentiam
810 2677 936 2710 agente.
955 2683 969 2698 ι

232 2748 288 2789 (leg)
307 2748 371 2789 ﬁer.
389 2756 422 2775 ao
439 2754 502 2775 ann.
516 2748 581 2789 361l
593 2753 611 2776 t.
629 2748 672 2782 ll-l,
683 2756 715 2784 ρ.
727 2748 788 2776 858.

530 2748 581 2789 ιϐ]ὲ
593 2753 611 2776 ι.
629 2748 672 2782 ΙῑΙ,
683 2756 715 2784 p.
727 2748 788 2776 838.
1144 2745 1190 2789 ρι’.
1211 2754 1247 2776 Iv.
1262 2756 1288 2774 n.
1299 2748 1347 2789 5-7.

233 2752 277 2782 μῦ
309 2752 371 2775 Bar.
389 2756 422 2775 ao
439 2754 502 2775 ann.
516 2752 578 2779 561,
593 2753 611 2776 ι.
629 2752 672 2782 lt-l,
683 2756 715 2784 ρ.
727 2752 788 2776 858.

233 2752 289 2824 (ﬂ;
309 2783 395 2824 βρίειυ
411 2791 530 2824 "rw!-
549 2784 592 2824 δίο
639 2819 655 2824 -
776 2817 840 2824 .-η
953 2823 957 2824 ,

519 2752 578 2779 561,
593 2753 611 2776 ι.
629 2752 715 2784 lt-l,p.
727 2752 788 2776 838.
1070 2752 1124 2780 (51)
1144 2752 1190 2774 ur.
1211 2754 1247 2776 Iv.
1262 2756 1288 2774 ιι.
1305 2752 1336 2774 57

523 2802 530 2809 -
549 2784 592 2810 δίο
639 2819 655 2824 -
776 2817 840 2824 .-.-
953 2823 957 2824 ν
1070 2782 1125 2824 ti?!
1145 2782 1194 2824 ρει
1208 2790 1235 2813 νς
1250 2791 1283 2824 ηο.
1297 2783 1336 2824 Ψ·

201 2860 217 2880 n
235 2817 291 2879 (ἐῢ)
311 2816 370 2845 Lib.
387 2826 406 2851 ι,
424 2819 459 2846 ad
481 2818 573 2845 Const.
599 2828 625 2847 ιι.
638 2819 667 2854 2,
688 2825 748 2854 pag.
774 2817 858 2852 1219;
883 2816 982 2851 lib..n,

728 2825 748 2854 ς.
774 2817 858 2852 1219ς
883 2816 982 2851 lib..n,
1070 2817 1126 2886 :55)
1146 2817 1204 2844 Lib.
1220 2825 1239 2844 ιι
1252 2818 1284 2844 ad
1300 2819 1391 2844 Const.
1405 2824 1430 2844 η.
1445 2817 1457 2844 t
1475 2823 1502 2845 et
1522 2817 1545 2848 tv.

1084 2853 1128 2884 54)
1148 2851 1219 2888 ﬂia.
1231 2853 1249 2880 Ι.
1263 2860 1305 2883 ιιι.
1321 2861 1346 2881 c.
1362 2854 1388 2885 1,
1408 2861 1434 2888 p.
1449 2853 1510 2880 126.

237 2887 291 2923 (49)
311 2885 379 2923 Hist.
396 2887 489 2923 Arion.
502 2896 527 2913 ιι.
544 2887 587 2915 45.

515 2898 527 2912 l.
544 2887 587 2915 45.
1145 2887 1191 2923 9r.
1205 2895 1232 2920 v,
1247 2897 1274 2915 ιι.
1291 2887 1332 2914 18.

237 2887 281 2921 (49
311 2887 379 2914 Hist.
396 2887 489 2914 Arion.
502 2896 527 2913 ιι.
544 2887 587 2915 45.

236 2887 292 2958 (5οζ
312 2922 376 2950 Ibid.
389 2929 416 2950 ιι.
434 2921 469 2949 74
481 2927 506 2950 et
522 2923 569 2948 ιδ.

1071 2887 1116 2923 (55
1145 2887 1191 2914 Or.
1205 2895 1232 2920 v,
1247 2897 1274 2915 ιι.
1291 2887 1333 2914 18.
1409 2887 1414 2888 ⁷

1073 2888 1128 2959 (56;
1147 2921 1268 2956 Bar.,.ad
1284 2931 1346 2951 ann.
1362 2923 1446 2960 561,5
1456 2923 1507 2953 5L
