2070 3135
186 182 239 210 57-3

677 180 807 210 ORATIO
827 180 870 208 IV.
889 197 923 202 —
942 181 1081 209 CONTRA
1100 180 1271 209 JULIANUM
1291 180 1312 208 Ι.

1757 178 1815 206 δει-

195 242 292 275 Ὴταῖᾳ
308 239 540 275 συμφθεγξασθαι.
553 241 627 276 Πλὴν
641 241 701 266 ὅσον
715 241 729 266 ὁ
746 239 801 274 (67)
819 238 868 273 μὲν
881 238 927 264 ἐπὶ
937 237 974 272 τῷ

1028 239 1076 265 bus
1090 239 1175 265 Isaias
1189 238 1262 265 vocis
1279 237 1446 265 sublimitate
1467 237 1612 272 prophetas
1625 242 1719 264 omnes
1733 241 1808 264 aute-

194 286 302 321 Ὶςραὴλ
324 285 484 320 ἁθετήσαντι
510 286 596 313 ταῦτα
621 286 698 312 καλεί
721 285 767 311 καὶ
791 284 972 320 μαρτύρεται·

190 331 245 365 ἐγὼ
261 332 289 358 δὲ
306 332 351 358 ἐπὶ
367 331 499 366 τυράννῳ,
526 332 572 358 καὶ
595 331 755 358 ἀθετήσαντι
797 330 844 356 καὶ
866 329 975 356 πεσόντι

191 377 288 412 πτῶμα
303 377 353 412 τῆς
367 377 492 409 ἀσεϐείας
505 377 588 409 ἄξιον.

223 464 251 491 Γ¹
268 464 442 496 Ἄκουε,’καὶ
456 465 472 500 ἡ
488 463 535 490 τοῦ
555 464 671 500 μεγάλου
690 464 880 491 Κωνσταντίου
891 463 974 498 ψυχὴ,

188 510 274 541 εἴτις
293 510 419 545 αῖσθησις
437 510 503 545 (68),
525 511 586 537 ὅσαι
604 519 634 537 τε
650 510 706 546 (69)
727 510 781 546 πρὸ
801 510 882 537 αὐτοῦ
902 509 976 544 βασι-

188 556 255 582 λέων
277 556 460 592 φιλόχριστοιθ
478 556 523 583 τοῦ
541 557 570 583 δὲ
585 556 639 591 (70)
663 557 710 583 και)⁸
722 556 830 582 πάντων
848 556 974 591 μάλιστα,

189 602 243 636 ὅσῳ
258 603 291 637 τῇ
311 601 429 637 Χριστοῦ
444 601 611 637 κληρονομίᾳ
627 601 813 636 συναυξηθεὶς,
830 602 877 628 καὶ
895 601 976 637 αὐξή-

190 656 238 678 σας
256 647 358 682 ταύτην
371 649 411 679 είς
427 647 551 682 δύναμιν,
570 648 617 674 καὶ
637 647 726 682 χρόνῳ
745 647 974 682 βεϐαιωσάμενος,

188 693 259 719 ὥστε
282 693 328 719 καὶ
352 693 460 720 πάντων
477 693 520 719 διὰ
544 693 623 719 τοῦτο
646 692 771 727 γενέσθαι
792 691 846 718 τῶν
868 691 976 718 πώποτε

189 738 321 774 βασιλέων
347 739 570 773 ὀνομαστότατος,
599 737 640 772 (ὣ
656 739 705 774 τῆς
731 738 862 773 ἐπηρείας
890 736 975 772 (7ί)ῐ)

187 785 312 820 ἀγνόημα
327 785 444 821 ἠγνόησε
466 785 567 821 σφόδρα
591 785 641 820 τῆς
655 784 757 816 οἰκείας
776 784 915 815 εὐσεϐείας
931 784 978 810 ἀν-

189 830 279 862 άξιον⁹
307 830 402 857 ἔλαθεν
421 831 576 866 ἐπιτρέφων
599 831 771 866 Χριπιανοίς
794 829 840 856 τὸν
856 828 975 864 Χριστοῦ

188 875 327 911 πολέμιον,
350 877 397 902 καὶ
413 876 492 903 τοῦτο
515 877 593 911 μόνον
611 876 665 903 τῶν
685 876 813 903 ἁπάντων
832 875 861 901 οὐ
886 874 976 906 καλῶς

188 921 475 957 ἐφιλανθρωπεύσατο,
497 922 543 948 καὶ
562 921 648 948 σῶσαι
670 922 717 948 καὶ
742 920 900 956 βασιλεῦσαι
922 920 977 954 (7‘2)

188 966 233 992 τὴν
251 967 343 997 κακῶς
361 967 409 994 καὶ
432 966 552 993 σωθέντα
570 967 616 993 καὶ
634 966 846 1001 βασιλεύσαντα·
868 965 914 991 καὶ
931 964 975 991 διὰ

187 1011 267 1038 τοῦτο
290 1012 408 1047 μάλιστα
430 1012 464 1038 ἂν
479 1012 586 1047 ἡσθείη,
604 1011 696 1047 ὥσπερ
712 1013 745 1047 τῇ
766 1010 913 1037 καταλύσει
927 1011 976 1046 τῆς

188 1054 332 1087 ἀσεϐείας,
352 1057 399 1083 καὶ
422 1057 479 1087 τοῖς
500 1056 671 1090 Χριστιανῶν
696 1057 855 1092 πράγμασιν
881 1057 920 1087 είς
945 1056 976 1081 τὸ

186 1099 299 1134 ἀρχαῖον
319 1100 528 1132 ἐπανελθοῦσιν,
551 1100 622 1127 οὕτω
642 1100 674 1135 δὴ
693 1101 740 1126 καὶ
760 1100 798 1135 τῷ
817 1099 897 1134 λόγῳ.
924 1099 976 1126 Λό-

187 1152 235 1178 γον
251 1145 304 1181 γὰρ
321 1145 449 1182 ἀναθήσω
466 1146 505 1181 τῷ
521 1146 580 1181 Θεῷ
602 1147 777 1181 χαριστήριον
788 1166 794 1178 ,
809 1145 899 1180 πάσης
915 1145 976 1171 ἁλό-

187 1199 236 1224 γου
254 1191 348 1223 θυσίας
364 1191 508 1227 ίερὼτερόν
522 1201 552 1218 τε
568 1192 615 1218 καὶ
636 1191 836 1226 καθαρώτερον,
853 1191 883 1217 οὐ
904 1191 975 1217 κατὰ

187 1237 250 1268 τοὺς
273 1238 378 1271 ἐναγεῖς
405 1237 509 1264 ἐκείνου
539 1237 635 1272 λόγους
659 1238 706 1264 καὶ
727 1237 836 1272 λήρους,
853 1238 901 1264 καὶ
926 1237 975 1269 τὰς

186 1283 368 1319 ὲναγεστέρας
380 1284 485 1317 θυσίας,
503 1281 540 1311 ὧν
557 1279 583 1318 ή’
598 1284 738 1319 περιουσία
753 1284 808 1319 (75)
823 1284 870 1310 καὶ
884 1284 914 1311 τὸ
930 1284 975 1310 δυ-

186 1330 264 1356 νατὸν
279 1330 404 1361 ἀσεϐείας
426 1328 460 1365 ἦν
483 1330 612 1365 δύναμις,
635 1330 681 1357 καὶ
699 1330 813 1365 ἅσοφος,
836 1330 869 1356 ἵν’
889 1329 975 1361 οὕτως

186 1375 328 1409 ὀνομάσω,
344 1376 440 1410 σοφία·
464 1376 525 1402 ἐπεὶ
542 1377 588 1402 καὶ
612 1375 668 1409 (74)
682 1376 757 1402 πᾶσα
772 1376 789 1411 ή
808 1375 857 1401 τοῦ
878 1375 975 1406 αἰῶνος

186 1421 279 1448 τούτου
294 1422 406 1457 δύναμίς
414 1431 443 1448 τε
455 1423 500 1448 καὶ
515 1423 652 1453 παίδευσις
667 1422 695 1449 ἐν
711 1422 800 1448 σκότει
815 1422 974 1457 διαπορευο-

188 1468 266 1503 μένη,
285 1468 332 1494 καὶ
347 1468 393 1494 τοῦ
415 1469 462 1504 τῆς
474 1468 602 1503 ἀληθείας
616 1468 703 1502 φωτὸς
716 1467 812 1504 πόρρω
824 1468 972 1494 πίπτουσασ

186 1515 276 1549 ἐκείνη
294 1514 343 1549 μὲν
358 1514 389 1549 δὴ
404 1514 514 1549 τοιαύτη
530 1514 575 1541 καὶ
589 1514 663 1550 παρὰ
675 1514 814 1543 τοιούτοις.
828 1514 873 1540 καὶ
886 1513 975 1540 τοιαύ-

186 1570 235 1592 τας
251 1561 351 1595 ἔχουσα
362 1561 410 1592 τὰς
426 1561 595 1596 ἐπικαρπίας
605 1582 611 1593 ,
627 1560 692 1586 ὡσεὶ
707 1560 802 1594 χόρτος
819 1559 887 1594 ταχὺ
907 1560 974 1587 ἀπο-

188 1606 386 1642 ζηραινομένη,
405 1607 451 1633 καὶ
473 1607 539 1633 ὡσεὶ
562 1606 664 1641 λάχανα
686 1605 766 1640 χλόης
788 1605 857 1639 ταχὺ
873 1605 973 1631 ἀποπί-
986 1617 1007 1646 C

188 1661 301 1684 πτουσα,
318 1653 365 1679 καὶ
379 1652 547 1679 συναπιοῦσα
557 1653 612 1683 τοῖς
630 1651 763 1685 πατράσιν
778 1650 974 1685 ἀπολλυμένοις

189 1699 247 1732 μετ’
269 1698 347 1733 ἦχον.
365 1699 411 1724 καὶ
435 1697 675 1733 περιφανεστὲροις
691 1695 740 1732 τὴν
761 1696 864 1722 πτῶσιν
889 1695 905 1731 ἢ
924 1696 972 1731 τὴν

187 1744 326 1772 ἀσέϐειαν.

1027 283 1137 310 cellens.
1155 284 1211 311 Hoc
1227 292 1308 311 unum
1329 283 1450 317 interest,
1467 283 1538 318 quod
1557 282 1601 310 ille
1621 283 1655 310 ob
1672 282 1808 315 lsraelem,

1026 329 1070 362 qui
1088 327 1133 355 Dei
1149 329 1232 364 legem
1250 329 1388 363 rejecerat,
1398 336 1428 355 ea
1441 333 1519 356 vocat
1534 333 1614 362 atque
1626 332 1808 355 contestatur:

1025 381 1074 409 ego
1086 379 1174 401 autem
1190 374 1223 401 oh
1238 379 1393 410 tyrannum,
1411 374 1456 409 qui
1471 379 1497 401 et
1519 381 1578 402 eam
1596 373 1698 408 rcjecit,
1717 377 1743 400 et
1756 374 1808 399 mi-

1026 427 1098 452 sere,
1115 425 1143 446 ut
1158 420 1242 454 ipsius
1254 420 1379 454 impietas
1395 420 1551 447 merebatur
1561 439 1569 451 ,
1583 418 1692 446 occidit.

1062 464 1104 490 Ill.
1120 464 1187 491 Audi
1203 465 1259 491 haec
1283 465 1364 492 etiam
1388 464 1539 493 Constantii
1565 464 1654 497 magni
1670 463 1772 495 anima,
1788 462 1809 490 si

1026 509 1087 544 quis
1102 510 1216 537 mortuis
1228 517 1321 537 sensus
1332 515 1383 543 est,
1401 517 1548 544 omnesque
1573 517 1677 541 eorum.
1695 509 1740 544 qui
1761 509 1810 536 im-

1027 555 1130 590 perium
1145 561 1208 583 ante
1222 556 1309 590 ipsum
1323 560 1475 588 tenuerunt,
1488 555 1538 591 βίω
1549 554 1702 590 Christique
1719 561 1811 581 aman-

1027 608 1067 629 tes
1086 602 1201 628 animm:
1220 609 1310 628 verum
1327 601 1371 628 ille
1391 609 1446 636 pra:
1468 601 1583 634 caeteris,
1600 600 1644 635 qui
1659 607 1719 628 cum
1732 599 1812 627 simul

1027 654 1086 674 cum
1101 647 1202 674 Christi
1217 646 1375 674 haereditate
1400 647 1541 680 crevisset,
1554 654 1668 681 eamque
1684 653 1733 681 pro
1744 644 1810 672 viri-

1027 693 1076 720 bus
1101 693 1230 725 auxisset,
1255 693 1440 728 temporisque
1457 692 1633 720 diuturnilate
1649 691 1808 718 conﬁrmas-

1027 743 1078 772 set,
1094 739 1160 766 adeo
1177 743 1206 765 ut
1225 746 1257 766 eo
1278 738 1386 765 nomine
1400 744 1505 770 omnes,
1526 738 1571 772 qui
1591 745 1708 772 unquam
1725 737 1809 771 impe-

1027 785 1069 812 rio
1095 783 1174 819 potiti
1192 784 1313 817 fuerant,
1332 784 1473 818 splendore
1492 783 1630 818 gloriaque
1656 787 1811 818 superasset

1028 829 1061 865 (ο
1081 829 1206 864 injuriam
1234 837 1265 857 ac
1293 829 1368 857 nefas
1383 830 1390 856 l
1405 829 1426 863 ),
1443 830 1612 865 ignoratione
1642 829 1734 864 lapsus
1753 833 1810 864 est,

1029 875 1111 908 ipsius
1129 875 1228 909 pietate
1243 874 1385 902 admodum
1411 875 1518 908 indigna
1536 883 1543 901 :
1559 875 1719 902 Christianis
1731 875 1811 903 Chri-

1029 921 1061 948 sti
1079 921 1132 956 79
1145 921 1250 948 hosmm
1279 921 1396 948 insciens
1411 920 1492 952 aluit,
1510 920 1536 947 in
1561 928 1648 955 eoque
1671 928 1723 948 uno
1739 920 1811 948 haud

1027 971 1100 994 recte
1128 967 1295 994 humanitate
1322 974 1354 993 ac
1373 966 1539 998 benignitate
1569 974 1634 994 usus
1657 972 1718 999 est,
1739 967 1811 1002 quod

1026 1019 1088 1039 eum
1108 1016 1134 1039 et
1156 1012 1273 1040 servavit
1294 1016 1321 1039 et
1347 1012 1380 1039 ad
1397 1012 1538 1047 imperium
1567 1014 1669 1045 evexit,
1682 1013 1727 1048 qui
1743 1013 1811 1040 male

1026 1065 1058 1085 ac
1072 1058 1177 1086 funeste
1204 1062 1231 1085 et
1256 1063 1377 1086 servatus
1405 1063 1447 1086 est
1473 1064 1500 1086 et
1526 1059 1669 1093 imperium
1697 1059 1809 1087 admini-

1026 1105 1130 1130 stravit.
1147 1105 1236 1138 Atque
1251 1103 1301 1130 hac
1315 1104 1485 1138 potissimum
1501 1104 1534 1132 de
1553 1111 1635 1132 causa
1650 1112 1710 1131 eum
1724 1104 1811 1132 cretii—

1026 1149 1122 1180 derim,
1138 1154 1166 1176 ut
1183 1157 1214 1175 ex
1228 1149 1374 1183 impietatis
1387 1149 1562 1184 oppressione
1576 1157 1721 1184 rerumque
1733 1149 1812 1177 Chri-

1026 1196 1174 1221 stianarum
1208 1195 1242 1221 ad
1270 1195 1412 1229 pristinum
1447 1195 1618 1229 splendorem
1646 1196 1751 1227 reditu,
1771 1196 1810 1223 sic

1025 1241 1106 1267 etiam
1124 1247 1154 1266 ex
1175 1241 1225 1267 hac
1252 1240 1373 1268 oratione
1399 1241 1546 1267 maximam
1576 1241 1740 1275 voluptatem
1764 1249 1810 1268 ca-

1026 1291 1144 1321 pturum.
1159 1286 1318 1313 Sermonem
1334 1286 1406 1314 enim
1422 1285 1477 1313 Deo
1494 1286 1520 1314 in
1542 1287 1611 1321 grati
1627 1287 1709 1314 animi
1725 1287 1809 1322 signi-

1026 1332 1177 1359 ﬁcationem
1195 1332 1302 1364 dicabo,
1323 1333 1397 1360 otuni
1423 1332 1538 1360 rationis
1564 1337 1674 1368 experte
1699 1333 1809 1360 victima

1025 1377 1160 1411 puriorem
1186 1382 1214 1405 et
1230 1378 1406 1410 sanctiorem,
1427 1386 1481 1405 non
1505 1379 1582 1414 juxta
1599 1378 1716 1406 nefarias
1737 1379 1809 1407 illius

1024 1424 1160 1451 orationes
1187 1431 1218 1451 ac
1243 1432 1344 1459 nugas,
1362 1424 1502 1459 magisque
1532 1425 1634 1452 nefaria
1657 1425 1807 1458 sacriﬁcia,

1025 1477 1137 1504 quorttm
1166 1470 1322 1504 praestantia
1338 1475 1365 1497 et
1387 1471 1504 1505 potentia
1522 1471 1669 1506 impietatis
1691 1472 1810 1507 potentia

1024 1520 1091 1549 erat,
1109 1519 1136 1542 et
1152 1516 1293 1550 insipiens,
1309 1521 1338 1543 ut
1363 1516 1403 1544 sic
1428 1516 1535 1551 loquar,
1550 1517 1683 1552 sapientia
1700 1527 1707 1549 ;
1725 1518 1810 1552 siqui.

1025 1560 1084 1588 dem
1105 1563 1195 1588 otnnis
1223 1562 1303 1596 hujus
1325 1562 1416 1589 saeculi
1439 1563 1558 1596 potentia
1582 1569 1609 1590 et
1632 1563 1748 1590 eruditio
1781 1563 1809 1590 in

1026 1607 1143 1634 tenebris
1169 1607 1288 1635 ambulat
1300 1607 1332 1640 “,
1360 1611 1440 1642 atque
1458 1616 1472 1636 a
1489 1609 1610 1636 veritatis
1627 1609 1688 1636 luce
1713 1609 1809 1644 procul

1025 1653 1134 1680 excidit.
1152 1653 1240 1688 Atque
1268 1654 1312 1681 illa
1332 1655 1439 1689 quidem
1460 1655 1521 1683 talis
1540 1660 1581 1682 est
1596 1659 1625 1682 et
1640 1655 1711 1690 apud
1732 1655 1808 1687 tales,

1027 1699 1142 1732 taliaque
1160 1707 1248 1734 operte
1272 1701 1357 1734 pretia
1380 1701 1470 1732 habet,
1486 1701 1563 1735 quasi
1577 1700 1666 1727 fenum
1682 1700 1810 1727 velaciter

1026 1751 1169 1775 aresceus,
1192 1749 1218 1772 et
1237 1746 1462 1779 quemadmodum
1488 1746 1561 1772 olera
1591 1746 1736 1773 herbarum
1756 1745 1810 1772 cito

188 1791 315 1819 decidens
334 1791 367 1822 ⁸⁵,
383 1798 414 1817 ac
430 1790 508 1817 simul
521 1797 580 1818 cum
592 1789 750 1824 parentibus
764 1789 820 1816 suis
838 1789 997 1820 abscedens,
1010 1797 1069 1817 cum
1083 1792 1171 1818 sonitu
1191 1792 1407 1825 pereuntibus“,
1438 1797 1518 1827 atque
1531 1793 1566 1820 ob
1587 1792 1690 1819 ruinam
1711 1792 1806 1820 clarity

189 1837 263 1864 ribus
281 1844 362 1870 quam
382 1837 416 1863 oh
431 1837 604 1870 impietatem.

223 1886 249 1911 A'
277 1885 353 1919 Ἐμοὶ
369 1884 397 1910 δὲ
412 1883 502 1910 θύοντι
521 1883 616 1910 θυσίαν
631 1883 759 1914 αἰνέσεως
775 1883 894 1918 σήμερον
904 1903 911 1914 ,
927 1882 974 1909 καὶ

188 1930 236 1964 ⁴τὴν
250 1930 415 1964 ἀναίμακτον
430 1929 484 1955 τῶν
497 1929 585 1963 λόγων
596 1929 677 1963 τιμὴν
691 1928 745 1963 (75)
760 1928 918 1959 ἀνάπτοντι,
933 1927 974 1959 τίς

190 1975 301 2011 θέατρον
322 1972 481 2011 περιστῆσει
497 1975 554 2011 (76)
568 1977 601 2010 τῇ
616 1975 706 2010 χάριτι
722 1975 920 2010 παρισούμενον
934 1983 941 2006 ;
956 1974 972 2009 ἢ

189 2023 230 2054 τίς
243 2022 390 2057 συνηχήσει
406 2021 515 2055 γλῶσσα
532 2020 656 2047 τοσοῦτον
666 2041 673 2053 ,
690 2019 787 2046 ὁπόσον
803 2020 850 2046 καὶ
875 2019 973 2054 βούλο-

191 2077 257 2104 μαι;
275 2069 323 2100 Τίς
347 2068 414 2102 ἀκοὴ
431 2067 470 2102 τῷ
485 2067 556 2102 λόγῳ
582 2065 878 2102 συμπροθυμηθήσεται
902 2066 972 2101 (77);

190 2115 244 2142 Καὶ
255 2113 309 2149 γὰρ
324 2114 354 2140 ού
370 2113 409 2148 τῷ
425 2113 503 2148 Λόγῳ
525 2113 604 2148 μόνον
620 2113 636 2147 ἡ
655 2111 698 2138 διὰ
714 2112 793 2145 λόγου
818 2111 873 2146 (78)
895 2111 974 2147 χάρις

189 2161 341 2195 εἱλειοτάτη
363 2159 431 2195 μετὰ
440 2159 493 2185 τῶν
505 2158 590 2185 ἄλλων
602 2155 639 2184 ὧν
648 2158 818 2193 ὀνομάζεται,
831 2158 877 2185 καὶ
888 2157 973 2192 ταύτῃ

190 2207 309 2241 χαίροντι
323 2207 356 2240 τῇ
372 2204 538 2241 προσηγορίᾳ
555 2203 735 2239 διαφερόντως
752 2204 799 2231 καὶ
812 2205 844 2239 τῇ
861 2203 973 2238 δυνάμει

189 2252 239 2288 τῆς
259 2252 394 2282 κλήσεως’
418 2250 486 2278 ἀλλὰ
504 2250 622 2284 κάκείνῳ
639 2249 781 2286 πρέπουσα
801 2249 877 2284 δίκη,
902 2248 973 2284 λόγῳ

1064 1882 1108 1910 ιν.
1123 1882 1186 1910 Mihi
1214 1887 1303 1910 autem
1321 1883 1451 1910 hodierno
1472 1883 1514 1910 die
1536 1882 1697 1910 sacrificium
1723 1883 1813 1910 laudis

1026 1928 1188 1955 sacriﬁcanti
1201 1928 1233 1961 ⁸⁷,
1258 1933 1337 1962 atque
1363 1928 1531 1955 incruentum
1553 1935 1706 1957 sermonum
1728 1929 1810 1956 hono-

1026 1982 1082 2001 rem
1097 1974 1151 2001 Deo
1171 1974 1351 2006 consecrauti,
1369 1974 1430 2008 quis
1451 1973 1583 2008 ejusmodi
1604 1974 1739 2002 theatrum
1759 1982 1808 2002 ex-

1026 2019 1145 2051 hibebit,
1173 2019 1244 2053 quod
1262 2020 1363 2054 accepti
1390 2019 1512 2046 beneficii
1533 2021 1742 2055 magnitudinem
1761 2021 1809 2048 ad-

1025 2066 1132 2100 aequet?
1146 2071 1192 2092 aut
1208 2073 1267 2100 quae
1287 2066 1387 2101 lingua,
1404 2074 1452 2100 pro
1466 2075 1497 2094 eo
1514 2075 1546 2094 ac
1559 2067 1647 2101 cupio,
1668 2067 1746 2094 simul
1765 2068 1809 2094 in-

1026 2110 1133 2138 sonabit
1150 2110 1162 2136 τί
1179 2110 1243 2142 Qua:
1270 2111 1344 2137 auris
1368 2118 1459 2145 parem
1491 2111 1607 2137 sermoni
1641 2110 1807 2138 alacritatem

1026 2156 1138 2183 allatura
1151 2156 1216 2183 est?
1231 2156 1322 2190 Neque
1340 2156 1411 2182 eniut
1428 2157 1561 2183 duntaxat
1580 2156 1678 2188 Verbo,
1692 2164 1722 2183 ea
1739 2157 1807 2190 grati

1025 2202 1107 2230 animi
1114 2201 1284 2236 significatio,
1294 2201 1490 2236 qutepcherha
1499 2201 1660 2236 rependitur,
1669 2202 1806 2236 aptissima

1024 2253 1051 2275 et
1065 2247 1306 2283 congruentissima
1319 2251 1370 2280 est,
1382 2251 1474 2282 utpote
1489 2253 1585 2281 prmter
1598 2247 1648 2274 alia
1665 2248 1803 2281 vocabula,

224 2322 248 2338 ⁸⁵
258 2321 329 2350 Psal.
347 2329 438 2354 um,
451 2321 478 2348 5.
517 2320 539 2336 "
555 2320 625 2348 Psal.
639 2327 730 2353 xxxvr,
744 2320 772 2348 ‘2.
811 2320 834 2336 ⁴⁶
857 2319 927 2348 Psal.
941 2327 979 2352 lx,
1000 2319 1026 2346 7.
1064 2319 1085 2334 ⁵⁷
1101 2318 1170 2346 Psal.
1184 2326 1257 2351 xux,
1275 2317 1319 2344 23.

227 2401 282 2436 (67)
302 2401 391 2436 Ὅσον
400 2399 469 2427 dita
478 2404 594 2436 quatuor
607 2399 704 2435 Regg.,
717 2403 770 2426 tres
782 2398 858 2425 Coib.
870 2397 967 2425 etedit.
985 2399 1008 2427 D
1023 2396 1098 2436 lor_!_v

190 2435 249 2463 Μάί
270 2437 336 2462 Man.
352 2435 427 2462 Deest
441 2436 455 2461 6
472 2436 496 2461 in
514 2435 573 2461 Par.

227 2470 282 2504 (68)
300 2471 335 2496 El
354 2479 398 2502 τις
418 2470 570 2502 αἴσθησις.
600 2479 609 2494 ‹
626 2468 655 2495 Si
682 2468 744 2501 quid
766 2467 890 2504 defuncti
906 2475 969 2504 sep-

192 2501 289 2532 tiant.)
312 2506 358 2532 Sic
380 2501 509 2531 Isocrates
529 2501 622 2531 iisdem
643 2504 744 2534 verbis,
766 2503 812 2530 sed
830 2502 908 2535 paulo
930 2501 969 2528 fu-

192 2541 247 2567 sius
260 2549 265 2567 ε
284 2541 317 2566 Εἴ
332 2549 373 2571 τις
390 2540 462 2566 ἔστιν
478 2539 602 2574 αἴσθησις
616 2540 671 2570 τοῖς
686 2537 890 2573 τετελευτηκόσι
906 2537 969 2574 περὶ

189 2575 244 2602 τῶν
260 2575 353 2602 ἐνθάδε
379 2573 557 2608 γιγνομὲνωνζ
578 2583 586 2599 ι
600 2573 627 2600 Si
651 2574 714 2607 quid
734 2580 826 2600 eorum
849 2579 908 2606 quae
926 2573 969 2598 hic

193 2611 259 2637 tiuut
285 2607 402 2637 defuncti
427 2607 576 2637 sentiant.)
604 2608 651 2636 0r.
674 2608 779 2636 funebri
810 2607 836 2634 in
863 2608 969 2633 laudem

191 2645 329 2679 Evagnrae.

226 2677 282 2711 (69)
304 2680 386 2706 Ὅσαι
402 2687 443 2706 τε.
464 2677 583 2705 Combef.
596 2678 652 2704 ὅσοι
665 2686 704 2703 τε.

227 2711 281 2749 (70)
304 2714 357 2741 Τοῦ
377 2714 420 2746 δέ,
431 2719 483 2741 etc.
500 2713 619 2740 Combef.
632 2712 679 2738 τοῦ
693 2711 721 2738 δέ
734 2720 776 2746 γε.
796 2721 804 2736 ι
815 2711 970 2749 illiusenim

191 2746 256 2776 vero
274 2746 398 2775 maxime
419 2749 555 2779 omnium,
582 2753 681 2782 quanto
710 2754 761 2773 una
785 2754 844 2782 cum
868 2746 970 2773 Christi

192 2784 349 2812 haereditate
368 2785 506 2815 adauctus,
519 2781 605 2816 eaque
620 2789 668 2816 pro
681 2782 781 2809 viribus
797 2781 919 2813 adaucta,
940 2788 970 2808 ac

193 2819 320 2852 temporis
333 2819 506 2846 diuturnitate
521 2817 691 2844 c0ufirmata.
704 2826 712 2842 ι

228 2850 283 2888 (il)
303 2854 334 2880 Ὦ
353 2853 415 2888 ντῆς
429 2851 583 2886 ἐπηρείας]
599 2852 712 2888 ltill._¢o
729 2858 836 2888 gravem
860 2850 972 2888 impres-

193 2886 309 2916 sionem!
324 2886 441 2917 rCnmb.
460 2897 468 2913 ι
481 2887 615 2915 onoxam!
628 2896 637 2913 ι
661 2886 730 2915 Edit.
747 2886 807 2915 Bas.
826 2894 835 2912 ι
846 2887 912 2919 proh
928 2886 972 2914 do-

1059 2431 1121 2466 (7‘2)
1140 2430 1333 2467 Buo’tlet'rcrqz.
1363 2429 1453 2467 Schol.
1486 2430 1648 2457 Βασιλεύσαι
1667 2432 1819 2467 Ῠποιῆσαιμ

1023 2466 1107 2493 Recte
1127 2466 1234 2501 quidem
1253 2466 1285 2491 ad
1300 2465 1421 2501 Gregorii
1439 2470 1556 2492 tuentem
1568 2471 1595 2492 et
1614 2467 1647 2492 ad
1663 2465 1808 2501 Scriptum

1022 2508 1139 2528 sensum.
1154 2501 1163 2527 l
1176 2500 1241 2533 Reg.
1255 2508 1314 2530 Vlll,
1330 2500 1374 2526 2‘2.

1057 2536 1114 2571 (75)
1132 2533 1189 2562 Ὧν
1205 2536 1224 2568 ὴ
1247 2535 1414 2568 περιουσία.
1444 2544 1457 2560 ι
1468 2535 1586 2568 Quorum
1609 2537 1691 2570 copia.
1704 2542 1742 2563 et-
1756 2538 1808 2566 vis.

1023 2571 1169 2604 impietatis
1184 2571 1223 2596 vis
1238 2575 1306 2596 erat.
1317 2579 1326 2595 ι

1058 2606 1112 2640 (74)
1138 2605 1216 2631 Ἐπεὶ
1231 2605 1290 2631 καί.
1304 2604 1494 2640 «Siquidem.»
1514 2605 1574 2632 Bill.
1589 2614 1598 2630 ι
1613 2605 1685 2632 velut
1696 2605 1787 2632 etiam.
1797 2616 1805 2630 ι

1058 2641 1113 2676 (75)
1134 2641 1237 2675 Λόγων
1253 2639 1352 2676 τιμήνἔ
1371 2649 1385 2676 ἰ
1405 2639 1565 2676 Sermouum
1583 2640 1783 2676 holocaustum.
1795 2649 1805 2665 ι

1057 2673 1112 2711 (76)
1132 2673 1320 2711 [lepra-niger,
1335 2673 1426 2711 Schol.
1435 2674 1530 2711 κύκλῳ
1543 2675 1653 2711 στήσει,
1679 2684 1693 2711 ε
1702 2675 1809 2701 auditu-

1022 2709 1082 2737 rum
1102 2709 1228 2738 comuam
1243 2709 1390 2736 exhibebit.
1403 2718 1412 2735 ι
1435 2709 1500 2744 Reg.
1514 2711 1570 2741 bm,
1589 2709 1666 2737 Colb.
1679 2710 1705 2742 '5,
1722 2717 1810 2745 παρα-

1023 2746 1125 2780 στήσει.

1059 2777 1114 2815 (77)
1134 2777 1467 2814 Συμπροθυμηθήσεται.
1492 2779 1575 2815 Regg.
1599 2787 1631 2814 a,
1657 2778 1694 2812 b,
1718 2778 1766 2809 0r.
1784 2779 1809 2814 1,

1026 2815 1297 2850 συμπροθυμήσεται,

1059 2824 1357 2886 (ἦξςοῩῆθξὲἶεῗέἓὶου.
1381 2848 1447 2885 Reg.
1464 2849 1553 2886 bm.ﬁ
1577 2848 1670 2885 λόγου.
1691 2848 1752 2878 Bill.
1776 2857 1809 2879 ex

1024 2886 1102 2914 Card.
1116 2886 1137 2921 ἡ,
1149 2884 1194 2912 τοῦ
1209 2884 1297 2919 λόγου.
