2070 3135
251 149 305 179 533
869 155 899 182 s.
919 153 1083 182 cnaconn
1103 153 1277 182 TllEOLOGl
1821 148 1875 178 536

251 207 350 244 quibus
364 209 530 245 appellatur,
542 211 592 238 hoc
611 218 716 246 quoque
730 212 854 245 nomine,
869 220 901 240 ac
920 213 1036 240 nominis

1097 212 1246 244 ιολὰζὶσθαι
1275 211 1343 247 ὑπὲρ
1370 210 1420 247 τῆς
1442 211 1482 242 εἰς
1508 210 1604 245 λόγους
1627 208 1814 245 παρανομίαςο
1835 205 1874 235 ὧν

250 255 278 283 vi
294 259 322 283 et
344 255 473 284 facultate
492 256 665 291 singulariter
679 257 806 292 gaudenti
825 268 831 285 :
848 265 941 285 verum
953 259 1034 286 etiam

1097 259 1186 286 ιοινῶν
1216 258 1301 284 ὅντων
1327 257 1446 291 λογικοῖς
1471 257 1584 288 ἅπασιν,
1612 255 1649 287 ὡς
1680 255 1751 282 ίδίων
1777 253 1871 287 αὐτοῦ,

252 308 332 335 poena
346 302 403 329 haec
423 302 460 329 illi
479 302 590 337 pulchre
614 303 752 336 convenit,
768 310 797 331 ut
808 311 858 338 pro
872 311 905 331 eo
920 304 1034 338 scelere,

1097 305 1259 340 ίριστιανοῖς
1273 303 1436 339 ἐφθόνησεν,
1453 302 1610 337 ἀλογώτατα
1627 301 1691 337 περὶ
1709 301 1796 335 λόγων
1816 300 1874 328 δια-

253 347 323 381 quod
336 347 362 374 in
389 355 527 375 sermones
541 349 658 382 admisit,
672 357 796 376 sermone
811 350 955 378 crucietur.
967 350 1034 378 Nam

1097 349 1203 386 ιοηθεὶς,
1221 350 1235 376 ὁ
1251 349 1370 381 πάντων,
1387 349 1424 381 ὡς
1439 348 1518 384 ᾣετο,
1534 347 1705 383 λογιώτατος.

253 401 314 420 cum
333 394 369 420 illi
393 394 512 421 omnium
545 394 648 421 ratione
677 396 851 430 praeditorum
875 403 1032 424 communes
1053 396 1118 427 sint,
1138 403 1185 424 eos
1205 400 1295 423 tamen
1330 396 1387 430 ipse
1420 399 1546 429 tanquam
1560 394 1611 421 sibi
1631 393 1779 428 peculiares
1796 392 1874 420 Chri-

253 438 349 466 stianis
366 439 518 487 invidebat,
532 439 706 467 stolidissime
726 447 793 469 sane
831 441 864 469 de
899 442 1071 470 sermonibus
1089 441 1222 476 cogitans,
1245 441 1342 475 homo,
1364 440 1466 487 judicio
1481 447 1548 473 suo,
1571 439 1724 468 mortalium
1752 439 1872 467 omnium

253 479 471 513 faetmdis'simus.

288 530 321 558 V.
343 529 461 557 Primum
482 531 544 565 quia
563 531 675 559 subdole
692 539 725 559 ac
748 532 870 567 improbe
889 540 985 561 nomen
999 534 1032 560 ad

252 575 406 610 opinionem
429 576 561 609 traduxit,
577 577 654 612 quasi
675 585 765 605 sermo
781 578 903 611 Gnaeus,
917 587 970 606 non
984 579 1037 606 liii-

253 629 322 656 gnm,
337 623 383 648 sed
404 621 541 655 religionis
556 623 592 650 sit
606 631 614 650 ε
628 628 709 658 atque
722 624 756 651 ob
772 631 831 651 eam
849 632 971 656 causam,
982 624 1038 652 vel-

254 673 282 694 ut
301 667 380 695 alieni
395 667 457 695 boni
472 668 554 701 fures,
569 676 583 696 a
602 669 772 697 sermonibus
787 677 836 698 nos
851 671 960 707 abegit:
977 678 1039 704 per-

253 713 316 741 imle
328 721 361 742 ac
383 714 406 742 si
422 722 471 742 nos
492 722 600 749 quoque
616 716 721 744 artibus
742 716 806 748 illis,
826 724 885 750 quae
898 717 967 751 apud
982 717 1038 752 80

253 759 362 786 Graecos
381 759 495 786 inventa:
514 765 593 791 sunt,
615 759 655 786 uti
674 760 865 795 prohibuisset,
889 759 969 795 idque
989 767 1037 787 sua

254 806 396 838 interesse,
420 809 531 839 propter
552 805 627 832 vocis
651 804 863 840 homonymiam,
879 804 1037 839 iudicasset.

254 850 334 884 Tum,
351 851 413 886 quia
439 851 518 878 uobis
538 851 682 878 obscurum
695 858 756 878 esse
777 851 890 886 putavit,
903 851 930 878 id
947 858 976 878 se
989 850 1040 878 mi-

254 897 326 923 nime
337 903 371 923 eo
385 897 499 923 consilio
517 896 616 930 facere,
629 900 658 923 ut
676 896 780 932 insigne
795 896 929 931 quoddam
944 901 970 924 et
986 896 1038 931 pri-

254 941 370 968 marium
387 941 485 968 bonum
498 942 575 969 nobis
592 942 720 976 eriperet,
735 942 834 976 quippe
851 942 896 976 qui
915 943 964 969 hos
981 949 1038 969 scr-

255 993 349 1014 mones
363 985 493 1020 majorem
507 986 588 1014 etiam
602 986 628 1014 in
653 987 760 1014 modum
779 994 977 1022 aspernemur:
993 995 1033 1014 ve-

255 1039 315 1058 rum
326 1031 388 1067 quia
402 1031 547 1065 impietatis
562 1031 759 1060 eonfutationes
769 1032 973 1066 extimescebat,
983 1032 1040 1060 vel-

258 1083 289 1106 ut
300 1078 326 1105 in
344 1078 471 1105 dictionis
485 1078 618 1112 elegantia
632 1078 829 1114 verborumque
843 1078 979 1106 lenocinio
997 1087 1041 1105 ro-

256 1123 308 1152 bur
321 1123 463 1156 habentes,
477 1131 509 1151 ac
524 1131 578 1151 non
598 1125 687 1159 potius
702 1125 728 1151 in
747 1125 870 1153 veritatis
886 1126 1040 1161 cognitione

257 1173 339 1203 atque
353 1169 553 1203 argumentis,a
572 1170 669 1204 quibus
685 1170 775 1197 minus
796 1170 931 1205 compesci
946 1177 978 1197 ac
998 1178 1041 1197 re-

256 1214 336 1249 primi
358 1222 510 1248 possumus,
527 1222 607 1249 quam
625 1215 753 1248 inhiberi,
770 1222 805 1242 ne
822 1215 905 1243 Deum
918 1215 1043 1242 conﬁtea-

257 1267 328 1291 mur,
341 1267 402 1286 cum
425 1259 544 1295 linguam
571 1260 720 1288 habeamus
733 1261 971 1296 ;quandoqnidem
989 1269 1041 1288 una

257 1312 318 1332 cum
333 1305 394 1333 aliis
405 1306 486 1333 rebus
494 1313 648 1334 sermonem
663 1306 744 1334 etiam
759 1306 939 1338 immolemus,
949 1315 1043 1341 quem-

257 1352 402 1378 admodum
419 1357 447 1379 et
465 1360 590 1387 corpora,
607 1353 715 1387 quoties
739 1360 783 1380 res
803 1353 839 1380 ita
866 1358 929 1380 nata
951 1353 1041 1385 fuerit,

258 1402 287 1423 ut
302 1397 343 1424 his
360 1405 466 1432 quoque
481 1406 530 1432 pro
543 1399 664 1428 veritatis
685 1399 842 1426 defensione
855 1399 985 1426 dimicare
1000 1406 1043 1426 ne-

258 1450 335 1469 cesse
346 1443 392 1470 sit.
404 1442 505 1476 Quare,
521 1443 566 1478 qui
595 1444 646 1471 hoc
664 1444 763 1476 edixit,
781 1443 869 1470 Attice
886 1443 994 1477 quidem
1017 1447 1045 1470 et

1123 532 1161 559 E'.
1177 529 1287 566 Πρῶτον
1305 529 1368 565 μὲν,
1384 529 1424 556 ὅτι
1440 527 1600 564 κακούργως
1623 527 1672 563 τὴν
1689 525 1873 563 προσηγορίαν

1089 576 1238 612 μετέθηκεν
1255 575 1302 602 ἐπὶ
1317 575 1347 601 τὸ
1362 574 1456 601 δοκοῦν
1472 574 1537 609 (79),
1555 573 1649 608 ὥσπερ
1661 572 1711 607 τῆς
1727 571 1874 608 θρησκείας

1087 622 1152 649 εντα
1165 621 1211 648 τδν
1226 620 1345 656 Ἕλληνα
1364 619 1452 653 λόγον,
1470 618 1527 645 ἀλλ’
1545 618 1575 644 οὺ
1596 618 1645 653 τῆς
1669 616 1809 652 γλώσσης·
1826 615 1873 644 καὶ

1088 667 1131 694 διὰ
1148 667 1245 698 τοῦτο,
1260 666 1298 698 ὼς
1320 665 1461 700 ἀλλοτρίου
1480 663 1561 690 καλοῦ
1582 663 1692 699 φῶρας,
1713 662 1767 689 τῶν
1787 662 1873 696 λόγων

1089 713 1161 748 ἡμᾶς
1177 712 1315 748 ἀπήλασεν
1332 712 1386 747 (80)
1396 720 1402 726 ·
1416 710 1509 745 ὥσπερ
1526 710 1558 737 ἂν
1574 710 1597 736 εί
1612 709 1657 736 καὶ
1670 708 1771 744 τεχνῶν
1786 706 1873 743 εἶρξεν

1088 761 1177 794 ἡμᾶς,
1192 759 1252 785 ὅσαι
1271 757 1335 793 παρ’
1353 757 1480 792 Ἕλλησιν
1496 755 1635 792 εὕρηνται,
1655 755 1703 782 καὶ
1723 753 1802 781 τοῦτο
1817 753 1872 789 (8i)

1088 805 1226 840 διαφέρειν
1240 804 1313 840 αὐτῷ
1323 804 1369 831 διὰ
1381 803 1429 839 τὴν
1440 803 1597 838 ὁμωνυμίαν
1611 801 1735 836 ἐνόμισεν
1744 809 1750 815 ·
1769 800 1874 832 ἔπειτα,

1089 852 1131 878 ὃτι
1144 851 1286 878 λανθάνειν
1301 851 1373 886 ἡμᾶς
1389 849 1532 881 ὑπέλαϐεν,
1549 848 1600 875 οὐκ
1615 846 1718 881 ἀγαθοῦ
1735 854 1806 878 τινος
1820 845 1874 872 τῶν

1092 898 1207 933 πρώτων
1222 897 1276 932 (82)
1294 897 1490 931 ἀποστερήσειν
1511 895 1625 931 μέλλων,
1637 894 1664 921 οῖ
1672 902 1704 927 γε
1715 892 1760 919 καὶ
1773 892 1875 927 σφόδρα

1091 943 1202 975 τούτους
1217 941 1433 979 περιφρονοῦμεν
1447 942 1509 972 τοὺς
1522 940 1629 974 λόγους·
1643 938 1710 965 ἀλλὰ
1722 938 1785 969 τοὺς
1799 937 1876 971 ἐλέγ-

1092 998 1156 1025 χους
1175 989 1225 1024 τῆς
1244 987 1372 1019 ἀσεϐείας
1400 986 1455 1022 (85)
1480 985 1656 1021 φοϐούμενος,
1679 984 1773 1019 ὥσπερ
1787 983 1816 1009 ὲν
1840 984 1874 1018 τῆ
1912 1002 1916 1006 .

1093 1035 1211 1071 κομψείᾳ
1232 1034 1283 1070 τῆς
1296 1033 1395 1066 λέξεως
1414 1033 1464 1068 τὴν
1484 1033 1558 1068 ἰσχὺν
1575 1031 1694 1067 ἔχοντας,
1710 1030 1766 1057 ἀλλ’
1781 1030 1831 1056 οὐκ
1847 1030 1876 1055 ὲν

1092 1082 1125 1116 τῇ
1142 1070 1240 1114 γνώσει
1261 1079 1311 1115 τῆς
1333 1078 1460 1114 ἀληθείας
1482 1078 1529 1105 καὶ
1551 1079 1606 1109 τοῖς
1628 1076 1826 1112 ἐνθυμήμασιν,
1839 1070 1876 1101 ὧν

1094 1126 1214 1160 ἐπισχεῖν
1231 1125 1305 1160 ἡμᾶς
1326 1123 1528 1159 ἀδυνατώτερον
1543 1123 1597 1158 (84)
1612 1123 1628 1157 ἦ
1644 1122 1689 1149 τὸν
1703 1121 1768 1148 Θεὸν
1782 1120 1878 1156 ὁμολο-

1094 1172 1152 1204 γεῖν
1166 1171 1221 1206 (85)
1236 1170 1361 1206 γλῶσσαν
1376 1170 1486 1205 ἔχοντας
1497 1178 1503 1184 ·
1519 1169 1580 1196 ἐπεὶ
1592 1169 1639 1196 κει)¹
1651 1168 1729 1195 τοῦτο
1744 1167 1814 1203 μετὰ
1824 1167 1877 1193 τῶν

1093 1217 1180 1244 ἄλλων
1194 1216 1387 1253 ἱερουργοῖῳεν
1410 1216 1457 1243 τὸν
1469 1215 1548 1250 λόγον
1559 1235 1566 1248 ,
1585 1215 1679 1250 ὥσπερ
1697 1214 1732 1241 τὰ
1753 1213 1877 1249 σώματα.

1094 1262 1174 1296 ἡνίκα
1194 1261 1228 1288 ἂν
1244 1261 1292 1288 καὶ
1305 1260 1410 1292 τούτοις
1421 1259 1601 1295 ἀγωνίζεσθαι
1614 1259 1661 1296 δέῃ
1672 1259 1736 1294 περ).
1749 1258 1797 1293 τῆς
1813 1257 1879 1292 ἀλη-

1094 1308 1168 1340 θείας
1178 1314 1185 1321 ’
1200 1307 1270 1333 ὥστε
1285 1308 1298 1334 6
1311 1307 1389 1335 τοῦτο
1403 1306 1557 1343 προστάξας
1575 1305 1735 1337 ’Δττικίζειν
1751 1304 1799 1339 μὲν
1811 1301 1879 1329 ἐκώ-

1094 1353 1169 1385 λυσε,
1183 1352 1214 1380 τὸ
1234 1353 1263 1380 δὲ
1279 1352 1422 1388 ἀληθεύειν
1440 1353 1490 1379 οὑκ
1505 1352 1606 1379 ἔπαυσε
1616 1360 1623 1367 ·
1644 1352 1691 1378 καὶ
1705 1351 1736 1378 τὸ
1751 1350 1801 1386 μὲν
1815 1350 1880 1376 ἐαυ-

1095 1397 1141 1424 τοῦ
1164 1397 1261 1433 σαθρὸν
1284 1397 1393 1433 ήλεγξε,
1414 1398 1476 1429 τοὺς
1492 1397 1620 1432 ἐλέγχους
1637 1396 1666 1423 δὲ
1685 1396 1716 1422 οὐ
1737 1395 1878 1429 διέφυγεν·

1097 1443 1136 1470 ὅτι
1152 1443 1190 1478 μὴ
1203 1443 1250 1471 καὶ
1264 1443 1363 1479 μᾶλλον
1380 1444 1485 1474 τούτοις
1498 1443 1592 1469 ἑαυτὸν
1611 1441 1721 1472 ὑποθεὶς
1735 1440 1878 1475 ἠγνόησεν.

259 1489 399 1524 eleganter
413 1488 485 1524 loqui
501 1490 639 1525 prohibuit
655 1499 663 1517 :
679 1495 716 1522 at,
738 1497 772 1517 ne
786 1497 848 1517 vera
871 1490 1054 1525 loqueremur,
1075 1490 1281 1525 haudquaquam
1296 1490 1435 1524 impedivit
1452 1498 1460 1517 :
1482 1489 1614 1524 simulque
1627 1494 1653 1516 et
1669 1487 1879 1515 imbecillitatem

259 1542 336 1562 suam
354 1536 483 1570 prodidit.
500 1544 550 1564 nec
568 1537 764 1564 confutationes
779 1536 870 1572 cll'ugit
886 1545 893 1563 :
915 1537 969 1564 imo
982 1544 1046 1564 vero
1061 1537 1215 1572 imprudens
1227 1544 1288 1564 sese
1302 1536 1345 1564 bis
1365 1537 1450 1571 magis
1469 1535 1583 1569 subjecit
1603 1540 1681 1570 atque
1694 1534 1823 1569 implicuit

295 1580 340 1608 νι.
357 1581 449 1617 Neque
464 1582 536 1610 enim
559 1582 678 1610 hominis
690 1583 811 1616 erat,vel
834 1584 973 1618 religionis
992 1592 1047 1612 sua:

1134 1585 1179 1618 ς’.
1195 1584 1232 1610 Οὐ
1253 1583 1308 1619 γὰρ
1333 1583 1496 1620 θαρροῦντος
1515 1581 1549 1618 ἦν
1572 1582 1634 1609 οὔτε
1660 1582 1717 1613 τοῖς
1736 1580 1807 1616 ὑπὲρ
1830 1579 1881 1614 τῆς

261 1635 360 1660 causae,
378 1627 418 1655 vel
438 1628 503 1663 ipsis
517 1629 597 1656 etiam
613 1629 784 1657 sermonibus
799 1629 971 1662 confidentis,
984 1637 1042 1658 ser-

261 1681 354 1701 mones
381 1680 490 1702 nostros
518 1675 696 1710 comprimere
722 1683 728 1702 :
752 1676 865 1711 perinde
891 1683 923 1703 ac
947 1676 969 1704 si
985 1676 1046 1711 quis

262 1720 424 1748 athletarum
450 1721 570 1748 omnium
601 1721 765 1749 fortissimus
788 1722 840 1749 sibi
866 1722 998 1755 videatur,
1015 1729 1047 1749 ac

262 1766 369 1801 publico
386 1767 523 1801 praeconio
548 1766 675 1795 omnibus
699 1767 821 1803 praeferri
849 1767 984 1803 postulet,
999 1768 1046 1802 qui

262 1812 400 1845 edixerit,
414 1820 447 1840 ne
465 1812 572 1840 fortium
594 1821 625 1840 ac
640 1818 813 1841 strenuorum
834 1814 954 1841 virorum
978 1813 1048 1841 ullus

264 1863 400 1886 certamen
416 1859 498 1893 ineat,
517 1864 597 1894 atque
615 1859 641 1887 in
655 1867 767 1888 arenam
778 1861 935 1893 descendat,
949 1860 991 1888 vel
1002 1861 1048 1895 qui

265 1905 414 1931 membrum
432 1905 540 1940 aliquod
565 1907 722 1940 amputarit,
750 1907 776 1934 id
801 1907 873 1942 quod
898 1906 1050 1934 timiditatis

265 1950 366 1985 potius,
383 1958 462 1985 quam
483 1951 648 1980 fortitudinis
664 1958 851 1987 argumentum
872 1957 924 1980 cst.
937 1953 1050 1980 Corona:

302 2007 548 2044 (79)]11ετέθηκεν
562 2008 611 2035 ἐπὶ
628 2009 661 2036 τὸ
674 2008 796 2036 δοκοῦν.
816 2018 825 2035 ι
839 2009 878 2037 Ad
892 2009 1045 2044 opinionem

267 2042 396 2080 traduXit.
411 2053 421 2068 ι
450 2042 477 2070 ld
501 2048 558 2080 est,
578 2044 611 2070 de
632 2042 919 2080 cognato_}'ocabulo,
935 2044 1046 2080 Ἕλλην,

270 2077 432 2110 «Graccus,»
453 2085 505 2104 non
529 2079 635 2112 linguae,
655 2077 702 2105 sed
726 2078 865 2113 religionis
888 2077 1047 2106 vocabulum

268 2113 362 2143 duxit,
392 2119 422 2139 ιιι
447 2121 457 2138 ι
475 2113 596 2140 Grmcam
615 2123 624 2139 ι
652 2113 808 2147 religionem
836 2114 877 2141 sic
901 2114 1013 2142 subdole
1035 2122 1050 2141 a

272 2158 282 2175 ι
305 2148 458 2176 Christiana
470 2157 479 2173 ι
498 2148 626 2182 religione
637 2153 799 2176 secerneret.

305 2183 360 2218 (80)
383 2183 444 2219 Τῶν
470 2184 569 2218 λόγων
596 2182 674 2217 ἡμᾶς
705 2183 876 2217 ἀπήλασεν.
904 2184 975 2219 Lege
998 2184 1051 2211 lata

269 2219 392 2247 Julianus
409 2218 570 2246 Christianis
592 2218 733 2246 interdixit
757 2219 814 2246 sive
836 2218 974 2251 docendis,
994 2220 1053 2246 sive

271 2254 407 2281 discendis
431 2253 636 2281 humanioribus
661 2253 768 2281 litteris.
794 2253 938 2285 Baronius,
962 2259 1051 2288 spreta

271 2293 392 2316 veterum
406 2289 526 2315 omnium
543 2289 713 2319 auctoritate,
727 2288 902 2321 existimavit,
919 2289 980 2317 aliis
995 2294 1054 2316 tan-

274 2330 328 2350 tum
347 2323 475 2351 docendis
499 2323 671 2351 interdictum
697 2323 780 2351 fuisse
803 2324 975 2356 Christianis,
998 2332 1051 2351 non

272 2366 337 2385 vero
352 2358 496 2385 discendis.
514 2358 585 2390 Dixi,
602 2368 612 2385 ι
625 2363 715 2393 spreta
730 2363 850 2386 veterum
866 2359 984 2386 omnium
1006 2367 1055 2386 au-

273 2393 414 2424 ctoritate;
428 2402 437 2418 ι
456 2402 518 2420 nam
535 2393 667 2420 Barouius
691 2393 748 2428 ipse
765 2398 857 2421 contra
872 2401 901 2421 se
917 2394 982 2421 citat
999 2393 1048 2421 Ra.

276 2428 358 2455 linum
370 2447 378 2460 ,
389 2428 557 2464 Socratem,
582 2428 775 2459 Sozomenum,
791 2429 979 2464 Augustinum.
999 2439 1008 2455 ι
1024 2430 1057 2456 Ει

275 2464 347 2495 quis,
362 2471 371 2488 ι
388 2462 475 2497 inquit
489 2463 679 2496 Montacutius,
699 2473 707 2488 ι
723 2464 820 2491 talibus
836 2462 869 2491 'et
889 2465 972 2491 tantis
991 2465 1056 2491 viris

276 2506 328 2526 non
353 2498 467 2534 credat?
491 2498 557 2532 Quis
580 2506 632 2525 non
661 2500 753 2526 credat
780 2498 910 2534 Gregorio
939 2499 1055 2526 Nazian~

275 2533 364 2563 zeno?
376 2543 386 2559 ι
405 2533 495 2568 (quem
514 2533 594 2568 etiam
614 2538 708 2560 contra
732 2541 761 2561 se
782 2538 905 2568 potuerat
927 2534 1057 2561 Baronius

277 2568 370 2603 citare)
382 2569 426 2602 qui
447 2568 562 2599 litteras,
577 2567 683 2602 λόγους,
696 2569 862 2603 disciplinas,
877 2570 982 2597 scholas
999 2577 1058 2603 pro-

278 2604 378 2631 hibitos
408 2603 570 2631 Christianis
601 2604 727 2631 omnibus
751 2604 911 2638 profitetur;
937 2604 1057 2637 adeoque

279 2643 333 2666 tam
357 2639 464 2666 discere
479 2646 559 2673 quam
575 2638 672 2666 docere
688 2639 792 2666 litteras
811 2639 980 2666 Christianos
996 2647 1057 2673 pro-

277 2674 367 2702 hibuit
389 2673 520 2701 Julianus.
545 2673 577 2701 Et
601 2679 676 2701 certe
699 2674 720 2701 si
738 2673 842 2700 litteras
864 2675 969 2702 discere
992 2675 1058 2708 ipsis

278 2709 459 2743 permisisset,
472 2714 499 2737 et
518 2709 615 2737 docere
631 2713 734 2736 tantum
751 2709 950 2742 prohibuisset,
969 2710 1058 2736 imme-

278 2745 330 2770 rito
341 2743 489 2780 Gregorius
509 2748 562 2771 tam
577 2743 683 2772 acerbis
703 2743 839 2780 lulianum
856 2745 946 2772 verbis
966 2744 1060 2778 exagi-

281 2783 361 2813 taret,
380 2784 407 2806 et
424 2784 551 2813 tanquam
567 2780 717 2807 litterarum
737 2779 841 2806 hostem
861 2785 1057 2807 exsecraretur.

279 2812 388 2849 Iniquus
403 2814 429 2840 in
445 2812 579 2841 lulianum
596 2814 638 2841 vel
655 2815 712 2848 ipse
728 2814 822 2841 fuisset
843 2815 901 2849 ejus
912 2815 1060 2849 admirator

280 2848 435 2884 grumiaeus
461 2849 642 2880 Marcellinus.
665 2851 710 2883 qui
729 2849 768 2876 bis
791 2849 837 2876 lib.
858 2858 925 2879 nu.
942 2857 969 2884 p.
989 2848 1058 2880 2'22;

279 2881 328 2912 lib.
354 2891 416 2918 xxv,
442 2891 469 2919 ρ,
491 2884 553 2918 294,
578 2893 587 2910 ι
604 2881 752 2912 inclemens
772 2889 798 2912 et
822 2881 1060 2918 pei'enni'sileutio

1097 1629 1244 1666 θρησκείας
1265 1629 1389 1662 δικαίοις,
1406 1629 1467 1656 οὔτε
1483 1630 1539 1661 τοῖς
1554 1629 1644 1663 λόγοις
1664 1628 1755 1659 αὐτοῖς
1773 1626 1803 1653 τὸ
1819 1626 1882 1658 τοὺς

1098 1676 1247 1712 ἡμετέρους
1266 1675 1388 1710 ἐπίσχειν
1411 1675 1522 1709 λόγους·
1546 1674 1639 1710 ὥσπερ
1657 1674 1690 1701 ἂν
1707 1673 1734 1699 εἴ
1755 1681 1796 1704 τις
1812 1672 1881 1708 κρά-

1097 1730 1187 1748 τιστον
1200 1722 1296 1748 ἑαυτὸν
1310 1722 1416 1756 νομίζοι
1431 1722 1485 1749 τῶν
1501 1721 1634 1757 ἀθλητῶν,
1651 1721 1698 1748 καὶ
1711 1720 1798 1755 ἀξιοίη
1812 1719 1883 1747 κατὰ

1099 1768 1207 1795 πάντων
1223 1767 1417 1803 κηρύττεσθαι,
1441 1767 1544 1804 μηδένα
1560 1767 1614 1794 τῶν
1635 1767 1765 1802 γενναίων
1782 1765 1883 1800 ἀγωνί-

1099 1814 1204 1847 ζεσθαι,
1230 1814 1296 1850 μηδὲ
1315 1815 1487 1842 καταῧαίνειν
1508 1816 1548 1847 είς
1570 1815 1600 1841 τὸ
1621 1813 1727 1841 στάδιον
1743 1812 1883 1845 ἐπιτάξας,

1099 1861 1116 1896 ἡ
1141 1870 1168 1888 τι
1193 1861 1247 1888 τῶν
1268 1861 1357 1896 μελῶν
1384 1860 1532 1897 περικόψας
1552 1860 1631 1896 (86),
1653 1860 1721 1895 ὅπερ
1739 1858 1884 1894 ἀνανδρίας

1103 1907 1202 1942 μᾶλλον
1223 1906 1239 1942 ἢ
1266 1905 1361 1942 ῥώμης
1386 1907 1544 1942 τεκμήριον.
1570 1905 1648 1933 Κατὰ
1672 1905 1728 1941 γὰρ
1748 1904 1802 1931 τῶν
1827 1903 1884 1938 (87)

1101 1951 1326 1987 ἀγωνιζομένων,
1355 1953 1385 1980 οὑ
1408 1952 1460 1979 τῶν
1487 1952 1542 1979 ἄνω
1568 1951 1759 1987 καθεζομένων
1781 1950 1837 1986 (88)
1859 1950 1884 1976 οί

1099 2009 1265 2036 obruendum
1278 2019 1287 2034 ι
1309 2009 1425 2044 appellat
1443 2008 1572 2047 Juliania
1585 2009 1758 2047 decretum!)
1776 2007 1885 2047 de_quo

1103 2049 1190 2071 tamen
1213 2043 1350 2078 Apostolus
1363 2044 1490 2078 gratulari
1516 2044 1663 2077 debuerat,
1682 2043 1706 2072 si
1723 2043 1884 2070 Christianis

1104 2084 1207 2106 tantum
1227 2079 1337 2106 docendi
1353 2087 1449 2106 munus
1464 2079 1657 2106 interdixisset.

1138 2114 1193 2148 (8i)
1212 2113 1380 2149 K027201310.
1395 2119 1446 2141 etc.
1463 2114 1548 2149 Regg.
1565 2122 1590 2146 a,
1614 2115 1640 2146 b,
1663 2112 1740 2140 Coib.
1756 2112 1781 2149 6,
1799 2111 1886 2147 τούτῳ

1102 2149 1251 2184 διαφέρειν.
1266 2148 1361 2176 Billius
1379 2158 1386 2176 :
1403 2158 1413 2175 ‹
1429 2147 1536 2184 Easque
1561 2154 1670 2183 propter
1691 2147 1810 2184 eiusdem
1836 2155 1886 2174 no-

1105 2181 1190 2211 minis'
1211 2183 1416 2218 appellationem
1441 2181 1505 2212 suas
1529 2181 1587 2211 esse
1610 2181 1764 2210 duxisset.)
1786 2181 1884 2218 verum

1104 2224 1134 2246 ut
1148 2223 1199 2245 stet
1210 2217 1298 2254 (ipsius
1320 2219 1417 2252 iersio,
1433 2219 1573 2253 legendum
1593 2227 1641 2254 pro
1661 2218 1749 2254 τοῦτο,
1766 2217 1884 2249 ταύτας,

1104 2259 1131 2280 et
1151 2253 1225 2288 αὐτῷ
1248 2261 1294 2287 pro
1317 2253 1402 2288 αὐτῷ,
1427 2254 1468 2280 vel
1492 2254 1604 2281 subaud.
1626 2261 1687 2281 cum
1714 2253 1808 2281 Comb.
1826 2257 1887 2288 post

1105 2289 1194 2319 τοῦτο,
1208 2280 1294 2322 λόγων
1309 2280 1402 2316 modii
1417 2289 1481 2316 Vide
1496 2280 1523 2316 ii.
1538 2289 1598 2316 tor.

1140 2325 1195 2359 (82)
1217 2324 1278 2351 Τῶν
1301 2323 1432 2358 πρώτων.
1454 2323 1483 2351 ln
1510 2324 1629 2359 pluribus
1655 2322 1739 2358 Regg.
1759 2328 1787 2350 et
1810 2322 1887 2351 Colb.

1106 2359 1211 2388 desunt.

1142 2394 1197 2428 (83)
1224 2394 1380 2427 Ἆσεϐείας.
1407 2393 1477 2421 Edit.
1499 2393 1558 2420 Ald.
1581 2397 1609 2421 et
1630 2392 1712 2420 Herv.
1735 2392 1887 2424 εὐσεϐείας.

1106 2428 1163 2456 Non
1181 2430 1329 2463 spernenda
1346 2429 1435 2462 lectio,
1449 2436 1531 2464 quam
1547 2433 1637 2456 tamen
1654 2428 1680 2455 in
1702 2429 1774 2456 nullo
1793 2428 1890 2455 codice

1107 2471 1264 2491 renerunus.

1138 2472 1465 2534 ἳὲἱῗιὶῗξδυνατώτερον.
1486 2498 1604 2534 Sancyg.
1616 2497 1852 2534 obrbuvattb-rspov.

1142 2534 1197 2568 (85)
1219 2534 1277 2562 Τὸν
1291 2534 1365 2574 sed]
1386 2533 1664 2573 ὁμολογεῖν-ὃεὴοι.
1681 2533 1718 2595 μὶ)
1738 2533 1890 2574 ὁμολογεῖν.

1143 2569 1200 2595 (86)
1221 2570 1255 2595 Ἤ
1271 2578 1299 2595 τι
1314 2578 1374 2595 των
1397 2571 1497 2595 ιιελων
1516 2568 1691 2595 περικόψας.
1721 2573 1745 2594 Ia
1765 2569 1848 2595 Cousl.
1864 2568 1884 2595 Ι.

1143 2569 1200 2605 (86)
1213 2570 1255 2605 ῙΗ
1271 2578 1299 2596 τι
1314 2569 1374 2596 τῶν
1395 2568 1497 2605 μελρὠ·
1516 2568 1745 2605 περικόψας.νίῑγτι
1765 2569 1848 2596 Coisl.
1864 2568 1884 2601 Ι,

1107 2603 1195 2635 Pass.,'
1213 2604 1284 2631 Elias
1309 2610 1336 2632 et
1351 2604 1434 2631 Savil.
1453 2604 1515 2632 Hac
1529 2605 1657 2631 uitiiset-at
1674 2603 1777 2630 Billius.

1143 2639 1199 2674 (87)
1219 2640 1300 2667 Κατὰ
1318 2639 1372 2674 γὰρ
1389 2639 1458 2671 τῶν,
1473 2644 1524 2666 etc.
1546 2648 1554 2663 ι
1571 2640 1606 2666 De
1627 2639 1661 2666 iis
1682 2639 1755 2665 enim
1776 2637 1820 2672 qui
1843 2644 1889 2674 put

1108 2671 1202 2715 gnaut'.
1218 2671 1327 2715 coronai
1339 2671 1521 2715 reponantur,
1539 2681 1591 2715 n_o_u
1609 2678 1701 2715 autem
1721 2674 1754 2700 de
1770 2671 1821 2713 illis
1844 2671 1890 2715 qui

1109 2707 1136 2735 in
1150 2709 1283 2743 superiori
1300 2707 1384 2744 gradu
1405 2709 1510 2736 sedent.
1525 2719 1534 2735 ι
1555 2709 1662 2744 Deridet
1675 2708 1823 2742 Gregorius
1844 2707 1890 2744 lu-

1110 2744 1222 2775 lianum,
1237 2743 1414 2776 quifsublato
1430 2744 1593 2771 Christianis
1619 2743 1769 2771 litterarum
1791 2743 1890 2774 studio,

1110 2780 1201 2812 inepte
1216 2786 1264 2806 eos
1281 2787 1310 2806 se
1326 2779 1458 2805 victurum
1475 2780 1609 2812 sperabat.

1146 2813 1201 2848 (88)
1221 2812 1435 2848 Καθεζομένων.
1472 2814 1520 2841 llic
1552 2813 1748 2848 Ἀγωνοθέτας,
1776 2812 1802 2839 id
1830 2816 1890 2848 est.

1114 2857 1123 2874 ι
1134 2846 1317 2889 certaminum
1327 2846 1441 2883 'judices
1457 2857 1488 2877 ac
1505 2846 1632 2885 praesides
1644 2858 1655 2875 ι
1680 2849 1802 2882 intelligit
1822 2846 1890 2874 (ἔτεα

1112 2891 1202 2916 genus
