2070 3135
177 169 228 198 537

670 169 803 197 ORATIO
821 168 865 197 IV.
886 185 919 190 —-
938 169 1076 198 CONTRA
1095 170 1269 199 JULIANUM
1288 170 1310 199 Ι.

1750 170 1802 201 5'58

177 228 319 263 στέφανοι·
343 227 390 255 καὶ
407 227 463 255 τῶν
484 228 559 264 πάσῃ
585 228 725 266 τῇ.ρώμῃ
748 229 912 265 χρωμένων.
933 231 964 257 οὐ

1017 231 1111 266 quippe
1135 232 1266 259 adversus
1291 235 1453 266 pugnantes,
1467 238 1521 258 non
1549 235 1638 259 autem
1653 238 1734 266 supra
1755 214 1806 258 ιιι-ί

177 274 230 302 τῶν
256 273 465 310 περιῃρημένων
493 275 525 304 τὸ
551 275 618 302 πολὺ
643 276 693 312 τῆς
711 276 861 312 δυνάμεως.
888 277 921 303 Et
936 277 964 303 δὲ

177 319 244 351 ὅλως
259 319 392 355 συμμίξαι
403 321 449 347 καὶ
463 321 504 352 εἰς
518 322 612 357 χεῖρας
624 321 714 349 ἐλθεῖν
728 321 876 357 ἐφοϐήθης,
891 321 966 358 αὐτῷ

177 364 263 400 τόύτῳ
278 366 327 401 τὴν
340 363 425 402 ἧτταν
444 366 546 398 ἔδειξας
556 387 563 399 ,
579 367 627 394 καὶ
639 368 716 403 νικᾷν
729 367 833 403 ὑπῆρξέ
849 376 893 403 μοι
909 367 964 402 (89)

179 410 245 445 μηδὲ
259 410 448 446 ἠγωνισμένῳ,
462 411 491 438 ὃν
508 411 564 446 (90)
577 413 705 447 ἠγωνίσω
718 413 755 448 μὴ
769 413 964 447 ἀγωνίσασθαι.

177 455 269 481 Ταῦτα
281 455 330 489 μὲν
349 457 363 482 ὁ
375 455 456 490 σοφὸς
468 456 533 490 ἡμῖν
550 455 676 490 βασιλεύς
690 465 720 483 τε
737 457 784 483 καὶ
806 456 963 492 νομοθέτης,

176 499 271 535 ὥσπερ
293 500 348 536 (91)
366 500 410 527 ῐνα
424 501 508 536 μηδὲν
522 501 604 528 αὑτοῦ
617 502 666 537 τῆς
680 502 836 538 τυραννίδος
852 502 965 538 ἄμοιρον

177 543 206 583 ᾖ,
229 546 276 573 καὶ
295 546 457 583 προκηρύξῃ
477 547 526 583 τὴν
547 547 659 582 ἀλογίαν
683 548 712 574 ὲν
742 548 813 583 ἀρχῇ
836 548 892 584 (92)
915 548 965 584 τῆς

149 598 151 616 :
177 591 275 618 ἑαυτοῦ
298 591 454 628 βασιλείας,
473 594 644 629 τυραννήσας
658 594 712 629 πρὸ
728 593 782 620 τῶν
801 594 887 621 ἄλλων
902 594 965 626 τοὺς

146 659 148 666 ν
177 636 288 672 λόγους·
306 638 372 673 ἡμῖν
395 638 425 665 δὲ
440 639 521 666 καλὸν
543 639 590 667 καὶ
610 640 680 675 ὑπὲρ
701 640 755 666 τῶν
769 639 855 674 λόγων
875 640 965 666 αὐτῶν

176 684 317 720 ὁμολογεῖν
332 684 371 720 τῷ
387 685 446 721 Θεῷ
464 685 561 722 χάριν,
576 686 625 718 τὴν
643 686 798 722 ἐλευθερίαν
818 686 965 713 ἀπολαϐόν-

143 745 144 755 ι
176 738 246 757 των¹
262 731 308 757 καὶ
326 731 443 766 μάλιστα
458 732 509 767 μὲν
525 732 572 759 καὶ
594 734 651 764 τοῖς
673 732 764 765 ἄλλοις
779 734 862 769 τιμᾷν
883 734 964 760 αὐτὸν

177 775 332 812 ἀναθήμασι
354 777 529 813 φειδομένους
543 778 601 813 (95)
616 779 746 815 μηδενὸς,
768 781 835 815 μήτε
860 780 966 816 χρημά-

176 830 232 848 των
255 824 322 858 μήτε
347 823 505 859 κτημάτων,
531 825 560 858 ἃ,
579 825 626 852 τοῦ
648 826 744 861 καιροῦ
763 826 895 862 γενόμενα
919 827 964 853 καὶ

176 867 226 902 τῆς
235 868 392 903 τυραννίδος
401 890 408 901 ,
425 871 442 905 ἡ
465 869 653 905 φιλανθρωπία
666 871 713 898 τοῦ
726 871 793 898 Θεοῦ
807 871 961 900 διεσώσατο.

175 914 258 948 τιμᾷν
271 913 299 940 δὲ
316 914 367 950 πρὸ
382 914 437 942 τῶν
451 915 538 943 ἄλλων
548 917 604 948 τοῖς
619 916 718 951 λόγοις,
736 918 770 952 τῇ
789 917 881 953 δικαίᾳ
894 926 963 954 καρ-
979 906 1000 934 Β

176 959 294 995 ποςρορίᾳ
305 961 352 987 καὶ
369 963 446 997 κοινῇ
462 961 572 989 πάντων
582 982 589 993 .
604 963 661 991 ὅσοι
673 962 724 998 τῆς
743 963 853 998 χάριτος
874 972 962 999 μετει-

175 1003 303 1040 λήφασιν.
326 1006 395 1032 Ἀλλ’
410 1006 424 1032 ὸ
441 1006 490 1042 μὲν
504 1007 560 1042 (94)
575 1007 646 1043 ὑπὲρ
660 1008 714 1034 τῶν
729 1008 815 1042 λόγων
829 1009 906 1043 λόγος
919 1017 963 1035 το-

176 1049 284 1082 σοῦτος·
304 1051 348 1078 ἵνα
372 1051 420 1087 μὴ.
438 1052 606 1089 μακρότερον
625 1053 822 1086 ἀποτείνοντες,
843 1054 896 1088 ἔξω
916 1054 964 1081 τοῦ

177 1096 274 1131 καιροῦ
295 1097 352 1132 (95)
369 1098 524 1134 πίπτωμεν,
550 1099 598 1126 καὶ
618 1099 682 1126 ἄλλο
701 1109 727 1126 τι
752 1100 851 1135 μᾶλλον
879 1108 963 1127 σπου-

175 1142 265 1175 δάζειν
277 1144 400 1181 δοκῶμεν
417 1145 433 1180 ἢ
451 1142 480 1172 οὗ
502 1146 582 1182 χάριν
596 1146 813 1182 συνεληλύθαμεν
825 1147 892 1182 (96).

1016 279 1110 306 dentes
1121 299 1128 311 ,
1144 283 1335 313 comparantur
1349 287 1356 305 :
1372 282 1400 306 et
1422 278 1552 305 adversus
1569 285 1634 311 eos,
1649 277 1696 313 qui
1719 277 1800 306 robur

1015 331 1095 350 omne
1108 331 1185 351 suum
1202 324 1234 350 ad
1249 328 1387 351 certamen
1414 323 1554 356 adhibent,
1570 331 1623 350 non
1645 324 1689 358 qui
1704 331 1800 358 magna

1016 369 1113 396 virium
1132 374 1209 404 parte
1225 369 1344 397 truncati
1370 373 1444 396 sunt.
1464 369 1539 402 Quod
1556 369 1578 396 si
1602 369 1712 397 omnino
1725 369 1800 404 signa

1015 414 1149 448 conferre,
1166 421 1315 449 manusque
1333 421 1479 442 conserere
1500 415 1601 442 vcritus
1609 422 1653 447 es,
1666 415 1717 442 huc
1743 416 1802 450 ipso

1017 465 1044 488 te
1058 460 1157 488 victum
1184 468 1246 488 esse
1260 461 1420 492 declarasti,
1437 461 1556 495 mihique
1571 461 1652 489 etiam
1675 462 1734 489 sine
1748 461 1801 488 ulla

1016 505 1188 534 dimicatione
1207 506 1324 540 palmam
1341 507 1454 541 adipisci
1480 507 1565 540 licuit,
1582 508 1644 534 dum
1660 511 1802 541 tantopere

1015 552 1064 579 abs
1084 557 1110 579 te
1128 553 1285 579 dimicatum
1313 557 1364 586 est,
1391 560 1425 580 ne
1451 553 1656 581 dimicationem
1681 554 1800 581 subires.

1014 598 1103 633 Atque
1118 598 1175 625 haec
1195 598 1302 632 quidem
1325 599 1435 633 sapiens
1452 603 1542 626 noster
1560 599 1708 632 imperator
1719 604 1745 626 et
1760 599 1802 626 le-

1015 644 1150 679 gislator;
1167 644 1222 678 qui,
1242 651 1275 671 ne
1293 644 1442 680 tyrannidis
1468 651 1523 672 sua:
1541 644 1688 680 quidquam
1703 652 1801 680 expers

1015 695 1097 723 esset,
1111 697 1204 716 verum
1220 690 1305 717 bruta:
1322 689 1478 717 stoliditatis
1494 689 1610 717 edictum
1626 696 1798 725 proponeret,

1014 735 1067 770 ει
1086 735 1112 762 in
1137 734 1243 770 imperii
1259 735 1299 762 sui
1313 735 1452 768 auspiciis,
1467 739 1531 762 ante
1552 735 1643 762 omnia
1663 735 1725 769 alia,
1742 743 1802 763 ser-

1016 787 1108 807 mones
1122 779 1262 815 tyrannide
1285 780 1432 814 oppressit.
1448 779 1531 806 Nobis
1548 784 1637 806 autem
1658 780 1800 807 honestum

1014 829 1042 852 et
1055 825 1213 860 praeclarum
1228 824 1311 851 fuerit
1327 832 1376 860 pro
1401 825 1466 858 ipsis
1489 831 1596 859 quoque
1616 825 1799 858 sermonibus,

1015 873 1111 908 quibus
1136 872 1248 899 libertas
1274 873 1398 898 restituta
1423 875 1484 902 est,
1501 871 1554 897 Deo
1573 870 1675 905 gratias
1699 878 1798 905 agere,

1014 925 1129 953 cumque
1147 922 1203 945 tum
1223 917 1320 945 votivis
1342 917 1498 944 muneribus
1520 916 1664 948 honorare,
1683 923 1733 943 nec
1756 923 1800 950 po-

1015 963 1102 990 cuniis
1121 962 1268 998 parcendo,
1289 969 1340 990 nec
1359 962 1454 996 opibus
1472 966 1499 988 et
1514 960 1639 994 fortunis,
1658 969 1726 996 quas
1749 961 1800 988 sub

1015 1009 1143 1044 temporis
1169 1012 1196 1036 et
1223 1008 1373 1044 tyrannidis
1398 1011 1532 1043 potestate
1553 1007 1731 1040 constitutas,
1750 1005 1799 1034 Dei

1015 1053 1199 1081 misericordia
1226 1052 1413 1086 conservavit;
1431 1057 1485 1079 tum
1502 1052 1651 1087 prmcrtim
1672 1052 1801 1079 sermoni-

1016 1101 1074 1133 bus,
1088 1101 1139 1128 hoc
1157 1105 1199 1127 est.
1215 1099 1287 1134 justa
1310 1099 1456 1131 oblatione,
1470 1098 1659 1134 omnibusque,
1672 1098 1718 1133 qui
1738 1106 1800 1133 gra-

1015 1146 1059 1174 tiae
1086 1146 1230 1181 participes
1254 1145 1364 1177 iuerint,
1388 1145 1534 1172 communi.
1557 1144 1645 1179 Atque
1666 1144 1710 1172 hic
1734 1150 1800 1171 sane

176 1197 224 1224 pro
237 1191 406 1219 sermonibus
428 1192 566 1219 institutus
580 1199 670 1219 sermo
686 1193 765 1220 ηιιθιη
781 1193 900 1225 habeat,
935 1201 967 1220 ne
986 1200 1048 1219 eum
1081 1192 1186 1225 longius
1207 1183 1397 1225 producentes,
1421 1191 1617 1218 mediocritatis
1633 1191 1700 1218 tines
1720 1197 1801 1218 exce-

176 1236 270 1266 damus
281 1256 288 1268 ,
304 1241 386 1271 atque
405 1237 478 1265 aliud
504 1238 632 1273 quiddam
650 1239 737 1273 potius
762 1247 843 1275 agere
867 1240 1016 1272 videamur,
1032 1246 1112 1273 quam
1133 1238 1159 1265 id
1174 1237 1250 1272 cujus
1264 1245 1346 1264 causa
1359 1237 1544 1264 convenimus.

211 1283 322 1319 Ζ’.Ἤδη
336 1284 365 1311 δέ
380 1293 425 1320 μοι
440 1285 512 1322 πηδᾷ
526 1286 573 1312 καὶ
589 1287 658 1314 ἵεται
672 1287 740 1323 πρὸς
753 1288 962 1324 πανηγυρισμὸν

1050 1284 1267 1314 Vll.‘Euimvero
1288 1285 1352 1313 mihi
1371 1285 1428 1319 jam
1444 1286 1537 1313 exsilit
1561 1289 1644 1320 atque
1665 1285 1698 1312 ad
1716 1292 1800 1320 pane~

175 1329 191 1356 ό
217 1329 304 1364 λόγος,
323 1330 371 1358 καὶ
400 1333 456 1364 τοῖς
482 1332 630 1368 ὁρωμένοις
655 1333 895 1369 συμφαιδρύνεται,
917 1333 964 1361 καὶ

1017 1335 1161 1370 gyrismnm
1188 1334 1268 1368 gestit
1290 1333 1391 1365 oratio,
1411 1333 1545 1367 simulque
1570 1339 1630 1359 cum
1660 1332 1712 1363 Itis,
1742 1338 1802 1366 qua:

177 1376 255 1405 καλεῖ
281 1377 384 1410 πάντας
410 1379 451 1410 εἰς
475 1379 585 1414 χορείαν
613 1379 818 1415 πνευματικὴν,
849 1379 906 1406 ὅσοι
932 1388 962 1406 τε

1014 1380 1164 1411 cernimus,
1175 1378 1325 1410 hilareseit,
1345 1382 1427 1412 atque
1440 1377 1474 1404 ad
1491 1377 1659 1412 spiritualem
1673 1377 1800 1404 choream

176 1422 315 1457 νηστείαις
330 1424 376 1450 καὶ
390 1424 532 1459 κλαυθμῷ,
549 1425 595 1452 καὶ
609 1425 761 1461 Sensum?)
778 1425 963 1461 προσέκειντο,

1017 1432 1110 1453 omnes
1137 1429 1228 1456 vocat,
1254 1427 1311 1450 tum
1339 1423 1385 1458 qui
1406 1422 1528 1457 jejuniis,
1553 1426 1581 1449 et
1609 1422 1748 1458 lacrymls,
1774 1426 1802 1450 et

177 1469 273 1500 νυκτὸς
297 1470 343 1496 καὶ
364 1470 470 1505 ἡμέρας
496 1471 651 1506 αἰτούμενοι
667 1472 723 1507 (98)
750 1471 884 1508 λύτρωσιν
911 1472 965 1499 τῶν

1017 1470 1131 1498 orationi
1160 1469 1260 1497 addicti
1288 1474 1387 1502 erant,
1412 1469 1590 1504 prementium
1617 1469 1801 1496 tnolestiarum

176 1514 344 1550 κατεχόντων
358 1515 488 1551 ἀνιαρῶν,
507 1516 554 1542 καὶ
567 1517 652 1549 δεξιον
669 1518 698 1544 ὲν
714 1518 771 1549 τοῖς
787 1518 882 1549 κακοῖς
895 1517 967 1553 φάρ-

179 1569 276 1595 μακον,
300 1561 350 1596 τὴν
367 1561 397 1587 οὺ
419 1561 651 1596 καταισχύνουσαν
674 1562 770 1589 ἐλπίδα
792 1562 964 1598 ποιούμενοι·

176 1606 233 1632 ὅσοι
253 1615 294 1638 τε,
320 1606 454 1641 μεγάλους
474 1607 637 1639 ἀνατλάντες
660 1608 768 1642 ἀγῶνας
791 1608 838 1634 καὶ
858 1608 966 1640 ἄθλους,

177 1652 224 1679 καὶ
236 1652 347 1684 πολλαῖς
359 1652 507 1688 πληγέντες
521 1654 567 1680 καὶ
583 1653 713 1689 χαλεπαῖς
723 1652 769 1679 τοῦ
780 1652 876 1688 καιροῦ
885 1661 967 1688 προσ-

177 1697 280 1730 ϐολαῖς,
303 1697 417 1734 θέατρον
440 1698 608 1734 ἐγενήθησαν
628 1697 668 1733 τῷ
688 1698 794 1733 κόσμῳ,
815 1698 862 1724 καὶ
885 1697 967 1731 ἀγγέ-

178 1744 244 1777 λοις,
278 1744 325 1771 καὶ
349 1743 523 1780 ἀνθρώποις,
551 1743 624 1771 κατὰ
653 1744 701 1780 τὴν
727 1744 775 1770 τοῦ
806 1743 967 1778 ’Δτιοστόλου

179 1790 288 1825 φωνήνο
300 1789 347 1817 καὶ
360 1790 394 1816 τὰ
410 1791 459 1826 μὲν
474 1790 588 1825 σώματα
602 1790 762 1825 κάμνοντες,
778 1789 828 1821 τὰς
841 1789 869 1815 δὲ
879 1788 968 1824 ψυχὰς

179 1837 309 1872 ἀήττητοι
324 1836 521 1872 διαμείναντες,
540 1836 588 1863 καὶ
608 1837 698 1863 πάντα
721 1835 859 1870 ίσχύοντες
881 1836 910 1862 ὲν
929 1835 968 1870 τῷ

180 1883 340 1918 ὃυναμοῦντι
351 1883 406 1918 (99)
421 1883 518 1914 αὐτοὺς
529 1881 652 1917 Χριστῷ⁵
662 1882 718 1908 ὅσοι
735 1889 764 1908 τε
775 1881 825 1916 (1),
835 1880 968 1916 κοσμικὴν

181 1928 343 1964 ἀποθέμενοι
358 1929 457 1960 κακίας
470 1928 536 1964 ὓλην
548 1928 594 1955 καὶ
608 1927 777 1961 δυναστείαν,
790 1927 805 1963 ἢ
819 1927 868 1962 τὴν
879 1928 969 1963 ἁρπα-

181 1973 232 2010 γὴν
245 1974 300 2001 τῶν
321 1974 497 2010 ὑπαρχόντων
516 1973 585 2009 μετὰ
610 1974 697 2009 χαρᾶς
718 1972 967 2009 προσδεξάμενοι,ἣ

180 2020 229 2056 τῆς
247 2020 361 2053 ἑαυτῶν,
378 2020 393 2047 ὃ
408 2019 440 2055 δὴ
461 2019 579 2055 λέγεται,
602 2019 812 2054 φυγαδευθέντες
827 2019 937 2051 ἀδίκως,
951 2019 968 2055 ἢ

180 2065 295 2101 ἀνδρῶν,
314 2066 331 2101 ἢ
355 2066 504 2100 γυναικῶν,
528 2066 545 2101 ἢ
568 2065 682 2100 γονέων,
701 2065 717 2101 ἢ
734 2065 847 2098 τέκνων,
864 2065 880 2100 ἥ
896 2065 968 2097 ὅσοις

1015 1516 1202 1552 depulsionem
1234 1515 1369 1549 finemque
1399 1519 1480 1541 noctu
1508 1514 1607 1548 diuque
1623 1514 1802 1548 postulantes,

1016 1570 1048 1590 ac
1076 1561 1246 1589 commodum
1275 1561 1301 1587 in
1333 1560 1412 1587 malis
1449 1559 1624 1594 pharmacum
1654 1558 1803 1586 eiiicientes

1016 1608 1143 1635 nimirqu
1162 1614 1236 1641 spem
1255 1614 1308 1633 non
1328 1605 1538 1633 cont‘uudeutem
1553 1605 1576 1621 ⁸⁸
1588 1626 1595 1638 ,
1614 1611 1669 1631 tum
1687 1605 1732 1640 qui
1747 1613 1804 1632 ma-

1016 1653 1076 1688 gnis
1089 1652 1285 1680 certaminibus
1302 1655 1329 1678 et
1344 1652 1473 1678 arumnis
1489 1650 1645 1681 exatxtlatis,
1659 1650 1804 1684 multisque

1017 1702 1044 1725 et
1073 1697 1200 1733 gravibus
1223 1697 1353 1731 temporis
1389 1696 1534 1723 iusultibus
1570 1695 1691 1730 percussi
1721 1701 1804 1729 atquo

1017 1745 1118 1777 vexati,
1139 1743 1239 1771 mundo
1251 1748 1278 1770 et
1292 1742 1407 1776 angelis,
1420 1746 1447 1769 et
1459 1741 1624 1775 hominibus,
1637 1745 1666 1767 ut
1681 1740 1803 1775 Apostoli

1018 1789 1110 1816 verbis
1121 1793 1197 1820 utar,
1210 1787 1395 1823 spectaculum
1408 1787 1572 1814 exstiterunt
1588 1786 1630 1813 "z
1649 1794 1680 1814 ac
1709 1794 1805 1821 corpo-

1019 1836 1095 1862 ribus
1113 1835 1177 1862 licet
1191 1834 1271 1861 fracti
1286 1838 1313 1861 et
1329 1833 1473 1864 debilitati,
1491 1832 1589 1859 animis
1605 1837 1695 1859 tamen
1711 1831 1806 1860 invicti

1018 1885 1239 1917 permanserunt,
1257 1880 1403 1914 omniaque
1421 1880 1447 1906 in
1468 1879 1575 1907 Christo
1596 1879 1670 1914 ipsos
1694 1878 1804 1906 confor-

1020 1931 1094 1954 tante
1108 1931 1256 1961 potuerunt
1271 1926 1296 1942 "
1309 1935 1316 1952 :
1333 1930 1388 1952 tum
1402 1925 1448 1961 qui
1462 1925 1594 1952 mundana
1616 1924 1672 1951 vitii
1692 1924 1805 1951 materia

1018 1977 1045 2000 et
1060 1972 1223 2000 auctoritate
1240 1980 1272 2000 ae
1290 1972 1409 2008 potentia
1435 1971 1568 2006 deposita.
1600 1971 1643 1998 vel
1671 1971 1803 1998 bonorum

1019 2021 1112 2056 rapina
1127 2028 1188 2048 cum
1205 2021 1304 2055 gaudio
1315 2025 1442 2055 suscepta
1458 2021 1492 2052 ¹¹,
1505 2019 1545 2047 vel
1569 2020 1677 2055 (patria)
1703 2027 1764 2052 sua,
1777 2023 1807 2046 nt

1020 2067 1126 2100 quidem
1143 2065 1253 2098 dicitur,
1275 2073 1322 2101 per
1336 2066 1461 2100 iniuriam
1476 2065 1559 2100 pulsi,
1582 2065 1623 2093 vel
1640 2073 1655 2092 a
1671 2064 1746 2097 viris,
1761 2069 1807 2092 aut

181 2111 270 2143 ἄλλοις
286 2112 398 2147 ὀνόμασι
414 2112 463 2147 τῆς
485 2112 585 2147 μικρᾶς
607 2111 771 2147 οἰκειότητος
787 2111 966 2146 κατεχόμεθα,

1022 2111 1160 2144 uxoribus,
1176 2116 1222 2138 aut
1238 2111 1407 2146 parentibus,
1432 2115 1478 2138 aut
1499 2110 1601 2142 liberis,
1631 2115 1676 2136 aut
1693 2110 1806 2144 quibus-

181 2156 283 2184 τούτων
307 2157 375 2193 πρὸς
402 2157 491 2191 ὀλίγον
507 2156 719 2192 διαζευχθέντες,
733 2157 781 2184 καὶ
799 2156 837 2192 τῷ
851 2156 968 2192 Χριστοῦ

1022 2165 1129 2192 cunque
1142 2157 1249 2184 tandem
1264 2157 1324 2184 aliis
1333 2165 1424 2192 parva:
1433 2156 1641 2185 necessitudinis
1653 2155 1806 2184 nominibus

217 2286 242 2308 *'
256 2288 370 2321 Rotn.v,
383 2288 410 2315 5.
427 2319 431 2322 ι
450 2288 472 2304 ⁸⁹
487 2287 496 2315 Ι
513 2289 574 2315 Cor.
592 2296 630 2318 tv.
649 2288 676 2316 9.
713 2288 735 2304 "
750 2288 867 2323 Philipp.
885 2296 920 2321 tv,
940 2288 984 2316 i5.
1023 2289 1041 2305 "
1062 2289 1142 2316 llolnr.
1161 2298 1186 2320 κ,
1200 2289 1234 2316 3.5
1245 2295 1269 2315 ot
1286 2297 1361 2324 seqq.

229 2430 273 2464 89)
298 2429 422 2465 Ὺπῆρεέ
438 2439 498 2465 μοι.
516 2429 552 2457 Ita
575 2431 668 2457 Comh.
683 2430 756 2456 Deest
777 2438 831 2465 μοι.
852 2430 878 2456 in
904 2429 968 2458 edit.

230 2466 357 2500 90)_'0r.
375 2466 421 2492 Sic
448 2465 513 2500 Reg.
530 2465 548 2495 I.
570 2471 597 2492 et
624 2465 687 2492 δην.
714 2465 774 2492 Bill.
800 2473 863 2492 vero
882 2465 968 2492 δι“ὃν.

184 2497 266 2529 Gabr.
279 2497 312 2534 ᾦ.
332 2500 426 2528 Comi).
440 2501 478 2528 sic
490 2497 583 2527 'teddit
600 2510 606 2528 :
624 2509 633 2526 ‹
649 2500 677 2527 1η
702 2507 781 2534 quem
799 2501 839 2527 sic
861 2501 908 2527 tibi
928 2501 969 2527 di-

184 2538 310 2564 micatum
326 2541 379 2567 est,
391 2539 420 2562 ut
437 2542 451 2561 a
468 2535 640 2563 dimicatione
658 2543 820 2562 removeres.
834 2545 845 2560 ι

220 2571 274 2606 (9|)
295 2569 652 2606 "0012p._[’rietertttissuttt
670 2579 684 2596 a
708 2571 796 2597 Bittio.
815 2571 861 2598 Sic
882 2570 971 2598 reddit

184 2604 286 2642 optime
299 2605 395 2642 gnum.
411 2614 419 2630 ι
430 2604 510 2642 Yelut
525 2606 576 2642 hoc
587 2606 714 2642 consilio,
731 2614 773 2642 ne,
790 2615 800 2631 ι
810 2610 862 2642 etc.

220 2640 276 2676 (92)
302 2640 350 2676 Ἐν
371 2639 534 2676 ἀρχῇξΝοη
548 2640 639 2676 igitur
660 2649 720 2668 cum
739 2640 889 2668 Antiochi-at
909 2647 973 2668 ver-

184 2681 300 2706 saretur,
318 2675 406 2702 Persis
422 2675 519 2702 bellum
537 2675 670 2703 illaturus.

219 2711 275 2746 (95)
295 2710 502 2744 Φειὸομένους.
512 2709 601 2746 _Savil.
614 2709 795 2746 φειδομένοις.

219 2743 276 2782 (tu)
286 2745 382 2782 _“A.t._t_'
398 2747 414 2782 ῤ
426 2745 494 2780 μέν.
512 2743 574 2772 Bas.
587 2743 653 2774 edit.
668 2743 814 2781 οάἀιιγάρ,
829 2744 900 2781 quod
910 2744 970 2773 Bill.

185 2785 214 2809 et
226 2780 315 2808 ‘Savil.
327 2780 465 2813 abjiciunt.

221 2815 278 2851 (95)
299 2815 375 2851 Ἕξῳ
395 2815 447 2842 τοῦ
473 2815 590 2850 καιροῦ.
607 2825 617 2841 ‹
635 2816 673 2842 Ab
691 2822 723 2843 eo
747 2815 817 2850 quod
843 2815 971 2850 temporis

188 2850 255 2878 ratio
273 2850 402 2884 postulat,
426 2852 626 2878 excidantusn
646 2851 717 2878 aliud
742 2851 868 2877 nimirum
888 2858 971 2884 agen-

188 2891 239 2920 tes,
252 2893 332 2920 quam
357 2885 427 2919 quod
451 2886 592 2921 temporis,
609 2886 801 2921 prmseutisque
822 2891 862 2914 cst
890 2886 969 2913 insti-

1023 2436 1114 2506 ἷυιὼϐ)
1135 2466 1394 2506 Συνεληαζύθαμεζ,
1408 2469 1467 2506 ιειο.¹
1477 2465 1595 2506 sapcyg.
1607 2465 1647 2506 ad.
1656 2467 1713 2495 hzec
1726 2466 1808 2506 verba

1023 2501 1049 2528 in
1063 2500 1164 2542 marg."
1177 2502 1287 2542 scripsit
1308 2510 1349 2542 ς’(
1364 2501 1446 2542 Ergo"
1461 2500 1558 2542 habita
1573 2500 1617 2529 est
1701 2503 1808 2537 publico

1023 2542 1104 2562 metu.
1120 2535 1138 2562 »⁷
1148 2536 1254 2570 Scripta
1271 2536 1379 2570 quidem
1395 2535 1410 2561 ιι
1426 2535 1568 2571 Gregorio,
1593 2542 1623 2563 ut
1640 2535 1807 2569 haberetur;

1023 2572 1095 2598 dicta
1112 2577 1201 2598 tamen
1219 2579 1271 2598 non
1291 2571 1407 2598 videtur.

1059 2606 1115 2640 (97)
1136 2605 1253 2639 Δεήσει.
1270 2605 1408 2637 Nonnulli,
1422 2605 1542 2639 δεήσεσι.

1059 2642 1116 2676 (98)
1133 2643 1320 2676 Αιτούμενοι.
1332 2640 1429 2668 Cotnb.
1443 2641 1490 2666 καὶ
1506 2640 1728 2676 ἀπεκδεχόμενοι,
1748 2650 1759 2666 ι
1772 2644 1809 2668 at-

1023 2682 1287 2722 qttehﬁztsp'ectztntes.
1301 2685 1311 2702 1

1059 2711 1114 2746 (99)
1139 2709 1394 2746 ‘Erﬁvrapmirn,
1414 2709 1460 2738 Sic
1483 2715 1608 2746 quatuor
1633 2709 1737 2746 item,
1756 2709 1810 2737 duo

1023 2744 1111 2786 Cultu,
1137 2746 1245 2779 Comb.,
1261 2744 1326 2774 édit.
1347 2745 1408 2774 Ald.
1429 2750 1458 2772 et
1483 2744 1565 2772 Ilerv.
1587 2744 1617 2772 In
1641 2744 1703 2773 Par;
1727 2744 1808 2772 δυνα-

1045 2790 1130 2808 ουντι.

1025 2790 1207 2852 μοῖἴῖιεοσοι
1232 2825 1272 2843 τε.
1294 2815 1360 2850 Reg.
1375 2814 1499 2852 Laddit
1516 2814 1538 2852 ᾖ
1563 2822 1635 2842 τινα.
1661 2815 1726 2850 Reg.
1752 2815 1809 2843 but.

1025 2850 1131 2880 ouiiSsis
1151 2853 1272 2885 vocibus,
1283 2851 1340 2880 ὅσοι
1352 2859 1392 2885 τι,
1409 2850 1501 2885 habet,
1514 2850 1531 2886 ἦ
1544 2857 1614 2878 τινα.
