2071 3133
158 155 208 186 5H

649 161 780 190 ORATIO
797 163 842 190 IV.
861 179 895 185 ——
916 164 1058 192 CONTRA
1077 166 1250 196 JULIANUM
1267 169 1288 196 1.

1727 168 1780 196 549.

196 213 246 242 1Λ’.
258 215 331 242 Μίαν
346 215 451 251 μοῖραν,
464 217 493 244 ἓν
504 217 598 253 ψυχῶν
614 219 692 253 γένος
706 220 888 257 ἀποκηρύττω
901 222 950 257 τῆς

1037 226 1082 253 XI.
1105 226 1190 254 Unam
1206 227 1330 260 classem,
1359 236 1441 256 unum
1467 227 1619 255 animarum
1645 233 1729 262 genus
1747 227 1782 255 ab

160 261 350 297 πανηγύρεως,
361 263 460 290 στένων
474 264 522 299 μὲν
536 265 583 291 καὶ
597 265 697 299 ἀλγῶν,
711 267 758 293 καὶ
769 268 828 293 οὐδὲ
839 268 948 295 ἐπαΐον-

158 307 276 343 τας(11)
295 308 359 339 ἴσως
379 308 497 341 πενθῶν,
519 310 573 337 οὐδ’
588 311 800 347 αἰσθανομένους
816 313 866 348 τῆς
885 314 948 339 ὲαο-

159 354 215 380 τῶν
228 354 364 386 ἀπωλείας
379 355 580 391 ἀποδυρόμενος
589 365 596 371 ·
618 357 697 384 τοῦτο
712 358 766 394 γὰρ
778 359 827 394 τῆς
841 359 948 394 πληγῆς

161 400 250 426 αὐτῶν
277 401 308 426 τὸ
332 400 526 429 ὲλεεινότατον·
553 403 734 439 ἁποκηρύττω
752 405 775 431 δ’
803 405 887 440 ὅμως,
911 405 947 438 οἳ,

163 446 314 481 σπαρέντες
328 448 377 474 οὐκ
394 448 440 474 ἐπὶ
454 448 502 484 τὴν
520 450 632 483 στερεὰν
644 450 745 485 πέτραν
757 451 804 477 καὶ
814 451 947 483 ἄσειστον,

161 491 218 516 ἀλλ’
231 492 275 518 ἐπὶ
286 492 334 527 τὴν
349 492 433 528 ξηράν
448 502 476 519 τε
492 494 537 520 καὶ
547 495 642 529 ἄγονον
651 503 659 510 ο
677 496 730 522 είσὶ
743 496 771 522 δὲ
784 497 808 523 οι
822 496 861 531 τῷ
875 497 946 532 λόγῳ

162 537 356 571 προσελθόντες
371 539 536 572 ἐπιπολαίως
553 541 599 567 καὶ
613 540 788 575 ὀλιγόπιστοι,
806 542 851 568 καὶ
862 542 905 569 διὰ
918 542 948 569 τὺ

163 583 201 618 μὴ
225 582 304 618 ἔχειν,
323 585 403 618 βάθος
427 586 492 620 γῆς,
513 586 613 618 εὐθέως
641 587 876 621 ὲξανατείλαντες,
901 589 948 615 καὶ

162 629 351 665 προκύψαντες
364 631 429 667 (12),
456 632 499 658 ἵνα
520 634 578 664 τοῖς
600 633 713 668 πλησίον
736 634 869 669 ὰρέσωσιν
881 634 947 669 (13),

161 675 256 702 ἔπειτα
282 676 335 703 ὑπὸ
358 677 488 713 βραχείας
500 677 556 722 ,τοῦ
581 679 699 713 πονηροῦ
724 680 874 715 προσϐολῆς
900 680 947 706 καὶ

160 721 250 756 ὀλίγου
271 723 432 757 πειρασμῶν
454 721 670 759 καύσωνος(14),
694 724 880 760 ἐξηράνθησαν
901 726 948 752 καὶ

161 767 306 794 ἀπέθανον.
321 769 376 794 Καὶ
389 768 491 795 τούτων
509 769 548 795 ἔτι
564 770 682 805 χείρους,
697 771 744 798 καὶ
761 771 859 806 μᾶλλον
882 773 949 798 ἁπο-

162 814 310 848 κηρυκτέοι
329 815 378 850 τῆς
401 815 590 851 πανηγύρεως,
614 817 671 843 ὅσοι
689 818 755 852 μηδὲ
774 818 842 854 πρὸς
858 819 947 853 ὀλίγον

160 859 313 895 ἀντέϐησαν
331 860 370 895 τῷ
385 860 482 896 καιρῷ,
503 862 548 888 καὶ
568 862 624 894 τοῖς
644 862 694 897 τὴν
709 863 795 898 κακὴν
810 865 947 899 αἰχμαλω-

163 905 224 931 σίαν
241 906 313 941 ἡμᾶς
335 907 579 942 αἰχμαλωτίζουσιν
598 908 651 935 ἀπὸ
672 908 719 934 τοῦ
741 909 891 942 ἀναϐάντος
906 912 945 942 εἰς

161 950 240 986 ὕψος,
261 952 308 979 καὶ
330 952 420 984 καλῶς
443 954 517 988 ἡμᾶς
540 954 806 989 αἰχμαλωτίσαντος·
830 956 888 982 ἀλλ’
913 957 945 983 ἐκ

162 999 318 1033 περιουσίας
329 1000 465 1034 ἐφάνησαν
480 1000 591 1035 πονηροί
605 1009 634 1026 τε
649 1001 695 1026 καὶ
708 1000 802 1027 εὔωνοι
814 1001 947 1036 (15),ούόὲ

163 1044 232 1078 πρὸς
242 1043 331 1078 ὀλίγον
346 1045 526 1080 ἀντισχόντες,
538 1046 598 1072 οὐδὲ
611 1047 758 1081 γενομένης
770 1047 844 1078 τινὸς
856 1048 947 1080 αὐτοῖς

163 1089 288 1124 ϋλίψεως,
303 1090 319 1126 ἢ
335 1091 497 1126 πειρασμοῦ,
515 1091 559 1118 διὰ
578 1091 624 1118 τὸν
641 1092 726 1125 Λόγον
741 1092 796 1127 (16)
811 1093 948 1120 σκανδαλι-

164 1136 282 1167 σθέντες,
305 1136 372 1163 ἀλλὰ
393 1137 562 1173 προσκαίρου
581 1138 701 1173 κέρδους,
718 1139 734 1174 ἢ
758 1139 914 1175 θεραπείας,
930 1141 946 1176 ἣ

162 1182 321 1214 δυναστείας
338 1185 448 1219 μικρᾶς,
463 1185 487 1210 οἱ
502 1184 612 1211 δείλαιοι
626 1185 676 1219 τὴν
693 1185 796 1213 ἑαυτῶν
812 1188 948 1223 σωτηρίαν

163 1229 216 1254 ἀπε
220 1229 308 1264 μπολή
313 1238 417 1261 σαντες.

163 1282 224 1302 cum
242 1275 316 1302 brevi
333 1276 447 1309 quodam
459 1281 485 1303 et
500 1276 603 1304 caduco
616 1281 730 1311 quaestu,
746 1282 792 1304 aut
803 1278 944 1314 obsequio,

165 1323 257 1350 tarint.

199 1369 245 1396 16⁷.
263 1369 338 1395 Ἐπεὶ
349 1368 376 1395 δὲ
393 1369 600 1405 ἀνεκαοήραμεν
616 1370 654 1406 τῷ
667 1371 737 1406 λόγῳ
753 1371 799 1398 τοῦ
817 1373 897 1407 χοροῦ
919 1373 948 1399 τὺ

164 1415 311 1451 πλήρωμα,
329 1414 405 1456 φέρε,
422 1415 471 1449 ὅση
490 1415 614 1450 δύναμις,
635 1416 809 1451 ἁγνισάμενοι
826 1418 874 1444 καὶ
895 1418 948 1444 σώ-

165 1469 248 1497 ματα,
267 1460 314 1487 καὶ
335 1460 434 1495 ψυχὰς,
452 1461 499 1487 καὶ
516 1461 578 1495 μίαν
592 1461 771 1494 ἀναλαϐόντες
792 1462 894 1498 φωνὴν,
909 1464 949 1490 ἐνὶ

165 1505 397 1542 συναρμοσθέντες
424 1505 573 1540 Πνεύματι,
599 1506 648 1542 τὴν
681 1506 812 1533 ἐπινίκιον
841 1507 948 1543 ᾄδωμεν

164 1552 271 1587 ἐκείνην
285 1551 365 1586 ᾠδὴν,
383 1552 416 1586 ἦν
433 1560 498 1577 ποτε
516 1549 582 1588 ᾖσεν
601 1553 615 1578 ὁ
642 1552 750 1587 Ἰσραὴλ
766 1553 813 1579 ἐπὶ
828 1555 883 1585 τοῖς
903 1554 950 1580 ΛΞ-

164 1598 298 1632 γυπτίοις,
316 1598 349 1632 τῇ
369 1597 485 1632 Ἐρυθρᾷ
497 1597 655 1632 καλυφοεῐσι
668 1598 864 1635 Θαλάσσῃ(17),
873 1598 953 1634 ἐξαρ-

165 1643 265 1679 χούσης
287 1643 406 1678 Μαρίας,
428 1643 474 1669 καὶ
495 1643 715 1678 ἀνακρουομένης
738 1644 768 1669 τὸ
790 1644 931 1678 τύμπανον
944 1653 950 1660 ·

168 1691 304 1725 ’ᾼσωμεγ
331 1689 371 1722 τῷ
398 1690 512 1724 Κυρίῳ-
527 1689 657 1722 ἐνδόξως
680 1690 735 1724 γὰρ
762 1689 950 1722 δεδόξασται·

166 1736 260 1763 ἵππον
274 1735 323 1762 καί
337 1735 490 1768 ἀναϐάτην
503 1734 636 1769 appear,
655 1735 705 1761 οὐκ
723 1736 767 1768 εις
783 1735 952 1768 θάλασσαν,

166 1780 246 1808 τοῦτο
264 1781 318 1816 γὰρ
334 1780 499 1816 μεθαρμόζω
514 1781 564 1815 τῆς
579 1780 659 1815 ᾠδῆς,
676 1780 733 1807 ἀλλ’
745 1781 954 1816 ὄποι(18)φίλον

166 1825 201 1863 ἦν
230 1826 314 1862 αὐτῷ,
337 1828 384 1853 καὶ
405 1827 480 1858 ὅπως
505 1827 585 1858 αὐτὸς
609 1827 784 1854 ἐδικαίωσεν
811 1828 841 1853 '0
868 1827 953 1854 ποιῶν

168 1873 256 1900 πάντα
269 1874 315 1899 καὶ
330 1871 550 1908 μετασκευάζων,
564 1870 626 1898 εἶπέ
640 1880 691 1898 που
706 1873 756 1908 τῆς
770 1872 866 1898 ἑαυτοῦ
889 1881 954 1908 προ-

169 1920 283 1955 φητείας
303 1919 392 1954 Ἀμὼς
413 1919 564 1953 φιλοσοφῶν
587 1918 756 1945 ὲνθεώτατα·
778 1920 793 1945 ὁ
815 1918 955 1954 ἐκτρέπων

170 1967 209 1997 εἰς
228 1965 260 1991 τὸ
280 1964 350 1999 πρωῒ
376 1964 454 1990 σκιὰν
477 1964 593 1991 θανάτου
617 1964 684 1998 (19),
708 1963 757 1989 καὶ
779 1963 887 1998 ἡμέραν
915 1964 954 1994 εἰς

169 2011 254 2038 νύκτα
272 2010 456 2042 συσκοτάζων,
482 2011 528 2036 καὶ
553 2009 633 2036 οἱονεὶ
654 2009 697 2036 διὰ
712 2008 812 2035 κύκλου
826 2009 895 2040 τινὸς
911 2009 955 2034 εὑ-

171 2058 256 2084 eam
270 2057 324 2092 (20)
341 2056 386 2083 καὶ
403 2056 533 2090 διεξάγων
552 2055 598 2082 τὸν
612 2055 718 2082 ἅπαντα
740 2054 850 2089 κόσμον,
864 2054 956 2081 καὶτὰ

170 2103 302 2139 ἡμέτερα,
320 2102 490 2138 σαλευόμενα
509 2110 538 2128 τε
557 2101 626 2137 όμοῦ
649 2101 696 2128 καὶ
720 2101 757 2136 μὴ
776 2100 954 2136 σαλευόμενα,

169 2150 230 2180 ταῖς
251 2148 409 2183 μεταϐολαῖς
429 2147 577 2182 κινούμενα
599 2147 645 2173 καὶ
666 2145 894 2182 περιτρεπόμενα,
911 2147 956 2172 καὶ

170 2194 264 2221 ἄλλοτε
278 2193 363 2225 ἄλλως
376 2193 470 2229 ἔχοντα
482 2201 488 2208 ·
507 2195 540 2229 τῇ
556 2193 630 2224 τάξει
645 2192 674 2219 δὲ
690 2192 740 2226 τῆς
759 2192 886 2227 προνοίας
903 2193 956 2219 πά-

171 2248 219 2274 για
235 2240 281 2267 καὶ
296 2240 423 2275 ἀκίνητα,
447 2239 498 2266 κᾶν
514 2239 558 2266 διὰ
582 2239 636 2265 τῶν
657 2238 785 2265 ἐναντίων
805 2238 893 2275 όδεύῃ,
916 2239 955 2274 τῷ

170 2287 250 2321 Λόγῳ
261 2286 309 2321 μὲν
317 2286 414 2321 δήλων,
421 2287 486 2321 ἡμῖν
493 2285 521 2312 δὲ
529 2284 727 2319 ἀγνοουμένων
735 2284 750 2309 ό
757 2283 893 2319 καθαίρων
901 2283 956 2320 (21)

170 2332 305 2364 δυνάστας
320 2332 374 2358 ἀπὸ
389 2331 501 2367 Θρόνων,
516 2332 562 2357 καὶ
576 2329 755 2365 ἀνυπονόητον
772 2329 882 2364 κοσμῶν
898 2330 956 2357 δια·

208 2445 231 2461 ³⁸
255 2444 348 2472 Matth.
366 2444 467 2476 vn,24.
506 2443 612 2470 "Psal.
626 2445 771 2478 van,l9;
795 2444 892 2478 Ephes.
920 2451 956 2475 iv,
976 2442 1003 2471 8.

212 2535 265 2572 [11)
284 2536 339 2563 Kal
360 2535 432 2563 οὐδὲ
454 2536 623 2568 ὲπειΐοντας,
639 2540 691 2563 etc.
718 2535 832 2563 Billius:
851 2544 861 2561 ι
873 2543 904 2562 ac
926 2542 959 2562 ne

177 2572 317 2598 audientes
331 2572 438 2605 quidem
458 2571 572 2598 fortasse
591 2571 693 2605 lugens.
707 2579 716 2596 ι

211 2606 267 2640 (η)
286 2604 499 2640 Πρόκύψαντες
523 2606 738 2639 imminentes.)
758 2604 959 2640 νθιυιὲμὸρυον

178 2641 453 2685 νιι1νξὶπροκύπτειν,
466 2640 690 2685 aitPltLtarchus.

214 2674 269 2710 (15)
296 2674 463 2709 Ἄρέσωσιν.
488 2676 534 2703 Sic
558 2675 625 2710 Reg.
646 2676 775 2710 quinque,
791 2674 880 2708 Pass.,
905 2680 958 2702 etc.

179 2711 246 2741 Edit.
263 2710 412 2745 ἁρέσκωσι.

214 2745 269 2781 (14)
286 2744 464 2780 Πειρασμῶν
495 2745 659 2781 καύσωνος.
677 2744 730 2781 rSic
762 2744 829 2780 Reg.
867 2746 911 2772 bm
937 2750 964 2772 et

180 2781 253 2810 Colb.
269 2782 295 2807 5.
318 2782 388 2807 Edit.
404 2780 555 2816 πειρασμοῦ
573 2781 620 2807 καὶ
632 2780 780 2812 καύσωνος.

214 2816 270 2849 (15)
290 2816 413 2842 Εὕωνοι.
437 2815 583 2843 t'Venates.
597 2825 606 2841 ι
624 2815 726 2846 Billius,
744 2825 753 2840 ι
767 2815 842 2842 viles.
855 2824 864 2841 ι

226 2851 270 2885 16)
289 2851 340 2876 Διὰ
354 2850 407 2877 τὸν
427 2851 532 2885 Λόγον.
552 2850 610 2878 σοι)
628 2851 687 2878 lidei
706 2850 867 2877 doctrinam.
882 2860 891 2876 ›

229 2884 271 2921 l7)
290 2884 478 2918 Καὶυᾳθεῖσι
495 2885 646 2917 θαλάσση.
663 2886 708 2913 Sic
724 2885 807 2913 Coisl.
823 2885 848 2918 1,
865 2890 891 2913 et
907 2885 959 2913 duo

998 272 1052 298 hac
1066 271 1126 299 lteta
1146 273 1303 300 celebritate
1315 273 1412 300 abdico
1427 278 1508 307 atque
1524 272 1654 307 propello,
1669 279 1782 306 gemens

998 318 1106 351 quidem
1126 323 1154 345 et
1165 318 1268 349 dolens,
1284 325 1334 346 nec
1346 319 1474 353 gemitum
1506 319 1576 346 forte
1601 316 1711 353 (trienni)
1733 325 1782 343 au-

998 364 1113 395 dientes,
1132 372 1181 392 nec
1198 365 1311 392 exitium
1327 373 1405 393 suum
1423 365 1574 392 sentientes
1595 364 1705 391 deﬂens.
1724 363 1783 390 lloc

997 410 1068 436 enim
1080 410 1161 437 totius
1175 418 1270 438 eorum
1299 411 1384 446 plagae
1410 411 1527 438 maxime
1552 409 1705 436 miserabile
1719 413 1781 441 est;

997 456 1043 483 sed
1056 461 1142 482 tamen
1155 456 1261 489 abdico,
1274 464 1321 484 eos
1333 464 1438 492 nempe,
1452 457 1497 491 qui
1513 464 1563 483 non
1579 463 1661 490 supra
1677 455 1781 481 ﬁrmum

997 507 1025 528 et
1041 502 1164 529 stabilem
1181 507 1295 537 petram,
1314 504 1360 530 sed
1375 510 1457 537 supra
1480 503 1581 529 siccam
1607 506 1634 528 et
1663 500 1781 528 sterilem

998 548 1169 575 seminati".
1188 548 1220 575 Hi
1232 553 1321 576 autem
1337 547 1466 583 sunt83
1481 547 1527 582 qui
1554 547 1649 574 leviter
1673 554 1705 573 ac
1735 545 1783 573 de-

998 593 1133 621 functorie
1149 594 1182 621 ad
1199 594 1308 628 pietatis
1334 594 1485 621 doctrinam
1501 597 1684 624 necesscrnnt,
1702 595 1783 626 atque

999 639 1096 674 exigua
1113 639 1166 666 ﬁde
1183 639 1288 674 prmditi
1300 644 1374 671 sunt,
1391 640 1453 674 quia
1468 639 1536 666 altas
1549 638 1574 665 in
1589 642 1661 664 terra
1678 637 1783 664 radices

999 693 1051 712 non
1066 691 1189 719 egerant,
1219 685 1362 713 confestim
1393 685 1483 712 exorti
1513 689 1586 715 Sunt,
1617 691 1648 710 ac
1678 684 1784 717 prospi-

998 731 1115 762 cientes,
1132 736 1161 758 ut
1177 731 1236 758 aliis
1244 731 1391 766 placerent,
1406 735 1498 765 postea
1512 730 1544 756 ad
1558 731 1665 756 brevem
1683 734 1710 755 et
1724 728 1783 755 exi-

999 784 1080 810 guum
1096 777 1196 804 diaboli
1227 777 1375 808 assullum,
1403 783 1569 811 parvumque
1597 774 1777 801 tentationnm

997 827 1091 850 testula
1110 827 1274 849 exaruerunt
1288 827 1316 849 et
1336 822 1451 850 emortui
1467 826 1539 849 sunt.
1555 820 1691 855 Atquehis
1701 820 1783 846 etiam

998 867 1086 894 adhuc
1117 867 1234 902 pejores,
1263 867 1402 901 magisque
1434 866 1467 893 ab
1496 866 1547 892 hoc
1578 865 1666 891 fausto
1681 863 1784 890 ellaeto

1001 917 1134 939 conventu
1152 911 1340 946 proscribendi
1354 915 1426 942 sunt,
1448 910 1493 944 qui
1508 908 1633 943 tempori,
1655 912 1736 941 atque
1751 907 1784 934 iis

999 959 1101 993 quinos
1115 959 1148 985 ab
1165 966 1197 985 eo
1214 959 1260 992 qui
1277 958 1305 985 in
1329 958 1412 984 altum
1440 955 1607 985 ascenderat,
1621 953 1785 989 pulchreque

1000 1005 1123 1039 captivos
1139 1012 1187 1031 nos
1205 1005 1331 1035 duxerat.
1345 1004 1371 1030 in
1391 1003 1487 1030 malam
1500 1006 1527 1029 et
1543 1001 1679 1029 funestam
1699 999 1784 1033 capti-

1000 1051 1109 1078 vitatem
1120 1051 1291 1078 abducebant
1308 1050 1347 1081 ",
1359 1056 1393 1076 ne
1406 1048 1542 1076 tantillum
1566 1047 1675 1082 quidem
1697 1045 1782 1073 obsti-

1001 1102 1090 1124 terunt
1101 1117 1108 1130 ,
1125 1104 1218 1124 verum
1232 1096 1303 1123 ultro
1315 1103 1348 1123 ac
1362 1100 1460 1130 sponte
1474 1095 1614 1129 improbos
1633 1101 1664 1120 ac
1676 1091 1785 1120 venales

1001 1150 1030 1170 se
1042 1142 1227 1177 prtebuerunt,
1243 1147 1272 1169 ut
1287 1142 1333 1176 qui
1347 1149 1380 1169 ne
1406 1141 1544 1175 paulisper
1569 1139 1676 1173 quidem
1706 1144 1786 1171 repu-

1001 1189 1119 1224 gnarint,
1137 1193 1184 1215 aut
1197 1189 1293 1216 oborta
1310 1188 1377 1222 ipsis
1393 1187 1428 1214 ob
1453 1185 1570 1213 V’crbum
1597 1185 1686 1219 aliqua
1712 1182 1786 1210 cala-

1002 1236 1096 1263 unitate
1111 1239 1158 1262 aut
1179 1236 1328 1262 tentatione
1344 1232 1502 1261 scandalum
1515 1231 1588 1266 passi
1611 1231 1676 1261 sint,
1691 1235 1785 1256 verum

965 1285 1012 1308 aut
1045 1282 1142 1316 exigua
1162 1281 1280 1315 potentia
1306 1280 1420 1308 salutem
1441 1285 1516 1306 suam
1543 1277 1633 1304 miseri
1663 1283 1785 1304 commu-

1038 1373 1096 1401 Xll.
1115 1372 1261 1406 Postquam
1273 1375 1361 1410 autem
1370 1369 1480 1396 chorum
1493 1368 1646 1394 universum
1660 1363 1786 1392 sermone

1002 1419 1219 1453 repurgavimus.
1238 1424 1298 1452 age,
1315 1415 1476 1450 corporibus
1485 1419 1565 1448 atque
1579 1413 1687 1450 animis,
1697 1411 1786 1446 quoad

1002 1466 1060 1500 ejus
1076 1464 1133 1491 ﬁeri
1151 1462 1260 1497 poterit,
1282 1461 1440 1496 puriﬁcatis,
1469 1466 1588 1494 voceque
1611 1466 1664 1484 una
1680 1465 1785 1485 assum-

1003 1518 1058 1547 pta,
1070 1516 1151 1545 atque
1166 1517 1219 1536 uno
1232 1509 1381 1543 eodemque
1397 1506 1498 1542 Spiritu
1512 1503 1659 1532 concordes
1678 1503 1786 1534 redditi,

1005 1555 1166 1591 triumphale
1195 1554 1260 1581 illud
1285 1561 1395 1580 carmen
1413 1557 1552 1579 canamus.
1580 1549 1651 1581 quod
1667 1548 1731 1575 olim
1745 1547 1786 1575 ls-

1003 1602 1105 1629 raelitze
1129 1606 1238 1635 propter
1262 1598 1405 1634 Egyptios
1431 1597 1497 1624 mari
1527 1596 1618 1623 Rubro
1644 1599 1787 1628 coopertos

1003 1651 1083 1681 atque
1107 1646 1240 1676 obrutos,
1266 1644 1422 1677 auspicante
1446 1641 1542 1672 Maria,
1575 1645 1788 1674 tympanumqne

1003 1692 1137 1727 pulsante,
1154 1692 1332 1718 cecinerunt:
1355 1689 1495 1716 Cantemus
1520 1687 1654 1714 Domino:
1676 1685 1787 1720 gloriose

1003 1737 1071 1763 enim
1087 1735 1270 1770 magniﬁcatus
1285 1738 1321 1761 eu
1334 1743 1343 1761 :
1369 1741 1464 1766 equum
1481 1737 1507 1770 let
1521 1738 1682 1758 ascensorem
1698 1729 1788 1764 proje-

1004 1780 1049 1812 ct‘l,
1069 1787 1121 1807 non
1133 1767 1165 1806 in
1176 1767 1252 1806 Vmare
1268 1779 1302 1812 “,
1319 1778 1371 1805 hoc
1387 1777 1459 1804 enim
1481 1767 1517 1803 ex
1539 1775 1660 1803 carmine
1675 1774 1720 1801 illo
1734 1774 1787 1801 im-

1006 1832 1090 1859 muto,
1106 1833 1198 1853 verum
1211 1825 1255 1852 ubi
1271 1825 1319 1858 ipsi
1329 1829 1435 1858 gratum
1450 1823 1510 1856 fuit,
1521 1826 1548 1849 et
1561 1820 1788 1856 quemadmodum

1005 1873 1061 1908 ipse
1073 1873 1175 1906 justum
1192 1871 1312 1902 censuit;
1327 1870 1384 1905 qui,
1404 1874 1432 1896 ut
1447 1869 1563 1903 quodam
1577 1867 1725 1903 prophetia:
1733 1874 1789 1894 sum

1005 1919 1063 1945 loco
1078 1918 1162 1944 Amos
1176 1917 1343 1944 divinissime
1361 1915 1552 1950 philosophans
1567 1935 1575 1947 ,
1600 1914 1639 1940 ait
1659 1921 1666 1939 :
1692 1912 1789 1941 Omnia

1006 1963 1068 1990 l'acit
1086 1968 1167 1997 atque
1183 1962 1325 1989 immutat:
1342 1962 1386 1996 qui
1405 1960 1499 1988 mortis
1517 1961 1640 1987 umbram
1667 1959 1694 1986 in
1717 1958 1789 1985 dilu-

1006 2010 1095 2037 culum
1115 2009 1207 2041 vertit,
1223 2014 1250 2036 et
1265 2009 1334 2036 diem
1361 2008 1387 2035 in
1418 2011 1567 2034 nocturnas
1592 2006 1717 2033 tenebras
1730 2012 1790 2032 tnu-

1006 2056 1135 2087 tat",ac
1161 2055 1235 2082 velut
1250 2061 1298 2089 per
1321 2054 1452 2081 circulum
1484 2052 1627 2088 quemdam
1654 2051 1785 2078 mundum

1006 2102 1079 2129 hunc
1095 2101 1250 2128 universum
1277 2101 1411 2135 gubernat
1437 2107 1469 2127 ac
1496 2099 1662 2131 moderatur,
1689 2103 1787 2130 resque

1007 2155 1101 2175 omnes
1119 2154 1235 2180 nostras,
1265 2147 1425 2174 ﬂuctuantes
1455 2145 1534 2172 simul
1564 2143 1726 2177 minimeque
1742 2141 1791 2168 ilu-

1007 2198 1142 2227 ctuantes,
1160 2198 1189 2220 ut
1203 2201 1263 2228 qua:
1274 2193 1491 2228 perinutationcs
1499 2190 1605 2225 quidem
1619 2192 1790 2219 moveantur,

1009 2247 1040 2267 ac
1051 2247 1158 2267 sursum
1175 2240 1356 2273 deorsumque
1373 2237 1520 2272 agitentur,
1533 2235 1654 2269 aliasque
1668 2233 1746 2259 aliter
1762 2238 1792 2258 se

1009 2285 1146 2316 habeant;
1161 2289 1189 2310 at
1205 2289 1337 2318 quantum
1351 2284 1384 2310 ad
1405 2282 1502 2309 divina:
1529 2279 1706 2315 providentia;
1719 2277 1792 2305 ordi-

1010 2338 1070 2357 nem
1081 2335 1108 2357 et
1124 2330 1341 2357 constitutionem
1360 2329 1418 2356 lixae
1433 2333 1460 2356 et
1471 2327 1581 2355 stabiles
1594 2326 1660 2358 sint,
1685 2323 1792 2352 etiarnsi

1042 2442 1064 2457 °°
1076 2441 1159 2468 Exod.
1173 2448 1217 2472 xv,
1236 2440 1262 2466 1.
1300 2438 1321 2455 ⁸⁸
1335 2439 1417 2466 Amos
1429 2445 1455 2470 v,
1469 2437 1496 2464 8.

1013 2533 1089 2562 Colb.
1105 2533 1184 2559 Deest
1195 2531 1315 2566 θαλάσσῃ
1331 2531 1355 2557 in
1371 2530 1490 2566 pluribus
1500 2537 1564 2566 mss.
1577 2534 1602 2557 et
1617 2529 1643 2566 in
1653 2527 1715 2554 Par.
1728 2526 1794 2566 edit.

1013 2577 1076 2611 qua:
1099 2569 1193 2600 habet,
1218 2562 1474 2600 κατακαλυιροεῖσιν.
1504 2564 1567 2592 Bas.
1587 2565 1652 2592 edit.
1677 2562 1795 2598 καταλη-

1014 2604 1219 2681 ῗοῗ1ἓ)ν””οποι.
1250 2636 1334 2671 ῐιθςες.
1357 2635 1416 2667 bm,
1440 2635 1465 2667 ι,
1491 2635 1555 2670 ὅπη.
1578 2634 1638 2661 Ald.
1660 2637 1687 2660 et
1713 2631 1795 2659 Ilerv.

1014 2682 1104 2743 “(5.96)
1125 2707 1269 2734 Θανάτου.
1288 2705 1350 2732 Haec
1367 2712 1417 2732 vox
1434 2712 1454 2743 ρ
1474 2704 1570 2743 Graeco
1593 2708 1666 2730 textu
1683 2701 1796 2743 vulgate

1015 2736 1106 2774 abest';
1126 2743 1152 2769 in
1170 2743 1295 2769 omnibus
1318 2746 1407 2767 tamen
1430 2739 1552 2774 Gregorii
1578 2745 1643 2765 mss.
1663 2742 1691 2765 et
1708 2737 1735 2764 in
1757 2736 1796 2763 hi-

1017 2778 1131 2806 bliorum
1146 2777 1284 2804 codicibus
1299 2784 1352 2802 non
1369 2775 1461 2809 paucis
1476 2774 1583 2809 legitur.

1051 2813 1106 2856 $20)
1126 2812 1278 2839 Εὐθύνων.
1295 2811 1361 2846 Reg.
1369 2806 1393 2843 ’1,
1409 2809 1484 2838 Colb.
1497 2810 1524 2841 6,
1540 2808 1695 2836 διευθύνων.
1711 2806 1796 2836 Oxon.

1017 2849 1290 2917 ’θῗξθῖίὶίαθαίρωμ
1308 2881 1383 2910 Colb.
1397 2881 1424 2914 3,
1440 2878 1569 2908 καθελών.
