2071 3133
189 183 241 211 ωδ

676 180 804 209 ORATIO
822 181 869 209 IV.
888 197 923 203 -—
942 181 1081 210 CONTRA
1099 179 1271 209 ιυιιΑΝυΜ
1291 182 1311 208 I.

1754 182 1806 209 διο

224 241 274 266 ΙΕ¹.
291 239 363 266 Μίαν
383 238 504 274 εὑρίσκω
520 238 623 273 φωνὴν,
638 237 668 264 ἓν
687 238 779 274 μέλος,
794 246 848 265 των
872 236 964 273 παρόν-

1060 235 1117 263 ιν.
1135 236 1220 264 Unam
1246 243 1348 268 vocem,
1375 243 1460 263 unum
1480 243 1602 268 carmen.
1629 237 1804 271 prasenhbna

188 293 242 313 των
259 294 318 316 πως
337 284 422 317 ἀξιον.
440 285 473 320 ἢν
493 284 606 315 Ἡσαΐας
620 285 673 320 πρὸ
686 283 763 319 ὴμῶν
777 283 970 318 ἀνεφθέγξατο,

188 331 291 366 σφόδρα
303 329 343 365 τῷ
364 330 411 357 νῦν
436 329 524 366 καιρῷ
541 330 712 366 πρέπουσαν,
735 329 782 356 καὶ
801 329 840 364 τῷ
861 328 971 364 μεγέθει

186 377 236 412 τῆς
267 376 426 412 εὐεργεσίας
454 376 661 412 ἅμιλλωμένην·
696 374 890 411 Εὑφραινέσθω
913 374 969 410 (52)

186 424 202 450 ὁ
219 423 331 458 οὐρανὸς
346 422 458 453 ἄνωθεν.
471 423 518 449 καὶ
531 423 559 449 αί
571 422 681 458 νεφέλαι
694 422 852 458 ρανάτωσαν
869 421 971 448 δικαιο-

188 468 270 503 σύνην
279 477 286 483 ·
303 467 410 504 ρηξάτω
420 468 475 503 (55)
486 468 521 495 τὰ
532 469 583 504 ὅρη
593 468 771 504 εὐφροσύνην,
785 467 832 494 καὶ
844 467 868 494 οἱ
880 466 970 502 βουνοὶ

185 514 344 548 ἀγαλλίασιν
355 522 362 529 ⁸
380 514 441 540 ἐπεὶ
455 515 501 541 καὶ
517 514 606 546 κτίσις
622 515 707 547 πᾶσα,
720 514 767 540 καὶ
779 513 909 548 δυνάμεις
921 513 968 540 οὺ-

185 560 282 596 ράνιοι,
305 560 352 586 καὶ
373 560 428 586 τῶν
448 559 585 594 τοιούτων,
603 560 641 591 ὣς
660 568 691 594 γε
711 560 743 596 δὴ
766 561 780 587 ό
803 559 869 595 ἐμὸς
880 559 967 594 λόγος,

185 605 453 632 συνεπαισθάνονται·
468 606 498 632 οὐ
510 606 564 642 γὰρ
581 606 740 638 συστενάζιι
754 606 832 641 μόνον
845 605 891 632 καὶ
904 614 968 632 συν-

183 650 274 678 ωδίνει
289 650 451 678 δουλεύουσα
469 652 502 687 τῇ
531 651 629 687 φθορᾷ,
648 653 705 684 τοῖς
721 652 795 679 κάτω
809 651 880 686 λέγω
895 660 968 686 γινο-

185 697 277 733 μένοις
298 705 328 723 te
351 697 398 724 καὶ
422 697 640 733 ἁπογινομένοις.
667 698 909 734 ἀποκαραδοκοῦσα
936 699 968 725 τὺ

183 744 259 776 τέλος
279 745 382 772 τούτων
407 744 455 770 καὶ
482 744 532 779 τὴν
559 743 740 778 ἀποκάλυψιν,
769 745 811 771 ἶνα
831 744 878 771 καὶ
898 744 966 780 αὐτὴ

183 790 243 817 τότε
255 790 323 826 τύχῃ
335 790 384 825 τῆς
394 789 572 824 ἐλπιζομένης
582 789 748 825 ἐλευθερίας,
757 789 794 821 ὡς
805 789 852 816 νῦν
863 789 966 816 ἄκουσα

181 836 286 868 τούτοις
300 835 499 872 προσδεδεμένη
521 835 565 861 διὰ
585 835 635 870 τὴν
655 835 702 861 τοῦ
715 835 967 871 δημιουργήσαντος

181 882 302 917 δύναμιν,
321 881 389 909 ἀλλά
404 881 451 909 καὶ
472 880 628 913 συνδοξάζει
644 881 691 908 καὶ¹
703 881 896 915 συναγάλλεται
910 882 966 912 τοῖς

162 919 167 923 ’
182 927 228 954 τοῦ
244 927 311 954 Θεοῦ
325 927 430 958 τέκνοις
449 925 682 961 εὑφραινομένοις.

215 971 473 1007 ῐς¹.Τοιγαροῦν,οὺ
485 970 538 1005 γὰρ
550 969 684 1004 ἀφέξομαι
698 969 777 996 θείων
787 968 882 1004 φωνῶν
890 967 964 994 θείαν

181 1017 361 1053 ἱξηγούμενος
381 1017 506 1053 δύναμιν,
526 1015 701 1050 ἀγαλλιάσθω
722 1015 834 1052 ἔρημος,
849 1015 896 1042 καὶ
917 1015 964 1041 ἀν-

181 1064 260 1091 θείτω
280 1063 319 1096 ὡς
341 1064 444 1100 κρίνον,
461 1063 479 1098 ή
496 1063 569 1098 χήρα
591 1061 654 1097 χθὲς
675 1061 722 1088 καὶ
745 1060 851 1097 πρώην,
874 1060 912 1092 ὣς
932 1068 963 1094 γε

179 1110 276 1142 ἐδόκει,
294 1110 341 1136 καὶ
363 1109 492 1145 ἄνανδρος
517 1107 677 1143 Ἐκκλησία,
690 1108 738 1134 καὶ
750 1108 803 1139 πᾶς
820 1107 834 1134 ὁ
847 1107 886 1142 τῷ
900 1107 964 1141 φθο-

179 1156 250 1191 νερῷ
262 1157 309 1184 καὶ
325 1156 439 1191 ἀτερπεϊ
457 1154 572 1191 χειμῶνι
591 1155 642 1190 τῆς
665 1154 793 1186 ἀσεϐείας
810 1153 879 1185 τέως
900 1161 962 1179 συν-

179 1201 358 1237 εσταλμένος·
372 1202 413 1228 ὃτι
426 1200 526 1236 ἠλέησε
542 1199 648 1235 Κύριος
665 1199 710 1226 τὸν
726 1199 791 1225 λαὸν
809 1197 902 1230 αὐτοῦ,
916 1198 963 1224 καὶ

179 1249 229 1284 τὴν
254 1248 435 1284 κληρονομίαν
464 1246 547 1274 αὑτοῦ
572 1246 622 1273 οὐκ
653 1244 896 1280 ὲγκαταλέλοιπεψ
921 1244 962 1270 ὅτι

178 1295 289 1331 ἐποίησε
303 1293 446 1329 θαυμαστά
468 1293 630 1330 πράγματα,
651 1291 748 1327 βουλὴν
768 1290 884 1326 ἀρχαίαν
897 1289 963 1325 ἀλη-

178 1341 269 1378 θινήνι
288 1342 305 1376 ἡ
325 1341 353 1367 δὲ
366 1338 411 1376 ἦν,
433 1339 551 1366 εὐὼκείν
568 1338 615 1364 ἐπὶ
634 1338 697 1369 τοὺς
714 1337 896 1372 φοὸουμένους
912 1336 962 1363 αὐ-

177 1388 233 1419 τὸν,
247 1387 294 1415 καὶ
307 1386 369 1418 τοὺς
382 1385 539 1417 ἐλπίζοντας
552 1384 599 1410 ἐπὶ
612 1383 643 1410 τὸ
653 1382 726 1414 ἔλεος
738 1381 830 1409 αὐτοῦ·
844 1381 885 1408 ὅτι
898 1388 960 1407 συν-

177 1433 270 1470 έτριψε
292 1432 380 1464 πύλας
401 1431 514 1467 χαλκᾶς,
542 1430 589 1457 καὶ
615 1429 729 1465 μοχλοὺς
753 1427 878 1463 σιδηροῦς
900 1435 962 1453 συν.

177 1479 304 1506 ἔθλασεν·
324 1478 364 1505 ὅτι
381 1477 423 1504 διὰ
435 1476 484 1508 τὰς
501 1475 616 1511 ἀνομίας
630 1474 710 1510 ἡμῶν
728 1472 959 1507 ὲταπεινώθημεν,

176 1525 234 1553 ἀλλ’
245 1523 434 1560 ἀνεκλήθημεν
446 1522 513 1558 (58),
527 1522 585 1554 καὶ,
603 1522 653 1556 τῆς
674 1519 786 1554 παγίδος
807 1518 958 1554 συντριϐεί-

176 1580 236 1607 σης.
251 1570 423 1607 ὲρῤύσθημεν
434 1570 463 1596 ὲν
474 1569 564 1604 χάριτι
583 1567 630 1594 τοῦ
644 1566 805 1597 καλέσαντος
816 1566 900 1601 ἡμᾶς,
914 1565 960 1592 καὶ
974 1583 995 1611 c

175 1619 239 1650 τοὺς
254 1617 398 1648 ταπεινοὺς
412 1617 446 1651 τῇ
462 1614 560 1651 καρδίᾳ
573 1613 793 1650 παρακαλοῦντος
803 1612 880 1639 Θεοῦ.

211 1710 261 1738 IZ'.
269 1710 366 1746 ὀρᾶτο
380 1709 453 1741 ὅπως
466 1708 557 1734 πλέκω
569 1706 618 1742 τὴν
626 1705 696 1742 ᾠδὴν
705 1705 786 1736 θείοις
798 1704 845 1731 καὶ
859 1704 962 1739 ῥήμασι

176 1757 224 1784 καὶ
235 1756 411 1791 διανοήμασιδ
432 1753 478 1780 καὶ
493 1753 543 1779 οὐκ
560 1749 607 1780 οἷδ’
628 1752 702 1783 ὃπως
718 1749 868 1785 ἀλλοτρίοις
883 1748 961 1776 ἐπαί-

177 1802 259 1838 ρομαί
273 1810 303 1829 τι
325 1801 370 1828 καὶ
389 1799 604 1833 καλλωπίζομαι,
619 1797 667 1824 καὶ
687 1796 782 1831 ὥσπερ
803 1795 896 1826 ἔνθους
915 1794 960 1828 ὑφ’

176 1848 272 1884 ἡδονῆς
283 1847 406 1883 γίνομαι·
423 1844 550 1881 ἀτιμάζω
562 1844 590 1870 δὲ
610 1843 682 1870 ἅπαν
702 1841 829 1869 ταπεινὸν
849 1840 897 1867 καὶ
912 1839 960 1866 ἀν-

177 1894 319 1930 θρώπινον,
336 1893 403 1920 ἄλλα
416 1892 504 1923 ἄλλοις
522 1889 696 1926 doubt“va
713 1888 760 1915 καὶ
773 1886 959 1922 συναρμόζων,

176 1939 224 1967 καὶ
239 1941 279 1971 εἰς
289 1938 319 1966 ἓν
328 1939 402 1973 ἄγων
413 1936 448 1964 τὰ
459 1936 506 1964 τοῦ
521 1935 603 1963 αὑτοῦ
614 1934 786 1969 Πνεύματοςι

211 2027 260 2055 1Ε¹.
276 2027 411 2063 Πρότερον
423 2026 472 2062 μὲν
484 2023 531 2053 οὖν
547 2025 651 2053 ἐδείκνυ
665 2024 712 2052 τοῦ
724 2023 791 2052 Θεοῦ
806 2023 840 2051 τὰ
856 2023 960 2059 θαυμά-

177 2081 222 2100 σια
240 2073 326 2109 Ἑνὼχ
345 2073 562 2109 μετατιθέμενος,
584 2073 676 2103 Ἠλίας
692 2071 958 2107 ἀναλαμϐανόμενος,

177 2119 238 2146 Νῶε
249 2118 454 2154 διασωζόμενος,
476 2118 523 2145 καὶ
538 2117 677 2150 διασώζων
696 2117 731 2144 τὰ
748 2117 891 2153 σπέρματα
905 2117 960 2144 τῶν

177 2164 263 2199 γενῶν
276 2165 342 2200 (55),
362 2165 390 2191 ὲν
412 2163 502 2199 μικρῷ
523 2162 594 2198 ξύλῳ
620 2163 664 2189 τὸν
685 2162 796 2197 κόσμον,
821 2162 959 2197 φυγόντων

176 2209 337 2245 οἰκουμένης
351 2209 501 2240 ὲπίκλυσιν,
515 2208 548 2234 ἵν’
561 2209 578 2244 ἡ
592 2209 627 2244 γῆ
643 2207 767 2244 κοσμηθῇ
783 2207 863 2234 πάλιν
881 2207 958 2234 εὐσε-

1021 281 1161 310 beneﬁciis
1175 281 1375 317 quodammodo
1399 283 1509 317 dignum
1531 282 1648 316 reperio.
1672 282 1736 310 illud
1749 283 1804 311 sci-

1020 327 1093 360 licet.
1107 328 1178 363 quod
1195 327 1278 356 Isaias
1295 332 1359 355 ante
1376 334 1425 355 nos
1447 327 1643 362 pronuntiavit,
1660 328 1723 356 huic
1739 333 1804 355 tem-

1020 375 1078 409 pori
1093 375 1206 402 miriﬁce
1218 382 1380 409 congruens,
1405 378 1433 401 et
1448 381 1509 401 cum
1529 374 1652 402 beneﬁcii
1669 375 1804 409 magnitu-

1020 422 1082 449 dine
1091 422 1146 458 85
1167 423 1345 450 contendens.
1367 420 1485 449 Laetetur
1513 421 1611 448 caelum
1633 422 1757 456 desuper,
1776 426 1804 448 et

1020 468 1104 495 nubes
1119 467 1370 501 stillentjustitiam.
1381 467 1533 502 Erumpunt
1545 471 1652 494 montes
1668 467 1802 499 laetitiam.

1019 517 1046 541 et
1059 513 1143 541 colles
1154 514 1364 541 exsultationem
1379 513 1420 543 '°:
1433 513 1650 548 quandoquidem
1662 513 1744 540 etiam
1759 520 1803 541 res

1018 566 1113 587 omnes
1126 559 1251 591 conditm,
1265 564 1293 586 et
1312 559 1437 587 cmlestos
1462 560 1598 592 virtutes,
1619 567 1678 587 mea
1694 561 1802 595 quidem

1019 605 1162 637 sententia,
1180 605 1333 639 l'mjusmodi
1352 613 1442 632 rerum
1462 612 1542 632 sensu
1561 605 1714 632 aiiiciuutur
1733 613 1802 633 :ne-

1017 658 1069 685 que
1082 651 1152 678 enim
1170 655 1294 678 creatura
1309 650 1388 678 simul
1403 655 1506 678 tantum
1519 651 1680 685 ingemiscit,
1691 656 1719 678 et
1737 659 1801 686 pare

1018 697 1092 729 turit,
1106 697 1269 732 corruptioui
1283 697 1405 725 serviens
1416 697 1448 729 ".
1460 697 1510 724 hoc
1519 702 1571 729 est,
1588 697 1622 724 iis
1633 697 1678 732 qui
1691 697 1718 723 in
1729 702 1800 724 terra

1017 747 1177 775 nascuntur,
1191 745 1219 769 et
1231 742 1379 774 intereunt,
1393 742 1472 768 (luem
1487 748 1579 768 eorum
1605 746 1633 768 et
1657 741 1800 768 revelatio-

1017 794 1078 814 nem
1097 792 1267 822 exspectans,
1283 793 1314 815 ut
1329 787 1385 822 ipsa
1401 795 1510 822 quoque
1522 792 1585 814 tunc
1601 792 1707 821 sperata
1721 787 1802 814 liber-

1017 838 1072 861 tate
1089 834 1218 868 potiatur,
1238 833 1311 861 velut
1329 841 1399 860 nttnc
1417 834 1458 860 his
1475 833 1557 860 invita
1583 837 1693 867 propter
1715 832 1801 859 Crea-

1017 880 1083 907 toris
1098 880 1248 914 potentiam
1265 879 1373 915 alligata
1395 888 1403 906 :
1420 880 1466 906 sed
1481 879 1561 905 simul
1575 878 1656 906 etiam
1669 885 1730 906 cum
1753 877 1798 905 Dei

980 916 1001 943 Β
1015 925 1078 952 ﬁliis
1092 926 1247 954 laetantibus
1260 927 1375 962 gloriam
1390 927 1474 961 ipsius
1488 926 1626 960 praedicat,
1637 930 1664 952 et
1672 925 1797 953 exsultat.

1050 971 1119 999 XVI.
1138 972 1281 1005 Quocirca,
1293 979 1380 1007 neque
1395 972 1466 1000 enim
1477 980 1492 998 a
1501 971 1598 998 divinis
1609 971 1719 998 vocibus
1735 971 1799 998 abs-

1016 1015 1124 1048 lilltbo,
1155 1016 1274 1043 divinam
1299 1017 1444 1051 potentiam
1464 1024 1690 1048 commemorans,
1708 1015 1800 1043 exsul-

1015 1066 1052 1088 tet
1068 1061 1185 1094 deserta.
1201 1068 1228 1089 et
1253 1061 1347 1090 ﬂoreat
1362 1062 1432 1090 sicut
1448 1062 1533 1089 lilium
1548 1061 1582 1094 “,
1607 1062 1658 1089 hoc
1679 1066 1732 1094 est,
1749 1062 1798 1088 Ec-

1014 1107 1105 1139 clesia,
1127 1109 1183 1135 heri
1205 1113 1233 1135 et
1262 1109 1359 1136 nudius
1380 1109 1485 1140 tertius,
1512 1112 1540 1135 ut
1557 1107 1664 1142 quidem
1687 1108 1798 1134 videba-

1014 1157 1066 1185 tur,
1079 1154 1168 1185 vidua,
1182 1159 1210 1181 ct
1223 1154 1282 1181 viro
1307 1162 1403 1181 carens
1415 1174 1422 1186 ,
1443 1158 1524 1189 alque
1543 1161 1648 1186 omnes,
1665 1161 1733 1188 qttos
1757 1154 1798 1180 in-

1014 1199 1073 1226 vida
1090 1204 1116 1227 et
1131 1200 1266 1228 inamoena
1285 1200 1430 1235 impietatis
1445 1200 1533 1228 hiems
1553 1206 1631 1228 antea
1652 1205 1794 1228 contraxe»

1014 1250 1055 1271 rat
1071 1253 1078 1271 :
1101 1245 1228 1278 quoniam
1250 1245 1320 1272 Deus
1333 1246 1437 1280 plebem
1454 1253 1529 1273 suam
1546 1247 1689 1273 miseratus
1705 1250 1747 1274 est
1761 1246 1795 1278 ",

1013 1295 1041 1317 et
1058 1291 1244 1318 hmeditatem
1268 1299 1344 1318 suam
1373 1299 1425 1319 non
1453 1292 1595 1327 dereliquit
1605 1292 1649 1318 8‘:
1669 1293 1795 1327 quoniam

1013 1344 1056 1363 res
1069 1336 1206 1364 mirabiles
1234 1336 1307 1367 fecit,
1325 1337 1464 1365 consilium
1492 1339 1631 1372 antiquum
1650 1346 1741 1365 verum
1753 1339 1794 1372 ";

1011 1383 1062 1409 hoc
1075 1387 1127 1414 est,
1145 1388 1172 1409 ut
1188 1382 1385 1417 beneplacitum
1406 1388 1477 1411 esset
1498 1384 1548 1418 ipsi
1574 1391 1655 1418 super
1670 1384 1796 1413 timentes

1011 1435 1082 1458 eum.
1097 1433 1125 1455 et
1138 1428 1164 1455 in
1181 1429 1214 1455 iis
1229 1431 1273 1462 qui
1297 1427 1408 1463 sperant
1430 1430 1455 1456 in
1471 1430 1662 1458 misericordiis
1676 1431 1735 1466 ejus
1748 1432 1772 1448 ⁸⁸
1787 1440 1794 1457 :

1011 1475 1137 1510 quoniam
1160 1477 1289 1503 contrivit
1304 1481 1398 1511 portas
1420 1485 1516 1511 aereas,
1538 1484 1564 1506 ct
1580 1483 1670 1506 vectes
1694 1479 1796 1507 ferreos

1010 1521 1178 1556 confregit"
1198 1531 1205 1549 :
1226 1523 1352 1557 quoniant
1375 1529 1485 1558 propter
1511 1524 1665 1558 iniquitates
1690 1529 1796 1553 nostras

1012 1567 1141 1594 humiliati
1162 1575 1255 1595 sumus
1268 1568 1301 1601 ⁸⁸,
1317 1568 1364 1595 scd
1383 1570 1500 1596 revocati
1523 1577 1627 1602 sumus,
1643 1578 1675 1598 ac
1699 1571 1796 1604 laqueo

1013 1613 1128 1640 contrito
1138 1613 1172 1645 ",
1186 1621 1232 1648 per
1245 1614 1359 1648 gratiam
1376 1613 1422 1641 Dei
1446 1615 1492 1649 qui
1510 1622 1560 1641 nos
1573 1616 1689 1649 vocavit,
1704 1621 1732 1644 et
1746 1616 1795 1643 hu-

1013 1658 1089 1684 miles
1104 1658 1184 1685 corde
1203 1659 1368 1691 consolatur,
1390 1659 1495 1686 liberati
1519 1667 1612 1686 sumus
1630 1660 1653 1676 '°

1049 1703 1129 1731 XVII.
1149 1703 1287 1732 Videtisne
1307 1712 1359 1738 quo
1378 1710 1458 1738 pacto
1468 1705 1566 1732 divinis
1583 1706 1673 1734 verbis
1687 1714 1719 1734 ac
1732 1714 1794 1734 seu-

1013 1751 1105 1778 tentiis
1126 1751 1262 1778 canticum
1281 1750 1390 1777 texam?
1416 1755 1497 1785 atque
1513 1751 1585 1778 haud
1598 1752 1655 1779 scio
1676 1759 1793 1786 quonam

1013 1796 1092 1824 modo
1112 1796 1208 1824 alienis
1223 1804 1265 1824 me
1279 1796 1390 1823 eﬂeram
1410 1801 1437 1823 et
1455 1802 1606 1829 ostentem,
1626 1805 1658 1825 ac
1675 1807 1729 1833 prze
1748 1807 1794 1827 vo-

1012 1842 1113 1876 luptate
1130 1842 1203 1869 velut
1218 1843 1328 1869 numine
1342 1842 1491 1877 corripiar;
1513 1843 1641 1878 quidquid
1664 1851 1728 1871 vero
1744 1845 1794 1871 ltu-

1012 1888 1074 1915 mile
1091 1893 1171 1923 atque
1194 1888 1339 1915 humanum
1366 1893 1420 1921 est,
1449 1893 1632 1921 contemnam,
1657 1889 1708 1917 alia
1732 1898 1792 1917 cum

1011 1934 1071 1962 aliis
1079 1935 1251 1969 compingens
1262 1939 1342 1968 atque
1354 1934 1530 1967 concinnans,
1543 1942 1639 1970 eaque,
1648 1943 1708 1970 qua:
1718 1935 1792 1971 ejus-

1011 1980 1070 2007 dem
1087 1985 1147 2007 suut
1163 1979 1290 2014 Spiritus,
1312 1980 1337 2006 in
1356 1987 1438 2007 unum
1455 1981 1607 2016 colligens?

1046 2026 1137 2054 XVIII.
1151 2027 1189 2054 Ac
1204 2027 1280 2062 prius
1297 2026 1405 2061 quidem
1429 2026 1474 2053 Dei
1498 2027 1627 2055 miracula
1655 2028 1792 2056 testaban-

1011 2077 1072 2100 tur:
1093 2072 1198 2104 Enoch,
1223 2072 1285 2099 dum
1307 2071 1500 2099 transferretur
1516 2073 1556 2103 “;
1581 2072 1662 2105 tilias,
1677 2073 1741 2100 dum
1763 2074 1792 2100 in

1010 2117 1125 2145 sublime
1141 2122 1325 2144 assumeretur
1339 2116 1361 2132 "
1377 2125 1385 2143 :
1406 2115 1472 2149 Noe,
1487 2116 1548 2143 dum
1574 2122 1792 2151 conservaretur,

1010 2169 1042 2190 ac
1057 2170 1186 2198 generum
1215 2162 1318 2190 semina
1345 2168 1530 2195 conservaret,
1548 2163 1574 2189 in
1602 2164 1699 2198 exiguo
1722 2163 1794 2198 ligno

1011 2208 1150 2239 mundum,
1175 2207 1249 2234 orbis
1275 2207 1392 2235 universi
1417 2208 1546 2235 diluvium
1576 2206 1745 2243 fugientium,
1764 2213 1794 2236 ut

177 2255 315 2291 ϐεστέροις
322 2255 476 2290 οἰκήτορσιν
484 2263 491 2270 ·
507 2253 631 2289 Ἀϐραὰμ
640 2253 816 2288 καλούμενος,
827 2252 874 2279 καὶ
883 2252 958 2280 παιδὶ

1012 2257 1084 2281 terra
1095 2260 1189 2280 rursus
1202 2253 1484 2281 sanctioribusincolis
1496 2255 1666 2282 ornaretur"
1682 2263 1689 2282 :
1704 2255 1792 2283 Abra-

177 2300 240 2335 παρ’
255 2299 361 2335 ἠλικίαν
374 2299 538 2335 τιμώμενος,
556 2299 596 2330 εἰς
610 2298 701 2325 πίστιν
715 2299 807 2334 ἐτέρου
818 2296 866 2324 τοῦ
877 2298 960 2333 ἐπηγ-

176 2347 306 2382 γελμένου
328 2347 493 2383 σπέρματος,
509 2345 555 2372 καὶ
577 2345 622 2372 τὸν
645 2344 777 2381 μονογενῆ
798 2344 960 2380 προσφέρων

177 2391 272 2418 θυσίαν
285 2391 432 2427 πρόθυμον,
447 2391 493 2418 καὶ
507 2392 601 2427 ἱερεῖον
616 2390 689 2423 ξένον
700 2388 754 2425 (56)
769 2390 829 2416 ἀντὶ
841 2389 897 2424 (57)
913 2389 959 2416 τοῦ

176 2437 270 2469 παιδὸς
280 2436 467 2472 κομιζόμενος·
477 2436 626 2471 παράδοξος
637 2435 693 2472 (58)
705 2434 811 2463 ἀσεϐῶν
826 2435 959 2467 ἀπώλεια,

1007 2299 1081 2330 ham.
1097 2298 1159 2325 dum
1175 2304 1315 2325 vocaretur
1328 2298 1362 2330 “.
1377 2305 1409 2325 ac
1433 2299 1486 2327 lilio
1502 2304 1599 2334 prtetcr
1613 2304 1719 2326 aetatem
1746 2300 1793 2327 do-

1008 2348 1117 2371 naretur
1130 2344 1164 2376 ⁹⁸,
1177 2345 1210 2370 ad
1229 2344 1461 2372 conﬁrmationem
1491 2353 1587 2380 nempe
1617 2346 1729 2374 alterius
1746 2354 1792 2373 se-

1009 2390 1089 2417 minis
1103 2389 1227 2424 promissi
1242 2388 1276 2423 “,
1293 2395 1374 2424 atque
1389 2390 1556 2424 unigenitum
1573 2389 1691 2424 oﬂ‘erret,
1707 2391 1792 2418 sacri.

1009 2435 1101 2462 ﬁcium
1125 2440 1279 2470 promptum
1295 2442 1322 2462 et
1350 2435 1449 2468 alacre,
1466 2436 1633 2471 alienamque
1656 2437 1792 2464 victimam

212 2509 297 2535 "Isa.
313 2515 375 2539 ειν,
391 2507 422 2541 8;
436 2515 510 2539 xux,
529 2507 579 2540 I3;
600 2507 671 2534 Psal.
687 2515 760 2539 utv,
778 2508 822 2534 I3.
855 2507 877 2523 "
892 2508 974 2536 Rom.
995 2515 1053 2538 vnt.
1070 2507 1115 2534 ‘32.
1154 2507 1176 2522 ⁸¹
1189 2507 1240 2534 Isa.
1258 2515 1340 2540 xxxv,
1358 2507 1383 2534 I.
1414 2507 1437 2522 "
1451 2506 1521 2534 Psal.
1541 2515 1587 2537 cn.
1610 2508 1652 2534 I5.
1685 2506 1708 2523 “
1722 2507 1792 2535 Psal.

177 2551 252 2576 xcttt,
270 2544 313 2570 I4.
352 2544 374 2559 ⁵⁸
394 2543 445 2570 Isa.
471 2550 534 2575 xxv,
553 2543 579 2570 I.
615 2543 638 2558 ⁸⁸
653 2542 723 2569 Psal.
739 2550 830 2574 CXLVI,
846 2542 889 2570 II.

177 2580 200 2595 ’°
209 2578 326 2606 Galat.t.
339 2579 389 2610 I5;
407 2578 427 2605 Il
446 2578 509 2604 Cor.
528 2585 575 2609 vn.
590 2576 616 2604 6.
665 2577 687 2592 ἰ
706 2576 774 2606 Gen.
790 2585 817 2609 ν,
839 2577 886 2604 24,

167 2619 203 2656 ~et
214 2621 272 2648 seq.
308 2613 332 2630 ⁸⁸
344 2614 412 2642 Gen.
434 2621 512 2645 xvnt,
528 2613 562 2640 I0
609 2612 632 2628 “
654 2611 742 2639 Galat.
766 2620 808 2646 ttt,
825 2611 869 2639 I6.

212 2700 267 2736 (32)
285 2700 506 2735 Εὐφραινέσθω.
532 2699 561 2728 1η
593 2699 661 2728 Isaia
686 2700 799 2736 legitur,
832 2701 957 2737 Εὐφραν-

176 2736 267 2806 Mai)
292 2770 433 2806 Ῥηξᾱτῳ.
450 2771 542 2798 Billius
556 2779 562 2798 :
583 2779 593 2796 ι
608 2769 757 2799 eﬂundaut.
773 2780 782 2797 ι

210 2804 266 2847 (ζῆ)
292 2805 516 2841 Ἀνεκλήθημεν.
532 2816 541 2832 ι
554 2806 683 2834 “evocati
700 2814 821 2834 suumsa
840 2806 862 2832 A
878 2804 956 2833 Billio

175 2847 315 2868 omissum.

211 2874 269 2910 (35)
288 2874 399 2903 Γετῶν.
414 2875 465 2903 Alii
480 2885 486 2903 :
501 2874 595 2904 ἐθνῶν.

211 2910 268 2945 (56)
292 2910 407 2946 Ἰερεῖογ
437 2910 536 2944 ξένον,
549 2915 601 2940 etc.
620 2919 630 2938 ι
645 2910 766 2939 Alienam
783 2911 930 2945 victimam,
942 2919 951 2937 ι

938 2543 961 2558 ⁸⁷
984 2542 1055 2570 Psal.
1072 2550 1126 2573 (ινι.
1145 2542 1188 2569 I6.
1226 2543 1249 2558 ⁸⁸
1273 2543 1342 2569 Psal.
1356 2550 1399 2573 ev.
1422 2542 1466 2570 45.

938 2578 961 2593 ⁸³
986 2577 1020 2605 IV
1039 2577 1104 2611 Heg.
1121 2585 1152 2610 tt,
1168 2578 1210 2604 11.

1504 2544 1526 2558 δ’
1550 2543 1620 2569 l'snl.
1647 2550 1742 2573 cum,
1766 2543 1791 2569 7.

1260 2577 1283 2593 ¹³
1299 2577 1367 2605 Gen.
1382 2585 1432 2608 vn.
1453 2579 1464 2604 I
1483 2585 1544 2613 sqq.
1582 2578 1605 2594 ”
1620 2578 1687 2605 Gen.
1710 2586 1759 2608 xu.
1778 2579 1789 2604 I

1008 2700 1035 2727 in
1047 2700 1245 2735 comparatione
1257 2699 1315 2732 ﬁlii,
1328 2708 1338 2725 ι
1358 2699 1572 2735 inexspectatam
1582 2708 1590 2732 ;
1602 2709 1612 2725 ι
1631 2699 1703 2726 nulla
1718 2701 1791 2727 enim

1007 2739 1065 2776 erat
1085 2734 1211 2776 usitatior
1226 2735 1334 2762 victima
1356 2742 1436 2769 quant
1452 2735 1531 2762 aries.
1555 2734 1613 2762 Non
1635 2742 1701 2769 ergo
1725 2735 1793 2763 bene

1007 2769 1067 2797 Bill.
1088 2779 1096 2795 ι
1108 2770 1274 2796 inusitatam.
1287 2779 1296 2796 ι

1007 2803 1467 2857 "$3,172Lemﬁlﬁldxﬂervth.
1480 2804 1527 2831 καὶ
1547 2803 1617 2831 ἀντί.
1642 2803 1695 2832 Sed
1717 2804 1793 2832 abest

1006 2839 1053 2866 καί
1064 2839 1098 2866 al)
1109 2839 1234 2866 omnibus
1251 2840 1329 2867 codd.

1009 2873 1098 2938 MSS)
1119 2874 1300 2909 ηαράὃοεος.
1322 2883 1332 2901 ι
1348 2874 1513 2911 Stupendus,
1540 2881 1638 2911 novns_
1650 2881 1682 2903 ac
1707 2874 1790 2903 mira-

1048 2918 1054 2937 i
1074 2929 1080 2937 .
1093 2919 1103 2936 ι
