2071 3133
307 181 360 209 547

908 178 937 206 S.
958 177 1124 207 GREGORII
1143 173 1318 204 THEOLOGI

1881 174 1937 202 548‘

308 237 356 265 ﬁlii
383 243 443 264 .oco
463 236 599 271 accipiens
618 236 661 262 "':
681 234 812 262 mirabilis
842 234 986 269 impiorum
1012 235 1096 261 inter-

1148 233 1213 268 πυρὶ
1231 233 1278 259 καὶ
1300 231 1433 268 οείῳ(59)
1457 231 1698 259 κατακλυσθέντων
1719 231 1788 266 (ιο),
1814 231 1932 258 εὐσεὸὦν

308 284 373 316 itus,
397 282 452 317 86
472 282 533 317 igne
561 286 590 309 et
624 281 751 316 Sulphure
780 282 956 314 obrutorum,
983 280 1094 308 mirabi-

310 328 362 354 lius
380 328 460 354 etiam
488 328 594 362 piorum
611 327 724 358 furtum,
743 331 770 354 et
787 327 852 354 salis
865 326 1002 358 columna,
1026 333 1092 353 con-

307 373 459 400 versionem
484 373 517 400 ad
541 373 634 399 vitium
659 372 822 404 traducens,
853 372 886 399 de
908 379 993 406 eaque
1023 371 1093 400 velut

309 419 474 452 triumphum
499 426 582 453 agens
602 427 609 445 :
632 417 731 453 Ioseph
749 418 823 450 item,
841 418 903 444 dum
922 417 1092 451 venderetur,

308 468 336 490 et
352 469 501 496 amaretur,
521 468 548 490 et
567 463 721 498 pudicitiam
745 463 856 496 coleret.
877 465 1061 498 sapientiaque
1078 472 1093 491 a

313 508 368 536 Deo
382 508 538 541 donaretur,
556 513 583 535 et
600 508 773 541 liberaretur,
788 513 815 535 et
835 509 982 543 potentiam
995 508 1096 534 obtine-

310 560 352 582 ret
367 555 401 584 ’⁵.
423 555 586 589 majorisque
612 555 822 589 dispensationis
843 562 935 586 causa,
955 555 1094 588 dispensa-

310 601 377 627 toris
392 608 504 628 muuere
522 601 679 635 fungeretur
695 601 718 617 ”
733 610 740 628 :
757 602 855 634 Moses,
869 602 931 628 dum
961 601 1006 628 Dei
1031 609 1097 628 con-

308 651 401 679 spectu
419 647 515 681 dignus
543 647 688 674 haberetur
706 647 726 680 ¹,
750 647 876 682 legesque
903 647 1048 680 acciperet,
1070 652 1097 674 et

307 690 392 718 {erret
406 692 428 724 ',
448 696 475 718 et
488 691 637 719 Pharaonis
657 691 727 719 Deus
747 692 909 724 cliiceretur,
923 696 951 719 et
970 691 1098 719 lsraelitis

309 738 342 764 ad
358 738 545 772 promissionis
560 742 658 764 terram
678 737 730 764 dux
746 742 818 764 esset
832 746 839 764 :
859 745 1001 764 numerosa
1016 737 1097 772 Egy-

307 783 427 818 ptiorum
447 783 545 818 ﬂagra,
559 787 639 818 atque
651 791 756 815 eorum,
775 784 819 817 qui
837 783 975 810 laboribus
990 790 1098 817 preme-

308 828 419 861 bantur,
439 829 508 856 inter
531 829 633 856 medios
649 829 780 864 Egyptos
799 829 972 856 conservatio
987 829 1008 855 ³.
1026 828 1098 855 Mare

1146 280 1233 315 κλοπὴ
1249 279 1307 314 (41)
1329 277 1545 313 παραδοξοτέρα,
1571 277 1655 313 στήλη
1677 277 1739 308 ἁλὸς
1748 277 1797 312 τὴν
1819 277 1887 312 πρὸς
1903 277 1933 304 τὸ

1147 325 1232 352 κακὸν
1258 324 1425 360 ἐπιστροφὴν
1449 322 1668 359 θριαμϐεύουσα·
1703 323 1802 358 Ἰωσήφ
1828 331 1858 348 τε
1889 331 1932 349 πι-

1146 370 1344 406 πρασκόμενος,
1356 369 1403 396 καὶ
1413 369 1559 405 ἐρώμενος,
1574 369 1622 395 xu‘t
1633 367 1789 403 σωφρονῶν,
1799 366 1846 393 καὶ
1857 368 1932 403 παρὰ

1147 416 1215 444 Θεοῦ
1242 415 1428 451 σοφιζόμενος,
1451 415 1498 442 καὶ
1520 414 1766 449 ὲλευθερούμενος,
1794 413 1841 440 καὶ
1860 413 1934 440 δυνα-

1148 461 1262 494 στεύων,
1284 462 1331 488 καὶ
1345 460 1487 487 σιτοδοτῶν
1503 459 1558 495 (42)
1581 460 1625 486 ἐπ’
1649 459 1789 494 οίκονομίᾳ.
1816 458 1932 493 μείζων

1147 507 1266 542 Μωῢσῆς
1281 507 1439 542 θεοφανείας
1459 506 1628 542 ἀξιούμενος,
1646 506 1693 532 καὶ
1708 504 1935 540 νομοθετούμενος

1147 554 1195 580 καὶ
1208 553 1370 588 νομοθετῶν,
1388 553 1435 579 καὶ
1450 553 1516 584 Θεὸς
1531 551 1631 587 Φαραὼ
1645 551 1795 587 γινόμενος,
1809 551 1856 577 καὶ
1867 550 1935 586 πρὸς

1143 599 1193 634 τὴν
1212 599 1264 635 γῆν
1284 599 1334 634 τῆς
1352 593 1518 633 ἐπαγγελίας
1536 598 1575 633 τῷ
1605 597 1714 634 Ἰσραὴλ
1736 597 1933 632 ἐξηγούμενοςσ

1144 644 1300 678 Αἰγυπτίων
1321 653 1352 671 τε
1368 644 1567 680 ἀριθμούμεναι
1591 644 1721 679 μάστιγες
1734 644 1800 679 (45),
1819 645 1866 671 καὶ
1881 653 1933 671 σω-

1142 690 1226 726 τηρία
1242 690 1296 717 τῶν
1312 690 1485 726 πονουμένων
1501 691 1530 716 ἐν
1558 690 1651 725 μέσοις
1674 691 1732 721 τοῖς
1757 690 1933 724 Αἰγυπτίοις·

1145 735 1268 763 θάλασσά
1288 745 1317 763 τε
1341 736 1520 772 ὑποχωροῦσα
1537 737 1627 771 ῥάϐδῳ
1640 736 1707 771 (44),
1735 736 1783 762 καὶ
1806 737 1934 763 συνιοῦσα

1145 781 1229 816 λόγῳ,
1255 782 1302 808 xul.
1319 782 1383 813 τοὺς
1408 782 1456 816 μὲν
1473 782 1510 813 ὡς
1527 781 1596 817 ξηρὰ
1621 781 1856 816 παραπέμπουσα,
1871 781 1934 812 τοὺς

1145 828 1174 854 δὲ
1189 827 1244 863 (45)
1261 828 1332 854 κατὰ
1343 828 1392 863 τὴν
1409 827 1489 862 φύσιν
1506 827 1605 862 ἑαυτῆς
1620 827 1793 863 ὲπιρῤέουσα.

308 875 384 907 item.
404 879 459 902 tum
475 875 508 902 ad
525 875 607 910 virgae
627 875 710 902 iclum
727 875 837 909 cedens,
853 880 909 902 tum
926 875 959 902 ad
975 881 1128 902 sermonem
1147 881 1253 902 rursutn
1276 875 1384 906 coieus;
1406 879 1486 907 atque
1502 873 1563 901 illos
1583 878 1661 901 terrae
1682 874 1708 900 in
1724 873 1831 900 modum
1847 877 1937 901 trans-

309 921 432 953 mittens,
452 921 500 948 hos
521 926 622 952 autem,
642 926 669 947 at
683 920 768 955 ipsius
792 926 889 947 natura
913 920 1026 953 ferebat,
1042 920 1177 947 inundans
1200 923 1280 953 atque
1297 919 1424 946 obrueus.
1441 919 1461 945 ⁵.

345 964 415 992 XIX.
436 965 550 1000 liliaque
566 966 655 992 omnia
671 973 730 999 qua:
749 965 807 992 luec
826 970 919 992 secuta
936 969 1015 998 sunt;
1048 965 1090 992 ni-

1176 964 1222 991 lB’.
1236 963 1326 991 Τᾶλλα
1337 973 1377 997 τε,
1392 964 1442 990 ὅσα
1455 963 1511 999 (46)
1524 963 1629 996 τούτοις
1646 965 1857 1002 ἐπηκολούθησε,
1872 964 1937 991 στύ-

309 1013 409 1040 mirum
434 1011 513 1039 nubis
538 1011 662 1039 columna
691 1011 809 1038 interdiu
831 1011 1007 1042 obumbrans.
1027 1009 1096 1045 ignis

310 1059 436 1091 columna
460 1062 540 1085 noctu
563 1056 734 1092 splendorem
760 1056 885 1090 allerens,
907 1063 987 1092 atque
1012 1057 1096 1084 amba:

310 1105 363 1131 iter
378 1106 616 1138 pra-monstrantes
629 1102 640 1117 '
656 1108 664 1128 :
683 1101 762 1135 panis
779 1102 804 1128 in
821 1102 928 1130 deserto
946 1102 1041 1136 pluviae
1056 1102 1095 1128 in-

310 1154 368 1178 star
380 1148 464 1182 fusus,
484 1148 630 1176 obsonium
644 1154 660 1174 e
674 1148 744 1175 caelo
768 1148 896 1181 missum;
923 1148 967 1175 ille
980 1148 1098 1175 necessi-

311 1195 360 1222 tati
375 1194 599 1229 correspondens,
627 1193 782 1223 hoc.etiam
808 1201 889 1229 supra
907 1194 1096 1221 necessitatem

310 1241 480 1276 impertitum
494 1241 504 1256 ⁸
521 1249 528 1268 :
558 1247 627 1275 aqua
642 1246 657 1266 e
674 1245 760 1274 petra,
770 1240 868 1274 partim
882 1246 1022 1272 emanans,
1036 1247 1098 1274 par—

313 1286 362 1314 tim
378 1286 500 1314 edulcata
513 1287 523 1302 "
540 1295 547 1313 :
563 1286 672 1313 Amalec
688 1293 736 1320 per
751 1286 903 1312 orationem
921 1291 1002 1318 atque
1019 1292 1096 1311 area-

311 1340 373 1360 mm
389 1338 417 1360 et
443 1333 584 1368 mysticam
607 1340 733 1360 mamutm
758 1332 869 1367 figuram
886 1331 973 1358 victus
995 1336 1020 1358 et
1037 1338 1098 1365 pro-

310 1379 418 1415 [ligatus
429 1379 451 1406 ⁸.
473 1380 519 1406 Sol
533 1385 619 1410 stans.
634 1385 659 1406 et
682 1379 743 1406 luna
774 1383 877 1404 retenta
891 1378 911 1408 ',
927 1382 954 1405 et
973 1376 1098 1404 Iordanis

311 1431 408 1451 cursus
436 1424 635 1456 intercisus“;
672 1424 743 1450 muri
773 1422 942 1450 sacerdotuut
971 1422 1096 1453 circuitu,

313 1476 346 1496 ac
363 1468 486 1495 tubarum
510 1468 648 1502 clangore,
672 1468 830 1502 numerique
846 1466 950 1494 viribus
975 1468 1096 1494 concussi

312 1517 395 1546 atque
411 1512 533 1539 subversi
552 1513 585 1538 “.
612 1512 696 1539 Terra
712 1516 740 1538 et
762 1511 862 1543 vellus,
886 1511 1007 1538 vicissim
1025 1519 1099 1538 com-

278 1567 281 1570 ·
314 1556 400 1591 pluta,
413 1561 441 1584 et
456 1557 527 1584 sicca
541 1557 708 1584 remanentis
724 1556 745 1572 ¹¹
759 1566 766 1583 :
785 1557 811 1583 in
828 1557 947 1583 crinibus
961 1557 1042 1583 situtu
1055 1565 1099 1583 τοι

312 1602 374 1635 bur,
391 1603 496 1637 integro
508 1602 641 1629 exercitui
667 1610 715 1636 par
730 1602 751 1617 ”
765 1611 771 1628 :
787 1602 863 1636 pauci
882 1601 978 1629 delecti
999 1602 1097 1629 milites

312 1647 474 1681 lambentes,
495 1649 540 1683 qui
565 1649 686 1675 victores
707 1647 764 1674 fore
791 1647 948 1680 creduntur,
970 1654 1002 1674 ac
1023 1647 1097 1681 juxta
1111 1641 1133 1669 (ἒ

312 1701 388 1729 spem
404 1695 437 1722 de
453 1702 482 1722 se
499 1699 658 1728 conceptam
686 1694 807 1727 vincunt,
826 1693 950 1727 exiguus,
975 1693 1096 1728 inquam,

313 1746 442 1767 munerus
456 1740 538 1766 multa
556 1739 693 1766 hominum
709 1738 791 1765 millia
809 1738 840 1765 “.
867 1738 934 1771 Quid
950 1743 1038 1765 autem
1056 1745 1098 1764 me

313 1785 403 1812 omnia
423 1785 561 1819 sigillatim
578 1791 739 1812 enumerare
763 1790 873 1810 necesse
895 1788 947 1815 est,
967 1791 1027 1818 quze
1050 1791 1097 1817 per

315 1829 453 1857 Christum
468 1829 567 1864 ipsum,
590 1828 738 1856 salutiferae
761 1828 911 1862 praesentiae
940 1835 995 1855 sua:
1017 1833 1097 1863 atque

313 1875 508 1903 incarnationis
520 1881 657 1910 tempore;
671 1882 731 1910 quae
747 1874 828 1902 etiam
845 1879 904 1908 p05t
920 1874 992 1901 illum
1007 1882 1038 1901 ac
1049 1882 1096 1909 per

1147 1009 1192 1041 λος
1207 1009 1320 1044 νεφέλης
1333 1009 1499 1042 ἐπισκιάζων
1512 1010 1628 1045 ἡμέρας,
1644 1010 1738 1042 στύλος
1751 1011 1836 1047 πυρὸς
1851 1011 1936 1045 φωτί-

1147 1055 1202 1087 ζων
1216 1055 1324 1087 νυκτὸς,
1342 1055 1389 1081 καὶ
1403 1055 1561 1090 ὁδηγοῦντες
1575 1056 1724 1091 ἀμφότεροι
1734 1065 1740 1070 -
1758 1056 1841 1093 ἄρτος
1855 1056 1937 1091 ὑόμε-

1146 1110 1191 1133 νος
1204 1102 1233 1128 ἐν
1250 1102 1356 1137 ἐρήμῳ,
1376 1101 1440 1136 ὄψον
1460 1101 1490 1133 ἐξ
1509 1101 1625 1136 οὐρανοῦ
1644 1102 1837 1137 πεμπόμενον·
1856 1103 1870 1128 ό
1885 1102 1937 1137 μὶν

1146 1149 1178 1183 τῇ
1205 1148 1283 1183 χρείᾳ
1308 1147 1475 1182 σύμμετρος,
1498 1147 1529 1173 τὸ
1551 1147 1585 1174 δὲ
1601 1148 1648 1174 καὶ
1667 1147 1737 1183 ὑπὲρ
1759 1148 1809 1183 τὴν
1827 1149 1936 1183 χρείαν·

1147 1194 1218 1229 ὕδωρ
1231 1195 1264 1220 ὲκ
1279 1193 1393 1228 πέτρας,
1406 1193 1435 1219 τὸ
1451 1193 1499 1228 μὲν
1514 1193 1694 1228 ὲκδιδόμενον,
1705 1193 1736 1219 τὸ
1752 1189 1780 1219 δὲ
1795 1193 1938 1227 γλυκαινό-

1149 1248 1227 1275 μενον
1238 1248 1244 1253 -
1262 1239 1384 1275 ’Δμαλὴκ
1395 1240 1461 1274 εὐχῇ
1476 1239 1759 1274 καταπλεμοὺμενος,
1776 1240 1823 1266 xu‘t
1836 1240 1937 1275 χειρῶν

1148 1285 1298 1321 ἀπορρήτῳ
1313 1285 1360 1311 καὶ
1377 1283 1500 1321 μυστικῷ
1518 1286 1639 1321 σχήματι
1654 1285 1710 1320 (47)
1720 1294 1727 1299 ·
1745 1286 1820 1320 ἥλιός
1832 1294 1862 1312 τε
1877 1286 1934 1321 (48)

1148 1331 1301 1366 ἱστάμενος,
1329 1331 1376 1357 καὶ
1398 1330 1495 1366 σελήνη
1523 1331 1706 1367 κατεχομένη,
1728 1332 1775 1358 xui.
1803 1332 1937 1368 Ἰορδάνης

1149 1377 1379 1412 ἀνακοπτόμενος·
1389 1377 1467 1411 τείχη
1484 1378 1682 1412 κατασειόμενα
1701 1377 1794 1413 ἱερέων
1809 1378 1936 1414 περιόδῳ,

1149 1423 1197 1449 καὶ
1212 1422 1367 1457 σαλπίγγων
1379 1423 1447 1458 ἤχῳ,
1461 1423 1507 1449 καὶ
1520 1422 1629 1458 ἀριθμῷ
1643 1423 1756 1458 δύναμιν
1771 1424 1859 1458 ἔχοντι
1868 1424 1935 1459 (49)·

1147 1468 1184 1503 γῆ
1201 1470 1248 1496 καὶ
1267 1470 1359 1500 πόκος,
1375 1469 1488 1500 ἐναλλὰξ
1505 1469 1606 1504 ὑόμενά
1619 1477 1648 1495 τε
1660 1470 1707 1495 καὶ
1727 1469 1830 1505 ἄϐροχα
1845 1470 1938 1505 διαμέ-

1147 1522 1226 1540 νοντα
1236 1523 1242 1528 ·
1259 1514 1374 1549 δύναμις
1393 1515 1421 1542 ὲν
1436 1515 1517 1550 Θριξὶ,
1532 1516 1661 1550 στρατιᾶς
1676 1515 1739 1549 ὅλης
1756 1515 1936 1550 ἀντίρῤοπος·

1147 1559 1259 1593 λογάδες
1280 1559 1365 1594 ὀλίγοι
1390 1560 1548 1592 λάπτοντες,
1571 1561 1616 1586 καὶ
1637 1562 1717 1596 νικᾷν
1739 1561 1937 1596 πιστευόμενοι,

1148 1605 1195 1631 καὶ
1208 1605 1350 1638 νικῶντες,
1364 1606 1434 1632 κατὰ
1441 1606 1490 1637 τὰς
1501 1606 1620 1637 ἐλπίδας,
1629 1607 1643 1632 ό
1651 1606 1873 1642 βραχὺςάριθμδς
1883 1606 1938 1641 (50)

1149 1650 1198 1682 τὰς
1213 1651 1339 1682 πλείονας
1355 1651 1487 1686 χιλιάδας.
1498 1652 1530 1678 Τί
1545 1660 1577 1687 με
1588 1652 1628 1678 δεῖ
1637 1652 1814 1687 καταριθμεῖν
1827 1652 1937 1683 ἕκαστα,

1151 1697 1201 1723 ὅσα
1215 1697 1248 1723 δι’
1262 1697 1344 1723 αὐτοῦ
1358 1697 1476 1733 Χριστοῦ
1493 1697 1548 1732 (51)
1563 1697 1634 1724 κατὰ
1648 1698 1697 1733 τὴν
1709 1699 1841 1733 σωτήριον
1856 1698 1937 1724 αὐτοῦ

1150 1741 1300 1777 παρουσίαν
1323 1742 1370 1768 καὶ
1390 1742 1538 1777 σάρκωσιν.
1563 1742 1612 1768 ὅσα
1635 1743 1693 1777 μετ’
1718 1743 1820 1769 ἐκεῖνόν
1839 1751 1869 1769 τε
1892 1743 1940 1770 xui.

1147 1787 1182 1813 δι’
1199 1787 1302 1813 ἐκείνου
1317 1789 1374 1819 τοῖς
1388 1788 1471 1823 ἱεροῖς
1485 1788 1644 1819 ἀποστόλοις
1661 1788 1755 1821 αὑτοῦ,
1772 1788 1819 1816 καὶ
1834 1789 1937 1824 ὑπηρέ-

1148 1841 1208 1864 ταις
1225 1833 1271 1860 τοῦ
1287 1834 1366 1868 λόγου
1384 1834 1673 1870 τεθαυματούργηται;
1692 1836 1777 1862 Πόσαι
1790 1835 1877 1862 ταῦτα
1893 1835 1940 1861 καὶ

1149 1877 1234 1912 βίϐλοι
1249 1879 1296 1905 καὶ
1315 1879 1421 1914 μνῆμαι
1435 1880 1564 1915 φέρουσις

315 1922 390 1950 illum
425 1929 440 1949 a
465 1921 646 1949 sacrosanctis
664 1921 748 1956 ipsius
781 1921 916 1955 Apostolis
947 1921 1076 1955 verbique
1103 1922 1234 1952 ministris
1269 1925 1382 1953 miriﬁce
1405 1931 1479 1960 gesta
1502 1926 1581 1953 sunt?
1604 1926 1674 1959 Quot
1697 1933 1728 1953 ea
1752 1925 1812 1952 libri
1835 1930 1862 1952 et
1881 1933 1936 1952 me-

315 1967 408 1995 moriae
423 1967 636 1994 circumferunt?

350 2012 412 2040 XX.
427 2013 472 2045 At,
487 2020 546 2047 quae
569 2020 644 2039 nunc
658 2013 824 2045 acciderunt,
850 2013 942 2044 venite,
960 2012 1060 2046 audite,
1077 2016 1102 2039 et

315 2060 442 2092 narrabo,
457 2067 544 2086 omnes
565 2059 611 2094 qui
634 2059 732 2086 timetis
747 2059 831 2086 Deum
847 2059 879 2085 ”.
895 2063 923 2085 ut
937 2058 1034 2085 divinat
1052 2065 1100 2093 po-

352 2141 375 2157 "
386 2141 454 2169 Gen.
470 2148 543 2173 ml,
562 2140 651 2167 10-15.
688 2140 711 2156 ’³
727 2140 795 2168 Gen.
811 2147 868 2172 xu,
886 2140 932 2172 24,
945 2140 990 2167 26.
1028 2140 1050 2156 θ’
1061 2140 1099 2167 Ge

1150 2139 1472 2173 xxxvu,‘28;xxxtx,8;
1502 2148 1557 2173 ut,
1585 2140 1615 2167 Η
1650 2147 1710 2174 sqq.

316 2177 345 2204 2.
383 2177 393 2192 ³
406 2177 489 2204 Exod.
507 2176 580 2207 “,2
591 2183 668 2209 seqq.
706 2176 715 2191 ³
731 2176 814 2202 Exod.
826 2175 895 2206 νιι,1
911 2181 937 2201 et
949 2183 1024 2209 seqq.

1190 2013 1222 2039 K’
1238 2012 1278 2039 Τὰ
1290 2013 1318 2040 δὲ
1333 2013 1364 2048 δὴ
1377 2013 1424 2040 νῦν
1440 2013 1506 2049 (5'2),
1522 2013 1620 2047 δεῦτε,
1635 2014 1786 2041 ἀκούσατε
1796 2034 1803 2047 ,
1824 2014 1873 2040 καὶ
1896 2013 1939 2039 δι-

1154 2059 1305 2095 ηγήσομαι
1322 2060 1388 2095 (55),
1415 2059 1526 2093 πάντες
1546 2062 1573 2087 ol
1587 2060 1765 2094 φοϐούμενοι
1779 2060 1832 2087 τὸν
1853 2059 1937 2091 Θεὸν,

1751 2141 1758 2154 ¹
1783 2140 1866 2167 Exod.
1895 2147 1936 2170 tu.

1062 2176 1073 2190 ⁵
1086 2176 1172 2203 Exod.
1188 2183 1242 2208 xtv,
1268 2176 1314 2208 21,
1333 2175 1378 2202 27.
1416 2176 1426 2190 ‘
1446 2176 1529 2202 Exod.
1549 2182 1609 2207 ιιιιι,
1624 2175 1668 2202 2|.
1708 2174 1718 2189 ‘
1732 2174 1799 2202 Gen.
1821 2183 1876 2206 xw,
1892 2174 1937 2201 Η.

316 2210 422 2239 ’Exod.
439 2211 603 2244 xvn,6;n.
615 2211 659 2237 25.
697 2210 708 2226 ⁸
724 2210 807 2237 Exod.
819 2218 884 2242 xvn,
900 2210 942 2237 ll.
981 2211 992 2226 ⁹
1003 2210 1085 2237 .losue

1148 2232 1150 2239 .
1169 2209 1212 2237 12.
1252 2210 1273 2226 ¹⁰
1291 2210 1372 2238 Josue
1393 2218 1434 2244 ιιι,
1454 2210 1498 2237 15.
1538 2210 1558 2226 ¹¹
1578 2209 1658 2237 Josue
1671 2217 1708 2242 rt,
1724 2210 1751 2236 6.
1790 2209 1883 2237 “Jud.
1900 2217 1937 2240 vt.

317 2247 362 2274 37.
401 2246 423 2262 ¹³
438 2246 500 2273 .lutl.
516 2254 570 2278 xw,
583 2246 627 2273 Π.
667 2245 689 2261 ¹⁸
702 2245 763 2273 .Iud.
778 2253 826 2277 vn,
848 2245 875 2272 5.
914 2245 936 2261 ¹⁵
946 2245 1019 2273 Psal.
1033 2253 1094 2278 va,
1116 2246 1160 2273 16.

353 2324 410 2360 (39)
428 2324 503 2358 Πυρὶ
516 2323 565 2360 καὶ
579 2323 655 2360 θείῳ,
673 2332 684 2349 ι
695 2323 758 2359 Igne
771 2327 799 2350 et
815 2323 968 2360 sulphurea
985 2323 1080 2360 Billius
1089 2332 1096 2350 :

1187 2323 1244 2360 (ts)
1266 2310 1338 2360 Τοὺς
1359 2322 1403 2351 δέ.
1427 2322 1494 2360 Reg.
1509 2323 1527 2350 b
1541 2330 1569 2360 ει
1584 2323 1701 2351 Montac.
1715 2325 1772 2355 τοῖς
1785 2323 1824 2350 δέ.

321 2357 492 2393 «sulphureo
515 2359 584 2393 igne.
599 2368 608 2384 ι
632 2357 730 2386 Verum
754 2366 814 2385 cum
848 2358 996 2393 Gregorius
1021 2359 1098 2386 Scri-

319 2399 405 2430 ptum
425 2395 505 2421 verba
528 2394 652 2430 religiose
674 2394 834 2426 servaverit,
851 2394 908 2421 base
934 2394 1025 2421 itidem
1041 2401 1099 2421 ser-

318 2429 385 2457 vare
401 2429 693 2462 debuisset-interpres.

355 2464 410 2500 (40)
429 2463 714 2491 Κατακλυσθέντων.
737 2473 747 2489 ‹
761 2463 843 2497 Quasi
865 2464 966 2491 diluvio
989 2463 1100 2491 obruto-

318 2508 389 2529 rum.
403 2508 413 2526 ι

355 2535 412 2571 (41)
430 2533 545 2567 Κλοπή.
560 2533 665 2571 Clarius
680 2533 779 2571 iuNElia
796 2533 898 2571 Billius,
908 2543 918 2559 ‹
931 2533 1098 2571 ευβάιιοιίο.ι

317 2568 510 2602 ιοιιιῖιιειιιρο
523 2576 554 2596 ac
567 2569 627 2603 ejus
641 2569 760 2602 familiar,
773 2569 820 2603 qui
833 2577 882 2604 per
894 2568 1004 2604 angelos
1024 2570 1100 2603 quasi

318 2607 410 2633 lurtim
429 2605 518 2631 educti
535 2609 607 2631 sunt.

355 2640 410 2676 (42)
429 2639 485 2666 Καὶ
510 2637 681 2665 σιτοδοτῶν.
712 2647 721 2663 t
736 2638 881 2666 Frumenta
909 2645 1101 2673 annonamque

319 2677 504 2703 distr‘ihueret.
518 2684 528 2700 ι

354 2711 409 2746 (45)
435 2709 651 2746 Ἀριθμούμεναγι
672 2708 826 2743 μάστιγες.
853 2707 1001 2746 «Λϐειοίπίει
1017 2708 1103 2743 Egy-

341 2742 438 2772 tiorum
461 2742 575 2779 llag'ella.
588 2754 597 2770 ›
618 2745 664 2771 Sic
679 2749 749 2770 orat.
764 2742 805 2774 tu,
823 2752 849 2770 n.
863 2742 890 2774 6.
905 2751 981 2770 suam
993 2742 1101 2779 parvam

343 2781 478 2807 ethlehcm
495 2779 622 2815 roppouit
648 2780 707 2811 ταῖς
729 2779 944 2815 ἀριθμουμέναις
974 2778 1028 2804 τῶν
1051 2779 1102 2804 πό-

321 2814 399 2847 λεων,
415 2823 425 2840 ‹
437 2814 516 2841 claris
530 2815 652 2841 urbibus.
663 2823 672 2839 ι

356 2850 412 2883 (44)
437 2849 644 2883 Ὑποχωροῦσα
654 2847 764 2882 ῥάϐδῳ.
783 2858 792 2874 ι
806 2849 893 2883 Virga:
903 2850 1027 2877 cedensu
1043 2847 1100 2876 Non

321 2884 417 2920 legitur
432 2892 446 2911 ιι
462 2884 551 2919 Moyse
566 2886 640 2918 virga
657 2891 732 2912 mare
748 2892 916 2919 percussum.

1189 2359 1243 2394 (46)
1267 2358 1365 2385 Τᾶλλα
1386 2366 1418 2385 τε
1444 2357 1512 2385 ὅσα.
1542 2359 1665 2393 Plerique
1691 2360 1769 2386 codd.
1788 2365 1815 2386 et
1835 2358 1903 2394 Reg.
1919 2358 1938 2389 l.

1152 2393 1238 2421 τᾶλλαζ
1250 2394 1271 2420 δ’
1284 2394 1343 2420 ὅσα.
1503 2401 1513 2406 ε

1190 2429 1246 2464 (47)
1265 2428 1409 2461 Μυστικῷ
1425 2428 1565 2463 σχήματι.
1583 2428 1645 2455 Par.
1667 2433 1695 2455 et
1710 2428 1826 2456 Moutac.
1845 2429 1872 2455 in
1894 2437 1938 2456 no-

1155 2465 1191 2492 tis
1217 2466 1251 2491 de
1267 2465 1357 2490 crucis
1373 2465 1448 2498 signo
1464 2464 1688 2497 interpretantur.

1191 2499 1247 2535 (48)
1268 2499 1371 2531 Ἢλιός
1393 2506 1436 2525 τε.
1469 2498 1521 2525 Sic-
1541 2499 1634 2533 scripti
1654 2498 1728 2526 libri.
1759 2498 1840 2526 Deest
1862 2506 1892 2524 τε
1913 2499 1939 2524 iu

1156 2534 1247 2604 Pagi-9)
1272 2568 1391 2603 Ἀριθμῷ
1406 2568 1535 2602 δύναμιν
1554 2567 1665 2602 ἔχοντι.
1685 2568 1806 2595 Combef.
1823 2577 1833 2594 ι
1846 2567 1935 2602 Septe-

1157 2606 1233 2631 nario
1250 2605 1376 2630 nimirum
1398 2611 1430 2630 ac
1447 2604 1569 2638 mysticae
1596 2604 1818 2638 signiﬁcationis,
1839 2611 1871 2630 ex
1889 2610 1938 2636 qua

1156 2639 1193 2666 illi
1211 2640 1252 2666 vis
1267 2639 1364 2665 inerat.
1376 2647 1385 2664 ι
1418 2660 1420 2663 ,

1191 2674 1247 2709 (50)
1272 2674 1302 2699 ’0
1315 2673 1434 2708 ,βραχὺς
1449 2673 1583 2708 ἀριθμός.
1599 2673 1675 2701 Coll).
1689 2673 1718 2706 ις,
1733 2673 1764 2699 οὺ
1786 2673 1869 2704 πολὺς
1881 2672 1941 2707 ἀρι-

1156 2709 1248 2782 9Piiii)
1267 2743 1307 2770 Δι’
1331 2743 1424 2770 αὑτοῦ
1444 2743 1584 2778 Χριστοῦ.
1599 2743 1717 2771 Montac.
1740 2742 1784 2769 διὰ
1808 2742 1856 2769 τοῦ
1875 2742 1942 2778 Χρι-

1156 2787 1247 2848 “(iis
1270 2814 1307 2840 Τὰ
1323 2813 1356 2840 δὲ
1372 2812 1421 2846 δή.
1439 2813 1523 2849 ιιεεε.
1537 2821 1562 2845 a,
1578 2815 1606 2846 (ι,
1617 2813 1711 2840 Ταῦτα
1725 2813 1753 2839 δὲ
1765 2813 1808 2848 δη.

1192 2847 1248 2883 (55)
1267 2849 1460 2884 Διηγήσομαι.
1484 2847 1598 2876 Ἀύάιιιιι
1637 2849 1701 2875 editi
1720 2855 1841 2884 ronmes,
1867 2847 1940 2883 ὑμῖν.

1157 2883 1238 2912 Deest
1257 2889 1345 2912 tamen
1367 2885 1393 2911 iu
1411 2884 1537 2912 omnibus
1554 2891 1622 2918 pene
1640 2883 1789 2911 codicibus.
