2071 3133
200 179 252 207 519

691 177 820 206 ORATIO
839 178 885 207 IV.
906 193 939 199 -—-
958 176 1097 206 CONTRA
1115 176 1289 205 JULIANUM
1308 176 1330 203 ῐ.
1768 173 1820 202 550

199 235 273 266 ὅπως
291 234 325 261 ἂν
347 234 404 270 γνῷ
432 235 512 269 γενεά
534 235 624 271 ἑτέρα,
653 237 700 263 καὶ
729 236 846 271 διαδοχαὶ
878 236 987 271 γενεῶν,

1042 235 1131 263 lentiae
1158 235 1285 262 miracula
1304 240 1449 270 cognoscat
1471 234 1609 271 generatio
1634 233 1716 260 altera
1736 233 1768 265 η,
1793 237 1821 260 ct

201 281 251 314 τῆς
271 281 317 307 τοῦ
337 281 404 308 Θεοῦ
421 282 578 314 δυναστείας
595 283 627 309 τὰ
644 282 780 318 Θαύματα.
802 283 878 310 Ἐπεὶ
892 283 920 309 δὲ
936 284 986 318 οὐχ

201 324 257 352 οἷόν
280 335 309 352 τε
330 326 418 353 ταῦτα
438 327 568 362 δηλῶσαι,
586 328 622 363 μὴ
639 328 669 354 τὸ
691 328 738 355 τοῦ
755 328 877 355 κινδύνου
898 337 987 365 παρα-

203 372 353 407 στήσαντας
368 371 498 406 μέγεθος”
516 372 595 399 τοῦτο
606 373 636 399 δὲ
650 374 698 408 οὺχ
711 371 765 400 οἶόν
778 382 818 404 τε,
837 373 874 409 μὴ
892 373 921 399 τὸ
939 372 986 399 τοῦ

202 416 301 452 τρόπου
324 416 458 451 κακόηθες
478 417 676 451 διελέγξαντας,
699 418 746 444 καὶ
762 417 792 450 ἐξ
811 419 874 444 οἵων
896 418 987 453 ἀρχῶν

201 461 249 488 καὶ
269 461 319 496 τῆς
341 461 441 493 κακίας
465 462 629 497 σπερμάτων
643 463 689 488 ἐπὶ
708 463 756 498 τὴν
779 463 987 498 κακοδαιμονίαν

202 507 546 543 τοσαύτηνεξέπεσεματὰ
556 509 653 543 μικρὸν
663 508 769 544 (54)τὴν
784 508 909 535 ἀσέϐειαν
924 517 986 536 συν·

201 553 331 588 αυξήσας,
352 552 446 589 ὥσπερ
464 553 510 580 τὸν
530 553 568 580 Iov
589 553 644 580 τῶν
661 554 783 589 ἑρπετῶν
803 555 918 582 καὶτῶν
940 555 988 590 οη-

204 597 268 633 ρίων
278 599 326 624 ὅσα
338 598 500 633 πικρότατα,
512 599 600 626 πάντα
617 599 665 635 μὲν
678 598 724 626 οὖν
736 600 791 635 (55)
807 601 987 636 ὲκτραγῳδείν

201 642 237 668 τὰ
251 643 354 670 ἐκείνου
368 643 467 678 βίϐλοις
486 645 533 670 καὶ
550 645 680 680 ἱστορίαις
694 646 870 681 παρήσομεν·
886 646 917 672 οὐ
934 646 988 682 γὰρ

203 689 268 723 ἡμῖν
282 697 314 722 γε
335 688 416 724 σχολὴ
445 689 600 724 μακρότερα
615 690 665 724 τῆς
679 690 821 725 παρούσης
834 690 988 722 ὑποθέσεως

203 733 349 769 ῥαψῳδεῖν·
365 734 442 760 αὐτοὶ
455 734 483 760 δὲ
499 734 577 768 ὀλίγα
589 735 622 761 ὲκ
633 735 738 762 πολλῶν
752 735 910 767 διελθόντες,
928 744 988 771 στη-

203 777 350 813 λογραφίαν
366 778 460 814 ὥσπερ
475 779 536 806 τινὰ
551 781 606 811 τοῖς
625 779 683 814 μεθ’
701 781 773 816 ἡμᾶς
788 780 987 816 καταλείψομεν

203 823 250 850 ἐπὶ
267 823 301 850 τὰ
315 823 470 859 κυριώτατα
492 825 538 850 καὶ
556 825 838 862 περιφανέστατα(56)
855 826 908 853 τῶν
926 827 986 853 κατ’

202 870 306 897 ἐκεῖνον
319 870 357 906 τῷ
373 870 444 906 λόγῳ
457 872 640 906 χωρήσαντες.

237 961 302 988 KA’.
326 961 441 992 Ἐκεῖνος
459 959 487 986 ἒν
513 960 562 995 μὲν
585 961 632 987 καὶ
656 961 763 996 πρῶτον
776 961 842 997 (57),
865 961 918 988 ὑπὸ
940 961 988 988 τοῦ

204 1006 320 1040 μεγάλου
341 1006 529 1033 Κωνσταντίου
545 1006 650 1039 σωθεὶς,
663 1006 724 1042 ἄρτι
740 1007 815 1043 παρὰ
827 1007 873 1034 τοῦ
887 1007 988 1043 πατρὸς

201 1052 390 1087 διαδεξαμένου
404 1052 434 1078 τὸ
447 1053 547 1088 κράτος
569 1052 661 1088 (ἡνίκα
683 1053 713 1079 τὸ
733 1053 925 1088 στρατιωτικὸν
946 1052 990 1086 ὲξ-

199 1097 326 1132 ωπλίσθη
338 1097 409 1124 κατὰ
422 1098 476 1124 τῶν
487 1098 610 1133 ὲνμτέλει,
626 1100 801 1134 xum/010p.an
814 1099 889 1134 φόϐῳ
900 1108 990 1126 καινο-

202 1142 309 1177 τομίας,
325 1143 371 1169 καὶ
392 1143 435 1169 διὰ
457 1143 524 1170 νέων
548 1143 707 1178 προστατῶν
728 1144 874 1172 καθίστατο
891 1145 925 1172 τὰ
942 1146 990 1181 βα-

204 1189 313 1224 σίλεια)
328 1189 374 1215 καὶ
387 1189 482 1221 σωθείς
495 1198 526 1224 γε
542 1190 596 1225 (53)
618 1191 665 1217 σὺν
680 1190 718 1226 τῷ
732 1190 837 1226 ἀδελφῷ
853 1192 990 1228 σωτηρίαν

199 1234 314 1261 ἄπιστον
330 1235 376 1261 καὶ
392 1235 552 1270 παράδοξον,
572 1236 633 1262 οὔτε
647 1236 685 1271 τῷ
700 1236 758 1271 Θεῷ
770 1237 849 1272 χάριν
867 1237 928 1272 ἔσχε
941 1239 990 1273 τῆς

205 1282 348 1317 σωτηρίας,
365 1280 425 1308 οὕτε
440 1282 479 1317 τῷ
498 1282 612 1316 βασιλεῖ,
628 1282 661 1308 δι’
671 1280 702 1310 οὗ
724 1283 857 1310 σέσωστο·
871 1284 927 1310 ἀλλ’
941 1284 991 1319 ἀμ-

203 1327 326 1362 φοτέροις
340 1327 417 1363 ὤφθη
435 1329 529 1362 κακὸς,
552 1327 591 1362 τῷ
615 1328 664 1363 μὲν
685 1330 853 1357 ἀποστασίαν
875 1330 988 1362 ὠδίνων,

203 1372 243 1408 σῷ
259 1373 287 1399 δὲ
302 1374 494 1402 ἐπανάστασιν.

239 1506 302 1534 KB’.
323 1509 354 1535 Ὃ
367 1508 394 1534 δέ
409 1517 454 1542 μοι
474 1508 526 1544 πρὸ
538 1508 640 1536 τούτων
656 1509 711 1545 (59)
731 1510 816 1536 εἰπεῖν
832 1510 989 1543 ἀναγκαῖον,

199 1551 308 1589 διαίτης
323 1554 372 1589 μὲν
385 1554 431 1580 καὶ
442 1554 590 1591 θεραπείας
603 1555 630 1582 ἐν
647 1564 698 1582 τινι
713 1556 767 1581 τῶν
781 1555 926 1590 βασιλικῶν
936 1555 990 1590 (60)

204 1599 308 1634 χωρίων
322 1599 444 1634 ἠξιοῦντο
457 1599 599 1636 βασιλικῆς
615 1601 690 1637 παρὰ
705 1601 752 1627 τοῦ
767 1601 990 1637 φιλανθρωποτάο

200 1652 250 1670 ’του
271 1644 412 1679 βασιλέως,
433 1645 470 1677 ὼς
492 1646 539 1673 τοῦ
561 1647 655 1681 γένους
676 1646 789 1682 λείψανα
809 1648 842 1683 τῇ
868 1647 991 1683 βασιλείᾳ

202 1690 380 1726 τηρούμενοι·
405 1692 473 1726 ὁμοῦ
495 1693 543 1728 μὲν
571 1693 717 1728 ἀπολογίαν
742 1694 911 1726 ἐπινοοῦντος
935 1694 990 1721 τῶν

204 1736 434 1772 νεωτερισθὲντων
450 1739 478 1765 ὲν
495 1739 565 1775 ἀρχῇ
588 1741 637 1775 τῆς
660 1740 807 1774 βασιλείας,
828 1739 866 1771 ὡς
882 1740 912 1765 οὐ
931 1740 990 1766 κατ’

205 1781 309 1807 ἐκείνου
323 1782 435 1819 γνώμην
455 1785 663 1820 τετολμημένων
673 1794 680 1801 ·
703 1785 771 1821 ὁμοῦ
787 1786 815 1812 δὲ
829 1785 875 1812 καὶ
893 1785 922 1811 τὸ
944 1794 993 1820 με-

206 1827 357 1864 γαλόψυχον
378 1830 559 1862 ἐπιδείξασθαι
588 1831 732 1866 ζητοῦντος
754 1832 786 1867 τῇ
804 1831 930 1866 κοινωνίᾳ
943 1831 992 1866 τῆς

203 1874 359 1908 βασιλείας·
383 1876 428 1902 καί¹
453 1876 554 1911 τρίτον,
578 1877 628 1912 τὴν
655 1877 742 1914 ἀρχὴν
768 1877 991 1913 καταστήσασθαι

204 1920 265 1951 ταῖς
281 1920 447 1957 προσθήκαις
468 1922 652 1958 βεϐαιοτέραν,
674 1924 742 1959 ὅπερ
757 1921 790 1959 ἦν
805 1923 859 1959 (6i)
873 1923 992 1950 διανοου-

207 1963 288 1998 μένου
313 1965 476 2001 ,ρηστότερα
490 1966 506 2001 ἢ
523 1966 674 2003 σοφώτερα.

240 2098 303 2125 Kl".
320 2099 397 2125 Ἐπεὶ
418 2098 446 2125 δὲ
465 2096 531 2134 ἦγον
551 2099 605 2126 ἀπὸ
627 2099 736 2126 πάντων
747 2099 803 2135 (62)
822 2100 928 2136 σχολὴν,
944 2100 993 2136 τῆς

242 2167 264 2183 ’⁸
280 2167 350 2195 Psal.
368 2175 471 2201 Lxxvn,
485 2167 511 2196 6.

1037 281 1240 315 generationum
1270 280 1466 307 successiones.
1495 279 1628 313 Quoniam
1659 283 1748 305 autem
1769 285 1818 311 ea,

1039 326 1088 353 nisi
1108 326 1218 360 periculi
1246 326 1430 361 magnitudine
1456 325 1528 353 velut
1546 325 1580 352 ob
1609 323 1702 351 oculos
1723 325 1820 358 posita,

1038 372 1169 399 declarari
1184 373 1239 408 87
1253 377 1407 407 nequeunt;
1428 373 1480 399 hoc
1495 379 1559 398 vero
1583 371 1641 397 ﬁeri
1657 377 1710 397 non
1723 374 1821 404 potest,

1037 417 1090 444 nisi
1106 425 1209 444 morum
1225 418 1300 445 istius
1312 418 1471 452 pravitatem
1482 417 1692 449 ostenderimus,
1709 416 1809 451 quibus

1037 470 1089 497 que
1117 470 1150 490 ex
1166 463 1317 498 principiis,
1336 463 1447 498 vitiique
1469 463 1628 495 seminibus,
1645 462 1671 488 in
1690 461 1822 496 perditam

1038 508 1108 535 hanc
1122 513 1150 535 et
1166 508 1334 544 profligatum
1351 509 1494 536 amentiam
1509 508 1651 543 prolapsus
1667 507 1758 539 fuerit,
1774 507 1821 534 im-

1038 553 1164 588 pietatem
1183 562 1270 587 suam,
1285 563 1337 582 non
1355 562 1432 582 secus
1450 562 1481 581 ac
1493 554 1633 581 saevissimi
1649 554 1750 588 quique
1763 560 1819 579 ser-

1039 604 1133 633 pentes
1155 604 1182 626 et
1205 600 1269 627 ferat,
1293 608 1437 632 venenum,
1459 600 1589 635 paulatim
1604 606 1717 632 augens.
1733 599 1822 624 omnia

1038 644 1145 677 quidem
1159 644 1230 671 illius
1245 644 1347 672 scelera
1361 645 1472 680 tragicis
1486 644 1575 671 verbis
1589 643 1774 678 exaggeranda
1789 642 1822 668 ad

1039 689 1123 717 libros
1137 690 1318 725 historiasque
1339 692 1506 718 remittemus
1523 698 1530 722 ;
1548 697 1634 723 neque
1659 689 1730 715 enim
1747 688 1821 715 nobis

1038 740 1117 763 vacat
1132 735 1238 772 longius
1254 745 1335 771 quam
1355 737 1495 772 prtesentis
1514 736 1630 764 instituti
1646 735 1716 762 ratio
1743 734 1821 767 ferat,

1038 788 1189 808 sermonem
1197 782 1358 816 producere;
1372 782 1421 816 ipsi
1433 787 1521 809 autem
1531 789 1615 816 pauca
1625 788 1640 807 e
1650 780 1739 807 multis
1747 788 1817 807 com-

1040 832 1232 860 memorantes,
1251 827 1329 862 quasi
1356 827 1383 854 iu
1408 826 1531 854 columna
1555 826 1713 860 insculptam
1739 825 1822 859 ipsius

1039 873 1216 907 ignominiam
1234 872 1349 906 posteris
1375 872 1566 906 relinquemus.
1583 871 1617 898 ad
1633 870 1766 905 prtecipua
1791 869 1822 896 il-

1003 909 1024 937 Β
1039 917 1091 944 lius
1107 917 1302 951 notissimaque
1318 916 1416 951 ﬂagitia
1439 922 1590 942 sermonem
1605 914 1785 941 conferentes.

1074 962 1145 991 XXI.
1175 964 1262 991 Unmn
1279 963 1362 998 igitur
1379 967 1406 989 et
1421 962 1546 996 princeps
1569 960 1639 988 illius
1655 959 1760 987 facinus
1774 959 1822 985 hoc

1040 1014 1091 1042 est,
1107 1009 1177 1043 quod
1193 1016 1208 1036 a
1222 1016 1319 1044 magno
1343 1008 1517 1040 Constantio,
1533 1006 1578 1042 qui
1595 1005 1664 1041 patri
1688 1011 1771 1040 nuper
1796 1004 1822 1030 iu

1041 1055 1154 1089 imperio
1167 1058 1347 1086 successerat,
1362 1053 1476 1080 salutem
1493 1056 1655 1080 consecutus
1676 1049 1742 1085 (tum
1770 1049 1818 1075 sci-

1040 1099 1115 1131 licet,
1131 1107 1192 1127 cum
1209 1100 1356 1132 exercitus,
1374 1107 1463 1126 rerum
1480 1105 1608 1125 novarum
1625 1101 1696 1123 metu
1714 1102 1757 1122 res
1773 1102 1823 1121 uo-

1040 1152 1088 1171 vas
1103 1145 1230 1176 moliens.
1246 1145 1373 1172 adversus
1391 1150 1515 1179 proceres
1541 1150 1617 1170 arma
1632 1142 1712 1176 cepit,
1731 1148 1762 1167 ac
1778 1147 1823 1174 per

1042 1198 1125 1217 novos
1157 1190 1298 1225 praafecms
1327 1191 1421 1218 aulicae
1446 1199 1490 1218 res
1512 1187 1774 1223 constituebantur);
1798 1192 1823 1213 et

1041 1236 1146 1271 quidem
1157 1237 1269 1264 salutem
1282 1237 1445 1270 inopinatam
1459 1241 1486 1263 ct
1501 1235 1685 1264 incredibilem
1701 1241 1761 1261 cum
1771 1233 1816 1259 fra-

1042 1288 1081 1310 tre
1098 1289 1273 1314 conseculus,
1288 1291 1337 1310 nec
1352 1282 1404 1310 Deo
1415 1284 1449 1309 ob
1461 1282 1586 1313 salutem,
1597 1288 1646 1308 nec
1657 1279 1823 1314 imperatori.

1042 1336 1090 1363 per
1106 1335 1186 1363 quem
1203 1327 1315 1355 salutem
1337 1332 1488 1362 acceperat,
1505 1326 1619 1362 gratiam
1645 1325 1740 1352 habuit
1757 1336 1763 1352 :
1780 1331 1812 1350 ve

1042 1381 1100 1400 rum
1115 1373 1220 1408 utrique
1240 1380 1354 1408 nequam
1372 1378 1397 1400 et
1426 1372 1575 1407 improbum
1593 1378 1622 1398 se
1649 1370 1775 1405 praebuit,
1789 1368 1824 1396 illi

1042 1419 1168 1446 aiinirum
1196 1420 1397 1452 defectionem,
1429 1419 1491 1446 huic
1514 1417 1700 1447 ,rebellionem
1735 1421 1814 1452 partu

1042 1465 1124 1492 ricns.

1078 1510 1158 1538 XXII.
1178 1510 1253 1544 Quod
1270 1511 1368 1538 autem
1382 1512 1536 1540 necessario
1551 1511 1618 1538 mihi
1643 1509 1719 1545 prius
1747 1515 1824 1543 expo-

1044 1557 1159 1582 nendum
1175 1560 1227 1587 est,
1252 1555 1471 1590 splendidissimo
1484 1556 1591 1591 quidem
1607 1555 1678 1582 victu
1701 1553 1825 1588 cultuque

1044 1601 1070 1628 in
1088 1602 1261 1636 imperatoria
1276 1603 1394 1636 quadam
1422 1603 1501 1630 domo
1517 1603 1550 1629 ab
1567 1601 1761 1629 humanissimo
1775 1600 1810 1626 im

1044 1653 1169 1683 peratore
1183 1647 1255 1682 digni
1272 1648 1452 1681 habebantur,
1462 1656 1494 1675 ac
1509 1647 1582 1675 velut
1593 1647 1699 1682 generis
1709 1645 1828 1680 reliquiae

1044 1693 1077 1719 ad
1096 1693 1237 1726 imperium
1251 1694 1438 1720 servabantur.
1456 1693 1482 1720 Id
1499 1698 1587 1720 autem
1599 1700 1630 1719 ea
1643 1696 1732 1719 tuente
1745 1691 1828 1718 facie-

1044 1738 1102 1770 bat,
1119 1738 1233 1771 primum
1251 1742 1278 1764 ut
1294 1746 1323 1765 se
1340 1740 1373 1766 de
1390 1740 1422 1765 iis
1440 1739 1521 1766 rebus
1541 1747 1600 1773 quae
1620 1739 1646 1765 in
1665 1738 1769 1772 imperii
1786 1738 1826 1765 sui

1042 1784 1168 1817 auspiciis
1186 1784 1332 1817 designata:
1357 1785 1475 1817 fuerant,
1493 1791 1631 1820 purgaret,
1646 1790 1772 1820 tanquam
1794 1784 1828 1812 de

1043 1827 1128 1862 ipsius
1155 1829 1268 1856 consilio
1285 1837 1316 1856 ac
1343 1830 1480 1858 voluntate
1499 1830 1707 1865 haudquaquam
1731 1837 1827 1865 perpe-

1042 1875 1121 1902 tratis
1138 1884 1145 1908 ;
1167 1875 1262 1903 deinde
1282 1882 1311 1902 ut
1336 1883 1383 1904 eos
1397 1877 1430 1904 ad
1450 1876 1554 1910 imperii
1579 1877 1735 1904 societatem
1759 1875 1829 1903 asci-

1045 1922 1143 1948 scendo
1157 1921 1351 1956 magnitudinis
1366 1923 1448 1949 animi
1464 1927 1652 1957 argumentum
1670 1922 1801 1956 pracberet
1818 1929 1825 1954 ;

1046 1972 1192 2002 postremo,
1206 1973 1235 1995 ut
1249 1969 1432 2003 principatum
1460 1969 1503 1996 his
1529 1968 1702 1996 incrementis
1727 1968 1828 1995 firmio-

1044 2020 1100 2039 rem
1113 2013 1236 2040 redderet
1251 2022 1257 2040 :
1273 2014 1344 2048 quod
1357 2014 1465 2048 quidem
1486 2014 1605 2042 hominis
1630 2018 1689 2042 erat
1713 2013 1828 2049 benigne

1044 2058 1130 2092 magis
1149 2066 1228 2093 quam
1246 2059 1382 2093 sapienter
1398 2060 1550 2094 cogitantis.

1079 2103 1173 2131 XXIII.
1204 2103 1270 2131 Cum
1298 2110 1386 2132 autem
1405 2105 1477 2132 omni
1492 2105 1598 2140 negotio
1617 2108 1754 2137 vacarent,
1772 2108 1827 2131 tum

242 2224 298 2261 (δι)
318 2225 397 2262 κατὰ
418 2227 541 2262 μικρόν·ἒ
551 2226 617 2260 Reg.
639 2227 768 2262 bonam.
792 2227 864 2253 κατὰ
881 2227 987 2262 μικρόν.

1040 2233 1133 2262 βου-ογ
1142 2224 1266 2262 Julianus
1281 2225 1307 2252 in
1327 2225 1422 2259 primis
1434 2233 1511 2262 Acura
1534 2226 1615 2254 Marci
1631 2226 1775 2258 Arethusi,
1794 2227 1828 2255 de

205 2297 228 2324 φ
243 2259 299 2295 (55)
319 2261 419 2287 Πάντα
432 2261 490 2295 μὲν
506 2259 572 2289 οὖν.
596 2263 634 2288 Ita
659 2261 734 2288 Colb.
748 2261 775 2289 k.
792 2263 871 2289 Deest
881 2259 941 2295 οὖν,
962 2263 988 2289 in

231 2305 268 2323 ar.

231 2305 268 2323 ar.

242 2331 297 2367 (56)
316 2331 570 2367 Περιφαζέστατα.
592 2340 601 2357 ι
613 2330 771 2363 Notissima,
796 2331 987 2365 famosissima,

208 2365 389 2393 atrocissima.
404 2375 413 2391 ι
431 2365 536 2396 ΒιΙΙίιιε.
559 2375 569 2391 ‹
582 2367 757 2393 nobilissima.
772 2376 781 2392 ι
800 2367 886 2393 Minus
903 2373 986 2398 recte.

205 2409 267 2437 cum
285 2401 327 2427 hic
349 2405 443 2434 agatur
462 2401 494 2429 de
515 2401 623 2437 ﬂagitiis
642 2402 702 2433 viri,
723 2402 768 2436 qui
794 2402 860 2428 nihil
878 2402 987 2437 dignum

206 2436 285 2463 laude
299 2436 391 2470 gessit.

243 2470 298 2506 (Si)
323 2470 454 2503 Ἐκεῖνος
473 2470 509 2497 ἓν
528 2471 586 2505 μὲν
604 2470 653 2497 καὶ
673 2470 799 2504 πρῶτον.
821 2471 866 2498 Sic
891 2479 988 2505 magno

204 2513 338 2533 consensu
357 2507 483 2532 codices:
503 2516 511 2531 ι
528 2507 592 2541 Ille,
605 2507 675 2539 quod
698 2506 805 2540 quidem
826 2514 906 2534 unutn
932 2507 988 2541 pri-

208 2548 333 2574 muinque
349 2547 410 2576 cst,
433 2548 448 2566 a
465 2549 562 2576 magno
580 2540 736 2569 COIIstanlio
759 2546 893 2569 servatus.
905 2551 914 2568 ι
934 2540 987 2569 Sa~

205 2575 253 2602 vil.
271 2575 333 2608 legit
346 2575 446 2601 ἐκεῖνο.

243 2609 298 2644 (58)
317 2610 372 2636 Καὶ
395 2610 502 2643 σωθείς
521 2619 564 2645 γε.
581 2611 638 2644 Οιιο
663 2615 791 2644 tempore,
818 2618 889 2638 anno
911 2611 987 2638 vidc-

207 2645 275 2680 Iicetr
288 2644 354 2680 558,
368 2647 454 2672 caedes
469 2645 618 2680 principum
632 2645 860 2672 Constantiniana
877 2646 986 2674 familiae

206 2679 327 2713 cantigit,
342 2679 475 2706 lulianum
493 2686 547 2706 tum
558 2679 703 2714 'septeuuis
730 2686 852 2707 servatus
873 2686 924 2712 est,
942 2682 986 2708 vel

207 2720 351 2743 annuente.
375 2715 417 2741 vel
434 2715 621 2742 dissimulante
650 2715 818 2742 Constantio.
838 2715 892 2742 Nec
912 2717 983 2743 enim

204 2748 314 2782 jubcute
327 2757 360 2775 eo
376 2756 510 2776 servatum
532 2749 678 2779 lulianum,
700 2751 791 2777 dicere
808 2751 900 2777 sinunt
915 2753 984 2778 scri-

206 2789 308 2817 ptores.
329 2785 373 2818 qui
391 2785 491 2810 caedem
509 2785 659 2819 principum
678 2785 703 2811 iu
727 2786 912 2811 Constantium
939 2794 983 2812 rc.-

203 2819 317 2855 jiciunt;
337 2826 390 2845 nou
418 2819 500 2855 modo
522 2820 657 2852 Zozimus,
679 2825 706 2846 et
722 2819 843 2846 Julianus
872 2821 928 2855 ipse
941 2821 983 2846 Ad

206 2853 389 2884 Athenienses,
413 2861 439 2887 p.
459 2853 522 2885 497,
540 2862 633 2881 verum
659 2854 741 2881 etiam
758 2853 923 2882 Athanasius
943 2856 983 2882 Ad

208 2888 359 2921 monac/tos,
377 2887 556 2924 Hieronymus
577 2891 604 2917 in
621 2888 765 2923 Chronico,
785 2895 837 2917 etc.
853 2889 983 2918 Servatus

1040 2269 1093 2296 quo
1115 2261 1260 2295 Gregorius
1279 2267 1368 2294 pestea
1392 2269 1419 2287 η.
1430 2260 1482 2293 91;
1504 2263 1546 2288 cui
1572 2263 1746 2288 consentiunt
1765 2268 1825 2289 acta

1040 2296 1133 2323 Basilii
1159 2296 1308 2330 presbyteri
1329 2296 1479 2329 Ancyrani,
1500 2304 1559 2330 (tum
1576 2296 1718 2324 Bollaudus
1743 2297 1827 2324 refert

1038 2331 1065 2358 in
1080 2329 1256 2358 dieni'Martii
1272 2330 1321 2366 “2-27,
1333 2330 1375 2356 ubi
1392 2329 1420 2357 S.
1434 2329 1536 2365 martyr
1549 2332 1592 2359 his
1605 2332 1694 2359 verbis
1709 2332 1827 2366 Aposta-

1038 2370 1093 2393 tam
1110 2366 1232 2399 increpat
1252 2374 1258 2392 :
1275 2374 1284 2390 ε
1296 2365 1358 2401 ‘Nou
1376 2371 1404 2391 es
1430 2368 1564 2393 reveritus
1581 2367 1676 2398 altare,
1699 2375 1753 2401 quo
1772 2368 1826 2394 sal-

1036 2406 1116 2427 vatus
1152 2401 1235 2427 fuisti.
1260 2409 1270 2426 ι
1296 2399 1396 2426 Deinde
1417 2400 1591 2429 Frumentino
1616 2399 1714 2429 comiti
1732 2401 1828 2430 Scuta-

1038 2436 1153 2472 riorum,
1166 2437 1199 2461 de
1213 2435 1319 2472 Iuliano
1331 2444 1337 2460 :
1350 2444 1359 2459 ‹
1378 2434 1435 2461 Νοιι
1453 2441 1495 2462 est
1511 2438 1679 2468 recordatus,
1692 2439 1826 2472 quomodo

1037 2470 1129 2506 (Deus)
1150 2471 1253 2497 eruerit
1272 2477 1333 2506 eum
1350 2476 1366 2496 a
1386 2476 1473 2497 morte
1492 2478 1539 2505 per
1563 2478 1673 2499 sanctos
1694 2470 1758 2500 suos
1780 2480 1825 2499 sa-

1037 2504 1171 2537 cerdotes,
1187 2504 1355 2532 abscondens
1370 2511 1432 2531 eum
1448 2504 1498 2532 sub
1512 2512 1606 2534 sancto
1624 2512 1652 2534 et
1667 2507 1824 2535 admirabili

1035 2540 1157 2568 ecclesiae
1171 2540 1258 2566 altari.
1271 2549 1280 2565 ι

1071 2574 1126 2612 (59)
1146 2575 1206 2612 Πρὸ
1221 2575 1343 2601 τούτων.
1360 2573 1425 2612 Reg.
1444 2575 1576 2612 bm,_1:spl.
1591 2575 1704 2603 τούτων.

1071 2610 1127 2645 (60)
1149 2611 1204 2636 ’Ἐν
1229 2618 1303 2646 [Wt-
1318 2627 1344 2646 -ς
1366 2609 1555 2644 βασιλικῆς.’
1570 2612 1652 2638 Deest
1681 2611 1826 2646 βασιλικῆς

1035 2644 1063 2672 in
1076 2643 1146 2680 Reg.
1165 2646 1220 2672 bII].
1232 2645 1328 2671 Vocem
1336 2643 1406 2670 hanc
1423 2645 1488 2680 legit
1504 2647 1622 2679 Socrat.,
1641 2643 1725 2678 Hilth
1739 2647 1786 2674 tib.
1800 2643 1826 2678 v.

1035 2687 1060 2706 c.
1077 2680 1110 2711 2,
1125 2680 1266 2715 ratlditque
1296 2680 1425 2705 Idomum
1452 2681 1524 2706 illam
1548 2681 1630 2708 fuisse
1649 2681 1775 2715 palatium
1800 2683 1826 2709 in

1034 2714 1150 2776 Enacello
1171 2715 1203 2741 ad
1219 2716 1343 2749 Argteum
1368 2718 1487 2742 montem
1506 2716 1577 2742 haud
1597 2714 1691 2749 proCul
1710 2718 1744 2743 ab
1761 2718 1827 2744 urbe

1057 2757 1167 2776 :esarca.
1183 2759 1192 2774 ι

1057 2757 1167 2776 :esarca.
1183 2759 1192 2774 ι

1071 2784 1126 2822 (ﬁt)
1146 2785 1238 2822 :ersp
1248 2782 1355 2822 ’ἧν-..δίο
1366 2784 1447 2822 codd.
1461 2783 1549 2812 Mallet
1563 2785 1677 2822 Montac.
1692 2786 1764 2822 ειπερ
1777 2784 1822 2822 ἦν,

1072 2817 1128 2855 (62)
1148 2817 1243 2856 Ἤγον
1256 2819 1315 2847 ἀπὸ
1331 2819 1463 2856 πάντων,
1479 2825 1533 2847 etc.
1554 2829 1563 2846 ‹
1580 2820 1646 2848 Cum
1662 2817 1824 2856 vitaui'_pri-

1034 2853 1230 2892 vatamprocul
1245 2856 1278 2881 ab
1288 2856 1361 2892 omni
1375 2854 1482 2889 publico
1498 2863 1610 2884 munere
1625 2853 1822 2892 agerentfium

1035 2890 1106 2925 quod
1128 2890 1269 2925 imperium
1285 2891 1419 2923 abessem
1436 2895 1490 2918 etc.
