2071 3133
273 187 322 216 551

887 180 918 208 S.
938 175 1106 208 GRECORII
1125 171 1299 203 THEOLOCI

1842 163 1895 192 553

274 240 344 275 quod
362 246 501 274 imperium
517 245 564 265 eos
579 237 668 265 adhuc
683 241 848 268 moraretur,
872 240 954 271 atque
968 235 995 262 in
1009 242 1055 263 co-

1122 231 1161 258 ιὲν
1179 230 1317 267 βασιλείας
1339 227 1490 264 μελλούσης
1507 225 1548 252 [τι
1565 225 1612 252 καὶ
1632 221 1834 260 μελετωμένης,
1846 221 1896 274 τῇς

275 287 403 322 gitatione
416 285 546 312 duntaxat
572 287 600 310 et
615 283 790 310 meditatione
807 286 890 313 esset,
908 287 964 308 tum
987 281 1058 315 quod

275 336 340 358 tetas
355 336 382 357 et
397 337 458 364 spes
470 329 589 355 nondum
607 335 654 355 eos
675 327 802 355 secundis
815 327 988 362 dignitatibus
1011 327 1058 353 ad-

277 382 409 407 moveret,
423 375 481 411 88
491 375 636 401 utebantur
647 374 683 400 illi
697 374 805 408 quidem
821 372 935 399 aliarum
950 379 1058 406 quoque

277 424 374 450 artium
399 421 620 456 prmccptorihus,
647 427 743 454 nempe
771 425 867 454 patruo
897 418 1062 453 imperatore

277 467 348 494 omni
365 465 526 493 orbicularis
542 464 691 499 disciplinae
707 471 804 498 genere
825 463 897 498 ipsos
911 463 1060 490 erudiente.

278 511 376 539 Verum
396 516 496 538 nostra:
519 509 694 545 philosophia.-
715 510 862 544 impensius
887 515 995 544 operam
1012 509 1061 536 da-

276 559 352 589 bant,
371 564 424 584 non
442 557 504 584 huic
527 557 626 587 solum,
649 563 709 590 quas
734 555 760 582 iu
778 555 866 582 verbis
889 559 916 582 et
939 554 1062 582 doctrina

278 607 415 634 versatur,
429 603 475 629 sed
503 601 540 628 illi
557 602 638 628 etiam
654 607 714 634 qua:
738 600 865 634 pietatem
893 600 919 626 iit
944 599 1064 627 moribus

279 649 394 684 positam
413 647 502 675 habet.
522 648 608 682 Atque
626 651 653 672 et
666 654 727 673 cum
739 646 850 681 optimis
861 646 1012 680 quibusque
1022 647 1062 673 vi-

281 695 320 722 ris
333 693 556 722 consuetudinem
569 692 714 723 habebant,
724 697 751 719 et
764 691 970 727 elegantissimis
983 692 1065 720 actio-

280 741 370 771 nibus.
388 747 419 767 ac
434 739 600 766 luculeutmn
623 738 731 765 virtutis
746 738 881 772 specimen
907 745 961 771 pne
981 745 1009 765 se
1026 736 1065 765 fe-

280 786 413 817 rentibus,
442 783 642 812 ittcuutbebaut.
658 782 811 816 Quinetiam
838 782 864 810 in
896 783 995 810 clerum
1023 790 1066 809 se-

284 832 358 866 ipsos
374 830 567 866 ascripserunt,
585 829 651 856 adeo
675 833 704 855 ut
722 828 827 856 divinos
849 836 956 863 quoque
984 829 1067 857 libros

282 878 352 913 plebi
373 877 535 909 lectitarent,
551 883 604 902 non
629 875 717 901 minus
731 874 756 901 id
767 875 818 902 sibi
834 870 953 908 amplqu
968 879 994 902 et
1018 875 1067 903 lto-

1111 279 1140 306 δὲ
1153 277 1258 314 ἡλικίας
1274 276 1332 311 ἃμα
1354 276 1401 302 καὶ
1420 274 1469 310 τῆς
1486 273 1592 304 ἐλπίδος
1612 272 1672 302 ταῖς
1692 269 1831 304 δευτέραις
1843 267 1898 314 τῶν

1113 312 1204 359 ἀρχῶν
1217 322 1272 358 (65)
1290 321 1320 347 οὗ
1339 319 1539 356 προσαγούσης,
1560 316 1679 352 ἐχρῶντο
1701 315 1751 350 μὲν
1773 313 1820 340 καὶ
1841 312 1897 339 τῶν

1113 358 1198 397 ἄλλων
1211 368 1365 398 παιδευταῖς
1378 366 1433 401 (61)
1451 363 1628 400 μαθημάτων,
1649 362 1738 388 πᾶσαν
1754 359 1803 395 τὴν
1817 358 1898 393 ἐγχύ-

1113 415 1187 442 κλιον
1222 413 1362 441 παίδευσιν
1387 411 1443 446 (65)
1480 408 1685 439 ἑκπαιδεὺοντος
1718 406 1816 437 αὐτοὺς
1849 404 1897 431 τοῦ

1113 460 1186 487 θείου
1200 458 1255 494 (66)
1276 458 1323 484 καὶ
1346 455 1492 492 βασιλέως·
1517 453 1637 489 ἐχρῶντο
1658 452 1686 479 δὲ
1711 452 1758 478 καὶ
1781 452 1813 486 τῇ
1837 449 1898 477 καθ’

1115 506 1188 542 ἡμᾶς
1210 504 1354 540 φιλοσοφία
1374 502 1465 535 πλέον,
1488 500 1519 527 οὑ
1541 501 1574 535 τῇ
1600 499 1663 535 περὶ
1685 498 1780 532 λόγους
1807 497 1896 533 μόνον,

1115 551 1173 578 ἀλλ’
1184 552 1233 586 ὅση
1248 550 1295 577 καὶ
1314 549 1358 576 διὰ
1379 548 1434 575 τῶν
1446 547 1519 583 ἠθῶν
1533 546 1587 582 ἔχει
1602 546 1633 572 τὸ
1651 545 1762 577 εὐσεϐές
1772 552 1779 559 ·
1795 543 1899 579 ἀνδρῶν

1115 605 1144 622 τε
1159 597 1214 627 τοῖς
1228 593 1445 624 σπουδαιοτάτοις
1455 592 1510 627 (67)
1524 588 1759 627 προσομιλοῦντες,
1771 589 1817 616 καὶ
1830 587 1900 624 πρά-

1117 642 1184 674 ξεων
1202 641 1261 673 ταῖς
1283 638 1554 675 χαριεστάταις(68),
1580 638 1628 664 καὶ
1651 635 1752 671 πολλὴν
1775 635 1900 671 ἐχούσαις

1117 688 1165 724 τῆς
1180 687 1279 723 ἀρετῆς
1290 686 1340 722 τὴν
1352 684 1492 716 ἐπίδειξιν·
1507 683 1546 719 τῷ
1561 683 1610 719 μέν
1620 691 1652 716 γε
1667 682 1759 717 κλήρῳ
1774 681 1902 717 φέροντες

1118 733 1229 765 ἑαυτοὺς
1242 731 1434 767 ὲγκατέλεξαν,
1447 729 1516 756 ὥστε
1530 730 1577 756 καὶ
1587 729 1635 760 τὰς
1646 728 1720 759 Θείας
1731 726 1902 761 ὑπαναγινώ-

1119 789 1194 807 σχειν
1213 779 1252 814 τῷ
1266 777 1324 814 λαῷ
1338 777 1455 813 βίὗλους,
1468 775 1574 806 οὐδενὸς
1593 774 1701 801 ἔλαττον
1715 774 1754 805 εἰς
1766 773 1844 806 δόξαν
1854 772 1903 799 αὑ-

1119 828 1175 858 τοῖς
1187 825 1266 852 τοῦτο
1278 822 1346 851 εἶναι
1363 823 1529 858 νομίζοντες,
1552 820 1618 848 ἀλλὰ
1632 821 1679 847 καὶ
1692 819 1799 847 πάντων
1813 819 1903 855 μεῖζον

1121 872 1302 906 καλλώπισμα
1314 870 1362 906 τὴν
1375 868 1525 896 εὐσέϐειαν.
1916 861 1920 895 Ι

283 912 422 951 noriiirum
434 929 494 948 esse
519 921 716 952 existimantes,
736 927 816 954 quant
846 920 918 947 aliud
946 921 1073 956 quidvis,
1094 921 1149 949 into
1183 918 1304 946 onutiutn
1331 920 1548 944 ornamentorum
1574 913 1720 941 maximum
1741 912 1906 948 praestantis-

283 972 434 1003 simumquc.
451 969 576 1002 pietatem
592 974 651 994 esse
665 971 818 993 censentes.

320 1013 415 1043 XXIV.
432 1012 490 1041 Jam
519 1012 762 1047 sumptuosissimis
786 1019 894 1046 quoque
919 1017 1067 1047 martyrum

1153 1008 1216 1036 KA'.
1230 1007 1384 1042 Μαρτυρων
1399 1013 1428 1032 τε
1447 1006 1569 1041 μνήμασι
1583 1003 1637 1039 (69)
1654 1003 1904 1035 πολυτελεστάτοις,

284 1060 466 1089 monumentis
489 1062 516 1086 et
533 1058 684 1085 votivorunt
711 1058 841 1084 donorum
868 1057 1068 1089 muniﬁcentiis,

284 1107 462 1140 omnibusque
479 1105 541 1132 aliis
558 1105 648 1136 rebus,
665 1104 762 1138 quibtts
777 1103 885 1130 divintts
906 1103 987 1130 tiutor
1006 1103 1071 1130 insi—

285 1152 387 1187 gnitur,
401 1149 540 1184 sapientiae
553 1148 668 1176 studium
687 1147 840 1182 Christique
852 1155 970 1175 amorem
983 1148 1071 1176 decla-

285 1197 384 1226 rabant
398 1205 404 1223 :
424 1195 492 1223 alter
507 1195 614 1230 quidem
628 1201 691 1221 vere
704 1198 731 1220 et
755 1194 827 1221 serio
841 1193 968 1228 pietatem
991 1195 1071 1228 protl-

287 1249 364 1276 tens;
385 1241 509 1277 quamvis
533 1241 605 1268 enim
628 1244 725 1266 natura
753 1238 869 1266 ferocior
887 1246 919 1266 ac
942 1239 1071 1266 fervidior

286 1293 370 1320 esset,
387 1295 450 1316 vere
466 1291 555 1314 tamen
568 1294 600 1313 ac
613 1285 718 1313 sincere
731 1284 857 1319 pietatem
870 1284 988 1316 colebat;
1003 1284 1071 1311 alter

286 1339 376 1362 autem
395 1338 501 1368 tempus
516 1331 661 1364 redimens,
676 1338 708 1357 ac
721 1330 772 1357 sub
786 1330 999 1356 mansuetudinis
1010 1337 1070 1364 spe-

287 1381 330 1408 cie
356 1384 438 1414 atque
459 1377 570 1405 obtentu
597 1383 701 1403 morum
730 1375 892 1410 pravitatem
920 1374 1068 1402 occultans.

288 1424 365 1458 Quod
378 1423 484 1457 quidem
504 1428 537 1448 ex
552 1428 585 1448 eo
609 1420 744 1454 conjicere
759 1419 860 1451 licebit,
886 1427 972 1454 neque
997 1419 1069 1447 enim

289 1469 460 1501 tuiraculum,
488 1467 557 1502 quod
583 1470 639 1493 tum
671 1465 781 1497 accidit,
799 1465 906 1492 silentio
931 1466 1070 1499 praeterire

1121 1055 1168 1082 καὶ
1187 1053 1369 1088 ἀναθημάτων
1386 1050 1560 1086 φιλοτιμίαις,
1583 1051 1630 1077 καὶ
1654 1051 1737 1077 πᾶσιν
1751 1048 1791 1082 οἷς
1805 1051 1820 1077 ὁ
1836 1051 1906 1083 θεῖος

1121 1101 1202 1136 φόϐος
1217 1097 1460 1136 χαρακτηρίζεται,
1476 1097 1507 1124 τὺ
1520 1097 1662 1132 φιλόσοφον
1675 1098 1722 1124 καὶ
1737 1097 1906 1134 φιλόχριστον

1121 1147 1290 1182 κατεμήνυον
1299 1153 1307 1161 ⁸
1324 1147 1338 1172 ό
1354 1145 1413 1180 μὲν,
1427 1144 1475 1171 καὶ
1491 1144 1551 1170 κατ’
1565 1144 1693 1179 ἀλήθειαν
1706 1144 1825 1170 εὐσεϐῶν
1835 1154 1842 1160 ·
1861 1145 1908 1172 καὶ

1121 1193 1175 1229 γὰρ
1186 1191 1230 1229 ἦν,
1252 1192 1276 1218 el
1295 1192 1342 1218 καὶ
1355 1191 1404 1227 τὴν
1420 1190 1500 1226 φύσιν
1523 1189 1698 1225 θερμότερος,
1712 1189 1768 1216 ἀλλ’
1780 1188 1826 1217 οὖν
1844 1191 1908 1226 γνή-

1122 1247 1179 1268 σιος
1190 1239 1230 1270 είς
1243 1238 1384 1265 εὐσέὸειαν
1394 1245 1400 1252 ·
1413 1238 1427 1263 ὁ
1442 1237 1482 1268 δὲ,
1493 1237 1538 1263 τὸν
1551 1236 1645 1272 καιρὸν
1658 1235 1850 1270 ἐξωνούμενος,
1863 1235 1908 1262 καὶ

1122 1285 1251 1320 κρύπτων
1276 1285 1305 1310 ὲν
1330 1283 1481 1314 ἐπιεικείας
1499 1282 1636 1317 πλάσματι
1649 1282 1705 1317 (70)
1717 1281 1747 1308 τὸ
1763 1281 1906 1317 κακόηθες.

1121 1330 1276 1367 Τεκμήριον
1289 1330 1333 1356 δέ·
1359 1329 1407 1356 καὶ
1427 1329 1482 1365 γὰρ
1496 1329 1547 1355 οὐκ
1567 1329 1599 1355 ἂν
1618 1328 1750 1363 δυναίμην
1769 1329 1908 1365 παραδρα-

1124 1377 1182 1410 μεῖν
1197 1375 1227 1401 τδ
1245 1374 1351 1410 συμϐὰν
1373 1374 1473 1409 θαῦμα,
1492 1373 1595 1408 σφόδρα
1615 1382 1644 1400 τε
1666 1373 1695 1400 ὃν
1716 1374 1772 1409 (7i)
1798 1372 1908 1410 μνήμής

1123 1421 1206 1455 ἄξιον,
1221 1422 1268 1449 καὶ
1282 1421 1395 1453 πολλοὺς
1417 1420 1559 1448 παιδεῦσαι
1583 1421 1637 1447 τῶν
1664 1421 1770 1448 ἀσεϐῶν
1792 1420 1908 1456 δυνάμε-

1122 1476 1167 1495 νον
1170 1489 1177 1495 .

289 1525 398 1553 queam,
429 1521 522 1551 utpote
553 1513 682 1541 memoria
718 1513 841 1548 inprimis
878 1513 999 1548 dignum,
1024 1519 1104 1549 atque
1136 1516 1286 1551 ejusmodi,
1313 1521 1342 1543 ut
1368 1515 1510 1550 impiorum
1542 1515 1633 1542 multis
1664 1515 1823 1542 documento
1850 1522 1910 1542 esse

288 1563 392 1600 possit.-

324 1608 408 1637 XXV.
425 1607 598 1644 Ilartyribus.
614 1610 644 1633 ut
656 1606 784 1638 diximus,
800 1605 880 1632 ambo
903 1604 1070 1639 laborabant,

1160 1606 1225 1634 KE'.
1244 1607 1382 1642 Ἐκαμνον
1405 1607 1453 1643 μὲν
1472 1608 1527 1639 τοῖς
1557 1606 1699 1643 μάρτυσιν,
1727 1607 1794 1643 ὅπερ
1823 1605 1909 1639 εἷπον,

291 1654 531 1688 ttttmillcentiaque
559 1657 587 1680 et
612 1651 776 1679 liberalitate
802 1650 932 1685 prmclare
960 1651 1030 1678 inter
1047 1660 1076 1679 se

290 1699 501 1732 contendebant,
525 1703 580 1725 tum
598 1698 743 1725 multarum
760 1704 885 1724 manuum
910 1704 1001 1732 opera.
1021 1703 1076 1724 tum

291 1746 383 1774 multis
396 1745 524 1780 impensis
544 1745 627 1771 aedem
643 1750 749 1770 sacram
775 1746 958 1770 exstruentes.
976 1741 1076 1769 Verum

291 1792 420 1828 quoniam
436 1798 488 1818 non
502 1790 558 1825 pari
575 1789 713 1817 voluntate
736 1788 872 1823 animique
898 1788 1022 1816 instituto
1050 1789 1076 1816 in

291 1838 345 1866 hoc
360 1844 427 1872 opus
437 1835 636 1867 incumbebant,
648 1834 748 1862 idcirco
763 1840 813 1860 nec
829 1834 854 1860 in
868 1834 991 1861 eumdem
1010 1841 1077 1868 quo-

291 1891 346 1919 que
359 1883 439 1910 linem
454 1882 531 1909 labor
543 1882 650 1916 utrique
666 1880 900 1915 progrediebatur.
917 1880 1022 1907 Etenim
1039 1880 1076 1906 al-

294 1928 389 1961 terius,
402 1928 453 1955 hoc
464 1931 516 1961 est,
533 1926 625 1953 fratris
642 1931 705 1952 uattt
734 1925 856 1960 majoris,
872 1931 939 1959 opus
954 1924 1077 1959 perlicie-

293 1975 383 2006 batur,
399 1978 479 2007 atque
505 1979 538 1999 ex
555 1972 660 1998 ratione
677 1971 851 2005 procedebat,
873 1970 927 1997 Deo
953 1970 1077 1998 videlicet

295 2025 395 2046 munus
419 2016 483 2044 illud
503 2015 620 2043 libenter
646 2014 815 2047 admittente,
833 2014 906 2042 velut
924 2015 1015 2043 Abelis
1031 2023 1075 2043 sa-

291 2063 437 2094 criﬁcium.
462 2067 536 2089 recte
558 2066 586 2088 et
608 2060 729 2088 oblatum
750 2065 777 2088 et
801 2061 916 2088 divisum
935 2061 957 2077 "
975 2070 981 2088 :
999 2066 1079 2095 atque

294 2110 353 2137 haec
365 2108 467 2136 oblatio
482 2107 565 2136 veluti
584 2106 708 2143 quaedam
724 2106 896 2143 primogeniti
910 2108 1079 2136 consecratio

332 2188 354 2204 "
369 2187 438 2216 Gen.
455 2195 493 2222 tv,
508 2186 536 2214 ι.

1125 1653 1285 1688 ἀμφότεροι.
1301 1654 1348 1680 καὶ
1363 1653 1617 1689 ἀντεφιλοτιμοῠντο
1628 1653 1761 1689 λαμπρῶς
1775 1653 1909 1689 ἀλλήλοις,

1125 1699 1172 1724 καὶ
1188 1699 1260 1733 χειρὶ
1279 1699 1362 1735 πολλῇ
1381 1700 1435 1735 (72)
1452 1701 1499 1726 καὶ
1514 1700 1622 1736 δαπάνῃ
1642 1700 1688 1726 τὸν
1703 1698 1775 1726 οἷκον
1790 1701 1910 1736 ἐγείρον-

1123 1753 1187 1776 τες·
1208 1745 1268 1772 ἐπεὶ
1289 1745 1316 1771 δὲ
1337 1746 1387 1772 οὐκ
1408 1747 1440 1772 ἐκ
1456 1745 1504 1781 τῆς
1524 1746 1609 1782 αὐτῆς
1634 1745 1830 1781 προαιρέσεως,
1849 1745 1909 1772 οὐδὲ

1125 1791 1165 1821 εἰς
1185 1790 1276 1825 ὅμοιον
1298 1790 1384 1826 πέρας
1409 1790 1569 1827 προέὁαινεν
1589 1790 1753 1826 ἀμφοτέροις
1773 1791 1787 1817 ὁ
1805 1790 1884 1822 πόνος
1897 1798 1905 1805 ”

1124 1835 1172 1862 τοῦ
1190 1836 1238 1871 μὲν
1253 1836 1307 1872 γὰρ
1322 1836 1353 1863 τὸ
1368 1836 1447 1872 ἔργον
1461 1837 1568 1872 ἠνύετο,
1585 1837 1632 1864 καὶ
1654 1837 1724 1863 κατὰ
1742 1837 1820 1871 λόγον
1842 1836 1909 1872 ἐχώ-

1128 1889 1178 1916 ρει,
1204 1880 1250 1906 τοῦ
1278 1881 1460 1917 πρεσὸυτέρου
1485 1881 1557 1916 λέγω
1575 1881 1628 1908 τῶν
1650 1881 1781 1916 ἀδελφῶν,
1801 1878 1845 1908 οἷα
1865 1881 1911 1908 τοῦ

1126 1925 1193 1953 Θεοῦ
1216 1927 1266 1962 τὴν
1287 1927 1405 1954 ἐπίδοσιν
1431 1928 1547 1963 ἑτοίμως
1562 1927 1751 1963 προσιεμένου,
1769 1927 1840 1953 κατὰ
1864 1927 1911 1962 τὴν

1129 1972 1211 1998 Ἅϐελ
1226 1972 1332 2003 θυσίαν,
1345 1973 1433 2009 ὀρθῶς
1446 1974 1492 1999 καὶ
1515 1973 1740 2008 προσενεχθεῖσαν
1753 1973 1800 1999 καὶ
1815 1972 1912 2007 διαιρε-

1127 2017 1233 2045 θεῖσαν·
1249 2018 1296 2045 καὶ
1308 2016 1342 2054 ἦν
1355 2019 1448 2056 ὥσπερ
1461 2020 1633 2055 πρωτοτόκου
1649 2019 1705 2055 (75)
1722 2028 1762 2050 τις
1776 2018 1911 2053 καθιέρω-

1132 2065 1204 2100 σιςή
1221 2065 1354 2097 ἐπίδοσις·
1370 2065 1417 2092 τοῦ
1442 2066 1480 2099 δὲ,
1505 2066 1556 2101 φεῦ
1575 2066 1625 2101 τῆς
1647 2065 1772 2092 ἐντεῦθεν
1791 2065 1842 2100 ἤδη
1859 2064 1913 2091 τῶν

1132 2109 1237 2136 ἀσεϐῶν
1251 2110 1361 2146 ἀτιμίας
1373 2111 1429 2147 (74)
1445 2112 1478 2138 τὰ
1494 2111 1598 2138 ἐκεῖθεν
1620 2110 1829 2147 μαρτυρομένης
1846 2109 1912 2146 (75),

335 2264 564 2305 (65)..Δευτέραις
580 2264 764 2305 τῶνρρχῶν.
781 2265 895 2305 Cmsaris
910 2264 1066 2305 dignitatem

1133 2265 1263 2305 μνέιμαις.
1276 2263 1476 2305 ΤΙιεοι1.,Ηίες,,
1485 2263 1530 2305 lib:
1541 2271 1582 2295 tu.
1594 2263 1748 2305 $2,311be
1755 2263 1913 2305 metendum,

298 2299 343 2327 vel
355 2299 480 2336 militaria
498 2302 609 2336 ituperia
631 2300 776 2334 siguillcat,
794 2301 891 2335 quibus
905 2300 940 2328 ob
959 2306 1078 2326 teneram

298 2340 401 2363 ttatem
419 2335 536 2368 impares
550 2340 636 2362 erant.

334 2369 389 2404 (64)
408 2370 592 2404 Παιδευταῒς.
611 2370 720 2397 Nicocle
743 2370 768 2397 in
791 2369 986 2400 Grammatica.
1011 2368 1079 2396 Ece-

299 2403 573 2440 bolio‘inrflhetort'cu,
586 2405 646 2440 juxt
656 2405 798 2437 aSocrat.,
812 2405 857 2432 lib.
870 2412 950 2440 lll,rc.
963 2404 990 2432 l.

336 2438 392 2475 (65)
416 2438 595 2475 ξβγκύκλιονῖ
618 2439 787 2467 παίδευσιν.
813 2439 1017 2474 Disciplinarum
1035 2446 1080 2465 or-

299 2473 371 2505 bem,
389 2482 398 2498 ι
415 2473 644 2509 Encycloptediam
656 2485 665 2501 ι
686 2475 830 2509 appellant.

336 2509 392 2543 (66)
413 2508 469 2535 Τοῦ
487 2509 578 2536 θείου.
593 2518 603 2535 ι
615 2508 743 2542 Patrue,»
759 2518 812 2537 non
827 2519 836 2535 ι
850 2508 982 2536 avunculo
992 2517 1001 2535 ›
1016 2515 1077 2536 cum

299 2543 361 2572 Bill.
376 2543 513 2579 siquidem
529 2551 582 2571 uon
597 2549 729 2578 materna,
752 2546 797 2571 sed
822 2549 932 2579 paterna
950 2549 1008 2571 erat
1030 2551 1077 2571 co-

300 2579 402 2614 gnatio.
425 2578 569 2614 Utriusque
586 2580 657 2606 enim
677 2584 802 2613 parentes
823 2578 946 2614 germani
975 2579 1076 2606 fratres

299 2613 394 2649 erant;
416 2621 520 2649 _nempe
547 2614 740 2642 Constantinus
765 2613 840 2649 pater
864 2613 1028 2649 Constantii,
1054 2619 1082 2640 et

300 2647 388 2677 Julius
410 2647 583 2676 Constantius
610 2655 688 2683 pater
711 2647 833 2682 Iuliani;
863 2650 957 2683 sicque
981 2648 1082 2676 fratres

302 2683 437 2719 patrueles
455 2689 532 2719 erant
548 2683 668 2719 Julianus
680 2688 707 2712 et
721 2684 904 2712 Constantius.

337 2719 394 2755 (67)
412 2718 684 2755 Exovdawtdrotg
704 2728 715 2745 ‹
732 2720 799 2747 Cum
828 2718 936 2755 optimis
956 2727 965 2744 ι
992 2723 1084 2755 atque

301 2752 385 2780 etiam
412 2754 633 2782 «doctissimis.»
664 2754 814 2790 Utrumque
846 2752 941 2781 Crmca
974 2752 1079 2787 signiti-

301 2794 376 2816 68111.

339 2823 404 2860 (68)
414 2823 632 2858 Χαριεστάτοις.
649 2821 809 2860 TresCo‘sb.
824 2823 1028 2860 χρηστοτάτοις,
1043 2822 1084 2850 id-

303 2858 450 2894 queretiam
465 2861 593 2886 scribitur
608 2862 634 2886 in
650 2867 698 2887 ora
715 2859 780 2894 Reg.
794 2858 848 2887 but.

339 2892 394 2927 (69)
416 2892 576 2928 Maprdpwr
604 2902 637 2920 τι
668 2891 815 2930 μνήμᾶσι.
840 2893 867 2921 1η
893 2901 940 2921 ora
969 2891 1035 2928 Reg.
1056 2900 1083 2928 y,

1136 2299 1145 2325 ι
1165 2299 1307 2327 Basilicam
1331 2300 1474 2327 exstruxit.
1485 2308 1495 2325 ι
1512 2299 1632 2332 Sozom.,
1646 2299 1697 2327 lib.’
1707 2307 1733 2332 γ,
1749 2308 1773 2326 c.
1788 2299 1816 2332 2,
1831 2300 1915 2334 τάφον

1131 2335 1217 2370 Μάμα
1240 2333 1286 2361 τοῦ
1312 2335 1467 2370 μάρτυρος,
1493 2344 1502 2360 ι
1517 2335 1671 2370 sepulcrum
1703 2334 1828 2368 Hamae,»
1854 2333 1914 2368 vel,

1134 2379 1143 2396 ι
1158 2369 1300 2396 Matuautis
1318 2369 1457 2404 martyris.
1471 2379 1480 2395 ι
1498 2375 1552 2397 etc.

1167 2405 1222 2439 (70)
1243 2403 1411 2438 Πλάσματὶ.
1429 2403 1528 2432 Juliani
1555 2404 1718 2440 hypocrisim
1740 2412 1792 2431 non
1810 2409 1914 2440 tantum

1131 2440 1288 2474 Gregorius,
1305 2440 1442 2472 Socrates,
1459 2439 1636 2470 Sozomenus.
1654 2447 1746 2466 verum
1764 2441 1846 2467 etiam
1863 2439 1914 2472 ipsi

1131 2475 1230 2503 Iuliani
1246 2475 1399 2502 laudatores
1415 2479 1556 2507 testantur,
1570 2481 1599 2501 ut
1611 2475 1768 2502 Ammianus
1784 2475 1830 2501 lib.
1847 2482 1914 2506 uti,

1133 2519 1160 2546 p.
1172 2510 1234 2541 208,
1246 2514 1274 2537 et
1288 2509 1415 2546 Libattius
1430 2510 1477 2546 ρι’.
1491 2510 1533 2546 l2.

1166 2545 1222 2580 (71)
1242 2545 1360 2579 Σφόδρα
1377 2553 1409 2571 τε
1422 2544 1550 2580 Πόνυδὶον
1563 2543 1647 2579 chg.
1671 2543 1704 2571 Im
1716 2563 1724 2576 ,
1746 2544 1772 2576 1,
1799 2542 1875 2571 Colb.
1888 2543 1914 2571 5.

1132 2579 1211 2608 Deest
1229 2581 1255 2608 iit
1273 2579 1407 2607 nonnullis
1420 2579 1460 2612 δν,
1474 2580 1500 2607 iu
1517 2579 1578 2606 aliis
1599 2587 1641 2610 τε,
1658 2579 1684 2606 iu
1699 2580 1792 2614 paucis
1807 2584 1912 2605 utrum-

1151 2623 1194 2642 lle.

1132 2624 1225 2685 qua-2)
1245 2650 1321 2684 Χειρὶ
1347 2648 1459 2684 πολλῇ.
1482 2648 1576 2676 Comb.
1603 2658 1612 2675 ι
1627 2648 1777 2684 Opem-um
1800 2648 1876 2683 copia
1889 2652 1918 2676 et

1133 2692 1251 2713 8111110111.
1263 2695 1272 2710 1

1171 2694 1446 2763 (ἒῑὲῖιῆρωτοτόκου.
1467 2719 1534 2754 Reg.
1546 2718 1564 2752 1,
1579 2718 1654 2746 Colh.
1665 2719 1693 2751 5,
1707 2717 1790 2747 Coisl.
1805 2719 1831 2752 l,
1847 2727 1919 2755 πρω-

1135 2763 1252 2782 τοτοκων
1256 2775 1261 2781 .

1172 2789 1227 2825 (74)
1253 2789 1390 2824 Ἀτιμίας.
1404 2788 1479 2825 Colh.
1491 2788 1521 2825 ὅ,
1534 2787 1677 2825 τιμωρίας.

1173 2821 1229 2860 (75)
1249 2821 1489 2859 Μαρτυρομένης.
1511 2821 1654 2860 δίεᾘυέε.
1668 2824 1687 2855 l,
1701 2823 1762 2856 bm,
1773 2827 1836 2860 _etc.
1848 2821 1919 2851 Editi

1138 2867 1202 2889 vero
1218 2858 1322 2895 omnes,
1336 2858 1363 2888 et
1376 2858 1483 2888 codices
1495 2859 1585 2896 pauci,
1603 2858 1839 2894 μαρτυρουμένης.
