2071 3133
265 189 317 218 555

883 191 912 218 S.
934 189 1101 220 GREGONI
1121 188 1293 218 THEOLOGI

1837 188 1890 218 556

299 245 417 274 XXVIII.
438 246 494 274 Etsi
517 247 590 275 enim
606 247 651 276 ille
667 251 818 284 martyrum
842 247 912 275 Deus
928 249 986 284 90
1001 249 1044 276 im-

1138 248 1205 275 KH’.
1226 248 1257 274 Ei
1275 247 1330 283 γὰρ
1346 247 1393 274 καὶ
1407 247 1456 283 τὴν
1471 247 1597 275 ἀσέῦειαν
1617 247 1667 275 οὒκ
1680 247 1793 282 ἐπέσχεν
1803 248 1818 274 6
1835 247 1888 275 τῶν

264 291 390 325 pietatem
419 299 471 319 non
490 292 631 326 repressit.
656 300 706 321 nec
720 294 808 321 scelus
820 314 827 326 ,
847 295 919 328 quod
939 294 1052 322 medita-

254 339 342 373 batur
364 343 445 372 atque
461 338 552 366 animo
567 339 726 373 premebat,
752 339 831 371 velut,
848 341 948 367 malum
966 342 1052 375 quod-

263 384 324 411 dam
354 383 513 418 proﬂuvium
540 385 633 411 statim
659 386 826 417 exsiccavit,
850 391 897 414 aut
922 387 1049 420 inhibuit,

262 429 298 456 ob
314 437 360 456 eas
383 437 478 460 causas
493 437 560 464 quas
585 431 642 465 ipse
659 439 707 465 pro
727 431 854 458 ineﬂ’ahili
869 440 916 459 sua
930 432 1051 468 potentia

262 475 483 509 gubernandique
497 476 602 504 ratione
616 477 739 512 cognitas
752 483 777 504 ct
791 479 945 511 exploratas
959 479 1049 512 habet.

262 527 310 553 per
327 528 407 554 quam
423 521 641 549 Amorrhaaerum
655 523 940 559 quoqueiniquitatem
957 532 1051 552 cumu-

262 565 313 592 lari
339 571 420 601 alque
450 567 552 602 expleri
577 573 650 595 certo
675 569 787 596 consilio
811 571 983 604 permittebat
1007 571 1049 604 ";

261 615 350 638 tamen
367 617 396 639 ut
413 612 547 648 plerisque
569 614 767 647 consuleretur,
788 616 950 649 pravitatem
975 616 1049 644 illam

261 656 323 684 odio
347 662 374 684 et
393 657 566 686 detestationi
581 667 641 686 csse
656 660 848 692 conveniebat.
864 661 1050 696 honoremque

262 701 331 727 hunc
351 701 437 735 rejici,
456 710 488 729 ac
501 701 546 730 Dei
562 711 627 738 erga
640 705 730 731 omnia
748 713 807 738 qua:
817 704 869 740 ipsi
887 705 1048 740 oﬂeruntur,

260 748 413 781 :I‘qutlnlem
430 753 456 774 et
472 749 617 782 puritatem
632 749 822 778 demonstrari.

295 793 392 820 XXIX.
418 794 485 821 Nam
503 796 547 829 qui
567 795 657 822 Israeli
683 796 764 830 impie
792 804 821 824 se
848 798 950 831 gerenti
969 798 1047 830 dixit.

261 838 291 867 Si
308 840 433 867 obtulerit
451 841 594 875 siliginem.
610 849 704 868 ranunt
731 848 786 874 est;
804 843 977 878 sufﬁmentum
999 845 1048 871 ab-

260 887 386 913 aminatio
407 888 470 913 mihi
487 891 525 913 est
539 887 562 902 '°
576 896 582 914 :
598 896 697 922 quippe
716 888 797 915 etiam
819 897 912 916 eorum
935 889 1049 918 Neome-

259 933 320 960 nias
336 939 361 960 et
385 933 502 961 Sabbnta
515 940 541 961 et
557 934 627 962 dicm
645 943 770 970 magnum
787 937 910 971 repudiat
925 945 933 964 :
958 944 1046 972 neque

259 979 332 1006 enim
351 987 390 1010 se,
407 987 468 1006 cum
483 980 578 1014 plenus
590 981 635 1012 sit.
651 981 703 1009 ttlla
725 990 755 1010 re
775 983 892 1010 humana
915 989 943 1010 et
964 979 1045 1018 parva

258 1031 328 1058 opus
346 1024 445 1051 habere
459 1044 466 1056 ,
497 1029 525 1051 ut
551 1026 660 1060 indigne
682 1027 763 1054 etiam
778 1028 876 1056 oblatis
890 1031 1046 1057 muneribus

259 1072 408 1099 delectetur
425 1081 432 1099 :
447 1077 474 1099 et
494 1073 576 1106 iniqui
590 1074 706 1101 hominis
721 1075 897 1107 sacrilicium,
922 1079 1046 1111 quamvis

257 1118 338 1144 etiam
355 1118 464 1145 vituluut
487 1125 603 1152 mactet,
620 1120 697 1154 quasi
721 1128 816 1148 canent
836 1128 997 1149 exsecratur
1009 1124 1043 1157 “,

258 1167 286 1189 et
305 1163 366 1189 thus
381 1164 455 1196 quasi
473 1163 687 1198 blasphemiam,
709 1172 741 1192 ac
768 1167 920 1192 meretricis
942 1173 1045 1193 merce-

257 1207 319 1234 dem
336 1216 350 1234 a
369 1209 468 1243 templo
490 1210 654 1237 exterminat
678 1216 760 1245 atque
774 1211 887 1242 excutit,
910 1219 1045 1245 unumque

257 1251 322 1280 illud
339 1253 500 1280 sacriﬁcium
513 1254 538 1280 in
551 1256 638 1288 pretio
651 1255 742 1285 habet.
763 1255 835 1290 quod
851 1263 924 1290 pura
938 1263 1043 1288 manus,

256 1302 372 1325 etmeos
386 1298 491 1326 excelsa
521 1304 548 1326 et
564 1300 598 1326 ab
613 1300 685 1326 omni
706 1299 833 1326 vitiorqu
851 1299 911 1326 labe
925 1300 1043 1333 expiata.

255 1344 402 1378 purissimo
417 1344 519 1371 numini
533 1343 668 1375 oii'eruut;
687 1345 750 1379 quid
764 1345 872 1376 mirum,
890 1345 912 1371 si
926 1345 994 1372 idem
1011 1352 1044 1372 ue

255 1389 386 1417 honorem
401 1390 510 1424 quidem
527 1397 599 1420 eum.
614 1398 693 1424 quem
704 1390 754 1417 iste
769 1390 901 1418 scelerate
913 1397 946 1417 ac
957 1390 1044 1418 scele-

254 1440 315 1463 rata
342 1440 432 1462 mente
457 1435 598 1467 oﬂ'crebat,
615 1436 750 1470 suscepit;
778 1436 833 1468 ille,
852 1436 972 1471 inquam,
996 1437 1042 1471 qui

255 1487 309 1508 nou
322 1481 438 1508 htunano
455 1489 528 1508 tnore
539 1482 683 1516 conspicit.
698 1489 748 1509 nec
763 1483 881 1517 speciem
898 1488 1041 1510 externam

255 1531 370 1561 spectat,
384 1534 477 1554 verum
501 1527 638 1554 occultum
655 1528 791 1554 hominem
811 1529 844 1560 “,
864 1532 945 1563 atque
960 1529 1044 1556 inter-

254 1580 319 1600 nam
334 1573 390 1600 vitii
405 1573 446 1600 vel
458 1573 564 1600 virtutis
578 1572 715 1600 oﬂicinam
735 1574 873 1601 intuetur?
888 1575 976 1610 Atque
993 1576 1044 1603 hoc

1104 293 1250 330 μαρτύρων
1268 293 1350 326 Θεὸς,
1365 293 1425 320 οὐδὲ
1443 294 1492 329 τὴν
1508 294 1699 329 μελετωμένην
1712 294 1760 320 καὶ
1774 302 1889 330 κρυπτο-

1104 340 1188 375 μένην
1204 339 1302 366 κακίαν
1318 338 1414 374 ὥσπερ
1431 339 1519 375 ῥεῦμα
1533 339 1588 375 (89)
1602 340 1720 375 πονηρὸν
1741 341 1822 372 εὐθὺς
1841 341 1874 367 ἀν

1102 385 1248 421 εξήρανεν,
1266 385 1282 420 ἢ
1306 385 1454 419 ἀνέκοψεν,
1475 383 1516 417 οἷς
1538 386 1619 417 αὑτὸς
1637 386 1770 421 ἠπίστατο
1789 385 1887 420 λόγοις,

1102 430 1172 457 κατὰ
1191 430 1240 466 τὴν
1255 430 1372 466 ἄρρητον
1387 428 1468 456 αὐτοῦ
1487 429 1582 464 σοςξίαν
1597 438 1627 456 τε
1648 430 1695 456 καὶ
1715 429 1886 465 κυϐέρνησιν,

1102 475 1163 502 καθ’
1177 476 1209 511 ἣν
1222 475 1268 502 καὶ
1283 475 1331 506 τὰς
1349 474 1520 509 Ἀμορραίων
1533 474 1648 509 ἀνομίας
1659 473 1888 509 ἀναπληρωθῆναι

1101 520 1250 556 ᾡκονόμει’
1271 520 1327 547 ἀλλ’
1344 520 1397 546 ἔδει
1410 521 1460 555 τήν
1474 528 1502 546 τε
1518 520 1574 555 (90)
1591 520 1755 555 κακοήθειαν
1773 519 1889 554 μισηοῆ-

1101 574 1162 599 ναι,
1178 566 1225 592 καὶ
1239 565 1288 601 τὴν
1303 565 1385 601 τιμὴν
1397 565 1558 600 ἀπωσθῆναι
1573 565 1628 591 τῶν
1645 564 1749 592 πολλῶν
1765 563 1818 598 (Si)
1832 564 1890 590 ἓνε-

1101 618 1158 643 κεν,
1185 611 1230 637 καὶ
1251 610 1388 645 δειχθῆναι
1414 609 1460 636 τοῦ
1483 609 1550 636 Θεοῦ
1577 609 1626 645 τὴν
1653 610 1718 645 περὶ
1739 609 1826 636 πάντα
1854 608 1889 635 τὰ

1101 656 1309 693 προσφερόμενα
1325 656 1436 692 ἰσότητά
1448 665 1478 682 τε
1492 657 1539 683 καὶ
1556 656 1740 693 καθαρότητα.

1135 786 1201 814 KG’.
1226 786 1255 813 '0
1278 786 1333 822 γὰρ
1347 785 1431 813 εἰπὼν
1450 786 1592 814 ἀσεϐοῦντι
1612 786 1651 822 τῷ
1669 787 1792 823 Ἰσραήλ·
1818 787 1888 815 Ἐὰν

1099 831 1288 866 προσφέρητε
1312 832 1368 867 (92)
1398 832 1568 866 σεμίδαλιν,
1592 833 1733 868 μάταιον·
1757 833 1887 868 (lup/apd

1096 877 1315 912 ,Βδέλυγμιίμοι
1332 877 1410 904 ἐστι·
1434 878 1483 909 τάς
1504 887 1533 904 τε
1556 878 1712 913 Νουμηνίας
1732 878 1821 904 αὐτῶν
1839 879 1888 904 καὶ

1064 924 1085 951 Β
1098 923 1132 949 τὰ
1146 923 1273 950 Σάϐϐατα
1283 943 1290 955 ,
1307 924 1353 950 καὶ
1368 924 1476 959 ἡμέραν
1496 924 1618 960 μεγάλην
1634 925 1664 951 οὺ
1690 925 1867 960 προσιέμενος
1877 931 1884 938 ”

1099 970 1168 1006 μηδὲ
1183 970 1237 1006 γὰρ
1252 970 1364 1003 δεῖσθαι,
1385 970 1492 1005 πλήρης
1509 970 1556 1001 ὣν,
1577 970 1688 1005 μηδενὸς
1706 970 1759 996 τῶν
1782 969 1886 1005 ἀνθρω-

1099 1017 1184 1042 πίνων
1202 1024 1231 1042 τε
1252 1016 1300 1043 καὶ
1318 1016 1441 1052 μικρῶν,
1467 1016 1509 1043 ἱνα
1531 1016 1612 1052 χαίρῃ
1633 1017 1679 1042 καὶ
1700 1017 1755 1048 τοῖς
1771 1017 1886 1049 ἀναξίως

1099 1062 1344 1098 προσφερομένοις·
1365 1062 1414 1098 τήν
1435 1070 1464 1088 τε
1488 1062 1535 1088 τοῦ
1557 1062 1657 1097 ἀνόμου
1680 1062 1784 1094 θυσίαν,
1802 1060 1885 1098 κᾶνῇ

1100 1108 1208 1143 μόσχος,
1243 1108 1281 1139 ὼς
1313 1108 1392 1140 κυνὸς
1425 1109 1480 1144 (95)
1515 1108 1741 1144 βδελυττόμενος,
1773 1110 1820 1136 καὶ
1848 1109 1887 1140 ὡς

1099 1155 1274 1190 βλασφημίαν
1292 1155 1338 1181 τὸν
1354 1155 1477 1186 λὶὃανον,
1500 1156 1546 1182 καὶ
1574 1155 1701 1191 ἄλλαγμα
1719 1156 1820 1191 πόρνης
1842 1154 1886 1187 ἒξ-

1098 1200 1196 1236 ηρίζων
1211 1200 1258 1226 τοῦ
1274 1200 1346 1235 ἱεροῦ
1358 1201 1404 1227 καὶ
1421 1201 1632 1236 ἀποσειόμενος,
1648 1202 1732 1237 μόνην
1746 1202 1773 1228 δὲ
1791 1201 1886 1228 θυσίαν

1097 1247 1203 1282 τιμῶν,
1226 1247 1259 1282 ἣν
1282 1247 1402 1283 καθαραὶ
1427 1247 1465 1282 τῷ
1489 1247 1677 1283 καθαρωτάτῳ
1703 1248 1886 1284 προσφέρουσι

1098 1293 1197 1328 χεῖρες,
1215 1293 1261 1318 καὶ
1280 1292 1342 1323 νοῦς
1361 1292 1461 1328 ὑψηλός
1475 1301 1504 1319 τε
1518 1293 1566 1319 καὶ
1582 1293 1760 1329 ἡγνισμένος·
1775 1293 1801 1318 τί
1821 1293 1887 1319 θαυ-

1099 1338 1211 1372 μαστὸν,
1230 1337 1254 1364 εί
1272 1337 1339 1372 μηδὲ
1358 1338 1407 1372 τὴν
1424 1337 1528 1364 ἐκείνου
1544 1339 1627 1373 τιμὴν
1642 1338 1821 1374 προσεδέξατο
1836 1347 1886 1365 που

1097 1382 1188 1419 νηρῶς
1208 1391 1237 1410 τε
1251 1384 1299 1410 καὶ
1315 1383 1383 1418 μετὰ
1403 1385 1524 1420 πονηρᾶς
1543 1385 1592 1420 τῆς
1611 1385 1730 1416 διανοίας
1748 1393 1886 1420 προσαγο-

1099 1429 1193 1464 μένην,
1206 1428 1220 1454 ὁ
1237 1428 1274 1464 μὴ
1287 1428 1411 1463 καθορῶν
1424 1429 1462 1460 ὡς
1477 1429 1619 1464 ἄνθρωπος
1632 1430 1699 1463 (94),
1718 1430 1783 1465 μηδὲ
1800 1431 1839 1461 εἰς
1855 1430 1886 1457 τὸ

1097 1474 1256 1509 φαινόμενον
1270 1473 1387 1509 βλέπων,
1400 1475 1457 1501 ἀλλ’
1474 1475 1513 1506 εἰς
1527 1475 1572 1501 τὸν
1589 1475 1708 1510 κρυπτὸν
1728 1475 1882 1510 ἄνθρωπον,

1097 1521 1144 1547 καὶ
1158 1521 1198 1552 εἰς
1212 1520 1242 1546 τδ
1260 1519 1333 1547 ἔνδον
1355 1521 1405 1556 τῆς
1421 1520 1520 1552 κακίας
1535 1520 1551 1556 ἢ
1567 1521 1617 1556 τῆς
1636 1521 1736 1556 ἀρετῆς
1753 1522 1885 1556 ἐργαστη-

1098 1574 1172 1602 ριον;
1191 1566 1276 1592 Τοῦτο
1289 1566 1338 1601 μὲν
1351 1566 1384 1602 δὴ
1400 1567 1504 1593 τοιοῦτο
1514 1575 1521 1581 ·
1535 1567 1582 1593 καὶ
1597 1567 1624 1592 εἴ
1637 1575 1679 1598 τις
1691 1566 1809 1598 ἀπιστεῖ,
1823 1568 1886 1599 τοὺς

254 1619 365 1654 quidem
390 1619 443 1647 tale
466 1624 518 1646 est.
545 1619 622 1652 Quod
650 1621 672 1648 si
695 1621 755 1655 quis
782 1620 847 1647 mihi
874 1608 963 1648 minus
980 1621 1042 1649 fidei

1096 1611 1276 1647 τεθεαμένους
1286 1612 1384 1643 αὐτοὺς
1398 1611 1650 1648 ὲπιμαρτυρόμεϐα·
1665 1612 1757 1638 πολλοὶ
1767 1611 1795 1638 δέ
1805 1613 1884 1644 εἰσιν,

255 1666 409 1693 habendum
425 1671 512 1700 putat,
532 1673 580 1693 eos
599 1666 687 1701 ipsos,
710 1666 757 1701 qui
779 1666 935 1701 spectaculo
958 1667 1041 1695 inter-

254 1712 342 1744 fuere,
357 1716 439 1739 testes
461 1712 606 1746 producam
623 1721 629 1738 :
646 1720 708 1739 nam
724 1712 822 1740 multos
837 1712 933 1745 ltabco.
956 1715 1001 1748 qui
1016 1720 1044 1741 et

254 1760 288 1786 ad
301 1766 350 1786 nas
361 1759 412 1785 hoc
425 1757 584 1785 miraculum
596 1757 815 1791 transmiserunt,
830 1762 857 1785 et
871 1759 904 1785 ad
917 1763 1042 1794 posteros

254 1805 450 1832 transmittent.

291 1849 377 1876 xxx.
390 1848 575 1884 Posteaquam
591 1853 681 1876 autem
700 1848 733 1875 ad
747 1848 850 1876 virilem
865 1854 974 1878 atatem
987 1850 1041 1886 jam

255 1895 402 1931 progressi,
431 1894 608 1930 philosophia:
632 1894 730 1929 placita
755 1895 931 1929 degustarunt
949 1896 1042 1931 (quod

254 1941 357 1968 utinam
370 1948 506 1975 nunquam
517 1940 657 1968 fecissent!
673 1941 681 1975 )
697 1942 858 1976 dicendique
872 1941 1041 1976 facultatem,

253 1994 314 2021 qua:
328 1987 505 2022 mprobis-et
519 1987 638 2014 honestis
655 1988 762 2014 virtutis
779 1987 992 2016 instrumentum
1009 1997 1042 2016 ac

253 2033 404 2061 subsidium
422 2037 480 2065 est,
509 2033 546 2059 ita
568 2031 697 2066 improbis
715 2036 741 2059 et
758 2031 900 2067 ﬂagitiosis
915 2033 973 2060 vitii
992 2034 1041 2061 sti-

253 2078 343 2106 mulus
358 2078 484 2112 eﬂicitur,
495 2078 615 2113 insuper
627 2083 843 2113 assumpserunt,
860 2079 971 2107 minime
985 2079 1041 2114 jam

252 2125 326 2152 omni
341 2132 374 2152 ex
394 2129 471 2159 parte
488 2125 609 2151 morbmn
631 2124 721 2151 anitno
732 2123 857 2151 clausum
874 2129 975 2158 tenere.
993 2133 1042 2153 nec

252 2170 401 2205 impietatis
418 2170 539 2197 lrautlem
558 2177 670 2204 prorsus
682 2177 774 2198 secum
794 2170 852 2204 ipse
869 2170 942 2197 solus
958 2171 1042 2198 medi-

253 2217 305 2243 tari
326 2221 440 2252 poterat.
465 2216 534 2249 Quin
550 2217 649 2252 potius,
666 2215 892 2250 quemadmodum
908 2216 996 2250 ignem
1014 2217 1040 2243 in

253 2263 367 2290 materia
392 2263 530 2295 latentem,
557 2262 663 2289 etiamsi
682 2261 799 2288 nondum
825 2262 852 2288 in
877 2261 1040 2288 luculentam

252 2308 389 2337 ﬂammam
404 2308 554 2340 attollatur,
570 2309 721 2336 emicantes
734 2313 822 2334 tatucn
835 2307 961 2334 scintillae
972 2314 1041 2341 qua-

253 2355 325 2387 dam,
352 2358 398 2381 aut
424 2355 542 2382 l'umuse
557 2354 689 2389 profundo
713 2353 905 2386 subindicant;
929 2357 988 2386 aut,
1013 2353 1040 2380 si

252 2400 357 2432 mavis,
375 2399 601 2434 quemadmodum
628 2399 715 2426 fontes
737 2398 785 2431 illi,
806 2398 851 2433 qui
875 2404 922 2431 per
943 2405 1040 2432 specus

251 2444 305 2480 91
322 2445 452 2479 quosdam
466 2452 526 2471 cum
539 2443 604 2471 ﬂatu
619 2443 774 2475 volvuntur,
786 2450 818 2470 ac
831 2442 928 2470 deinde
943 2441 1040 2469 arctis-

251 2492 322 2518 sitne
338 2490 498 2524 campressi.
514 2497 563 2516 nec
574 2489 687 2517 liberum
705 2490 806 2516 exitum
818 2488 958 2520 habentes,
972 2487 1038 2514 mul-

251 2537 287 2565 tis
303 2541 382 2565 terra:
395 2536 465 2564 locis
481 2543 607 2571 vaporem
633 2536 659 2562 in
679 2535 796 2563 sublime
816 2535 926 2562 tuittunt
940 2555 947 2567 ,
972 2536 1038 2562 taci-

286 2594 311 2611 -“
322 2593 393 2623 Gen.
413 2601 458 2626 xv,
473 2593 514 2621 l6.
554 2593 576 2608 '°
592 2593 643 2620 lsa.
656 2601 675 2625 ι,
692 2592 735 2621 15.
773 2592 795 2608 ¹¹
818 2593 894 2620 Deut.
913 2600 992 2624 xxut.
1013 2591 1056 2619 18.

289 2653 346 2687 (89)
372 2652 490 2687 Ῥεῦμα.
507 2651 623 2678 Montac.
640 2651 703 2687 legit
721 2650 847 2687 ῥεύματι.

286 2685 344 2722 (91))
367 2688 426 2721 Τήν
439 2685 479 2714 re.
495 2687 552 2713 Iitll.
564 2688 589 2713 in
598 2687 674 2722 Orat.
687 2685 748 2722 Bas.
759 2686 809 2721 τήν
820 2694 861 2720 γε.
881 2695 884 2697 ’

288 2721 343 2759 (91)
367 2723 428 2749 Τῶν
445 2722 579 2749 πολλῶν.
599 2732 608 2747 ι
631 2721 665 2749 Ut
691 2721 770 2755 vulgo
795 2721 983 2748 consuleretur
1009 2729 1040 2748 ac

251 2759 427 2786 multitudini.
445 2767 454 2783 ι

288 2792 563 2829 (92)]1ροσφέρητε.
580 2792 645 2829 Reg.
661 2799 687 2824 a,
703 2791 730 2823 Ι),
744 2790 913 2827 προσφέρῃς.
924 2790 1038 2818 Montac.

252 2827 429 2865 προεφέρεις.
448 2828 477 2854 ιη
490 2828 663 2865 kept-£91173.

288 2860 344 2898 (93)
364 2860 416 2895 ’Ὡς
430 2864 533 2897 κυνός.
548 2860 645 2895 Κείς-Ἰ.
658 2868 686 2889 et
696 2861 790 2898 Comh.
803 2862 841 2894 ὡς
853 2860 932 2888 κύνα.

285 2897 345 2936 (ιιι)
371 2897 419 2932 Ὠς
430 2898 592 2932 ἅνθρωπος.
608 2898 673 2933 lies.
689 2897 745 2930 bm,
756 2897 850 2925 Comb.
863 2897 961 2931 aliique
972 2904 1038 2925 non-

1057 2290 1079 2318 Ι)

1096 1658 1122 1684 οἴ
1143 1659 1189 1685 καὶ
1204 1659 1269 1694 ἡμῖν
1286 1658 1333 1684 καὶ
1349 1659 1406 1689 τοῖς
1426 1658 1523 1684 ἔπειτα
1539 1657 1570 1685 τὸ
1596 1657 1688 1694 θαῦμα
1711 1657 1791 1685 τοῦτο
1812 1666 1884 1693 παρ-

1097 1705 1222 1741 έπεμψάν
1236 1713 1266 1731 τε
1281 1705 1328 1731 καὶ
1343 1704 1572 1740 παραπέμψουσιν

1130 1849 1170 1875 Λ¹.
1192 1849 1267 1875 Ἐπεὶ
1283 1848 1310 1875 δὲ
1326 1849 1365 1880 είς
1382 1848 1480 1884 ἄνδρας
1494 1849 1635 1884 προϊόντες
1654 1849 1704 1885 ἠδη
1719 1849 1774 1876 τῶν
1794 1849 1823 1875 ὲν
1840 1858 1885 1884 φι-

1095 1893 1207 1928 λοσοφίᾳ
1218 1894 1361 1929 δογμάτων
1373 1894 1477 1929 ἥψαντο
1503 1894 1550 1927 (ὡς
1566 1895 1673 1929 μήποτε
1687 1894 1822 1929 ὥφελονέ)
1838 1895 1884 1922 καὶ

1095 1939 1144 1974 τὴν
1161 1940 1193 1965 ἐκ
1209 1939 1255 1965 τοῦ
1273 1939 1352 1973 λόγου
1363 1939 1587 1974 προσελάμϐανον
1598 1939 1721 1975 δύναμιν,
1733 1940 1750 1976 ἥ
1763 1942 1818 1972 τοῖς
1833 1941 1883 1975 μὲν

1095 1985 1244 2012 ἐπιεικέσιν
1263 1985 1364 2021 ἀρετῆς
1375 1985 1468 2017 ὅπλον,
1482 1987 1537 2017 τοῖς
1552 1986 1580 2012 δὲ
1599 1985 1808 2022 μοχθηροτέρως
1820 1986 1882 2012 κέν-

1094 2040 1158 2067 τρον
1172 2031 1272 2063 κακίας
1285 2031 1399 2065 γίνεται,
1415 2031 1507 2058 οὐκέτι
1525 2031 1648 2066 κατέχειν
1665 2031 1728 2066 ὃλην
1744 2031 1794 2066 τὴν
1807 2031 1883 2057 νόσον

1095 2075 1149 2109 οἷός
1161 2086 1191 2104 τε
1203 2075 1247 2113 ἦν.
1264 2077 1326 2104 οὐδὲ
1343 2077 1482 2109 παντελῶς
1498 2077 1544 2104 τὸν
1561 2078 1611 2112 τῆς
1627 2077 1753 2108 ἀσεϐείας
1765 2077 1838 2103 δόλον
1853 2078 1883 2103 ὲν

1095 2123 1183 2158 ἑαυτῷ
1199 2124 1271 2159 μόνῳ
1286 2123 1455 2158 φιλοσοφεῖν·
1474 2123 1530 2150 ἀλλ’
1547 2123 1641 2159 ὥσπερ
1654 2123 1709 2158 πῦρ
1725 2123 1882 2159 ὲμφωλεῦον

1095 2168 1156 2205 ὕλῃ,
1172 2168 1223 2195 κᾶν
1240 2170 1322 2204 μήπω
1343 2169 1410 2204 πρὸς
1426 2169 1512 2203 φλόγα.
1532 2169 1662 2205 λαμπρὰν
1673 2169 1753 2205 ἀρθῇ,
1773 2169 1883 2204 σπινθῆ-

1095 2215 1142 2251 pi;
1162 2224 1233 2247 τινες
1252 2215 1414 2248 ἐξάπτοντες
1434 2215 1489 2251 (95)
1507 2215 1523 2251 ἢ
1545 2215 1648 2246 καπνὸς
1663 2216 1694 2241 ὲκ
1709 2215 1806 2250 βάθους
1817 2215 1883 2241 ὑπο-

1096 2261 1272 2297 σημαίνουσιν
1284 2270 1290 2277 ·
1307 2263 1332 2288 εί
1346 2261 1434 2297 βούλει
1450 2261 1487 2292 δὲ.
1504 2261 1557 2288 τῶν
1574 2261 1669 2296 πηγῶν
1691 2262 1719 2288 αἶ
1741 2262 1883 2297 σήραγγάς

1093 2315 1169 2338 τινας
1194 2307 1391 2343 ὑποτρέχουσαι
1411 2307 1479 2342 μετὰ
1500 2307 1671 2342 πνεύματος,
1687 2305 1736 2333 εἶτ’
1759 2307 1881 2342 εὐρυχω-

1095 2353 1155 2388 ρίαν
1172 2353 1222 2379 οὑκ
1240 2353 1360 2388 ἔχουσαι,
1375 2353 1434 2379 οὐδὲ
1449 2353 1563 2386 διέξοδον
1578 2353 1732 2389 ἐλευθέραν,
1747 2351 1882 2387 πολλαχοῦ

1092 2399 1142 2434 τῆς
1156 2399 1208 2434 γῆς
1223 2399 1383 2434 ἀναφυσῶσι
1397 2399 1444 2425 καὶ
1459 2399 1594 2434 ὑπηχοῦσι
1613 2399 1748 2429 κάτωθεν,
1764 2398 1817 2425 ὑπὸ
1832 2398 1882 2433 μὲν

1091 2445 1140 2480 τῆς
1161 2445 1217 2481 (96)
1237 2445 1285 2472 τοῦ
1307 2445 1463 2480 πνεύματος
1482 2444 1687 2480 ἀνωθούμεναι,
1707 2445 1758 2471 ὑπὸ
1781 2444 1809 2470 δὲ
1832 2444 1882 2479 τῆς

1091 2491 1195 2518 ἄνωθεν
1225 2491 1284 2526 βίας
1312 2491 1492 2526 κατεχόμεναί
1515 2499 1545 2517 τε
1574 2492 1621 2518 καὶ
1646 2491 1880 2525 ἀνακοπτόμεναι’

1091 2536 1164 2563 οὕτω
1185 2538 1232 2564 καὶ
1256 2538 1338 2570 αὐτὸς
1359 2538 1390 2564 τὸ
1415 2537 1464 2573 μὲν
1489 2537 1557 2564 πολὺ
1589 2537 1640 2572 τῆς
1660 2536 1787 2568 ἀσεϐείας
1815 2544 1882 2562 κατ-

1096 2593 1120 2609 ⁸³
1135 2592 1145 2619 l
1163 2593 1238 2621 Petr.
1252 2602 1295 2626 ιιι,
1307 2594 1334 2622 ι.

1095 2651 1170 2693 nulli_
1183 2653 1286 2693 addunt
1301 2653 1415 2680 κατίδοι.
1436 2663 1445 2680 ι
1463 2653 1513 2688 Qui
1533 2660 1585 2680 non
1605 2653 1641 2679 ita
1654 2651 1739 2685 videt,
1754 2657 1784 2678 ut
1802 2651 1882 2679 homo

1095 2688 1253 2722 perviderit.
1270 2698 1280 2713 ι

1132 2722 1188 2757 (95)
1215 2722 1419 2756 Ὲξάπτοντες.
1435 2723 1474 2750 ita
1488 2723 1605 2758 quinque
1617 2722 1694 2756 Regii
1714 2721 1813 2756 aliique
1825 2721 1883 2755 plu~

1095 2764 1150 2783 res.
1167 2757 1232 2790 ltex.
1246 2759 1288 2784 hm
1303 2764 1331 2784 et
1345 2758 1423 2786 Colb.
1438 2757 1455 2785 lt
1467 2759 1564 2785 habent
1576 2757 1747 2790 ὲξάπτοντιι.

1131 2792 1188 2827 (96)
1211 2792 1277 2826 Τῆς.
1309 2793 1365 2820 Non
1397 2793 1535 2827 inelegans
1563 2793 1606 2819 hic
1629 2792 1758 2819 articulus
1782 2791 1828 2826 qui
1847 2791 1883 2819 ad

1094 2826 1158 2868 βίας
1178 2826 1272 2855 referri
1293 2833 1395 2863 potest;
1411 2826 1482 2856 hunc
1493 2834 1585 2855 tamen
1599 2827 1626 2854 itt
1641 2827 1713 2855 nullo
1727 2826 1820 2854 codice
1838 2833 1882 2854 re-

1094 2870 1223 2897 perimus.
