2071 3133
171 175 221 204 561

668 177 798 206 ORATIO
815 177 862 206 IV.
875 193 912 200 —
929 178 1070 207 CONTRA
1086 179 1258 209 JULIANUM
1279 177 1301 208 Ι.

1743 176 1802 206 568

172 235 220 263 καὶ
244 234 294 271 τῆς
312 235 372 263 ἐκεῖ
390 235 471 279 δόξης
492 236 752 273 κληρονομήσαντα,
775 238 823 266 καὶ
837 237 962 266 τοσοῦτον

1015 247 1097 275 quam
1121 244 1151 267 ut
1167 248 1183 267 ιι
1201 247 1244 267 me
1263 238 1425 274 reprehendi
1437 237 1547 270 debeas,
1565 241 1656 271 utp0te
1672 236 1719 271 qui
1744 235 1798 263 Deo

176 281 420 317 μεταχωρήσαντα,
440 281 503 308 ὅσον
531 282 695 317 μεταθέσθαι
719 283 769 318 τὴν
795 283 960 319 βασιλείαν)·

172 326 232 353 τινα
257 326 360 362 ταύτην
380 326 533 357 ἐϐουλεύσω
548 327 655 364 βουλὴν,
668 329 776 356 πάντων
791 330 897 357 συνέσει
915 331 963 357 καὶ

172 372 297 407 ἀγχινοίᾳ
311 371 382 399 κατὰ
397 372 464 399 πολὺ
481 372 630 408 διαφέρων,
654 375 685 400 οὐ
708 374 763 401 τῶν
777 374 823 401 ἐπὶ
836 374 884 401 σοῦ
905 374 961 410 (22)

173 417 304 453 βασιλέων
321 418 411 453 μόνον,
427 418 496 446 ἀλλὰ
510 420 620 446 καὶτῶν
636 419 792 455 ἔμπροσθεν
807 430 814 453 ;
830 421 843 447 ὁ
857 420 888 447 τὸ
899 420 964 456 βαρ-

173 464 286 500 ϐαρικὸν
304 464 499 501 ἀνακαθαίρων
514 465 617 501 κύκλῳ,
633 466 680 493 καὶ
694 466 757 497 τοὺς
778 466 847 493 οἴκοι
866 467 965 503 τυράν-

173 518 234 542 νους
248 510 434 547 χειρούμενος,
449 512 512 543 τοὺς
532 512 581 547 μὲν
594 513 650 543 τοῖς
663 511 752 546 λόγοις
761 532 767 543 ,
782 512 846 545 τοὺς
861 512 890 539 δὲ
904 514 961 545 τοῖς

173 555 276 587 ὅπλοις,
291 556 335 583 καὶ
352 556 456 584 τούτων
471 557 601 592 ἑκάτερον
617 558 655 589 ὡς
678 558 761 594 μηδὲν
776 558 829 584 ὑπὸ
841 558 888 585 τοῦ
904 558 964 585 ἑτέ-

176 609 221 635 ρου
246 601 450 637 διοχλούμενος·
473 599 503 629 οὗ
521 603 626 638 μεγάλα
649 603 698 638 μὲν
713 602 833 637 τρόπαια
847 602 882 629 τὰ
904 603 963 638 μεθ’

173 647 263 674 ὅπλων
291 648 336 675 καὶ
353 648 454 684 μάχης,
485 649 570 684 μείζω
584 649 611 675 δὲ
627 648 673 676 καὶ
692 649 910 684 περιφανέστερα
930 649 966 675 τὰ

174 693 343 729 ἀναίμακτα·
367 694 435 730 πρὸς
456 694 486 721 ὃν
509 695 556 721 καὶ
586 695 613 721 αἱ
631 694 802 730 πανταχόθεν
818 694 964 730 πρεσϐεῖαι

174 739 221 765 καὶ
232 739 331 766 ίκεσίαι
342 749 348 755 ”
357 737 423 774 Qui
434 740 482 775 μὲν
493 740 548 775 (25)
561 740 693 776 ὑπήκουε,
707 740 742 767 τὰ
753 740 782 766 δὲ
794 739 889 775 ἔμελλε
897 739 963 776 (et)-

174 784 228 811 πᾶν
244 784 271 811 δὲ
286 783 320 820 ἦν
332 785 362 812 τὸ
378 785 505 812 ἐλπισθὲν
525 786 583 813 ἴσον
612 786 651 821 τῷ
670 779 829 821 χειρωθὲντι
840 794 847 802 ·
864 786 879 812 ὁ
893 787 966 822 χειρὶ⁸

173 827 240 856 Θεοῦ
258 829 326 865 πρὸς
338 831 428 857 πᾶσαν
453 831 501 858 καὶ
516 831 613 866 βουλὴν
627 831 674 857 καὶ
689 831 789 867 πρᾶξιν
816 830 965 866 ὁδηγούμε-

172 883 236 907 νος’
252 874 282 903 οὗ
297 876 397 911 μᾶλλον
417 878 465 913 μὲν
477 878 526 913 τῆς
539 878 628 914 χειρδς
645 878 661 913 ἡ
680 877 798 909 σύνεσις,
817 877 917 912 μᾶλλον
936 877 964 904 δὲ

1012 286 1154 321 adjunctus
1167 286 1206 314 sis
1219 305 1228 317 ,
1242 285 1415 319 cmlestisque
1430 283 1522 319 gloriae
1539 282 1724 311 [nereditatem
1750 288 1798 308 sc-

1013 332 1127 366 ceperis,
1146 336 1228 366 atque
1245 331 1271 358 in
1284 335 1388 358 tantum
1408 337 1422 357 a
1435 329 1513 357 nobis
1526 328 1661 363 migraris,
1674 333 1704 354 ut
1714 326 1800 361 impe-

994 365 998 378 I
1012 378 1082 405 rium
1097 385 1158 405 cum
1173 377 1284 405 meliore
1300 376 1503 410 commtttares.)
1513 375 1651 408 Quodnam
1666 375 1716 402 hoc
1735 381 1800 401 con-

1012 423 1101 451 silium
1113 424 1274 458 suscepisti.
1292 423 1337 458 qui
1354 429 1448 450 omnes
1461 442 1469 454 ,
1482 429 1534 449 nan
1554 426 1604 448 tua:
1624 421 1709 448 solum
1722 440 1729 452 .
1751 421 1798 447 sed

1013 469 1094 496 etiam
1119 470 1270 504 superioris
1296 468 1434 496 memoria:
1461 458 1637 501 imperatores
1656 465 1739 492 animi
1755 473 1800 493 so-

1013 515 1091 543 lertia
1107 520 1132 543 et
1151 516 1277 542 acumine
1293 515 1374 549 longe
1388 513 1588 541 antecellebas?
1608 512 1653 547 qui
1671 511 1801 538 barbaras

1013 561 1136 588 nationes
1151 569 1199 596 per
1215 568 1309 596 gyrum
1325 561 1508 595 repurgabas,
1532 564 1716 593 tyrannosque
1731 557 1800 583 inte-

1014 607 1101 635 stinos
1117 607 1212 633 ditioni
1235 612 1299 639 tum,
1317 606 1414 640 partim
1437 604 1625 636 sermonibus.
1643 603 1740 638 partim
1757 610 1803 629 ar.

1015 651 1066 679 mis
1079 651 1254 684 subjicicbas,
1276 655 1304 678 et
1317 651 1424 685 quidem
1445 655 1590 684 utrmnqtte
1608 649 1643 675 ita
1658 648 1752 675 dextro
1773 651 1802 674 et

1014 698 1134 733 egregie,
1148 697 1225 731 quasi
1242 697 1276 725 ah
1291 697 1376 723 altero
1397 696 1462 723 nihil
1477 694 1608 722 molestia:
1624 693 1673 720 tibi
1687 692 1801 720 exhibe-

1016 749 1106 771 retur:
1128 742 1204 776 cujus
1220 750 1281 770 cum
1306 749 1402 777 magna
1415 746 1443 769 et
1457 741 1555 771 eximia
1573 740 1693 775 trophzna
1718 738 1802 766 armis

1015 790 1042 813 et
1059 786 1151 821 prazlio
1166 786 1278 821 quaesita
1295 806 1303 818 ,
1327 791 1383 813 tum
1412 786 1513 820 majora
1528 789 1555 813 et
1577 784 1721 812 illustriora
1742 783 1802 810 sine

1016 831 1069 858 nlla
1084 831 1191 858 cruoris
1214 829 1373 865 prolusione
1394 836 1488 865 parta;
1503 830 1536 856 ad
1553 837 1633 864 quem
1653 828 1801 864 legationes

1016 881 1043 902 et
1064 874 1272 909 supplicationes
1286 874 1464 910 undectmque
1479 873 1652 902 conﬂuebant
1666 883 1672 901 :
1685 873 1728 901 cui
1753 880 1802 900 na-

173 921 223 956 τῆς
237 922 371 955 συνέσεως
393 924 409 958 ἡ
431 924 492 959 χεὶρ
513 923 699 959 ἐθαυμάζετο·
723 923 804 950 πλέον
819 923 848 950 δὲ
869 923 920 958 τῆς
935 924 962 949 ὲν

1017 922 1102 948 tiones
1117 921 1213 955 partim
1235 920 1292 954 jam
1318 920 1444 952 subdita},
1469 920 1567 955 partim
1582 918 1694 954 jamjam
1718 917 1802 952 subji-

173 967 339 1004 ἀμφοτέροις
355 969 556 1006 εὐδοκιμήσεως
568 970 585 1005 ἡ
597 969 734 996 εὐσέϐεια.

1017 967 1119 994 cienda‘:
1140 970 1237 998 erant;
1253 970 1282 993 ttt
1296 965 1323 993 in
1345 966 1440 994 eadem
1457 974 1538 994 causa
1556 971 1646 993 essent
1667 972 1761 992 omnes
1782 963 1800 991 ii

173 1020 290 1046 quorum
306 1016 508 1050 expugnatioin
524 1023 571 1051 spe
583 1017 670 1051 posita
683 1021 801 1048 erat,ac
812 1016 835 1043 si
864 1014 920 1050 iam
953 1013 1048 1041 domiti
1072 1017 1153 1048 atque
1187 1014 1213 1040 in
1237 1019 1397 1048 potestatem
1425 1013 1528 1040 redacti
1554 1017 1666 1040 essent:
1684 1012 1729 1047 qui
1753 1011 1802 1040 Dei

173 1067 253 1086 manu
265 1059 297 1086 ad
310 1059 528 1088 omnia'consilia
542 1068 638 1096 reSque
649 1069 743 1090 omnes
753 1061 887 1096 gerendas
916 1059 1036 1087 utebaris
1053 1070 1060 1087 ι
1079 1060 1157 1094 cujus
1171 1059 1288 1095 denique
1319 1065 1346 1087 et
1363 1059 1504 1093 prodentia
1521 1058 1650 1093 majorem
1682 1058 1724 1085 sui
1755 1058 1802 1085 ad-

173 1107 344 1134 mirationem
363 1108 496 1138 movebat.
512 1114 591 1141 quam
604 1115 730 1135 manuum
745 1108 834 1142 vires;
852 1113 880 1136 ct
910 1114 1004 1134 rursus
1035 1106 1107 1133 vires
1139 1106 1234 1140 majori
1269 1106 1444 1134 admirationi
1461 1109 1558 1138 erant,
1575 1113 1658 1141 quam
1682 1105 1802 1141 pruden-

173 1154 236 1183 tia:
260 1157 342 1188 atque
372 1160 485 1187 utroque
510 1153 664 1188 praeclarior
691 1155 876 1189 illustriorque
901 1159 961 1181 erat
982 1152 1089 1186 pietatis
1103 1152 1199 1187 gloria.

208 1199 270 1227 ΔΗ.
284 1200 346 1231 Πῶς
357 1197 403 1226 οὖν
418 1199 535 1227 ἐνταῦθα
555 1199 637 1235 μόνον
658 1199 887 1236 ἀμαθὴςνὲφάνης
903 1199 960 1235 (Ξό)

173 1245 221 1272 καὶ
239 1245 458 1281 ἀπερίσκεπτος;
486 1245 518 1272 Τί
540 1246 571 1272 τδ
593 1245 675 1281 τάχος
699 1247 751 1282 τῆς
777 1246 962 1282 ἀπανθρώπου

174 1291 399 1328 φιλανθρωπίας;
430 1293 478 1324 Τίς
506 1293 665 1328 συνεισῆλθε
694 1293 828 1329 δαιμόνων
852 1292 906 1328 (26)
923 1291 963 1328 τῷ

174 1338 331 1374 σκέμματις
348 1338 409 1370 Πῶς
432 1339 478 1366 τὸν
495 1339 582 1374 μέγαν
607 1339 706 1375 κλῆρον
731 1339 780 1366 καὶ
793 1339 824 1365 τὺ
837 1338 963 1374 πατρῷον

173 1384 365 1421 καλλιδπισμα,
381 1386 443 1417 τοὺς
457 1386 619 1421 ἐπωνύμους
630 1386 701 1420 λέγῳ
714 1385 842 1421 Χριστοῦ,
852 1386 882 1412 τὺ
898 1394 964 1412 παν-

172 1431 256 1467 ταχοῦ
274 1431 324 1467 τῆς
339 1432 502 1467 οἰκουμένης
517 1432 661 1468 ὲκλάμψαν
677 1432 764 1463 ἔθνος,
780 1432 811 1458 τὸ
827 1431 962 1467 βασίλειον

175 1477 333 1513 ἱεράτευμα,
350 1477 381 1504 τὺ
407 1477 497 1513 πολλῴ
519 1479 593 1514 πόνῳ
608 1479 654 1505 καὶ
670 1479 777 1510 πολλοῖς
794 1477 886 1514 ἱδρῶσι
902 1487 963 1504 συν-

173 1523 304 1559 αυξηθὲν,
322 1523 409 1556 οὕτως
425 1524 454 1550 ὲν
477 1524 560 1559 ὀλίγῳ
576 1524 622 1551 καὶ
638 1525 713 1560 ἀκμῇ
731 1524 844 1560 βραχείᾳ
864 1523 961 1559 καιροῦ

173 1569 213 1605 τῷ
223 1569 305 1605 κοινῷ
320 1569 483 1605 παλαμναίῳ
493 1569 583 1605 φέρων
600 1570 777 1606 παρέδωκαςς

209 1656 279 1690 ACf'.
287 1657 367 1688 Ἴσως
380 1665 405 1683 τι
416 1657 463 1684 καὶ
477 1657 585 1683 ἀσεϐεῖν
596 1657 671 1693 ὑμῖν,
687 1656 806 1692 ἀδελφοὶ,
820 1656 961 1692 φαίνομαι,
977 1668 997 1696 C

174 1701 223 1727 καὶ
244 1701 414 1736 ἀγνωμονεῖν
431 1703 460 1728 ἐν
481 1703 537 1733 τοῖς
564 1701 654 1736 λόγοις
668 1701 786 1733 τούτοις,
808 1701 855 1728 καὶ
870 1702 911 1728 ὃτι
925 1702 962 1737 μὴ

175 1744 243 1780 ταχὺ
263 1746 319 1777 τοῖς
340 1745 390 1780 τῆς
412 1746 580 1782 κατηγορίας
602 1747 722 1782 ῥήμασιν
742 1746 838 1780 ἐπάγω
859 1747 894 1773 τὰ
914 1747 963 1782 τῆς

175 1790 315 1826 ἀληθείας.
333 1791 431 1818 Καίτοι
448 1800 480 1826 γε
499 1792 600 1824 ἱκανῶς
619 1791 834 1828 ἀπολελόγημαι,
859 1793 906 1819 καὶ
929 1792 963 1819 δι’

175 1835 264 1862 αὐτῶν
279 1832 315 1862 ὧν
332 1836 500 1872 ἑγκέκληκα,
516 1837 543 1863 εἴ
564 1846 591 1863 τι
608 1838 641 1873 τῇ
662 1838 816 1873 κατηγορίᾳ.
839 1838 888 1864 τὸν.
901 1838 964 1865 νοῦν

175 1881 322 1917 προσέχετε
334 1890 340 1896 ·
360 1882 497 1909 κάνταῦθα
526 1882 606 1917 μόνον
630 1883 686 1918 ('27)
703 1884 720 1919 ἡ
747 1884 897 1919 κατηγορία
913 1884 963 1920 τὴν

175 1927 272 1960 ἄςρεσιν
283 1927 355 1962 ἔχει·
376 1927 549 1964 χρηστότητα
565 1927 619 1964 γὰρ
634 1928 729 1962 εἰπὼν,
751 1929 800 1964 τὴν
816 1929 962 1963 ἀπολογίαν

175 1971 307 2007 ἐδήλωσα.
317 1972 364 2004 Τίς
379 1973 433 2008 γὰρ
448 1973 497 1999 οὐκ
512 1971 566 1999 οἶδε
579 1973 626 1999 καὶ
639 1973 693 1999 τῶν
719 1973 836 2009 μετρίως
860 1974 963 2000 ἐκεῖνον

176 2017 374 2052 ὶπισταμὲνων,
392 2018 433 2044 ὃτι
449 2017 529 2044 ἕνεκα
545 2018 594 2053 μὲν
606 2018 747 2050 εὐσεϐείας
765 2018 812 2045 καὶ
836 2018 883 2045 τοῦ
899 2018 963 2054 περὶ

175 2064 249 2099 ἡμᾶς
264 2065 386 2100 φίλτρου,
403 2065 450 2092 καὶ
464 2065 511 2092 τοῦ
533 2065 676 2100 βούλεσθαι
690 2065 744 2092 πᾶν
761 2066 826 2101 ἡμῖν
841 2065 943 2100 ἀγαθὸν
953 2085 960 2098 ,

177 2110 215 2146 μὴ
225 2111 264 2137 ὅτι
276 2111 380 2137 ἐκεῖνον
393 2110 450 2146 (‘28)
465 2111 592 2146 παρεῖδεν
605 2111 648 2142 ἂν,
661 2110 781 2146 ἢγένους
793 2110 853 2138 ὅλου
867 2110 961 2146 τιμὴν,

176 2155 192 2192 ἢ
219 2156 378 2192 προσθήκην
406 2157 457 2191 τῆς
486 2157 635 2191 βασιλείας,
662 2156 791 2183 ἀλλὰκαὶ
816 2157 899 2192 αὐτῆς
912 2157 962 2192 τῆς

177 2203 315 2238 βασιλείας
335 2203 402 2238 ('29),
429 2203 477 2229 καὶ
505 2204 617 2231 πάντων,
630 2203 685 2230 τῶν
713 2203 808 2234 ὄντων,
839 2203 886 2230 κοιλ⁸
912 2203 961 2238 τῆς

173 2248 263 2283 ψυχῆς
275 2248 370 2284 αὐτῆς,
384 2246 418 2284 ἦς
430 2248 506 2275 οὐδὲν
517 2248 604 2275 οὐδενὶ
616 2247 788 2283 τιμιώτερον,
801 2247 850 2283 τὴν
863 2248 963 2283 ἡμετέ-

177 2303 226 2329 ραν
241 2293 391 2328 ἀσφάλειάν
419 2302 450 2320 τε
468 2293 516 2320 καὶ
541 2293 680 2329 σωτηρίαν
701 2294 751 2320 οὐκ
775 2293 812 2321 ἂν.
835 2293 962 2330 χαλεπῶς

174 2340 307 2376 ἠλλάξατο
320 2349 328 2373 ;

1049 1197 1159 1226 XXXV.
1174 1199 1296 1232 Quonam
1315 1198 1397 1233 igitur
1409 1198 1488 1225 modo
1504 1197 1548 1224 hic
1560 1197 1646 1224 solum
1663 1197 1803 1232 imperitus

1014 1244 1180 1280 minimeque
1202 1245 1414 1279 circumspectus
1433 1244 1586 1278 exstitisti?
1607 1243 1673 1277 Qum
1691 1243 1802 1272 hmcin-

1014 1291 1139 1318 humanae
1154 1291 1332 1318 humanitatis
1346 1289 1496 1318 celeritas?
1520 1290 1588 1323 Quis
1601 1291 1752 1317 danuonunt
1768 1289 1802 1316 ad

1016 1337 1086 1364 hanc
1102 1336 1324 1364 deliberationem
1343 1336 1423 1364 simul
1440 1336 1550 1371 irrepsit
1563 1337 1575 1363 ἵ
1589 1335 1731 1369 Quomodo
1744 1342 1802 1362 ma-

1015 1390 1095 1418 gnam
1109 1383 1178 1409 illam
1195 1382 1390 1414 hmreditatem,
1407 1389 1439 1409 ac
1452 1382 1569 1417 patrium
1584 1382 1666 1409 decus
1682 1386 1708 1409 et
1721 1389 1802 1409 oma-

1017 1433 1147 1460 meotom,
1161 1435 1207 1455 eos
1219 1428 1280 1455 dico
1292 1448 1299 1461 ,
1313 1427 1358 1462 qui
1377 1435 1392 1455 a
1404 1428 1513 1456 Christo
1530 1432 1736 1463 cognomentum
1751 1427 1803 1454 ha-

1017 1474 1090 1506 bent,
1105 1478 1210 1508 gentem
1236 1473 1309 1500 illam
1327 1477 1382 1501 toto
1394 1474 1492 1508 passim
1506 1473 1572 1501 orbe
1586 1473 1730 1506 lucentem,
1758 1480 1802 1500 re-

1015 1519 1074 1554 ευρ
1091 1518 1272 1546 sacerdotium
1288 1519 1322 1552 ",
1344 1519 1428 1546 multo
1443 1518 1534 1547 labore
1554 1519 1698 1553 multisque
1726 1520 1804 1547 sudo-

1017 1565 1090 1591 ribus
1119 1569 1248 1596 auctum,
1267 1569 1320 1591 tam
1345 1564 1421 1591 hrevi
1445 1569 1527 1599 atque
1550 1564 1646 1600 exiguo
1674 1564 1803 1598 temporis

1015 1616 1115 1644 puuc'o
1131 1610 1266 1638 communi
1287 1610 1348 1637 huic
1366 1610 1435 1645 pesti
1451 1615 1478 1638 ct
1497 1610 1574 1638 furia:
1597 1609 1752 1638 tradidisti?

1050 1656 1173 1684 XXXVI.
1190 1658 1243 1685 Sed
1258 1657 1373 1684 fortasse
1387 1658 1475 1690 vobis,
1495 1658 1604 1690 I'ratres,
1619 1657 1700 1692 impie
1711 1657 1802 1684 facere

1015 1702 1119 1734 videOr,
1133 1707 1217 1738 atque
1230 1703 1257 1730 in
1271 1704 1321 1730 hoc
1334 1709 1460 1731 sermone
1470 1703 1555 1738 iniqui
1567 1708 1594 1731 et
1607 1702 1703 1738 ingrati
1715 1701 1799 1729 animi

1014 1748 1151 1781 specimen
1167 1748 1314 1782 exhibere,
1339 1751 1410 1784 quod
1429 1757 1483 1778 non
1500 1750 1593 1776 statim
1617 1747 1800 1776 accusationis

1013 1792 1102 1820 verbis
1126 1793 1251 1821 veritatis
1274 1793 1354 1821 verba
1383 1795 1552 1822 subnectam.
1576 1793 1734 1828 Quanquam
1753 1799 1800 1827 per

1013 1845 1043 1866 ca
1070 1846 1176 1874 quoque
1203 1847 1262 1874 qua:
1285 1840 1371 1874 objeci
1385 1860 1392 1872 ,
1408 1841 1475 1867 satis
1498 1839 1584 1874 ipsius
1612 1845 1722 1866 causam
1737 1838 1799 1874 egi,

1013 1892 1130 1919 eumque
1153 1886 1266 1920 purgari
1280 1905 1286 1918 ,
1301 1886 1323 1914 si
1343 1887 1424 1914 modo
1441 1885 1608 1913 accusationi
1635 1890 1736 1912 nostra:
1761 1888 1800 1911 at-

1014 1934 1116 1957 tentum
1136 1931 1254 1958 animum
1273 1932 1444 1966 prmhuistis;
1461 1937 1542 1966 atque
1557 1931 1602 1958 hic
1616 1931 1746 1958 duntaxat
1756 1937 1799 1957 ac-

1013 1977 1144 2007 cusationi
1163 1979 1298 2007 absolutio
1309 1980 1452 2015 conjuncta
1479 1984 1531 2007 cst.
1547 1979 1615 2007 Nam
1641 1987 1702 2006 cum
1726 1978 1800 2006 beni-

1015 2023 1146 2058 gnitatem
1161 2024 1230 2056 dixi,
1243 2025 1269 2052 id
1286 2032 1378 2060 aperte
1392 2025 1448 2062 94
1462 2026 1516 2053 dixi
1528 2026 1598 2060 quod
1612 2033 1672 2053 eum
1686 2024 1800 2052 crimine

1012 2069 1086 2096 omni
1103 2077 1134 2096 ac
1148 2069 1224 2105 culpa
1240 2071 1346 2098 liberet.
1371 2072 1418 2098 Cui
1438 2072 1509 2098 enim
1523 2091 1531 2104 ,
1545 2071 1587 2098 vel
1606 2079 1639 2098 ex
1657 2070 1690 2098 iis
1702 2069 1800 2105 quibus

1012 2121 1064 2141 non
1080 2115 1191 2150 perinde
1215 2116 1339 2151 cognitus
1362 2121 1421 2144 erat
1433 2137 1441 2150 ,
1459 2117 1568 2144 dubium
1583 2120 1634 2150 est,
1653 2115 1718 2151 quin
1742 2116 1800 2149 ipse

1012 2159 1047 2187 ob
1069 2159 1196 2194 pietatem
1212 2168 1386 2196 amoremque
1402 2170 1466 2198 erga
1481 2170 1530 2190 nos
1543 2182 1551 2195 ,
1565 2170 1597 2189 ac
1619 2161 1799 2197 propensissi-

1013 2214 1083 2233 mam
1096 2207 1163 2234 bene
1177 2207 1211 2234 de
1232 2207 1309 2234 nobis
1327 2208 1448 2235 merendi
1465 2207 1639 2240 voluntatem,
1653 2215 1706 2234 non
1719 2205 1799 2233 modo

1013 2252 1097 2284 illum,
1109 2257 1155 2279 aut
1167 2254 1248 2280 totius
1262 2254 1368 2288 generis
1383 2254 1525 2287 honorem,
1538 2253 1698 2288 imperiique
1709 2252 1798 2279 incre-

1013 2304 1132 2326 mentum
1159 2299 1341 2335 neglexisset,
1368 2307 1460 2326 verum
1481 2300 1595 2335 imperio
1621 2306 1728 2334 quoque
1747 2297 1798 2333 ipsi

977 2342 1190 2379 Dornuihusque
1221 2345 1359 2378 fortunis,
1383 2350 1464 2380 atque
1494 2345 1544 2380 ipsi
1570 2345 1687 2380 denique
1713 2343 1796 2374 vitae.

174 2395 225 2421 qua
242 2387 341 2414 nemini
370 2385 515 2422 quidquam
535 2390 576 2414 est
592 2385 723 2418 cbarius,
749 2385 964 2417 incolumitatem
983 2395 1103 2418 nostram
1135 2399 1168 2419 ac
1201 2391 1314 2419 salutem
1341 2390 1413 2419 haud
1434 2390 1547 2419 illibenti
1580 2391 1672 2418 animo
1703 2393 1798 2426 paetu-

174 2433 252 2462 lissct
262 2433 274 2460 7

212 2501 256 2528 ."l
271 2499 344 2527 Pctr.
355 2507 386 2532 tt,
401 2498 429 2527 9.

183 2606 190 2612 .
208 2569 265 2605 (‘2-2)
287 2567 348 2596 Τῶν
372 2567 422 2594 ἐπὶ
444 2566 513 2594 σοῦ.
543 2576 553 2593 ι
582 2564 646 2594 Tua:
670 2567 770 2600 :etatis,
796 2566 843 2595 tibi
868 2575 960 2603 mqua-

171 2605 321 2675 11η(ἐξὴὶᾮ
331 2636 442 2699 niger,
456 2643 508 2665 etc.
522 2637 558 2664 Ita
571 2637 693 2672 plerique
708 2637 786 2664 codd.
799 2636 956 2665 Paucrssimi

172 2683 233 2699 curui
250 2674 296 2699 ctl.
310 2671 358 2699 ὧν.
393 2673 441 2699 ill.:
454 2683 463 2698 ι
477 2673 524 2699 Cui
542 2673 665 2699 nationes
682 2680 775 2699 omnes
792 2673 888 2699 oartim
903 2672 955 2699 iam

172 2671 233 2703 cum
250 2671 358 2701 (aL-div.
371 2671 441 2700 Bill.:
454 2683 463 2698 ι
477 2673 524 2700 Cui
542 2673 665 2700 nationes
682 2680 775 2700 omnes
792 2673 888 2705 partim
900 2672 955 2705 jam

172 2711 244 2737 dicto
275 2709 415 2736 audientes
445 2713 546 2740 erant,
578 2708 677 2743 partim
710 2707 822 2743 jamjatn
859 2708 957 2734 futura:

170 2749 264 2815 “73.2)
285 2753 372 2815 inde
387 2779 507 2814 ἔμελλε,
523 2782 576 2805 etc.
595 2777 688 2815 Comb.
714 2776 758 2815 sic_
775 2775 861 2804 locum
885 2777 956 2804 hunc

173 2812 275 2842 vertit:
298 2823 308 2840 ‹
328 2814 387 2842 Mox
402 2812 523 2841 l‘uturum
539 2817 609 2844 erat,
623 2817 652 2838 ut
667 2812 692 2838 in
710 2812 803 2838 eadem
817 2819 897 2839 causa
915 2820 956 2840 es-

173 2855 242 2882 sent,
255 2854 310 2876 tum
323 2856 437 2884 quorum
449 2848 613 2884 expugnatio
624 2848 648 2874 iu
663 2854 711 2881 spe
722 2847 806 2881 posita
819 2852 889 2882 erat,
901 2851 956 2875 tum

145 2889 154 2906 ἱ
171 2884 217 2919 qui
231 2885 287 2920 jam
302 2883 498 2921 inpotestatem
515 2883 614 2912 redacti
625 2887 711 2910 erant.
732 2890 742 2908 I

1047 2566 1116 2628 (951)⁴
1130 2567 1270 2628 ἶὶῗμηνης.
1283 2566 1361 2594 Deest
1373 2566 1400 2593 in
1417 2565 1551 2602 plerisque
1566 2573 1619 2594 non
1637 2564 1736 2593 intima:
1747 2572 1796 2592 no-

1057 2609 1088 2628 00
1111 2609 1142 2628 ιρι
1154 2609 1205 2628 HIS.

1010 2607 1045 2630 ta:
1057 2602 1205 2629 codicibus.

1045 2637 1106 2672 (‘26).
1120 2637 1279 2672 Δαιμόνων.
1293 2635 1367 2664 Colh.
1379 2643 1405 2668 ιι,
1416 2634 1530 2671 δαίμων.

1044 2670 1101 2706 (2η
1119 2671 1278 2699 Κάνταῦθα
1295 2671 1400 2707 μόνον,
1416 2670 1468 2698 οιοᾷ
1488 2679 1497 2707 ς
1513 2672 1602 2705 Atque
1618 2670 1663 2707 hic
1681 2677 1792 2697 accusa-

1010 2705 1214 2738 tioni,'etiamsi
1240 2705 1301 2733 sola
1320 2711 1403 2737 esset,
1423 2706 1556 2733 absolutio
1579 2705 1720 2740 conjuncta
1741 2711 1793 2733 est.

1007 2742 1074 2769 Nam
1091 2749 1151 2769 cuut
1164 2742 1299 2769 lenitatem
1311 2740 1378 2772 dixi,
1398 2750 1408 2766 ι
1426 2746 1478 2766 etc.

1043 2777 1102 2812 (9.8)
1125 2776 1264 2803 Ἐκεῖνον.
1276 2784 1290 2812 Δι
1307 2775 1393 2812 Illum,
1413 2785 1422 2801 I
1433 2774 1546 2812 scilicet
1560 2784 1569 2800 ε
1583 2774 1729 2812 Jtlliamnn.
1745 2784 1755 2802 ι

1043 2809 1106 2848 (29)
1125 2811 1211 2838 Ἀλλὰ
1235 2809 1392 2848 καίαίζζῆς
1410 2809 1464 2848 τῆς
1477 2810 1647 2848 βασιλείᾳς.
1666 2809 1735 2848 limo
1753 2810 1796 2838 do-

1008 2844 1072 2874 sunt
1090 2844 1126 2874 'in
1148 2847 1253 2873 duobus
1272 2844 1586 2881 Regiisoptimwatoue.
1606 2846 1633 2873 In
1647 2845 1707 2874 aliis
1720 2846 1796 2873 deest

1010 2886 1112 2911 tantum
1128 2881 1177 2917 τῆς
1187 2886 1250 2910 ante
1266 2879 1412 2916 βασιλείας.
