2071 3133
224 151 278 176 ωδ

720 151 848 178 ORATIO
868 151 913 178 IV.
934 167 968 172 —
988 151 1127 180 CONTRA
1146 152 1317 182 JULIANUM
1337 153 1356 181 Ι.

1792 157 1842 185 5“

226 207 316 239 modo,
340 207 390 234 hoc
404 210 456 239 est,
469 214 517 241 per
547 207 718 235 immodicam
741 210 885 243 quamdam
917 214 945 238 et
976 209 1134 238 eﬂ'renatam
1167 213 1352 247 impietatem,
1379 213 1559 248 pervicaxque
1572 213 1629 241 vitii
1644 214 1776 247 studium,
1793 203 1861 242 ιιο-Δ

225 254 305 281 minis
320 254 490 289 splendorem
502 254 551 282 sibi
564 255 710 283 conciliare
727 256 841 284 obnixus
855 261 907 284 est.
938 258 977 286 Ac
1005 259 1038 286 de
1057 258 1228 292 Christianis,
1253 265 1281 287 et
1295 259 1327 287 ad
1353 259 1521 288 Christianos
1533 280 1541 293 ,
1559 260 1620 288 talis
1638 265 1680 288 est
1690 260 1840 289 Constantii

226 300 359 334 purgatio.
378 305 485 334 tamque
501 308 575 336 aqua
589 306 616 328 et
637 301 720 336 justa,
743 302 785 330 his
805 303 913 338 quidem
929 309 1004 332 certe
1022 305 1067 340 qui
1085 310 1174 333 mente
1189 307 1291 339 praediti
1311 311 1383 334 sunt.
1836 313 1838 317 '

260 345 322 372 AO'.
331 346 408 373 Ἐπεὶ
421 345 450 372 δέ
465 346 521 382 (Ᾱὲ)
535 347 588 374 εἰσί
601 356 685 380 τινες,
701 349 736 380 οἳ,
752 349 803 376 κᾶν
819 350 921 386 ταύτης
936 351 1010 386 ἡμᾶς

1097 351 1221 380 XXXIX.
1251 353 1382 386 Quoniam
1405 359 1494 380 autem
1521 353 1640 380 nonnulli
1674 356 1756 385 sunt,
1781 353 1841 386 qui,

225 391 380 419 ἀπολύσωσι
400 392 450 428 τῆς
465 392 566 426 αἰτίας,
589 393 686 430 ἐτέρας
708 395 759 421 οὐκ
781 395 917 430 ἀφιέντες,
941 396 1008 423 ἀλλὰ

227 438 443 474 κατηγοροῦντες
469 439 607 475 εὐήθειαν,
622 441 663 467 ὅτι
675 440 714 476 τῷ
738 441 945 478 δυσμενεστάτῳ
962 444 1013 470 καὶ.⁴

227 484 422 520 πολεμιωτάτῳ
449 484 498 521 τὴν
513 485 600 521 ἀρχὴν
619 486 778 522 ἐνεχείρισε,
803 488 850 514 καὶ
865 487 910 514 τὸν
929 488 1009 515 αὑτὸν

226 526 323 563 ἐχθρὸν
335 528 477 564 πρότερον,
495 526 553 555 εἶτα
567 530 674 566 ἰσχυρὸν
689 531 884 563 κατεσκεύασε,
897 531 946 567 τὴν
960 533 1010 568 μὲν

225 572 324 609 ἔχθραν
340 573 384 601 διὰ
398 574 447 609 τῆς
459 574 505 601 τοῦ
516 575 631 610 ἀδελφοῦ
649 576 754 612 σφαγῆς
770 577 1011 614 προκαταὸαλόμε-

225 626 279 652 νεα
306 619 357 655 τὴν
381 619 410 646 δὲ
427 619 541 656 δύναμιν
566 621 610 648 διὰ
631 623 678 657 τῆς
704 622 842 657 βασιλείας
865 623 1009 659 προσθείς·

224 665 372 699 ἀναγκαῖον
397 666 444 692 καῖ⁷
468 667 532 702 περὶ
553 666 649 694 τούτου
667 666 769 702 βραχέα
784 668 929 701 διεξελθεῖν
955 669 1010 703 (45)

224 710 271 737 καὶ
285 710 369 743 δεῖξαι
386 711 425 747 μὴ
452 711 626 739 παντάπασιν
659 713 754 747 ἄλογον
765 713 795 739 τὺ
811 713 1010 750 φιλάνθρωπον,

225 756 293 792 μηδὲ
312 757 364 789 ἔξω
378 758 426 793 τῆς
453 757 595 794 βασιλικῆς
626 759 802 794 μεγαλονοίας
828 760 876 786 καὶ
903 768 1011 796 προμη-

224 802 309 834 θείας
319 803 428 839 καὶγὰρ
435 803 468 830 ἃν
475 804 662 840 αἰσχυνοίμην,
672 804 708 836 εί,
717 805 843 840 τοιαύτης
852 807 916 841 παρ’
927 805 1009 832 αὐτοῦ

223 848 350 884 τυχόντες
364 849 457 884 τιμῆς,
477 850 524 876 καὶ
537 850 664 877 τοσοῦτον
680 851 759 878 αὐτὸν
773 851 899 886 εὐσεϐείᾳ
915 851 1009 886 διαφέ-

225 903 281 929 ρειν
298 896 521 928 πεπιστευκότες,
537 896 575 932 μὴ
588 896 622 923 τὰ
636 897 690 933 (44)
705 897 797 924 δίκαια
816 898 1010 934 συνηγορήσω-

225 949 275 975 μεν
291 949 297 956 ·
315 941 329 968 ὃ
345 942 460 974 καὶτοῖς
482 943 567 978 μηδὲν
580 943 790 979 εύεργετηκόσιν
805 943 861 979 (45)
876 944 1012 978 ὀφείλεται,

223 987 289 1022 παρ’
301 986 390 1022 ἡμῶν,
407 988 463 1014 τῶν
476 988 562 1023 Λόγου
588 989 636 1016 καὶ
656 989 796 1025 Ἀληθείας
810 990 985 1025 Θεραπευτῶν
999 999 1005 1006 ·

1061 398 1185 433 quamvis
1210 405 1260 425 nos
1287 398 1339 426 hoc
1359 399 1473 427 crimine
1507 399 1631 432 liberem,
1645 398 1729 426 altera
1743 399 1843 434 (tamen

1060 443 1139 478 culpa
1163 443 1275 471 minime
1300 444 1421 478 solvunt,
1439 452 1532 473 verum
1556 444 1678 472 stultitia:
1703 448 1844 479 propterea

1060 489 1237 523 insimulant,
1252 490 1322 524 quod
1337 490 1396 526 ipse
1408 490 1594 519 inimicissimo
1604 490 1704 518 homini
1721 490 1845 524 boetique

1060 537 1195 564 acerrimo
1208 537 1349 572 imperium
1365 538 1541 569 commiserit,
1552 541 1633 572 alque
1650 535 1773 563 eumdem
1786 535 1844 570 pri-

1060 589 1105 608 mo
1119 580 1223 609 hostem
1240 582 1371 614 ell'ccerit,
1388 583 1486 610 deinde
1508 583 1591 610 robur
1605 581 1655 616 ipsi
1670 581 1844 616 compararit,

1060 627 1187 654 nimirum
1215 635 1263 662 per
1281 627 1375 655 fratris
1397 629 1495 657 caedem
1511 628 1661 656 inimicitia:
1682 627 1844 655 fundamen-

1063 676 1117 700 tnm
1135 673 1248 707 iaciens,
1264 678 1326 709 post
1339 679 1429 702 autem
1443 683 1491 710 per
1503 675 1644 710 imperium
1667 674 1754 701 eidem
1770 673 1845 701 vires

1061 717 1181 751 addens;
1201 718 1235 746 de
1253 718 1303 746 hac
1328 726 1436 754 quoque
1459 726 1487 746 re
1502 726 1587 754 pauca
1608 718 1764 746 necessario
1778 717 1845 746 mihi

1061 763 1174 790 dicenda
1201 768 1276 797 sunt,
1298 764 1416 799 illudque
1446 765 1651 796 ostendendum,
1675 770 1845 798 nequaquam

1060 810 1171 837 omnino
1195 810 1375 838 inconsultam
1394 816 1474 846 atque
1491 818 1506 838 a
1522 812 1628 838 ratione
1643 810 1758 838 alienam
1775 810 1846 838 hanc

1060 854 1231 883 clementiam
1252 856 1402 890 exstitisse,
1431 864 1481 885 nec
1507 857 1541 884 ab
1563 856 1738 891 imperatoria
1760 855 1844 883 animi

1060 902 1217 936 praestantia
1237 903 1461 938 providentiaque
1491 908 1636 930 remotam.
1662 901 1768 930 Etenim
1793 909 1844 936 pu-

1059 947 1125 974 dore
1142 946 1323 981 sull'underer,
1352 947 1386 979 si,
1404 955 1463 975 cum
1483 952 1588 975 tantum
1610 948 1644 975 ab
1663 955 1696 975 eo
1715 948 1845 975 honorem

1059 992 1253 1027 acceperimus,
1270 1000 1386 1028 eumque
1397 998 1470 1020 tanta
1484 992 1677 1027 pietatislaude
1687 992 1846 1020 excelluisse

223 1034 368 1061 καὶταῦτα
383 1035 452 1070 μετὰ
468 1036 516 1071 τὴν
534 1035 659 1063 ἐντεῦθεν
676 1036 846 1072 ἀπαλλαγὴν,
860 1036 942 1072 ἡνίκα
965 1037 1010 1064 καὶ

1065 1044 1222 1073 persuasum
1240 1039 1398 1073 habeamus,
1417 1039 1519 1074 justum
1543 1039 1581 1066 illi
1601 1039 1778 1074 patrocinium
1795 1045 1845 1065 ne-

223 1080 253 1107 τὸ
275 1080 432 1108 κολακεύειν
455 1082 543 1109 δοκεῖν
570 1082 791 1118 ἐκπεφεύγαμεν,
817 1082 864 1109 καὶ
887 1082 1010 1117 πονηρᾶς

1062 1091 1196 1118 quaquam
1216 1084 1392 1118 aﬂ‘erremus;
1419 1086 1489 1120 quod
1509 1086 1542 1114 iis
1563 1093 1680 1121 quoque.
1707 1085 1753 1120 qui
1778 1084 1845 1111 nihil

223 1125 362 1162 ἐλεύθερος
377 1128 503 1160 ὑπονοίας
519 1129 533 1155 ό
547 1128 635 1163 λόγος.

1063 1128 1185 1156 beneﬁcii
1197 1130 1222 1156 in
1238 1138 1287 1158 nos
1302 1131 1486 1163 contulerunt,
1501 1138 1516 1158 a
1538 1131 1627 1163 nobis,
1653 1130 1699 1166 qui
1722 1129 1801 1157 Verbi
1819 1133 1848 1156 et

223 1173 352 1203 Veritatis
366 1175 468 1203 cultum
485 1177 652 1210 profitemur,
677 1176 799 1211 prtestari
815 1176 910 1209 debet;
926 1175 1005 1211 idque
1024 1177 1172 1211 praesertim
1197 1182 1258 1211 post
1285 1178 1358 1206 illius
1384 1186 1399 1206 e
1424 1179 1479 1205 vita
1504 1178 1667 1209 discessum,
1698 1184 1758 1203 cum
1788 1176 1845 1212 jam

226 1220 369 1248 verendum
388 1229 440 1249 non
463 1227 515 1255 est,
541 1230 576 1250 ne
606 1224 632 1250 in
657 1223 848 1251 assentationis
870 1223 1024 1257 opinionem
1055 1223 1215 1257 incidamus,
1243 1232 1275 1252 ac
1300 1224 1356 1258 jam
1388 1225 1464 1252 omni
1489 1224 1559 1251 mala
1585 1224 1738 1261 suspicione
1769 1227 1845 1250 vacat

225 1267 318 1294 oratio.

261 1313 306 1339 Μ’.
321 1313 369 1344 Τίς
383 1313 437 1348 γὰρ
452 1313 502 1340 ούκ
516 1313 550 1341 ἃν
565 1314 687 1350 ἤλπισεν,
699 1315 723 1341 εί
741 1315 777 1351 μή
798 1324 823 1342 τι
842 1315 906 1344 ἄλλο
916 1335 926 1347 ,
951 1316 1014 1346 ταῖς

228 1359 318 1392 τιμαῖς
344 1359 466 1394 ποιήσειν
483 1360 564 1386 αὐτὸν
587 1360 781 1397 ὴμερὼτερον;
800 1362 848 1393 Τίς
865 1361 893 1388 δὲ
909 1361 959 1388 οὐκ
980 1362 1014 1388 ὲκ

227 1401 275 1437 τῆς
290 1402 417 1436 πίστεως,
441 1404 475 1440 ἦν
490 1405 637 1441 ἐπιστεύθη
653 1406 708 1442 (46)
722 1408 769 1433 καὶ
784 1407 859 1442 παρὰ
874 1406 905 1433 τὸ
929 1406 1011 1439 εἰκὸς,

227 1448 412 1484 δικαιότερον;
430 1450 467 1481 ὡς
486 1451 588 1486 ἀμφοῖν
602 1452 693 1488 δικαίᾳ
709 1452 757 1478 καὶ
774 1452 899 1487 βασιλικῇ
912 1452 1011 1487 κρίσει,

211 1494 273 1520 -τοῦ
287 1495 336 1530 μὲν
351 1496 570 1531 ἑπιτιμηθὲντος,
587 1497 634 1524 τοῦ
652 1498 680 1524 δὲ
696 1497 910 1533 προϐληθέντος·
929 1499 942 1524 ό
954 1498 1010 1533 γὰρ

225 1540 270 1567 τὸν
283 1540 408 1576 δεύτερον
423 1544 551 1577 τιμήσας,
564 1540 605 1575 οἷς
629 1544 679 1570 οὐκ
697 1544 729 1571 ἄν
752 1553 794 1575 τις
810 1544 933 1580 ἡλπισεν,
950 1544 1011 1570 οὐδὲ

226 1585 306 1618 αὐτὸς
321 1587 335 1613 ὁ
348 1587 436 1622 τυχὼν
453 1589 501 1623 τῆς
514 1589 606 1624 τιμῆς,
623 1589 712 1625 δῆλον,
728 1589 765 1621 ὼς
782 1589 841 1616 οὐδὲ
856 1589 902 1616 τὸν
915 1589 1012 1625 πρόιτε--

225 1641 272 1667 ρον
289 1633 353 1660 ἄνευ
368 1633 474 1665 δικαίας
488 1635 573 1670 όργῆς
589 1635 737 1662 ὲκολὰσατο
747 1645 753 1651 ·
776 1637 822 1662 καὶ
837 1636 867 1662 τὸ
890 1635 938 1670 μὲν
961 1635 1011 1670 τῆς

1100 1311 1157 1339 XL.
1179 1311 1244 1345 Quis
1270 1311 1342 1338 enim
1359 1318 1412 1338 non
1435 1317 1508 1345 spem
1524 1309 1674 1341 habuisset,
1692 1309 1750 1336 I'ore
1771 1308 1846 1341 ut,sl

1064 1358 1133 1386 nihil
1147 1358 1231 1391 aliud,
1246 1357 1393 1388 honoribus
1417 1360 1492 1383 certe
1507 1356 1594 1390 ipsum
1612 1356 1746 1382 tnitiorem
1758 1354 1847 1381 eﬂicc-

1063 1405 1123 1433 ret?
1136 1404 1202 1438 Quis
1219 1411 1271 1430 non
1282 1411 1314 1430 ex
1330 1403 1393 1436 (ide,
1405 1410 1463 1437 qua:
1476 1402 1513 1428 illi
1529 1402 1611 1429 etiam
1629 1405 1725 1436 praeter
1740 1407 1847 1432 aequum

1063 1452 1155 1480 habita
1172 1455 1224 1483 est,
1246 1450 1408 1485 justiorem?
1428 1454 1554 1484 tanquam
1569 1449 1641 1483 justo
1652 1452 1679 1474 et
1701 1448 1848 1481 imperato-

1064 1497 1105 1525 rio
1122 1497 1225 1532 judicio
1242 1496 1313 1523 alter
1328 1503 1434 1530 pmnam
1450 1496 1553 1527 luisset,
1574 1495 1642 1522 alter
1655 1494 1757 1522 electus
1777 1493 1846 1520 fuis-

1065 1548 1115 1571 set.
1131 1541 1197 1570 Nam
1208 1542 1253 1578 qui
1267 1547 1330 1569 natu
1352 1542 1482 1568 minorem
1504 1541 1538 1568 iis
1551 1540 1696 1567 honoribus
1709 1539 1846 1570 aﬂ'ecerat,

1064 1596 1131 1624 quos
1148 1596 1226 1616 netno
1244 1593 1390 1622 sperasset.
1404 1594 1436 1614 ne
1459 1587 1517 1620 ipse
1539 1586 1647 1620 quidem
1659 1586 1704 1620 qui
1719 1586 1848 1612 honorem

1064 1638 1224 1669 acceperat;
1243 1633 1415 1668 perspicuum
1446 1632 1541 1666 utique
1576 1635 1627 1665 est,
1656 1638 1729 1663 eum,
1758 1637 1791 1657 ne
1819 1629 1847 1656 in

227 1678 329 1704 ἐκείνου
347 1681 513 1715 προπετείας
527 1678 573 1716 ἦν,
595 1681 625 1708 τὸ
647 1681 675 1708 δὲ
698 1682 747 1717 τῆς
772 1681 817 1709 τοῦ
835 1682 1010 1717 τετιμηκότος

1064 1681 1180 1716 priorem
1198 1680 1316 1715 quidem,
1332 1679 1463 1712 uisijusta
1477 1678 1514 1705 ira
1534 1683 1708 1708 commotum,
1726 1675 1850 1702 animad-

226 1724 438 1761 φιλανθρωπίας.

1066 1727 1180 1754 vertisse
1202 1734 1210 1752 :
1239 1726 1407 1759 alterumque
1450 1725 1508 1760 96
1542 1725 1620 1759 ejus,
1645 1724 1689 1757 qui
1715 1721 1849 1756 supplicio

226 1771 338 1800 allectus
371 1779 422 1806 est,
458 1774 601 1801 temeritati
620 1775 809 1810 assignandum
833 1782 909 1808 esse;
933 1774 1046 1801 alterum
1068 1777 1168 1804 autem,
1187 1771 1269 1803 illius,
1283 1779 1298 1797 a
1318 1778 1371 1805 quo
1384 1770 1487 1798 honore
1501 1769 1613 1797 allectus
1633 1769 1732 1802 fuerat,
1753 1769 1849 1797 huma-

227 1820 314 1846 nitati.

262 1866 332 1893 MA’.
346 1866 403 1892 Καὶ
421 1865 480 1901 ἃμα
493 1866 523 1893 τὸ
548 1866 660 1902 easeas;
677 1865 763 1902 εἶχεν,
783 1867 806 1894 εί
818 1868 859 1894 δεῖ
876 1867 906 1894 τὸ
920 1867 1010 1903 μεῖζον

226 1912 323 1944 εἰπεῖν,
337 1912 366 1938 οὐ
383 1912 510 1940 τοσοῦτον
525 1913 557 1939 ὲκ
571 1913 620 1948 τῆς
639 1913 742 1943 ἐκείνου
759 1913 886 1945 πίστεως,
902 1913 964 1939 ὅσον
979 1912 1013 1942 ἐκ

226 1956 275 1992 τῆς
302 1957 370 1988 ἰδίας
393 1955 585 1994 δυνάμεως-ᾖ
609 1967 654 1993 μοι
679 1958 813 1985 δοκεῖκαὶ
839 1958 1010 1993 Ἀλέξανδρος

227 2003 366 2039 θαρῤήσας
379 2004 392 2030 ό
405 2004 473 2031 πάνυ
487 2004 578 2030 δοῦναι
597 2005 633 2040 μὴ
659 2005 738 2040 μόνον
751 2005 782 2031 τὺ
802 2004 851 2040 ζῇν
866 2005 1010 2041 ἡττημένῳ

227 2048 323 2084 Πώρῳ,
339 2048 482 2075 καὶταῦτα
497 2049 627 2081 νεανικῶς
642 2049 728 2081 οὕτως
750 2050 931 2085 ἠγωνισμένῳ
948 2051 1010 2086 περὶ

225 2092 276 2127 τῆς
291 2092 440 2128 βασιλείας,
452 2094 519 2120 ἀλλὰ
528 2095 575 2121 καὶ
587 2094 636 2130 τὴν
650 2095 790 2129 βασιλείαν
808 2094 885 2128 αὖθις
903 2095 991 2122 Ἰνδῶν
1001 2105 1008 2112 ⁸

194 2137 196 2156 θ
224 2136 263 2168 ὡς
276 2137 307 2164 τὸ
324 2137 519 2174 μεγαλόψυχον
537 2139 591 2174 (47)
615 2140 664 2165 οὐκ
676 2139 763 2171 ἄλλως
778 2139 794 2175 ἢ
812 2139 897 2172 οὕτως
911 2140 1011 2167 ἐπιδει-

191 2182 194 2207 Ῑ
226 2183 347 2218 ξάμενος,
365 2181 387 2217 ᾧ
410 2184 579 2220 κρατηθῆναι
599 2184 655 2220 (48)
680 2186 770 2220 χεῖρον
793 2185 917 2221 ἐνόμιζεν
936 2186 1010 2213 Ἀλέ-

1104 1862 1173 1889 XLI.
1195 1861 1235 1888 Ad
1259 1861 1326 1893 haec,
1346 1865 1384 1895 ut,
1403 1861 1473 1895 quod
1501 1860 1614 1895 majoris
1641 1860 1770 1887 momenti
1794 1863 1848 1891 est,

1064 1908 1164 1939 (licam,
1181 1912 1307 1934 nontam
1338 1907 1417 1935 istius
1443 1905 1496 1934 ﬁde
1519 1914 1599 1941 quam
1629 1906 1686 1933 suis
1704 1905 1800 1941 opibus
1821 1909 1849 1931 et

1065 1954 1186 1990 potentia
1203 1954 1361 1980 nitebatur:
1378 1953 1474 1986 quibus
1490 1952 1581 1984 etiam,
1595 1955 1623 1978 ut
1636 1952 1741 1986 opinor,
1763 1950 1849 1977 fretus

1064 2000 1235 2034 magnusille
1249 1998 1413 2031 Alexander,
1430 1998 1502 2025 victo
1517 1997 1586 2024 Poro
1606 2004 1658 2025 nan
1675 1998 1754 2024 modo
1766 1997 1848 2024 vitam

1062 2046 1144 2077 dedit,
1158 2046 1236 2080 idque
1250 2053 1309 2072 cutn
1324 2045 1357 2071 de
1373 2043 1487 2078 imperio
1503 2044 1570 2071 adeo
1594 2048 1704 2071 strenue
1719 2043 1848 2070 dimicas-

1061 2097 1112 2123 set,
1125 2092 1170 2118 sed
1186 2091 1309 2118 Indorum
1323 2091 1404 2117 etiam
1419 2097 1529 2124 regnum
1550 2090 1602 2124 ipsi
1622 2089 1739 2116 restituit
1757 2097 1764 2116 :
1784 2096 1847 2122 per-

1061 2136 1123 2163 inde
1141 2140 1222 2170 atque
1243 2142 1296 2162 non
1317 2135 1368 2162 alia
1392 2135 1500 2162 ratione
1522 2134 1752 2170 magnanimitatis
1765 2134 1848 2169 speci-

1063 2190 1123 2210 men
1151 2181 1285 2214 editurus,
1314 2189 1365 2216 qua
1391 2182 1473 2214 vinci,
1501 2189 1561 2208 cum
1587 2180 1741 2208 Alexander
1763 2184 1846 2212 esset,

192 2253 194 2270 γ
226 2229 336 2265 ξανδρος
355 2229 393 2256 ὢν
412 2229 428 2265 ἢ
452 2232 507 2262 τοῖς
520 2231 631 2263 ὅπλοις·
646 2232 693 2258 τοῦ
707 2232 746 2263 δὲ,
768 2233 792 2258 εί
809 2232 892 2259 κακὸν
916 2232 1010 2264 λάὸοι,

1067 2229 1172 2264 turpius
1200 2228 1384 2258 existimabat.
1400 2235 1479 2262 quam
1503 2227 1586 2254 armis
1612 2226 1734 2262 superari
1751 2235 1758 2253 :
1776 2233 1846 2259 prm-

226 2275 409 2310 χειρὼσασθαι
426 2275 506 2305 πάλιν
523 2276 566 2302 ἐπ’
591 2277 664 2312 αύτῷ
687 2277 874 2312 τυγχάνοντος.
901 2278 956 2305 Καὶ
978 2275 1011 2313 ἦν

184 2329 191 2358 λ
226 2320 301 2356 αὐτῷ
316 2321 333 2356 ἡ
349 2321 498 2356 περιουσία,
506 2321 552 2348 τοῦ
570 2321 680 2358 θαρῥεῖν
697 2323 728 2349 τὸ
741 2323 939 2360 φιλάνθρωπον.

259 2454 325 2482 MB’.
354 2455 450 2482 Καίτοι
470 2455 496 2482 τί
524 2455 604 2483 τοῦτο
628 2457 808 2492 ἀγωνίζομαι,
827 2458 928 2494 σφόδρα
951 2457 1011 2485 ἐνὸν

224 2502 333 2535 κρατεῖν
347 2502 395 2528 καὶ
413 2502 582 2538 ἡττημένονς
596 2503 627 2529 Εἰ
643 2502 696 2539 γὰρ
718 2505 732 2530 ὁ
749 2504 896 2536 πιστεύσας
914 2505 1013 2536 κακὸςλ

223 2620 314 2691 δὴ(ἐξ)
342 2620 419 2647 Ἐπεὶ
452 2620 496 2647 δέ.
528 2621 564 2648 Ita
588 2622 709 2658 plerique
740 2624 819 2651 codd.
851 2624 900 2651 Ed.
933 2624 1009 2652 ἐπει-

259 2692 315 2726 (45)
335 2691 512 2723 Arcti-"£10877.
528 2691 595 2720 Tros
606 2693 680 2720 Lolli.
694 2693 818 2721 διελθεῖν.

401 2726 446 2753 τά.
461 2727 582 2764 Cumbel‘.
598 2729 660 2764 legit
685 2729 752 2764 μηδὲ
772 2730 816 2756 τὰ.

260 2759 314 2794 (45)
335 2762 582 2795 Εὑεργετηκόσιν.
599 2759 666 2798 “Eg.
683 2759 701 2796 ί,
717 2759 767 2792 Dr.
780 2765 807 2798 I,
822 2763 944 2792 Comiter.
955 2768 1008 2791 etc.

223 2797 446 2831 εὐηργετηκόσιν.

224 2831 322 2901 στὲἒὲζ
336 2832 388 2858 Ἦν
403 2831 575 2867 ἐπιστεύθη.
597 2833 664 2869 Reg.
682 2834 736 2868 bm,
754 2833 831 2862 Culb.
852 2834 879 2868 b,
896 2831 929 2870 ἧς
950 2835 1009 2861 ὲπι-

1065 2277 1160 2303 sertim
1181 2283 1242 2302 cum
1262 2276 1287 2302 in
1314 2283 1361 2302 sua
1379 2279 1511 2309 potestate
1523 2277 1604 2304 esset,
1622 2281 1695 2306 eum,
1707 2273 1729 2300 si
1746 2273 1846 2300 malum

1065 2320 1243 2356 beneﬁciiqne
1272 2321 1459 2348 immemorem
1484 2319 1659 2354 comperiret,
1673 2326 1781 2345 rursum
1797 2318 1848 2345 sub

1064 2366 1174 2394 ditionis
1188 2375 1243 2394 stlte
1262 2366 1354 2402 jugum
1379 2367 1495 2393 mittere.
1510 2366 1547 2392 Ita
1569 2365 1720 2400 benignitas
1740 2365 1797 2392 haec
1812 2364 1847 2392 ab

1065 2411 1292 2447 ingentiquadam
1307 2413 1390 2439 animi
1407 2412 1570 2446 prmﬁdentia
1589 2412 1726 2439 manabat.
1855 2436 1859 2440 .

1102 2458 1181 2486 XLII.
1205 2459 1258 2487 Sed
1272 2459 1336 2493 quid
1354 2459 1380 2485 in
1397 2458 1448 2486 hac
1462 2466 1491 2486 re
1507 2463 1645 2493 tantopere
1659 2458 1752 2485 laboro
1767 2461 1848 2492 atque

1063 2506 1211 2537 contendo,
1220 2512 1280 2533 cum
1306 2504 1370 2532 mihi
1391 2511 1500 2532 causam
1522 2504 1601 2532 facile
1615 2504 1737 2532 obtinere
1755 2503 1847 2537 liceat,

1100 2625 1157 2660 (Π)
1177 2626 1408 2660 Μεταλόψυχον.
1430 2625 1500 2652 ΕιΙῑι.
1521 2630 1547 2652 et
1570 2633 1636 2652 mss.
1659 2624 1780 2652 nonnulli
1798 2625 1844 2652 ad-

1061 2660 1128 2687 dunt
1150 2660 1208 2695 μέιν.
1234 2661 1286 2687 Sed
1301 2663 1376 2687 deest
1390 2662 1415 2687 in
1431 2661 1549 2687 melioris
1561 2667 1630 2687 nota!
1643 2661 1792 2687 codicibus.

1079 2692 1156 2744 Iuli.)
1170 2692 1214 2738 '42_
1227 2695 1419 2744 κρατηθῆναι,
1440 2697 1479 2722 Ad
1494 2696 1550 2722 hazc
1572 2696 1651 2736 rerha
1673 2696 1737 2738 Ilcg.
1755 2702 1847 2737 υπηρ-

1061 2731 1146 2764 pingit
1163 2739 1171 2756 :
1186 2731 1260 2764 αὺτῷ
1279 2731 1473 2791 μεγαλοὲύχῳ·
1504 2731 1639 2766 κρατῆσαι
1664 2731 1718 2765 γὰρ
1731 2731 1844 2771 ,τούτῳ

1059 2764 1116 2793 ἀλλ’
1130 2765 1159 2791 οὺ
1173 2764 1340 2800 κρατηθηναι
1365 2767 1378 2791 ὲ
1397 2766 1499 2793 ούλετο.
1516 2775 1526 2791 ι
1543 2766 1600 2800 Ipsa
1615 2770 1844 2799 Inaqnantnutate,

1059 2799 1237 2835 quavineere
1254 2799 1340 2834 magis
1354 2808 1432 2833 quam
1447 2801 1516 2828 vinci
1530 2799 1646 2828 valebat.
1673 2809 1681 2826 ›
1700 2799 1766 2828 Bern
1782 2808 1846 2828 nar-

1061 2834 1102 2862 rat
1115 2834 1251 2862 Plutarch.
1267 2835 1293 2862 in
1313 2834 1370 2862 Vita
1385 2835 1458 2862 Ala.
