2071 3133
211 164 263 192 585

707 165 837 194 ORATIO
858 165 902 194 IV.
923 181 957 185 —
975 163 1116 192 CONTRA
1134 164 1308 194 JULIANUM
1328 165 1359 194 I.‘.

1785 171 1838 198 580

209 221 420 258 μισανθρωπῐαν
434 222 565 259 ἀπαρχῆς
584 221 809 257 ἀνθρωποκτόνον
819 221 999 257 τυγχάνοντα,

1054 225 1148 253 notas,
1168 221 1212 249 vel
1227 221 1353 256 [Ethiops
1367 226 1455 249 atrum
1468 222 1586 252 colorem
1599 224 1634 258 ”,
1650 225 1691 253 vel
1709 225 1779 261 ignis
1793 235 1839 255 ar-

207 269 223 304 ἢ
238 269 342 295 ἐκεῖνον
358 269 407 305 τὴν
419 269 561 305 πονηρίαν,
578 269 624 303 ἀφ’
639 267 674 304 ἧς
689 268 750 295 καθ’
766 269 844 304 ἡμῶν
855 268 996 304 ὥρμησεν·

207 314 264 340 ἀλλ’
280 314 375 349 ὥσπερ
387 315 433 341 τὸν
450 315 633 351 χαμαιλέοντα
643 315 721 349 λόγος
734 315 860 341 παντοῖον
871 313 996 349 γίνεσθαι

209 359 317 395 ῥᾳδίως,
333 361 382 387 καὶ
400 361 492 393 πάσας
519 361 570 396 μὲν
594 360 796 397 ἁναλαμῦάνειν
822 361 878 396 (59)
895 360 995 396 χρόας,

208 406 277 441 πλὴν
293 406 359 441 μιᾶς
373 406 422 442 τῆς
437 407 610 442 λευκότητος,
623 407 668 434 τὸν
677 407 732 443 γὰρ
749 406 862 442 Πρωτέα
878 406 998 442 παρίημι

207 452 252 479 τὸν
268 451 316 478 τοῦ
334 451 420 487 μύθου
433 452 478 479 τὸν
495 452 644 487 Αἰγύπτιον
661 454 802 488 σοφιστὴν,
816 452 887 479 οὕτω
905 453 999 480 κάκεῖ-

207 505 254 529 νος
271 496 361 524 πάντα
376 495 412 533 ἦν
425 498 473 524 καὶ
486 498 592 533 ἐγίνετο
608 499 793 534 Χριπιανοίς,
811 498 881 534 πλὴν
895 498 998 534 ἡμερό-

208 551 302 578 τητος,
315 543 364 570 καὶ
381 541 415 580 ἦν
432 545 493 571 λίαν
505 544 688 581 ἀπάνθρωπον
712 545 786 581 αὐτῷ
801 545 830 572 τὺ
847 544 1000 581 φιλάνθρω-

208 591 324 622 πον,κα“ι
335 590 366 617 τὸ
376 590 488 618 πιθανὸν
502 591 598 626 βίαιον,
613 591 659 618 καὶ
673 591 803 627 ἀπολογία
811 592 860 627 τῆς
872 591 1001 627 ἀγριότη-

209 644 254 667 τος
279 637 296 671 ή
319 637 486 672 χρηστότης·
504 638 537 664 ἵν’
561 639 675 670 εἰκότως
695 639 760 674 δοκῇ
779 638 930 674 βιάζεσθαι,
953 638 1000 664 τοῦ

209 680 311 708 πείθειν
325 682 531 716 ἀποτυγχάνων.

1051 267 1144 294 dorem
1159 288 1167 300 ,
1183 268 1224 295 vel
1240 268 1364 296 diabolus
1381 269 1426 303 qui
1449 269 1582 298 homicida
1598 275 1640 299 est
1660 272 1693 299 ab
1714 272 1789 300 initio
1805 274 1838 306 “,

1052 310 1170 338 hominis
1185 310 1287 343 odium,
1302 311 1343 339 vel
1361 312 1413 340 iste
1428 312 1643 348 improbitatem,
1664 323 1717 351 qua
1740 319 1839 345 adver-

1051 365 1111 384 sum
1131 364 1180 384 nos
1197 357 1399 393 impellebatur,
1420 359 1561 394 abjiceret.
1588 360 1688 389 Verum
1709 364 1840 397 quemad-

1053 405 1161 431 modum
1186 405 1397 433 chamaeleonem
1418 407 1494 434 aiunt
1511 407 1538 434 in
1558 407 1665 443 quidvis
1685 408 1763 438 facile
1777 418 1839 438 mu-

1053 450 1302 485 tari,atqneomnes
1310 452 1423 480 subinde
1433 453 1548 485 colores,
1569 455 1687 482 candore
1698 463 1753 483 uno
1763 463 1840 485 eaee-

1051 501 1118 531 pto,
1143 496 1301 532 suscipere,
1328 497 1481 526 fabulosum
1507 500 1579 527 enim
1605 500 1681 528 illum
1710 501 1838 530 Proteum

1049 541 1208 578 [Egyptium
1227 543 1376 578 sopbistam
1393 549 1535 580 przetereo,
1555 546 1596 573 sic
1611 547 1693 574 etiam
1706 547 1751 576 ille
1760 548 1840 576 Chri-

1050 587 1155 620 stianis,
1171 592 1268 622 praeter
1291 588 1482 622 clementiam,
1500 591 1526 618 in
1541 591 1649 626 quidvis
1668 599 1698 620 se
1717 593 1840 621 vertebat

1051 641 1083 660 ac
1103 641 1231 668 perquam
1251 634 1371 663 crudelis
1382 641 1441 663 erat
1456 636 1539 670 ipsius
1558 637 1665 669 lenitas,
1682 643 1709 666 et
1723 639 1838 666 violenta

1054 680 1213 714 persuasio,
1229 685 1309 714 atQue
1333 688 1380 716 per
1404 681 1559 716 huiusmodi
1587 684 1667 720 106
1688 685 1840 720 benignita-

210 733 263 755 tem
289 729 434 756 acerbitati
467 730 676 765 crudelitatique
701 738 757 758 suae
789 730 993 758 excusationem
1013 727 1147 764 quaerebat
1166 736 1174 754 :
1193 732 1223 755 ut
1246 734 1299 754 non
1336 728 1395 756 sine
1423 736 1505 756 causa
1525 729 1577 756 vim
1600 729 1697 758 all'erre
1730 732 1839 759 videre-

210 781 264 810 tur,
281 783 341 803 cum
358 776 520 804 blandiendo
544 782 571 804 et
599 778 743 806 alliciendo
771 778 838 805 nihil
863 778 1032 813 profecisset.

244 821 302 849 El".
319 823 375 849 Καὶ
390 824 469 851 τοῦτο
484 824 563 860 δῆλον
579 824 609 857 ἐξ
621 821 658 851 ὧν
674 824 761 860 βραχὺ
777 824 827 860 μὲν
841 825 905 861 παρ’
922 823 996 860 αὐτῷ

1086 822 1177 850 LXIII.
1193 822 1275 858 quue
1293 830 1325 850 ex
1351 830 1385 850 eo
1412 823 1583 858 perspicuum
1608 828 1670 856 est,
1686 825 1758 860 quod
1784 832 1839 853 nm:

207 868 238 894 τὸ
262 868 314 903 τῆς
337 869 461 901 πειθοῦς,
479 870 571 896 πλεῖον
594 869 651 906 (60)
674 870 702 896 δὲ
719 870 749 897 τὸ
766 872 816 906 τῆς
841 870 902 906 βίας
919 870 999 902 εὐθὺς

1052 869 1164 896 multum
1180 869 1307 897 suasione
1321 869 1465 901 utebatur,
1484 868 1531 896 sed
1552 869 1610 904 plus
1625 869 1760 898 violentias
1774 878 1839 899 con-

208 913 343 948 ἑπόμενον
368 912 419 949 ἦν·
438 915 484 947 ἵν’,
514 913 609 951 ὥσπερ
635 915 664 942 ὲν
689 916 750 947 ταῖς
773 915 881 951 θήραις,
906 914 999 951 ἣταῖς

207 959 310 993 πάγαις
327 959 445 995 ἁλῶμεν,
465 961 480 996 ἢ
496 962 552 993 τοῖς
569 960 715 996 διώγμασι,
730 961 776 988 καὶ
802 958 842 993 εἷς
857 969 889 995 γε
901 961 1001 997 τρόπος

208 1006 317 1038 πάντως
327 1006 399 1041 ἡμᾶς
414 1007 590 1043 χειρώσηται.
603 1007 682 1034 Οὕτω
697 1007 725 1034 δὲ
738 1007 891 1043 διανοηθείς
906 1016 935 1034 τε.
953 1007 1001 1034 καὶ

204 1052 372 1088 διελόμενος,
401 1054 528 1091 δεύτερον
550 1055 637 1081 ἐκεῖνο
663 1056 823 1090 στρατηγεῖ,
845 1054 892 1081 καὶ
920 1055 1000 1090 μόνον

206 1098 346 1132 ἀσφαλῶς,
360 1100 385 1125 εί
403 1099 451 1126 καὶ
461 1099 568 1131 ἀσεϐῶς
580 1099 652 1132 λίαν,
667 1101 699 1126 ἐκ
715 1100 770 1127 τῶν
786 1100 929 1135 ἐγγυτάτω
943 1099 999 1134 (Gl)

207 1144 254 1170 καὶ
270 1144 320 1179 τῆς
330 1145 394 1180 περὶ
406 1145 488 1172 αὑτὸν
505 1146 608 1182 χειρὸς,
626 1146 640 1173 ὃ
652 1147 719 1173 πᾶσι
730 1146 858 1178 διώκταις
872 1145 998 1181 σύνηθες,

207 1190 256 1225 τῆς
268 1189 368 1222 κακίας
384 1190 516 1227 ἄρχεται·
542 1193 589 1219 καὶ
604 1193 659 1229 γὰρ
673 1193 733 1220 οὐδὲ
744 1191 800 1220 οἷόν
814 1201 843 1220 τε
865 1192 921 1228 (62)
941 1194 998 1224 τοῖς

207 1235 286 1268 ἐκτὸς
305 1237 464 1274 ἐγχειρῆσαι
490 1238 558 1273 (65),
585 1239 621 1275 μὴ
649 1239 752 1266 τούτων
782 1239 995 1272 οἱκειωθέντων,

206 1280 300 1317 ὥσπερ
314 1282 375 1309 οὐδὲ
393 1284 507 1319 στρατὸν
523 1284 637 1318 ἐπάγειν
658 1284 713 1320 (66)
727 1284 844 1320 ἐχθροῖς,
858 1284 927 1320 πρὸς
949 1284 996 1311 τὸν

207 1327 358 1362 στρατηγὸν
372 1329 553 1361 στασιάζοντα
559 1349 565 1356 .

1054 914 1144 943 festim
1158 915 1323 950 sequebatur
1335 924 1342 942 :
1359 915 1632 950 ut,quemadmodum
1645 917 1672 943 in
1681 917 1838 949 venatione,

1051 967 1098 989 aut
1111 962 1216 996 laqueis
1240 967 1286 988 aut
1301 962 1536 996 persecutionibus
1557 968 1729 997 caperemur,
1756 969 1838 998 atqtte

1051 1008 1183 1035 alterutro
1199 1008 1310 1035 omnino
1329 1008 1410 1035 modo
1436 1008 1463 1035 in
1486 1007 1570 1042 ipsius
1587 1013 1747 1042 potestatem
1764 1009 1840 1036 veni-

1052 1062 1152 1082 remus.
1167 1054 1243 1087 Quod
1257 1062 1317 1081 cum
1335 1054 1361 1080 in
1375 1054 1494 1081 animum
1512 1054 1672 1088 induxisset,
1691 1056 1841 1090 negotium-

1050 1107 1103 1134 que
1129 1100 1165 1127 ita
1193 1099 1309 1134 partitus
1331 1103 1423 1131 esset,
1437 1099 1553 1126 alterum
1572 1099 1657 1133 ipsius
1671 1103 1838 1134 strategema

1051 1147 1102 1174 hoc
1115 1146 1180 1179 fuit,
1197 1145 1338 1180 solumque
1353 1153 1388 1172 ex
1410 1145 1534 1173 omnibus
1553 1151 1665 1173 cautum
1677 1149 1706 1173 et
1720 1146 1838 1173 circum-

1051 1198 1187 1228 spectum,
1205 1191 1313 1219 tametsi
1330 1191 1431 1225 alioqui
1448 1191 1526 1219 valde
1552 1191 1665 1227 impium
1681 1211 1689 1223 ,
1705 1197 1735 1218 ut
1750 1199 1767 1219 a
1789 1191 1839 1218 do-

1052 1238 1172 1266 mesticis
1182 1243 1207 1264 et
1223 1238 1368 1265 satellitum
1387 1245 1485 1269 manu,
1505 1239 1576 1271 quod
1603 1238 1729 1266 omnibus
1751 1245 1840 1273 perse-

1052 1283 1192 1310 cutoribus
1206 1282 1343 1310 familiare
1359 1287 1411 1315 est,
1430 1283 1544 1310 sceleris
1558 1283 1699 1310 exordium
1717 1284 1838 1312 duceret.

1051 1328 1143 1363 Neque
1159 1329 1231 1355 enim
1249 1327 1306 1355 fleri
1326 1335 1422 1364 posse,
1442 1333 1471 1355 ut
1490 1333 1620 1356 externos
1637 1328 1838 1363 aggrederetur,
1859 1363 1861 1366 ι

208 1374 259 1401 nisi
281 1374 324 1402 bis
359 1375 411 1402 sibi
454 1375 607 1403 conciliatis
639 1381 719 1410 atque
744 1375 903 1410 adiunctis;
938 1376 1167 1411 quemadmodum
1205 1382 1255 1403 nec
1288 1374 1438 1403 exercitum
1469 1374 1601 1402 adversus
1639 1375 1730 1402 hostes
1758 1375 1841 1402 duce-

207 1427 255 1452 re,
275 1428 336 1448 cum
368 1422 532 1456 imperatore
562 1423 773 1451 contendentem
807 1427 835 1450 et
863 1423 1048 1450 dissidentem.

241 1469 299 1496 ΞΔ’.
315 1470 370 1496 Καὶ
383 1469 427 1496 διὰ
440 1470 519 1497 τοῦτο
530 1473 673 1506 μεταποιεί
686 1471 734 1507 μὲν
745 1470 779 1497 τά
790 1470 921 1506 βασίλεια,
933 1471 996 1504 τοὺς

1085 1470 1177 1499 LXIV.
1195 1471 1284 1506 Atque
1302 1470 1336 1497 ob
1352 1470 1422 1497 hanc
1437 1476 1547 1496 causam
1565 1468 1652 1496 aulam
1672 1473 1754 1496 totam
1765 1475 1842 1496 eom-

205 1516 256 1550 μὲν
270 1515 376 1552 θανάτῳ
392 1516 628 1553 προῦπεξαγαγὼν
645 1518 786 1554 πρότερον,
804 1518 867 1549 τοὺς
881 1517 910 1544 δὲ
924 1526 995 1553 παρ-

1050 1515 1208 1550 mutat,aliis
1224 1520 1310 1543 morte
1327 1514 1401 1549 prius
1415 1513 1555 1542 subductis
1571 1521 1602 1541 ac
1619 1514 1652 1541 de
1667 1513 1757 1541 medio
1776 1513 1841 1541 sub-

204 1562 362 1597 ωσάμενος·
387 1563 436 1598 οὐχ
463 1563 501 1595 ὼς
520 1564 614 1596 εὔνους
633 1563 672 1600 τῷ
690 1564 800 1599 μεγάλῳ
816 1563 921 1599 βασιλεῖ
943 1563 999 1599 (65)

207 1608 298 1644 μόνον,
314 1609 382 1636 ἀλλὰ
398 1610 444 1637 καὶ
457 1610 495 1641 ὡς
507 1610 699 1646 εὐνουστέρους
711 1610 766 1646 (66)
778 1609 817 1645 τῷ
827 1609 940 1645 μείζονι,
952 1609 1000 1636 καὶ

207 1653 373 1686 ἀλυσιτελεῖς
382 1655 458 1690 αὐτῷ
470 1657 530 1682 κατ’
544 1656 698 1692 ἀμφότερα·
712 1656 884 1682 ὑποποιεῖται
896 1655 953 1691 (67)
970 1654 999 1681 δὲ

207 1700 237 1726 ’τὸ
254 1702 458 1736 στρατιωτικὸν,
471 1702 502 1728 τὺ
521 1702 570 1738 μὲν
582 1702 615 1729 δι’
627 1702 735 1734 ἑαυτοῦ,
748 1701 779 1728 τὺ
796 1701 824 1728 δὲ
841 1701 885 1728 διὰ
900 1701 953 1728 τῶν
969 1701 999 1728 ἐν

205 1746 278 1772 τέλει
294 1746 362 1783 (68),
387 1748 402 1774 ὃ
424 1747 471 1774 καὶ
499 1747 598 1783 μᾶλλον
615 1747 745 1774 εὖπιστον
766 1746 951 1782 ὑπελάμϐανε,
967 1746 998 1773 τδ

210 1792 259 1827 μὲν
282 1793 337 1819 τῶν
351 1793 439 1828 τιμῶν
454 1793 620 1830 ἡττώμενον,
635 1794 666 1820 τὺ
678 1794 706 1820 δὲ
724 1793 855 1829 ἁπλότητι
875 1801 998 1828 παρασυ-

207 1839 331 1874 ρόμενον,
346 1841 393 1866 καὶ
411 1840 492 1874 νόμον
505 1839 554 1868 ἕνα
570 1839 703 1875 γινῶσκον
719 1840 810 1875 μόνον,
825 1840 874 1875 τὴν
891 1838 937 1865 τοῦ
951 1838 998 1874 βα-

194 1886 198 1888 ’
207 1885 300 1918 σιλέως
316 1885 450 1921 βούλησιν.

1047 1561 1129 1593 latis,
1153 1561 1214 1589 aliis
1235 1561 1369 1589 submotis
1391 1565 1418 1588 et
1441 1559 1578 1594 expulsis;
1604 1566 1658 1586 non
1688 1563 1742 1586 tam
1775 1559 1841 1594 quia

1049 1605 1180 1634 benevolo
1193 1613 1258 1641 erga
1272 1612 1397 1640 magnum
1416 1604 1607 1640 imperatorem
1618 1604 1709 1631 animo
1721 1604 1839 1636 fuerant.

1047 1660 1128 1688 quam
1159 1653 1230 1688 quod
1258 1652 1353 1686 majori
1381 1658 1447 1687 erga
1482 1651 1611 1686 majorem
1648 1650 1839 1685 imperatorem

1047 1698 1236 1728 benevolentia
1265 1698 1449 1731 aﬂicerentur,
1468 1704 1501 1725 ac
1519 1696 1634 1732 proinde
1649 1701 1763 1732 utroque
1792 1704 1840 1723 no-

1051 1747 1123 1773 mine
1140 1745 1191 1779 ipsi
1216 1744 1380 1772 incommodi
1401 1749 1503 1771 essent.
1518 1743 1617 1770 Milites
1633 1743 1728 1775 etiam,
1742 1746 1770 1769 et
1791 1749 1841 1776 per

1051 1799 1080 1819 se
1091 1791 1160 1832 ipseIL
1175 1795 1203 1818 et
1215 1798 1263 1826 per
1277 1797 1324 1818 eos
1337 1790 1382 1825 qui
1399 1789 1572 1824 magistratus
1591 1789 1732 1825 gerebant,
1743 1788 1840 1820 allicit,

1050 1843 1119 1871 quos
1138 1837 1219 1863 etiam
1237 1836 1271 1864 ad
1287 1835 1505 1871 persuadendum
1525 1835 1663 1863 faciliores
1679 1842 1740 1863 esse
1762 1834 1837 1862 arbi-

1052 1883 1184 1916 trabatur,
1204 1882 1276 1917 quod
1304 1881 1402 1917 partim
1429 1881 1578 1908 honoribus
1606 1875 1701 1908 dediti'
1721 1884 1814 1908 essent
1828 1908 1836 1920 τ

206 1933 304 1966 partim
340 1940 388 1967 per
421 1932 504 1960 animi
540 1932 744 1968 simplicitatem
778 1932 976 1968 abriperentur,
998 1931 1153 1966 nullamque
1184 1931 1266 1957 aliam
1293 1930 1379 1965 legem
1407 1936 1487 1964 quam
1514 1927 1644 1963 principis
1669 1927 1838 1955 voluntatem

205 1983 394 2015 agnoscerent.

240 2024 299 2052 EE‘.
314 2024 422 2052 Μᾶλλον
436 2023 464 2051 δὲ
477 2025 524 2052 τοῦ
548 2025 743 2061 στρατιωτικοῦ
761 2026 843 2062 μέρος
865 2026 922 2061 (69)
948 2028 998 2055 οὐκ

203 2072 356 2107 ἐλάχιστον,
377 2071 423 2098 καὶ
446 2072 508 2099 ὅσον
525 2067 588 2107 εὗρε
613 2071 712 2107 σαθρὸν
729 2072 776 2099 καὶ
801 2072 926 2105 νοσῶδες,
949 2074 997 2101 τοῦ

205 2117 301 2153 καιροῦ
312 2117 404 2144 δοῦλον
413 2117 459 2144 καὶ
470 2117 531 2144 τότε
547 2118 594 2144 καὶ
609 2118 690 2154 πρότε
696 2126 751 2154 ρον·
761 2116 791 2145 οὗ
804 2118 834 2145 τὸ
844 2119 894 2154 μὲν
901 2120 995 2147 δεδού-

204 2164 282 2195 λωτο,
297 2163 364 2190 τὸδὲ
378 2163 499 2198 ἠλπιςεν.
517 2164 554 2189 0")
567 2163 621 2199 γάρ
631 2164 664 2199 δὴ
679 2164 709 2190 τὸ
720 2165 774 2191 πᾶν
793 2164 916 2199 ὑφεῖλεν,
931 2167 994 2193 οὐδὲ

204 2209 330 2235 τοσοῦτον
360 2208 460 2236 ἔδωκεν
484 2209 557 2244 αὑτῷ
583 2209 644 2236 καθ’
669 2209 749 2245 ὴμῶν
781 2210 796 2234 ὁ
822 2210 856 2236 δι’
888 2211 993 2239 ἐκείνου

202 2254 320 2289 διώκτης
336 2254 402 2289 (70)·
413 2254 470 2281 ἀλλ’
480 2254 591 2290 ἔμειναν
602 2255 671 2290 ὑπὲρ
686 2255 750 2288 τοὺς
764 2256 995 2293 ἑπτακισχιλίους,

203 2302 228 2327 ol
245 2301 282 2337 μὴ
306 2301 465 2337 κάμψαντες
481 2302 545 2335 γόνυ
559 2304 593 2338 τῇ
609 2301 694 2334 Βαὰλ,
721 2303 789 2339 μηδὲ
803 2305 837 2340 τῇ
858 2305 940 2332 εἰκόνι
962 2308 994 2342 τῇ

203 2349 290 2383 χρυσῇ
305 2348 549 2384 προσκυνήσαντες,
568 2348 635 2384 μηδὲ
647 2348 701 2375 ύπδ
713 2349 768 2376 τῶν
775 2350 863 2384 ὄφεων
878 2352 997 2387 τρωθέν-

240 2405 262 2421 ³⁹
276 2405 331 2434 Jer.
345 2414 406 2438 xm,
424 2406 470 2433 25.
523 2406 545 2422 ³⁸
562 2406 640 2434 Joan.
657 2415 706 2435 vnt
718 2428 725 2439 ,
737 2408 782 2436 64.

239 2452 555 2489 (59)’Ava1a116’drstr.
585 2453 693 2488 Septem
718 2455 801 2489 Regiv.
823 2455 871 2482 0r.
894 2457 919 2488 Ι,
941 2460 996 2483 tres

202 2488 278 2526 Cotti.
295 2489 384 2526 τιάσας
398 2488 575 2524 μεταϐάλλειν
589 2490 682 2525 χρόας.
698 2491 748 2517 Alii
760 2488 821 2518 duo
837 2491 926 2524 Colb.,
945 2500 994 2526 με-

203 2524 394 2550 ταλαμϐάνειν.
946 2524 950 2526 “

204 2594 222 2602 ἢ
239 2549 428 2602 (δὼμτλεῖον.
439 2559 483 2586 Sic
496 2567 564 2594 pene
579 2567 673 2587 omnes
683 2560 798 2588 codices.
811 2561 886 2589 Pass.
901 2562 993 2589 πλέον.

203 2594 263 2622 Par.
281 2594 376 2621 πλείω.

238 2629 295 2664 (61)
315 2630 485 2664 Ἐτγυτάτω.
501 2629 576 2656 Pass.
593 2630 759 2664 ὲγγυτάτων.

216 2665 294 2707 ’(62)
313 2664 382 2707 ριόν
395 2673 437 2692 τε.
466 2665 548 2699 Ilcgg.
565 2666 618 2692 bm.
637 2666 655 2697 I,
669 2667 768 2693 addunt
791 2664 835 2702 ἦν.
851 2666 925 2694 Pass.
942 2667 991 2703 οὐχ

201 2698 256 2725 οἷον
272 2698 300 2726 τε
316 2698 361 2735 ἦν.
508 2698 515 2699 ί
525 2698 535 2699 7
804 2698 809 2702 ’

237 2735 292 2771 (65)
313 2735 508 2770 Ἐγχειρῆσαι.
523 2735 588 2770 Reg.
605 2735 659 2766 hm,
675 2736 835 2771 ἐγχειρίσαι.

314 2771 457 2806 Ὲπάγείν.
478 2769 742 2806 Ρκδεςὲπαγαγεῐν.

237 2805 292 2841 (65)
308 2806 432 2840 Μεγάλῳ
441 2805 573 2837 βασιλεῖ.
590 2814 598 2830 ι
611 2805 794 2841 Constantium
814 2816 822 2832 ι
839 2807 882 2834 hic
894 2808 990 2834 intelli-

202 2841 240 2875 git
255 2841 416 2876 Tlteologus,
438 2847 464 2867 et
494 2841 571 2874 paulo
589 2845 658 2875 post,
683 2840 722 2875 τῷ
747 2841 863 2875 μείζονι.
890 2843 990 2870 «ϐίη-ι-

200 2882 556 2944 δωὲίέὶἘὺνουο-τὲρους.
591 2909 659 2938 Tres
689 2910 778 2947 Colb.,
813 2912 988 2939 εὖνουστοτέ-

361 2957 497 2988 Ρλτιιοι..
522 2957 581 2988 Gn.
606 2958 720 2988 XXXV
729 2950 739 2990 ”.

1087 2032 1165 2060 LXV.
1183 2031 1242 2061 lmo
1254 2053 1262 2065 ,
1280 2033 1303 2061 si
1328 2033 1428 2061 rectius
1451 2033 1615 2068 loquendum
1639 2037 1682 2061 est
1694 2053 1702 2064 ,
1721 2032 1838 2060 militum

1050 2084 1154 2114 partem
1177 2087 1228 2106 non
1246 2079 1385 2107 minimam
1402 2080 1436 2108 ad
1448 2087 1478 2107 se
1495 2080 1637 2114 pertraxit,
1662 2084 1690 2107 et
1702 2084 1838 2115 quotquot

1050 2133 1083 2152 ex
1098 2125 1130 2152 iis
1142 2133 1230 2161 aegros
1244 2131 1272 2153 et
1294 2126 1442 2154 imbecilles
1458 2126 1574 2158 invenit,
1591 2126 1786 2161 temporisque,
1809 2131 1838 2152 et

1051 2175 1118 2203 tum,
1131 2175 1158 2198 et
1171 2171 1228 2205 jam
1243 2175 1321 2199 antea
1337 2179 1448 2205 servos;
1469 2178 1537 2206 quos
1550 2171 1591 2198 vel
1605 2172 1661 2205 jam
1673 2171 1700 2198 in
1717 2175 1838 2205 potesta-

1048 2221 1101 2244 tem
1123 2217 1282 2252 redegerat,
1303 2217 1344 2244 vel
1365 2217 1537 2244 redacturum
1558 2224 1587 2244 se
1604 2215 1742 2252 sperabat.
1778 2215 1836 2243 Non

1046 2263 1118 2290 enim
1140 2270 1236 2290 omnes
1263 2263 1410 2298 pertraxit,
1430 2271 1480 2290 nec
1501 2267 1607 2290 tantum
1632 2262 1669 2289 illi
1687 2263 1834 2289 adversum
1848 2274 1855 2300 ,ν

1047 2316 1095 2336 nos
1113 2309 1204 2341 dedit,
1220 2310 1266 2344 qui
1287 2316 1335 2344 per
1362 2317 1421 2336 eum
1439 2309 1654 2343 persecutionem
1673 2308 1833 2335 excitabat:
1850 2313 1851 2316 ‘

1045 2363 1138 2383 verum
1151 2355 1211 2390 plus
1224 2363 1304 2391 quam
1325 2360 1427 2383 septem
1454 2356 1593 2382 hominum
1624 2354 1706 2381 millia
1737 2353 1835 2388 reliqui

1048 2465 1122 2492 ρους.
1139 2457 1296 2484 Ammianus
1308 2457 1435 2493 ipsetlib.
1451 2466 1517 2489 χχιι,
1533 2465 1558 2492 p.
1576 2457 1628 2485 206
1641 2458 1739 2490 (A207.
1753 2459 1833 2493 longo

1046 2493 1141 2527 ordine
1155 2498 1275 2519 recenset
1289 2499 1358 2527 quos
1371 2492 1492 2520 Julianus
1508 2494 1662 2525 submovit;
1679 2494 1722 2521 ubi
1739 2492 1833 2522 narrat

1046 2526 1192 2558 lulianum,
1210 2528 1333 2562 quamvis
1356 2535 1370 2554 a
1392 2529 1505 2562 puerilia
1525 2529 1551 2556 in
1575 2529 1715 2555 numinum
1729 2530 1830 2556 cultum

1046 2567 1118 2598 esset
1135 2562 1297 2592 inclinatior,
1315 2563 1396 2589 anitni
1412 2568 1500 2590 tamen
1521 2571 1630 2598 arcana,
1643 2564 1751 2591 nonnisi
1763 2565 1832 2591 abo-

1046 2597 1172 2633 litisﬁqum
1187 2598 1341 2629 verebatur,
1355 2598 1522 2633 patefecisse.

1081 2632 1137 2666 (67)
1160 2632 1365 2673 'Immotsirat.
1386 2642 1395 2658 ι
1408 2632 1464 2659 5ὼί
1477 2633 1595 2669 subjicit,
1607 2643 1616 2660 ι
1634 2634 1686 2667 vel,
1702 2637 1733 2661 ut
1746 2633 1830 2668 Elias,

1047 2675 1057 2692 ι
1069 2675 1132 2694 suos
1144 2667 1233 2695 eﬂit-it.
1249 2678 1258 2693 ι
1527 2667 1534 2669 ’

1079 2702 1135 2735 (68)
1159 2702 1220 2729 Τῶν
1245 2703 1280 2730 ἐν
1302 2703 1390 2730 τέλει.
1415 2703 1594 2737 tl’mfectns,
1621 2705 1704 2732 duces
1727 2706 1832 2733 exerci-

1043 2742 1134 2812 ωἷξςᾶ)
1153 2773 1258 2812 Μέρος.
1283 2772 1446 2812 Βεδςκίηη,
1472 2775 1490 2807 ι,
1508 2774 1585 2812 con».
1603 2775 1629 2806 δ,
1649 2775 1758 2812 μέρους.
1778 2775 1833 2802 Nr-

1043 2809 1115 2842 gatio
1134 2808 1193 2840 οὐκ,
1210 2817 1270 2844 quae
1285 2808 1416 2843 sequitur.
1433 2811 1507 2837 deest
1528 2811 1554 2837 in
1578 2808 1714 2838 nonnullis
1728 2812 1831 2840 codici-

1042 2845 1135 2914 ιωῗίιο)
1151 2878 1289 2914 Διώκτης.
1310 2889 1319 2906 ι
1331 2879 1470 2908 Diabolum
1483 2890 1493 2906 ι
1512 2880 1643 2914 intelligit.

1633 2962 1669 2991 19
