2071 3133
247 160 299 187 587
355 190 357 192 η

848 159 879 187 S'
900 157 1064 188 GREGORII
1083 156 1258 185 THEOLOGI

1823 158 1874 187 588

248 218 367 249 fuerunt,
385 217 429 252 qui
445 224 497 244 non
513 216 645 245 ﬂexerunt
666 224 734 252 genu
754 224 845 244 coram
864 216 927 244 Baal
939 217 973 248 ",
985 223 1028 244 net

1085 223 1142 247 τες,
1156 215 1188 242 ὲκ
1203 214 1250 241 τοῦ
1264 214 1373 250 βλέπειν
1384 214 1424 246 εἰς
1440 214 1486 241 τὸν
1500 214 1562 249 ὅφιν
1574 214 1630 250 (71)
1649 214 1696 242 τὺν
1711 216 1874 250 κρεμασθέν-

247 271 357 291 auaeam
387 263 530 298 imaginem
549 263 695 291 adorarunt
708 263 744 295 ",
761 271 810 291 nec
829 270 845 290 a
862 263 1034 297 serpentibus

248 309 381 337 vulnerati
391 314 454 338 sunt
469 309 508 342 ³⁷ς
526 310 597 344 quod
613 315 766 345 serpentem
779 310 854 340 illum
870 317 1032 346 suspensmu

247 354 403 389 Christique
419 355 589 389 passionibus
600 361 761 389 oppressum
784 361 865 392 atque
878 358 1032 386 confectum

248 400 434 433 intuerentur;
456 400 532 427 multi
550 400 654 428 scilicet
677 408 821 436 proceres,
837 394 1032 436 altissimisqne

246 444 422 480 dignitatibus
431 446 548 480 praediti,
561 454 630 481 quos
646 447 734 474 minus
747 447 828 475 etiatu
849 449 947 476 mirum
963 448 1032 474 fuis-

247 494 300 523 set.
324 495 379 518 tum
405 491 483 527 107
507 492 688 526 periculorum
706 499 778 521 metu
792 514 800 525 ,
822 499 876 521 tum
900 495 1031 521 honorum

244 544 312 572 spe,
332 538 429 566 cedere
454 545 487 566 ac
515 546 612 566 manus
628 539 712 572 dare;
735 540 811 568 multi
833 541 916 568 etiam
934 539 1031 575 plebeii

245 583 365 616 ordinis,
380 591 411 611 ac
426 591 540 612 numero
554 584 611 612 solo
627 586 745 619 cogniti,
760 594 827 620 quos
843 594 904 614 cum
922 587 1032 613 adortus

245 634 329 661 esset,
348 637 400 657 non
418 630 498 657 aliter
513 631 636 665 repulsus
649 637 691 659 est
704 652 711 664 ,
730 640 811 666 quam
827 632 893 659 levis
908 632 1030 667 quaedam

1085 269 1130 292 τα,
1145 261 1192 287 καὶ
1202 260 1385 287 καταλυθέντα
1398 262 1454 292 τοῖς
1465 259 1582 296 Χριστοῦ
1595 261 1694 288 πάθεσι
1702 269 1709 276 ·
1721 261 1814 288 πολλοὶ
1826 263 1874 297 μὲν

1086 306 1139 333 τῶν
1152 308 1181 333 ὲν
1199 307 1368 338 δυναστείαις
1386 306 1442 342 (72)
1458 307 1505 334 καὶ
1523 307 1629 342 ὕψεσιν,
1650 307 1697 339 οὓς
1713 308 1758 334 καὶ
1775 309 1874 343 μᾶλλον

1086 352 1160 384 εἰκὸς
1177 350 1211 388 ἦν
1223 352 1373 388 ἡττηθῆναι
1389 353 1436 380 καὶ
1451 354 1495 380 διὰ
1512 354 1605 389 φόϐον,
1625 353 1672 380 καὶ¹
1694 353 1728 380 δι’
1743 354 1853 386 ἐλπίδας
1865 363 1872 370 -

1085 399 1177 426 πολλοὶ
1192 399 1221 425 δὲ
1231 399 1285 425 τῶν
1296 399 1371 426 κάτω
1383 399 1431 426 καὶ
1443 400 1552 436 ἀριθμῷ
1571 401 1644 436 μόνῳ
1655 400 1873 436 γνωριζομένων,

1083 443 1125 477 οἷς
1146 443 1308 480 προσϐαλὼν
1323 445 1510 482 ἀπεκρούσθη,
1525 446 1652 482 καθάπερ
1671 447 1724 473 ὑπὸ
1750 447 1873 481 γενναίου

1082 490 1190 525 τείχους
1205 490 1355 525 μηχάνημά
1371 499 1397 516 τι
1413 490 1468 517 τῶν
1480 491 1511 517 οὺ
1524 491 1648 527 καιρίων.
1665 491 1738 526 Πλὴν
1745 492 1795 518 οὐκ
1811 492 1874 526 ἡνία

1085 537 1185 573 μᾶλλον
1202 536 1259 571 (75)
1286 535 1317 562 τὸ
1331 536 1478 571 διαφεῦγον
1504 537 1520 572 ἢ
1535 537 1746 573 ἐθάρσυνενίὼς
1766 538 1799 565 ἂν
1813 538 1874 564 λυσ-

1084 583 1184 614 σῶντα,
1198 581 1229 608 τὸ
1243 582 1420 617 ἁλισκόμενον
1429 591 1435 596 ·
1450 583 1497 610 καὶ
1510 583 1541 610 τὸ
1551 583 1694 619 βούλεσθαι
1709 584 1827 620 παρίστη
1843 584 1874 611 τὺ

1083 629 1209 656 ἐλπισθὲν
1226 628 1264 660 ὡς
1277 629 1473 665 κρατούμενον.

246 675 372 703 machina
394 683 410 703 a
433 675 589 704 ﬁrmissimo
610 684 697 705 muro.
720 678 854 705 Czeternm
880 685 912 705 eo
937 677 1029 704 aninto
1047 679 1117 708 erat,
1130 679 1160 702 ut
1173 682 1226 702 non
1239 675 1326 710 magis
1344 675 1379 703 ob
1413 682 1461 704 eos
1494 675 1540 710 qui
1559 675 1608 709 ipsi
1635 675 1809 712 ell'ugiebant,
1823 683 1872 703 att-

245 727 364 758 geretur,
381 730 482 758 quant,
503 725 595 758 utpbte
609 723 702 752 furore
718 725 837 759 percitus
850 745 857 757 ,
875 725 910 753 ob
923 732 970 752 eos
984 723 1029 758 qui
1049 721 1236 757 capiebantur,
1254 721 1405 755 przlideret
1423 730 1431 749 :
1450 721 1627 757 voluntasque
1645 723 1714 757 ipsa,
1742 722 1769 750 id
1799 723 1872 758 quod

244 777 293 804 spe
311 775 470 805 conceptum
482 774 560 803 erat,
576 769 653 805 quasi
670 770 725 805 jam
742 770 865 798 manibus
880 774 1029 802 teneretur.
1050 767 1272 803 repraesentabat.

279 814 372 843 LXVI.
389 814 460 848 Quin
475 814 530 849 iam
546 814 629 842 etiam
653 815 783 842 adversus
805 823 932 851 magnum
960 814 1024 842 illud

1114 811 1183 845 zq'.
1193 811 1286 847 Τολμᾷ
1296 811 1324 838 δὲ
1338 811 1389 847 ήδη
1402 811 1449 838 καὶ
1461 811 1531 838 κατὰ
1542 811 1589 838 τοῦ
1604 812 1722 848 μεγάλου
1736 814 1872 850 συνθήμα-

245 859 372 888 vexillum
401 858 513 886 audacia
543 858 666 891 ell'ertur,
693 859 765 893 quod
786 866 846 886 cum
868 865 949 886 cruce
972 865 1028 884 ma-

1082 865 1137 889 τος,
1152 856 1167 882 ὃ
1183 855 1252 891 μετὰ
1274 856 1322 883 τοῦ
1350 855 1468 893 σταυροῦ
1496 857 1643 892 πομπεύει,
1668 858 1715 885 καὶ
1740 859 1801 893 ἄγει
1825 860 1871 886 τὸν

246 906 345 941 guilice
372 904 510 940 praecedit,
530 904 557 931 in
581 903 720 939 altumque
747 904 859 936 elatum,
882 902 1031 930 exercitum

245 948 331 984 ducit,
347 950 470 978 laborum
490 950 681 978 solvendorum
702 950 756 977 vim
781 950 897 982 habens,
916 949 1033 983 hincque

245 997 316 1032 apud
327 996 438 1024 Latinos
450 1003 548 1023 nomen
575 995 696 1026 trahens,
726 995 981 1032 principatumgue,
1004 995 1034 1022 tit

245 1043 281 1070 ita
302 1042 403 1074 dicam,
427 1041 454 1069 in
483 1041 587 1076 reliqua
612 1041 701 1068 omnia
720 1041 816 1068 vexilla
843 1046 953 1074 tenens;
977 1046 1030 1069 tam

244 1096 306 1123 qua:
322 1088 519 1123 imperatorum
534 1087 707 1122 imaginibus,
724 1091 805 1123 atque
827 1086 950 1122 expassis
971 1090 1029 1114 tex-

251 1134 331 1166 tttris,
347 1134 374 1161 in
390 1133 475 1161 variis
491 1133 616 1161 tincturis
630 1141 662 1161 ac
680 1133 833 1160 litterarum
849 1133 973 1168 picturis,
983 1133 1029 1160 de-

243 1184 385 1212 curantur,
405 1179 533 1213 velutque
547 1179 695 1212 exsultant,
709 1187 789 1214 quam
802 1187 863 1214 qua:
886 1180 1031 1207 horrendis

242 1226 393 1259 draconum
416 1224 538 1252 hiatibus
565 1231 646 1258 super
670 1231 790 1251 summas
816 1223 922 1251 lanceas
952 1224 1031 1252 elatis

243 1272 345 1304 inﬂata,
360 1275 388 1298 et
414 1277 463 1305 per
478 1274 584 1297 tractus
601 1270 735 1297 contextis
754 1269 874 1304 squamis
888 1269 1030 1297 distinctos

242 1316 590 1353 agitata,jucundissimum
607 1317 687 1344 simul
700 1322 726 1344 et
741 1316 907 1345 horrendum
923 1321 1028 1350 specta-

242 1364 332 1391 culum
348 1362 580 1398 oculisepraebent.
600 1363 780 1398 Posteaquam
809 1367 898 1389 autem
917 1369 962 1389 res
980 1361 1029 1388 do-

241 1410 370 1438 mesticas
386 1417 419 1437 ex
438 1409 520 1436 animi
537 1410 670 1437 sententia
687 1409 816 1442 coniecit,
830 1416 862 1436 ac
879 1408 1027 1444 periculum

1084 901 1199 937 στρατὸν
1208 902 1247 933 εἰς
1260 901 1325 936 ὕψος
1337 901 1491 938 αἰρόμενον,
1500 903 1629 938 καμάτων
1640 903 1696 939 (74)
1703 903 1829 940 λυτήριον
1839 905 1871 932 ὃν

1079 956 1110 974 τε
1125 947 1173 974 καὶ
1197 947 1268 974 κατά
1287 948 1438 984 Ῥωμαίους
1453 948 1652 984 ὀνομαζόμενον
1659 950 1706 976 καὶ
1718 950 1868 985 βασιλεῦον,

1081 992 1119 1024 ὡς
1135 992 1168 1020 ἃν
1189 992 1261 1020 εῐποι
1287 1001 1340 1025 τις,
1363 993 1420 1020 τῶν
1434 993 1536 1020 λοιπῶν
1555 993 1753 1029 συνθημάτωνυ
1775 995 1825 1021 ὃσα
1838 1003 1868 1021 τε

1081 1037 1213 1073 βασιλέων
1243 1037 1401 1073 προσώποις
1432 1038 1592 1071 ἀγάλλεται,
1622 1040 1669 1066 καὶ
1695 1040 1869 1075 πεπετασμέ.

1079 1092 1135 1116 νοις
1151 1083 1207 1119 (75)
1228 1084 1387 1119 ὑφάσμασιν
1411 1084 1439 1110 ὲν
1452 1083 1592 1120 διαφόροις
1602 1085 1701 1120 βαφαῖς
1717 1086 1764 1112 καὶ
1779 1087 1869 1122 γράμ-

1083 1138 1178 1165 μασιν,
1192 1130 1243 1157 ὅσα
1255 1138 1286 1156 τε
1301 1130 1457 1166 δρακόντων
1467 1131 1594 1167 φοὸεροῖς
1605 1131 1741 1167 χάσμασιν
1753 1132 1870 1167 ἐμπνεό-

1081 1183 1150 1211 μενα
1165 1175 1221 1211 (76)
1235 1176 1278 1202 ἐπ’
1295 1175 1388 1212 ἄκρων
1400 1176 1521 1212 δοράτων
1537 1177 1744 1213 αἰωρουμένοις,
1761 1178 1807 1204 καὶ
1825 1178 1868 1205 διὰ

1079 1222 1133 1249 τῶν
1145 1222 1231 1249 ὸλκῶν
1240 1221 1403 1258 ριπιζόμενα
1415 1223 1520 1258 φολίσιν
1528 1224 1660 1258 ὑφανταῖς
1669 1224 1866 1256 χαταστίκτων,

1078 1267 1187 1302 ἥδιστόν
1199 1277 1229 1295 τε
1243 1268 1310 1305 όμοῠ
1323 1269 1370 1296 ml.
1384 1269 1498 1304 φρικτὸν
1521 1269 1611 1306 Θέαμα
1627 1270 1793 1306 προσπίπτει
1808 1271 1868 1302 ταῖς

1078 1315 1184 1350 ὄψεσιν.
1204 1317 1250 1348 Ὦς
1263 1317 1292 1343 δὲ
1304 1314 1376 1352 εἶχεν
1387 1316 1462 1352 αὐτῷ
1475 1317 1546 1344 κατὰ
1562 1317 1625 1344 νοῦν
1639 1316 1674 1344 τὰ
1687 1317 1812 1352 πλησίον,
1820 1317 1868 1344 καὶ

1076 1361 1124 1388 τοῦ
1141 1363 1170 1389 ἐν
1186 1363 1291 1398 χερσὶν,
1307 1362 1346 1395 ὡς
1355 1362 1570 1398 ῷετοριινδύνου
1595 1362 1726 1398 κρείττων
1747 1362 1866 1397 ἐγένετο,

1075 1408 1165 1441 οὕτως
1175 1409 1225 1445 ἠδη
1240 1410 1369 1445 πειρᾶται
1386 1409 1443 1445 (77)
1457 1410 1504 1436 καὶ
1518 1409 1572 1436 τῶν
1582 1409 1657 1445 ἑξῆς.

241 1455 318 1488 illud,
335 1455 405 1490 quod
420 1455 446 1482 in
463 1456 588 1484 manibus
602 1460 668 1488 erat,
701 1461 732 1483 ut
755 1455 940 1488 existimabat,
958 1454 1069 1490 depulit,
1102 1456 1140 1484 ita
1160 1456 1269 1484 demum
1301 1464 1333 1485 ea
1368 1464 1429 1492 quae
1447 1457 1574 1492 deinceps
1593 1461 1750 1492 sequentur,
1776 1464 1866 1492 aggrc.

240 1502 322 1530 ditur.

276 1548 380 1576 LXVII.
397 1549 485 1578 Homo
511 1547 680 1578 stultissime.
703 1552 730 1576 et
752 1547 920 1582 impiissime,
946 1553 973 1575 et
999 1548 1024 1575 in

1111 1547 1170 1574 ΞΖ¹.
1187 1547 1369 1582 Εὑηοέστατε,
1384 1547 1432 1574 καὶ
1448 1547 1624 1580 ἀσεϐέστατε,
1640 1547 1687 1574 καὶ
1707 1548 1867 1575 άπαιδευτό-

240 1594 345 1630 magnis
359 1595 440 1623 rebus
458 1594 660 1631 imperilissime
677 1594 683 1620 l
720 1592 796 1621 Tune
814 1593 943 1620 adversus
966 1598 1026 1621 tan-

241 1645 295 1668 tam
314 1647 428 1675 sortem,
445 1649 478 1669 ac
492 1649 540 1677 per
556 1645 641 1668 totum
657 1640 749 1667 orbem
764 1639 850 1666 fusam
864 1637 1024 1670 Ecclesium,

239 1694 300 1720 qua:
328 1695 377 1722 per
390 1688 524 1716 sermonis
551 1687 692 1718 vilitatem,
716 1685 978 1721 prmdicationisque,
997 1690 1027 1712 ut

237 1733 293 1767 jpsi
311 1732 427 1761 fortasse
457 1732 592 1764 dixeritis,
607 1731 749 1759 stultitiam
764 1731 797 1762 ³⁸,
823 1738 918 1758 omnes
948 1735 1026 1758 terra:

241 1779 310 1807 lines
330 1778 469 1815 complexa
486 1782 536 1811 est,
554 1785 614 1813 quae
640 1777 778 1811 sapientes
794 1776 867 1809 vicit,
883 1781 910 1804 et.
926 1776 1028 1803 daemo-

241 1832 290 1852 nes
301 1825 447 1860 oppressit,
472 1831 500 1853 et
515 1831 622 1860 tempus
648 1823 801 1858 superavit;
828 1822 923 1850 eadem
951 1827 1028 1849 vetus

241 1871 334 1903 simul,
350 1875 377 1899 et
393 1878 477 1905 nava,
493 1876 522 1898 ut
537 1879 586 1898 vos
613 1870 726 1898 deorum
747 1869 889 1904 quemdam
917 1874 1028 1904 ponen-

241 1919 302 1942 tose
318 1915 491 1951 conlingitis;
509 1915 552 1942 illa
568 1915 672 1950 paucis,
687 1914 744 1941 hmc
757 1913 918 1948 promiscua:
938 1913 1028 1940 multi-

243 1960 346 1994 tudini;
366 1959 411 1988 illa
431 1960 650 1991 adumbratione,
668 1959 726 1986 haec
742 1958 908 1994 perfectione
927 1963 1028 1994 myste-

243 2005 276 2033 rii
292 2006 325 2033 ad
342 2013 390 2034 sua
405 2011 527 2040 tempora
545 2005 692 2033 reservati?
708 2004 784 2032 Tune
797 2004 868 2039 (quis
888 2009 989 2036 autem,
1001 2009 1028 2032 et

242 2057 373 2087 quantus,
389 2057 416 2079 et
433 2053 503 2079 unde
512 2051 534 2087 2)
551 2052 682 2079 adversus
699 2057 823 2085 magnam
848 2049 948 2078 Christi
973 2050 1029 2077 hie-

242 2098 401 2126 reditatem?
415 2105 551 2132 magnam,
569 2097 688 2131 inquam,
713 2096 797 2128 illam,
818 2103 880 2128 ncc,
906 2097 987 2123 etiam
1004 2095 1027 2123 si

241 2144 350 2178 quidam
371 2143 466 2178 majori
486 2150 568 2178 quam
587 2146 614 2169 tu
635 2141 728 2169 furore
742 2145 823 2176 atque
837 2141 941 2168 insania
958 2149 1028 2176 prat-

277 2212 298 2228 ³⁸
314 2211 346 2239 Ill
361 2211 489 2247 Regmx,
508 2210 558 2243 18;
580 2210 659 2238 Bom.
676 2217 716 2244 xt,
730 2209 757 2236 4.

808 2209 830 2224 ⁸⁸
849 2208 915 2236 Dan.
932 2217 979 2242 ιιι,
1001 2209 1044 2238 18.

1077 1602 1140 1620 τατε
1153 1594 1187 1620 τά
1208 1594 1329 1629 μεγάλαι
1344 1594 1376 1620 σὺ
1396 1593 1467 1621 κατὰ
1485 1594 1613 1621 τοσούτου
1631 1594 1732 1630 κλήρου
1748 1595 1794 1622 καὶ
1813 1595 1865 1630 τῆς

1078 1639 1269 1675 οἰκουμενικῆς
1292 1640 1481 1676 καρποφορίας
1502 1639 1569 1676 (78),
1594 1641 1643 1677 τῆς
1670 1641 1758 1668 πάντα
1773 1641 1865 1667 διαλα-

1079 1683 1179 1719 6ούσης
1195 1684 1229 1711 τὰ
1245 1685 1362 1720 πέρατα,
1374 1685 1417 1712 διὰ
1431 1686 1481 1720 τῆς
1503 1685 1640 1717 εὐτελείας
1659 1685 1707 1712 τοῦ
1727 1685 1806 1721 λόγου
1818 1687 1866 1714 καὶ

1078 1730 1128 1766 τῆς
1140 1730 1255 1766 μωρίας,
1269 1730 1307 1762 ὡς
1320 1731 1353 1758 ἂν
1369 1731 1446 1758 αὐτοὶ
1461 1731 1630 1766 φαίητείίτοῦ
1644 1732 1832 1768 κηρύγματος,
1851 1733 1866 1759 ὃ

1077 1777 1174 1810 σοφοὺς
1191 1776 1310 1812 ἐνίκησε,
1325 1777 1372 1803 καὶ
1383 1776 1512 1813 δαίμονας
1527 1778 1629 1804 ἔπαυσε
1638 1778 1704 1814 (79),
1715 1778 1762 1804 κα)⁸
1772 1778 1866 1813 χρόνον

1077 1820 1287 1856 ὑπερηκόντισε,
1306 1821 1337 1848 τὸ
1364 1822 1430 1849 αὐτὸ
1460 1822 1576 1849 παλαιόν
1591 1831 1621 1849 τε
1638 1823 1705 1858 ὁμοῦ
1732 1822 1864 1857 τυγχάνον

1077 1868 1124 1894 καὶ
1139 1868 1209 1900 νέον,
1221 1867 1260 1900 ὡς
1275 1868 1353 1903 ὑμεῖς
1367 1868 1421 1895 τῶν
1439 1868 1509 1895 Θεῶν
1521 1877 1582 1895 τινα
1595 1868 1650 1905 (80)
1665 1869 1842 1904 τερατεύεσθε
1855 1878 1862 1884 ·

1077 1914 1106 1940 τὸ
1121 1913 1169 1950 μὲν
1181 1915 1237 1946 τοῖς
1251 1914 1362 1949 ὀλίγοις,
1378 1915 1409 1941 τὸ
1422 1914 1449 1941 δὲ
1463 1915 1519 1946 τοῖς
1544 1915 1651 1947 πολλοῖς
1663 1924 1669 1930 ·
1693 1915 1740 1942 καὶ
1763 1915 1793 1942 τὸ
1815 1915 1863 1950 μὲν

1076 1961 1109 1995 τῇ
1135 1960 1316 1996 σκιαγραφίᾳ,
1333 1960 1364 1987 τὸ
1378 1960 1406 1987 δὲ
1421 1962 1454 1996 τῇ
1477 1960 1616 1988 τελειώσει
1641 1960 1688 1988 τοῦ
1713 1963 1862 1996 μυστηρίου

1077 2007 1184 2040 καιροῖς
1202 2005 1277 2037 ἰδίοις
1296 2005 1507 2040 ταμιευϐέντος;
1525 2006 1561 2033 Σὺ
1580 2005 1653 2032 κατὰ
1676 2007 1726 2041 τῆς
1744 2006 1864 2042 μεγάλης

1076 2052 1123 2078 τοῦ
1136 2052 1254 2088 Χριστοῦ
1271 2051 1326 2088 (81)
1341 2052 1542 2088 κληρονομίας;
1555 2053 1578 2088 (ὁ
1589 2052 1641 2084 τίς,
1655 2053 1701 2079 καὶ
1713 2053 1805 2084 πόσος,
1816 2052 1863 2079 καὶ

1077 2097 1186 2133 πόθεν;)
1215 2098 1264 2133 τῆς
1283 2098 1403 2133 μεγάλης
1431 2098 1477 2124 καὶ
1493 2098 1523 2125 οὐ
1550 2098 1733 2134 παυσομένης,
1749 2099 1804 2125 οὐδ’
1830 2098 1862 2125 ἂν

1077 2143 1157 2170 πλέον
1175 2144 1190 2171 i‘
1218 2144 1250 2170 σὺ
1277 2143 1382 2180 μανῶσι
1400 2152 1482 2176 τινες,
1502 2144 1560 2171 ἀλλ’
1578 2144 1625 2171 ἐπὶ
1642 2145 1733 2171 πλεῖον
1747 2144 1803 2181 (82)
1819 2145 1863 2172 ἀεὶ

1095 2211 1118 2227 ³⁷
1131 2210 1210 2238 Num.
1225 2219 1282 2244 HI,
1293 2210 1320 2239 9.
1360 2211 1382 2227 ³⁸
1395 2210 1405 2238 l
1419 2211 1481 2240 Cor.
1499 2220 1519 2245 t,
1533 2215 1580 2238 ξι.

276 2268 331 2305 (7|)
344 2270 443 2304 Ὄφιν.
471 2268 649 2305 (Serpentem
672 2274 840 2303 suSpensum.
852 2275 861 2292 ι
881 2266 918 2294 De
936 2275 945 2292 ι
963 2267 1021 2294 dia-

1079 2276 1163 2305 psvg;
1177 2277 1186 2294 ι
1202 2268 1357 2305 Volitantia.
1369 2277 1379 2294 ι

241 2303 302 2333 bolo
317 2303 326 2329 ι
344 2303 536 2337 interpretatur
551 2303 631 2330 Elias.

277 2339 332 2376 (72)
348 2339 458 2366 Πολλοὶ
480 2339 538 2373 μὲν
554 2337 870 2376 τᾶν-ὲνμδυναστείιιις.
889 2337 1026 2376 Hosinter

241 2372 389 2408 generosos
406 2372 588 2407 conlessores,
611 2373 739 2401 Iovianus
762 2378 789 2400 et
816 2372 1021 2400 Valentinianus

240 2413 426 2438 numerantur.

276 2444 407 2481 (75)»06}:
421 2443 492 2481 fug-la
507 2442 643 2481 paler,
655 2448 708 2471 etc.
734 2451 744 2469 ι
758 2442 816 2470 Νοιι
824 2442 887 2481 plus
902 2443 1027 2469 mceroris

242 2477 415 2507 ac‘mdlestiae
431 2479 466 2506 ob
478 2485 535 2510 eos,
557 2479 602 2513 qui
620 2477 679 2512 ejus
695 2486 789 2505 manus
804 2477 962 2511 effugerant,
979 2484 1025 2503 ca-

231 2515 341 2556 .piebat,
366 2521 446 2556 quam
474 2513 576 2556 ﬁducia
601 2513 813 2556 peclttndebatur
829 2513 1024 2556 Jobeosrq‘uos

239 2548 295 2585 jam
310 2553 446 2584 coeperat;
473 2549 619 2585 exquibus
646 2549 697 2576 hoc
726 2548 928 2585 assequebatur,
948 2551 1026 2585 ut_ne_

241 2582 275 2612 ile
299 2582 363 2612 illis'
381 2584 490 2618 quidem
506 2584 680 2618 desperaret;
705 2590 796 2610 verum
827 2583 948 2610 voluntas
976 2582 1026 2616 ipsi

241 2621 313 2655 quod
336 2627 383 2655 spe
407 2624 577 2653 conceperat,
598 2619 654 2654 jam
681 2624 819 2653 acceptqu
848 2622 1024 2652 repracsenta-

241 2661 291 2683 ret.
304 2664 314 2682 )

278 2690 333 2725 (γι)
353 2689 507 2725 Καμάτων.
540 2697 549 2715 ι
563 2688 708 2717 Laborem.
720 2697 730 2715 ι
758 2687 805 2715 Sic
819 2687 879 2714 Bill.
896 2687 923 2715 in
940 2687 1027 2722 prima

241 2727 306 2753 edit.
323 2725 418 2753 melius
432 2730 522 2758 quam,
539 2732 548 2749 ι
560 2731 750 2752 aerumnarum.
768 2733 777 2748 ι

291 2760 335 2796 75)
348 2755 597 2796 Πεπείᾳσμένοις.
613 2759 706 2794 Plures
721 2758 787 2794 regii
802 2757 917 2790 codices,
934 2755 981 2784 0r.
998 2756 1025 2790 ί,

241 2794 318 2823 Pass.
326 2794 525 2830 πεπταμένοις.

279 2830 334 2866 (76)
357 2826 566 2866 Ἑμπένεόμενα.
601 2828 646 2857 Sic
673 2828 766 2864 legunt
788 2827 873 2866 Elias,
891 2826 975 2866 M_ont.
999 2830 1026 2866 et

239 2862 310 2896 Gal).
324 2862 437 2894 Codices
462 2862 551 2893 tamen
577 2871 644 2900 pene
670 2862 764 2892 onincs
788 2864 887 2892 habent
908 2862 1024 2898 ὲμπετό-

1112 2303 1173 2340 (77)
1188 2303 1336 2338 Πειρᾶται.
1352 2312 1362 2329 ‹
1377 2303 1548 2338 Aggreditur,
1562 2312 1572 2330 ι
1592 2311 1689 2339 nempe
1704 2305 1860 2340 religionem

1075 2338 1256 2369 Christianam
1271 2343 1402 2366 evertere.

1111 2373 1167 2408 (78)
1181 2374 1397 2408 Καρποφορίας.
1415 2372 1517 2406 Billius,
1531 2378 1591 2408 post
1602 2374 1699 2407 Eliam,
1718 2384 1727 2400 ι
1741 2375 1775 2403 de
1785 2376 1862 2404 Chri-

1076 2409 1110 2445 sti
1125 2409 1260 2445 oblatione
1274 2418 1283 2434 ι
1307 2410 1500 2445 interpretatur
1514 2410 1583 2437 hanc
1599 2417 1702 2443 vocem,
1726 2418 1785 2445 qua:
1796 2412 1863 2439 nihil

1076 2444 1148 2481 aliud
1161 2448 1239 2471 sonat
1249 2451 1328 2481 quam
1346 2453 1356 2469 ι
1369 2444 1449 2481 o_rbis_
1458 2445 1665 2481 totius__rnessetn
1679 2454 1687 2470 I
1705 2444 1862 2481 frugumque

1076 2478 1237 2515 ubertatem,
1254 2483 1282 2515 ut
1298 2479 1365 2515 bene
1376 2478 1470 2515 Comb.
1488 2488 1495 2506 :
1514 2489 1525 2504 ‹
1537 2479 1602 2507 Vitis
1612 2480 1657 2507 illa
1675 2486 1728 2512 est,
1743 2478 1803 2515 quae
1816 2478 1861 2509 or-

1078 2514 1139 2540 bem
1156 2514 1285 2548 implevit,
1297 2514 1374 2547 cujus
1387 2513 1481 2540 umbra
1495 2515 1601 2548 operuit
1613 2520 1727 2542 montes.
1739 2513 1861 2543 {Christi

1080 2548 1201 2588 proiecto
1215 2549 1371 2588 _l_tm:reditas
1387 2553 1430 2588 est
1453 2549 1582 2588 Ecclesia,
1596 2557 1656 2585 qua:
1672 2557 1721 2588 per
1731 2551 1860 2588 praedica-

1081 2583 1161 2620 tionis
1171 2583 1311 2620 stultitiam
1327 2584 1415 2620 omnia
1431 2586 1558 2618 pervasit,
1574 2583 1634 2620 quae
1644 2583 1752 2620 quidem
1766 2587 1862 2620 praedi-

1081 2619 1153 2645 catio
1170 2628 1179 2644 ι
1191 2618 1327 2652 sapientes
1342 2619 1415 2650 vicit,
1432 2628 1441 2644 ι
1457 2625 1511 2647 etc.

1078 2687 1085 2694 .
1116 2653 1174 2694 ('79)
1198 2654 1344 2688 Δαίμονος
1359 2653 1484 2680 ἔπαυσε.
1515 2655 1705 2694 «Daemouibus
1726 2655 1861 2684 silentium

1207 2779 1213 2789 ,
1232 2769 1241 2784 Ι
1255 2769 1399 2786 ινιιιιιιιιιιιι.
1416 2769 1425 2785 ι

1111 2793 1391 2829 (81)·ΤοῦνΧριστοῦ.
1406 2795 1470 2829 lteg.
1483 2794 1551 2825 bm.,
1563 2794 1610 2821 τοῦ
1623 2794 1690 2820 Θεοῦ

1110 2828 1165 2864 (82)
1186 2828 1250 2856 Ἐπὶ
1266 2829 1372 2856 πλεῖον
1395 2849 1402 2856 .
1416 2849 1422 2856 .
1435 2828 1632 2863 (ὁρωμένοις.
1648 2829 1707 2857 Bill.
1735 2828 1862 2863 «longius
