2071 3133
259 165 310 194 589

747 165 878 195 ORATIO
897 165 943 194 IV.
963 181 996 187 —
1012 165 1153 195 CONTRA
1171 167 1344 197 JULIANUM
1363 167 1384 196 l.

1821 173 1874 200 θαι)

261 223 438 258 βαδιουμὲνης
454 231 483 250 τε
498 224 547 250 καὶ
559 222 766 258 ἀρθησομένης·
783 223 904 251 πιστεύω
918 223 973 259 γὰρ
982 224 1039 256 ταῖς

1093 225 1189 259 cipites
1216 224 1349 259 feramur,
1375 225 1457 253 ﬁnem
1479 226 1647 259 habituram,
1676 233 1768 255 verum
1788 231 1875 264 magis

260 269 428 304 προρρήσεσι
443 269 492 296 κα)⁸
506 270 563 300 τοῖς
575 268 724 304 ὁρωμένοις
735 276 741 283 ’
751 269 784 305 ἢν
797 269 834 301 ὡς
842 270 909 301 Θεὸς
919 269 1042 305 ἐποίησε,

259 314 306 341 καὶ
321 314 358 345 ὡς
371 314 512 351 ἄνθρωπος
524 314 742 350 ἐκληρονόμησεν
751 323 758 330 ·
768 315 801 351 ἣν
816 315 897 351 νόμος
908 315 1041 347 ὲτύπωσε,

258 360 304 386 καὶ
318 359 397 396 χάρις
416 359 568 395 ἐπλήρωσε,
584 360 631 386 καὶ
651 360 768 395 Χριστὸς
782 361 947 387 ἐνεκαίνισεν
966 360 1022 396 (85)
1034 369 1041 375 ”

258 405 292 440 ἣν
312 407 450 441 προφῆται
468 405 633 441 συνέπηξαν,
648 405 695 432 καὶ
711 406 854 433 ἀπόστολοι
879 406 1043 442 συνέδησαν,

258 451 307 494 καὶ
320 451 510 486 εὐαγγελισταὶ
526 451 724 487 κατηρτίσαντο
741 451 816 487 (84);

1066 290 1070 293 .
1093 276 1202 305 semper
1217 278 1248 298 ac
1263 271 1349 306 magis
1364 277 1578 306 progressuram,
1587 271 1724 307 altiusque
1747 280 1873 300 assurre-

1093 320 1215 344 eturam:
1243 316 1321 343 ﬁdem
1349 316 1421 343 enim
1445 316 1533 344 habeo
1547 321 1575 344 et
1600 318 1634 345 iis
1658 325 1719 352 quae
1748 319 1876 352 praedicta

1093 366 1166 391 sunt.
1179 366 1208 388 et
1221 361 1254 389 iis
1270 369 1330 396 quae
1352 361 1508 395 cernimus;
1526 370 1607 397 quam
1628 367 1657 390 ut
1677 364 1747 391 Deus
1761 365 1877 397 creavit,

1092 411 1121 434 et
1137 410 1165 433 ut
1178 407 1261 434 homo
1276 407 1431 435 haereditate
1447 413 1608 436 consecutus
1623 413 1682 442 est;
1699 417 1779 443 quam
1798 410 1877 445 103

1094 451 1135 479 lex
1150 452 1332 486 adumbravlt,
1345 457 1374 480 et
1393 453 1479 488 gratia
1494 454 1621 488 explevit,
1640 459 1666 482 et
1692 454 1816 483 Christus
1831 457 1876 482 de-

259 498 376 530 dicavit;
395 505 476 532 quam
490 497 631 532 prophetae
645 503 879 533 coagmentarunt,
906 502 932 525 et
947 497 1057 532 apostoli
1079 497 1156 532 quasi
1176 498 1289 526 vinculis
1313 499 1546 534 constrinxerunt,
1581 505 1608 527 et
1630 500 1803 535 evangelista:
1825 509 1876 529 nu-

259 547 344 574 meris
360 546 485 574 omnibus
496 545 688 575 absolverunt?

292 592 353 620 ΞΗ’.
367 593 403 619 Σὺ
413 592 484 619 κατά
495 593 545 628 τῆς
557 593 675 628 Χριστοῦ
687 593 782 625 θυσίας
791 594 847 625 τοῖς
860 595 916 625 σοῖς
925 594 1046 628 μιάσμα-

255 646 301 671 ut;
312 638 348 664 Σὺ
359 637 430 664 κατὰ
443 637 490 664 τοῦ
501 637 546 664 τὸν
560 637 662 672 κόσμον
678 637 846 673 καθήραντος
860 637 914 672 (85)
928 638 1045 672 αἵματος

257 685 313 716 τοῖς
326 685 381 715 σοῖς
397 684 495 719 αἵμασι
503 691 511 716 ;
520 683 555 709 Σὺ
568 683 684 718 πόλεμον
699 683 754 719 (86)
765 683 835 710 κατά
847 684 896 718 τῆς
908 684 1037 719 είρήνης;

256 730 292 755 Σὺ
309 730 388 764 χεῖρα
403 728 473 755 κατὰ
490 729 541 762 τῆς
557 728 626 764 ὑπὲρ
653 728 700 755 σοῦ
717 728 867 764 ὴλωθείσης
891 737 921 755 τε
937 730 984 755 καὶ
999 728 1042 755 διὰ

257 773 287 799 σέ
301 781 308 806 ;
327 774 363 800 Σὺ
379 772 449 800 κατά
464 772 513 807 τῆς
532 773 615 808 χολῆς
628 772 677 808 τὴν
703 773 752 809 σὴν
767 773 877 807 γεῦσιν;
901 773 972 800 κατὰ
993 773 1040 800 τοῦ

256 819 373 856 σταυροῦ
388 820 516 857 τρόπαιον
530 820 615 853 ;κατὰ
629 819 676 847 τοῦ
688 819 803 847 θανάτου
818 820 964 848 κατάλυσιν
972 820 1039 856 (87);

1129 591 1242 620 LXVIII.
1261 591 1336 620 Tune
1356 593 1487 620 adversus
1516 591 1615 620 Christi
1633 591 1796 620 sacriﬁcium
1814 599 1876 620 cum

1094 638 1148 665 tuis
1167 637 1304 671 piaculis?
1330 637 1406 664 Tune
1432 637 1563 665 adversus
1585 644 1646 665 cum
1669 644 1803 670 cruorem,
1824 645 1876 672 quo

1094 682 1209 709 mundus
1225 686 1356 716 purgatus
1377 685 1430 714 est,
1453 690 1513 709 cum
1533 682 1586 710 tuis
1613 682 1773 710 cruoribus?
1799 681 1876 711 Tune

1092 728 1189 755 bellum
1217 728 1347 755 adversus
1370 728 1485 762 pacem?
1510 727 1586 756 Tune
1614 735 1722 755 manum
1745 729 1876 756 adversus

1094 781 1152 801 eam
1175 780 1244 808 quae,
1262 778 1290 800 et
1310 780 1359 807 pro
1377 778 1413 806 te,
1429 777 1457 801 et
1471 779 1580 808 propter
1597 778 1632 807 te,
1648 773 1733 802 clavis
1748 775 1876 803 transﬁxa

1092 818 1151 846 est?
1169 818 1246 846 Tune
1268 819 1397 845 adversus
1426 818 1473 852 Iel,
1503 824 1610 854 gustum
1635 820 1727 847 tuum?
1748 821 1876 848 adversus

254 865 327 892 κατά
345 866 394 901 τῆς
407 865 581 897 ἀναστάσεως
597 865 797 898 suavia-tactv;
819 865 889 892 κατὰ
903 865 950 892 τοῦ
969 866 1039 901 μάρ-

1094 871 1217 897 crucem,
1240 864 1407 899 tropha‘um?
1426 864 1556 892 adversus
1574 869 1705 899 mortem,
1727 865 1874 894 dissolutio-

253 910 401 946 τυροςοὺδὲ
412 910 553 945 μάρτυρας
563 909 629 945 (88);
640 909 709 945 μετὰ
720 909 843 945 Ἡρώδην
850 910 967 946 διώκτης
975 910 1040 945 (89),

254 956 303 982 καὶ
321 955 390 991 μετὰ
417 955 517 982 Ἰούδαν
531 955 680 991 προδότης;
699 955 769 991 πλὴν
786 956 847 982 ὅσον
863 956 913 982 οὐκ
942 956 1043 992 ἀγχόνῃ

254 1001 304 1037 τὴν
331 1001 473 1036 μετάνοιαν
500 1000 603 1034 ἔδειξας
619 1000 713 1037 ὥσπερ
730 1001 842 1033 ἐκεῖνος’
863 1001 910 1028 καὶ
930 1002 1044 1037 Χριστο-

254 1045 350 1078 κτόνος
375 1045 444 1082 μετά
467 1045 602 1078 Πιλᾶτον,
626 1045 673 1072 καὶ
703 1045 773 1081 μετὰ
799 1045 941 1078 Ἰουδαίους
967 1046 1043 1082 μισό-

254 1092 334 1125 θεος;

289 1179 348 1207 ΞΘ.
364 1180 422 1207 Οὐκ
439 1179 554 1215 ῂδέσθης
567 1179 602 1206 τὰ
626 1180 696 1216 ὑπὲρ
719 1179 836 1215 Χριστοῦ
850 1179 905 1215 (90)
916 1179 1018 1214 σφάγια
1032 1187 1040 1212 ;

250 1226 314 1252 οὐδὲ
333 1225 471 1262 ἐφοϐήθης
486 1226 548 1257 τοὺς
564 1225 697 1260 μεγάλους
713 1225 876 1259 ἀγωνιστὰς,
892 1225 938 1252 τὸν
952 1225 1042 1252 Ἰωάν-

253 1280 303 1307 νην
320 1272 434 1303 ἐκεῖνον,
451 1272 496 1298 τὸν
521 1272 634 1307 Πέτρον,
647 1271 692 1298 τὸν
702 1271 820 1303 Παῦλον,
836 1271 882 1298 τὸν
901 1271 1040 1304 Ἰάκωϐον,

252 1317 300 1344 τὸν
313 1317 459 1352 Στέφανον,
468 1318 514 1344 τὸν
527 1317 643 1348 Λουκᾶν,
655 1317 700 1344 τὸν
713 1317 851 1353 Ἀνδρέαν,
866 1317 915 1352 τὴν
924 1316 1040 1350 Θὲκλαν,

253 1365 316 1395 τοὺς
330 1364 372 1390 ἐπ’
389 1363 503 1395 ἐκείνοις
517 1371 546 1389 τε
567 1363 614 1390 καὶ
631 1362 685 1399 πρὸ
705 1363 818 1389 ἐκείνων
841 1363 891 1397 τῆς
913 1362 1042 1397 ἀληθείας

254 1409 550 1445 προκινδυνεύσαντας;
567 1408 591 1435 οἳ
606 1408 684 1443 πυρὶ,
698 1408 745 1435 καὶ
763 1408 873 1444 σιδήρῳ,
888 1407 934 1434 καὶ
948 1406 1040 1443 θηρσὶ,

255 1455 301 1482 διαὶ
317 1455 458 1489 τυράννοις
485 1454 633 1490 προθύμως
660 1454 889 1490 ἀντηγωνίσαντο,
913 1454 960 1481 καὶ
972 1463 1042 1490 παρ-

255 1502 314 1528 δῦσι
341 1503 436 1533 κακοῖς
451 1501 497 1528 καὶ
511 1500 728 1535 ἀπειλουμένοις,
744 1500 876 1536 ὥσπερέν
891 1499 1042 1536 ἀλλοτρίοις

1094 908 1174 935 neut?
1196 908 1325 935 adversus
1348 908 1585 941 resurrectionem,
1601 909 1823 938 insurrectionem
1849 916 1875 938 et

1094 953 1287 981 rebellionem?
1307 954 1437 982 adversus
1451 958 1608 989 martyrem,
1623 962 1657 983 ne
1670 960 1804 991 martyres
1818 957 1876 990 qui-

1092 999 1172 1026 dem?
1201 1003 1263 1034 post
1288 999 1420 1027 Herodem
1447 1004 1616 1035 persecutor,
1637 1004 1665 1028 et
1694 1005 1755 1036 post
1780 1001 1876 1029 ludam

1092 1044 1232 1080 proditor?
1247 1045 1297 1072 nisi
1318 1044 1389 1079 quod
1407 1053 1459 1073 non
1477 1045 1576 1080 laqueo
1595 1049 1625 1072 ut
1649 1044 1702 1077 ille,
1720 1045 1876 1080 pteniteutis

1092 1090 1176 1118 animi
1191 1091 1416 1126 signiﬁcationem
1428 1090 1543 1122 dedisti;
1557 1094 1616 1125 post
1633 1089 1749 1118 Pilatum
1766 1090 1876 1118 Christi-

1092 1135 1162 1168 cida.
1178 1141 1239 1170 post
1257 1135 1364 1164 Judmos
1374 1136 1422 1163 Dei
1438 1136 1544 1164 hostis?

1128 1181 1223 1210 LXIX.
1243 1181 1300 1209 Non
1317 1182 1440 1210 victimas
1456 1189 1506 1217 pro
1536 1181 1645 1210 Christo
1660 1189 1747 1210 caesas
1775 1182 1877 1210 veritus

1091 1227 1138 1255 es?
1158 1235 1207 1255 uec
1222 1234 1335 1262 magnos
1354 1227 1457 1262 pugiles
1473 1227 1630 1259 extimuisti,
1644 1226 1774 1255 JOannem
1790 1227 1876 1260 illum,

1091 1273 1211 1306 Petrum,
1235 1272 1361 1306 Paulum,
1389 1271 1529 1304 Iacobum,
1558 1271 1736 1307 Stephanum,
1764 1271 1875 1304 Lucam.

1091 1319 1238 1351 Andream,
1260 1318 1399 1351 Theclam,
1417 1326 1464 1346 eos
1483 1319 1540 1354 qui,
1555 1322 1582 1345 et
1600 1323 1661 1352 post
1680 1317 1750 1352 illos,
1769 1323 1796 1345 et
1813 1323 1877 1346 ante

1091 1364 1162 1396 illos,
1180 1372 1229 1399 pro
1244 1365 1357 1391 veritate
1369 1364 1496 1398 periculis
1512 1371 1542 1391 se
1561 1364 1737 1396 obiecerunt?
1751 1363 1797 1398 qui
1812 1371 1876 1391 cum

1091 1410 1157 1445 igni,
1174 1414 1201 1436 et
1213 1409 1295 1442 l‘erro,
1314 1414 1341 1437 et
1357 1409 1465 1442 belluis,
1486 1414 1513 1437 et
1535 1409 1669 1444 tyrannis,
1693 1413 1720 1437 et
1737 1410 1877 1444 prazseuti-

1092 1456 1142 1483 bus
1166 1455 1246 1482 malis
1277 1459 1304 1483 et
1327 1454 1502 1487 denuntiatis,
1517 1454 1600 1482 alacri
1624 1455 1726 1487 animo,
1750 1455 1822 1482 velut
1849 1455 1875 1483 in

1093 1502 1188 1529 alienis
1203 1501 1376 1536 corporibus,
1401 1502 1456 1528 imo
1483 1500 1562 1536 quasi
1576 1508 1718 1536 corporum
1740 1506 1874 1536 expertes,

254 1547 378 1583 σώμασιν
395 1548 411 1582 ἢ
428 1546 585 1582 ἀσώματοις
598 1546 669 1578 τίνος
678 1547 787 1580 ἓνεκεν;
803 1546 846 1573 ῐνα
859 1545 895 1582 μὴ
907 1546 961 1581 (91)
973 1552 1039 1582 προ-

1092 1547 1269 1575 dimicarunt?
1282 1547 1339 1574 Cur
1362 1546 1419 1574 ita?
1440 1553 1474 1574 ne
1496 1548 1623 1582 pietatem
1652 1547 1695 1574 vel
1715 1547 1876 1575 verbotenus

231 1627 234 1630 .
255 1592 319 1619 δῶσι
348 1592 415 1628 μηδὲ
440 1591 521 1627 μέχρι
549 1592 670 1627 ῥήματος
697 1590 746 1626 τὴν
777 1590 928 1617 εὺσέὃειαν.
948 1587 1040 1618 Ὦναί

252 1640 369 1676 μεγάλαι
396 1639 475 1674 τιμαὶ
492 1639 539 1665 καὶ
564 1638 750 1674 πανηγύρεις
769 1638 834 1674 παρ’
861 1634 897 1664 ὧν
916 1637 1042 1673 δαίμονες

255 1686 421 1718 ἐλαύνονται,
445 1685 492 1712 καὶ
505 1685 577 1712 νόσοι
602 1684 814 1720 Θεραπεύονται·
830 1680 867 1710 ὧν
893 1685 920 1711 αἱ
943 1684 1043 1719 ὲπιφά-

255 1739 332 1763 νειαι,
358 1730 404 1757 καὶ
426 1727 463 1756 ὧν
487 1730 516 1756 αἱ
542 1730 728 1765 προρρήσεις·
751 1726 788 1756 ὧν
811 1729 858 1756 καὶ
878 1728 913 1756 τὰ
930 1728 1043 1764 σώματα

255 1776 333 1811 μόνον
350 1776 395 1802 ἴσα
413 1774 540 1801 δύνανται
558 1774 614 1809 (92)
632 1775 690 1806 ταῖς
706 1774 799 1809 ἁγίαις
812 1773 921 1809 ψυχαῖς,
945 1774 962 1809 ἢ
991 1775 1041 1800 ὲπ-

255 1821 393 1857 αφὼμενα,
404 1821 420 1855 ἢ
435 1819 587 1855 τιμώμενα¹
597 1815 633 1846 ὧν
646 1820 693 1846 καὶ
709 1818 813 1854 ῥανίδες
826 1819 939 1853 αἵματος
951 1819 1039 1854 μόνον,

253 1869 300 1895 καὶ
319 1867 404 1903 μικρὰ
417 1866 540 1902 σύμῦολα
557 1865 659 1898 πάθους
677 1865 722 1892 ἴσα
736 1865 822 1901 δρῶσι
845 1864 899 1901 (95)
914 1866 971 1897 τοῖς
986 1865 1039 1892 σώ-

253 1921 330 1948 μασι.

289 1961 325 1986 0’.
342 1957 435 1985 Ταῦτα
452 1958 481 1984 οὐ
498 1957 598 1989 σέϐεις,
610 1957 667 1984 ἀλλ’
676 1956 821 1992 ἀτιμάζεις
834 1964 841 1972 '
857 1957 871 1982 ὁ
885 1956 933 1992 τὴν
956 1956 1040 1992 Ἦρα-

253 2006 346 2037 διλέους
356 2004 504 2039 θαυμάζων
516 2003 605 2038 πυρὰν
617 2003 672 2039 (94)
685 2003 733 2038 τὴν
747 2002 777 2034 ἐξ
794 2002 978 2037 ἀτυχήματος,
992 2001 1036 2028 κη)

253 2098 467 2126 progressltram,
491 2089 624 2123 altiusque
638 2094 862 2126 assurrecturaut,
880 2089 943 2116 milti
958 2090 1034 2126 enim

253 2124 278 2154 et
295 2124 482 2168 prophetarum
495 2125 613 2156 oracula,
633 2128 660 2151 et
671 2131 703 2151 ea
714 2131 774 2158 quae
788 2125 934 2156 cernimus,
953 2124 1033 2152 ﬁdem

252 2163 495 2231 “(law-imave;
507 2193 704 2231 ἐνεκαίνισεν.
732 2193 801 2231 Ilaec
815 2193 966 2231 interpreti,
979 2193 1034 2231 _vel

253 2228 420 2268 typograplto
438 2229 603 2268 excideram.
623 2228 723 2256 Desunt
740 2229 766 2255 in
785 2228 850 2262 Reg.
868 2229 913 2261 Itu,
928 2228 954 2255 in
971 2228 1032 2256 Ald.
1048 2240 1071 2268 Β

252 2263 352 2294 εἷ’Βιῖε.
369 2263 416 2292 sed
435 2272 500 2292 mss.
517 2263 572 2290 fere
590 2271 684 2290 omttes
698 2268 854 2297 agnoscunt.

288 2302 343 2336 (84)
355 2299 588 2336 Κατηρτίοςανζο.
616 2297 701 2336 Mont.
716 2298 774 2324 Ald.
790 2302 817 2324 et
841 2297 914 2336 Das,
932 2306 1033 2333 κατηρ-

250 2333 375 2363 τύσαντο.
392 2333 520 2368 Quamvis
537 2334 580 2360 ltic
605 2333 743 2368 theologus
769 2333 890 2360 nonnihil
909 2334 1033 2360 immutet

251 2374 393 2405 scriptura:
405 2367 501 2405 verba,
511 2376 565 2402 pne
579 2367 776 2405 oculis_tameu
793 2368 950 2405 h_a_bet_q_u.n
962 2368 1033 2405 App-

250 2402 337 2434 stolus
354 2407 387 2433 de
401 2403 520 2432 Ecclesia
534 2402 636 2429 scribit.
660 2402 728 2438 Eph.
750 2410 786 2435 tv,
804 2403 852 2435 I6;
866 2403 922 2430 Col.
937 2411 967 2434 tt,
982 2402 1031 2436 l9;

251 2441 334 2469 ICor.
350 2449 399 2472 χιι,
415 2439 450 2466 12
460 2443 486 2466 et
500 2445 557 2471 seq.

285 2477 340 2511 (85)
369 2470 567 2509 Καθήραντος.
588 2470 655 2505 Reg.
689 2472 708 2505 Ι,
738 2471 814 2500 Colb.
842 2471 869 2505 k,
897 2472 1033 2507 καθάραν-

248 2520 294 2538 τος
298 2532 304 2538 .

281 2528 338 2582 ἷὲῧ)
350 2546 495 2580 Πόλεμον.
524 2545 590 2580 Reg.
609 2553 637 2580 q,
654 2544 731 2571 Pass.
748 2542 810 2569 Sav.
822 2541 933 2574 addunt,
957 2542 1034 2577 ἦγει-

267 2591 310 2608 αξ.

249 2590 339 2652 pel(2.8.7)
355 2615 539 2652 Κατάλυσιζ.
557 2614 643 2652 Loct's
672 2613 723 2652 is}?
738 2611 883 2652 intellecm-
897 2610 1030 2652 dig-enisi

247 2646 373 2686 putamus
398 2657 486 2678 tamen
512 2649 671 2684 Gregorium
690 2647 738 2686 _hic
755 2655 842 2686 agere
867 2647 900 2673 de
930 2646 1030 2673 Christi

247 2681 344 2717 ittorte,
363 2686 439 2718 cujus
456 2681 613 2720 pretium—et
631 2683 726 2720 merita
747 2681 893 2720 dissolvere
910 2688 941 2708 ac
954 2688 1032 2708 ever-

248 2727 305 2748 tere
317 2717 487 2754 excotiitab'at
501 2720 631 2747 Julianus.
643 2718 737 2746 Coutb.
755 2726 764 2742 ι
776 2717 904 2744 adversus
920 2720 1032 2743 mortem

247 2756 342 2783 mortis
356 2755 506 2782 interitum.
520 2765 529 2780 ›

283 2790 339 2825 (88)
352 2790 427 2825 οὐδὲ
438 2789 599 2824 μάρτιῳας.
621 2786 741 2825 «_llabuit
763 2785 895 2825 Julianus,
910 2785 959 2825 etsi
980 2785 1031 2812 iut-

248 2820 320 2859 piuut
331 2820 366 2853 'ac
377 2820 519 2861 uela-riunt,
532 2820 542 2850 ἱ
570 2820 606 2850 ait
620 2822 736 2861 ,Billius,
752 2830 762 2846 ‹
774 2820 967 2861 quod'Cltristo
985 2827 1033 2860 op-

247 2858 370 2894 poneret,
386 2865 413 2886 ut
427 2860 584 2894 sanguinem
608 2858 737 2884 adversus
762 2858 930 2889 sanguinem,
945 2858 1031 2882 sacri-

248 2893 309 2922 licia
321 2895 450 2922 adversus
464 2893 626 2921 sacriﬁcium
640 2895 698 2927 ;_at
716 2898 782 2926 quos
805 2895 938 2925 martyres
948 2898 1033 2925 oppo-

1093 1594 1250 1628 prodereut.
1267 1593 1370 1627 Quibus
1381 1596 1503 1630 praclari
1517 1597 1634 1624 honores
1650 1600 1679 1624 et
1695 1597 1762 1625 festa
1777 1598 1876 1624 consti-

1091 1643 1147 1666 tuta
1164 1643 1227 1666 sunt
1241 1647 1248 1666 :
1263 1647 1278 1666 a
1291 1640 1388 1674 quibus
1398 1641 1535 1670 (temones
1549 1643 1743 1678 propelluntur,
1756 1649 1785 1671 et
1803 1652 1876 1671 tuor-

1091 1684 1117 1711 bi
1135 1689 1285 1717 curantur;
1310 1693 1424 1720 quorum
1437 1687 1620 1722 apparitiones
1635 1694 1662 1715 et
1677 1688 1874 1723 praedictiones;

1091 1738 1206 1765 quorum
1222 1731 1266 1758 vel
1291 1731 1347 1759 sola
1377 1740 1491 1767 corpora
1510 1734 1589 1768 idem_
1602 1738 1714 1769 possunt
1733 1735 1803 1770 quod
1816 1737 1876 1763 anl-

1093 1784 1144 1804 mae
1160 1782 1272 1809 sanctae,
1292 1778 1350 1805 sive
1367 1780 1591 1813 tangantunsive
1606 1779 1772 1807 houorentur
1786 1789 1793 1807 :
1809 1788 1876 1815 quo-

1092 1830 1151 1850 rum
1171 1823 1211 1851 vel
1226 1823 1289 1851 sola:
1302 1825 1443 1859 sanguinis
1454 1830 1548 1859 guttae,
1564 1830 1646 1860 atque
1660 1827 1756 1862 exigua
1772 1827 1876 1862 passio-

1091 1869 1134 1897 nis
1157 1869 1232 1905 signa
1248 1869 1318 1897 idem
1339 1875 1453 1905 possunt
1465 1871 1537 1906 quod
1552 1879 1676 1907 corpora.

1130 1956 1211 1985 LXX.
1231 1958 1295 1985 Haec
1309 1965 1362 1986 non
1377 1959 1453 1990 colis,
1470 1959 1516 1987 sed
1533 1958 1699 1992 contemnis;
1717 1958 1761 1993 qui
1773 1958 1874 1987 Hercu-

1093 2001 1126 2029 lis
1147 2009 1252 2038 rogum,
1268 2010 1301 2030 ex
1316 2002 1473 2032 calamitate
1497 2004 1656 2040 injuriisque
1673 2003 1831 2031 mulieribus
1847 2005 1874 2031 il-
1905 2022 1909 2026 ι

1090 2094 1177 2121 nerei,
1193 2089 1280 2118 nullos
1297 2090 1407 2118 omnino
1418 2091 1520 2117 hahutt.
1535 2100 1544 2116 t

1123 2124 1178 2159 (89)
1194 2127 1274 2152 Μετὰ
1291 2125 1418 2160 Ἡρώδην
1430 2124 1564 2159 διώκτης.
1580 2125 1652 2153 Elias
1663 2130 1740 2160 putat
1756 2134 1804 2160 per
1820 2126 1871 2154 lm-

1088 2161 1191 2191 rodem,
1208 2167 1259 2196 non
1283 2161 1455 2191 tetrarcham,
1478 2161 1525 2196 sed
1541 2161 1624 2194 ipsius
1641 2166 1756 2196 patrem,
1772 2169 1871 2190 ουω-ιι-

1087 2201 1144 2230 runt
1155 2195 1324 2230 carnificem,
1337 2202 1400 2222 esse
1414 2195 1626 2230 intelligendum.

1121 2228 1176 2264 (90)
1188 2229 1276 2266 :Y'rtép
1287 2230 1436 2266 Χριστοῦκ
1444 2228 1522 2257 Deest
1536 2230 1608 2266 ὑπέρ
1617 2231 1643 2257 in
1654 2230 1772 2264 quinque
1787 2238 1871 2263 me...

1086 2263 1166 2324 dgolt.
1182 2263 1258 2292 Colb.
1275 2263 1369 2292 et'Or.
1389 2265 1413 2297 I,
1428 2265 1493 2300 Reg.
1505 2273 1540 2298 u;
1570 2263 1671 2298 litora,
1683 2266 1719 2292 Ἦ
1732 2263 1786 2292 οὐχ
1805 2267 1872 2301 116:1-

1086 2307 1102 2324 σ
1120 2307 1162 2324 τις.

1085 2307 1180 2395 fligi)
1194 2334 1252 2368 Μή.
1273 2334 1351 2361 Deest
1366 2335 1393 2362 in
1411 2335 1530 2368 quinque
1551 2334 1634 2370 Bcgg.
1660 2334 1773 2370 aliisque
1785 2335 1873 2370 pluri-

1105 2376 1146 2394 IIS.

1105 2376 1178 2439 u(552)
1194 2404 1350 2431 Δύνωνται.
1382 2403 1439 2431 Non
1463 2404 1540 2439 pauci
1560 2404 1638 2431 codd.
1658 2410 1686 2432 et
1700 2405 1764 2433 Snv.
1789 2405 1870 2432 δύνα-

1193 2473 1297 2507 Δρῶσι.
1321 2483 1330 2499 ι
1343 2473 1413 2500 ldent
1429 2477 1567 2508 prmstant.
1581 2483 1590 2500 ι
1610 2473 1691 2501 Deest
1703 2474 1729 2501 in
1746 2474 1870 2510 pluribus

1086 2514 1177 2577 milk)
1200 2541 1376 2576 Ἡρακλέσυς
1460 2542 1569 2577 πυράν.
1589 2543 1717 2571 Hercules
1742 2550 1775 2571 ex
1803 2543 1870 2572 Jove

1086 2582 1113 2602 et
1138 2576 1277 2613 Alcmeua_
1292 2582 1381 2613 natus,
1411 2576 1636 2613 ntatriutonioque
1652 2586 1713 2606 cum
1739 2578 1868 2613 Dejauira

1086 2613 1253 2644 conjunctus,
1271 2611 1296 2638 in
1310 2612 1441 2639 maximas
1455 2611 1623 2640 calamitates
1639 2614 1673 2640 ob
1686 2620 1745 2640 eam
1761 2611 1863 2640 iucldit.

1085 2646 1151 2682 Cum
1164 2647 1234 2673 enim
1246 2645 1345 2682 Nessus
1356 2650 1499 2682 centaurus
1511 2647 1565 2674 vim
1582 2648 1606 2674 ei
1632 2647 1731 2675 inferre
1748 2655 1867 2682 pararet,

1086 2681 1182 2716 sagitta
1200 2681 1291 2716 hydra:
1303 2681 1432 2715 sanguine
1443 2681 1540 2708 inlecta
1555 2682 1588 2710 ab
1602 2682 1714 2709 Hercule
1727 2681 1869 2711 confossus

1085 2715 1136 2742 est.
1154 2715 1253 2743 Nessus
1269 2720 1357 2742 autem
1370 2723 1399 2742 se
1414 2717 1572 2742 morientem
1590 2717 1720 2749 sentiens,
1736 2717 1869 2751 Dejauirat

1085 2755 1186 2791 vestem
1201 2751 1308 2792 proprio
1319 2751 1449 2792 sanguine
1461 2751 1681 2792 perlusamndono
1692 2753 1866 2792 detlit,_q_uaut

1085 2785 1142 2817 ipsa
1160 2791 1249 2819 postea
1263 2786 1295 2812 ad
1319 2784 1559 2812 Ilerculem’misit.
1587 2785 1652 2812 Eam
1665 2794 1724 2813 t'uut
1738 2784 1867 2814 induisset

1086 2820 1224 2852 llercules,
1240 2827 1341 2846 veneno
1360 2821 1570 2851 excandescens,
1587 2825 1615 2848 et
1637 2822 1661 2849 in
1674 2821 1791 2849 furorem
1808 2830 1867 2848 ver-

1086 2862 1143 2886 sus,
1173 2860 1299 2889 congesta
1328 2855 1427 2889 ingenti
1451 2855 1584 2888 lignorum
1609 2861 1692 2887 strue,
1710 2864 1742 2883 ac
1770 2863 1867 2890 magno

1086 2897 1151 2926 rogo
1166 2891 1294 2923 excitato,
1312 2890 1339 2918 in
1348 2897 1408 2919 eum
1426 2890 1529 2925 iusiliit,
1543 2894 1569 2919 et
1578 2892 1696 2927 scipsunt
1709 2891 1864 2920 combussit.
