2071 3133
234 211 287 241 595

731 210 864 240 οιιΑτιο
882 212 925 240 ιν.
943 229 979 233 —
997 213 1138 242 CONTRA
1158 215 1330 244 JULIANUM
1351 216 1371 244 1.

1809 213 1864 243 δρι

263 271 317 298 0A.
331 271 366 297 Σὺ
377 270 415 300 δὲ,
428 271 452 297 εἰ
467 271 503 306 μὴ
513 271 614 299 ἐκεῖνα.
624 271 659 298 τά
669 279 699 305 γε
712 272 831 307 παρόντα
843 272 990 308 θαύμασον,
1002 270 1024 300 ὦ

1113 274 1207 302 LXXI.
1224 275 1299 309 Quod
1313 276 1334 303 si
1356 279 1384 302 tu
1405 275 1544 310 sttperiora
1564 274 1607 301 illa
1628 279 1719 301 nostra
1738 281 1790 301 non
1816 273 1863 300 mi-

235 315 429 352 ριλοσοφώτατε
443 316 490 342 καὶ
503 317 683 350 γενναιότατε.
697 317 812 348 καὶτοὺς
820 318 1024 353 Ἐπαμινώνδας

234 361 350 393 ικείνους
362 362 409 388 καὶ
418 362 573 393 Σκιπίωνας
585 363 619 397 τῇ
634 362 766 398 καρτερίᾳ
774 362 889 397 βλέπωνι
898 364 912 389 ὁ
921 364 1024 399 συμϐα-

232 407 309 440 ἳίζων
318 407 358 442 τῷ
368 407 486 443 στρατῷ,
501 408 548 435 καὶ
557 409 617 435 σῖτα
634 408 795 444 αἱρούμενος
809 409 911 445 σχέδια,
920 411 968 437 καὶ
975 411 1024 447 τὴν

233 453 383 488 ιῦτουργὸν
390 453 509 481 ὲπαινῶν
522 454 831 490 στρατηγίαν.Ἐστιτοι
844 456 966 489 γενναίου
978 458 1023 484 καὶ

233 499 376 533 φιλοσόφου
389 499 479 535 ψυχῆς
488 500 556 536 μηδὲ
565 500 702 536 πολεμίων
711 501 811 537 ἀρετὴν
818 501 970 536 ἀτιμάζειν,
977 503 1024 529 καὶ

234 545 323 572 πλεῖον
336 545 430 580 νέμειν
443 545 548 581 ἐχθρῶν
560 546 729 582 γενναιότητι
742 547 757 583 ἢ
770 548 854 584 κακίᾳ
867 548 919 575 τῶν
928 549 1025 576 οἰκειο-

234 591 321 618 τάτων
341 591 388 618 καὶ
401 591 531 627 μαλακίᾳ.
542 592 624 627 Ὁρᾷς
635 593 697 624 τοὺς
706 593 799 625 ἁὸίους
810 594 921 627 τούτους
928 595 973 621 καὶ
981 595 1025 622 ἀν-

234 636 348 669 εστίους,
361 637 407 663 κα)⁵
419 637 557 673 ἀσάρκους
571 637 669 674 μικροῦ
680 638 727 664 καὶ
740 639 898 675 ἀναίμονας,
909 641 955 667 καὶ
966 641 1025 677 Θεῷ

234 683 305 710 κατὰ
321 681 401 709 τοῦτο
415 683 631 719 πλησιάζοντας;
646 685 709 717 τοὺς
720 685 901 718 ἀνιπτόποδας
916 687 962 713 καὶ
974 696 1024 722 χα-

235 727 374 764 μαιεύνας,
391 729 405 755 ὅ
418 737 501 763 φησιν
512 728 567 763 (11)
576 729 590 755 ὁ
600 728 646 760 σὸς
657 729 731 765 Ὅμη
737 738 792 764 ρος,
804 729 848 756 ἵνα
862 730 923 756 τινὰ
931 730 1025 766 δαιμό-

234 783 287 802 νων
311 775 415 810 τιμήσῃ
435 773 475 810 τῷ
504 774 643 809 πλάσματι
671 775 748 810 (12),
770 776 834 807 τοὺς
865 776 940 803 κάτω
968 776 1023 812 (15)

235 821 281 848 καὶ
299 821 369 856 ὑπὲρ
392 820 426 847 τὰ
442 820 608 854 κάτωλτοὺς
622 821 652 848 ὲν
668 821 832 857 ἀνθρώποις,
849 822 896 849 καὶ
913 822 982 858 ὑπὲρ
991 823 1026 849 τὰ

237 866 408 902 ἀνθρώπινας
433 867 496 898 τοὺς
523 866 692 902 δεδεμένους,
711 868 758 894 καὶ
769 867 946 904 ὲλευθέρους;
962 869 1026 899 τοὺς

237 912 469 947 κεκρατημένους,
483 911 530 938 κα).
539 912 726 948 ὰκρατήτουςς
743 909 781 940 ὧν
792 912 867 939 οὐδὲν
877 913 906 939 ἐν
920 913 1024 948 κόσμῳ,

237 959 282 986 καὶ
295 959 383 985 πάντα
397 958 431 985 τὰ
444 959 514 993 ὑπὲρ
534 958 656 994 κόσμον;
675 955 713 985 ὧν
734 958 844 986 διπλοῦν
864 959 895 986 τὸ
913 958 972 994 ζῇν,
996 959 1027 985 τὸ

238 1006 286 1041 μὲν
310 1004 531 1041 ὑπερορώμενον,
547 1005 579 1030 τὸ
599 1005 628 1031 δὲ
647 1004 883 1040 σπουδαζόμενονς
907 1005 970 1037 τοὺς
983 1005 1028 1032 διὰ

240 1051 285 1086 τὴν
299 1050 434 1087 νέκρωσιν
457 1050 621 1084 ἀθανάτους,
646 1051 710 1082 τοὺς
724 1050 768 1077 διὰ
784 1050 861 1078 λύσιν
888 1050 943 1086 (14)
969 1050 1028 1087 Θεῷ

237 1097 442 1133 συνημμένους;
469 1097 533 1128 τοὺς
544 1096 597 1130 ἔξω
614 1096 697 1123 πόθου
724 1096 791 1133 (15),
821 1096 870 1124 καὶ
898 1097 968 1132 μετὰ
980 1097 1028 1124 τοῦ

237 1143 310 1170 θείου
326 1143 373 1170 καὶ
395 1142 519 1175 ἀπαθοῦς
541 1143 642 1179 ἔρωτος
655 1151 662 1176 ;
681 1140 719 1170 ὧν
741 1144 758 1179 ἡ
774 1144 849 1179 πηγὴ
865 1143 912 1171 τοῦ
925 1144 1029 1179 φωτὸς,

237 1190 285 1217 καὶ
297 1186 334 1216 ὧν
348 1190 398 1226 ἠδη
416 1190 450 1217 τὰ
462 1189 683 1226 ἀπαυγάσματα;
703 1186 741 1217 ὧν
759 1191 787 1216 αἱ
798 1191 943 1225 ἀγγελικαὶ
961 1190 1029 1225 ψαλ-

241 1236 348 1270 μῳδίαι,
365 1235 412 1262 καὶ
431 1236 448 1271 ἡ
474 1235 608 1271 πάννυχος
631 1235 735 1268 στάσις,
750 1237 797 1263 καὶ
811 1237 828 1272 ὴ
841 1235 888 1263 τοῦ
901 1236 947 1263 νοῦ
963 1236 1030 1272 πρὸς

239 1282 306 1308 Θεὸν
317 1281 434 1317 ὲκδημία
448 1281 693 1318 προαρπαζομένου
707 1289 714 1314 ;
727 1278 764 1309 ὧν
778 1282 794 1316 ἡ
822 1281 966 1318 κάθαρσις,
984 1282 1031 1309 καὶ

239 1324 277 1354 ὧν
292 1327 323 1354 τὸ
338 1327 517 1363 καθαίρεσθαι
537 1327 605 1363 (16),
619 1328 701 1364 μηδὲν
726 1327 824 1364 μέτρον
839 1328 948 1355 είδότων
966 1329 1032 1355 ἀνα-

240 1373 344 1405 ϐάσεως
358 1373 406 1399 καὶ
417 1372 542 1405 θεὼσεως
556 1381 563 1406 ;
578 1369 616 1401 ὧν
629 1373 657 1400 αἱ
669 1372 779 1409 πέτραι,
797 1373 845 1401 καὶ
859 1370 897 1401 ὧν
910 1375 934 1400 oi
949 1373 1031 1409 οὐρα-

241 1419 279 1445 νοί
294 1427 301 1451 ;
319 1415 356 1445 ὧν
368 1419 399 1445 τὸ
415 1419 555 1455 ὲρῤίφθαι,
574 1419 621 1446 καὶ
640 1416 678 1446 ὧν
693 1420 719 1446 οί
730 1419 835 1456 θρόνοι;
847 1416 885 1447 ὧν
901 1420 1033 1456 ήγυμνό-

242 1473 301 1500 της,
315 1465 363 1492 κα)¹
378 1462 415 1492 ὧν
431 1465 585 1502 ἀφθαρσίας
599 1465 715 1500 ἐνδυμα;
730 1462 793 1501 ὦνὴ
808 1465 922 1502 ἐρημία,
934 1467 981 1493 καὶ
995 1463 1033 1493 ὦν

243 1511 260 1546 ή
272 1510 376 1537 ἐκεῖθεν
389 1511 541 1546 πανήγυρις
553 1518 561 1544 ;
573 1505 611 1537 ὧν
619 1510 651 1537 τὺ
663 1510 856 1546 τυραννεῖσθαι
867 1509 918 1542 τὰς
924 1509 1031 1545 ἡδονὰς,

243 1556 289 1582 καὶ
304 1552 341 1582 ὧν
355 1557 371 1591 ἡ
389 1556 541 1588 ἀπόλαυσις
556 1555 611 1591 (17)
628 1556 645 1591 ἡ
662 1555 759 1588 ἄλυτος
771 1555 827 1592 (18)
839 1556 887 1582 κα.)⁴
899 1556 1035 1592 ἀνέκφρα-

1078 322 1158 353 raris,
1177 327 1204 349 at
1217 327 1291 348 certe
1305 321 1446 356 pratsentia
1464 322 1574 353 mirare,
1590 329 1606 347 ο
1617 321 1737 348 omnium
1761 319 1867 354 sapien-

1077 368 1180 394 tissime
1196 373 1221 395 et
1237 368 1398 399 fortissime,
1414 368 1459 402 qui
1473 367 1676 401 Epaminondas
1692 365 1750 393 illos
1765 370 1792 392 et
1807 365 1865 392 Sci-

1076 414 1169 448 piones
1183 414 1332 442 tolerantiae
1350 414 1454 441 ratione
1470 414 1620 445 intuearis;
1642 413 1688 447 qtti
1705 411 1783 440 simul
1800 418 1862 437 cum

1075 459 1198 486 exercitu
1217 459 1269 486 iter
1288 460 1389 494 carpis,
1413 464 1439 486 et
1464 459 1564 486 victum
1584 464 1690 486 tenttem
1711 465 1741 484 ac
1753 457 1862 484 obvium

1075 504 1258 538 amplecteris,
1272 509 1299 532 et
1315 512 1373 532 eatn
1388 505 1498 539 gerendi
1514 504 1576 531 belli
1594 505 1725 531 rationem
1739 502 1862 530 laudibus

1075 549 1166 583 effers,
1185 550 1212 576 itt
1238 558 1288 585 qua
1310 550 1362 577 dux
1381 550 1471 577 omnia
1495 557 1544 584 per
1558 557 1587 576 se
1613 549 1792 576 administrat.
1816 547 1864 574 Est

1075 595 1175 630 quippe
1195 596 1317 630 generosi
1335 599 1362 622 et
1386 590 1517 631 sapientis
1539 595 1618 630 110
1640 595 1735 627 animi,
1758 602 1792 621 ne
1818 594 1864 621 lto-

1076 641 1158 667 stiunt
1175 641 1282 675 quidem
1296 641 1422 667 virtutem
1436 647 1621 672 contemnere,
1636 647 1728 666 verum
1746 639 1862 666 hostittm

1075 684 1225 711 fortitudini
1240 685 1299 720 plus
1319 685 1436 712 tribuere
1461 693 1541 720 quam
1570 693 1693 717 suorum,
1716 685 1797 712 etiam
1821 685 1861 712 fa-

1077 729 1334 764 miliarissimorum,
1351 731 1464 765 ignavia:
1479 736 1560 765 atque
1585 730 1719 765 languori.
1748 729 1864 758 Videsne

1078 775 1128 803 hos
1144 775 1206 802 vita-
1225 776 1399 804 lacultatihus
1415 782 1553 810 carentes,
1564 782 1590 804 et
1605 776 1668 803 laris
1683 781 1817 811 expertes,
1832 783 1864 803 ac

1077 828 1158 847 carne
1177 820 1261 848 ferme
1279 826 1307 848 et
1333 823 1463 857 sanguine
1482 823 1636 853 destitutos.
1654 829 1739 857 eoque
1758 822 1815 856 ipso
1830 822 1866 849 ad

1078 867 1160 893 Deum
1181 867 1292 902 propius
1314 867 1491 895 accedentes?
1512 867 1573 899 hos,
1606 867 1727 901 inquam,
1753 867 1865 901 pedibus

1078 912 1177 946 illotos,
1196 917 1223 940 et
1239 912 1312 940 httuti
1331 913 1474 946 cubantes,
1490 913 1561 947 quod
1582 913 1618 939 ait
1634 917 1696 940 tuus
1720 912 1864 944 Homerus,

1080 963 1109 984 ut
1126 958 1177 986 hoc
1211 958 1341 993 figmento
1355 958 1506 986 dtemoaum
1531 959 1672 993 quemdam
1696 962 1790 991 ornet;
1814 957 1865 985 ltos

1079 1004 1105 1031 in
1127 1009 1199 1031 terra
1215 1004 1318 1039 positos
1332 1009 1359 1032 et
1377 1005 1493 1032 terrenis
1508 1004 1656 1032 celsiores?
1673 1005 1721 1032 hos
1736 1004 1806 1032 inter
1816 1004 1865 1032 ho-

1081 1051 1168 1079 mines
1181 1055 1207 1079 et
1219 1059 1301 1086 supra
1318 1051 1454 1079 humana?
1471 1052 1596 1079 astrictos
1611 1051 1690 1079 simul
1701 1059 1732 1079 ac
1747 1051 1866 1079 liberos?

1080 1097 1125 1132 qtti
1160 1102 1315 1130 teneantur,
1331 1102 1358 1125 et
1377 1098 1487 1125 retineri
1512 1097 1637 1125 nescios?
1659 1105 1772 1132 quorttm
1801 1097 1867 1124 nihil

1081 1143 1107 1170 in
1126 1144 1238 1176 mundo,
1253 1147 1280 1170 et
1292 1144 1381 1170 omnia
1394 1147 1467 1176 sunt,
1479 1150 1539 1178 qtae
1549 1150 1629 1178 supra
1643 1143 1769 1170 tuundttm
1786 1142 1867 1169 sunt?

1081 1196 1197 1223 quarunt
1229 1189 1328 1224 duplex
1345 1189 1401 1216 vita
1421 1194 1472 1221 est,
1497 1189 1580 1217 altera
1602 1194 1767 1223 contempta,
1781 1189 1867 1216 altera

1082 1235 1201 1262 studiose
1216 1235 1287 1262 culta
1299 1240 1325 1262 et
1341 1235 1483 1270 expetita?
1503 1236 1562 1268 hos,
1578 1235 1698 1270 ittquam,
1716 1243 1762 1270 per
1779 1235 1867 1262 morti-

1082 1280 1237 1307 ﬁcationem
1261 1281 1438 1313 intmortales,
1458 1288 1506 1315 per
1520 1280 1722 1308 dissolutionem
1736 1280 1791 1308 Deo
1804 1286 1868 1307 con-

1079 1326 1208 1362 junctos?
1228 1326 1278 1354 hos
1295 1335 1308 1353 a
1336 1327 1483 1361 cupiditate
1503 1326 1616 1358 alienos,
1632 1333 1724 1353 amore
1746 1333 1810 1353 vero
1822 1325 1867 1360 qui

1084 1373 1192 1400 divinus
1208 1378 1260 1405 est,
1279 1377 1306 1400 et
1323 1373 1406 1400 animi
1422 1373 1623 1408 perturbatione
1639 1380 1750 1406 vacuus,
1772 1379 1868 1400 aeccn-

1083 1419 1147 1446 sos?
1162 1426 1277 1453 quorum
1292 1418 1353 1446 fons
1370 1419 1448 1452 lucis,
1463 1423 1490 1446 et
1506 1426 1619 1452 quorum
1631 1417 1687 1453 jam
1700 1417 1769 1445 illius
1783 1417 1870 1445 radii?

1084 1471 1198 1499 quarunt
1216 1464 1330 1499 angelici
1346 1464 1442 1500 psalmi
1456 1469 1560 1497 cantus,
1573 1468 1600 1490 et
1621 1471 1722 1499 pernox
1739 1464 1832 1496 statio,
1843 1469 1871 1491 et

1084 1510 1183 1537 mentis
1202 1509 1257 1545 jam
1276 1515 1359 1545 rapta:
1383 1510 1410 1537 in
1438 1510 1549 1544 caelum,
1573 1511 1605 1537 ad
1624 1510 1706 1536 Deum
1730 1509 1876 1538 excessio?.

1085 1563 1201 1590 quorum
1219 1556 1355 1591 purgatio,
1371 1561 1399 1583 et
1423 1563 1537 1590 quorum
1561 1555 1679 1582 studium
1698 1560 1727 1582 ut
1755 1562 1870 1589 purgen-

244 1609 321 1633 στος;
336 1598 373 1628 ὧν
384 1601 414 1628 τὸ
425 1601 542 1637 δάκρυον
552 1601 689 1637 ἁμαρτίας
711 1601 913 1637 κατακλυσμὸς,
928 1602 1030 1637 κόσμου

1087 1607 1142 1634 tur,
1171 1603 1269 1637 quippe
1296 1603 1339 1637 qui
1364 1603 1466 1629 uullutn
1497 1610 1625 1630 ascensus
1647 1607 1674 1629 et
1695 1601 1872 1629 deiﬁcationis

243 1647 409 1682 καθάρσιον;
443 1643 480 1674 ὦν
507 1647 618 1678 Extant;
647 1646 747 1682 χειρῶν
779 1647 865 1681 φλόγα
894 1646 1031 1679 σϐέννυσι,

244 1691 330 1728 θῆρας
352 1692 479 1728 κοιμίζει,
504 1692 638 1728 ὰμὸλύνει
670 1692 747 1728 ξίφη,
766 1692 852 1719 κλίνει
879 1692 1033 1728 φάλαγγας,

1086 1652 1235 1682 agnoscunt
1252 1649 1382 1676 modum?
1403 1656 1518 1683 quarunt
1537 1656 1627 1684 rttpes,
1643 1653 1669 1676 et
1685 1655 1800 1683 quoruttt
1815 1654 1872 1674 cu:-

1083 1695 1124 1721 li?
1140 1701 1256 1728 quorum
1272 1694 1351 1728 abjici
1366 1700 1393 1721 et
1403 1694 1622 1725 consternari.et
1636 1701 1750 1727 quorum
1766 1692 1874 1720 throni?

244 1739 414 1773 ὲπιστομίσει
435 1738 491 1774 (19)
508 1739 555 1766 καὶ
569 1739 619 1775 τὴν
638 1739 687 1774 σὴν
700 1738 839 1770 ἀσέὃειαν,
857 1736 885 1765 εὖ
899 1739 967 1772 ἴσθι,
984 1739 1030 1766 nat

1084 1748 1198 1775 quorum
1212 1740 1330 1773 nuditas,
1344 1745 1371 1768 et
1387 1748 1501 1775 quorum
1517 1739 1781 1774 incorruptibilitatis
1797 1739 1874 1766 indu-

245 1783 313 1818 πρὸς
325 1783 415 1818 ὀλίγον
423 1783 520 1820 apem,
535 1784 582 1811 καὶ
595 1783 694 1819 παζξῃς
705 1783 736 1810 τὺ
747 1783 797 1819 τῆς
808 1783 935 1816 ἀσεϐείας
946 1783 1030 1820 δρᾶμα

1085 1786 1229 1813 mentum?
1250 1793 1364 1820 quorutn
1382 1786 1509 1819 solitudo,
1526 1791 1552 1813 et
1567 1793 1682 1820 qttorum
1696 1784 1787 1813 sweuli
1806 1785 1875 1812 alte-

246 1830 316 1864 μετὰ
327 1830 380 1857 τῶν
395 1830 448 1857 σῶν
463 1830 615 1866 δαιμόνων;

1087 1832 1143 1859 rius
1176 1832 1343 1860 celebritas?
1369 1840 1483 1867 quarunt
1517 1840 1679 1866 compressa:
1705 1837 1785 1866 atque
1811 1838 1877 1858 con-

247 1875 350 1903 stricta
362 1875 526 1911 voluptates,
543 1882 570 1903 et
590 1883 704 1911 quorum
724 1880 853 1911 perpetua
868 1883 1030 1911 omnemque
1049 1878 1184 1906 sermonis
1215 1877 1369 1906 facultatem
1391 1879 1524 1906 excedens
1547 1879 1697 1905 animorum
1713 1878 1881 1906 oblectatio?

246 1931 361 1959 quorum
394 1925 518 1960 Iacrymze
548 1924 651 1959 peccati
676 1924 817 1958 diluvium,
842 1928 869 1952 et
896 1924 987 1952 mundi
1009 1924 1195 1959 piatnentum‘!
1217 1934 1330 1961 qttorum
1353 1931 1470 1954 extentae
1502 1933 1599 1953 manus
1620 1925 1744 1953 ﬂammas
1779 1924 1878 1953 exstin-

252 1976 349 2004 puunt,
365 1971 436 1998 feras
456 1971 628 2004 consopiunt,
650 1970 802 2005 gladiorum
815 1970 900 1997 aciem
914 1970 1072 2002 retundunt,
1093 1972 1238 2000 ittstructas
1266 1973 1340 2000 acies
1368 1972 1395 2000 itt
1435 1972 1524 2007 fugam
1559 1977 1669 2000 vertunt
1690 1971 1723 2003 ³⁹,
1751 1976 1878 2006 tuamque

246 2018 328 2046 etiam
346 2017 521 2053 impietatem,
540 2018 604 2045 milti
624 2019 715 2051 crede,
731 2025 929 2052 compressum
951 2023 1026 2050 sunt,
1049 2019 1156 2047 etiamsi
1187 2021 1221 2047 ad
1251 2021 1359 2053 aliquod
1385 2026 1490 2055 tempus
1511 2019 1661 2051 extollaris,
1678 2018 1879 2052 impietatisque

248 2063 366 2091 fabulam
385 2071 447 2090 cum
464 2063 518 2091 tuis
533 2063 699 2091 daemonibus
712 2063 808 2091 ludas?

283 2107 343 2135 OB’.
361 2108 423 2140 Πῶς
439 2109 498 2136 οὐδὲ
517 2104 602 2136 τάὖτά
616 2118 656 2136 σοι
672 2109 785 2145 φοϐερὰ,
801 2107 823 2136 ὧ
839 2109 899 2136 λίαν
918 2109 1037 2146 τολμηρὲ

250 2155 281 2181 σὺ
297 2154 343 2181 καὶ
358 2154 482 2181 θανατῶν
493 2155 562 2189 (20),
577 2155 656 2192 εἴπερ
667 2155 745 2187 ἄλλος
758 2164 815 2188 τις
831 2155 893 2187 Πῶς
905 2156 954 2182 οὐκ
965 2155 1039 2182 αἰδέ-

249 2209 334 2236 σιμα;
353 2201 445 2228 Ταῦτα
461 2201 510 2236 μὲν
527 2201 578 2238 ἠδη
599 2203 645 2240 καὶ
659 2201 749 2237 πολλῷ
760 2202 910 2237 τιμιώτερα
923 2202 972 2237 τῆς
989 2201 1037 2227 Σό-

249 2246 332 2278 λωνος
348 2246 404 2282 (21)
421 2246 573 2282 ἀπληστίας
587 2247 633 2274 τοῦ
652 2247 735 2282 σοφοῦ
761 2255 790 2273 τε
812 2247 858 2274 καὶ
882 2246 1037 2282 νομοθέτου,

304 2306 326 2322 ³³
342 2305 421 2333 Hebr.
440 2314 477 2339 ιι,
491 2306 526 2334 ’55
543 2314 619 2341 seqq.

251 2419 306 2446 ρος.
328 2410 423 2443 Ιιίαάέ,
439 2411 484 2439 lib.
499 2420 553 2441 xvr.
568 2419 636 2438 vers,
651 2412 715 2439 256.

285 2447 334 2473 Σοὶ
358 2447 477 2473 ναίουσ’
495 2447 647 2483 ὑποφῆται
667 2446 876 2479 ἀνιπτόποδες,
899 2444 1039 2483 χαμαιεῦ-

288 2515 336 2543 Tui
353 2516 472 2544 habitant
488 2522 569 2550 uales,
586 2517 669 2544 illatis
687 2517 808 2552 pedibus,
824 2517 895 2544 humi
909 2480 1040 2585 amity;

1004 2558 1040 2575 es.

1004 2558 1040 2575 εδ.

287 2585 343 2620 (12)
369 2586 411 2620 Τῷ
421 2587 586 2622 πλάσματι.
612 2587 736 2615 Nonnulli
760 2588 878 2621 codices,
903 2587 958 2617 τοῖς
976 2585 1043 2611 πλά-

255 2629 351 2657 σμασι.

289 2655 433 2696 μωμΤοὺς
450 2654 538 2688 κάτω,
553 2660 605 2682 etc.
622 2654 727 2687 Billius,
744 2664 753 2680 ι
768 2655 817 2682 hos
832 2653 945 2682 huntiles
961 2659 987 2680 et
1000 2662 1044 2681 Stl-

253 2691 301 2727 pra
321 2691 416 2718 infera.
429 2699 439 2716 ι

291 2725 346 2761 (14)
362 2725 414 2766 duit
443 2725 545 2752 λύσιν.
581 2735 590 2750 ε
604 2723 654 2753 Per
676 2724 913 2757 dissolutionem,»
947 2731 1044 2758 nempe

258 2771 267 2788 ι
281 2769 409 2794 corporis.
423 2769 433 2786 ›

293 2796 348 2832 (15)
365 2795 437 2829 Τοὺς
451 2795 509 2828 ἐξω
525 2796 630 2825 πόθου.
648 2800 700 2823 etc.
716 2794 848 2832 Billius,‘
865 2794 913 2821 hos
923 2794 959 2832 ab
973 2802 1045 2832 amo-

258 2828 413 2862 re‘ali’enos.
426 2828 467 2857 et
495 2831 584 2858 divino
597 2836 677 2865 atque
693 2831 766 2857 omtti
790 2831 886 2857 vitiosa
901 2828 1044 2858 affectione

256 2874 342 2892 vacuo
357 2873 455 2899 amore
464 2865 614 2899 flagrantes.
624 2876 633 2890 ι

293 2901 347 2935 (16)
364 2902 418 2928 Και
435 2897 479 2928 ὧν
493 2897 526 2927 id
543 2900 745 2934 naM/petram.
769 2899 861 2926 “illius
888 2908 895 2926 :
917 2908 926 2924 ι
939 2904 1043 2935 etquo-

259 2944 316 2964 ruut
329 2936 457 2972 purgari;
472 2945 481 2962 ο
512 2937 613 2967 malum,
642 2945 650 2961 ι
665 2936 709 2970 qui
728 2935 834 2970 purgati
858 2939 919 2962 sunt
936 2940 960 2962 et
977 2944 1042 2970 pur-

1132 2109 1235 2137 LXXII.
1256 2109 1376 2143 Quonam
1398 2111 1477 2139 modo
1489 2118 1522 2137 ne
1541 2111 1599 2138 haec
1615 2109 1723 2144 quidem
1751 2109 1880 2143 pertime-

1091 2155 1157 2186 scis,
1173 2155 1252 2182 honto
1275 2156 1465 2189 audacissime,
1479 2159 1570 2191 atque,
1596 2160 1626 2182 ut
1641 2156 1662 2182 si
1676 2155 1737 2189 quis
1752 2154 1831 2186 alius,
1848 2154 1881 2180 ad

1093 2206 1207 2228 mortem
1236 2203 1376 2236 preceps?
1400 2203 1521 2236 Quonam
1539 2202 1618 2229 modo
1644 2208 1697 2228 non
1723 2199 1882 2227 veneraris?

1092 2247 1220 2282 Haecjam
1243 2256 1308 2276 sane
1321 2254 1349 2276 et
1365 2249 1496 2284 sapientis
1512 2247 1584 2275 illius
1605 2254 1637 2275 ac
1659 2246 1822 2282 legislatoris
1836 2244 1883 2272 So-

285 2375 340 2437 (11)
357 2375 393 2416 :‘0
407 2384 513 2416 φησιν,
532 2381 584 2404 etc.
603 2376 691 2409 Pass,
705 2376 742 2408 ὦς
755 2384 838 2412 φησιν
855 2377 869 2402 ὁ
886 2375 930 2408 σὸς
949 2375 1030 2410 ,ομη-

285 2419 306 2437 ε.
343 2410 423 2437 Ιιαά..
439 2411 484 2437 ltlt.
499 2420 553 2437 xvt.
568 2419 636 2437 vers.
651 2412 715 2437 256,

1091 2381 1195 2410 gantur.
1210 2386 1218 2401 ι

1129 2410 1185 2437 tm
1209 2412 1216 2420 '

1129 2410 1185 2446 (17)
1209 2412 1245 2438 Ἡ
1258 2408 1438 2440 ἀπόλαυσις.
1463 2408 1568 2443 υσεδιή
1584 2407 1610 2434 in
1625 2407 1759 2442 plerisque
1780 2407 1881 2434 codici-

1094 2447 1154 2472 bus.

1130 2481 1185 2517 (18)
1194 2481 1224 2508 Ἠ
1235 2481 1356 2517 ἇλυςος.
1371 2478 1416 2506 Sic
1429 2478 1518 2517 plures
1529 2478 1606 2517 codd:
1620 2476 1652 2517 ιιι
1660 2477 1781 2517 pluribus
1793 2482 1882 2517 tamett

1095 2512 1549 2550 neggfﬁolbqPass..etc.legitur,
1563 2514 1580 2549 ἡ
1593 2513 1780 2544 ἀναλλοίωτος,
1796 2521 1805 2537 ε
1817 2512 1883 2539 nulli

1094 2552 1207 2578 obnoxia
1229 2551 1379 2577 mutationi.
1396 2559 1405 2574 ι

1129 2585 1184 2621 (19)
1204 2586 1486 2621 Ἐπιστσμίσειζοιρτ
1501 2593 1515 2621 ν(
1529 2583 1646 2621 Tumque
1660 2583 1744 2621 ipsius
1759 2581 1883 2617 impieta-

1095 2621 1129 2647 tis
1142 2619 1180 2648 os‘
1196 2623 1370 2649 Olillil‘ablﬂtl.
1385 2630 1393 2645 ι
1412 2619 1449 2646 Ex
1480 2620 1522 2646 his
1551 2619 1635 2652 liquet
1662 2619 1779 2644 utmdum
1796 2622 1883 2643 morte

1095 2657 1227 2683 sublatum
1254 2656 1424 2689 Apostatam,
1446 2662 1508 2681 cum
1523 2653 1706 2689 hmciscripsit
1725 2652 1882 2689 Gregorius.

1123 2691 1186 2732 _(‘.’0)
1206 2687 1362 2732 βαγὶιζῶν.
1394 2690 1530 2724 Heinsius,
1556 2687 1660 2719 «forte,
1689 2687 1884 2722 ἀναισχυντῶν,
1925 2709 1936 2718 ,

1098 2735 1108 2752 ι
1123 2727 1362 2760 itttpudeutissittte.
1380 2735 1389 2751 ι

1131 2757 1187 2796 (21)
1201 2761 1259 2794 Τῆς
1272 2761 1420 2793 Σόλωνος,
1441 2766 1495 2796 etc,
1520 2769 1531 2796 ς
1546 2759 1653 2787 Solonis
1667 2757 1821 2793 inexplebili
1837 2765 1885 2784 cu-

1095 2795 1216 2832 piditate.
1232 2806 1241 2821 I
1262 2796 1319 2822 Non
1343 2796 1457 2832 legimus
1482 2795 1612 2832 Solanetn
1626 2802 1640 2821 a
1669 2801 1804 2832 quoquam
1820 2801 1883 2819 ava-

1096 2829 1164 2858 ritia:
1176 2831 1358 2858 insimulatum
1372 2829 1472 2862 fuisse,
1489 2831 1543 2857 imo
1558 2830 1647 2864 potius
1655 2835 1782 2857 narratur
1795 2829 1882 2861 ipsum

1093 2867 1179 2894 (Σιωεί
1193 2874 1256 2901 opes
1272 2866 1418 2901 sprevisse,
1443 2867 1565 2900 hancque
1582 2867 1616 2893 ob
1638 2872 1746 2893 causam
1762 2872 1778 2890 a
1789 2864 1884 2891 Creusa

1094 2903 1211 2937 turpiter
1226 2902 1365 2937 expulsum
1381 2901 1474 2929 fuisse.
