2071 3133
211 178 260 207 601

705 175 833 204 ORATIO
854 175 897 203 IV.
918 192 951 196 —
971 175 1111 203 CONTRA
1130 175 1302 205 IULIARUM
1321 177 1341 203 1.

1776 179 1829 206 609.

212 233 337 269 χαλεπῶς
353 233 481 268 ἀναφέρει
498 233 531 260 τὰ
545 232 636 265 λοιπὰ,
652 233 699 259 καὶ
713 234 883 268 συντηρεῖται
904 233 933 259 τὸ
949 233 989 268 τῆς

1050 233 1150 268 reliqua
1163 234 1280 261 membra
1293 234 1362 261 haud
1375 242 1472 269 magno
1484 236 1590 270 negotio
1600 242 1753 271 emergunt.
1767 244 1827 271 par-

212 280 316 314 ὑγιείας
340 279 394 314 (71)
410 278 511 313 ἀγαθον
527 279 564 314 τῷ
580 279 699 309 πλείονι,
712 274 734 311 ᾧ
750 278 820 313 τάχα
836 278 869 304 ἂν
882 278 995 304 κάκεῖνα

212 326 280 360 πρὸς
297 325 327 352 τὸ
345 325 447 359 βέλτιον
469 323 627 351 ἐπανέλθοι·
649 323 696 350 τοῦ
711 324 739 350 δὲ
754 323 874 355 πλείονος
889 324 999 350 στασιά-

212 369 303 402 ζοντος
320 369 365 396 καὶ
382 368 486 404 πικρῶς
500 367 624 404 ἔχοντος,
640 369 699 395 οὐδὲ
723 370 771 404 μία
788 369 895 404 μηχανὴ
914 369 950 404 μὴ
968 368 998 394 τὸ

212 416 266 441 πᾶν
289 415 361 450 ἔχειν
378 414 487 446 κακῶς,
506 414 553 440 καὶ
577 414 697 445 κίνδυνος
714 414 764 449 ἤδη
781 413 811 439 τὸ
824 413 928 440 τοιοῦτο
942 412 997 447 (72)

213 463 301 497 σαφής
311 470 317 477 ·
332 460 402 488 οὕτω
418 461 469 487 κάν
482 461 537 492 τοῖς
554 460 713 496 ἀρχομένοις
729 460 778 491 τὰς
793 460 841 494 μὲν
857 458 917 485 καθ’
930 459 995 485 ἕκα-

213 516 273 533 στον
300 507 454 542 ἀρρωστίας
482 505 626 541 συμϐαίνει
653 505 691 540 τῷ
717 504 799 539 κοινῷ
827 503 996 540 κρύπτεσθαι

212 553 335 587 κρεῖσσον
352 551 438 586 ἔχοντι
451 560 457 566 ·
473 551 527 577 τῶν
542 551 671 577 πλειόνων
685 550 713 577 δὲ
728 549 835 585 σαθρῶς
851 549 907 584 (75)
922 549 996 583 ἑχόν-

210 606 275 630 των,
294 597 332 632 τῷ
353 597 434 624 παντὶ
450 596 580 628 κίνδυνος.
596 597 631 623 ’Ὀ
651 605 696 631 μοι
714 595 787 622 δοκεῖ
801 594 878 621 ἄλλον
897 594 945 629 μὲν
962 594 995 620 ἂν

213 643 287 674 ίδεῖν,
309 644 356 669 καὶ
377 643 432 670 τῶν
455 643 557 678 σφόδρα
583 642 733 678 μισούντων
753 642 826 677 ἡμᾶς
842 641 871 667 ὲν
892 640 931 675 τῷ
949 640 997 666 νῦν

211 688 310 724 καιρῷ,
321 689 368 715 καὶ
380 690 413 724 τῇ
425 688 542 725 τοσαύτῃ
553 688 607 714 τῶν
622 687 792 723 Χριστιανῶν
802 686 928 712 ἐπιδόσει.
942 685 998 711 Τοῦ

209 733 238 760 δὲ
260 735 276 770 ἡ
301 734 417 770 πονηρία
434 735 489 766 τοῖς
513 733 652 768 λογισμοῖς
675 732 834 759 ὲπεσκότισε
855 731 921 764 (74)
950 731 996 756 καὶ

209 779 253 806 διὰ
269 779 348 807 τοῦτο
365 781 472 815 μικροῖς
486 788 515 806 τε
531 779 631 814 ὁμοίως
649 779 695 805 κα).
717 777 821 814 μείζοσι
840 777 935 803 πλέκει
951 776 995 802 τὸν

209 825 337 861 διωγμόν.

1049 280 1121 314 tique
1130 280 1225 314 majori
1234 281 1358 308 sanitatis
1365 280 1462 308 bonum
1471 286 1656 314 conservatur,
1664 282 1740 317 cujus
1746 284 1826 311 etiam

1047 332 1097 359 ope
1115 325 1249 352 interdum
1267 333 1345 360 egra:
1362 331 1452 361 partes
1467 326 1493 353 in
1512 327 1648 354 meliorem
1666 333 1765 355 statum
1787 337 1828 356 re.

1046 370 1128 397 deum
1143 377 1150 396 :
1164 375 1191 397 at
1204 378 1265 397 cum
1281 371 1408 404 pleraque
1424 371 1543 398 membra
1558 372 1628 398 inter
1639 379 1668 399 se
1685 373 1765 409 114
1777 375 1828 400 dis-

1045 415 1146 446 sident,
1157 419 1185 441 et
1197 415 1316 449 graviter
1329 415 1502 448 amictanlur,
1518 416 1573 443 ﬁeri
1585 416 1641 450 jam
1657 425 1707 444 non
1724 424 1822 451 potest,

1044 460 1109 493 quin
1123 464 1207 486 totum
1222 467 1319 494 corpus
1331 465 1453 495 aegrotet,
1466 466 1546 496 atque
1560 462 1584 488 in
1599 463 1740 496 perspicuo
1754 464 1825 497 peri-

1044 504 1104 530 culo
1123 505 1158 532 sil
1176 514 1183 531 :
1203 504 1235 531 ad
1257 504 1328 532 hunc
1348 505 1455 532 modum
1474 506 1499 532 in
1517 506 1550 533 iis
1566 514 1689 541 quoque,
1707 508 1752 542 qui
1774 509 1825 535 sub

1045 550 1157 584 imperio
1169 555 1242 583 sunt,
1252 550 1418 585 singulorum
1432 551 1542 579 morbos
1555 553 1731 579 contmodiori
1744 554 1826 582 totius

1045 596 1200 631 reipublicae
1214 595 1370 623 valetudine
1387 597 1519 624 occultari
1537 598 1686 631 contingit;
1705 598 1827 633 pluribus

1046 645 1135 668 autem
1151 642 1314 668 exulceratis
1325 646 1353 668 et
1366 641 1460 668 morbo
1473 641 1588 675 affectis,
1602 648 1655 669 tota
1668 644 1722 678 jam
1736 652 1826 679 respu-

1045 686 1112 713 blica
1126 686 1151 712 in
1166 686 1285 720 periculo
1296 690 1429 713 versatur.
1443 685 1517 719 Quod
1531 695 1592 714 meo
1603 689 1710 722 quidem
1724 689 1826 724 judicio

1044 731 1123 765 alius,
1146 731 1228 758 etiam
1250 732 1329 759 nobis
1351 732 1549 760 infensissitnus
1572 739 1599 761 et
1622 734 1825 767 infestissimus.

1043 776 1298 809 animadvertisset,
1315 778 1465 811 praesertim
1483 777 1534 805 hoc
1546 783 1682 814 tempore.
1699 785 1779 815 atque
1798 781 1826 808 ir.

1045 825 1119 848 tanta
1132 821 1350 850 Christianorum
1365 822 1541 856 amplitudine
1554 828 1581 850 et
1595 823 1827 853 incrementa“:-

210 880 268 899 rum
289 872 366 900 istius
388 872 544 907 improbitas
565 869 662 897 rationi
683 874 710 896 et
731 868 845 897 consilio
867 867 991 896 tenebras
1011 867 1106 895 oll'ndit
1121 878 1127 895 :
1141 868 1176 895 ob
1191 875 1306 902 eamque
1322 875 1430 896 causam
1447 869 1537 904 parvis
1547 869 1624 903 juxta
1656 878 1689 898 ac
1720 872 1828 907 magnis

208 918 420 955 persecutionem
437 917 556 944 molitur.

242 966 310 998 ΟΦ.
324 964 428 990 Ἐκεῖνο
445 963 494 998 μὲν
508 960 554 990 οὖν
569 962 617 989 καὶ
632 961 734 997 σφόδρα
748 960 927 997 μειρακιῶδες
947 961 989 987 καῖ

1082 956 1199 985 LXXVI.
1220 957 1308 991 Alquc
1332 956 1397 984 illud
1421 964 1486 984 sane
1508 964 1635 992 perquam
1653 958 1772 991 juvenile
1793 967 1826 987 ac

206 1011 317 1046 κοῦφον,
331 1010 377 1037 καὶ
390 1010 440 1044 οὐχ
452 1009 526 1040 ὅπως
538 1008 668 1044 βασιλέως
682 1007 788 1043 ἀνδρὸς,
800 1007 858 1034 ἀλλ’
872 1007 931 1033 οὐδὲ
945 1006 991 1034 ἆλ-

206 1057 252 1084 λου
267 1057 340 1088 τινὸς
354 1055 408 1082 τῶν
430 1055 477 1082 καὶ
503 1054 619 1090 μετρίως
636 1053 771 1089 στιδαρῶν
792 1053 841 1089 τὴν
861 1053 989 1084 διάνοιαν,

205 1104 257 1136 ὅτι,
274 1104 308 1139 τῇ
327 1102 470 1138 μεταθέσει
486 1101 536 1136 τῆς
550 1100 671 1136 κλήσεως
684 1099 797 1135 ἕψεσθαι
812 1099 924 1135 νομίσας
941 1099 990 1134 τὴν

206 1148 342 1185 ἡμετέραν
362 1147 496 1179 διάθεσιν,
516 1147 532 1182 ἢ
550 1147 686 1181 αἰσχυνεῖν
709 1154 740 1180 γε
762 1146 835 1181 ἡμᾶς
850 1145 944 1180 ὥσπερ
963 1154 989 1171 τι

204 1193 259 1220 τῶν
271 1194 416 1228 αἰσχίστων
429 1194 437 1222 (
442 1193 486 1227 75)
498 1192 725 1227 ἐγκαλουμένους,
740 1191 820 1222 εὐθὺς
836 1191 991 1226 καινοτομεῖ

204 1240 269 1275 περ).
283 1239 332 1274 τὴν
349 1237 551 1273 προσηγορίαν,
571 1237 729 1268 Γαλιλαίους
745 1237 805 1263 ἀντὶ
819 1236 989 1271 Χριστιανῶν

203 1284 339 1320 ὀνομάσας
358 1292 388 1310 τε
416 1283 463 1310 καὶ
480 1282 620 1309 καλεῖσθαι
642 1281 698 1318 (76)
715 1282 897 1317 νομοθετήσας
915 1282 970 1315 (77)
981 1290 987 1297 ·

204 1330 276 1365 ἔργῳ
290 1329 385 1364 δηλῶν,
396 1329 436 1355 ὃτι
449 1328 505 1363 (78)
517 1328 643 1363 μέγιστον
656 1328 696 1359 είς
707 1327 786 1360 δόξαν
800 1328 848 1354 καὶ
858 1326 990 1362 τιμιώτα-

203 1384 248 1402 τον
264 1377 281 1411 ὴ
298 1375 345 1402 τοῦ
366 1374 484 1410 Χριστοῦ
508 1374 565 1408 (79)
585 1374 691 1408 κλῆσις,
705 1374 735 1406 ἐξ
751 1370 789 1400 ὧν
804 1373 988 1409 ἀποστερῆσαι

203 1420 305 1455 ταύτης
321 1420 394 1455 ἡμᾶς
408 1419 554 1454 ἐπενόησεν
564 1427 572 1433 “
586 1418 603 1454 ἢ
618 1418 785 1453 φοῦούμενός
801 1427 832 1452 γε
848 1417 897 1454 τὴν
911 1417 990 1444 δύνα-

205 1475 250 1501 μιν
266 1466 315 1500 τῆς
338 1465 538 1501 προσηγορίας,
561 1464 655 1499 ὥσπερ
678 1465 703 1491 οἱ
722 1464 865 1500 δαίμονες,
883 1465 930 1491 καὶ
945 1463 989 1491 διὰ

203 1511 283 1538 τοῦτο
305 1510 475 1546 μεταὸαίνων
492 1510 535 1545 ἐφ’
557 1510 649 1546 ἓτερον
664 1510 749 1545 δνομα
768 1509 821 1537 τῶν
835 1510 885 1536 οὐκ
897 1509 990 1536 είωθὸ-

202 1565 257 1583 των
271 1556 330 1583 οὐδὲ
347 1556 504 1592 γνωρίμων.

237 1688 296 1715 OZ’.
309 1687 404 1722 Ἡμεῖς
424 1686 453 1713 δὲ
471 1687 501 1713 οὺ
522 1685 747 1721 παρακινήσομεν
769 1685 859 1717 αὐτοῖς
880 1684 915 1712 τὰ
932 1685 989 1712 ὀνό-

204 1741 293 1768 ματα*
308 1733 368 1759 οὐδὲ
380 1733 433 1768 γάρ
451 1732 524 1758 ἐστιν
548 1733 587 1763 είς
606 1731 620 1757 ὅ
637 1740 663 1757 τι
679 1730 860 1766 μεταθείημεν
876 1730 909 1757 ἂν
925 1730 988 1758 ἄλλο

201 1779 378 1814 γελοιότερον,
393 1778 456 1809 τοὺς
471 1777 587 1812 φαλλοὺς
602 1776 668 1811 (80),
681 1776 800 1808 καὶτοὺς
815 1775 986 1810 ἰθυφάλλους,

202 1825 323 1857 καὶτοὺς
340 1824 551 1860 μελαμπύγους,
568 1823 692 1854 καὶτοὺς
710 1821 832 1856 ἁπύγους
851 1820 918 1856 (81),
939 1821 987 1848 καὶ

201 1872 246 1898 τὸν
259 1871 429 1907 τραγόπουν,
453 1871 499 1897 καὶ
520 1869 565 1896 τὸν
587 1869 684 1904 σεμνὸν
705 1868 782 1895 Πᾶνα
803 1868 871 1901 (82),
886 1867 931 1894 τὸν
955 1868 987 1894 ὲκ

201 1918 309 1944 πάντων
324 1917 486 1953 μνηστήρων
505 1916 552 1943 ἕνα
563 1915 633 1948 θεὸν,
646 1915 693 1942 καὶ
709 1915 793 1949 ὄνομα
812 1913 927 1940 λαϐόντα
938 1913 987 1950 τὴν

201 1962 291 1999 ὕϐριν,
312 1963 406 1998 ὥσπερ
421 1961 454 1998 ἦν
466 1963 551 1996 ἄξιον.
569 1962 616 1988 Δεῖ
630 1962 683 1997 γὰρ
700 1961 716 1997 ἦ
732 1961 834 1987 ἀδικεῖν
849 1959 903 1996 (85)
920 1960 985 1996 παρ’

200 2010 314 2040 ὲκείνοις
339 2011 379 2041 εἰς
399 2008 498 2040 πολλὰς
516 2008 571 2043 (84)
587 2007 635 2034 ἕνα
659 2007 705 2034 καὶ
725 2006 770 2033 τὸν
792 2007 945 2043 κράτιστον,
967 2005 983 2042 ῆ

200 2056 232 2083 ιιι
247 2056 352 2082 πολλῶν
371 2055 493 2090 γίνεσθαι
513 2054 569 2091 (85)
589 2054 636 2081 καὶ
652 2054 697 2080 τὸν
713 2054 867 2088 αἴσχιστον
888 2051 985 2079 οὐκοῦν

199 2101 369 2138 φθονήσομεν
388 2102 479 2133 αὐτοῖς
498 2101 559 2128 οὔτε
582 2099 637 2127 τῶν
663 2099 832 2136 πραγμάτων
853 2098 914 2126 οὔτε
931 2097 985 2127 τῶν

233 2191 290 2226 (71)
316 2190 446 2226 Ὑγιείας.
463 2190 539 2218 Pass.
555 2190 691 2224 συζυγίας.
705 2197 714 2214 ι
730 2189 890 2226 concordiae.
902 2198 913 2215 1
923 2187 980 2216 Non

199 2224 353 2261 spernenda
366 2225 443 2253 luctio
456 2233 514 2260 quae
527 2226 657 2259 optimutn
673 2232 781 2250 sensum
798 2224 891 2251 efﬁcit.

234 2271 289 2305 (72)
306 2271 453 2303 Κίνδυνος
471 2270 529 2305 ἤδη
551 2271 583 2297 τὸ
607 2270 732 2305 τοιοῦτο).
761 2269 838 2305 Pass.
862 2268 981 2305 κίνδυνος

198 2303 247 2341 ἢδη
266 2303 320 2340 ἔχει
334 2306 363 2332 τὸ
379 2303 505 2332 τοιοῦτον.
524 2303 610 2332 Cois].
632 2306 660 2338 2,
675 2304 793 2335 κίνδυνος
811 2303 860 2339 ήδη
875 2304 931 2338 ἔχει
951 2303 982 2329 τὸ

198 2341 310 2368 τοιοῦτο.
326 2341 385 2367 Bill.
398 2341 436 2375 τῷ
449 2340 570 2375 τοιούτῳ.

233 2376 289 2411 (75)
309 2373 438 2410 Σαθρῶςῖ.
456 2373 579 2408 Plerique
591 2375 706 2407 codices,
719 2373 826 2409 σαθρόν.

231 2420 286 2454 (74)
312 2421 511 2447 Ἐπεσκότισε.
529 2420 574 2447 Sic
588 2427 649 2454 pars
660 2419 782 2446 codicum
795 2419 920 2451 maxima.
930 2419 978 2446 Ed.

197 2455 375 2490 ἐπεσκότησε.

233 2490 288 2525 (75)
308 2489 488 2524 Ᾱὶσχίστωσν.
504 2490 577 2517 Pass.
592 2489 674 2516 Coisl.
689 2489 716 2520 2,
730 2489 829 2523 aliique
845 2496 897 2515 non
916 2497 980 2522 pau-

198 2525 221 2561 ci
235 2524 387 2561 χειρίστων.
403 2525 501 2561 Comb.
518 2526 597 2552 vertit
612 2533 618 2552 :
640 2533 649 2549 ε
671 2532 703 2551 ac
722 2524 743 2550 si
763 2525 978 2561 turp‘issimnrmn

198 2557 259 2587 inde
279 2557 433 2586 'criininnm
466 2560 503 2586 rei
529 2565 690 2587 tenerentur.
722 2568 732 2585 I
764 2557 863 2586 Deliis
880 2557 978 2585 Juliani

197 2594 305 2628 ineptiis
319 2595 445 2629 legendus
458 2594 652 2627 Theodoretus,
672 2593 754 2626 "im,
770 2593 816 2620 lib.
837 2601 877 2620 ut.
893 2602 917 2620 c.
932 2593 977 2620 21.

231 2642 288 2677 (76)
306 2641 478 2677 Καλεῗσηαι.
493 2641 575 2677 [18951
583 2640 609 2677 in
624 2638 687 2677 edit.
703 2639 765 2677 Ald.
779 2643 807 2665 et
823 2637 907 2677 μεῖν2

305 2675 645 2712 [νομοθετήσας.νΑιΙιίυιρι
660 2674 736 2700 Pass.
750 2674 813 2708 lieg.
823 2673 843 2706 I,
856 2679 882 2700 et
895 2674 977 2712 Coisl.

197 2710 223 2743 1,
236 2709 281 2742 ’ὡς
296 2709 406 2746 αῐσῇίρόν
419 2720 445 2737 τι
463 2712 508 2737 καὶ
523 2709 735 2745 ἀπρεπέστερον,
753 2717 762 2734 t
781 2713 906 2742 tanquam
928 2710 977 2736 ali-

196 2746 258 2779 quid
273 2751 349 2779 turpe
365 2754 397 2773 ac
410 2746 575 2772 indecorum.
591 2753 601 2769 ι

194 2777 211 2842 ἐ
231 2780 287 2815 (78)
307 2777 422 2815 Ᾰηλῶν,
444 2780 497 2807 ὅτι.
512 2781 562 2807 Alii
588 2777 719 2814 δηλώσας,
745 2777 806 2804 Par.
822 2783 864 2805 eu.
884 2779 976 2815 δηλον-

211 2824 246 2842 τι.

211 2824 246 2843 τι.

230 2850 286 2885 (79)
309 2850 364 2886 Τοῦ
379 2849 517 2886 Χριστοῦ.
537 2849 601 2885 Reg.
619 2849 626 2875 l
654 2852 680 2875 ct
703 2855 730 2882 ιι,
750 2847 843 2876 Comb.
860 2854 886 2877 et
901 2849 975 2876 I‘ass.

196 2885 216 2912 Χ
221 2885 367 2922 ριστιανοῦ.

1041 1005 1119 1036 leve,
1133 1008 1213 1036 atque
1229 1010 1264 1029 ne
1280 1001 1333 1029 ullo
1349 1002 1458 1036 quidem
1474 1002 1527 1030 alio
1543 1002 1660 1036 homine,
1673 1004 1713 1031 vel
1727 1005 1827 1032 medio-

1040 1050 1079 1077 cri
1097 1048 1179 1076 ultimi
1196 1048 1329 1082 gravitate
1346 1047 1469 1082 praedito,
1489 1049 1584 1075 nedum
1605 1049 1767 1084 imperatore
1784 1051 1824 1077 di-

1040 1091 1225 1127 gnum,qnod,
1242 1090 1321 1118 simul
1339 1099 1400 1118 cum
1419 1091 1535 1118 nominis
1553 1093 1710 1125 mutatione,
1723 1094 1825 1120 animo-

1042 1147 1100 1166 rum
1115 1145 1222 1173 quoque
1236 1143 1390 1164 IIOSII'OI'IIIII
1410 1138 1584 1164 mutationem
1599 1143 1750 1166 secuturam
1765 1147 1827 1167 esse

1040 1185 1198 1217 arbitratus,
1211 1188 1258 1210 aut
1272 1189 1346 1210 certe
1358 1184 1436 1210 nobis
1449 1184 1474 1210 id
1488 1183 1582 1219 pudori
1596 1184 1664 1216 fore,
1677 1184 1754 1219 quasi
1769 1190 1825 1212 tur—

1040 1230 1143 1264 pissimi
1157 1230 1296 1264 cujusdam
1310 1230 1433 1257 criminis
1445 1229 1590 1262 accusatis,
1605 1231 1756 1258 novandum
1772 1237 1820 1258 m-

1040 1276 1081 1303 bis
1094 1279 1301 1310 cognomentum
1314 1274 1405 1301 statim
1418 1276 1532 1307 censuit,
1545 1274 1670 1302 Galilzcos
1683 1283 1731 1310 pro
1744 1276 1824 1302 Chri-

1039 1321 1135 1348 stianis
1151 1321 1303 1353 nominans,
1321 1325 1413 1355 atque,
1430 1325 1458 1347 nt
1476 1320 1511 1347 ila
1530 1328 1698 1352 vocaremur,
1714 1322 1820 1355 publica

1042 1366 1103 1400 lege
1123 1366 1280 1393 decernens.
1300 1365 1337 1392 Ex
1357 1373 1410 1400 quo
1429 1365 1568 1400 perspicue
1585 1366 1703 1393 ostendit
1721 1366 1823 1394 Christi

1039 1411 1245 1445 appellationem
1268 1410 1491 1445 perbonoriﬁcam
1508 1418 1584 1443 esse,
1603 1411 1767 1446 maximique
1788 1413 1824 1440 ad

1040 1457 1153 1492 gloriatur
1172 1456 1315 1488 momenti,
1333 1455 1460 1490 quoniam
1478 1463 1538 1483 eam
1556 1457 1633 1483 nobis
1649 1458 1755 1491 eripere
1772 1465 1823 1484 co-

1039 1503 1144 1538 gitavit.
1159 1501 1215 1529 Nisi
1231 1502 1346 1529 fortasse
1361 1502 1413 1529 hoc
1428 1509 1457 1529 ea
1474 1502 1577 1528 ratione
1593 1502 1666 1535 fecit,
1680 1503 1752 1537 quod
1771 1503 1822 1530 hu-

1037 1548 1113 1583 jusce
1129 1548 1246 1575 nominis
1259 1548 1311 1574 vim
1325 1552 1352 1574 et
1367 1552 1541 1581 potestatem,
1557 1548 1642 1575 instar
1654 1549 1802 1576 daemonum
1812 1569 1824 1581 ,

1041 1594 1243 1626 reformidaret,
1258 1601 1290 1620 ac
1307 1593 1419 1628 proinde
1436 1594 1469 1620 ad
1486 1593 1599 1620 alterum
1615 1601 1712 1621 nomen
1731 1595 1823 1621 minus

1001 1639 1023 1669 C
1041 1647 1132 1667 notum
1150 1645 1177 1667 et
1191 1641 1299 1674 vulgare
1315 1640 1461 1666 transierit.

1073 1685 1200 1714 LXXVII.
1218 1684 1273 1713 Nos
1283 1693 1346 1712 vero
1358 1685 1464 1712 nomina
1479 1685 1543 1721 ipsis
1556 1687 1764 1721 haudquaquam
1778 1686 1822 1713 in-

1036 1736 1186 1764 vertemus;
1203 1739 1252 1758 nec
1267 1730 1339 1758 enim
1351 1732 1496 1766 quidquam
1510 1732 1594 1766 magis
1609 1732 1750 1758 ridiculum
1765 1740 1813 1759 ea-
1850 1754 1862 1770 _.

1035 1777 1145 1811 cogitari
1167 1781 1264 1811 potest,
1284 1777 1310 1803 in
1335 1778 1405 1811 quod
1427 1785 1458 1804 ea
1479 1783 1646 1805 commutare
1667 1785 1820 1813 queamus;

1035 1824 1137 1858 phallos
1154 1828 1181 1850 et
1198 1823 1375 1858 ithyphallos,
1396 1828 1422 1850 et
1441 1823 1639 1858 melampygos,
1656 1827 1683 1850 et
1699 1830 1798 1859 apygos
1809 1844 1819 1856 ,

1036 1875 1063 1896 et
1081 1870 1251 1904 ltircopedem
1262 1889 1270 1901 ,
1283 1873 1310 1896 et
1319 1869 1500 1896 venerandum
1516 1868 1586 1896 Putta
1598 1890 1606 1902 ,
1622 1869 1694 1896 illum
1710 1877 1742 1896 ex
1758 1877 1818 1897 om-

1037 1916 1116 1943 nibus
1138 1916 1226 1950 procis
1247 1923 1328 1942 unum
1346 1915 1425 1942 deum
1438 1935 1445 1947 ,
1462 1920 1543 1949 atque
1559 1922 1573 1941 a
1589 1915 1750 1942 contumelia
1769 1923 1818 1942 no-

1037 1970 1107 1995 men,
1128 1966 1156 1989 ut.
1172 1970 1219 1997 par
1233 1967 1301 1993 erat,
1317 1967 1503 1989 consecutum.
1519 1962 1595 1997 Apud
1613 1962 1672 1989 illos
1689 1963 1760 1989 enirn
1777 1962 1819 1989 vel

1037 2015 1118 2035 unum
1131 2013 1158 2035 et
1171 2008 1385 2043 potentissimum
1400 2009 1498 2035 multas
1510 2008 1605 2043 injuria
1617 2007 1723 2036 allicere
1735 2016 1816 2043 opor-

1037 2057 1084 2085 tet,
1098 2052 1139 2080 vel
1149 2061 1182 2080 ex
1195 2053 1285 2081 multis
1297 2061 1379 2080 unum
1391 2061 1506 2088 eumque
1515 2052 1742 2081 tleformissitnum
1754 2062 1817 2087 pro-

1035 2099 1132 2126 creari.
1149 2098 1280 2132 Quocirca
1297 2106 1346 2126 nec
1364 2106 1406 2126 res
1423 2099 1499 2131 ipsis.
1517 2106 1567 2126 nec
1582 2100 1693 2126 nomina
1711 2090 1816 2126 invide—

1070 2188 1124 2224 (80)
1147 2188 1220 2222 Τοὺς
1237 2189 1384 2223 φαλλούς,
1407 2194 1460 2216 etc.
1479 2197 1488 2215 ι
1509 2188 1626 2219 I’hallos,
1645 2187 1816 2222 ithyphallos.

1037 2223 1228 2258 melainpygos,
1244 2232 1369 2259 apygos,»
1387 2229 1439 2251 etc.
1453 2223 1550 2257 Turpia
1564 2224 1619 2250 haec
1634 2224 1740 2250 nomina
1754 2224 1817 2256 quid

1034 2259 1194 2292 signiﬁcent,
1212 2258 1346 2293 exponere
1361 2259 1446 2292 pudor
1462 2266 1513 2285 non
1533 2258 1616 2290 sinit;
1636 2266 1695 2293 qua:
1708 2259 1816 2293 quidem

1034 2293 1179 2327 Gregorius
1201 2293 1315 2324 Iuliano.
1333 2302 1384 2320 non
1402 2294 1451 2321 nisi
1471 2298 1500 2319 ut
1514 2293 1636 2320 ruborem
1655 2293 1703 2328 ipsi
1715 2293 1814 2325 eliciat,

1043 2303 1179 2325 :rugurlus
1201 2303 1315 2324 auuano.
1333 2303 1384 2320 11011
1402 2303 1451 2321 11151
1471 2303 1500 2319 ul.
1514 2303 1636 2320 ΓυυΟΙἙΙΙΙ
1655 2303 1703 2325 IpSl
1715 2303 1814 2325 οιιαιιιι,

1145 2362 1199 2389 Kal
1211 2363 1282 2396 τοὺς
1293 2363 1437 2398 ἀπύγους.
1459 2371 1468 2387 ι
1491 2361 1526 2398 Eli
1545 2370 1652 2398 apygos.
1674 2372 1683 2388 ι
1703 2362 1747 2390 Sic
1763 2363 1816 2389 duo

1034 2397 1117 2440 Bt‘gg.
1135 2398 1209 2425 Pass.
1226 2400 1394 2429 etc.;desunt
1410 2400 1435 2424 iu
1452 2397 1570 2426 oloribus
1585 2399 1661 2425 codd.
1677 2403 1703 2425 et
1717 2400 1742 2424 in
1758 2399 1817 2424 ed.-

1034 2438 1123 2502 ιΙζ’(8Ξ)
1143 2466 1234 2495 Πᾶνα.
1253 2467 1317 2499 Pan,
1337 2467 1503 2494 comumelize
1521 2474 1616 2494 nomen
1636 2471 1687 2502 est.
1704 2467 1814 2502 Signiﬁ-

1033 2501 1076 2528 cat
1096 2512 1105 2528 σ
1130 2511 1161 2529 ex
1188 2503 1313 2530 omnibus
1336 2510 1394 2528 esse
1420 2507 1585 2537 generatum.
1606 2511 1615 2527 ι
1643 2501 1814 2536 υωωμψωι

1032 2543 1135 2570 poetas,
1161 2537 1210 2572 ipsi
1232 2537 1331 2572 aliquid
1356 2545 1387 2565 ex
1413 2543 1466 2564 tota
1489 2545 1578 2564 rerum
1602 2541 1696 2563 natura
1715 2537 1815 2564 tribue—

1136 2606 1277 2647 ΔἈςξικιςῖν.
1307 2607 1390 2647 Regii.
1420 2614 1523 2647 novem,
1550 2611 1603 2632 tres
1620 2605 1705 2647 σου»,
1725 2605 1812 2647 Pa_s_s.,

1031 2641 1113 2668 Cnisl.
1133 2643 1158 2673 1,
1173 2643 1219 2670 0r.
1237 2643 1262 2672 l,
1284 2648 1334 2668 etc.
1356 2642 1473 2676 ἀτυχεῖν,
1487 2649 1546 2675 qua:
1564 2648 1624 2666 vera
1643 2641 1723 2667 lectio
1740 2642 1812 2676 vide-

1032 2678 1225 2717 tur,_qnamvis
1240 2684 1292 2703 non
1306 2677 1372 2704 satis
1385 2675 1525 2711 perspicue
1539 2680 1667 2710 appareat
1685 2676 1729 2703 hic
1744 2675 1812 2703 Gre-

1031 2719 1096 2746 gorn
1112 2719 1196 2738 mens.

1037 2745 1270 2788 ..(8ι1λζῇολλάς.
1293 2746 1386 2773 Heins.
1410 2753 1420 2770 t
1445 2745 1513 2772 forte
1529 2744 1652 2778 πολλούς,
1668 2745 1775 2773 multos.
1799 2754 1810 2771 I

1030 2782 1080 2808 Alii
1093 2781 1186 2808 πολλά.

1066 2817 1121 2852 (85)
1140 2817 1292 2843 Γίνεσθαι.
1306 2814 1446 2852 illeinsinsr
1456 2814 1529 2841 addit
1547 2815 1604 2842 ἕνα.
1626 2815 1662 2843 Ita
1678 2815 1770 2844 Billius
1785 2816 1814 2843 in

1031 2850 1169 2883 versione;
1188 2852 1267 2886 idque
1279 2851 1311 2878 ad
1328 2850 1448 2885 Gregorii
1465 2855 1590 2877 tuentem.
