2071 3133
263 172 316 200 603

859 177 888 204 S.
909 177 1076 205 CiiEGOﬂll
1098 177 1269 206 TIIEDLOGI

1825 180 1881 208 604

264 230 363 258 bimus.
378 230 430 257 Per
444 238 492 258 nos
506 238 570 259 sane
584 239 631 259 sua
647 232 699 260 illis
715 233 828 261 stultitia
843 234 897 262 frui
913 235 1002 268 liceat,
1017 241 1044 264 et

1104 238 1234 273 lvopc’xrmv
1243 247 1250 253 ·
1264 237 1321 265 ἀλλ’
1337 238 1546 264 ἀπολαυέτωσαν
1559 237 1609 272 τῆς
1625 238 1728 265 ἑαυτῶν
1741 239 1879 274 εὐηθείας,

264 278 298 304 ob
307 277 524 311 resturpissimas
533 278 671 312 magniﬁce
677 279 795 314 gloriari.
804 280 873 313 Quin
881 281 961 307 etiam
969 281 1044 314 ipsis.

265 322 288 349 si
305 321 396 351 velint,
413 321 572 348 Bnthtenam
589 323 834 356 praetermittemus,
851 329 879 351 et
896 325 973 360 115
987 325 1046 352 Tri-

265 376 419 402 vespernm,
433 373 463 395 ut
480 369 606 402 majorem
623 371 692 404 apud
710 378 757 397 eos
775 371 890 405 gratiam
907 372 1045 404 ineamus;

265 422 338 445 eum.
356 414 477 448 inquam,
491 419 519 441 et
534 415 570 441 ita
588 416 769 450 progenitum,
783 421 811 443 et
826 417 893 444 adeo
907 418 1048 460 nnigniﬁt-e

267 460 480 494 progignentem,
491 468 522 486 ac
534 468 582 494 pro
591 461 696 489 decimo
708 462 788 489 tertio
799 462 958 494 certamine,
969 463 1048 490 unius

268 505 354 532 noctis
379 506 477 540 spatio,
499 506 694 540 quinquaginta
715 507 817 534 Thestii
840 508 909 535 ﬁlias
932 509 1049 542 compri-

268 557 403 583 mentem,
427 556 455 578 ut
476 558 509 577 ex
531 551 564 578 iis
587 551 667 578 rebus
688 551 730 578 dei
753 560 850 579 nomen
874 553 1047 588 adipiscatur.

269 596 387 629 Etenim,
410 597 431 623 si
454 597 607 631 hnjusmodi
633 598 787 625 nominibus
810 599 968 626 innovandis
991 599 1050 626 ani-

268 649 342 668 mum
359 641 475 676 adjicere
491 642 597 674 liberet,
611 642 693 669 nmlta
710 643 832 676 profecto
848 643 954 670 nomina
970 644 1048 671 etiam

268 687 399 713 adversus
415 695 486 719 eum,
501 687 535 713 ab
549 687 607 721 ejus
620 687 674 713 vita
691 687 786 721 petita,
807 687 970 715 Christianis
986 696 1050 722 sup-

269 735 408 765 peterent,
423 737 477 758 tnm
492 733 612 766 turpiora
624 753 631 765 ,
649 737 703 759 tum
719 734 803 767 magis
818 734 936 766 apposita
949 739 976 760 et
989 742 1051 761 con-

274 780 408 813 gruentia.
420 779 488 812 Quid
502 780 573 807 enim
587 780 755 815 prohiberet,
767 781 911 814 quominus
925 788 973 807 nos
986 788 1051 815 quo-

272 832 343 859 que,
373 825 577 858 Romanorum,
607 830 687 860 atque
717 826 784 852 adeo
811 825 885 852 orbis
914 825 1050 857 universi,

270 871 495 904 quemadmode
521 871 578 905 ipse
601 871 751 898 daemonum
773 871 866 898 fraude
885 871 1052 898 circumven-

1096 285 1143 309 καὶ
1155 285 1209 316 τοῖς
1223 284 1371 319 αἰσχίστοις
1385 283 1692 318 ὲγκαλλωπιζέσθωσαν’
1706 286 1730 311 εἰ
1744 285 1881 320 βούλοιντο

1096 329 1134 360 δὲ,
1147 330 1193 356 καὶ
1206 329 1251 356 τὸν
1265 330 1407 356 Βουθοίναν
1420 329 1476 364 (86)
1488 330 1646 365 παρήσομεν
1662 330 1760 362 αὐτοῖς,
1773 332 1820 357 καὶ
1833 332 1880 358 τὸν

1097 375 1262 410 Τριέσπερον
1276 375 1342 410 (87),
1358 375 1401 401 ἵνα
1417 375 1463 402 καὶ
1476 374 1575 410 μᾶλλον
1588 376 1678 407 αὐτοῖς
1692 376 1880 412 χαρισώμεθω

1097 419 1142 446 τὸν
1155 420 1202 446 καὶ
1215 419 1383 455 γεννώμενον
1397 420 1478 452 οὕτω,
1496 420 1543 446 καὶ
1558 421 1695 454 γεννῶντα
1709 422 1882 458 μεγαλοπρε-

1099 464 1166 496 πῶς,
1185 465 1231 491 καὶ
1245 464 1325 491 ἆθλον
1340 465 1523 500 ποιησάμενον
1536 466 1768 501 τρισκαιδέκατον,
1784 469 1812 494 ὲν
1832 469 1883 504 μιᾷ

1098 511 1189 542 νυκτὶ,
1213 511 1262 542 τὰς
1281 511 1392 538 Θεστίου
1413 512 1582 546 πεντήκοντα
1605 511 1774 548 Θυγατέρας,
1797 514 1830 540 ἵν’
1847 515 1884 541 ὲκ

1098 556 1199 582 τούτων
1228 556 1364 592 ὀνομασθῇ
1395 557 1471 588 θεός·
1501 557 1561 583 ἐπεὶ
1592 557 1763 593 βουλομένοις
1785 567 1817 593 γε
1847 561 1884 587 τὰ

1099 600 1209 626 τοιαῦτα
1233 603 1412 636 καινοτομεῖν,
1438 601 1485 627 καὶ
1510 601 1605 628 πολλαὶ
1621 603 1677 637 (88)
1694 605 1754 630 κατ’
1776 604 1882 631 ἐκείνου

1100 646 1210 680 κλήσεις
1226 647 1258 672 ἐκ
1272 647 1326 673 τῶν
1343 647 1447 673 ἐκείνου
1463 647 1634 682 Χριστιανοῖς
1652 650 1771 684 αἰσχίους
1783 659 1812 676 τε
1825 651 1885 686 ἅμα

1101 690 1148 716 καὶ
1167 691 1337 727 οἱκειοτέραι.
1360 691 1392 717 Τί
1412 691 1466 727 γὰρ
1483 692 1516 718 ἂν
1534 693 1663 720 κωλύσειε
1680 695 1726 721 καὶ
1747 696 1819 730 ἡμᾶς
1843 695 1884 731 τῷ

1102 734 1204 769 βασιλεῖ
1228 736 1297 762 κατὰ
1314 736 1344 762 τὸ
1364 736 1420 762 ἴσον
1445 737 1650 769 ἀντιπαιζοντας
1672 739 1824 774 Ῥωμαίων,
1845 740 1886 772 ὡς

1101 779 1128 806 δὲ
1143 779 1226 829 ᾤετο,
1241 781 1288 807 καὶ
1304 781 1353 816 τῆς
1374 782 1549 818 οἰκουμένης,
1570 784 1743 819 ἡπατημένος
1760 786 1815 817 τοῖς
1828 785 1888 815 δαί-

1103 834 1176 860 μοσι,
1197 826 1242 852 τὸν
1262 826 1420 853 Είδωλιανὺν
1441 827 1542 860 καλεῖν,
1561 829 1607 855 καὶ
1628 829 1672 856 τὸν
1693 830 1802 857 Πισαῖον
1818 831 1885 866 (89),

1105 871 1151 897 καὶ
1164 871 1209 897 τὸν
1232 871 1389 904 Ἀδωναῖον,
1405 873 1452 899 καὶ
1467 873 1512 899 τὸν
1532 874 1722 910 Καυσίταυρον
1738 876 1804 910 (90),
1817 877 1888 912 ὅπερ

273 921 316 943 tus
328 916 508 948 existimabat,
521 917 721 951 imperatorem.
733 916 827 943 eodem
843 916 904 943 ludo
916 916 1050 944 ulciscen-

1107 917 1153 943 καὶ
1165 916 1213 952 ἢδη
1231 917 1301 948 τινες
1320 918 1400 945 αὑτὸν
1419 919 1472 945 τῶν
1487 919 1550 955 παρ’
1567 921 1631 955 ἡμῖν
1652 904 1762 956 κομψῶν
1780 904 1887 958 ῶνομιὶζ

275 967 324 994 tcs,
335 961 492 995 ldolianum,
502 968 527 989 et
539 962 660 993 Piszeum,
671 967 698 989 et
709 963 863 993 Adonmum,
875 966 901 989 et
910 962 1053 989 Tauricre-

275 1015 346 1033 mum
362 1015 530 1039 vocaremus,
546 1015 574 1034 nt
589 1008 643 1042 jam
661 1007 779 1034 nonmtlli
795 1015 903 1042 quoque
918 1012 1053 1040 nostrum,

274 1053 354 1086 lepidi
376 1059 402 1080 et
422 1053 510 1080 festivi
532 1055 665 1086 homines,
683 1054 861 1088 appellarunt,
880 1053 1048 1087 quandoqui-

275 1101 334 1128 dem
357 1103 423 1127 mira
445 1106 485 1128 est
506 1102 584 1135 hujus
606 1102 642 1128 rei
664 1101 796 1134 facilitas,
815 1106 840 1127 et
858 1101 910 1128 alia
929 1101 1056 1135 quaslibet

275 1148 324 1181 ipsi
342 1148 490 1181 objicienda
510 1148 586 1175 nobis
604 1148 714 1175 historia
733 1147 863 1182 porrigit?

311 1191 449 1219 LXXVIII.
479 1192 535 1219 Hoc
562 1200 626 1220 vero
657 1194 776 1220 omnium
808 1192 1052 1224 absurdissimum,

275 1238 345 1272 quod
368 1246 428 1265 cum
455 1238 577 1265 Salvator
598 1240 671 1273 ipse,
693 1240 867 1274 omniumque
892 1248 981 1268 rerum
1004 1241 1055 1267 Do-

276 1284 375 1314 minus,
388 1289 415 1310 et
428 1284 520 1310 nnmdi
535 1284 612 1317 hujus
627 1285 714 1319 opifex
729 1293 809 1320 atque
821 1286 995 1320 gubernator,
1013 1286 1057 1312 ille

277 1329 364 1363 magni
382 1329 468 1356 Patris
486 1330 583 1361 Filius,
608 1336 634 1357 et
651 1330 784 1363 Verbum,
799 1337 826 1358 et
845 1331 1013 1364 com-iliator,
1030 1336 1057 1358 et

277 1375 412 1408 pontifex,
428 1380 455 1402 ct
479 1376 567 1402 throni
594 1383 723 1408 consors;
747 1378 792 1411 qui
816 1385 864 1412 pro
888 1378 985 1410 nobis,
1011 1378 1056 1412 qui

277 1419 360 1454 ipsius
377 1420 519 1455 imaginem
543 1422 686 1456 ignominia
710 1423 905 1456 aﬂeceramus,
925 1428 1004 1457 atque
1030 1423 1056 1450 in

279 1469 378 1492 terram
390 1467 500 1500 projeeti
516 1475 635 1500 eramus,
650 1475 736 1502 eoque
751 1469 863 1501 redacti,
884 1473 913 1495 ut
930 1477 1055 1504 magnum

279 1510 392 1544 hujusce
405 1512 604 1546 c0njunctionis
618 1513 773 1547 mysterium
791 1514 988 1550 ignqraremus,
1002 1523 1054 1541 non

279 1556 365 1582 solum
386 1556 419 1583 ad
435 1557 560 1584 servilem
583 1566 668 1592 usque
691 1559 804 1585 fortnam
830 1567 859 1587 se
881 1560 1010 1594 dejecerit
1025 1560 1057 1593 ‘°,

280 1602 327 1628 sed
340 1602 420 1628 etiam
439 1610 546 1630 crucem
559 1605 754 1636 conscenderit,
769 1610 960 1640 peccatumque
972 1613 1058 1633 memn

280 1655 382 1680 secum,
396 1653 424 1675 ut
437 1649 490 1676 illic
506 1650 638 1683 interiret,
651 1651 776 1678 duxerit:
792 1659 853 1678 cum
867 1651 922 1684 hic,
939 1653 1058 1686 inquam,

279 1694 379 1722 Jndasis
399 1703 460 1721 eum
484 1695 682 1723 Samaritanum
709 1698 867 1724 vocantibus
882 1697 915 1730 “,
937 1702 964 1724 et
988 1698 1059 1732 quod

281 1740 364 1766 multo
382 1740 540 1767 sceleratius
556 1746 598 1768 est
611 1761 618 1773 ,
644 1742 720 1775 quasi
741 1742 871 1769 daemonis
892 1742 1059 1777 intemperiis

280 1785 408 1819 agitatum
432 1787 620 1813 accusantibus
632 1787 666 1818 δ’,
692 1795 742 1814 nec
763 1788 928 1819 erubescat,
955 1795 1005 1814 nec
1028 1788 1061 1814 de

281 1831 508 1858 conviciatoribns
522 1832 577 1858 suis
592 1837 719 1866 queratur
732 1840 738 1865 ;
762 1833 851 1866 idque,
864 1840 926 1860 cum
942 1833 991 1868 ipsi
1014 1841 1061 1867 per

281 1876 436 1911 angelorum
459 1878 607 1904 exercitum
623 1878 655 1910 ⁸³,
675 1878 717 1905 vel
731 1886 857 1906 sermone
876 1879 943 1909 solo.
965 1886 1061 1914 pravos

281 1921 404 1949 homines
428 1922 519 1952 ulcisci
549 1927 701 1957 promptum
727 1928 816 1955 esset;
843 1931 937 1951 verum
965 1923 1062 1951 leniter

285 1967 430 1994 admodum
450 1971 477 1993 et
492 1966 597 2001 placide
611 1968 820 1995 contumeliosos
835 1969 958 1995 homines
970 1976 1062 1995 aman-

282 2011 341 2042 det,
358 2018 390 2038 ac
404 2017 453 2045 pro
473 2018 566 2038 eorum
579 2030 587 2042 ,
604 2018 619 2037 a
635 2011 732 2045 quibus
748 2012 774 2038 in
797 2019 904 2039 crucem
919 2012 1060 2046 agebatur,

282 2056 369 2083 salute
384 2056 518 2090 lacrymas
534 2055 681 2088 fundat“;
703 2064 763 2083 cum
787 2057 843 2084 hazc
853 2077 862 2091 ,
877 2057 986 2091 inquatn
999 2076 1012 2089 ,,
1025 2057 1061 2084 ita

282 2109 313 2128 se
330 2101 456 2132 habeant,
473 2108 562 2128 nonne
576 2101 798 2129 absurdissimum
812 2108 870 2135 est,
888 2103 1056 2133 existimare,

282 2148 361 2175 nobis
385 2147 556 2174 Galilaeorum
584 2155 692 2180 nomen,
718 2148 759 2174 vel
783 2148 879 2180 dolori,
904 2148 947 2175 vel
969 2148 1062 2182 pudori

285 2193 354 2225 fore,
371 2201 452 2219 nosvc
467 2193 501 2219 ob
515 2200 575 2219 eam
595 2199 704 2220 causam
719 2193 753 2220 ab
767 2193 866 2220 obnixo
883 2193 991 2220 virtutis
1005 2198 1062 2220 stu-

1107 971 1196 995 κασιν,
1220 963 1313 998 ἐπειδὴ
1336 963 1460 999 ῥᾳστώνη
1483 964 1567 1000 πολλὴ
1582 965 1628 992 τοῦ
1645 966 1814 1001 πράγματος,
1836 969 1888 994 ὅσα

1106 1016 1135 1034 τε
1163 1008 1229 1035 ἄλλα
1252 1010 1414 1043 παραποιεῖν
1435 1010 1452 1045 ἦ
1476 1011 1561 1036 ποιεῖν
1584 1011 1616 1037 ὲκ
1646 1012 1695 1046 τῆς
1718 1012 1845 1047 ἀληθείας
1869 1014 1888 1049 ἡ

1108 1054 1210 1088 ἱστορία
1228 1054 1333 1087 meum;

1075 1101 1117 1128 vel
1139 1102 1335 1130 inﬂecte-remus
1356 1103 1463 1130 nomina
1484 1103 1525 1131 vel
1547 1103 1724 1136 auderemus,
1745 1111 1804 1138 quae
1826 1110 1892 1131 vere

1142 1191 1204 1217 OH’.
1222 1191 1334 1217 Πάντων
1351 1191 1380 1217 δὲ
1389 1190 1573 1224 ἀτοπώτατον,
1588 1191 1633 1218 τὸν
1653 1192 1701 1227 μὲν
1715 1192 1828 1226 Σωτῆρα
1841 1191 1892 1218 καὶ

1108 1235 1246 1271 Δεσπότην
1257 1236 1393 1270 ἁπάντων,
1411 1237 1454 1263 τὸν
1465 1237 1541 1264 τοῦδε
1557 1236 1603 1264 τοῦ
1619 1237 1715 1268 παντὸς
1727 1237 1889 1272 δημιουργόν

1109 1291 1138 1308 τε
1162 1281 1208 1308 καὶ
1227 1282 1413 1318 κυϐερνήτην,
1438 1282 1483 1308 τὸν
1496 1282 1543 1308 τοῦ
1569 1282 1686 1318 μεγάλου
1712 1282 1817 1317 Πατρδς
1843 1283 1892 1308 καὶ

1112 1327 1174 1354 Υἱὺν
1197 1327 1263 1362 (9i),
1289 1327 1336 1353 καὶ
1360 1327 1455 1361 Λόγον,
1477 1328 1526 1354 καὶ
1551 1327 1730 1364 προσαγωγέα
1746 1327 1816 1362 (92),
1843 1327 1893 1354 καὶ

1107 1371 1254 1407 ἀρχιερέα,
1271 1372 1317 1398 καὶ
1338 1371 1481 1406 σύνθρονον
1492 1380 1498 1388 ’
1513 1372 1558 1399 τὸν
1576 1373 1645 1408 ὑπὲρ
1668 1373 1745 1407 ἡμῶν
1762 1373 1814 1398 τῶν
1833 1373 1892 1398 ἀτι-

1109 1418 1252 1452 μασάιντων
1269 1417 1350 1444 αὐτοῦ
1365 1418 1414 1453 τὴν
1430 1418 1537 1450 εἰκόνα,
1551 1419 1597 1445 καὶ¹
1613 1419 1679 1454 πρὸς
1700 1419 1745 1445 τὸν
1759 1418 1823 1453 χοῦν
1839 1419 1893 1445 ἀπ-

1107 1464 1303 1499 ενηνεγμένων,
1330 1464 1378 1491 καὶ
1394 1465 1584 1500 ἀγνοησάντων
1607 1466 1637 1492 τὺ
1655 1465 1723 1500 pho.
1741 1466 1790 1500 τῆς
1810 1464 1892 1496 συζυ-

1107 1509 1169 1542 γίας
1188 1509 1243 1543 (95)
1269 1510 1433 1544 μυστήριον,
1465 1510 1502 1545 μὴ
1529 1510 1608 1545 μόνον
1632 1511 1671 1540 εἰς
1694 1509 1786 1536 δούλου
1811 1517 1898 1536 κατα-

1074 1557 1095 1585 C
1112 1554 1196 1581 ϐάντα
1220 1553 1337 1590 μορφὴν,
1351 1554 1419 1581 ἀλλὰ
1432 1555 1478 1581 καὶ
1496 1555 1541 1581 ἐπὶ
1556 1554 1600 1581 τὸν
1616 1554 1731 1590 σταυρὸν
1745 1553 1892 1585 ἀναϐάντα,

1111 1600 1158 1626 καὶ
1176 1600 1364 1634 συναγαγόντα
1378 1600 1427 1635 τὴν
1443 1600 1512 1636 ἐμὴν
1528 1600 1663 1636 ἁμαρτίαν
1677 1599 1890 1635 τεῦνηξομὲνην·

1109 1645 1203 1672 τοῦτον
1220 1646 1268 1680 μὲν
1283 1646 1456 1681 Σαμαρείτην
1471 1646 1611 1677 ἀκούοντα,
1633 1646 1679 1672 καὶ
1695 1646 1709 1672 ὃ
1728 1645 1817 1680 πολλῷ
1839 1646 1895 1680 χεῖ-

1112 1699 1167 1726 ρον,
1180 1691 1309 1726 δαιμονᾷν
1320 1691 1530 1725 ἐγκαλούμενον,
1545 1691 1613 1726 μήτε
1627 1690 1810 1726 αἰσχύνεσθαι,
1825 1691 1895 1725 μήτε

1111 1736 1233 1771 ἐγκαλεῖν
1244 1738 1300 1768 τοῖς
1317 1736 1485 1772 ὑϐρίζουσιν·
1501 1733 1522 1770 ᾦ
1538 1737 1585 1763 καὶ
1598 1739 1656 1768 ταῖς
1669 1737 1827 1771 ἀγγελικαῖς
1843 1745 1894 1762 πα-

1112 1782 1250 1818 ρατάξεσι,
1266 1783 1312 1808 καὶ
1329 1782 1399 1818 λόγῳ
1417 1783 1489 1818 μόνῳ
1507 1783 1561 1818 (94)
1576 1783 1724 1818 ἀμύνεσθαι
1736 1783 1797 1813 τοὺς
1813 1790 1895 1816 πονη-

1113 1830 1176 1865 ροὺς
1192 1830 1281 1864 ῥᾴδιον
1296 1828 1330 1865 ἦν
1341 1838 1347 1844 ·
1367 1830 1424 1855 ἀλλ’
1440 1829 1551 1864 ἡμέρως
1568 1829 1637 1856 πάνυ
1658 1829 1705 1855 καὶ
1724 1828 1818 1862 πράως
1832 1829 1897 1859 τοὺς

1112 1874 1270 1910 ὑϐρίζοντας
1289 1874 1514 1910 ἀποπέμπεσθαι,
1533 1875 1580 1901 καὶ
1595 1875 1664 1910 ὑπὲρ
1676 1874 1729 1900 τῶν
1746 1873 1891 1909 σταυρούν-

1111 1928 1164 1946 των
1180 1919 1261 1946 αὑτὸν
1274 1920 1381 1954 ἀφιέναι
1403 1920 1518 1955 δάκρυον
1528 1939 1535 1951 ,
1554 1920 1627 1955 ἡμᾶς
1643 1919 1671 1945 δὲ
1686 1918 1788 1945 οἴεσθαι
1808 1918 1893 1952 ἀλγή-

1113 1975 1168 1992 σειν
1184 1966 1254 1992 οὕτω
1268 1965 1458 2001 καλουμένους,
1474 1966 1490 2000 ἢ
1506 1965 1705 2000 αἰσχυνεῖσθαι,
1723 1964 1739 1999 ἢ
1754 1963 1803 1998 τῆς
1823 1963 1895 1999 ὑπὲρ

1111 2011 1158 2038 τοῦ
1181 2012 1263 2038 καλοῦ
1287 2011 1440 2047 φιλοτιμίας
1455 2011 1498 2038 διὰ
1519 2011 1598 2038 τοῦτο
1622 2010 1832 2046 ἀποστήσεσθαι,
1849 2010 1897 2036 καὶ

1113 2058 1198 2085 πλείω
1212 2057 1371 2093 ποιήσεσθαι
1386 2058 1441 2093 (95)
1461 2058 1538 2092 λόγον
1558 2058 1611 2084 τῶν
1630 2057 1734 2093 ὕϐρεων
1754 2056 1896 2091 τούτωνιή

1112 2103 1166 2130 τῶν
1187 2103 1281 2138 ψυχῶν
1308 2103 1355 2129 καὶ
1379 2104 1527 2138 σωμάτων,
1552 2100 1590 2130 ὧν
1616 2104 1796 2138 καταφρονεῖν
1819 2102 1898 2136 ἴσμεν

1113 2148 1182 2184 ὑπὲρ
1195 2149 1244 2184 τῆς
1258 2148 1385 2183 ἀληθείας
1398 2148 1469 2183 (96);
1489 2148 1569 2174 Ἀλλὰ
1589 2147 1668 2174 τοῦτο
1685 2147 1744 2181 μὲν,
1760 2147 1828 2181 ὅπερ
1841 2145 1895 2180 (97)

1114 2192 1206 2227 εἷπον,
1224 2194 1327 2228 γελοῖον
1344 2194 1442 2229 μᾶλλον
1458 2193 1474 2230 ἦ
1497 2193 1617 2228 λυπηρὸν
1627 2213 1634 2225 ,
1650 2193 1697 2219 καὶ
1710 2193 1750 2224 εἰς
1770 2191 1817 2227 τὴν
1832 2199 1898 2226 σκη-

317 2271 340 2287 ⁵⁰
359 2272 475 2308 Philipp.
500 2281 532 2305 ιι,
556 2273 582 2300 7.
620 2274 640 2290 “
661 2273 739 2302 Joan.
768 2282 834 2307 VIII,
859 2273 904 2301 48.
941 2273 962 2289 “
987 2273 1050 2300 ibid.

1104 2273 1111 2290 '
1132 2274 1226 2302 Matth.
1247 2282 1321 2306 uri,
1338 2277 1382 2301 55.
1420 2274 1442 2290 ⁵⁸
1458 2273 1525 2301 Luc.
1538 2281 1618 2306 χχιιι,
1634 2273 1679 2300 54.

318 2341 374 2378 (86)
393 2343 566 2369 Bov00/rar.
583 2353 592 2368 ι
612 2343 780 2370 Iintlimnam.
800 2352 809 2369 ι
828 2343 968 2378 Bttphagns
978 2343 1065 2371 dictus
1081 2345 1102 2372 Ι)
1117 2345 1198 2372 cteria
1219 2345 1244 2371 in
1272 2344 1405 2371 lulianum
1436 2348 1567 2370 recenset.
1592 2343 1706 2378 Basilius
1722 2352 1731 2368 ‹
1753 2342 1893 2370 Tanricre-

283 2383 325 2404 est
338 2378 474 2408 Hercules.
493 2379 564 2411 quod
581 2379 680 2404 aratori
699 2378 792 2405 Lindio
815 2380 894 2405 boves
913 2379 988 2410 duos,
1005 2380 1064 2411 qui-

285 2414 335 2439 bus
348 2417 403 2439 tota
421 2412 503 2446 ipsius
520 2421 581 2446 spes
595 2417 674 2440 terrae
684 2413 802 2440 colendae
816 2414 959 2445 nitebatur,
975 2419 1064 2440 sustu-

285 2447 358 2474 lisset
373 2451 452 2480 atque
469 2447 494 2472 in
510 2455 562 2473 una
577 2454 653 2474 cinna
671 2448 836 2475 devmasset.

321 2482 376 2517 (87)
396 2481 583 2515 Τριέσπερον.
599 2482 721 2513 Ηθιςιιιίςι
732 2483 878 2516 epitheton,
891 2482 961 2517 quod
982 2482 1067 2510 tribus

285 2517 404 2551 vesperis
428 2518 453 2543 in
472 2523 550 2542 unam
569 2517 709 2549 conjectis,
732 2517 836 2551 Jupiter
856 2525 916 2544 cum
940 2517 1066 2544 Alcmena

284 2551 470 2583 concubuerit,
499 2551 580 2583 unde,
601 2552 678 2585 juxta
702 2559 804 2587 poetas,
832 2557 911 2578 natus
935 2557 977 2578 est
999 2551 1065 2579 Iler-

284 2587 368 2614 cules.

321 2621 375 2658 (88)
394 2620 448 2648 Καὶ
475 2621 596 2648 πολλαί.
630 2622 788 2649 Addidimus
816 2620 863 2648 καί
889 2628 922 2648 ex
949 2621 1069 2656 ptttribns
1117 2622 1124 2648 l

285 2658 375 2726 εοῗὲέ)
393 2690 528 2726 Πισαῖον.
545 2691 625 2726 Iiegg.
645 2691 660 2717 b
674 2696 701 2717 et
716 2692 770 2722 htn,
792 2690 866 2718 Colb.
885 2691 902 2717 5
920 2696 946 2726 et
961 2691 988 2721 6,
1004 2692 1066 2717 Πει-

286 2725 370 2752 σαίονέ
391 2725 491 2752 Ρίινιλιιε
511 2733 524 2752 a
540 2725 605 2752 Jove
625 2726 709 2753 Pisaeo
726 2725 815 2752 forsan
830 2726 918 2752 dictus
935 2725 1064 2752 Julianus.

288 2760 507 2800 liteuitn‘cclebre
526 2760 574 2787 fuit
590 2769 644 2795 pra:
656 2762 759 2788 ca-tcris
769 2761 836 2787 Pisas
856 2759 982 2794 templum
994 2760 1067 2787 Jovis

287 2796 450 2863 υιῖὀιὸῗηιῖαὶ
476 2829 528 2856 τὸν
556 2830 773 2863 Καυσίταυρον.
799 2830 887 2858 Amm.
903 2841 920 2858 ι.
946 2837 1013 2862 xm,
1042 2837 1068 2862 p.

288 2864 349 2897 $27,
367 2873 376 2889 ι
391 2864 568 2892 victimarium
584 2874 593 2891 ι
608 2866 722 2899 reponit,
736 2865 779 2892 ubi
795 2865 1014 2893 Antiochensium
1028 2865 1068 2891 di-

1118 2388 1188 2405 nntnt
1218 2389 1226 2404 ι
1254 2387 1267 2405 a
1296 2379 1425 2412 Gregorio
1448 2380 1505 2405 ideo
1527 2379 1614 2404 vocari
1638 2377 1770 2404 Juliannm
1793 2379 1894 2410 seriliit,

1119 2423 1128 2439 ι
1150 2415 1225 2447 quod.
1239 2414 1346 2440 assidue
1364 2419 1500 2439 taurorum
1521 2413 1673 2440 holocausta
1685 2412 1813 2440 offerret:
1830 2423 1838 2438 ι
1857 2414 1897 2440 ὅτι

1116 2449 1244 2480 πολλάκις
1259 2448 1374 2483 ταύρους
1385 2448 1548 2483 ᾠλοκαὺτου.
1661 2481 1683 2483 __
1758 2482 1763 2483 γ
1779 2481 1785 2483 _
1834 2469 1840 2473 .

1153 2484 1208 2517 (91)
1227 2482 1280 2511 Καὶ
1306 2481 1382 2509 Ῠὶόν.
1399 2482 1434 2509 Ita
1452 2490 1515 2509 mss.
1532 2483 1610 2509 Deest
1620 2481 1703 2508 καίίιι
1723 2481 1801 2508 editis

1153 2517 1432 2552 (9-2)11ροσαγωγέα.
1459 2527 1467 2542 ι
1496 2517 1546 2550 Qui
1579 2517 1679 2552 aditum
1711 2517 1820 2551 praebet.
1848 2516 1898 2543 Per.

1116 2551 1194 2587 qua...
1211 2554 1337 2579 habemus
1350 2560 1485 2578 acccssmn
1502 2551 1587 2585 (Rom.
1605 2559 1630 2587 ν.
1641 2551 1680 2585 2).
1699 2560 1708 2576 ι

1153 2588 1207 2622 (95)
1228 2586 1382 2621 Συζυγίας.
1397 2597 1406 2612 ι
1425 2586 1626 2618 Conjunctionis
1646 2585 1812 2620 mysterium,
1826 2595 1836 2611 ι
1851 2585 1900 2612 sci--

1129 2623 1179 2648 icut
1197 2631 1205 2647 ι
1224 2623 1344 2655 corporis
1360 2629 1418 2647 cum
1434 2622 1532 2647 anima.
1551 2631 1559 2646 ι

1154 2658 1208 2691 (9i)
1229 2654 1325 2689 nam
1344 2656 1467 2690 Plerique
1484 2657 1589 2682 codices
1605 2655 1685 2689 Regg.
1701 2655 1754 2687 bm,
1772 2655 1790 2686 l,
1809 2654 1855 2683 Or.
1872 2656 1902 2688 1,,

1119 2692 1194 2719 Pass.
1212 2692 1300 2719 μόνον.

1155 2700 1420 2787 ῗεὲ)μῗῖἕῇᾗσεσθαι.
1437 2725 1472 2752 Ita
1485 2725 1551 2760 Reg.
1568 2725 1585 2758 ι,
1597 2730 1624 2752 et
1634 2724 1680 2752 Or.
1697 2723 1722 2750 t.
1738 2724 1808 2752 san.
1825 2725 1896 2761 mit).

1156 2769 1171 2787 σ
1189 2770 1226 2787 αι.

1121 2769 1226 2788 σασναι.

1157 2797 1212 2829 (96)
1238 2796 1394 2829 Ἀληθείας.
1414 2795 1477 2831 [{rg.
1497 2804 1521 2825 a,
1538 2795 1685 2829 εὐσεϐείας,
1708 2807 1717 2823 ι
1736 2795 1853 2831 piel..tis.
1870 2805 1885 2821 ι.

1158 2830 1214 2865 (97)
1234 2831 1330 2865 Ὅπερ.
1347 2832 1410 2857 Sav.
1427 2830 1529 2865 ὥσπερ.
