2071 3133
277 196 330 225 607

880 197 907 225 S.
930 197 1020 226 GIIEG
1026 196 1093 224 ORII
1115 197 1288 225 TIIEOLOGI

1856 195 1909 224 608

277 261 351 284 rtutt,
369 256 450 286 atquc
466 253 498 279 ad
516 252 598 286 pedes
617 252 784 288 jacctttiuttt,
801 258 845 279 aut
866 261 999 280 caesorum
1016 261 1062 280 va-

1121 254 1162 280 σὶν
1187 254 1365 290 ἐρριμμένων
1384 263 1400 290 η
1424 254 1605 289 κτεινομένων
1624 247 1680 288 (ἰῖ)
1700 253 1827 288 πολυειδῆ
1845 255 1911 289 σχή-

278 299 334 325 rias
363 298 582 332 multiplicesque
613 298 723 332 figuras.
756 299 849 333 Neque
875 300 948 327 enim
974 308 1064 327 rerutn

277 352 371 371 earum
384 364 392 376 ,
410 344 445 371 ob
461 352 529 378 quas
547 344 689 377 magnifice
705 346 737 372 de
757 353 787 372 se
803 345 943 379 sentiunt,
965 346 1066 372 verita-

277 395 330 416 tem
344 390 430 417 solum
445 395 548 423 amant,
570 391 616 418 sed
637 398 731 418 earum
749 399 857 426 quoque
872 392 1029 419 simulacra.

315 435 434 463 LXXXI.
455 436 523 469 Quid
535 442 624 463 autem
638 437 689 464 iste
700 439 934 465 comminiscitur?
946 443 972 465 et
984 447 1065 472 quattt

280 482 446 509 firmioribus
474 483 636 509 Christianis
658 483 781 510 fraudem
807 483 910 511 nectit?
934 483 1066 510 Nimirum

279 529 504 562 quemadmodum
522 529 567 562 qui
589 530 657 556 cibis
673 529 793 556 toxicum
822 531 947 561 tttiscent,
970 530 1005 556 ita
1023 529 1067 556 ltic

279 574 385 601 usitatis
405 575 598 608 imperatorum
623 575 773 602 honoribus
795 575 963 609 impietatem
981 575 1066 602 admi-

279 625 359 645 scere
381 618 520 651 instituit,
547 619 669 653 litusque
686 619 871 646 Romanorum
896 628 956 647 cum
981 620 1066 648 idolo-

230 677 233 680 ν
278 672 337 692 rum
361 665 520 691 adoratiotte
543 665 670 692 conﬂare.
696 665 814 692 Proinde
831 673 893 693 cum
909 666 1066 698 daemones,

278 711 351 738 velut
368 711 434 737 alias
453 711 585 745 quasdam
603 717 750 738 consuetas
771 712 891 746 picturas
905 732 913 744 ,
937 712 1064 746 imagini-

278 755 328 782 bus
340 755 518 790 adjttttxisset,
533 761 588 782 tum
605 756 714 783 demum
730 757 836 791 populis
861 761 887 784 et
900 757 1065 790 civitattbus,

279 808 312 827 ac
339 802 491 836 pra-sertitu
519 801 722 836 provinciarum
750 803 906 837 praefectis,
935 803 1068 838 imagines

280 847 340 874 illas
362 847 543 881 proponebat,
560 853 586 873 ttt
610 847 681 874 nulla
701 848 813 875 omnino
839 849 946 875 ratione
965 849 1067 876 malum

279 894 361 920 \‘ttari
379 899 493 927 posset:
518 901 611 920 rerum
638 898 684 920 aut
709 902 770 920 cum
797 894 992 928 imperatorum
1018 895 1068 921 lto-

280 946 347 965 ttote
371 939 526 966 daunonmn
554 940 641 966 honor
657 939 878 975 coniungeretur,
902 945 948 967 attt
973 941 1068 967 ltorum
1085 936 1105 963 Β

281 984 344 1019 fuga
372 985 550 1019 imperatores
578 986 743 1013 contumelia
771 985 957 1018 afﬁcerentur,
985 987 1064 1014 mista

280 1031 384 1058 scilicet
398 1031 567 1058 adoratione.
583 1031 659 1058 Hanc
680 1031 801 1058 fraudem
815 1051 822 1063 ,
839 1038 921 1067 atque
943 1033 1014 1060 buttc
1032 1033 1069 1060 ita

280 1077 378 1104 callide
406 1077 589 1111 excogitatum
622 1078 771 1112 impietatis
810 1078 959 1112 laqueum,
990 1079 1069 1112 pauci

279 1123 387 1156 quidem
402 1129 434 1148 ex
450 1122 491 1154 iis,
506 1123 551 1156 qtti
570 1122 664 1158 majori
680 1123 778 1157 pietate
793 1128 822 1150 et
842 1123 988 1158 sagacitate
1003 1131 1070 1158 prat-

280 1168 329 1195 diti
347 1173 423 1195 erant
434 1188 441 1199 .
454 1168 620 1204 ell'ugeruttt,
635 1169 681 1204 qui
699 1169 781 1196 etiam
798 1170 957 1202 sagacitatis
973 1177 1068 1204 ρωπος

281 1214 416 1242 luerunt:
443 1214 494 1241 ltoc
521 1215 630 1248 quidem
659 1220 809 1248 praetextu,
836 1215 914 1250 quasi
940 1215 1070 1242 adversus

282 1262 452 1296 imperatoris
475 1262 604 1288 honorem
636 1261 837 1296 deliquissent:
856 1266 884 1288 at
908 1270 1002 1288 revera
1021 1269 1070 1296 pro

281 1314 346 1333 ναι-ο
363 1307 527 1340 imperatore
544 1314 575 1334 ac
591 1314 639 1341 pro
655 1307 754 1341 pietate
770 1307 795 1333 itt
817 1307 966 1341 periculum
983 1308 1067 1334 addu—

279 1354 328 1381 cti.
343 1353 473 1380 Permulti
490 1358 579 1380 autent
598 1361 630 1380 ex
649 1353 860 1386 simplicioribus
875 1358 902 1379 et
918 1353 1069 1388 imperitio-

282 1399 358 1426 ribus
370 1400 441 1434 capti
458 1405 538 1431 sunt;
557 1399 656 1434 quibus
669 1400 750 1426 etiam
767 1400 885 1426 fortasse
901 1399 936 1426 ob
953 1401 1064 1433 ignora-

282 1445 381 1471 tionem
401 1447 478 1472 venia
506 1445 588 1472 tribui
609 1450 705 1478 queat,
729 1449 821 1479 utpote
840 1449 899 1472 arte
922 1449 949 1472 et
976 1445 1070 1472 fraude

280 1490 315 1516 ad
334 1491 499 1523 impietatem
518 1491 649 1525 abreptis.
670 1491 760 1525 Atque
783 1492 834 1518 ltoc
852 1499 918 1518 sane
937 1490 991 1518 tale
1010 1496 1068 1524 est,

282 1542 312 1563 ιιι
325 1537 367 1564 vel
386 1545 468 1574 unum
485 1537 518 1564 ad
536 1543 669 1572 perpetua
688 1537 800 1564 infamia
817 1537 966 1565 notandum
985 1538 1070 1574 impe-

283 1583 381 1610 ratoris
409 1583 486 1611 lStius
515 1583 684 1610 voluntatem
713 1585 852 1619 animique
882 1585 1067 1612 inductionem

287 1629 392 1656 abunde
411 1628 536 1657 sufﬁciat.
554 1628 646 1663 Neque
665 1630 738 1656 enim
754 1637 799 1657 res
813 1631 921 1657 easdem
940 1630 1070 1665 principi-

281 1675 333 1703 bus
353 1683 385 1702 ac
400 1675 514 1709 privatis
539 1677 686 1704 convenire
711 1677 837 1704 existimo
863 1686 870 1704 :
896 1678 1067 1712 quandoqui-

282 1722 342 1750 Jcnt
364 1729 414 1749 nec
429 1722 549 1756 ejusdem
571 1723 680 1757 utrique
703 1727 766 1750 sunt
787 1724 937 1758 dignitatis.
960 1723 1070 1752 Privato

281 1767 355 1794 enim
372 1768 474 1795 Itomini
491 1773 578 1795 astute
594 1777 702 1803 quoque
717 1769 818 1804 aliquid
836 1766 927 1797 facere
953 1769 1070 1798 fortasse

283 1814 482 1847 roncedemus;
500 1822 562 1840 nam
577 1815 622 1849 qui
641 1815 693 1841 vim
708 1821 802 1850 aperte
818 1814 952 1843 adbibere
964 1817 1068 1851 nequit,

1119 308 1203 335 ματα·
1224 299 1332 334 φιλοῦσι
1347 300 1402 334 γὰρ
1417 300 1447 326 οὐ
1465 299 1514 331 τὰς
1527 299 1654 335 ἀληθείας
1668 299 1723 325 τῶν
1740 299 1909 334 πραγμάτων

1119 346 1200 381 μόνον
1217 346 1274 379 (15)
1299 346 1342 380 ἐφ’
1363 343 1404 378 οἷς
1434 346 1506 381 μέγα
1529 345 1689 381 φρονοῦσιν,
1715 345 1784 372 ἀλλὰ
1808 345 1854 371 καὶ
1876 346 1909 372 τὰ

1117 392 1219 419 τούτων
1239 391 1397 427 ίνδάλματα.

1153 438 1217 464 IlA’.
1240 438 1269 464 '0
1282 438 1311 464 δὲ
1321 437 1347 464 τί
1363 438 1516 473 μηχανᾶται
1525 447 1532 468 ς
1542 438 1588 464 καὶ
1602 437 1660 464 τίνα
1672 438 1725 464 τῶν
1739 437 1909 473 Χριστιανῶν

1117 486 1175 516 τοῖς
1194 485 1382 520 στερροτέροις
1397 485 1486 517 ἵστησι
1507 483 1599 517 δόλον;
1616 485 1719 520 Ὥσπερ
1731 485 1755 510 οἱ
1770 485 1826 515 τοῖς
1841 483 1910 519 βρώ-

1120 539 1185 566 μασι
1213 531 1429 566 καταμιγνύντες
1457 530 1492 556 τὰ
1512 530 1672 566 δηλητήρια,
1695 530 1769 566 μίξαι
1793 531 1853 561 ταῖς
1880 529 1910 562 ἐξ

1118 576 1196 608 ἔθους
1213 575 1266 602 τῶν
1281 576 1412 611 βασιλέων
1432 577 1526 611 τιμαῖς
1542 575 1590 611 τὴν
1602 575 1740 607 ἀσέὸειαν,
1753 576 1800 602 καὶ
1821 576 1860 606 εἰς
1881 576 1909 601 ἒν

1118 622 1232 656 ἀγαγεῖν
1242 621 1341 656 νόμους
1358 621 1502 656 Ῥωμαίων
1519 621 1566 648 καὶ
1582 620 1698 647 εἰδώλων
1713 621 1908 656 προσκύνησινθ

1119 668 1166 694 καὶ
1179 667 1222 694 διὰ
1241 667 1320 694 τοῦτο
1335 668 1395 699 ταῖς
1410 667 1498 695 είκόσι
1517 668 1764 703 συμπαραγράφων
1775 668 1838 699 τοὺς
1851 668 1908 694 δαί-

1121 723 1214 749 μονας,
1223 714 1261 746 ὡς
1276 714 1307 748 δή
1323 722 1397 746 τινας
1411 713 1493 745 ἄλλας
1506 713 1561 740 τῶν
1575 713 1604 745 ὲξ
1620 713 1696 745 ἔθους
1709 713 1818 749 γραφὰς
1832 713 1912 749 προὺ·

1119 760 1188 786 τίθει
1211 760 1270 795 (id)
1293 760 1390 795 δήμοις
1401 759 1447 786 καὶ
1462 759 1566 793 πόλεσι,
1584 759 1631 786 καὶ
1651 759 1767 795 μάλιστα
1782 760 1838 790 τοῖς
1856 758 1910 785 τῶν

1119 806 1204 833 ὲονῶν
1230 807 1342 842 ἄρχουσι
1359 806 1408 838 τὰς
1425 806 1543 838 εἰκόνας,
1560 805 1598 838 ὼς
1621 805 1705 832 κακοῦ
1721 805 1753 840 γέ
1767 814 1814 832 του
1841 805 1909 832 πάν-

1119 860 1172 882 τως
1181 851 1236 886 (15)
1255 851 1293 886 μὴ
1307 849 1375 877 εἶναι
1388 851 1558 888 διαμαρτεῖν·
1567 850 1652 887 ἀλλ’ἢ
1666 852 1699 887 τῇ
1713 851 1767 877 τῶν
1781 851 1911 885 βασιλέων

1119 899 1186 933 τιμῇ
1206 898 1256 933 τὴν
1276 897 1330 924 τῶν
1347 897 1463 924 εἰδώλων
1489 897 1687 933 συμφέρεσθαι,
1708 897 1725 932 ἢ
1751 898 1784 932 τῇ
1810 896 1909 924 τούτων

1121 947 1193 981 φυγῇ
1211 947 1273 977 τοὺς
1288 944 1414 980 βασιλέας
1440 945 1610 981 ὑϐρίζεσθαι,
1635 944 1734 980 μικτῆς
1750 943 1833 979 οὔσης
1861 943 1910 978 τῆς

1121 992 1343 1028 προσκυνήσεως.
1356 991 1456 1018 Τοῦτον
1474 992 1517 1018 τὴν
1532 991 1606 1017 δόλον
1628 990 1676 1017 καὶ
1689 990 1792 1026 ταύτην
1805 991 1854 1025 τὴν
1865 989 1911 1016 οὖ-

1119 1045 1159 1064 τω
1179 1036 1342 1071 σοφιστικῶς
1373 1036 1563 1072 ὲπινοηθεῖσαν
1592 1036 1684 1071 πάγην
1709 1036 1760 1071 τῆς
1785 1035 1911 1066 ἀσεϐείας

1120 1082 1206 1117 ὀλίγοι
1232 1082 1281 1118 μὲν
1298 1082 1426 1117 διέφυγον
1441 1082 1495 1108 τῶν
1512 1081 1715 1117 εὐλαϐεστέρων
1732 1081 1778 1107 καὶ
1796 1089 1913 1108 συνετω-

1120 1128 1217 1164 τέρων,
1229 1128 1254 1154 οἶ
1272 1128 1318 1154 καὶ
1335 1127 1414 1163 δίκην
1428 1127 1483 1163 (16)
1510 1127 1602 1154 ἔδοσαν
1622 1127 1671 1162 τῆς
1689 1127 1832 1158 συνέσεως
1850 1126 1914 1162 πρὸσ

1122 1182 1215 1209 σχημα
1239 1174 1288 1210 μὲν
1313 1175 1350 1206 ὡς
1374 1175 1414 1206 είς
1438 1173 1519 1209 τιμὴν
1548 1173 1679 1209 βασιλέως
1702 1173 1914 1208 παρανομήσαν-

1121 1229 1165 1251 τες
1183 1219 1251 1255 (17),
1275 1219 1306 1245 τὸ
1321 1219 1350 1246 δὲ
1376 1218 1476 1254 ἀληθὲς
1493 1218 1563 1254 ὑπὲρ
1577 1218 1624 1244 τοῦ
1641 1217 1768 1253 ἀληθινοῦ
1783 1216 1913 1252 βασιλέως

1121 1266 1168 1292 καὶ
1176 1264 1222 1291 τοῦ
1231 1264 1359 1296 εὐσεϐοῦς
1369 1264 1424 1298 (18)
1440 1264 1672 1296 κινδυνεύσαντες.
1694 1263 1791 1290 Πολλοὶ
1802 1263 1830 1290 δὲ
1840 1263 1913 1298 ἥλω-

1121 1321 1171 1338 σαν
1186 1311 1239 1337 τῶν
1251 1310 1439 1346 εὐηθεστέρων
1451 1311 1497 1337 καὶ
1509 1310 1712 1346 ἁπλουστέρων⁹
1730 1307 1773 1341 οἷς
1787 1309 1834 1335 καὶ
1850 1317 1915 1343 συγ-

1120 1357 1215 1392 γνώμη
1228 1356 1308 1391 τυχὺν
1319 1356 1368 1390 τῆς
1382 1355 1504 1390 ἀγνοίας,
1521 1355 1605 1391 τέχνῃ
1625 1355 1854 1391 συναρπασθεῖσιν
1872 1355 1913 1387 είς

1120 1403 1168 1438 τὴν
1184 1401 1320 1428 ἀσέϐειαν.
1339 1400 1425 1426 Τοῦτο
1443 1400 1492 1436 μὲν
1508 1400 1540 1435 δὴ
1570 1400 1701 1431 τοιοῦτον,
1728 1400 1743 1426 δ
1770 1400 1816 1426 καὶ
1835 1399 1914 1434 μόνον

1120 1448 1230 1483 ἐξήρκει
1248 1446 1421 1482 στηλιτεῦσαι
1439 1445 1570 1481 βασιλέως
1582 1445 1750 1482 προαίρεσιν·
1764 1445 1794 1472 οὐ
1809 1445 1861 1480 γὰρ
1879 1445 1914 1470 τὰ

1120 1493 1190 1520 αὐτὰ
1214 1491 1354 1528 βασιλεῦσί
1363 1500 1393 1518 τε
1413 1491 1459 1518 καὶ
1479 1490 1597 1523 ίδιὼταις
1620 1491 1735 1526 πρέπειν
1756 1490 1914 1526 ὑπολαμϐά-

1120 1547 1210 1574 νομεν·
1225 1539 1266 1565 ὅτι
1282 1537 1349 1574 μηδὲ
1364 1539 1414 1573 τῆς
1424 1537 1509 1573 αὐτῆς
1521 1536 1598 1569 ἀξίας
1609 1537 1750 1573 ἀμφότερα
1760 1537 1824 1573 (19).
1834 1536 1915 1563 ’ίδιὼ-

1120 1591 1155 1620 τῃ
1169 1584 1218 1620 μὲν
1233 1584 1289 1620 γὰρ
1304 1584 1352 1611 καὶ
1369 1583 1502 1618 τεχνικῶς
1526 1583 1655 1619 πράττειν
1677 1592 1703 1609 τι
1721 1583 1913 1619 συγχωρήσαι⁸

1127 1640 1176 1667 μεν
1192 1631 1259 1667 (20)”
1273 1627 1295 1664 ᾧ
1312 1630 1366 1666 γὰρ
1380 1629 1411 1656 τὺ
1426 1629 1551 1665 φανερῶς
1569 1629 1710 1664 βιάζεσθαι
1738 1630 1775 1665 μὴ
1791 1629 1912 1661 δυνατὸν,

1123 1678 1210 1713 τούτῳ
1225 1676 1397 1712 συγγνωστὸν
1412 1676 1443 1702 τὸ
1458 1676 1508 1711 τῆς
1531 1675 1680 1711 περινοίας·
1696 1675 1801 1711 βασιλεί
1813 1675 1851 1707 δὲ,
1868 1674 1913 1701 τοῦ

1123 1723 1238 1759 δυνάμει
1254 1721 1416 1758 κρατεῖσθαι
1436 1721 1493 1757 (21)
1517 1720 1578 1747 λίαν
1597 1721 1709 1757 αἰσχροῦ
1725 1721 1912 1756 τυγχάνοντος,

1124 1770 1163 1796 ἔτ’
1179 1770 1295 1806 αἴσχιον,
1320 1766 1408 1804 οἶμαι,
1428 1768 1474 1794 καὶ
1493 1768 1698 1804 ἀπρεπέστερον
1714 1768 1745 1794 τὸ
1761 1767 1843 1804 τέχνῃ
1853 1767 1912 1794 κλέ-

1124 1825 1202 1843 πτειν
1217 1816 1266 1848 τὰς
1283 1815 1454 1851 ὲγχειρήσεις
1465 1814 1512 1840 καὶ
1527 1813 1561 1840 τὰ
1572 1813 1751 1849 προκείμενα.

284 1861 329 1889 ltic
360 1862 383 1889 si
402 1861 478 1890 vafre
509 1867 537 1890 et
557 1862 655 1889 callide
681 1863 782 1908 aliquid
804 1863 902 1897 faciat,
924 1864 1030 1891 veniam
1054 1864 1173 1900 aliquant
1208 1869 1338 1891 tueretur.
1365 1862 1524 1898 Imperatori
1541 1867 1653 1896 autent,
1674 1870 1734 1889 cum
1754 1862 1779 1889 vi
1806 1866 1834 1889 et
1865 1869 1913 1897 po-

283 1909 367 1936 tentia
385 1910 507 1943 superari
524 1909 669 1937 adtttoduttt
685 1915 762 1946 turpe
785 1910 839 1943 sit,
857 1916 913 1937 tuttt
930 1919 994 1939 vero
1029 1911 1153 1947 turpius,
1188 1917 1217 1938 ut
1250 1911 1357 1946 opinor,
1378 1914 1405 1937 et
1423 1908 1559 1944 indignius
1593 1913 1635 1936 est
1649 1929 1657 1942 ,
1673 1914 1787 1936 conatus
1807 1916 1869 1936 suos
1885 1912 1912 1934 et

285 1955 451 1991 propositum
472 1961 529 1983 arte
545 1957 693 1986 occultare.

319 2001 451 2030 LXXXII.
472 2002 594 2030 Alterum
619 2003 676 2037 jam
704 2003 892 2038 superioribus
919 2004 1067 2039 adjiciam;

283 2049 356 2083 qttod
373 2052 401 2075 ιιι
414 2048 534 2083 ejusdem
549 2048 632 2075 animi
650 2055 682 2075 ac
697 2049 827 2083 propositi
844 2054 897 2080 est,
915 2049 952 2076 ita
965 2050 1070 2083 magni-

285 2095 378 2122 tudine
394 2093 472 2128 louge
492 2094 621 2125 atrocius.
644 2095 783 2129 magisque
798 2095 922 2130 impium,
940 2096 1068 2122 nintirum

285 2140 358 2167 malo
375 2141 408 2167 ad
423 2140 515 2174 plures
530 2145 699 2174 permeante.
715 2139 898 2175 Imperatoriae
916 2141 1070 2176 largitionis

283 2186 342 2214 dies
355 2187 461 2218 aderat,
479 2186 536 2212 sive
550 2186 766 2217 anniversarius.
785 2186 842 2213 sive
861 2191 923 2213 tunc
936 2187 970 2214 ab
991 2187 1071 2222 118

285 2233 451 2267 imperatore
479 2239 528 2266 pro
552 2239 601 2258 sua
629 2231 808 2265 improbitate
832 2239 864 2259 ac
893 2234 1012 2259 versutia
1036 2241 1068 2259 ex

1158 2001 1222 2028 ﬂB’.
1236 2000 1350 2036 Ἕτερον
1362 1999 1391 2026 δὲ
1402 1999 1417 2026 δ
1430 1999 1551 2031 διανοίας
1567 1997 1615 2034 μέν
1631 1998 1705 2024 ἔστιν
1721 1997 1769 2025 καὶ
1786 1997 1914 2033 προαιρέ-

1124 2057 1192 2081 σεως
1211 2048 1260 2084 τῆς
1274 2048 1370 2082 αὐτῆς,
1384 2047 1423 2083 τῷ
1433 2048 1524 2083 μέτρῳ
1541 2047 1570 2073 δὲ
1586 2046 1653 2073 πολὺ
1669 2048 1759 2081 χεῖρον
1781 2047 1828 2072 καὶ
1854 2046 1916 2072 ἀσε-

1123 2095 1263 2130 ϐέστερον,
1282 2094 1322 2125 είς
1338 2093 1447 2124 πλείους
1462 2093 1518 2128 (2‘2)
1531 2091 1579 2118 τοῦ
1588 2091 1672 2118 κακοῦ
1692 2091 1846 2126 φθάνοντος,
1856 2091 1914 2118 τοῦ·

1123 2149 1153 2167 το
1168 2139 1316 2176 προσθήσω
1338 2140 1394 2170 τοῖς
1408 2138 1572 2174 εἰρημένοις.
1597 2138 1707 2173 Δωρεᾶς
1719 2137 1859 2172 βασιλικῆς
1881 2134 1914 2172 ἦν

1122 2187 1226 2223 ἡμέρα,
1243 2186 1293 2213 εἴτ’
1313 2183 1360 2212 οὖν
1376 2186 1494 2220 ὲτήσιος,
1509 2185 1564 2212 εἴτε
1581 2184 1733 2220 τηνικαῦτα
1747 2183 1786 2219 τῷ
1812 2183 1915 2219 βασιλεί

1124 2232 1315 2267 σχεδιασθεῐσα
1335 2230 1380 2257 διὰ
1400 2231 1451 2265 τὴν
1470 2229 1648 2266 κακουργίαν,
1673 2230 1720 2256 καὶ
1742 2231 1866 2264 παρεῖναι
1886 2230 1915 2256 τὸ

283 2284 406 2313 tempore
421 2278 456 2305 ita
479 2277 619 2304 institutus
635 2286 643 2304 :
660 2283 742 2312 atque
760 2278 857 2305 adesse
876 2278 1007 2306 militares
1027 2285 1068 2305 or-

1125 2277 1321 2314 στρατιωτικὸν
1337 2276 1391 2304 ἔδει
1404 2275 1653 2312 τιμηθησομένους,
1668 2276 1706 2306 ὡς
1715 2275 1830 2306 ἕκαστος
1838 2275 1916 2307 ἀξίας

282 2325 360 2351 diuos
379 2324 537 2358 oportebat,
556 2329 585 2350 ut
603 2331 652 2358 pro
670 2332 720 2351 suo
737 2325 852 2358 quisque
867 2324 950 2358 gradu
977 2329 1005 2351 et
1027 2325 1069 2351 di-

283 2370 387 2405 gnitate
404 2370 559 2397 donativum
574 2370 739 2405 acciperent.
756 2370 862 2398 Rursus
875 2369 1070 2398 illiberalitatis

282 2423 364 2443 scena
381 2424 388 2443 :
411 2423 505 2443 rursus
520 2416 668 2450 impietatis
688 2416 790 2443 fabula.
814 2416 920 2443 Etenim
939 2417 1064 2451 benigni-

284 2466 341 2489 tate
357 2460 473 2496 quadam
485 2461 672 2489 crudelitatem
688 2462 800 2490 condire
814 2462 917 2495 studet,
931 2461 1066 2490 militum-

317 2564 373 2601 (I‘Z)
393 2563 619 2601 Ἐῤῥμμένῳνῆ
629 2563 880 2601 κζειτομένωνςᾸιιι
896 2563 987 2598 plures
1002 2564 1068 2601 Reg.

281 2599 338 2628 tres
350 2601 427 2626 (Jolb.
453 2599 528 2627 Pass.
543 2599 628 2626 Coisl.
653 2600 680 2627 2.
700 2599 727 2626 ltt
746 2599 839 2634 paucis
860 2607 923 2626 vero
941 2604 968 2627 et
990 2600 1070 2626 editis

281 2637 354 2663 deest
360 2655 367 2665 ,
380 2635 397 2670 ἢ
415 2634 604 2669 κτεινομένων.

318 2671 374 2705 (15)
393 2671 504 2697 Μόνον.
521 2671 546 2696 Ιιι
561 2670 721 2705 quibusdattt
738 2670 823 2697 deest.

283 2740 298 2767 0
319 2704 374 2740 (14)
401 2704 577 2739 Προὺτιθειξ
599 2706 627 2732 1ιι
655 2707 702 2732 Ur.
731 2705 742 2732 1
776 2705 827 2732 fuit
860 2704 945 2737 olim,
976 2704 1071 2740 προτί-

301 2749 355 2767 τὶσι.

301 2749 355 2767 τὶσι.

311 2763 374 2810 Ἡέῑ)
391 2775 491 2802 Κακοῦ
502 2775 535 2810 γέ
543 2784 597 2802 του
614 2783 742 2808 παντως.
754 2775 799 2802 Sic
815 2783 880 2802 mss.
901 2775 928 2802 ltt
941 2780 991 2802 ora'
1005 2774 1072 2808 Reg.

286 2810 313 2841 It,
326 2809 373 2836 τοῦ
383 2811 445 2837 ἀντὶ
463 2809 546 2842 τινός.
562 2811 621 2837 Ald.
638 2817 665 2838 et
682 2811 762 2837 llerv.
782 2811 898 2842 πάντας.

323 2845 379 2879 (16)
395 2846 497 2879 Δίκην.
519 2846 644 2879 Plerique
660 2846 776 2875 codices.
792 2846 879 2877 δίκας.

321 2880 376 2913 (17)
392 2880 674 2914 Παρςινρμήσαντες.
707 2881 772 2916 “eg.
793 2882 811 2915 l,
827 2881 996 2916 ὑϐρίσαντες,
1011 2889 1020 2906 ι
1035 2879 1075 2906 itt-

286 2915 354 2944 iuria
368 2916 524 2943 allietetncs.
541 2928 548 2940 ι

1124 2321 1196 2359 εἶχεν
1222 2323 1239 2358 ἢ
1269 2322 1382 2355 τάξεως.
1401 2323 1487 2350 Πάλιν
1501 2324 1518 2357 ἡ
1536 2322 1585 2357 τῆς
1610 2321 1798 2357 ἀνελευθερίας
1817 2322 1913 2357 σκηνή-

1125 2370 1206 2396 πάλιν
1220 2369 1250 2396 τὺ
1265 2369 1358 2405 δρᾶμα
1377 2370 1426 2403 τῆς
1443 2369 1580 2400 ἀσεϐείας·
1604 2368 1800 2404 φαρμαχθῆναι
1822 2367 1917 2402 φιλαν-

1125 2415 1233 2451 θρωπίᾳ
1248 2415 1301 2441 τινὶ
1313 2414 1343 2441 τὸ
1357 2414 1551 2449 ἀπάνθρωπον,
1567 2413 1614 2440 καὶ
1630 2414 1751 2448 χρήμασι
1769 2411 1915 2446 δελεασθῆ-

1124 2471 1168 2489 ναι
1187 2461 1386 2498 στρατιωτικὴν
1399 2461 1512 2495 ἀλογίαν
1527 2461 1576 2487 σὺν
1591 2459 1745 2494 ἀπληστίᾳ,
1759 2459 1818 2494 μεθ’
1830 2454 1866 2484 ὧν
1884 2457 1916 2484 τὰ

1159 2562 1215 2596 (181
1244 2562 1299 2590 Τοῦ
1321 2562 1476 2599 εὐσεϐοῦς.
1502 2560 1530 2599 lu
1555 2559 1601 2599 0r.
1618 2560 1645 2599 l_.
1663 2559 1795 2599 admarg.
1813 2557 1915 2592 δόγμα-

1123 2607 1178 2626 τος.
1195 2598 1289 2627 Contb.
1305 2607 1314 2623 ι
1333 2605 1380 2631 pro
1393 2598 1444 2623 Iide
1455 2604 1485 2623 ac
1501 2595 1608 2629 pietatis
1619 2595 1751 2622 doctritta.
1771 2603 1781 2619 ›

1161 2633 1216 2667 U9)
1236 2633 1407 2667 Ἀμφότερα-
1425 2632 1488 2658 δίινι
1506 2631 1665 2668 ᾁνμφόῖερφι-

1161 2662 1217 2702 (10)
1235 2662 1498 2703 ΣὺγῖχωρῖιῙο-αιμεν.
1513 2662 1578 2701 Heg.
1591 2662 1621 2698 b;
1636 2665 1654 2697 l,
1667 2664 1767 2691 aliiaue
1780 2662 1913 2695 nonnulli,

1126 2704 1350 2740 συγχωρήσομεν·
1364 2739 1368 2740 ν
1463 2737 1479 2740 ,
1699 2736 1705 2740 .
1791 2734 1796 2740 .

1158 2734 1413 2773 (ΞΗΚραέἐῖσθαι.
1432 2746 1442 2762 ι
1462 2737 1610 2771 Superare;
1625 2744 1634 2761 t
1653 2736 1740 2763 active
1759 2734 1874 2762 scilicet.
1885 2737 1915 2760 ut

1123 2774 1212 2805 Elius;
1232 2782 1241 2798 ι
1262 2774 1313 2810 sibi
1331 2774 1474 2810 subjicere,
1489 2772 1651 2810 opprimere.
1672 2779 1684 2810 t_
1733 2805 1749 2810 _
1784 2805 1811 2810 Η
1876 2803 1882 2810 _

1159 2804 1216 2842 (ιε)
1239 2804 1387 2841 Ιιλείουςξ
1409 2807 1474 2841 Reg.
1501 2804 1557 2839 but,
1588 2804 1714 2842 πολλοὺς.
1733 2805 1770 2842 De
1784 2804 1916 2842 bijtnria,

1124 2839 1266 2872 tutam-bit:
1293 2839 1435 2870 adumbrat
1450 2839 1623 2875 VGregorins,
1648 2841 1777 2872 legendus
1805 2839 1912 2866 Tlteod.

1125 2878 1197 2905 lliu.
1215 2879 1260 2906 lib.
1275 2887 1316 2912 tu,
1330 2886 1386 2914 cap.
1421 2877 1454 2905 l5
1480 2883 1507 2905 ct
1522 2876 1572 2910 l6;
1588 2881 1614 2904 et
1628 2875 1735 2904 Sozottt.
1750 2875 1798 2902 lib.
1813 2883 1840 2909 v,
1851 2881 1913 2909 cap.
