2071 3133
183 145 237 173 615

671 143 799 171 ORATIO
815 144 864 172 εν.
885 160 921 164 -
940 143 1076 171 CONTRA
1097 143 1270 172 JULIANUM
1291 144 1312 171 l.

1749 148 1800 176 ϐυ

176 201 243 230 ιὶιιοε
256 199 406 228 interﬁcere
419 199 548 233 noluisse,
567 208 602 228 ne
625 207 759 237 martyres
774 201 957 234 ellicerentur,
979 202 1034 236 qui,
1061 207 1189 236 quantum
1224 203 1250 230 in
1271 203 1335 238 ipsis
1362 207 1431 235 erat,
1449 209 1582 239 martyres
1598 209 1687 237 erant,
1705 207 1802 234 exsilio

184 251 273 273 tamen
290 245 433 273 mulctasse
452 252 484 273 ac
501 253 578 280 ptena
591 253 622 273 ea
638 246 781 274 vindictam
800 247 957 280 sumpsisse,
977 248 1148 282 maximoque
1178 255 1225 275 eos
1257 248 1387 276 beneﬁcio
1409 248 1544 282 all‘ecisse,
1569 258 1636 285 quos
1651 258 1665 277 a
1682 252 1801 286 piaculis

183 293 240 320 suis
253 291 421 326 versutisque
434 292 554 319 consiliis
574 292 668 326 procul
685 293 852 320 removisset.

218 337 281 364 l'lE'.
297 336 406 372 Καίπερ
417 336 449 371 δὴ
464 336 519 372 (48)
531 335 616 368 οὕτως
629 336 699 371 ἔχων
714 337 811 373 ορμῆς,
835 337 883 364 καὶ
904 336 963 372 προς

1058 333 1188 360 LXXXV.
1211 333 1264 361 Sed
1280 342 1433 370 quanquam
1451 343 1482 362 ea
1495 343 1582 364 "tellit:
1598 342 1678 370 esset,
1697 338 1802 373 hacque

182 383 269 410 πολλὰ
288 384 320 418 τῇ
344 383 472 418 κακονοίᾳ
491 383 671 418 χρησάμενος·
696 383 780 418 ὅμως,
798 383 828 409 οὺ
840 383 893 418 γὰρ
911 381 966 418 εἶχε

181 428 264 463 πῆξιν
280 427 327 454 τοῦ
341 427 436 463 ἀνδρὸς
459 428 476 462 ἡ
495 428 607 460 διάνοια,
623 427 683 454 οὐδὲ
703 428 758 454 τῶν
775 428 881 454 οἰκείων
897 427 967 462 λογι-

183 473 259 509 σμῶν
272 473 369 508 μᾶλλον
381 471 415 508 ἦν
432 473 447 508 ἢ
466 473 516 508 τῆς
531 474 616 508 φορᾶς
634 473 680 500 τοῦ
704 474 839 509 δαίμονος,
870 474 900 500 οὺ
924 473 965 500 δι-

178 519 370 554 εφύλαξενῐείς
382 519 456 551 τέλος
471 519 520 554 τὴν
530 519 651 554 γνώμην,
667 519 726 545 οὑδὲ
736 519 819 555 τὸτῆς
834 520 965 556 πονηρίας

179 566 336 601 ἀπόρρητον
354 564 509 592 διεσώσατο’
532 564 587 591 ἀλλ’
607 564 700 600 ὥσπερ
721 565 751 591 τὸ
765 566 888 592 Αἰτναῖον
909 565 964 601 πῦρ

182 611 260 644 λόγος
279 611 336 642 τοῖς
358 609 476 645 πυθμέσι
498 609 548 645 τῆς
565 610 663 645 Αἴτνης
680 610 735 645 (49)
752 610 963 645 ὲγκρύπτεσθαι,

183 656 304 683 κάτωθεν
330 655 510 690 πλημμυροῦν
525 656 570 682 καὶ
592 655 637 691 βίᾳ
650 655 844 690 κρατούμενον,
860 655 914 681 εἴτε
937 664 964 681 τι

180 703 245 730 ἄλλο
262 702 339 729 τοῦτό
352 703 435 734 ἐστιν,
451 703 504 729 εἴτε
523 700 616 738 ἆσθμα
630 702 810 737 κολαζομένου
825 702 962 736 γίγαντος,

180 749 250 780 τέως
267 750 316 784 μὲν
341 748 454 784 φοϐερὸν
472 748 596 783 ὑπηχεῖν,
621 749 667 775 καὶ
688 747 788 774 καπνὸν
805 747 852 773 τοῦ
877 747 963 773 κακοῦ

178 795 294 829 μήνυμα
306 793 354 828 τῆς
369 793 490 828 κορυφῆς
505 792 716 829 ἁπερεὺγεσθαι·
728 793 752 819 εἰ
769 792 798 818 δέ
811 801 862 818 που
882 791 962 818 πλεο-

179 839 266 866 νάσαν
286 839 361 874 τύχοι
378 839 424 866 καὶ
445 838 626 865 δυσκάθεκτον
644 838 757 873 γένοιτο,
777 838 831 864 τῶν
857 837 962 864 οἰκείων

180 884 287 910 κόλπων
306 884 486 919 ἀποϐρασθὲν,
501 883 556 910 ἄνω
580 883 727 918 φερόμενον
743 884 791 910 καὶ
815 883 884 918 ὑπὲρ
899 883 962 915 τοὺς

180 929 318 964 κρατῆρας
327 928 465 964 χεόμενον,
481 927 554 954 ἐστιν
567 928 584 954 ἃ.
597 928 643 954 καὶ
658 928 706 963 τῆς
722 928 902 963 ὑποκειμένης
910 927 961 963 γῆς

180 973 299 1010 φθείρειν
306 973 411 1009 ἀπίστῳ
425 973 479 1009 (50)
489 973 535 1000 καὶ
550 973 657 1009 φοϐερῷ
675 973 799 1008 ῥεύματι·
819 973 888 1000 οὕτω
904 974 961 999 κά·-

1019 379 1100 406 animi
1122 379 1286 413 malignitate
1310 387 1342 406 ac
1368 380 1473 407 valritie
1501 382 1534 408 ad
1559 383 1640 409 multa
1665 389 1800 418 uteretur,

1019 429 1120 455 tamen,
1136 425 1224 458 utqui
1247 424 1347 451 nullam
1363 426 1616 454 animidirmitalem
1633 433 1659 455 et
1675 434 1801 457 constan—

1024 470 1085 496 tiam
1102 470 1225 502 haberet,
1237 477 1287 498 nec
1300 477 1352 497 tam
1363 471 1538 505 cogitationes
1550 480 1581 499 ac
1598 474 1715 500 rationes
1726 482 1799 507 suas,

1017 524 1098 550 quam
1113 516 1243 544 daemonis
1258 517 1386 552 impetum
1400 525 1568 552 sequeretur,
1586 527 1753 554 nequaquam
1767 522 1800 548 ad

1017 569 1167 591 extremum
1182 571 1266 599 usque
1283 565 1308 591 in
1322 565 1483 592 sententiam
1503 567 1618 599 mansit,
1648 576 1696 594 nec
1710 569 1801 603 pravi-

1018 609 1081 636 tatis
1094 617 1220 636 arcanum
1238 610 1357 637 retinuit.
1375 611 1486 644 Verum,
1501 613 1726 645 quemadmodum
1738 614 1800 641 ΛΕι-

1017 663 1104 682 naeum
1131 656 1218 691 ignem
1237 661 1349 684 narrant
1361 656 1449 684 Eluas
1463 658 1600 686 radicibus
1612 659 1751 693 abscondi,
1765 660 1798 686 ab

1017 701 1069 729 ima
1085 707 1160 736 parte
1175 703 1365 735 exnmlanlem,
1382 711 1414 730 ac
1437 704 1462 730 vi
1478 709 1612 731 retentum
1628 710 1709 740 atque
1723 713 1798 732 com-

1016 753 1151 780 pressum,
1167 747 1223 773 sive
1239 746 1290 773 hoc
1304 747 1375 774 aliud
1390 747 1524 782 quidpiam
1539 754 1592 780 est,
1613 750 1670 776 sive
1682 750 1797 785 gigantis

1015 799 1108 826 pcenas
1130 792 1218 819 dantis
1235 793 1380 825 anhelitus,
1407 794 1481 828 prius
1498 794 1606 829 quidem
1632 796 1795 824 horrendum

1015 837 1157 872 quemdam
1172 845 1267 865 sonum
1283 839 1373 872 edere,
1390 839 1555 874 fumumque.
1571 842 1714 876 propinqui
1732 843 1794 869 mali

1015 882 1141 914 indicem,
1155 883 1253 910 vertice
1266 891 1314 910 suo
1329 891 1454 911 evomere
1468 893 1474 910 :
1488 885 1558 919 quod
1572 886 1594 912 si
1608 886 1796 921 fortcamplior

1013 931 1040 954 et
1056 927 1247 954 exnberantior
1262 927 1353 960 fuerit,
1375 929 1556 964 rapidiorque,
1581 939 1662 966 qualn
1677 937 1705 958 ut
1717 927 1795 960 coer-

1014 973 1068 1000 ceri
1084 978 1177 1007 queat,
1201 977 1256 1000 tum
1278 981 1342 1002 vero
1359 974 1463 1002 sinibus
1488 976 1544 1004 suis
1559 982 1626 1004 aestu
1645 978 1794 1006 vehementi

179 1021 269 1046 κεῖνον
283 1019 356 1046 ἔστιν
369 1019 470 1055 εὑρεῖν,
481 1019 544 1054 ἄχρι
560 1019 609 1054 μέν
622 1028 693 1050 τινος
707 1019 803 1048 ἑαυτοῦ
819 1019 874 1055 (51)
895 1028 962 1055 κρα-

1012 1024 1161 1050 extrusum.
1171 1027 1331 1054 sursumque
1343 1022 1504 1053 tendentem.
1522 1030 1553 1049 ac
1567 1030 1646 1057 supra
1661 1024 1790 1051 foramina

177 1063 278 1091 τοῦντα
288 1064 335 1094 καὶ
349 1064 396 1091 τοῦ
411 1063 566 1099 σοφιστικοῦ
578 1063 721 1099 δόγματος,
731 1064 822 1099 ἀπάτῃ
839 1072 868 1090 τε
879 1064 964 1090 διατι-

180 1109 261 1136 Θέντα
274 1109 330 1145 (52)
347 1108 439 1140 κακῶς
454 1108 489 1135 τὰ
507 1108 638 1144 ἡμέτερα·
653 1109 677 1134 εί
691 1108 720 1134 δέ
736 1117 787 1134 που
802 1109 832 1135 τδ
845 1108 964 1144 ἀκρατὲς

179 1155 228 1190 τῆς
239 1155 323 1190 ὀργῆς
344 1153 530 1190 ὑπερδλύσειε,
547 1153 613 1189 μηδὲ
631 1153 760 1189 κρῦπτειν
783 1153 912 1180 δῦνασθαι
933 1153 964 1180 τὺ

180 1199 324 1234 κακόηθες,
338 1199 405 1226 ἀλλὰ
420 1199 515 1234 γυμνῷ
528 1198 644 1235 χρῆσθαι
658 1198 697 1234 τῷ
712 1198 824 1234 διωγμῷ
835 1198 904 1226 κατὰ
915 1198 962 1225 τοῦ

179 1245 252 1272 θείου
267 1245 314 1272 καὶ
324 1245 450 1277 εὐσεϐοῦς
461 1246 540 1281 ἡμῶν
552 1246 749 1280 συντάγματος.

1012 1071 1059 1092 sua
1075 1072 1134 1092 sese
1149 1064 1340 1099 eﬂ‘nndentem,
1359 1066 1514 1100 adjacentes
1528 1075 1636 1102 quoque
1650 1069 1792 1095 nonmillas

1013 1113 1091 1135 term
1106 1113 1196 1144 partes
1214 1109 1363 1137 incredibili
1383 1110 1428 1137 illo
1445 1115 1471 1138 et
1496 1111 1617 1138 horribili
1645 1111 1715 1139 ﬂuxu
1732 1122 1794 1147 per-

1012 1158 1117 1181 vastare
1131 1162 1138 1181 :
1154 1154 1247 1181 eodem
1268 1162 1376 1190 quoque
1393 1156 1472 1183 modo
1488 1156 1561 1184 illum
1578 1158 1698 1191 reperire
1720 1159 1792 1188 licet.

1011 1200 1204 1235 aliquantisper
1217 1201 1324 1235 quidem
1339 1206 1366 1228 et
1381 1203 1509 1236 seipsum,
1525 1203 1700 1236 sophisticum
1713 1212 1791 1231 suum

1010 1244 1147 1272 decretum
1166 1245 1192 1272 in
1209 1250 1342 1280 potestate
1369 1251 1515 1280 tenentem,
1542 1255 1574 1275 ac
1602 1248 1792 1282 perci'raudem

181 1298 225 1318 res
250 1296 359 1319 nostras
385 1291 560 1319 incommodis
585 1292 743 1318 aﬂicientem
758 1300 765 1319 :
781 1295 918 1323 ctcterum,
949 1290 972 1318 si
991 1291 1098 1326 quando
1111 1292 1158 1319 ira:
1173 1292 1329 1326 impotentia
1349 1293 1540 1321 redundantior
1566 1299 1649 1326 esset,
1661 1299 1715 1321 tum
1732 1303 1795 1322 vero

180 1346 216 1366 ne
241 1339 324 1366 animi
357 1339 464 1376 quidem
495 1340 699 1374 perversitatem
734 1346 856 1374 premere
883 1347 915 1366 ac
938 1339 1108 1367 dissimulare
1131 1347 1229 1375 posse,
1250 1347 1342 1367 verum
1365 1340 1494 1368 adversus
1522 1341 1594 1376 pium
1617 1341 1794 1376 divinumque

180 1390 301 1413 nostrum
314 1393 412 1421 agmen
433 1386 503 1413 nuda
522 1390 548 1413 et
569 1390 660 1420 aperta
679 1385 865 1421 persecutione
881 1385 1012 1420 grassari.

215 1432 286 1466 Πςο.
301 1433 358 1460 Ἵνα
383 1433 438 1469 γὰρ
464 1433 536 1460 ἐάσω
550 1433 585 1460 τὰ
611 1433 681 1460 κατὰ
701 1433 754 1459 τῶν
769 1432 854 1468 ἁγίων
880 1433 962 1460 οἴκων

179 1478 388 1514 προστάγματα,
417 1478 534 1514 δημοσίᾳ
561 1487 592 1504 τε
616 1478 798 1514 προτιθέμενα
827 1478 873 1505 καὶ
908 1478 961 1513 ἰδίᾳ

180 1524 365 1560 πληρούμενα,
376 1524 423 1551 καὶ
437 1524 547 1560 σύλησιν
564 1516 745 1559 ἀναθημάτων
756 1533 785 1550 τε
796 1524 843 1551 καὶ
854 1523 961 1559 χρημά-

177 1578 244 1602 των,
257 1570 287 1597 οὑ
309 1569 407 1605 μᾶλλον
431 1570 461 1602 ἐξ
485 1569 709 1605 ἀσεϐείας(55)ἢ
731 1570 891 1604 ἀπληστίας,
913 1570 961 1596 καὶ

180 1615 283 1642 σκευῶν
295 1616 374 1651 ἱερῶν
389 1615 525 1651 ἁρπαγὴν,
540 1617 617 1652 χερσὶ
631 1615 753 1651 βεϐήλοις
764 1615 957 1652 ὑϐριζομένων,

179 1660 241 1692 τούς
251 1669 281 1687 τε
298 1660 367 1696 ὑπὲρ
390 1660 491 1687 τούτων
514 1661 663 1696 ἀγομένους
683 1661 737 1696 (54)
751 1661 797 1687 καὶ
816 1660 959 1696 στρεϐλου-
973 1653 996 1684 C

179 1700 286 1742 μένους,
305 1706 386 1742 ἱερεῖς
398 1714 429 1732 τε
450 1705 498 1733 καὶ
509 1706 684 1742 ἀρχομένους,
698 1706 744 1733 καὶ
769 1706 832 1737 τοὺς
847 1706 960 1742 πλήρεις

179 1752 302 1787 αἱμάτων
317 1752 408 1784 κίονας
418 1752 477 1784 ταῖς
491 1751 592 1778 τούτων
605 1752 682 1788 χερσὶ
693 1751 908 1788 κυκλουμένους
914 1752 960 1778 καὶ

180 1799 376 1834 ζωννυμένους,
392 1799 556 1835 ξαινομένων
574 1799 633 1829 ταῖς
648 1797 766 1833 μάστιξι,
779 1797 842 1829 τούς
856 1806 886 1824 τε
902 1797 960 1824 δια-

180 1843 290 1875 θέοντας
309 1843 419 1876 τοξότας
447 1843 517 1871 κατὰ
547 1843 638 1874 πόλεις
667 1843 714 1869 καὶ
740 1842 831 1878 χώρας
857 1842 961 1878 ὠμοτέ-

181 1899 242 1926 ρους
251 1890 318 1924 (55),
328 1891 374 1917 καὶ
382 1890 561 1926 θερμοτέρους
567 1889 614 1915 τοῦ
623 1888 707 1915 ταῦτα
717 1889 916 1921 ἐπιτάττοντος,
923 1889 961 1920 ὼς

179 1935 212 1962 ἂν
225 1936 284 1962 ἀντὶ
296 1935 408 1971 Περσῶν
421 1936 468 1962 καὶ
478 1934 587 1962 Σκυθῶν
598 1934 645 1961 καὶ
655 1934 709 1960 τῶν
719 1934 804 1961 ἄλλων
815 1934 960 1970 βαρϐάρων

179 1983 417 2017 παραστήσωνται·
440 1982 484 2009 ἵνα
509 1981 546 2017 μὴ
563 1981 649 2008 ταῦτα
672 1981 754 2014 λέγω,
774 1980 817 2012 τίς
837 1980 887 2006 οὐκ
906 1976 960 2006 οἶδε

177 2028 228 2064 τὴν
256 2029 448 2065 Ἀλεξανδρέων
477 2028 689 2064 ἀπανθρωπίαν;
709 2027 733 2054 οῖ
762 2027 831 2062 πρὸς
853 2026 960 2058 πολλοῖς

178 2074 279 2106 ἄλλοις,
294 2072 335 2106 οἷς
363 2074 564 2102 ὲνεανιεὺσαντο
578 2074 632 2108 (56)
653 2073 712 2100 καθ’
736 2073 819 2108 ἡμῶν,
834 2073 960 2108 ἀμέτρως

177 2121 218 2157 τῷ
233 2121 320 2157 καιρῷ
333 2121 509 2157 χρησάμενοι,
524 2121 608 2156 δῆμος
623 2120 699 2152 ὄντες
714 2119 863 2154 στασιώδης
880 2118 959 2154 φύσει

180 2166 227 2192 καὶ
235 2165 359 2201 μανικὸς,
374 2165 413 2192 ἐτι
429 2165 566 2193 καὶτοῦτο
586 2165 709 2198 λέγονται
728 2164 886 2200 προσθεῖναι
902 2163 958 2198 (57)

178 2212 235 2242 τοῖς
257 2210 436 2245 ἀσεϐήμασιν,
466 2209 581 2245 αἵματος
603 2208 696 2235 διπλοῦ
715 2208 769 2235 τὸν*
790 2209 861 2244 ἱερὸν
884 2205 958 2235 οἷκον

1048 1432 1191 1460 LXXXVI.
1214 1432 1249 1461 Ut
1264 1433 1335 1461 enim
1364 1434 1451 1461 edicta
1480 1442 1511 1462 ea
1531 1439 1686 1469 prteteream
1702 1456 1709 1468 ,
1736 1444 1796 1471 quae

1012 1480 1140 1506 adversus
1156 1480 1227 1506 aedes
1243 1486 1344 1511 sacras,
1367 1484 1423 1506 tum
1438 1480 1545 1515 publice
1562 1481 1793 1515 proponebantur,

1013 1529 1067 1551 tum
1090 1525 1213 1559 privatim
1239 1525 1427 1559 explebantur.
1446 1531 1474 1552 et
1493 1526 1646 1553 votivorum
1663 1527 1794 1554 donorum

1010 1578 1042 1597 ac
1055 1570 1227 1605 pecuniarum
1245 1571 1434 1606 expilationem
1449 1591 1457 1604 ,
1478 1580 1532 1599 non
1548 1573 1633 1608 magis
1648 1573 1682 1600 ab
1700 1574 1791 1609 impie-

1009 1620 1064 1643 tate
1089 1624 1168 1651 quam
1197 1617 1230 1644 ab
1254 1617 1367 1644 avaritia
1400 1623 1573 1650 manantem,
1603 1624 1630 1646 et
1655 1627 1793 1648 sacrorum

1013 1661 1090 1696 121
1106 1669 1242 1694 vasorum,
1266 1669 1325 1696 quae
1349 1662 1469 1697 profanis
1495 1663 1619 1691 manibus
1643 1666 1795 1699 petulanter

1011 1712 1039 1735 et
1051 1707 1246 1735 contumeliose
1265 1708 1464 1739 tractabantur,
1487 1709 1678 1743 direptionem,
1705 1718 1794 1738 sacer-

1012 1753 1088 1780 dotes
1101 1753 1181 1779 etiam
1193 1753 1394 1788 subjectamque
1408 1753 1524 1787 plebem,
1537 1754 1581 1788 qui
1597 1762 1645 1788 pro
1661 1755 1701 1782 his
1714 1756 1794 1784 rebus

1012 1799 1249 1831 abstrahehautur,
1273 1798 1500 1833 acerbissimeque
1523 1800 1731 1833 torquebantur,
1746 1809 1794 1828 co-

1011 1843 1117 1872 lumnas
1140 1851 1247 1878 quoque
1275 1844 1382 1871 cruoris
1407 1844 1516 1877 plenas,
1542 1845 1638 1872 horum
1667 1847 1794 1874 manibus

1012 1895 1094 1924 atque
1117 1889 1277 1924 complexu.
1303 1890 1366 1916 dum
1395 1890 1477 1924 virgis
1505 1890 1721 1924 conciderentur,
1746 1901 1794 1927 per

1011 1936 1103 1963 orbem
1130 1935 1243 1967 cinctas,
1272 1935 1386 1969 denique
1408 1936 1563 1970 Sagittarios
1591 1944 1639 1972 per
1665 1939 1746 1965 urbes
1766 1944 1794 1966 et

1011 1980 1133 2016 regiones
1149 1981 1340 2011 discurrentes.
1358 1985 1438 2014 atque
1461 1980 1519 2014 ipso
1539 1982 1642 2014 etiam,
1669 1984 1713 2017 qui
1736 1983 1792 2010 hmc

1011 2027 1171 2062 imperabat,
1187 2027 1305 2054 acriores
1323 2032 1351 2053 et
1373 2027 1549 2060 crudeliores,
1569 2035 1623 2061 quo
1645 2035 1694 2055 nos
1716 2029 1789 2055 vide-

1010 2072 1073 2100 licet
1095 2080 1143 2107 pro
1169 2072 1259 2100 Persis
1286 2077 1313 2099 et
1336 2072 1444 2107 Scythis
1472 2073 1586 2107 aliisque
1617 2073 1739 2101 barbaris
1763 2075 1789 2100 in

1009 2118 1136 2146 ditionem
1152 2125 1228 2145 suam
1243 2122 1323 2151 atque
1335 2118 1475 2152 imperium
1494 2119 1664 2154 redigerent;
1682 2124 1711 2146 ut
1722 2120 1788 2151 hrec,

1009 2164 1131 2199 inquam,
1141 2164 1230 2191 omnia
1243 2164 1457 2198 pratermittam,
1471 2165 1545 2192 eccui
1562 2165 1668 2192 tandem
1679 2166 1791 2193 Alexau~

1010 2211 1146 2238 drinorum
1172 2210 1317 2237 credulitas
1341 2210 1430 2244 ignota
1454 2211 1512 2238 est?
1532 2211 1577 2245 qui
1597 2215 1693 2245 prteter
1706 2212 1789 2238 multa

178 2256 258 2292 ἡμῶν
267 2256 414 2292 ἐμπλῆσαι,
432 2255 494 2287 ὂσος
509 2264 539 2282 τε
549 2255 648 2281 θυσιῶν
658 2254 705 2281 καὶ
719 2255 780 2286 ὃσος
796 2254 958 2291 ἀνθρώπων·

1012 2255 1076 2286 alia,
1088 2262 1148 2289 qua:
1159 2255 1287 2283 adversus
1303 2262 1351 2282 nos
1365 2255 1550 2288 designarunt,
1567 2256 1694 2291 temporis
1708 2255 1791 2284 licen-

215 2353 270 2389 (48)
284 2353 395 2387 Καίπερ
417 2352 465 2389 δή,
481 2352 555 2389 Pass.
574 2352 724 2389 Karlrrepﬁ’.

215 2385 270 2423 (49)
285 2389 351 2421 Τοῖς
363 2385 491 2423 τὲυθμέσι
504 2387 560 2421 τῆς
583 2385 702 2420 Αιτννής.
722 2395 732 2412 ι
751 2386 839 2414 Eluas
861 2385 959 2413 radici-

180 2422 241 2451 bus.
262 2422 276 2449 ⁷»
295 2423 369 2458 Virg.
387 2422 498 2458 .{EncizL
513 2429 560 2448 Ili:

215 2458 300 2485 Fama
311 2456 360 2489 est.
382 2457 665 2484 Enceladisemiuuum
679 2456 785 2488 fulmine
802 2463 895 2488 corpus

217 2492 308 2528 Urgeri
322 2492 387 2518 male
398 2492 461 2528 hac,
474 2492 651 2528 ingentemque
665 2491 769 2528 insuper
782 2490 892 2528 diluam

217 2526 381 2561 Impositum,
392 2527 473 2558 ruptis
488 2526 622 2561 flammam
636 2526 767 2559 exspirare
783 2526 904 2561 caminis.

179 2560 290 2589 Ovidius
304 2569 377 2594 vero,
400 2561 447 2588 lib.
471 2568 487 2587 v
501 2560 674 2594 Metamorph.
705 2568 757 2587 non
784 2560 957 2592 Enceladum,

180 2598 230 2632 sed,
240 2596 390 2632 Typhwum
405 2597 475 2623 hunc:
488 2601 566 2622 vocat
578 2595 722 2630 gigantem.

215 2630 342 2665 Deq'r'aval
355 2630 438 2658 {Etna
455 2635 542 2664 caput,
555 2631 602 2656 sub
615 2638 665 2664 qua
681 2630 816 2665 resupinus
830 2637 921 2655 arenas

219 2663 329 2700 Ejéctat,
343 2667 526 2700 ﬂammamque
542 2665 597 2699 {ero
613 2663 690 2691 uomit
703 2672 746 2700 ore
765 2663 903 2700 Typhoeus.

181 2698 242 2727 nee
259 2698 419 2735 interposuit
435 2698 590 2735 Gregorius,
602 2700 687 2733 inquit
702 2698 785 2727 Elias.
800 2703 829 2726 ut
848 2698 957 2725 Graeco-

181 2742 239 2761 rum
256 2734 344 2761 futiles
359 2742 442 2769 nugas
457 2734 571 2768 sugillet.

215 2770 270 2805 (50)
288 2767 426 2802 Ἀπίστῴ.
443 2777 452 2794 i
463 2768 651 2805 rlnlidolrrOr.
666 2768 692 2799 l,
709 2767 735 2795 in
750 2775 797 2795 ora
812 2776 857 2802 γρ.
871 2767 955 2794 ἀπλέ-

179 2802 306 2840 τῳ,‹ιι]ος1
323 2809 431 2840 secutus
444 2804 549 2840 videtur
560 2802 658 2840 Dillius.

215 2839 270 2873 (51)
293 2838 427 2869 Ἑαυτοῦ,
442 2843 496 2867 etc.
509 2837 610 2871 rComb.
629 2838 667 2865 sic
682 2837 768 2866 reddit
783 2846 789 2864 :
805 2846 814 2864 ι
831 2837 870 2865 sui
881 2845 954 2865 com<

1008 2355 1097 2386 potem
1116 2359 1148 2378 ac
1164 2352 1263 2378 decreti
1277 2351 1416 2386 sophistici
1430 2357 1561 2380 tenacem.
1579 2362 1588 2379 ι

1008 2385 1015 2386 ί
1043 2386 1099 2447 (52)
1124 2385 1315 2413 Διατιθέυντιιῇ
1330 2386 1374 2413 Sic
1399 2388 1518 2421 quinque
1543 2387 1627 2423 ltegii,
1644 2387 1696 2428 _0r.
1720 2389 1747 2420 1,
1762 2394 1790 2416 et

1006 2420 1045 2448 Co
1057 2423 1082 2447 ι).
1103 2421 1130 2451 8,
1155 2421 1321 2447 διατεθέντα.
1340 2421 1408 2447 Edit.
1429 2421 1586 2450 διατιθέναι.
1603 2422 1728 2451 Heinsius
1748 2425 1788 2451 sic

1006 2440 1080 2490 Elui,
1090 2440 1329 2491 ὰᾨὰτξιᾶρὼμεῖδῖι
1340 2440 1496 2482 διατιθέναιί

1053 2491 1098 2526 55)
1121 2490 1282 2526 ’ᾼσεϐείας.
1298 2491 1353 2517 Duo
1370 2491 1434 2526 Reg.
1452 2492 1589 2524 ἀπιστίας.

1053 2525 1098 2558 54)
1128 2525 1315 2559 Ἀγομένους.
1345 2525 1439 2552 Comb.
1476 2535 1486 2551 ι
1507 2527 1551 2560 qui
1568 2527 1733 2553 ducebantur
1759 2532 1786 2554 ct

1008 2559 1221 2596 torquebantur;
1235 2560 1301 2586 diris
1320 2561 1406 2588 modis
1427 2559 1524 2588 habitis
1541 2561 1641 2589 idcirco
1659 2562 1729 2596 quod
1745 2563 1787 2588 his

1007 2595 1088 2621 rebus
1100 2594 1248 2621 obstarent.
1269 2603 1278 2619 ι

1042 2628 1098 2663 (55)
1114 2629 1194 2655 Κατὰ
1206 2629 1310 2661 πόλεις
1322 2628 1370 2655 καὶ
1385 2629 1490 2663 χώρας.
1507 2639 1515 2654 ι
1533 2629 1584 2657 Per
1606 2631 1685 2657 nrbes
1706 2635 1733 2656 et
1746 2638 1789 2656 re-

1005 2664 1107 2700 giones.
1128 2673 1137 2689 ι
1155 2664 1205 2700 βία
1228 2664 1346 2692 melioris
1364 2671 1432 2691 nota:
1452 2665 1567 2692 codices.
1590 2665 1638 2692 Ed.
1653 2665 1723 2692 κατὰ
1739 2665 1789 2700 χώ-

1007 2706 1055 2732 ρας
1065 2698 1111 2724 καὶ
1128 2698 1227 2729 πόλεις.

1043 2733 1099 2768 (56)
1118 2733 1374 2760 Ἐνεανιεύσαντο.
1394 2743 1403 2758 t
1419 2733 1482 2765 Ουιι·
1501 2733 1642 2760 adversum
1663 2742 1711 2760 nos
1728 2735 1785 2761 ausi

1005 2773 1066 2794 sunt
1087 2775 1094 2795 :
1111 2777 1120 2793 ι
1135 2768 1186 2798 vel,
1205 2777 1214 2794 (
1231 2768 1357 2802 petulanti
1380 2768 1501 2798 licentia;
1517 2777 1525 2793 ι
1540 2767 1590 2801 vel,
1605 2777 1614 2793 ι
1630 2776 1718 2796 rerum
1739 2778 1787 2797 no-

1004 2810 1100 2830 Varnm
1121 2803 1209 2829 studio
1225 2803 1366 2829 adversum
1383 2809 1432 2829 nos
1445 2803 1629 2836 designarnnt.
1647 2813 1656 2829 ι

1039 2838 1093 2873 (57)
1107 2837 1288 2871 Προσοεῖνιιι.
1304 2837 1369 2872 Reg.
1387 2837 1441 2871 bm,
1458 2837 1617 2873 προσϐῆναι,
