2071 3133
181 186 231 214 M7

676 186 806 215 ORATIO
825 187 870 215 IV.
891 202 924 207 ——
944 187 1086 214 CONTRA
1104 186 1278 217 JULIANUM
1300 188 1320 216 ι.

1757 192 1808 221 tus

184 247 374 283 ’Λρεϐουσίων,
392 247 434 280 τίς
449 246 536 280 οὕτως
551 247 602 281 ἔξω
618 249 669 284 τῆς
689 249 749 276 καθ’
760 249 833 285 ἡμᾶς
847 240 970 286 οικουμέ-

1026 250 1245 284 Arethusiorum,
1270 251 1331 285 quis
1357 255 1412 277 tam
1438 251 1472 279 ab
1494 251 1558 279 orbe
1574 255 1665 279 nostro
1689 258 1811 280 remotus

183 291 317 328 νης,ὢστε
330 294 449 327 ἀγνοεῖν.
472 293 518 320 καὶ
537 293 574 329 μὴ
599 293 711 327 φθάνειν
726 295 760 329 ’τῇ
778 295 903 331 διηγήσει
926 296 972 322 τὸν

183 338 403 374 μνημονεύοντα;
422 335 506 370 Οὗτος
534 339 580 364 ἐπὶ
604 339 793 366 Κωνσταντίου
819 341 867 366 ’τοῦ
889 340 970 373 πάνυ,

182 384 253 411 κατὰ
267 383 315 419 τὴν
324 384 383 410 τότε
394 383 539 419 δεδομένην
549 384 674 416 ἐξουσίαν
682 385 703 411 Χ
708 387 863 420 ριστιανοῖς,
879 385 973 422 δαιμὸ-

183 437 233 458 νων
240 439 265 456 τι
276 429 497 465 καθελὼνοίκητή
502 431 618 465 ριον,καὶ
628 430 913 467 πολλοὺςΧριστιανῶν
920 433 973 459 ἀπὸ

183 475 230 511 τῆς
249 475 411 510 Ἑλληνικῆς
424 476 526 510 πλάνης
537 477 708 512 μεταστήσας
725 478 765 509 εἰς
775 478 910 513 σωτηρίαν
924 479 973 514 οὐχ

182 519 260 558 ἧττον
275 521 318 548 διὰ
332 522 381 557 τὴν
395 521 443 548 τοῦ
460 522 518 556 βίου
534 522 714 558 λαμπρότητα
734 523 750 559 ἢ
768 524 816 559 τὴν
830 524 876 550 τοῦ
894 524 972 559 λόγου

182 567 305 602 δύναμιν,
322 566 356 604 ἦν
371 568 418 603 μὲν
430 569 461 594 ἐκ
473 568 595 600 πλείονος
602 570 631 595 ἐν
641 569 709 605 ὀργῇ
718 571 772 602 τοῖς
781 571 971 606 ’Λρεοουσίοις.

183 614 282 649 μᾶλλον
301 614 329 641 δὲ
349 614 528 650 Ἀρεθουσίων
543 615 601 646 (72)
613 617 668 647 τοῖς
686 616 880 651 φιλοδαίμοσιν.
897 618 973 644 Ἐπεὶ

183 659 208 685 δὲ
221 659 256 686 τὰ
276 660 426 695 πράγματα
448 660 560 696 ἐκινήθη
580 660 764 696 Χριστιανοῐς,
794 661 839 689 καὶ
860 662 894 688 τὰ
918 663 973 689 τῶν

187 705 323 740 Ἑλλήνων
340 705 515 740 φλεγμαίνειν
534 706 645 741 ἤρξατο,
659 706 708 741 τὴν
721 705 767 732 τοῦ
784 707 881 743 καιροῦ
895 707 974 735 δυνα-

183 751 274 776 στείαν
295 751 344 777 οὐκ
363 751 456 785 ἔφυγε.
477 751 585 777 Φιλοῦσι
600 751 654 786 γὰρ
669 752 693 777 οἱ
709 751 801 786 δῆμοι,
824 752 876 778 κᾶν
905 753 974 788 πρὺς

182 795 212 821 τὺ
228 794 314 830 παρδν
327 794 483 830 κατάσχωσι
500 794 548 826 τὰς
561 795 645 830 ὀργὰς
659 794 727 829 (75),
743 794 837 831 ὥσπερ
854 794 909 830 πῦρ
928 797 974 831 ἐμ-

183 840 302 875 φωλεῦον
321 840 406 872 ὕλαις,
425 841 441 876 ἥ
456 841 545 876 ῥεῦμα
563 840 607 876 βίᾳ
621 841 816 876 κρατούμενον,
837 843 861 868 εἰ
875 842 972 878 καιροῦ

183 887 313 918 λάϐοιντο,
331 887 496 913 ἀνάπτεσοαί
517 895 546 912 τε
559 888 606 913 καὶ
618 887 851 923 ἀναῤῥήγνυσθαι.
884 888 973 924 Ὁρῶν

182 930 228 959 οὖν
253 933 302 968 τὴν
328 932 374 959 τοῦ
395 932 482 968 δήμου
508 932 616 968 κίνησιν
640 934 683 959 ἐπ’
701 933 782 960 αὐτὸν
806 934 874 969 (74),
895 935 972 962 οὐδὲν

183 978 292 1014 μέτριον
306 978 322 1014 ἢ
336 978 514 1026 ἐννοούντωνί
531 978 547 1014 ἢ
561 979 755 1011 ἀπειλούντων,
768 979 803 1006 τὰ
815 980 864 1015 μὲν
875 981 974 1016 πρῶτα

183 1023 300 1059 δρασμὸν
316 1023 527 1059 βουλεύεται,ὀύ
543 1024 576 1051 δι’
593 1025 738 1061 ἀνανδρίαν
761 1025 860 1061 μᾶλλον
876 1026 892 1062 ἢ
922 1027 973 1062 τὴν

184 1071 295 1107 φεύγειν
309 1073 341 1098 ἐκ
358 1072 462 1104 πόλεως
477 1073 516 1104 εἰς
532 1072 607 1098 πόλιν
615 1072 776 1100 κελεύουσαν
788 1073 907 1108 ἐντολὴν,
925 1072 972 1099 καὶ

184 1118 335 1154 ὕποχωρεῐν
351 1118 407 1149 τοῖς
426 1117 564 1149 suarm;-
589 1117 687 1153 χρῆναι
700 1117 754 1154 γὰρ
769 1117 806 1153 μὴ
819 1117 853 1144 τὰ
868 1117 976 1144 ἑαυτῶν

183 1164 293 1189 σκοπεῖν
302 1163 381 1197 μόνον
450 1162 628 1197 Χριστιανοὺς
636 1162 725 1195 ὄντας,
738 1162 805 1198 μηδὲ
814 1164 838 1189 εἰ
849 1162 907 1189 λίαν
917 1161 972 1189 εἷεν

183 1209 362 1245 ἁνδρειότατοί
381 1208 437 1244 (76)
459 1217 488 1235 τε
501 1209 548 1234 καὶ
569 1208 812 1245 καρτερικώτατοι,
828 1208 896 1235 ἀλλὰ
923 1210 972 1236 καὶ

184 1255 235 1281 τῶν
251 1254 402 1281 διωκόντων
419 1254 567 1289 φείδεσθαι,
581 1254 629 1286 ὡς,
642 1254 672 1280 τό
693 1262 725 1288 γε
741 1255 780 1286 είς
795 1254 892 1286 αὐτοὺς
905 1251 972 1290 ἦκον

183 1299 275 1334 μέρος,
294 1299 331 1334 μὴ
344 1298 382 1334 τῷ
391 1298 502 1332 κινδύνῳ
517 1307 543 1324 τι
557 1297 743 1332 συνεισφέρειν
754 1296 809 1332 (77)
822 1296 874 1323 τῶν
891 1297 971 1323 πολε-

183 1344 262 1380 μίων.
291 1345 367 1370 Ἐπεὶ
382 1344 410 1370 δὲ
429 1344 526 1379 ῇτοετο
553 1343 658 1370 πολλῶν
677 1343 726 1379 μὲν
746 1343 779 1369 δι’
801 1343 881 1370 αὑτὸν
896 1343 972 1369 ἑλκο-

184 1389 271 1425 μένων
298 1390 345 1416 καὶ
359 1390 512 1424 ἀγομένων.
543 1387 648 1415 πολλῶν
670 1389 699 1415 δὲ
722 1388 776 1415 τῶν
792 1389 855 1424 περ).
882 1389 972 1424 ψυχῆς

184 1435 331 1470 τρεχόντων
347 1434 391 1461 διὰ
407 1435 456 1470 τὴν
470 1434 525 1461 τῶν
537 1434 688 1461 διωκόντων
710 1434 850 1470 ὡμότητα,
861 1435 911 1462 οὐκ
922 1436 971 1470 ὴν-

182 1482 275 1516 ἐσχετο
291 1481 328 1516 τῷ
344 1481 403 1508 καθ’
415 1481 509 1508 ἑαυτὸν
523 1481 768 1516 ἀσφαλεῖ(78)τοὺς
783 1481 878 1513 ἄλλους
894 1490 972 1517 περι-

180 1527 246 1563 ορᾷν
261 1527 474 1558 κινδυνεύοντας·
493 1528 540 1554 καὶ
556 1527 599 1553 διὰ
613 1526 692 1554 τοῦτο
703 1526 858 1561 βουλεύεται
874 1526 972 1563 βουλὴν

180 1574 294 1609 ἀρίστην
308 1582 337 1599 τε
351 1573 397 1599 καὶ
413 1573 644 1609 φιλοσοφωτάτην·
654 1575 685 1600 ἐκ
695 1573 745 1608 τῆς
753 1576 841 1609 φυγῆς
855 1574 972 1600 ἐπάνει-

181 1607 218 1650 σι,
234 1607 281 1646 κα).
295 1618 333 1654 τῷ
341 1607 423 1654 δήμῳ(
434 1618 523 1655 φέρων
541 1607 636 1646 ἑαυτδν
660 1607 784 1646 ἐκδίδωσι
796 1607 918 1655 γχρῆσθαι
930 1620 970 1646 ὅτι
985 1607 1006 1636 C

181 1665 386 1701 βούλοιντο(79),
399 1666 446 1692 καὶ
460 1665 528 1701 πρὸς
536 1665 584 1701 τὴν
596 1665 643 1692 τοῦ
657 1665 754 1700 καιροῦ
766 1666 969 1701 παρατάσσεται

180 1711 334 1738 δυσκολίαν.
357 1711 487 1739 Ἐνταῦθα
502 1712 528 1738 τί
545 1712 595 1747 μὲν
610 1713 683 1748 ἀπῆν
704 1712 758 1740 τῶν
771 1712 882 1746 δεινῶν;
902 1712 929 1738 τί
941 1712 970 1738 δὲ

180 1758 230 1784 οὐκ
238 1759 373 1786 ἐπενοεῖτο
386 1758 549 1794 βαρύτερονς
563 1759 649 1786 ἄλλων
661 1759 725 1786 ἄλλο
735 1767 761 1785 τι
771 1758 971 1794 (80)συνεισφε-

182 1805 283 1840 ρόντων
303 1805 372 1840 πρὸς
384 1804 442 1837 ἑνὸς
460 1804 546 1832 κοικοῦ
563 1805 733 1840 συμφωνίαν,
747 1804 808 1831 οὐδὲ
819 1804 849 1830 τὸ
865 1804 971 1839 φιλόσο-

182 1860 231 1886 φον
257 1851 303 1878 τοῦ
330 1852 427 1888 ἀνδρὸς
453 1851 630 1886 αἰδουμένων,
659 1852 683 1877 εἰ
701 1851 738 1886 μή
766 1859 792 1877 τι
810 1850 893 1882 ἄλλοί
915 1850 969 1877 τῶν

181 1897 348 1933 ἐγκειμένων
359 1897 427 1933 (81)-
437 1897 481 1924 διὰ
496 1897 575 1924 τοῦτο
590 1897 639 1932 μὲν
654 1894 700 1923 οὖν
715 1896 762 1923 καὶ
774 1895 853 1922 πλέον
866 1897 969 1930 ἀγανα-

180 1943 326 1976 κτούντων,
351 1944 392 1970 ὅτι
419 1943 614 1979 περιφρόνησιν
641 1942 730 1969 αὐτῶν
760 1941 859 1977 μᾶλλον
885 1942 901 1977 ἢ
924 1941 970 1968 ἀν-

180 1988 272 2024 δρείαν
290 1990 357 2025 πρὸς
373 1989 436 2021 τοὺς
460 1988 598 2020 κινδύνους
623 1988 672 2024 τὴν
695 1987 742 2014 τοῦ
757 1987 853 2023 ἀνδρὸς
870 1996 971 2023 παρου-

181 2035 243 2062 σίαν
256 2036 310 2071 (89.)
323 2035 458 2071 ἐνόμιζον.

1022 300 1074 329 εει,
1089 300 1119 324 ut
1136 297 1250 332 ignoret,
1265 305 1297 325 ac
1315 302 1569 325 commemorantem
1584 298 1739 326 narratione
1757 307 1812 326 non

1024 343 1195 370 antevertat?
1209 343 1257 370 llic
1272 350 1345 375 cum,
1371 343 1468 378 insigni
1484 342 1530 370 illo
1543 342 1703 371 Constantio
1722 344 1811 378 impe~

1024 393 1110 421 rante,
1133 396 1182 423 pro
1195 396 1225 416 ea
1243 393 1386 423 potestate.
1402 397 1462 423 quae
1485 394 1540 416 ltttn
1556 389 1722 417 Christianis
1743 398 1811 416 con-

1023 440 1101 460 cessa
1123 434 1220 465 fuerat.
1240 433 1403 461 domicilium
1421 435 1556 468 quoddam
1573 435 1723 462 dazmonum
1736 442 1811 461 ever-

1024 479 1113 509 tisset,
1132 486 1162 506 ac
1177 479 1276 506 mullos
1297 487 1368 506 nunc
1386 480 1556 507 Christianos
1573 488 1587 506 a
1605 480 1698 514 gentili
1717 487 1811 508 errore

1023 524 1057 551 ad
1068 524 1196 556 salutem.
1216 532 1268 551 non
1288 525 1377 552 minus
1401 525 1436 552 ob
1457 525 1518 553 vita:
1534 525 1714 560 splendorem.
1729 534 1810 560 quam

1023 570 1058 596 ob
1074 569 1180 597 dicendi
1200 571 1355 599 facultatem
1373 575 1455 606 atque
1467 571 1617 599 doctrinam
1633 571 1808 602 traduxisset.

1021 615 1182 649 jampridem
1199 616 1263 643 odio
1280 616 1435 644 Aretltusiis
1450 622 1522 648 erat,
1547 616 1589 644 vel
1607 617 1641 645 iis
1654 618 1744 652 potius
1762 618 1809 652 qui

1024 661 1094 689 inter
1117 663 1278 691 Aretltusios
1300 669 1386 698 erant,
1401 663 1551 691 daemonum
1567 668 1690 691 amantes
1707 668 1735 691 et
1750 664 1809 692 cul-

1025 712 1107 735 t0res.
1135 708 1314 744 Posteaquam
1340 714 1430 737 autem
1456 710 1566 737 mutatis
1591 710 1809 737 Christianorum

1024 753 1114 786 rebus,
1129 754 1270 789 gentilium
1286 763 1329 782 res
1344 760 1448 782 tumere
1462 759 1490 782 et
1502 762 1644 789 assurgere
1654 759 1809 789 coeperunt,

1025 800 1153 834 temporis
1170 800 1317 834 potentiam
1332 801 1538 835 haudquaquam
1551 799 1651 835 cffugit.
1667 800 1811 829 Multitudo

1024 845 1131 880 quippe,
1151 846 1256 873 etiamsi
1281 846 1307 873 in
1324 854 1442 881 praesens
1460 845 1576 879 impetus
1595 846 1811 882 cnpiditatesque

1024 896 1089 917 suas
1114 895 1250 922 coerceat,
1284 891 1512 925 quemadmodum
1539 890 1609 925 ignis
1639 891 1666 918 in
1695 891 1809 919 materia

989 929 1010 957 Β
1024 936 1122 968 latens,
1137 941 1184 963 aut
1197 936 1285 964 amnis
1299 944 1449 971 repressus,
1462 937 1551 964 oblata
1566 941 1655 964 tamen
1666 938 1810 965 occasione

1026 982 1138 1009 accendi
1158 987 1239 1017 atque
1254 990 1397 1017 erumpere
1412 983 1565 1010 consuevit.
1581 983 1713 1017 Quocirca
1723 1002 1731 1015 ,
1745 991 1808 1010 cum

1023 1028 1150 1063 populum
1177 1029 1322 1056 adversum
1351 1036 1381 1056 se
1414 1029 1567 1062 incitatum,
1597 1036 1647 1056 nec
1675 1029 1809 1057 moderati

1023 1074 1169 1108 quidquam
1184 1074 1226 1102 vel
1243 1074 1419 1109 cogitantem,
1431 1073 1472 1101 vel
1488 1075 1699 1102 comminantem
1712 1083 1809 1102 cerne-

1023 1125 1075 1151 ret,
1092 1119 1207 1154 primum
1220 1120 1420 1147 consciscendae
1435 1119 1506 1156 fuga!
1521 1120 1661 1148 consilium
1677 1120 1735 1153 init,
1755 1128 1810 1148 non

1024 1170 1080 1192 tam
1095 1165 1199 1199 ignavia
1212 1167 1324 1197 fractus.
1340 1173 1424 1200 quam
1441 1171 1577 1201 praecepto
1592 1166 1637 1193 illo
1657 1170 1809 1200 permotus.

1024 1218 1077 1245 quo
1090 1219 1105 1238 e
1119 1212 1229 1239 civitate
1241 1211 1269 1238 in
1283 1211 1419 1238 civitatem
1435 1211 1539 1247 fugere,
1553 1216 1581 1240 et
1591 1211 1810 1246 persecutoribus

1023 1258 1121 1285 cedere
1134 1258 1258 1294 iubemur
1271 1258 1305 1286 ".
1325 1258 1418 1293 Neque
1433 1259 1506 1286 enim
1521 1259 1707 1290 Christianos.
1722 1266 1810 1293 quan-

1024 1304 1124 1331 tumvis
1140 1305 1235 1337 fortes,
1247 1312 1279 1332 ac
1295 1304 1422 1340 singulari
1446 1305 1588 1332 tolerantia
1608 1305 1744 1339 prmditos,
1768 1304 1809 1332 sui

1024 1353 1127 1376 tantum
1141 1351 1274 1377 rationem
1295 1350 1392 1378 habere
1403 1355 1520 1386 oportet,
1534 1351 1580 1377 sed
1593 1349 1810 1384 persecutoribus

1023 1401 1129 1428 quoque
1144 1402 1265 1428 parcere,
1292 1400 1378 1428 utne,
1403 1400 1533 1430 quantum
1559 1395 1585 1422 in
1614 1395 1678 1430 ipsis
1701 1400 1753 1427 est,
1776 1396 1809 1422 azl

1024 1441 1140 1467 hostium
1176 1440 1325 1475 periculum
1356 1445 1383 1468 et
1411 1441 1616 1468 damnationem
1643 1447 1676 1468 ex
1712 1441 1810 1475 seipsis

1024 1487 1124 1520 aliquid
1137 1486 1230 1522 .123
1254 1486 1407 1514 conferant.
1426 1487 1461 1514 At
1480 1490 1622 1522 postquam
1647 1486 1746 1514 multos
1760 1494 1808 1514 sua

1023 1540 1105 1560 causa
1122 1533 1183 1560 duci
1200 1541 1231 1560 ac
1250 1533 1338 1566 trahi,
1364 1534 1462 1561 multos
1484 1533 1566 1560 etiam
1585 1532 1619 1560 ob
1644 1539 1810 1567 persequen-

1025 1578 1090 1605 tium
1117 1579 1305 1606 credulitatem
1321 1578 1347 1605 in
1364 1578 1460 1605 animm
1475 1577 1597 1613 periculo
1610 1577 1713 1604 verSari
1730 1577 1811 1605 intel—

1023 1623 1098 1656 lexit,
1112 1629 1168 1650 tum
1184 1631 1249 1651 vero
1263 1624 1342 1656 a‘lios,
1369 1631 1401 1650 eo
1421 1623 1493 1659 quod
1507 1623 1564 1658 ipse
1578 1623 1604 1649 in
1618 1626 1687 1655 tuto,
1705 1622 1811 1657 pericli-

1022 1674 1110 1698 tantes
1140 1670 1274 1705 negligere
1307 1670 1418 1697 minime
1444 1669 1590 1701 sustinuit,
1624 1675 1657 1696 ac
1692 1669 1808 1702 proinde

1021 1716 1273 1750 prmstantissimum
1289 1717 1461 1751 maximeque
1481 1715 1696 1750 philosoplticum
1714 1715 1806 1741 consi-

1021 1761 1087 1789 lium
1106 1761 1187 1795 capit.
1204 1761 1243 1788 Ex
1260 1761 1320 1796 iuga
1335 1762 1407 1789 enim
1428 1761 1514 1794 redit,
1529 1768 1645 1795 seseque
1661 1761 1732 1788 ultro
1752 1761 1810 1795 plo-

1022 1806 1064 1834 bis
1079 1807 1192 1834 arbitrio
1206 1807 1296 1839 tradit,
1313 1811 1394 1841 atque
1407 1807 1537 1834 adversus
1554 1806 1682 1841 temporis
1695 1805 1809 1833 difﬁcul-

1024 1859 1106 1882 tatem
1118 1854 1191 1881 velut
1203 1855 1288 1882 aciem
1301 1855 1420 1882 instruit.
1435 1854 1483 1882 Hic
1496 1861 1560 1882 vero
1573 1855 1638 1890 quid
1653 1854 1809 1882 acerbitatis

1024 1899 1136 1926 aberat?
1167 1899 1231 1933 quid
1256 1908 1309 1927 non
1337 1901 1419 1927 etiam
1448 1900 1566 1927 atrocius
1589 1899 1809 1935 exeogitahatur?

1023 1952 1084 1972 cum
1102 1945 1207 1972 scilicet
1233 1945 1277 1972 alii
1294 1945 1365 1972 aliud
1380 1946 1437 1980 pari
1451 1946 1565 1974 consilio
1589 1947 1623 1973 ad
1645 1946 1725 1973 unius
1743 1945 1808 1972 mall

1023 1991 1252 2025 conspirationem
1275 1991 1447 2024 conferrent,
1468 1999 1533 2024 nec,
1556 1992 1578 2019 si
1597 1991 1670 2018 nulla
1690 1991 1742 2018 alia
1761 1999 1807 2024 re,

1024 2036 1119 2063 saltem
1137 2035 1218 2071 hujus
1238 2037 1288 2064 viri
1308 2037 1462 2064 consmntia
1485 2042 1668 2068 moverentur,
1696 2036 1742 2071 qui
1770 2035 1808 2062 illi

181 2082 375 2111 imminebant:
401 2083 466 2117 quin
482 2082 572 2117 potius
603 2082 655 2109 hoc
686 2088 794 2115 quoque
823 2080 933 2108 nomine
958 2082 1145 2111 vehementius
1178 2083 1421 2118 incandescerent,
1449 2085 1521 2120 quod
1545 2084 1617 2112 illius
1640 2084 1756 2111 reditum
1776 2090 1809 2110 ac

180 2129 365 2164 praesentiam,
385 2136 440 2156 non
461 2133 514 2156 tam
530 2127 714 2156 fortitudinem
735 2129 865 2155 adversus
877 2129 1012 2163 pericula,
1056 2138 1138 2165 quam
1178 2131 1298 2166 ipsorum
1334 2137 1517 2168 contemptum
1551 2131 1805 2167 interpretarentur.

216 2207 238 2223 ⁸³
249 2207 344 2235 Matth.
356 2214 384 2240 κ,
398 2206 444 2234 9.5.

184 2284 290 2312 modum
311 2292 343 2311 ac
371 2284 501 2312 famosam
531 2285 746 2317 Ariminensem.
774 2285 831 2319 ipse
857 2284 963 2312 Marcus
979 2287 1000 2314 D
1016 2285 1043 2311 ln
1064 2284 1106 2310 ed.
1125 2284 1206 2319 μόνον
1220 2289 1276 2317 post
1291 2284 1381 2315 ὄντας.

183 2319 342 2346 Arethusius
354 2319 465 2346 dictavit
476 2327 546 2346 anno
565 2319 626 2347 558.
645 2320 707 2347 llzec
722 2320 842 2354 profecto
860 2319 961 2354 Grego-

184 2355 240 2381 rius
269 2354 292 2381 si
321 2354 438 2382 novisset
466 2355 500 2382 de
530 2354 619 2382 Marco
642 2355 797 2386 Aretltusio,
822 2362 959 2388 nunquam

182 2396 253 2420 eum,
272 2398 281 2414 ‹
298 2389 384 2416 virum
398 2389 525 2416 eximium
546 2399 555 2424 ξ
572 2390 743 2424 appellasset,
760 2397 809 2416 nec
819 2393 872 2416 tam
894 2390 961 2415 mnl-

182 2428 208 2450 ta
228 2424 261 2451 de
276 2431 308 2450 eo
318 2424 466 2451 honoriﬁce
480 2422 659 2458 praedicasset.
673 2425 700 2451 lu
715 2424 803 2451 Marco
814 2424 961 2451 Arethusio

181 2458 263 2493 igitur
279 2458 436 2493 Gregorius.
451 2459 563 2492 perinde
579 2465 661 2493 atque
680 2459 704 2485 in
724 2459 882 2486 Constantio
904 2460 960 2485 An-

181 2500 269 2527 gusto,
279 2493 446 2528 ignoratione
463 2494 524 2520 facti
545 2495 655 2521 erravit.
671 2494 718 2521 Vel
730 2494 897 2527 postmodum
913 2501 961 2519 an-

181 2529 279 2561 dierat,
299 2528 416 2556 Marcum
433 2533 496 2556 ante
519 2528 599 2556 linem
617 2530 677 2556 vitm
695 2529 860 2563 impietatem
885 2529 961 2562 abju-

181 2571 265 2594 rasse,
284 2568 312 2590 et
337 2563 524 2599 adrEcclesize
546 2564 717 2599 fideliumque
745 2564 961 2592 communionem

180 2598 385 2637 redi_i§_se_,_quod
399 2599 554 2637 arbitratur
563 2598 703 2637 Baronitis.

216 2633 271 2669 (72)
285 2632 410 2660 Μᾶλλον
420 2632 453 2659 δὲ
470 2633 680 2669 νἈρεθουσίων.
701 2633 761 2662 Bill.
776 2644 784 2660 ι
803 2633 845 2661 vel
872 2633 962 2667 potius

179 2668 384 2708 Arethusiorum
414 2668 573 2703 intpiissitno
607 2670 724 2704 cuique,
756 2669 962 2702 daamonumque

180 2708 374 2730 amanussrmo.
389 2712 398 2729 I

214 2737 270 2773 (73)
287 2738 341 2771 Τὰς
367 2737 466 2774 ὀργάς.
488 2747 498 2764 ‹
517 2737 583 2766 lras.
606 2747 615 2763 ι
637 2738 753 2774 lilontac.
783 2739 832 2771 τὰς
862 2737 959 2774 ὁρμάς,

181 2780 191 2797 ι
207 2773 332 2810 impetus,
352 2782 362 2799 ι
382 2777 418 2810 et_
432 2773 461 2810 in
476 2781 523 2800 ora
534 2783 579 2809 γρ.
593 2773 688 2810 ὀργάς.
705 2773 769 2801 Mss.
784 2774 869 2802 nostri
894 2773 961 2800 nihil

179 2812 276 2842 prater
290 2807 362 2835 edita
377 2808 515 2835 exhibent.

220 2841 270 2877 ’74)
294 2842 356 2870 Ἐπ’
371 2843 472 2869 αὐτόν.
500 2843 556 2868 Duo
571 2841 650 2874 Reg.,
665 2841 743 2869 Colb.
755 2842 782 2874 5,
798 2842 851 2870 duo
863 2842 958 2877 Coisl.,

179 2874 382 2905 i‘assCCombef
406 2877 518 2908 addunt,
536 2876 635 2902 ἰοῦσαν.

214 2912 270 2948 (75)
285 2911 415 2940 Σκοπεῖν
440 2911 545 2946 μόνον.
564 2912 599 2937 Ita
618 2912 682 2945 Reg.
695 2911 713 2943 l,
735 2916 788 2940 tres
801 2911 889 2946 Colb.,
904 2918 957 2940 etc.

180 2950 199 2962 ρ

338 2960 474 2990 Ριτιιοι.
497 2960 554 2990 Gn.
573 2959 706 2990 XXXV.

1051 2319 1105 2354 (Ἡί)
1124 2318 1346 2353 Ἇνδρειότατοι.
1359 2319 1425 2354 Reg.
1437 2319 1492 2352 bm,
1509 2318 1611 2351 l,Coib.
1628 2318 1656 2351 Κ,
1666 2318 1742 2347 Pass.
1758 2319 1805 2346 ἀν-

1013 2354 1185 2381 δοικώτατοι.

1048 2363 1173 2381 ικωτατοι
1179 2375 1185 2382 ι

1030 2363 1349 2425 ρῖξιῗῗῗπῗζίεισφέρειγ.
1376 2388 1505 2416 Eamdem
1524 2388 1559 2415 ob
1583 2395 1693 2425 causam
1716 2389 1805 2424 Chry-

1015 2430 1149 2451 sostomus
1180 2424 1334 2459 fugiendam
1382 2430 1442 2451 esse
1473 2424 1687 2458 persecutionem
1727 2426 1805 2451 docet

1016 2459 1138 2494 exemplo
1159 2459 1276 2491 Davidis,
1303 2460 1349 2494 qui
1377 2459 1454 2494 fugit,
1485 2466 1528 2490 ne,
1549 2459 1689 2486 innoxium
1715 2459 1804 2486 Saulis

1017 2496 1175 2527 sanguinem
1191 2493 1337 2526 fundendo,
1353 2502 1414 2520 rens
1431 2493 1518 2520 fleret.

1052 2530 1107 2564 (78)
1127 2529 1196 2556 Καθ’
1209 2529 1318 2556 ἑαυτὸν
1330 2528 1470 2563 ἀσφαλεῖ.
1493 2528 1602 2562 Billius;
1620 2538 1629 2554 ε
1645 2527 1680 2555 ob
1700 2528 1805 2555 cautio-

1017 2571 1077 2591 nent
1097 2572 1184 2590 Sllﬂlll.
1202 2573 1212 2589 ι

1052 2599 1107 2634 (79)
1128 2599 1300 2634 Βούλωνι-ο.
1316 2596 1383 2626 Tres
1399 2598 1483 2633 Regg.
1499 2597 1576 2626 Colb.
1591 2598 1619 2630 8.
1643 2597 1801 2632 βούλωνται.

1015 2633 1083 2667 Reg.
1102 2634 1156 2665 bm,
1173 2633 1322 2668 βούλονται.

1053 2669 1109 2704 (80)
1130 2670 1244 2696 Ἀλλων
1266 2669 1343 2695 ἄλλο
1359 2677 1397 2700 τι,
1414 2673 1467 2696 etc.
1490 2667 1592 2698 Dillius.
1616 2677 1626 2692 ι
1643 2675 1682 2704 ex_
1697 2667 1742 2699 iis,
1758 2668 1802 2702 qui

1015 2703 1053 2731 illi
1069 2702 1255 2734 imtnincbant.
1268 2704 1313 2729 alii
1337 2704 1408 2730 aliud
1426 2703 1561 2739 quidpiam
1582 2704 1615 2730 ad
1638 2702 1718 2728 unius
1738 2704 1802 2730 mali

1014 2743 1173 2766 concentum
1190 2738 1326 2765 afferrent.
1349 2747 1358 2763 ι

1050 2773 1188 2809 (81)γΤῶν
1211 2772 1473 2809 ἐτκειμένιυν.-8ἰο
1501 2771 1727 2809 pleriqnecodd.
1745 2770 1803 2809 pun

1012 2805 1101 2835 autem
1115 2808 1211 2843 Ἆρες..
1230 2805 1317 2840 Pass],
1334 2809 1386 2835 duo
1402 2807 1483 2834 Coisl.
1501 2805 1557 2843 τῶν
1581 2807 1719 2835 ἐκείνω...
1747 2806 1803 2834 Duo

1012 2844 1087 2871 Colb.
1102 2842 1196 2869 «BV’EV
1212 2843 1308 2878 ἐκείνῳ
1323 2850 1371 2876 pro
1380 2843 1434 2869 τῶν
1447 2842 1623 2877 ἐγκειμένων.

1046 2878 1103 2914 (82)
1121 2879 1305 2912 Παρθυαίαν.
1325 2878 1405 2906 Mont.
1422 2886 1467 2914 γρ.
1483 2878 1652 2914 παρρησίαν.

1625 2956 1664 2987 90
