2071 3133
170 192 222 220 6ὶὶ

670 191 798 220 ORATIO
817 192 861 220 IV.
882 208 916 213 —
935 192 1073 221 CONTRA
1094 192 1267 222 JULlANUM
1286 193 1306 221 l.

1742 192 1797 220 8‘26

168 251 249 277 τοῦτό
263 258 295 284 γε
314 251 399 276 ποιῶν
416 250 537 286 μέτριον·
552 251 630 286 δῆλον
645 251 701 286 (25)
718 251 747 278 δὲ
771 251 809 286 τῷ
830 251 955 287 κρύπτειν

1012 253 1100 279 culum
1128 253 1301 281 vocabantur.
1326 252 1515 280 Condonemus
1547 246 1666 286 istarsi
1693 252 1792 286 placet,

169 297 329 332 ἐπιχειρεῖν,
351 297 389 328 ὡς
412 298 462 323 οὐκ
485 298 622 332 εὐπρεπὲς
635 297 664 323 ὃν
677 298 707 324 τὸ
722 298 786 332 ἄγος
799 298 960 333 δημοσιεύε-

171 343 243 368 σθοιι·
258 343 292 369 τὰ
316 343 365 377 μὲν
389 343 443 378 γὰρ
463 343 626 378 Καισαρέων
652 343 708 378 (24)
725 343 777 370 τῶν
805 344 956 380 ἡμετέρων,

170 389 271 414 τούτων
298 388 326 415 δὲ
348 389 402 415 τῶν
427 388 604 423 μεγαλοῳυῶν
628 389 676 421 καὶ
701 389 810 424 Θερμῶν
824 390 863 420 εὶς
883 389 960 415 εὐσέ-

170 433 256 467 ϐειαν,
267 434 354 466 οὕτως
364 434 499 460 ὑπἀὐτοῦ
517 434 753 470 περιεληλαμένων
768 436 813 461 καὶ
827 435 959 470 ὑϐρισμέ-

170 489 237 512 νων,
253 479 318 511 ἴσως
338 480 414 507 οὐδὲν
438 480 494 515 ιὲὕ)
519 480 657 512 ὀνειδίζειν
686 479 769 512 ἄξιον·
790 480 876 506 ἐδόκει
904 480 957 516 γὰρ

170 525 241 561 ὑπὲρ
266 525 316 560 τῆς
332 526 417 561 τύχης
433 526 545 558 ὲνδῖκως
559 526 719 560 ἀγανακτῶν
751 527 780 552 ἐν
798 526 886 561 καιρῷ
909 527 958 561 τῆς

169 571 296 606 εὐτυχίας
311 571 367 605 (‘26)
386 572 571 607 ἀτυχησάσης,
597 572 643 598 ἐπὶ
657 572 757 607 ταύτην
778 571 959 608 προεληλυθέ-

169 624 213 643 ναι
237 617 286 652 τὴν
297 617 438 643 ἀντίδοσιν·
457 617 550 653 ἐπειδὴ
564 618 605 644 δεῖ
628 627 654 644 τι
674 619 720 645 καὶ
747 620 896 654 συγχωρεῖν
912 619 960 645 καὶ

169 663 260 698 ἀδικίᾳ.
275 664 448 699 κατακρατού
454 672 497 699 σῃ.

1013 304 1106 333 utpote
1121 306 1236 333 quorum
1261 300 1348 334 ipsum
1366 300 1448 327 etiam
1471 300 1602 334 pudebat,
1614 298 1639 325 in
1652 298 1703 326 hoc
1718 303 1794 325 certe

1011 345 1190 372 moderatum.
1213 345 1238 371 Id
1250 346 1321 372 enim
1337 345 1401 372 hinc
1413 345 1514 380 liquido
1527 349 1644 377 constat,
1660 345 1731 379 quod
1744 343 1796 370 hoc

1009 390 1110 422 scelus,
1129 394 1157 417 ut
1176 390 1347 418 inhonestum
1373 399 1406 418 ac
1430 395 1518 425 turpe,
1541 390 1704 424 omninoque
1726 390 1796 416 indi.

1012 445 1092 471 gnum
1114 437 1183 470 quod
1202 437 1384 471 evulgaretur,
1401 443 1524 470 premere
1550 440 1631 470 atque
1658 435 1796 462 occultare

1013 483 1162 517 satagebat.
1189 482 1256 508 Nam
1276 489 1334 516 quae
1349 481 1374 508 in
1392 481 1574 509 Caesarienses
1587 485 1694 508 nostros
1709 481 1796 506 admi-

1003 529 1057 560 ,sit,
1077 529 1137 560 hos,
1158 527 1281 562 inquam,
1306 527 1388 553 animi
1403 527 1590 562 magnitudine
1613 525 1750 560 praeditos,
1764 533 1795 552 ac

1001 574 1121 608 lpietatis
1142 574 1233 601 studio
1250 573 1397 604 ferventes,
1415 573 1451 599 ita
1474 572 1508 599 ab
1527 579 1560 599 eo
1585 571 1748 605 exagitatos,
1765 579 1797 596 ac

1012 627 1061 653 per
1076 618 1267 646 contumeliam
1284 623 1407 649 vexatos,
1421 617 1539 644 fortasse
1553 624 1586 644 ne
1608 616 1726 650 objicere
1738 616 1795 649 qni-

1015 666 1074 691 dem
1090 671 1199 698 aequum
1212 663 1304 690 fuerit.
1320 663 1426 690 Etenim
1442 663 1477 689 ob
1489 662 1648 693 Fortunam,
1672 660 1795 687 fortuna-

169 709 230 735 tiuri
247 715 366 744 tempore
396 710 542 736 infortunio
562 709 695 742 all‘ectam,
722 710 793 744 jnsta
821 711 1006 745 indignatione
1036 715 1196 742 commotus,
1233 710 1266 736 ad
1304 709 1374 736 hanc
1401 709 1531 736 ultionem
1546 715 1706 743 progressus
1737 714 1796 734 esse

169 757 310 783 videbatur
327 765 334 782 :
352 757 569 791 quandoquidem
588 757 727 791 injuslitiae
740 758 888 784 dominanti
909 757 1032 784 nonnihil
1048 757 1251 784 concedendum
1266 761 1318 783 est.

203 804 260 836 1,1".
284 804 364 830 Ἀλλὰ
386 804 428 836 τίς
447 805 496 830 οὑκ
510 802 591 835 οἶδεν,
605 804 653 836 ὡς,
665 805 751 840 δήμου
768 805 840 837 τινὸς
854 806 956 840 ἐπιμα-

167 850 257 881 νὲντος
284 851 467 886 Χριστιανοῖς,
501 851 549 878 καὶ
582 851 666 877 πολὺν
690 852 739 886 μὲν
761 851 955 886 ἐργασαμένων

1048 804 1134 833 XCIII.
1155 806 1188 831 At
1212 812 1276 831 vero
1299 804 1359 839 quis
1381 808 1422 832 est
1436 804 1554 835 nescius,
1570 810 1630 830 cum
1644 802 1796 837 promiscua

1011 851 1084 886 plebs
1101 851 1222 878 furenter
1236 850 1261 876 in
1279 850 1450 877 Christianos
1464 850 1592 884 impetum
1617 849 1736 881 fecisset,
1753 853 1794 875 at-

167 895 257 929 φόνον,
272 895 357 922 πλείω
369 895 396 922 δὲ
411 895 604 929 ἀπειλούντων,
621 895 713 932 ἐπειδὴ
734 896 820 931 μέσην
842 895 955 932 βαδίζων

1007 903 1057 930 que
1071 895 1169 929 ingenti
1197 895 1269 921 c:rde
1284 899 1445 928 perpetrata,
1457 893 1534 929 plura
1550 895 1631 921 etiam
1647 894 1796 920 commina-

133 958 136 960 -
165 943 180 967 δ
197 941 242 967 τοῦ
257 940 348 972 ἔθνους
361 941 452 976 ἄρχων
471 942 517 968 τοῦ
538 942 635 976 καιροῦ
649 942 696 968 καὶ
712 941 765 969 τῶν
786 943 876 978 νόμων
904 942 954 977 (τῷ

168 987 217 1022 μὲν
227 987 280 1023 γὰρ
291 987 426 1014 δουλεύειν
443 987 511 1023 ῷετο
521 987 585 1020 δεῖν,
610 989 672 1020 τοὺς
697 988 725 1014 δὲ
741 988 859 1023 μετρίως
876 987 956 1023 ᾐσχύ-

165 1035 247 1065 νετο),
262 1033 308 1059 καὶ
319 1033 363 1059 διὰ
374 1034 453 1060 τοῦτο
466 1034 579 1065 πολλοὺς
596 1033 645 1069 μὲν
657 1033 806 1068 ἀπαγαγὼν
816 1034 871 1068 (‘27)
888 1035 956 1069 Χρι-

167 1078 291 1111 στιανῶν,
319 1079 418 1113 ὀλίγοις
433 1079 462 1105 δὲ
476 1080 530 1106 τῶν
554 1080 687 1115 Ἑλλήνων
709 1081 884 1115 ἐπιτιμήσας,
907 1077 955 1105 εἶτ’

166 1123 293 1158 ἀναχθεὶς
318 1124 374 1160 (‘28)
403 1125 442 1160 τῷ
465 1125 580 1160 βασιλεῖ,
605 1126 771 1162 κατηγορίας
795 1125 955 1160 γενομένης,

165 1171 261 1206 ἄτιμος
275 1171 323 1197 καὶ
337 1170 512 1206 ἀνάρπαςτος
541 1172 596 1206 (‘29)
618 1172 681 1207 περὶ
699 1172 800 1198 τούτων
821 1172 953 1206 ἐκρίνετο·

166 1217 212 1242 καὶ
236 1217 297 1248 τοὺς
316 1217 416 1252 νόμους
442 1217 638 1252 προύϐάλλετο,
663 1218 723 1245 καθ’
739 1218 786 1250 οὓς
811 1219 956 1255 ἐπιστεύθη

164 1261 292 1295 δικάζειν,
308 1262 405 1299 μικροῦ
422 1263 471 1298 μὲν
488 1264 600 1299 ἀπήχθη
617 1264 666 1300 τὴν
690 1265 736 1290 ἐπὶ
750 1264 867 1300 θανάτῳ·
881 1265 956 1297 τέλος

164 1309 203 1340 δὲ,
216 1308 419 1344 φιλανθρωπίας
430 1309 530 1344 τυχὼν,
547 1309 655 1345 ἐξορίαν
675 1311 885 1346 κατακρίνεται;
902 1311 956 1337 Καὶ

166 1354 332 1389 ήάπὸιρασις
348 1354 386 1386 ὡς
411 1353 551 1389 θαυμασία
573 1363 604 1381 τε
630 1356 676 1382 καὶ
693 1355 902 1391 φιλάνθρωποςῐ
926 1356 957 1382 Τί

165 1399 218 1434 γὰρ
227 1400 314 1434 μέγα.
332 1401 414 1434 φησὶν
430 1401 444 1426 ὁ
456 1400 558 1432 δίκαιος
572 1401 711 1436 δικαστὴς,
733 1402 779 1428 καὶ
796 1402 833 1437 μὴ
849 1401 956 1428 διώκων

164 1447 356 1482 Χριστιανοὺς,
373 1448 400 1473 εἰ
413 1447 597 1480 Γαλιλαίους
614 1447 686 1474 δέκα
697 1447 752 1481 μία
768 1447 833 1482 χεὶρ
850 1449 957 1482 Ἐλλη-

165 1491 232 1525 νικὴ
249 1492 479 1527 κατειργάσατο;
498 1492 590 1518 Ταῦτα
601 1493 651 1519 οὐκ
659 1492 769 1528 ὠμότης
787 1493 954 1528 περιφανήςς

166 1537 253 1565 ταῦτα
281 1539 312 1564 οὐ
328 1539 500 1574 πρόγραμμα
521 1538 656 1573 διωγμοῦ,
685 1539 733 1565 καὶ
756 1539 822 1565 πολύ
843 1548 874 1573 γε
903 1539 957 1566 τῶν

163 1582 280 1618 δημοσίᾳ
303 1583 505 1619 προτιθεμένων
522 1583 717 1619 ἐναργέστερον
740 1584 855 1620 καὶ(50)
878 1585 958 1619 φοϐε-

168 1626 302 1665 ρώτερον;
329 1629 362 1655 Τί
381 1630 436 1665 γὰρ
450 1629 571 1664 διαφέρει
594 1629 641 1656 τοῦ
657 1630 777 1656 κίνδυνον
799 1630 959 1666 προγράψαι.

166 1677 341 1711 Χριστιανοῖς
358 1676 388 1702 τὸ
399 1678 455 1708 τοῖς
476 1675 604 1706 διώκταις
629 1676 803 1710 Χριστιανῶν
827 1677 958 1712 ἡδόμενον

166 1720 320 1754 φαίνεσθαι,
337 1721 383 1748 καὶ
410 1721 481 1756 μέγα
497 1721 623 1756 ἔγκλημα
645 1721 779 1748 ποιεῖσθαι
797 1722 829 1748 τὸ
844 1722 958 1757 μετριά-

165 1765 238 1800 ζειν;
254 1767 284 1793 τὸ
309 1766 364 1802 γὰρ
389 1767 532 1802 βούλεσθαι
551 1767 682 1802 βασιλέως
699 1767 821 1802 ἄγραφός
838 1768 895 1794 ἐστι
913 1768 958 1794 νό-

166 1822 227 1848 μος,
243 1812 281 1848 τῷ
296 1813 393 1848 κράτει
421 1813 667 1848 συνηγορούμενος,
692 1814 740 1839 καὶ
764 1813 830 1839 πολύ
848 1822 878 1847 γε
904 1813 958 1839 τῶν

165 1858 294 1893 γραπτῶν
314 1859 498 1895 ἰσχυρότερος,
525 1859 579 1885 τῶν
592 1859 623 1885 οὐ
650 1859 794 1895 δυναςτείᾳ
809 1859 959 1894 βοηθουμέ-

164 1913 227 1932 νων.

1009 946 1094 972 retur,
1113 940 1201 976 gentis
1219 940 1388 975 prazfectum,
1402 939 1528 975 quoniam
1547 938 1634 966 media
1650 938 1693 965 via
1718 939 1789 965 inter

1006 991 1111 1020 tempus
1136 991 1163 1013 et
1192 985 1264 1020 leges
1288 986 1414 1013 incedens
1443 986 1491 1020 (ut
1511 984 1583 1011 enim
1606 984 1719 1018 tempori
1735 991 1794 1010 ser-

1006 1032 1130 1058 viendum
1147 1031 1272 1066 putabat,
1291 1031 1326 1058 ita
1343 1031 1423 1058 etiam
1439 1030 1510 1065 leges
1519 1037 1628 1065 quoque
1644 1029 1721 1064 127
1739 1037 1795 1057 tne-

1006 1077 1134 1105 diocriter
1164 1076 1362 1111 verebatur),
1393 1077 1485 1104 multis
1524 1075 1738 1103 Christianorum
1767 1075 1794 1101 in

1003 1122 1132 1157 judicium
1166 1124 1270 1157 raptis,
1304 1124 1330 1150 in
1371 1123 1514 1150 nonnullos
1544 1123 1626 1150 etiam
1656 1121 1795 1157 gentilium

1008 1169 1257 1202 animadvertisset,
1276 1175 1334 1196 orta
1347 1174 1439 1203 postea
1458 1168 1642 1199 accusatione,
1655 1168 1688 1194 ad
1710 1168 1795 1201 impe-

1007 1221 1123 1242 ratorem
1143 1216 1253 1242 ductum
1279 1223 1350 1248 esse,
1372 1223 1404 1243 ac
1426 1222 1531 1242 summa
1555 1222 1617 1241 cum
1644 1213 1792 1248 ignominia

1004 1262 1139 1296 judicium
1163 1262 1280 1289 subiisse
1295 1272 1300 1289 :
1317 1269 1433 1296 cumque
1455 1269 1483 1288 se
1501 1261 1616 1295 legibus,
1628 1267 1661 1287 ex
1677 1267 1794 1294 quarum

1007 1307 1168 1343 praescripto
1181 1308 1231 1335 sibi
1257 1308 1394 1343 judicandi
1415 1307 1550 1342 provincia
1566 1306 1714 1334 commissa
1732 1305 1794 1332 l'ue-

1008 1359 1058 1386 rat,
1076 1360 1208 1387 tueretur,
1228 1355 1295 1382 nihil
1310 1354 1419 1389 propius
1439 1353 1539 1381 factum
1567 1360 1629 1380 esse
1655 1360 1739 1387 quatit
1765 1356 1794 1378 ut

1008 1401 1040 1428 ad
1057 1406 1169 1428 mortem
1188 1406 1327 1436 raperetur
1346 1409 1353 1426 :
1368 1400 1401 1427 ad
1416 1404 1568 1427 extremum
1586 1404 1676 1426 autem
1706 1398 1792 1432 impe-

1008 1447 1106 1473 ratoris
1121 1446 1264 1473 clementia
1281 1445 1383 1474 exsilio
1394 1445 1525 1472 duntaxat
1542 1445 1698 1472 mulctatum
1714 1443 1795 1470 esse?

1013 1491 1097 1519 Porro
1114 1499 1194 1526 quam
1215 1491 1344 1526 praeclara
1367 1496 1394 1518 et
1417 1492 1534 1518 humana
1553 1491 1705 1518 sententia!
1721 1489 1793 1522 Quid

1008 1538 1076 1565 enim
1091 1546 1182 1573 grave,
1200 1538 1288 1572 inquit
1314 1537 1402 1572 justus
1415 1537 1508 1572 judex,
1525 1537 1690 1571 minimeque
1709 1536 1790 1563 Chri-

1008 1583 1110 1610 stianos
1131 1591 1304 1619 persequens,
1333 1585 1355 1610 si
1374 1593 1468 1610 utullus
1493 1592 1546 1610 una
1568 1584 1672 1618 gentili:
1698 1583 1786 1609 decem

1007 1628 1132 1657 Calilaros
1162 1630 1314 1664 interfecit?
1341 1629 1404 1657 llaec
1434 1637 1497 1656 vero
1536 1638 1625 1656 annon
1654 1629 1792 1663 lerspicua

1008 1676 1174 1704 crudelitas?
1191 1683 1279 1703 annon
1292 1676 1488 1711 persecutionis
1498 1676 1627 1708 edictum,
1643 1682 1668 1702 et
1682 1675 1790 1708 quidem

1009 1724 1042 1750 iis
1059 1731 1119 1758 qua:
1145 1724 1250 1758 publice
1276 1729 1475 1758 proponuntur,
1491 1724 1575 1750 multo
1599 1724 1752 1758 expressius
1765 1728 1794 1749 et

1008 1769 1222 1796 formidabilius?
1238 1769 1307 1802 Quid
1322 1770 1392 1797 enim
1410 1770 1534 1801 interest,
1550 1769 1698 1804 periculum
1713 1768 1793 1795 Chri-

1007 1814 1104 1842 stianis
1117 1815 1209 1842 edicas
1222 1821 1302 1849 atque
1314 1815 1480 1850 promulges,
1493 1823 1527 1840 an
1543 1820 1566 1841 te
1576 1814 1792 1841 Christianorum

1007 1861 1226 1894 persecutoribus
1253 1861 1383 1889 delectari
1411 1869 1466 1894 pra:
1487 1866 1514 1887 te
1543 1860 1624 1892 feras,
1648 1859 1793 1894 magnique

1008 1904 1128 1932 criminis
1141 1905 1199 1932 loco
1217 1904 1310 1937 ducas,
1326 1905 1513 1932 moderatione
1533 1905 1650 1938 quadam
1670 1910 1733 1937 erga
1745 1910 1794 1930 eos

165 1951 225 1977 uti?
244 1949 316 1977 Velle
338 1951 438 1977 ctenim
470 1951 653 1986 imperatoris,
668 1951 709 1978 lex
728 1956 769 1978 est
793 1959 845 1979 non
880 1952 993 1987 scripta,
1015 1952 1118 1987 imperii
1141 1957 1167 1979 et
1185 1953 1310 1988 potentize
1337 1953 1486 1987 patrocinio
1515 1956 1602 1986 septa,
1630 1955 1657 1978 et
1685 1949 1793 1984 quidem

169 1999 278 2032 scriptis
292 1997 406 2033 legibus,
420 2007 479 2032 qum
492 2001 608 2033 potentia
623 2008 674 2026 non
691 1999 848 2031 l'uleiuntur,
867 2000 944 2034 longe
965 2001 1068 2028 Iirtnior
1081 2005 1162 2035 atque
1174 2001 1316 2028 valentior.

200 2044 254 2077 ι,.ι’.
272 2044 320 2076 05,
335 2045 414 2078 φασὶν
432 2046 455 2071 οἱ
470 2045 505 2072 τὰ
517 2045 620 2072 ἐκείνου
631 2046 767 2077 σέϐοντες,
780 2046 826 2072 καὶ
838 2047 884 2073 τὸν
894 2047 954 2073 νέον

165 2091 230 2125 ἡμῖν
245 2089 305 2116 θεὸν
318 2090 544 2123 ἀναπλάττοντες,
554 2091 598 2118 τὸν
614 2091 678 2127 ἡδὺν
692 2092 738 2118 καὶ
752 2092 952 2128 φιλάνθρωπον·

166 2136 222 2162 ἀλλ’
237 2136 276 2162 ὅτι
294 2137 332 2172 μὴ
345 2136 470 2172 δημοσίᾳ,
486 2137 677 2164 διωκὲσθωσαν
694 2138 954 2174 Χριστιανοὶ,προῦ-

166 2182 244 2215 θηκε,
261 2183 308 2208 καὶ
317 2183 405 2209 πάντα
419 2184 610 2218 πααχέτωσαν,
625 2184 675 2210 ὅπα
684 2183 758 2210 δοκεῖ
776 2185 831 2216 τοῖς
844 2185 955 2212 διώκου-

1042 2047 1133 2075 XCIV.
1154 2047 1211 2075 Non
1228 2048 1263 2074 ita
1280 2052 1332 2080 est,
1349 2048 1485 2082 inquiunt,
1502 2053 1547 2080 qui
1564 2053 1607 2072 res
1622 2045 1693 2072 illius
1709 2052 1791 2073 vene-

1007 2099 1110 2126 rantur,
1127 2101 1281 2127 novumqne
1294 2094 1372 2121 deum
1385 2093 1459 2120 illum
1477 2092 1555 2120 nobis
1569 2091 1711 2126 cﬂingunt,
1727 2098 1791 2118 sna-

1007 2147 1077 2170 vem,
1096 2139 1224 2173 inquam,
1241 2139 1314 2165 illum
1332 2144 1358 2166 ct
1373 2139 1516 2173 benignum
1533 2146 1539 2164 :
1556 2144 1648 2164 verum
1661 2136 1723 2170 quia
1745 2143 1791 2162 ne-

1008 2192 1139 2218 quaquam
1158 2189 1250 2217 aperte
1268 2184 1450 2219 promulgavit
1462 2205 1468 2217 ,
1492 2187 1521 2209 ut
1536 2182 1682 2210 Christiani
1705 2189 1790 2208 vexa-

167 2234 218 2260 mv,
239 2228 362 2262 ἀφιέντες
384 2229 465 2255 αὑτὸν
492 2229 541 2263 τῆς
568 2229 614 2255 τοῦ
643 2228 751 2255 διώκειν
779 2230 879 2261 αἰτίας.
901 2231 955 2265 Τὴν

1009 2234 1111 2262 rentur,
1129 2236 1210 2264 atque
1223 2237 1253 2257 ea
1269 2231 1360 2257 omnia
1379 2235 1545 2264 paterentur,
1561 2235 1620 2263 qua!
1634 2233 1790 2262 persecuto-

167 2271 248 2307 i58p1v
264 2272 321 2308 (5|)
332 2273 359 2299 δὲ
377 2274 464 2304 οὐδεὶς
477 2273 586 2300 πώποτε
603 2272 679 2300 εἶπεν
694 2274 807 2309 ἥμερον,
818 2274 858 2300 ὃτι.
877 2275 954 2301 ἐννέα

166 2317 287 2352 κεφαλὰς
308 2318 368 2344 ἀντὶ
395 2319 459 2354 μιᾶς
484 2319 679 2354 προύϐάλλετο,
705 2318 731 2343 εἴ
752 2327 778 2344 τι
806 2318 844 2353 τῷ
876 2319 954 2355 μύθῳ

201 2396 257 2432 (25)
276 2396 383 2430 Δῆλον.
404 2396 475 2432 Pass
489 2396 586 2432 δηλῶν.

202 2433 258 2464 (24)
278 2431 461 2465 Καισαρέων,
476 2431 530 2459 etc.
547 2442 555 2458 ι
571 2433 600 2458 In
614 2433 679 2459 urbe
692 2432 862 2464 Caesariensi,
879 2442 887 2457 ι
907 2433 950 2459 iit-

166 2467 225 2502 quit
239 2467 321 2498 Elias,
338 2476 347 2492 r
365 2471 423 2493 eral.
439 2467 567 2501 tetnplum
587 2468 730 2500 quoddam,
744 2473 770 2495 et
781 2473 867 2495 statua
883 2467 951 2494 For—

167 2501 249 2534 tnnaa,
263 2510 342 2534 quain
360 2501 488 2537 majorem
511 2502 536 2529 in
561 2503 669 2529 modum
685 2504 807 2529 colebant
826 2503 951 2537 gentiles,

167 2543 248 2571 atque
264 2535 538 2571 imprimislulianns,
553 2537 671 2564 omnium
688 2535 841 2565 mortalium
856 2546 950 2572 super-

168 2572 379 2599 stitiosissimus.
395 2572 450 2599 lloc
470 2576 559 2599 autem
576 2572 702 2606 templum
722 2573 802 2600 slmttl
821 2581 881 2600 ctnn
897 2579 951 2599 sta-

167 2612 223 2638 tua,
240 2606 413 2633 Caesariensis
427 2607 572 2641 quispiam,
585 2608 681 2634 acriori
699 2608 797 2640 pietate
812 2608 948 2641 praeditus,

168 2642 287 2669 incendit
302 2647 382 2676 atque
398 2643 423 2668 in
439 2643 557 2669 cinerem
573 2643 685 2676 redegit.
698 2643 787 2670 Iratus
802 2643 949 2670 Utlisnt‘lell-

167 2677 242 2704 silius
267 2677 400 2709 Julianus,
424 2685 470 2704 eos
488 2677 657 2704 contumeliis
682 2677 793 2705 allectos
818 2678 952 2704 diuturnis

169 2712 308 2738 mulctavit
332 2712 451 2743 exsiliis,
474 2712 612 2746 ipsamque
641 2711 752 2744 urbem,
777 2712 952 2747 Cappadociae

168 2747 354 2782 tnctropolim,
365 2754 380 2772 e
393 2747 532 2774 civitatum
552 2747 673 2782 catalogo
688 2748 827 2781 expttnxit.
842 2757 850 2772 ι

203 2782 259 2817 (25)
281 2781 385 2808 Οὐδέν.
402 2781 468 2809 Tres
505 2782 599 2817 Rrgg.,
625 2790 692 2809 unus
716 2783 793 2809 Colb.
815 2787 842 2809 et
858 2783 904 2810 0r.
926 2783 951 2816 1,

166 2816 236 2843 οὐδὲ.
248 2817 322 2842 Pass.
335 2817 444 2843 omittit.

203 2852 258 2885 (26)
284 2851 335 2877 Ἐν
349 2850 440 2884 καιρῷ
456 2851 511 2886 τῆς
524 2851 673 2885 εὐτυχίας.
690 2851 791 2886 Billius,
811 2861 820 2878 ι
836 2853 953 2880 melioris

168 2885 281 2914 fortuna:
298 2892 426 2919 tempore.
447 2897 455 2912 ι

204 2921 260 2956 (‘27)
286 2921 469 2957 Ἀπαγαγών.
501 2921 606 2955 Billius,
636 2930 647 2949 ς
667 2921 808 2956 abductis;
831 2932 842 2948 ι
867 2922 954 2956 Elius,

1010 2276 1085 2302 ribus
1099 2276 1247 2303 collibitum
1269 2281 1351 2308 esset,
1368 2277 1470 2304 idcirco
1483 2283 1545 2303 eum
1563 2283 1576 2301 a
1594 2273 1790 2309 persecutionis

1008 2321 1121 2348 crimine
1137 2322 1286 2350 vindicant.
1313 2323 1402 2357 Atque
1429 2323 1542 2358 hydram
1567 2329 1646 2348 nemo
1672 2327 1790 2354 unquam

1006 2408 1016 2424 ι
1032 2399 1123 2432 procul
1139 2407 1152 2425 ιι
1173 2400 1230 2427 solo
1245 2401 1330 2432 patrio
1346 2400 1439 2434 pulsis.
1459 2409 1468 2425 ι

1039 2434 1096 2468 (28)
1123 2435 1285 2470 Ἀναχθείς.
1300 2445 1309 2460 ι
1326 2435 1435 2462 Delatus
1445 2436 1477 2461 ad
1489 2435 1707 2469 imperatorem,»
1720 2437 1789 2470 sive,

1007 2478 1016 2495 ι
1033 2470 1064 2496 ad
1083 2469 1253 2503 imperatoris
1268 2470 1385 2497 tribunal
1401 2475 1511 2497 tractus.
1529 2481 1538 2496 ι

1042 2503 1097 2538 (29)
1122 2505 1337 2539 Ἀνάρπαστος.
1349 2505 1561 2532 Prmtermissuni
1575 2513 1590 2541 ξι
1603 2505 1694 2538 Billio;
1709 2514 1789 2541 agno-

1005 2545 1084 2565 scunt
1099 2544 1187 2568 tamen
1208 2548 1273 2566 mss.
1289 2546 1316 2566 et
1330 2540 1420 2567 excusi
1437 2548 1541 2568 (uiriles.
1557 2540 1615 2567 Non
1633 2542 1701 2568 male
1718 2540 1788 2569 hunc

1001 2574 1087 2601 locum
1113 2576 1153 2602 sic
1182 2576 1349 2602 reddideris:
1370 2585 1379 2600 ι
1395 2575 1470 2609 cujus
1496 2576 1533 2602 rei
1561 2583 1662 2608 causa,
1686 2576 1790 2609 judicio

1000 2611 1126 2643 abrogata
1145 2610 1167 2636 ei
1185 2610 1325 2643 dignitate,
1343 2609 1430 2636 ollieio
1448 2615 1535 2637 motus
1549 2616 1598 2638 est.
1618 2620 1628 2636 ι

1035 2645 1090 2682 (ὅθ)
1117 2645 1346 2682 Ἑνίιργέστερον
1360 2645 1419 2672 καί.
1435 2644 1558 2679 Plerique
1574 2645 1652 2672 codd.
1678 2646 1789 2682 ἐναργὲ-
1807 2663 1809 2665 ι

1002 2681 1095 2714 στερόν
1110 2689 1139 2706 τε
1153 2681 1209 2706 καί.

1038 2715 1092 2749 (51)
1115 2715 1308 2748 Thr—"mpure.
1331 2725 1340 2740 ι
1357 2714 1457 2749 llydra,
1472 2723 1483 2739 ι
1500 2714 1575 2749 juxta
1606 2720 1708 2748 poetas,
1730 2721 1789 2743 erat

1004 2757 1114 2783 serpens
1140 2751 1265 2777 immanis
1288 2751 1314 2776 in
1338 2750 1559 2784 Lernarpalnde,
1584 2757 1668 2784 prope
1691 2751 1788 2784 Argos.

1006 2784 1072 2812 lluic
1086 2791 1186 2820 septem
1216 2785 1304 2818 Capita
1329 2785 1369 2811 sic
1392 2783 1447 2820 uni
1462 2783 1531 2810 collo
1546 2783 1742 2820 inserebantur,
1759 2791 1790 2812 ut

1005 2828 1064 2846 cum
1079 2818 1159 2846 tinum
1179 2820 1390 2849 exseinderetur.
1415 2818 1467 2845 alia
1483 2820 1566 2846 multa
1587 2819 1789 2854 repullularenl.

1005 2854 1100 2881 Omnia
1112 2855 1191 2882 simul
1202 2855 1295 2882 eodem
1309 2854 1364 2881 ictu
1379 2853 1508 2883 Hercules
1520 2855 1648 2888 abscidit,
1659 2860 1704 2882 aut
1716 2856 1788 2890 igne,

1006 2895 1032 2917 ut
1047 2890 1091 2918 alii
1108 2890 1229 2923 tradunt,
1241 2890 1354 2918 exussit.
