2071 3133
180 172 233 201 €29

682 175 812 204 ORATIO
830 177 877 204 IV.
897 193 932 197 —
951 177 1090 206 CONTRA
1109 177 1281 206 IULIANUM
1300 177 1319 203 l.

1751 175 1802 203 650
1818 184 1819 189 ‘

177 231 292 265 φολίδες,
309 232 336 259 αἱ
350 233 399 268 μὲν
413 234 463 269 ήδη
477 233 646 270 φρίσσουσιν,
659 236 685 261 ai
705 235 732 262 δὲ
749 245 966 271 επιφρισσουσιν,

1023 240 1195 269 moravimus,
1214 238 1300 264 multo
1316 236 1505 264 inbumaniora
1521 240 1547 263 et
1568 236 1720 264 crudeliora
1737 235 1804 263 luis-

175 278 204 303 αί
222 277 250 303 δὲ
264 278 401 312 μέλλουσι,
422 279 472 311 τὰς
491 280 519 307 δὲ
533 281 583 307 οὑκ
605 280 662 307 ἔστι
689 282 725 317 μὴ
741 282 894 317 κινηθῆναι,
912 283 964 309 κᾶν

177 322 329 357 ἠρεμοῦσαι
352 323 421 355 τέως
445 324 625 359 τυγχάνωσιν·
649 325 673 350 εί
699 325 787 359 βούλει
812 326 849 357 δὲ,
872 325 965 362 ὥσπερ

177 368 314 403 κεραυνῷ,
346 369 381 396 τὰ
394 370 443 405 μὲν
458 371 508 406 ἤδη
525 371 669 405 κατέχεται
687 371 753 403 (48),
767 371 801 397 τὰ
815 371 842 398 δὲ
864 380 967 407 προμε-

178 411 309 444 ὶαίνετοιι,
333 415 430 450 μέχρις
451 416 484 442 ἂν
504 416 651 442 καὶταῦτα
674 416 773 452 ἐπέλθῃ
805 417 851 442 τοῦ
880 416 965 443 κακοῦ

178 456 393 493 δυναστεύοντος,
405 459 475 486 οὕτω
487 461 605 496 κάκείνῳ
614 461 647 487 τὰ
654 461 702 496 μὲν
711 461 761 496 ἤδη
772 463 965 496 παρηνομεῖτο,

178 502 250 529 τὰδὲ
266 504 438 540 ὑπεγράςρετο
451 506 510 537 ταῖς
525 506 615 532 ἐλπίσι
642 506 689 532 καὶ
711 507 771 537 ταῖς
796 507 858 533 καθ’
885 507 966 542 ἡμῶν

179 548 312 581 ἀπειλαῖς·
336 551 382 577 καὶ
397 550 482 577 ταῦτα
494 551 580 583 οὕτως
600 551 717 595 ἔκτοπον
733 553 780 578 καὶ
791 552 884 587 πόρρω
912 551 966 578 τῶν

178 595 406 630 ﬂammma;
429 598 477 632 τῆς
506 598 610 624 ἐκείνου
633 598 751 630 διανοίας
776 596 844 624 εἶναι.
871 598 964 634 μόνης,

178 641 265 668 ταῦτα
281 644 328 669 καὶ
345 642 548 677 βουλεύσασθαι,
573 644 619 670 καὶ
634 644 673 676 είς
686 644 765 680 ἔργον
778 645 893 679 ἀγαγεῖν
909 644 966 670 ὲοε-

179 685 269 721 λῆσαι,
297 688 383 714 καίτοι
403 688 507 715 πολλῶν
523 689 576 725 πρὸ
597 689 680 716 αὑτοῦ
706 689 895 725 γεγενημένων
910 689 964 725 (49)

178 731 300 760 διωκτῶν
313 734 360 760 καὶ
375 734 512 769 πολεμίων
530 736 712 770 Χριστιανοῖς.

1017 287 1088 310 sent.
1108 282 1339 316 Quemadmodum
1355 282 1427 309 enim
1443 290 1505 309 cum
1521 282 1603 309 draco
1620 282 1722 309 moveri
1737 282 1803 308 inci-

1018 329 1075 363 pit,
1088 336 1208 362 squamae
1233 327 1292 361 ejus
1315 327 1413 361 partim
1429 327 1486 361 jam
1503 327 1682 360 horrescunt,
1705 327 1802 362 partim

1019 373 1281 408 superhorrescunt,
1308 373 1407 407 partim
1428 380 1490 400 mox
1512 373 1688 406 horrescent,
1706 373 1803 407 partim

1020 419 1136 453 denique
1158 427 1211 446 non
1227 423 1343 454 possunt
1357 426 1411 446 non
1431 419 1537 446 tandem
1559 419 1680 450 moveri,
1698 418 1804 446 etiamsi

1019 465 1046 491 in
1059 472 1179 499 praesens
1191 465 1289 499 quietre
1301 472 1333 492 ac
1345 464 1496 499 tranquillze
1511 465 1567 491 sint
1580 473 1588 492 :
1603 468 1660 496 aut,
1672 463 1696 491 si
1707 463 1802 495 maris.

1019 512 1245 545 quemadmodum
1267 510 1378 538 fulmine
1401 510 1460 537 aliae
1484 515 1578 545 partes
1597 510 1653 544 jam
1669 518 1804 544 occupan-

1021 561 1075 588 tur.
1090 557 1150 584 alia:
1165 557 1274 591 nigrore
1288 557 1364 591 prius
1379 556 1546 589 inliciuntur,
1565 556 1654 590 quoad
1670 563 1716 583 eas
1733 555 1804 582 malo

1018 609 1125 636 quoque
1139 602 1297 629 dominante
1312 602 1465 636 pervaserit
1479 609 1486 628 :
1505 602 1545 629 sic
1557 602 1638 628 etiam
1655 601 1688 628 ab
1705 609 1737 628 eo
1751 601 1804 628 alia
1817 618 1820 620 -

1016 645 1071 681 jam
1089 647 1180 682 inique
1194 652 1221 674 et
1235 648 1366 674 scelerate
1382 647 1570 683 patrabantur,
1585 647 1636 674 alia
1649 655 1696 682 spe
1709 652 1736 674 et
1752 648 1804 674 mi:

1019 692 1078 724 nis,
1094 700 1162 727 quas
1180 693 1257 720 nobis
1272 694 1448 726 intendebat,
1463 693 1537 720 velut
1553 693 1817 725 adttmbrabanlttr,-

1020 745 1107 772 eaque
1122 739 1158 765 ita
1173 739 1290 766 absurda
1305 745 1332 766 et
1345 740 1488 773 inusitata,
1504 745 1534 766 ut
1546 740 1572 767 in
1588 740 1659 767 illius
1673 740 1805 767 duntaxat

179 784 299 805 mentem
311 780 362 807 ltoc
373 780 469 807 cadere
482 786 581 815 posset,
598 786 626 806 ut
643 781 697 807 ha‘c
711 781 849 814 cogitaret,
862 785 889 808 et
903 779 1009 809 eﬂicere
1019 783 1106 816 vellet,
1124 786 1229 812 tametsi
1246 785 1345 821 alioqui
1375 785 1450 812 ntulti
1481 790 1542 813 ante
1574 793 1635 813 eum
1670 785 1802 812 Christia—

180 831 276 851 norum
292 831 481 859 persecutores
498 831 524 853 et
542 827 633 852 hostes
648 826 825 854 exstitissent.

215 872 278 904 ις’.
304 872 337 897 ’Δ
361 873 416 907 γὰρ
442 873 511 906 μήτε
537 872 736 907 Διοκλητιανδς,
750 873 765 898 ὁ
787 871 894 907 πρῶτος
909 872 964 907 (50)

1053 872 1133 907 129
1147 872 1238 900 XCVI.
1259 872 1326 899 Nam
1347 879 1406 907 qum
1422 880 1556 907 nunquam
1574 876 1602 900 in
1621 881 1742 901 animum
1761 874 1804 900 in-

179 916 322 952 ἐνυϐρίσας
329 918 509 953 Χριστιανοῑς,
520 918 588 952 μήτε
596 919 610 944 ὀ
619 917 712 944 τοῦτον
724 917 900 953 ἐκδεξάμενος
913 917 969 953 (51)

179 963 226 988 καὶ
239 963 401 997 ὑπερϐαλὼν
420 963 590 998 Μαξιμιανὸς
605 962 759 998 ἐνεθυμήθη
769 962 888 994 πώποτε,
903 964 970 998 μήτε

180 1008 341 1044 Μαξιμῖνος,
358 1010 372 1035 ὀ
390 1009 448 1043 μετ’
464 1009 595 1041 ἐκείνους,
609 1009 656 1035 καὶ
681 1009 750 1044 ὑπὲρ
765 1010 886 1041 ἐκείνους
907 1009 970 1037 διώ-

180 1062 249 1087 κτης
266 1050 307 1088 (οὗ
320 1054 354 1081 τὰ
381 1054 502 1089 σύμϐολα
518 1055 574 1090 (5⁸2)
584 1055 635 1090 τῆς
653 1056 698 1082 ἐπὶ
709 1055 797 1090 τούτῳ
817 1055 923 1091 πληγῆς
943 1057 971 1083 al.

180 1099 284 1130 εἰκόνες
306 1099 436 1134 φέρουσιν
454 1099 494 1126 ἔτι
511 1100 629 1135 δημοσίᾳ
643 1100 832 1136 προκείμεναι,
850 1102 896 1127 καὶ
909 1109 972 1136 στη-

180 1144 333 1172 λιτεύουσαι
356 1145 405 1179 τὴν
426 1144 517 1180 λώϐην
531 1145 578 1172 τοῦ
598 1145 743 1180 σώματος),
759 1146 846 1172 ταῦτα
868 1147 971 1177 ἐκεῖνος

179 1190 308 1217 διενοεῖτο
327 1191 387 1226 μὲν.
401 1191 439 1222 ὡς
454 1192 479 1217 οί
501 1191 555 1218 τῶν
574 1191 739 1228 ἀπορρήτων
756 1192 861 1218 ἐκείνου
879 1201 972 1219 κοινω-

181 1235 221 1261 νοὶ
234 1236 281 1262 καὶ
301 1237 449 1272 μάρτυρες·
471 1237 607 1272 ἐπεσχέθη
626 1238 682 1272 (55)
695 1238 724 1264 δὲ
738 1240 770 1273 τῇ
788 1238 835 1265 τοῦ
847 1238 913 1265 Θεοῦ
928 1247 972 1273 φι-

181 1281 349 1318 λανθρωπίᾳ,
367 1283 416 1309 καὶ
442 1284 498 1314 τοῖς
513 1284 683 1319 Χριστιανῶν
709 1283 765 1318 (54)
786 1284 927 1320 δάκρυσιν,
954 1284 972 1311 ὃ.

183 1327 267 1354 πολλὰ
294 1328 326 1363 δὴ
340 1328 387 1355 καὶ
400 1329 476 1364 παρὰ
491 1329 596 1355 πολλῶν
611 1329 695 1365 ὲχέθη
711 1329 777 1366 (55),
797 1330 876 1356 τοῦτο
893 1330 971 1365 μόνον

183 1373 301 1408 ἑχόντων
321 1373 392 1400 κατὰ
408 1374 455 1400 τοῦ
473 1374 587 1401 διώκτου
609 1376 764 1411 φάρμακον·
780 1375 867 1402 ταῦτα.
881 1376 910 1402 δὲ
937 1374 972 1411 ἦν

183 1417 273 1452 πάσης
298 1418 346 1453 μὲν
363 1419 519 1454 παρρησίας
543 1420 756 1455 ἀποστερεῖσθαι
784 1421 971 1456 Χριστιανοὺς,

184 1463 292 1490 πάντων
322 1463 350 1490 δὲ
379 1465 478 1496 αὐτοὺς
509 1465 649 1501 εἴργεσθαι
677 1465 829 1500 συλλόγων,
853 1466 970 1502 ἀγορῶν,

183 1509 372 1545 πανηγύρεων,
396 1510 450 1536 τῶν
467 1511 648 1546 δικαστηρίων
665 1511 767 1538 αὐτῶν·
782 1511 819 1546 μὴ
835 1511 890 1547 γὰρ
904 1512 972 1544 ἑξεῖ-

182 1564 226 1582 ναι
255 1555 403 1590 κεχρῆσθαι
418 1556 534 1588 τούτοις,
549 1557 623 1588 ὅστις
646 1557 683 1592 μὴ
709 1557 779 1583 κατὰ
801 1557 855 1583 τῶν
872 1557 972 1592 βωμῶν

184 1601 341 1636 θυμιάσειεν
355 1601 509 1638 ἔμπροσθεν
523 1603 656 1638 κειμένων
671 1603 737 1638 (56),
750 1603 797 1630 καὶ
813 1603 906 1638 μισθὸν
915 1603 971 1638 δοίη

185 1647 272 1682 μέγαν
282 1647 353 1673 οὕτω
367 1647 414 1673 καὶ
430 1647 557 1674 τοσούτου
573 1648 745 1683 πράγματος.
760 1645 795 1674 Ὠ
809 1648 897 1682 νόμοι,
926 1648 973 1674 καὶ

185 1691 338 1726 νομοθέται,
352 1693 398 1718 καὶ
412 1692 540 1727 βασιλεῖς,
558 1692 583 1718 οἳ
598 1692 722 1728 καθάπερ
734 1692 849 1727 οὐρανοῦ
865 1692 972 1724 κάλλος,

186 1738 232 1764 καὶ
248 1738 323 1773 ἡλίου
338 1739 405 1773 φῶς,
425 1739 472 1765 καὶ
497 1739 579 1776 ἀέρος
597 1739 685 1775 χύσις,
711 1739 797 1766 ἆπασι
815 1739 973 1774 πρόκεινται

187 1784 375 1819 φιλανθρωπία
389 1785 465 1820 κοινή
478 1794 507 1812 τε
523 1786 569 1812 καὶ
585 1785 711 1819 ἄφθονος,
730 1784 802 1811 οὕτω
813 1784 841 1810 δὲ
854 1785 901 1811 καὶ
923 1784 973 1820 τὴν

186 1829 240 1856 τῶν
254 1830 345 1865 νόμων
363 1831 507 1865 μετουσίαν
523 1830 669 1864 προθέντες
692 1829 794 1856 ἅπασιν
812 1830 972 1865 ἐλευθέροις,

187 1874 248 1910 ἴσην
261 1883 290 1902 τε
305 1875 352 1902 καὶ
365 1876 510 1911 ὀμότιμονί
535 1873 569 1909 ἧς
584 1877 686 1906 ἐκεῖνος
700 1876 896 1910 ἀποστερήσειν
918 1867 974 1909 (57)

186 1920 312 1947 διενοεῖτο
320 1920 508 1955 Χριστιανούς·
523 1921 560 1952 ὡς
572 1921 639 1955 μήτε
658 1920 882 1956 τυραννουμένοις
898 1921 974 1952 δίκας

188 1966 286 1998 ἐξεῖναι
300 1966 402 1997 λαϐεῖν,
414 1967 482 2001 μήτε
498 1966 691 2002 ζημιουμένοις
704 1968 743 1998 εἰς
755 1967 893 2002 χρήματα.
908 1967 976 2001 μήτε

188 2011 251 2038 ἄλλο
261 2020 286 2037 τι
301 2011 432 2046 πάσχουσι
450 2011 577 2046 μικρὺνῆ
602 2013 693 2047 μεῖζον
711 2011 766 2038 τῶν
785 2001 977 2046 ἀπηγορευμέ-

185 2064 241 2083 νων
252 2056 307 2092 (58)
331 2057 533 2092 ὲπικουρεῖσθοιι
626 2059 683 2089 τοῖς
698 2058 799 2092 νόμοις·
816 2058 872 2084 ἀλλ’
887 2058 975 2093 ἐξορί-

190 2111 269 2134 στους
290 2101 369 2136 εἶναι,
387 2104 433 2130 καὶ
457 2104 636 2140 ἀναιρεῖσθαι,
658 2105 705 2130 καὶ
720 2105 817 2140 μικροῦ
837 2104 890 2130 τῶν
911 2106 975 2131 ἁνα-

226 2193 282 2237 (ιίὸ)
301 2193 470 2237 βάτέχεςται.
486 2195 568 2223 Coisl.
586 2194 612 2228 2,
629 2199 656 2222 et
668 2195 741 2224 Pass.
760 2195 878 2228 καίεται,
895 2204 904 2220 ‹
918 2195 976 2222 alite
991 2209 1014 2237 η

190 2235 282 2263 partes
298 2229 352 2262 jam
365 2230 468 2255 ardent.
486 2239 494 2255 ι

302 2264 530 2303 Ῐξειτοενηέιένωνλ
541 2264 835 2303 (ξοιιιὶιεί.ῌγενομέιιωνι

226 2299 296 2334 (50)
322 2299 353 2325 '0
369 2299 492 2334 πρῶτος.
514 2299 602 2326 Schol.
621 2300 727 2334 πρῶτος
748 2300 803 2326 τῶν
827 2301 855 2326 ὲν
878 2299 973 2334 ἐκείνῳ

191 2333 328 2368 διωγμῶν,
347 2333 504 2370 τοῦτ’νέστι,
525 2334 564 2369 τῷ
588 2333 703 2370 ἐσχάτῳ.
723 2344 732 2360 ι
750 2335 854 2362 Primus
878 2335 903 2361 in
930 2333 973 2361 illa

192 2369 429 2404 persecutione.rid
444 2374 494 2401 est,
507 2370 658 2404 posteriori,
675 2369 684 2395 ι
698 2378 757 2400 seu.
769 2370 881 2399 decima.
894 2378 973 2404 quam

193 2403 275 2430 movit
290 2403 484 2439 Diocletianus;
501 2405 553 2436 vel,
568 2414 577 2429 ι
591 2404 666 2438 cujus
681 2405 840 2439 principium
855 2403 951 2436 fuerat,
963 2414 971 2430 ι

194 2443 224 2474 ut
244 2446 305 2465 cum
321 2437 461 2466 Lactantio
476 2439 569 2473 loquar
583 2437 642 2473 cap.
663 2441 706 2469 10,
724 2437 858 2466 οβἠιονιε
876 2447 972 2474 perscc.

194 2473 261 2500 'l'rcs
279 2481 394 2507 namque
411 2474 588 2500 atrocissima:
606 2473 933 2506 Diocletiani,Maximiani
949 2479 975 2500 et

192 2509 330 2535 Maximini
346 2509 547 2539 persecutiones
557 2509 614 2536 sine
625 2510 676 2536 ulla
691 2510 889 2536 intermissione
900 2510 977 2536 Chri-

193 2544 294 2570 stianos
309 2543 468 2570 aliiixerunt.
489 2544 596 2570 Primus
611 2549 699 2571 autem
719 2545 817 2571 dicitur
832 2544 976 2571 Diocletia-

194 2585 254 2610 nus,
270 2587 279 2603 ι
297 2586 350 2604 non
364 2579 434 2612 quod
446 2580 575 2614 temporis
588 2579 701 2608 ratione,
717 2589 726 2605 ι
744 2580 782 2606 ait
795 2579 875 2610 Elias,
893 2589 901 2604 ι
918 2587 977 2612 per-

194 2618 346 2640 secuturum
364 2613 484 2639 omnium
509 2615 611 2648 primus
636 2614 787 2646 exstiterit;
809 2614 886 2640 multi
904 2614 975 2640 cnim

194 2654 257 2674 ante
280 2648 366 2683 ipsum
389 2648 556 2676 Christianos
583 2649 715 2683 persecuti
739 2653 817 2680 sunt.
843 2649 888 2676 sed
915 2650 977 2682 quia

194 2683 297 2716 primus
315 2682 386 2708 illam
401 2682 612 2718 perseeutioncm
629 2685 766 2716 excitavit,
777 2691 837 2718 qua:
853 2685 902 2711 sub
920 2683 978 2716 ejus

195 2717 397 2744 successoribus
424 2716 587 2746 Maximiano
614 2724 641 2746 et
669 2716 815 2746 Maximino
841 2724 977 2752 protracta

195 2757 245 2778 est.
269 2762 278 2777 ι

232 2787 287 2822 (Erl)
310 2786 532 2822 Ἐκδεξάμενος.
558 2786 640 2815 Coisl.
667 2787 700 2819 2,
717 2791 744 2815 ct
762 2787 837 2816 Pass.
857 2787 981 2820 διαδεξά-

219 2829 285 2853 ενος.

307 2855 348 2892 οὗ
363 2856 397 2883 τὰ
411 2857 556 2891 σύμϐολα.
575 2866 584 2882 ι
603 2857 693 2884 Divina
707 2857 756 2889 ira,
773 2868 782 2884 ι
802 2858 979 2892 inquitElias,

199 2899 212 2919 ι
228 2899 288 2919 eum
305 2891 503 2928 (Maximinum)
516 2898 656 2927 persecuta
673 2897 724 2926 est,
737 2891 891 2929 virgamque
903 2901 981 2922 suam

1023 919 1170 951 duxerunt,
1184 926 1233 945 nec
1247 918 1440 951 Diocletianus,
1455 919 1500 952 qui
1514 919 1618 953 primus
1633 919 1806 946 Christianos

1021 964 1193 992 contumeliis
1210 964 1311 996 affecit,
1330 972 1379 991 nec
1393 964 1582 996 Maximianus,
1598 965 1643 1000 qui
1660 966 1683 992 ei
1699 973 1806 993 succes-

1021 1010 1066 1042 sit,
1079 1017 1195 1044 eumque
1207 1010 1362 1043 superavit;
1377 1017 1426 1037 nec
1438 1009 1553 1044 denique
1565 1010 1736 1041 Maximinus,
1748 1012 1807 1044 qui,

1021 1061 1051 1082 ut
1065 1059 1185 1089 tempore
1198 1055 1250 1082 illis
1263 1056 1408 1090 posterior,
1433 1056 1469 1082 ita
1492 1056 1690 1090 persecutionis
1709 1057 1807 1083 atroci-

1022 1105 1076 1128 tate
1092 1101 1214 1135 superior
1233 1100 1281 1127 fuit
1298 1101 1396 1136 (cujus
1415 1101 1491 1136 signa
1517 1101 1601 1135 plagae
1621 1102 1654 1128 ob
1670 1109 1729 1128 eam
1751 1109 1806 1128 rem

1021 1152 1156 1180 acceptae,
1175 1147 1307 1180 imagines
1328 1150 1355 1174 et
1377 1152 1473 1174 stature
1490 1146 1581 1174 ferunt
1600 1147 1705 1182 publice
1719 1148 1808 1174 adhuc

1021 1196 1190 1227 prostantcs,
1209 1191 1363 1225 foedamque
1382 1191 1505 1227 corporis
1525 1192 1720 1220 mutilationem
1736 1199 1808 1219 sein—

1022 1237 1125 1272 pitcrna
1147 1237 1256 1264 infamia
1275 1237 1429 1273 notantes),
1447 1238 1503 1265 ha‘e
1521 1238 1564 1264 ille
1580 1238 1687 1271 quidem
1706 1239 1809 1272 cogita-

1023 1282 1084 1314 bat,
1102 1287 1130 1309 ut
1146 1287 1259 1309 narrant
1279 1282 1323 1316 qui
1341 1289 1504 1309 arcanorum
1523 1282 1594 1309 illius
1615 1283 1761 1317 participes
1776 1290 1808 1309 ae

1024 1333 1106 1356 testes
1118 1333 1215 1356 erant:
1231 1336 1323 1355 verum
1341 1329 1385 1355 Dei
1401 1329 1569 1364 benignitate
1582 1328 1714 1356 inhibitus
1727 1334 1807 1362 atque

1023 1381 1164 1409 repressus
1189 1379 1246 1407 est,
1274 1374 1546 1409 Cltristiattorumque
1570 1375 1714 1409 lacrymis,
1739 1382 1807 1408 quas

1024 1419 1123 1446 mttltas
1137 1419 1212 1445 multi
1229 1419 1416 1453 profuderunt,
1434 1419 1485 1446 hoc
1498 1426 1580 1445 unttm
1599 1420 1729 1446 adversus
1745 1426 1806 1453 per-

1024 1467 1174 1492 secutorem
1209 1465 1436 1491 medicamentum
1470 1463 1609 1490 habentes.
1637 1463 1806 1491 Christianos

1024 1511 1096 1537 enim
1112 1510 1185 1536 omni
1204 1510 1328 1537 libertate
1344 1515 1370 1537 et
1393 1510 1489 1536 liilucia
1507 1509 1641 1543 spoliare,
1659 1517 1759 1543 eosque
1774 1509 1808 1536 ab

1026 1556 1152 1583 omnibus
1171 1556 1360 1588 conventibus,
1373 1555 1451 1586 foris,
1466 1555 1579 1589 publicis
1592 1555 1716 1586 cmtibns,
1729 1554 1808 1588 ipsis—

1025 1609 1078 1636 que
1102 1601 1169 1628 adco
1190 1601 1368 1628 tribunalibus
1392 1608 1486 1628 arcere
1509 1600 1702 1628 constituebat.
1716 1600 1808 1634 Neque

1025 1648 1096 1674 enim
1115 1647 1154 1674 fas
1170 1655 1230 1675 esse
1245 1655 1407 1682 quentquam
1424 1647 1466 1673 bis
1483 1647 1539 1678 uti,
1555 1646 1600 1680 qui
1618 1646 1651 1672 ad
1668 1653 1728 1673 aras
1746 1651 1809 1672 ante

1025 1694 1177 1727 propositas
1200 1693 1278 1720 thura
1300 1701 1352 1720 non
1374 1693 1553 1725 adolevisset,
1572 1697 1726 1726 tantamque
1749 1697 1808 1718 tan-

1028 1738 1089 1764 tulm
1103 1739 1140 1765 rei
1155 1739 1307 1766 mercedem
1321 1739 1371 1765 hac
1384 1738 1490 1765 ratione
1502 1737 1682 1771 pependisset.
1693 1736 1715 1763 0
1727 1737 1808 1771 leges,

1024 1788 1051 1810 et
1069 1783 1254 1818 legislatores,
1277 1789 1303 1810 et
1328 1783 1482 1818 principes;
1501 1783 1564 1816 qui,
1584 1781 1809 1816 quemadmodum

1025 1829 1085 1856 mali
1109 1829 1299 1863 pulchritudo,
1322 1834 1349 1855 et
1366 1829 1431 1855 solis
1449 1828 1557 1859 lumen,
1583 1833 1611 1854 et
1635 1827 1706 1854 aeris
1726 1828 1808 1858 fusio,

1025 1874 1160 1900 commtmi
1172 1878 1199 1900 et
1211 1873 1320 1908 perenni
1334 1873 1509 1900 beneﬁcentia
1520 1873 1643 1900 Omnibus
1655 1877 1756 1908 patent,
1770 1873 1807 1899 sic

1025 1919 1113 1954 legum
1128 1926 1234 1953 quoque
1250 1927 1327 1946 usum
1344 1919 1437 1946 liberis
1457 1919 1583 1946 onmibus
1604 1919 1758 1946 hominibus
1777 1927 1808 1946 ex

1026 1973 1102 2000 atquo
1113 1966 1309 2000 proposuistis!
1326 1973 1404 1999 quem
1420 1969 1511 1992 tamen
1525 1965 1569 1992 ille
1580 1965 1743 1993 Christianis
1754 1967 1806 1992 cri-

1025 2019 1090 2046 pere
1111 2012 1135 2038 in
1158 2011 1249 2038 animo
1268 2011 1384 2038 habebat
1400 2020 1407 2039 :
1428 2015 1522 2038 utnec
1539 2018 1586 2045 per
1599 2012 1652 2038 vim
1674 2014 1808 2047 oppressis

1028 2057 1140 2090 injurias
1162 2064 1225 2083 suas
1246 2056 1347 2090 judicio
1372 2056 1496 2091 persequi
1517 2056 1630 2088 liceret,
1647 2065 1698 2084 ncc
1713 2058 1748 2090 ii,
1764 2059 1808 2091 qui

1028 2103 1202 2137 pecuniarum
1219 2108 1299 2137 atque
1312 2110 1393 2138 opum
1412 2103 1589 2134 detrimento,
1607 2108 1652 2129 aut
1668 2103 1722 2130 alio
1745 2111 1798 2138 quo

1028 2194 1055 2221 in
1071 2203 1131 2222 eum
1156 2195 1322 2223 immisit.....
1339 2203 1370 2222 ac
1386 2195 1469 2230 plaga:
1486 2195 1614 2222 divinitus
1631 2194 1680 2229 ipsi
1696 2194 1730 2221 ob
1749 2194 1806 2220 libi-

1030 2231 1118 2256 dinem
1142 2237 1169 2256 et
1191 2231 1354 2265 impietatem
1382 2231 1489 2257 inﬂictae
1508 2231 1581 2264 signa
1604 2235 1631 2256 et
1653 2234 1739 2265 notas,
1756 2235 1808 2255 tum

1027 2269 1123 2300 statua:
1149 2265 1247 2297 ferunt,
1273 2266 1430 2300 publiceque
1456 2269 1608 2298 prostantes
1628 2264 1764 2291 infantiam
1785 2265 1809 2291 ei

1025 2299 1146 2329 inurunt.
1162 2305 1217 2326 tum
1241 2299 1412 2327 historiarum
1433 2300 1549 2326 volumic
1587 2302 1619 2326 de
1636 2307 1667 2326 eo
1683 2305 1810 2334 tanquam

1026 2334 1189 2368 triumphum
1204 2341 1296 2368 agunt.
1313 2344 1322 2360 ι
1657 2336 1659 2339 ⁴

1061 2370 1117 2404 (55)
1144 2370 1315 2404 Ἐπεσχέθη.
1338 2370 1395 2396 Duo
1412 2370 1495 2404 Regg.
1515 2369 1622 2404 ἐσχέθη.

1061 2405 1121 2445 (54)
1146 2405 1209 2438 Τοῖς
1231 2404 1424 2439 Χριστιανῶν.
1448 2404 1514 2439 Reg.
1540 2405 1561 2436 l,
1586 2406 1642 2435 τοῖς
1665 2404 1720 2431 τῶν
1746 2405 1809 2441 Χρι-

1277 2474 1313 2501 Ita
1337 2482 1383 2502 sex
1410 2474 1505 2509 “933.,
1519 2479 1574 2501 tres
1595 2473 1667 2501 Colb.
1686 2480 1711 2503 et
1734 2475 1810 2502 Pass.

1026 2509 1112 2537 Paris.
1132 2511 1175 2536 ed.
1190 2509 1284 2545 ἐχύθη.

1062 2544 1117 2577 (hb’)
1135 2545 1343 2578 Θυμιάσειεν...
1353 2545 1504 2578 κειμένων,
1522 2544 1579 2571 Duo
1591 2544 1675 2579 Regg.
1688 2549 1714 2571 et
1723 2544 1812 2576 Pass,

1027 2578 1213 2606 θυσιάσειεν...
1230 2579 1425 2615 προκειμένων.
1443 2588 1453 2604 ι
1470 2578 1658 2615 sacriﬁcasset.
1676 2588 1685 2604 ι

1063 2614 1118 2657 (57)
1144 2613 1384 2648 Ἀποστὲρήσὲιν.
1401 2613 1468 2641 Tres
1493 2615 1574 2649 liegg.
1595 2619 1621 2641 et
1637 2613 1683 2641 0r.
1701 2614 1727 2646 l,
1746 2615 1808 2640 ἀπο

1029 2657 1203 2746 ἴῖξὲ)ν”7”ῶν
1219 2683 1481 2719 ἀπηγορευμένων.
1510 2693 1519 2709 ι
1531 2684 1569 2711 Ex
1588 2684 1630 2711 his
1653 2691 1712 2719 qute
1732 2684 1814 2711 inter-

1049 2727 1071 2745 lC
1087 2727 1099 2743 ιι
1114 2727 1162 2745 sun
1179 2738 1185 2744 .
1202 2728 1211 2744 ι

1049 2725 1099 2745 tcta
1114 2725 1185 2745 sunt.
1202 2728 1211 2744 ι

1016 2761 1018 2763 ’
1065 2754 1119 2787 (59)
1146 2754 1389 2788 Ἐπικουρεῑσθιιι.
1415 2754 1592 2780 Restitnimus
1618 2761 1709 2780 vocem
1732 2754 1813 2786 hanc,

1029 2796 1109 2822 quant
1121 2789 1265 2822 praeferunt
1275 2795 1390 2823 quatuor
1400 2789 1474 2823 Regii
1488 2790 1604 2818 codices.
1614 2789 1689 2817 Colb.
1702 2790 1729 2820 ’5,
1739 2791 1826 2816 Pass“

1029 2829 1081 2850 etc.
1097 2825 1215 2856 adeoque
1228 2825 1354 2850 mutanda
1368 2824 1456 2851 versio
1471 2823 1550 2855 Billii,
1566 2825 1623 2858 qui,
1635 2824 1739 2851 sublato
1753 2825 1814 2852 ἐπι-

1031 2858 1194 2894 κουρεῖσθαι,
1215 2859 1282 2886 duas
1304 2859 1330 2885 in
1356 2866 1435 2885 unam
1460 2859 1608 2886 sententias
1627 2860 1819 2894 coutpingens,.

1031 2894 1071 2922 sic
1082 2893 1203 2922 reddidit
1223 2903 1230 2921 ι
1254 2903 1263 2920 ι
1276 2899 1305 2922 ut
1319 2901 1367 2922 nec
1384 2901 1432 2930 per
1445 2894 1499 2921 vim
1515 2895 1661 2929 oppressis,
1678 2902 1727 2922 nee
1741 2893 1818 2922 iis...
