2071 3133
251 174 301 200 651

868 173 896 200 S.
919 172 1084 201 GRECORII
1104 172 1277 201 THEOLOGI

1823 171 1876 199 652

250 233 321 266 pizun
340 231 410 259 tnalo
421 232 478 260 sive
492 239 577 267 parvo
591 232 649 260 sive
661 240 760 267 magno
771 231 874 268 legibus
887 233 1034 268 prohibito,

1099 233 1176 260 τνοῶν
1185 233 1334 270 εἴργεσθαι·
1349 233 1367 259 ἃ.
1379 234 1435 265 τοῖς
1455 232 1503 267 μὲν
1518 232 1652 267 πάσχουσι
1673 232 1758 258 πλείω
1771 231 1876 266 φιλοτι-

252 275 342 304 aﬂ'ecti
361 276 486 309 fuissent,
502 277 589 312 legum
605 277 726 305 subsidio
742 277 829 311 juvari
847 282 973 311 possent,
989 285 1035 305 ve-

251 329 311 349 rum
328 323 424 357 patriis
438 323 486 358 ipsi
502 323 602 351 llnibus
621 324 786 358 pellerentur
801 328 829 351 ct
849 323 1034 351 interﬁceren-

1090 280 1154 314 μίαν
1165 277 1222 314 εἶχε
1236 280 1283 306 καὶ
1294 280 1344 315 τὴν
1358 279 1426 314 πρὸς
1450 279 1516 305 Θεὸν
1530 279 1698 314 παρρησίαν,
1713 279 1767 311 τοῖς
1792 277 1876 312 δρῶσι

1087 326 1115 352 δὲ
1130 325 1213 361 μείζω
1230 326 1279 361 τὴν
1291 325 1462 361 παρανομίαν
1473 325 1520 352 καὶ
1533 324 1649 358 ἀδοξίαν.

252 372 307 400 tur,
325 369 558 404 respirationeque
580 370 662 397 etiam
687 370 744 406 ipsa
762 374 837 405 ‘pene
857 370 1075 405 prohiberentur.
1092 371 1173 405 Quas,
1207 377 1236 399 ut
1267 372 1300 400 iis
1333 372 1379 406 qui
1412 372 1595 406 patiebantur,
1613 370 1742 405 majorem
1763 369 1875 405 gloriam

253 415 434 450 ﬁduciamque
447 415 517 450 apud
534 415 617 443 Deum
630 415 798 448 aﬂerebant,
831 416 867 443 ita
891 415 925 443 iis
946 415 990 450 qui
1016 415 1168 447 faciebant.
1190 418 1319 453 majorem
1342 417 1511 452 iniquitatem
1545 421 1572 444 et
1605 416 1741 444 infamiam
1776 417 1876 451 impor-

251 461 356 488 tabant.

290 505 392 535 XCVII.
410 506 495 535 Porro
509 516 589 541 quant
603 509 669 536 scita
686 514 715 536 et
727 514 805 537 acuta
821 509 891 537 ratio
902 511 1038 539 carniﬁcis

253 551 326 579 illitis
345 556 373 579 et
389 553 514 586 patroni,
532 553 619 586 legum
638 556 846 590 trausgressoris
860 561 887 583 et
903 556 1037 591 legislatu-

252 598 303 630 ris,
315 603 372 630 aut.
385 602 414 625 ut
426 599 513 633 aptius
528 600 633 634 loquar,
647 601 749 627 inimici
760 606 786 628 et
796 601 890 629 ultoris
900 602 933 635 ⁸⁸,
945 610 1038 637 quem-

1125 510 1181 544 L,Z’.
1194 510 1248 536 Kal.
1274 509 1288 535 ὁ
1307 509 1385 543 λόγος
1397 509 1434 541 ὠς
1453 516 1590 544 πανσοιρος
1610 508 1656 536 τοῦ
1673 509 1801 543 φονευτοῦ
1829 508 1877 534 καὶ

1091 556 1244 591 προστάτου
1257 554 1327 590 (60),
1339 555 1385 582 καὶ
1394 556 1552 590 παρανόμου
1569 555 1616 581 καὶ
1632 554 1787 590 νομοθέτου,
1804 554 1831 589 ἦ,
1844 554 1877 580 i'v'

1089 602 1252 637 οἰκειότερον
1267 601 1346 633 εἴπω,
1355 601 1402 628 τοῦ
1413 601 1509 636 ἐχθροῦ
1519 601 1565 628 καὶ
1580 600 1720 636 ὲκδικητοῦ
1734 600 1879 645 (GU/atati

255 643 399 670 admodum
423 649 516 672 noster
537 653 627 672 sermo
652 646 790 680 loquitur!
818 647 875 674 lloc
890 648 961 675 enim
981 647 1041 682 lege

1099 648 1133 674 τὸν
1146 647 1278 683 ἡμετέρον
1303 647 1390 681 λόγον’
1415 645 1484 673 εἶναι
1508 647 1562 682 γὰρ
1579 646 1625 673 τοῦ
1642 643 1785 682 ήμετέροιί
1796 646 1879 681 νόμοι)

254 693 348 716 nostra
374 690 496 724 sanciri,
513 697 547 716 ne
567 691 692 724 injuriam
713 697 851 727 acceptam
867 693 1040 726 ulciscantur,

257 734 339 770 13o
356 742 406 762 nec
421 735 495 762 litem
511 735 693 767 intendamus.
710 744 761 764 nec
775 738 920 772 quidquam
933 738 1043 767 omnino

255 781 452 815 possideamus,
468 782 663 817 propriumque
675 783 807 811 ducamus
816 784 838 799 ⁸⁷
853 793 860 811 :
873 791 964 812 verum
977 784 1040 812 alibi

254 826 380 854 vivamus
388 826 422 859 ‘°,
443 834 474 854 ac
491 828 636 862 praesentia
647 848 654 860 ,
679 833 708 855 ut
727 835 794 854 vana
810 833 837 856 et
852 829 941 856 inania
952 849 960 860 ,
975 836 1041 856 con-

1092 694 1161 730 μήτε
1175 693 1339 728 ἀμύνεσθαι,
1362 693 1431 728 μήτε
1454 691 1625 724 δικάζεσθαι,
1652 692 1719 727 μήτε
1733 691 1880 726 κεκτῆσθαί

1091 747 1117 764 τι
1130 739 1178 773 τὴν
1188 738 1276 774 ἀρχὴν
1291 738 1360 772 (ΟΞ),
1376 737 1444 772 μήτε
1466 735 1587 772 νομίζειν
1607 737 1672 764 ἴδιόν
1683 745 1709 762 τι
1723 737 1790 770 (65)·
1813 736 1881 763 ἀλλὰ

1092 783 1140 820 ζῇν
1155 783 1278 819 ἑτέρωθι,
1295 784 1342 810 καὶ
1355 783 1409 810 τῶν
1428 783 1570 818 παρόντων
1591 783 1769 816 καταφρονεῖν
1785 782 1822 814 ὡς
1831 782 1881 809 οὐκ

1092 829 1186 856 ὄντων·
1202 828 1286 856 κακοῦ
1311 828 1339 855 δὲ
1355 828 1392 864 μὴ
1409 828 1579 865 ἀντιδιδόναι,
1609 827 1676 863 μηδὲ
1699 827 1797 860 ἐξεῖναι
1812 828 1888 861 (64),υ

256 876 410 899 temnamus
424 878 451 900 et
466 879 515 907 pro
528 873 612 900 nihilo
626 878 761 908 putemus.
775 873 830 902 Nec
840 881 904 901 vero
915 874 1039 908 cuiquam

1099 876 1183 902 ιακόν·
1203 875 1270 911 μηδὲ
1289 875 1345 909 (65)
1357 875 1407 910 τὴν
1431 874 1548 911 παρειὰν
1566 874 1730 909 παιομένους
1745 873 1881 908 φείδεσθαι

257 916 339 944 licere
354 917 456 944 malum
472 925 521 953 pro
534 917 604 944 malo
622 917 741 950 referre,
759 926 825 951 nec,
847 919 868 946 si
886 919 947 953 quis
967 918 1041 946 cola-

255 963 338 997 phum
357 963 382 990 in
401 970 496 997 genam
518 971 598 990 unam
623 964 783 999 itnpegerit,
809 964 887 992 alteri
913 972 1041 999 parcere,

261 1014 356 1034 verum
374 1016 434 1034 eam
450 1015 557 1043 quoque
573 1009 734 1044 percutienti
751 1009 908 1044 porrigere;
929 1017 961 1037 ac
975 1017 1044 1045 prae-

261 1058 303 1080 ter
319 1053 429 1088 pallium
447 1054 564 1081 tunicam
581 1055 664 1082 etiam
684 1061 784 1082 exuere
804 1060 930 1090 oportere
938 1055 971 1084 δ’.
988 1056 1043 1084 Ad-

254 1097 331 1132 jiciet
350 1103 440 1125 autem
460 1098 594 1132 fortasse,
612 1107 672 1127 eam
699 1107 807 1134 quoque
833 1101 897 1127 illud
917 1102 1042 1136 praescri-

258 1144 343 1177 bere,
359 1149 388 1171 ut
407 1152 457 1179 pro
473 1145 506 1172 iis
520 1153 534 1171 a
550 1145 648 1179 quibus
667 1145 794 1180 injuriam
810 1147 974 1181 accipimus,
987 1154 1044 1181 pre-

258 1196 305 1216 ces
318 1190 350 1217 ad
370 1189 454 1217 Deum
471 1190 666 1223 adhibeamus,
690 1191 792 1226 iisque.
816 1192 861 1225 qui
884 1199 934 1219 nos
950 1199 1044 1226 perse-

257 1239 391 1268 quuntur,
401 1235 502 1269 optima
515 1243 628 1271 quaeque
636 1241 795 1270 exoptemus
803 1237 837 1264 ὀ.
846 1236 943 1271 Quidni
954 1242 1043 1266 autem

1092 921 1142 956 τῆς
1158 921 1264 956 ἐτέρας,
1293 921 1360 948 ἀλλὰ
1383 921 1429 948 καὶ
1455 921 1557 956 ταύτην
1584 921 1639 956 (66)
1655 921 1821 963 ἐμπαρέχειν
1844 920 1882 956 τῷ

1094 965 1211 996 παίοντι,
1227 966 1273 992 καὶ
1290 966 1337 992 τὸν
1348 966 1449 1000 χιτῶνα
1460 965 1499 1000 τῷ
1518 965 1617 1001 ίματίῳ
1635 965 1880 1001 προσαποδιὲεσοαι.

1094 1012 1247 1047 Προσθήσει
1270 1011 1298 1038 δὲ
1323 1011 1399 1044 ἴσως,
1417 1011 1458 1038 ὃτι
1481 1012 1528 1038 καὶ
1545 1010 1742 1046 ὑπερεὺχεσοαι
1760 1010 1814 1036 τῶν
1825 1011 1883 1037 ἀδι-

1095 1057 1224 1088 κούντων,
1239 1057 1287 1083 καὶ
1296 1057 1330 1083 τὰ
1340 1057 1470 1083 κάλλιστα
1487 1056 1628 1092 βούλεσθαι
1636 1057 1692 1087 τοῖς
1701 1055 1837 1083 διώκουσι.
1849 1055 1884 1083 Τί

1095 1103 1123 1130 δὲ
1143 1102 1197 1136 (67)
1218 1102 1267 1129 οὐκ
1279 1102 1373 1137 ἔμελλε
1393 1102 1480 1129 ταῦτα
1493 1101 1636 1136 γινώσκειν
1652 1101 1774 1137 ἀκριϐῶς
1789 1103 1803 1128 ὁ
1825 1101 1881 1128 τῶν

1097 1148 1176 1175 θείων
1201 1147 1415 1182 ὑπαναγνώστης
1433 1147 1497 1174 ποτὲ
1514 1147 1622 1181 λογίων,
1646 1147 1694 1173 καὶ
1710 1147 1760 1182 τῆς
1773 1146 1818 1173 τοῦ
1837 1155 1885 1182 με-

1096 1194 1179 1228 γάλου
1193 1193 1312 1229 βήματος
1327 1193 1476 1229 ἠξιωμένος
1490 1194 1582 1229 τιμῆς,
1598 1193 1645 1219 καὶ
1657 1193 1719 1224 τοὺς
1744 1193 1886 1228 μάρτυρας

1096 1239 1183 1274 τιμῶν
1197 1239 1290 1274 σηκοῖς
1305 1247 1335 1265 τε
1349 1238 1396 1265 καὶ
1408 1238 1567 1274 τεμένεσιν;

258 1281 317 1309 haec
342 1282 463 1316 apprime
489 1287 597 1315 nosset,
622 1283 667 1318 qui
692 1283 843 1311 divinorum
872 1285 1044 1312 oraculorum
1063 1284 1148 1312 lector
1172 1285 1307 1320 quondam
1331 1285 1435 1318 fuerat,
1473 1285 1617 1321 magnique
1645 1283 1759 1312 sacrarii
1778 1283 1884 1310 honore

259 1332 355 1354 auctus
370 1334 394 1355 et
409 1333 533 1361 ornatus,
547 1328 648 1363 quique
662 1333 796 1364 martyres
811 1330 918 1365 templis
933 1335 959 1358 et
973 1330 1043 1358 fanis
1062 1330 1234 1358 honorabat?

295 1373 412 1401 XCVIII.
446 1373 529 1409 Cujus
553 1374 605 1402 hoc
629 1375 745 1409 primum
770 1375 899 1407 demiror.
927 1384 1045 1411 quonam

261 1424 351 1454 pacto,
365 1427 426 1447 cum
441 1420 467 1447 in
485 1420 527 1447 his
542 1420 620 1447 libris
635 1420 779 1455 diligenter
797 1427 825 1449 et
845 1427 973 1449 accurate
987 1430 1047 1450 ver-

261 1470 337 1493 satus
351 1471 441 1499 esset,
460 1466 525 1493 illud
549 1471 637 1494 tamen
658 1474 712 1494 non
735 1466 847 1502 legerit,
864 1472 910 1495 aut
923 1468 1048 1496 consulto

1132 1378 1192 1411 ιη’.
1209 1375 1246 1404 Οὗ
1256 1377 1336 1404 τοῦτο
1350 1377 1458 1413 πρῶτον
1473 1376 1615 1412 Θαυμᾶζω,
1631 1376 1690 1407 πῶς
1703 1375 1809 1407 τούτοις
1836 1375 1887 1411 μὲν

1096 1421 1218 1456 ἀκριϐῶς
1231 1421 1433 1456 καθωμίλησεν,
1451 1422 1539 1448 ἐκεῖνο
1553 1420 1581 1447 δὲ
1597 1421 1646 1446 οὐκ
1665 1419 1779 1453 ἀνέγνω,
1791 1419 1886 1455 ἢὲκὼν

1095 1466 1280 1501 παρέδραμεν·
1296 1467 1338 1493 ὅτι
1352 1466 1450 1498 Κακὸς
1465 1465 1564 1499 κακῶς
1579 1465 1734 1493 ἀπολεῖται
1742 1473 1752 1496 ;
1765 1466 1818 1496 πᾶς
1827 1466 1842 1492 ὁ
1854 1465 1886 1492 τὸ

261 1511 425 1545 βταιιετίονὶι
440 1520 447 1538 :
463 1511 551 1539 Malus
565 1511 633 1538 ntali:
650 1514 774 1546 perdetur
784 1513 824 1540 '1?
837 1514 888 1541 hoc
899 1519 939 1541 est
950 1534 957 1546 ,
971 1517 1046 1550 quis-

1099 1510 1172 1537 Θεῖον
1187 1511 1416 1547 ἐξαρνησάμενος.
1430 1512 1477 1538 καὶ
1493 1511 1507 1537 ὃ
1523 1511 1617 1538 τούτου
1635 1510 1726 1546 μεῖζόν
1737 1511 1806 1542 ἐστι,
1822 1511 1887 1542 τοὺς

262 1558 324 1591 quis
337 1557 458 1585 divinum
472 1556 578 1585 Numen
593 1558 715 1593 ejurarit,
734 1560 859 1593 quodque
873 1560 982 1594 gravius
996 1567 1048 1593 est,

262 1609 309 1629 eos
320 1624 327 1636 ,
350 1603 396 1637 qui
420 1603 447 1630 in
473 1604 560 1639 ipsius
574 1604 746 1633 confessione
761 1610 902 1640 perstant,
919 1608 1049 1642 exagitet.

263 1653 344 1684 atque
361 1649 388 1676 in
411 1649 564 1683 hujusntodi
581 1650 752 1679 calamitates
769 1651 912 1686 conjiciat,
932 1660 958 1679 111
983 1660 1051 1687 quas

264 1694 322 1729 ipse
337 1695 457 1722 incidere
471 1695 636 1723 merebatur.
653 1696 809 1729 Enimvero,
826 1697 860 1730 si,
877 1699 1051 1733 quemadmo-

263 1740 326 1767 dum
339 1741 417 1768 nol-is
430 1741 481 1769 hoc
493 1741 644 1776 prmscribit
655 1761 662 1773 ,
682 1746 711 1769 ut
729 1742 796 1770 tales
808 1743 893 1770 simus
904 1764 912 1775 ,
929 1749 1009 1778 atque
1024 1744 1050 1771 in

263 1787 419 1814 constitutis
435 1786 726 1822 lcgibusmaneamus,
746 1789 786 1815 sic
809 1788 874 1816 illud
896 1789 977 1816 etiam
1003 1790 1050 1817 de-

265 1835 416 1858 monstrare
432 1836 531 1866 potest,
545 1831 613 1864 sibi,
628 1839 657 1859 ut
672 1833 898 1861 sceleratissimus
913 1834 965 1866 sit,
983 1834 1051 1861 indi-

264 1880 336 1903 ctum
349 1881 376 1904 et
389 1878 549 1912 imperatum
563 1885 642 1910 esse,
656 1884 703 1905 aut
715 1879 768 1906 diis
783 1879 840 1906 suis
859 1879 885 1906 id
907 1879 1049 1906 honestum

263 1925 291 1948 et
304 1922 462 1956 pra~clarum
477 1923 562 1950 videri
581 1932 587 1950 :
603 1927 630 1950 et
644 1931 705 1950 cum
721 1923 831 1951 habitus
845 1924 871 1951 iu
885 1924 1012 1952 virtutem
1023 1928 1050 1951 et

264 1967 361 1994 vitium
377 1967 455 1996 divisi
469 1968 520 1996 sint
532 1988 539 2000 ,
565 1968 644 1995 nobis
661 1969 770 2003 quidem
789 1969 925 1996 meliorem
946 1975 1050 2005 partem

265 2015 431 2050 assignatam
448 2022 476 2042 et
496 2016 653 2044 attributam
666 2036 673 2048 ,
697 2016 858 2044 deteriorem
877 2022 965 2044 autem
984 2017 1050 2052 ipsis

267 2059 415 2094 projectam
434 2061 538 2088 luisse:
556 2061 607 2089 hoc
622 2061 711 2093 dicat,
728 2066 755 2088 et
773 2061 826 2092 ita,
844 2061 955 2090 testibus
969 2062 1049 2089 etiam

265 2107 368 2135 nostris
383 2107 518 2139 hostibus,
535 2107 622 2142 iisque
633 2107 678 2142 qui
693 2114 737 2134 res
751 2112 858 2135 nostras
873 2108 1049 2140 insectantur,

265 2160 375 2180 causam
391 2153 586 2181 obtinebimus.
603 2153 651 2180 Sin
669 2158 758 2180 autem
778 2153 827 2188 ipsi
841 2161 947 2188 quoque
960 2155 1051 2189 probi-

1102 1557 1270 1592 ἐμμένοντας
1293 1559 1326 1593 τῇ
1352 1557 1482 1593 ὁμολογίᾳ
1510 1557 1662 1593 περιωθῶν,
1685 1556 1732 1583 καὶ
1757 1556 1888 1587 τοιούτοις

1103 1604 1199 1635 κακοῖς
1226 1603 1406 1639 περιϐάλλων,
1422 1601 1462 1635 οἷς
1477 1602 1557 1634 αὐτὸς
1580 1603 1738 1638 περιπεσεῖν
1753 1599 1787 1637 ἦν
1803 1602 1887 1634 ἄξιος.

1102 1649 1134 1676 Εἰ
1156 1649 1205 1684 μὲν
1225 1647 1270 1675 οὖν
1293 1649 1386 1684 ὥσπερ
1406 1650 1481 1684 ἡμᾶς
1501 1648 1638 1680 τοιούτους
1653 1648 1723 1674 εἶναι
1737 1647 1890 1684 νομοθετεῖ,

1103 1693 1150 1719 καὶ
1172 1695 1227 1724 τοῖς
1241 1693 1403 1728 ὡρισμένοις
1417 1693 1558 1728 ἐμμένειν,
1578 1692 1649 1720 οὕτω
1663 1692 1772 1720 δύναται
1791 1692 1888 1724 δεῖξαι,

1103 1739 1150 1765 καὶ
1165 1738 1239 1773 αὐτῷ
1249 1738 1304 1773 (68)
1319 1739 1350 1765 τὸ
1363 1739 1491 1766 κάκιστον
1509 1736 1577 1764 εἶναι
1598 1737 1845 1773 προστεταγμένον,
1871 1736 1887 1772 ῆ

1103 1786 1158 1816 τοῖς
1182 1784 1264 1811 αὑτοῦ
1279 1784 1350 1816 Θεοῖς
1374 1785 1403 1811 ἐν
1427 1784 1501 1819 καλῷ
1517 1784 1597 1811 τοῦτο
1613 1784 1753 1819 τυγχάνον·
1780 1783 1827 1810 καὶ
1850 1783 1891 1814 είς

1102 1831 1149 1858 δύο
1164 1831 1250 1858 ταῦτα
1269 1831 1440 1867 διῃρημένων
1456 1830 1510 1858 τῶν
1521 1830 1615 1864 ἕξεων,
1633 1831 1733 1865 ἀρετήν
1747 1838 1787 1862 τε,
1807 1829 1889 1864 φημὶ,

1104 1878 1150 1904 καὶ
1179 1877 1289 1909 κακίαν,
1314 1878 1380 1912 ἡμῖν
1406 1877 1456 1913 μὲν
1480 1876 1678 1913 ἀποκεκρίσθαι
1700 1877 1750 1912 τὴν
1772 1876 1892 1910 κρείσσω

1105 1925 1212 1958 μοῖραν,
1239 1923 1330 1954 αὐτοῖς
1346 1923 1375 1949 δὲ
1399 1922 1566 1958 ἁπερῤίφθαι
1583 1922 1632 1957 τὴν
1649 1921 1767 1956 χείρονα”
1789 1920 1893 1954 λεγέτω

1102 1970 1200 2002 τοῦτο,
1233 1971 1280 1996 καὶ
1317 1968 1389 1997 οὕτω
1421 1969 1569 2004 νικήσομεν
1601 1968 1653 1994 ὑπὸ
1685 1967 1802 2002 μάρτυσι
1835 1966 1890 1996 τοῖς

1103 2016 1209 2052 ἐχθροῖς
1232 2015 1300 2051 (69),
1323 2015 1370 2043 καὶ
1395 2017 1451 2047 τοῖς
1475 2015 1603 2042 διώκουσι
1617 2014 1650 2041 τὰ
1674 2013 1807 2049 ἡμέτερα·
1825 2012 1848 2038 εί
1863 2011 1892 2038 δὲ

1103 2063 1151 2089 καὶ
1164 2062 1239 2088 αὐτοί
1253 2070 1279 2088 τι
1291 2061 1499 2097 μεταποιοῦνται
1518 2059 1715 2094 καλοκάγαθίας
1729 2059 1776 2085 καὶ
1789 2057 1892 2093 ἡμερό-

1103 2116 1192 2143 τητος,
1205 2107 1276 2142 λόγῳ
1289 2107 1364 2142 γοῦν,
1381 2107 1406 2134 εἰ
1423 2107 1470 2133 καὶ
1482 2106 1519 2142 μὴ
1541 2108 1597 2138 τοῖς
1614 2106 1704 2140 ἔργοις
1721 2105 1824 2136 αὐτοῖς,
1845 2103 1893 2130 καὶ

1103 2153 1152 2187 οὺχ
1158 2152 1243 2184 οὕτως
1249 2153 1316 2179 εἰσὶν
1325 2153 1506 2188 ἀναίσχυντοι,
1514 2151 1564 2178 κᾶν
1574 2152 1674 2188 σφόδρα
1680 2148 1729 2178 ὦσι
1738 2150 1818 2177 κακοὶ
1825 2150 1891 2185 (70),

266 2201 331 2226 tatis
350 2199 450 2234 aliquid
466 2204 494 2227 et
510 2199 642 2232 lenitatis,
658 2200 680 2226 si
696 2206 748 2226 non
769 2199 850 2227 rebus
867 2199 947 2234 ipsis,
969 2200 1046 2228 verba

1103 2200 1150 2226 καὶ
1166 2201 1294 2235 πονηροῖς
1315 2199 1386 2231 θεοῖς
1406 2199 1558 2234 χαίροντες,
1573 2198 1643 2224 ὥστε
1661 2197 1776 2232 φάσκειν
1798 2196 1892 2232 ὥσπερ

265 2245 380 2276 saltem.
396 2245 448 2273 sibi
474 2246 629 2279 vindicant;
646 2252 712 2278 nec,
737 2245 843 2273 tametsi
867 2245 965 2280 alioqui
992 2253 1053 2280 per-

297 2313 320 2329 “
334 2313 405 2340 Psal.
422 2321 481 2346 11111,
495 2313 522 2341 5.
561 2313 583 2328 ⁸⁷
598 2314 659 2341 Act.
676 2321 712 2346 tv,
726 2312 771 2341 52.
807 2313 830 2328 ⁸⁸
844 2312 959 2348 Philipp.
977 2312 1068 2345 ut,20.

266 2384 311 2418 qui
329 2382 400 2409 malo
413 2381 517 2416 legibus
531 2383 676 2410 interdicto
690 2382 777 2412 alfecti
798 2383 923 2416 fuissent,
941 2383 1053 2418 injurias

266 2426 315 2446 suo
327 2418 430 2451 judicio
446 2419 569 2452 persequi
588 2419 692 2445 liceret.
709 2428 718 2444 1

303 2453 359 2493 (66)
370 2453 600 2493 Πρρστᾴτου.1ιο
612 2459 712 2493 septem
725 2453 819 2487 Regg.,
833 2453 879 2493 0r.
891 2453 920 2493 ρ,
929 2457 981 2481 etc.
990 2453 1053 2482 Hatc

268 2487 402 2523 siquidem
420 2487 500 2523 lectio
516 2488 610 2515 melior
624 2487 731 2515 videtur
749 2496 829 2522 quam
847 2488 869 2515 si
891 2488 1004 2520 legatur,
1023 2494 1053 2516 ut

269 2522 536 2559 1η⁷ο11.γάποστάτου.
551 2523 621 2556 Quin
640 2524 721 2550 etiam
742 2523 812 2550 hanc
834 2523 975 2551 lectionem
995 2524 1052 2559 ipsa

269 2558 388 2594 postulat
405 2558 559 2594 antithesis.

304 2593 361 2628 (6|)
376 2592 561 2629 Ὲκδικητοῦ.
579 2593 662 2628 Ilegg.
680 2601 707 2626 a,
719 2593 774 2626 bm,
788 2599 814 2621 et
826 2593 873 2621 0r.
885 2594 912 2626 I,
923 2593 956 2621 ad
968 2601 1054 2629 marg.

267 2628 484 2664 Exatxqroixai,
500 2633 553 2664 etc.

303 2662 361 2700 (69.)
376 2662 459 2700 Majas
470 2663 634 2700 κεκτῆσθαί
650 2662 748 2700 ﬁfth?
761 2663 868 2700 ἀρχὴν.
887 2672 896 2689 1
914 2663 969 2700 Nec
983 2663 1058 2700 quid-

269 2698 354 2734 quam‘
366 2699 553 2731 possideamus
565 2699 625 2732 jure
640 2699 761 2725 dominii.
775 2708 784 2725 1
799 2698 884 2726 Omne
898 2699 999 2734 scilicet
1012 2699 1057 2725 do-

269 2733 343 2761 minii
362 2734 419 2768 jus,
435 2738 462 2761 et
483 2734 618 2767 judiciarii
645 2734 764 2760 muneris
787 2742 872 2768 genus
894 2733 1056 2760 Christianis

269 2769 441 2796 interdictum
458 2768 542 2796 fuisse
566 2768 673 2795 volebat
696 2768 838 2800 Julianus;
857 2769 928 2799 quod
948 2768 1054 2802 quidem

269 2805 386 2839 probant
406 2805 464 2831 haec
488 2813 561 2831 num.
585 2804 721 2838 sequentis
733 2804 813 2831 verba
830 2813 836 2830 :
857 2804 938 2835 Τίνας
963 2803 1055 2838 ἀρχῶν

270 2839 461 2874 ἀπηλάσαμεν,
474 2839 520 2865 καὶ
533 2839 588 2866 τῶν
603 2839 698 2874 τιμῶν,
715 2844 767 2865 etc.

307 2874 364 2908 (63)
386 2873 480 2901 ’λδιόν
493 2883 529 2902 τι.
543 2875 624 2903 Deest
633 2873 661 2900 τι
674 2875 700 2902 in
713 2878 828 2907 quatuor
839 2874 933 2908 [ἱρείη
947 2873 1054 2902 duobus

1106 2246 1185 2273 ἄλλον
1195 2247 1255 2274 τινὰ
1270 2246 1368 2282 κλῆρον
1381 2246 1529 2281 προσήκειν
1549 2245 1640 2276 αὐτοῖς
1655 2243 1704 2279 τὴν
1718 2243 1828 2269 κακίαν
1839 2242 1892 2269 δει-

1106 2313 1128 2330 ⁸⁹
1142 2313 1270 2346 Matth.v,
1286 2314 1319 2342 59
1331 2321 1392 2349 sqq.
1430 2313 1453 2329 '°
1467 2312 1584 2341 ibim“.
1619 2312 1641 2328 ⁸¹
1659 2311 1752 2339 Matth.
1769 2319 1816 2338 ΠΙ
1827 2330 1834 2343 ,
1846 2310 1892 2338 II.

1106 2381 1182 2410 Colb.
1201 2385 1228 2408 et
1242 2380 1289 2408 0r.
1307 2381 1333 2408 I.

1142 2416 1301 2452 (64)]11ηδὲ
1326 2416 1446 2448 ἐξεῖναι.
1473 2414 1540 2442 Tres
1569 2414 1653 2449 Regg.
1672 2413 1786 2452 ominose
1811 2416 1892 2452 notae,

1107 2448 1304 2487 Ροεοίμηδενί,
1320 2459 1379 2484 quia:
1396 2451 1474 2487 lectio
1487 2455 1529 2487 est
1540 2448 1652 2485 optima.
1672 2450 1741 2487 Duas
1753 2449 1822 2475 inter
1839 2448 1893 2474 vir-

1106 2487 1184 2519 gulas
1196 2483 1257 2514 Ald.
1271 2483 1382 2517 claudit,
1404 2486 1470 2522 μηδὲ
1498 2483 1608 2522 ἐξεῖναι,
1631 2488 1659 2511 ct
1678 2483 1785 2522 quidem
1809 2488 1892 2510 recte.

1106 2523 1151 2549 Sic
1165 2527 1253 2548 autem
1266 2519 1413 2548 reddideris
1424 2519 1455 2547 ς’(
1472 2529 1522 2548 nec
1537 2521 1635 2547 tnalutn
1649 2527 1697 2554 pro
1712 2519 1793 2552 malo,
1806 2526 1894 2554 neque

1105 2557 1177 2585 GLIIII
1192 2557 1284 2587 licere.
1300 2557 1421 2583 reddere.
1438 2566 1447 2581 1

1141 2591 1196 2627 (65)
1216 2591 1306 2627 Μηδὲ.
1325 2591 1361 2617 lla
1380 2599 1443 2627 mss.
1455 2598 1514 2627 non
1533 2589 1619 2627 pauci.
1635 2588 1706 2627 Editi
1727 2589 1806 2627 μήτε.

1141 2624 1196 2662 (Gai)
1214 2626 1368 2662 φείδεσθαι
1381 2625 1435 2660 τῆς
1448 2625 1560 2662 ἐτέρας,
1570 2624 1650 2662 ὠμὰ
1660 2624 1709 2650 καὶ
1721 2625 1843 2662 {eorum
1854 2624 1892 2651 Ita

1106 2659 1208 2695 Septem
1223 2661 1317 2695 Begg.,
1329 2661 1403 2688 Colb.
1416 2662 1442 2692 8,
1455 2661 1502 2688 0r.
1517 2661 1542 2692 I,
1556 2666 1583 2686 et
1597 2659 1712 2686 llIoutac.
1730 2660 1800 2686 Etlit.
1818 2666 1892 2692 vero,

1107 2694 1251 2732 φείδεσθαι
1259 2694 1371 2732 ταύτης,
1389 2696 1458 2722 ἀλλὰ
1471 2695 1525 2732 καί
1535 2695 1584 2730 τὴν
1591 2694 1703 2732 etiam);

1145 2732 1201 2766 (67)
1221 2731 1251 2758 Ti
1266 2731 1310 2766 δέ.
1328 2728 1389 2758 Mss.
1409 2731 1528 2758 nonnulli
1544 2728 1570 2757 ct
1589 2728 1672 2766 Mont.
1686 2729 1718 2755 Ti
1733 2728 1785 2755 δαί.

1141 2763 1201 2807 (ϐβ)
1215 2765 1315 2807 ρὺτῴ.
1331 2765 1378 2794 0r.
1401 2768 1426 2799 I,
1442 2766 1527 2801 αὐτῷ,
1540 2770 1567 2792 et
1584 2765 1662 2800 paulo
1681 2769 1748 2798 post,
1771 2765 1826 2796 τοῖς
1846 2763 1892 2793 αὖε

1108 2801 1154 2828 τοῦ
1170 2801 1248 2833 θεοῖς.
1256 2814 1259 2821 ν

1144 2837 1200 2871 (69)
1226 2836 1369 2871 Ἐχθροῖς.
1385 2836 1460 2863 Pass.
1476 2836 1549 2863 addit
1561 2834 1708 2872 χρώμενοι.

1144 2872 1199 2906 (70)
1218 2873 1319 2901 Κακοι.
1334 2871 1408 2900 Pass.
1425 2872 1529 2902 κακοῖς.
