2071 3133
223 163 277 192 655

723 164 852 193 ORATIO
872 164 920 192 IV.
940 179 975 185 —
994 162 1130 192 CONTRA
1148 163 1322 192 JULIANUM
1343 162 1361 190 Ι.

1799 161 1851 189 654

225 221 349 253 ἐάτωσαν
361 221 446 256 πῶςῆ
461 220 514 248 ποῦ
529 221 632 248 δίκαιον
645 221 788 257 ὴμᾶς.μὲν
805 221 852 248 καὶ
865 221 1015 256 πάσχοντας

1072 228 1154 255 quam
1169 220 1234 247 mali
1251 221 1317 252 sint,
1333 218 1477 254 pravisque
1491 218 1543 244 dus
1555 217 1697 252 gaudeant,
1715 215 1752 242 ita
1765 219 1854 242 tamen

225 268 379 301 καρτερεῖν,
406 267 505 297 αὐτοὺς
525 266 554 293 δὲ
578 267 646 302 μηδὲ
678 266 844 302 φειδομένων
870 266 1018 300 φείδεσθαιι

226 313 323 339 σκόπει
339 312 395 347 (7i)
408 312 462 348 γὰρ
472 312 554 339 οὕτω.
571 312 634 339 Τῶν
655 312 704 348 μὲν
717 313 783 348 ἡμῖν
793 313 944 347 γεγονότων
957 321 1020 339 και-

227 358 282 393 ρῶν
298 357 345 384 τοῦ
360 358 501 390 δύνασθαι,
514 359 570 385 τῶν
590 358 619 385 δὲ
631 359 696 393 ὑμῖν
710 358 803 385 ἄλλοτε
816 358 903 391 ἄλλως
917 358 1021 385 τούτων

227 404 444 439 περιτρεχὸντων
458 404 554 439 13(72)
571 404 618 430 καὶ
637 403 853 439 μεθισταμένων,
870 404 897 430 τί
915 404 1020 431 τοιοῦτο

227 449 302 484 παρὰ
320 450 492 484 Χριστιανῶν
507 458 572 476 ποτε
598 450 655 484 (75)
674 450 773 485 συνέϐη
790 450 847 481 τοῖς
865 449 1018 485 ὑμετέροις,

227 491 270 521 οἷα
287 495 352 530 παρ’
367 495 444 530 ὐμῶν
457 495 588 526 πολλάκις
602 495 792 530 Χριστιανοῖς;
807 495 890 526 Ποίας
907 495 1017 530 παρρη-

227 540 287 572 σίας
295 541 365 576 ὐμᾶς
372 541 599 576 ἁπεστερήσαμεν
609 541 680 573 ;Τίσι
686 541 788 577 δήμους
795 542 1019 576 ἐπανεστήσαμεν

226 586 350 619 ζέοντας;
371 586 442 613 τίσιν
454 587 598 622 ἄρχοντας,
621 587 707 613 πλείω
724 586 778 613 τῶν
795 586 1015 621 ἐπιταττομένων

225 632 444 667 ὺπηρετοῦντας;
474 633 535 659 Τίσι
567 633 613 659 τὸν
638 633 702 668 περὶ
725 632 814 667 ψυχῆς
843 632 1018 667 ἐπηγάγομεν

224 678 361 711 κίνδυνον;
385 678 494 705 Μᾶλλον
514 678 542 705 δὲ
557 678 631 710 τίνας
647 678 738 714 ἀρχῶν
755 678 947 713 ἁπηλάσαμεν,
971 679 1019 706 καὶ

223 723 279 751 τῶν
301 723 388 751 ἄλλων
405 724 494 759 τιμῶν
515 724 543 750 αἲ
563 726 619 756 τοῖς
631 724 754 760 ἀρίστοις
766 724 937 758 ὀφείλονται;
963 725 1019 752 Καὶ

225 769 368 797 συνελόντα
380 770 436 806 (74)
455 771 548 805 φάναι,
560 770 612 796 τίνι
624 779 651 797 τι
665 769 786 797 τοιοῦτον
803 770 1016 805 ἐπενηνόχαμεν,

225 814 267 843 αἶα
296 815 382 843 πολλὰ
416 817 481 851 παρ’
505 815 582 851 ὑμῶν
605 816 639 843 τὰ
665 817 714 851 μὲν
747 816 894 852 ἐτολμήθη,
926 816 960 842 τὰ
989 816 1018 842 δὲ

225 861 373 897 ὴπειλὴθη;
412 862 481 888 Ἀλλ’
515 861 569 888 οὐδ’
596 862 628 888 ἂν
653 863 730 889 αὐτοὶ
756 862 813 898 (75)
841 862 960 897 φαίητε,
993 863 1016 888 οἰ

227 907 253 934 τὸ
286 908 388 943 ἥμερον
411 908 476 944 ἡμῖν
506 907 563 944 (76)
591 908 770 942 ἐγκαλοῦντες
799 909 846 935 καὶ
869 908 900 935 τὸ
923 907 1017 943 φιλάν-
1033 899 1053 926 Β

226 954 341 988 θρωπον.

1073 267 1242 301 impudentes
1266 270 1346 298 sunt,
1366 269 1396 292 ut
1420 263 1514 290 vitium
1537 264 1650 298 perinde
1665 267 1747 297 atque
1774 261 1855 288 aliam

1070 313 1215 348 quamdam
1229 311 1428 345 hmreditatem,
1441 311 1475 338 ad
1493 318 1524 338 se
1538 310 1654 337 attinere
1666 308 1830 336 contendant
1846 316 1854 334 :

1069 358 1218 385 ostendant
1233 357 1326 388 velim,
1341 364 1458 391 quonam
1472 360 1552 391 pacto
1563 362 1670 390 aequum
1689 354 1733 387 sit,
1748 358 1794 379 aut
1810 353 1854 379 ubi

1071 405 1123 432 hoc
1149 409 1250 437 exstet,
1279 411 1328 431 nos
1346 404 1473 438 quidem,
1499 402 1580 430 etiam
1603 401 1710 436 injuriis
1732 401 1854 430 allectos,

1069 455 1227 477 constanter
1239 450 1310 477 ferre
1324 450 1432 481 debere,
1447 450 1520 484 ipsos
1531 454 1620 476 autem
1635 455 1668 474 ne
1681 446 1854 482 parcentibur

1069 496 1178 530 quidem
1195 503 1320 530 parcere.
1340 495 1385 522 Sic
1400 496 1472 522 enim
1488 502 1544 521 rem
1559 494 1690 528 expende.
1712 492 1778 520 Cum
1801 500 1853 519 non

1069 541 1205 568 defuerint
1226 545 1347 574 tempora
1363 540 1462 575 quibus
1475 547 1524 567 nos
1540 539 1658 574 potentia
1672 538 1853 570 floruerimus,

1069 587 1169 621 quibus
1186 593 1234 613 vos
1252 592 1342 613 autem
1352 606 1360 618 ,
1375 586 1417 613 his
1431 585 1557 612 nimirmn
1571 585 1637 612 alias
1649 584 1727 611 aliter
1742 583 1854 611 rotanti-

1069 632 1129 664 hus,
1145 636 1227 666 atque
1243 624 1270 658 in
1285 631 1421 658 diversum
1436 630 1603 663 labentibus,
1618 629 1695 665 131
1715 629 1779 664 quid
1796 634 1855 656 tan-

1070 678 1130 704 dem
1147 676 1235 704 simile
1249 676 1330 703 vestri
1344 684 1358 702 a
1373 675 1537 703 Christianis
1548 676 1668 710 perpessi
1679 679 1752 706 sunt.
1764 674 1853 708 qualia

1068 730 1256 757 Saepenumero
1275 721 1424 749 Christiani
1439 729 1453 748 a
1468 721 1546 748 vobis
1559 721 1748 756 pertulerunt?
1767 720 1853 754 Quam

1070 769 1223 796 libertatem
1239 768 1316 795 vobis
1330 767 1500 802 eripuimus?
1516 766 1544 793 lu
1558 774 1627 801 quos
1642 767 1745 801 plebem
1760 767 1854 793 furen-

1069 821 1123 842 tem
1139 814 1356 843 concitavimus?
1375 813 1404 841 lu
1427 821 1495 847 quos
1518 813 1602 840 nostri
1619 813 1763 848 prmsides,
1777 812 1853 847 plura

1069 861 1151 888 etiam
1169 868 1248 896 quam
1267 860 1333 895 ipsis
1351 860 1511 893 imperatum
1537 863 1626 891 esset,
1653 858 1854 893 eXsequentes?

1069 907 1173 939 Quibus
1194 906 1257 934 vitae
1279 906 1427 940 periculum
1452 905 1623 932 creavimus?
1645 903 1701 932 lmo
1722 912 1853 939 quosnam

1069 953 1194 988 prmturis
1218 953 1332 988 aliisque
1358 951 1522 984 honoribus,
1549 951 1595 986 qui
1622 950 1853 985 prmstantissimiﬂ

226 999 374 1034 quibusque
396 999 461 1026 viris
476 999 621 1031 debentur,
639 998 842 1026 submovimus?
862 998 965 1033 Atque,
986 1003 1016 1025 ut
1036 999 1191 1026 summatim
1211 998 1310 1030 dicam,
1325 997 1400 1025 eccui
1413 997 1512 1031 aliquid
1526 997 1614 1025 simile
1628 997 1776 1028 intulimus,
1789 1003 1854 1031 qua-

225 1045 258 1070 lia
273 1044 356 1071 multa
373 1053 388 1071 a
404 1045 482 1072 vobis
497 1045 596 1079 partim
632 1049 750 1079 patrata,
781 1044 878 1079 partim
895 1044 1052 1071 denuntiata
1072 1044 1153 1072 sunt?
1167 1044 1219 1072 Sed
1238 1052 1271 1071 ne
1292 1043 1343 1078 ipsi
1361 1043 1469 1078 quidem
1485 1043 1537 1071 hoc
1554 1042 1694 1078 dixeritis”
1713 1042 1758 1077 qui
1776 1042 1854 1070 nobis

225 1091 458 1117 mansuetudinem
490 1095 518 1118 et
546 1091 740 1118 humanitatem
771 1090 877 1118 crimini
908 1096 1015 1118 vertere
1028 1091 1132 1119 soletis.

257 1136 306 1170 se.
327 1137 442 1163 Ἔπειτα
461 1137 520 1169 πῶς
541 1138 631 1163 ἐκεῖνο
650 1137 706 1172 (77)
722 1137 753 1164 οὐ
767 1137 872 1173 λογίζῃ,
889 1134 912 1164 ὦ
927 1138 1014 1172 σοφώ-

221 1190 285 1209 τατε
301 1182 411 1209 πάντων
429 1183 476 1209 καὶ
492 1182 668 1214 συνετώτατε,
686 1184 700 1209 ὁ
715 1183 783 1219 πρὸς
803 1182 834 1209 τὸ
849 1183 900 1218 τῆς
913 1184 1013 1219 ἀρετῆς

221 1228 305 1263 ἄκρον
321 1229 471 1263 συγκλείων
486 1229 678 1264 Χριστιανοὺς,
694 1229 735 1255 ὅτι
758 1229 808 1264 τῆς
823 1228 959 1264 ἡμετέρας
971 1238 1014 1255 νο-

223 1273 351 1308 μοθεσίας
365 1273 399 1300 τὰ
417 1275 466 1309 μὲν
482 1274 606 1309 ἀνάγκην
623 1274 680 1308 ἔχει
702 1275 758 1304 τοῖς
778 1273 1012 1309 ἐπιταττομένοις,

221 1319 240 1345 ἃ
254 1319 301 1345 καὶ
319 1319 356 1355 μὴ
372 1320 535 1354 φυλάττουσι
549 1320 669 1351 κίνδυνος
683 1319 750 1354 (78)'
767 1319 801 1346 τὰ
817 1319 845 1346 δὲ
860 1320 909 1346 οὐκ
928 1320 1013 1354 ἀνάγ-

222 1371 284 1399 κην,
303 1365 408 1400 αἵρεσιν
427 1365 470 1392 δέ’
486 1365 504 1392 ἃ
523 1365 685 1400 φυλάττουσι
701 1365 761 1400 μὲν,
776 1365 858 1400 τιμὴν
882 1365 928 1392 καὶ
941 1366 1014 1393 ἀντί-

221 1409 293 1437 δισιν
305 1410 370 1446 (79),
383 1411 421 1447 μὴ
434 1411 598 1446 φυλάττουσι
611 1411 649 1444 δὲ,
665 1412 719 1438 οὐδ’
734 1412 816 1438 ὅντιν’
828 1410 875 1438 οὖν
889 1412 944 1446 (80)
959 1412 1014 1438 κίν-

221 1455 317 1489 δυνονς
339 1457 370 1483 Et
385 1457 499 1493 μὲνγὰρ
515 1455 570 1484 οἷόν
581 1466 611 1484 τε
628 1455 662 1493 ἦν
674 1458 730 1493 (8i)
747 1457 871 1490 ἅπαντας
887 1458 1015 1493 ἀρίστους

1105 1137 1199 1166 XCIX.
1216 1137 1256 1164 Ad
1271 1137 1328 1164 hmc
1340 1137 1475 1172 quomodo
1491 1136 1554 1165 illud
1569 1144 1622 1163 non
1649 1135 1852 1169 animadvertis,

1065 1184 1187 1210 onmium
1215 1182 1417 1218 sapientissime
1437 1187 1464 1210 et
1486 1181 1722 1217 ingeniosissime,
1744 1182 1788 1214 qui
1818 1181 1852 1208 ad

1067 1228 1175 1255 virtutis
1187 1235 1277 1255 arcem
1293 1232 1320 1255 et
1335 1227 1464 1254 verticem
1479 1227 1650 1254 Christianos
1673 1227 1747 1262 cogis
1759 1247 1767 1259 ,
1780 1228 1853 1261 quod

1064 1275 1091 1302 in
1104 1274 1209 1309 legibus
1227 1273 1339 1305 nostris,
1356 1273 1409 1299 alia
1423 1273 1536 1308 parendi
1558 1273 1748 1300 necessitatem
1764 1274 1852 1308 impo-

1064 1325 1142 1353 nunt,
1167 1327 1216 1346 nec
1234 1319 1292 1346 sine
1309 1318 1432 1354 periculo
1456 1318 1624 1353 praetermitti
1642 1323 1771 1353 possunt;
1798 1318 1852 1346 alia

1066 1372 1119 1391 non
1136 1363 1299 1391 necessitate
1312 1363 1512 1398 constringunt,
1528 1363 1575 1390 sed
1593 1363 1620 1390 in
1636 1364 1750 1391 arbitrio
1764 1369 1792 1391 et
1805 1372 1854 1391 vo-

1064 1410 1171 1437 luntate
1187 1410 1273 1444 posita
1290 1413 1352 1437 sunt
1369 1418 1376 1436 :
1393 1417 1425 1436 ac
1439 1409 1554 1444 proinde
1569 1410 1639 1436 hanc
1657 1409 1788 1436 rationem
1803 1410 1851 1437 ha-

1063 1454 1149 1487 bent,
1171 1459 1200 1481 ut
1220 1455 1265 1489 qui
1286 1461 1317 1481 ca
1335 1454 1514 1481 custodierint
1527 1474 1535 1488 ,
1555 1455 1657 1482 honore
1680 1459 1707 1481 et
1735 1455 1854 1489 przeniiis

221 1498 301 1535 εἶναι,
318 1503 365 1529 καὶ
380 1503 427 1529 τοῦ
451 1503 536 1538 ἄκρου
557 1504 607 1539 τῆς
631 1504 732 1539 ἀρετῆς
757 1503 917 1536 ἐπιϐαίνειν,
942 1504 1013 1531 τοῦτ’

1067 1499 1237 1532 afﬁciantur;
1260 1499 1305 1533 qui
1324 1503 1414 1526 autem
1431 1500 1522 1526 minus
1538 1507 1569 1527 ea
1587 1499 1766 1534 expleverint,
1786 1500 1853 1528 nihil

221 1547 255 1574 ἂν
266 1546 300 1584 ἦν
315 1549 459 1584 κράτιστόν
477 1558 507 1575 τε
523 1549 571 1576 καὶ
591 1549 774 1576 τελεώτατονο
793 1549 854 1576 ἐπεὶ
877 1549 905 1576 δὲ
927 1550 1012 1585 χωρὶς

221 1592 255 1619 τὰ
278 1593 338 1620 θεῖα
359 1593 414 1620 τῶν
435 1593 624 1630 ἀνθρωπίνων,
647 1595 695 1621 καὶ
709 1596 765 1626 τοῖς
791 1595 841 1629 μὲν
864 1594 913 1621 οὐκ
938 1594 1012 1621 ἐστιν

221 1639 282 1665 ὅτου
297 1638 352 1672 (82)
369 1638 406 1673 μὴ
424 1638 479 1665 τῶν
493 1638 584 1666 καλῶν
608 1638 729 1674 μέτεστι,
743 1640 800 1670 τοῖς
813 1639 841 1665 δὲ
857 1638 938 1674 μέγα,
959 1639 1011 1666 κᾶν

221 1684 245 1709 εί
258 1683 304 1709 τοῦ
322 1683 405 1718 μέσου
430 1683 598 1719 τυγχάνοιεν.
612 1684 640 1710 τί
665 1693 706 1710 σοι
727 1684 852 1719 βούλεται
874 1685 904 1711 τὸ
925 1684 1011 1712 ταῦτα

221 1728 387 1764 νομοθετεῖν,
401 1729 419 1756 ἃ
435 1729 473 1766 μὴ
488 1730 542 1756 τῶν
559 1730 666 1757 πάντων
681 1730 766 1762 ἐστὶν,
784 1729 801 1765 ἢ
828 1731 1010 1766 κατακρίτους

221 1773 290 1802 εἶναι
305 1776 367 1807 τοὺς
383 1776 413 1801 οὐ
437 1776 642 1810 φυλάσσοντας;
667 1777 771 1812 Ὥσπερ
787 1776 841 1813 γὰρ
862 1777 937 1808 ὅστις
953 1777 1009 1811 (85)

221 1822 252 1848 οὒ
278 1821 414 1853 κολάσεως
437 1821 522 1854 ἄξιος.
550 1823 600 1858 ἠδη
629 1823 677 1850 καὶ
702 1823 896 1860 ἀναρρήσεως·
924 1822 1010 1854 οὕτως

221 1867 294 1898 ὅστις
312 1866 367 1902 (84)
384 1867 433 1894 οὐκ
447 1867 634 1903 ἀναρρήσεως,
653 1869 704 1904 ἤδη
718 1869 765 1896 καὶ
786 1869 921 1904 τιμωρίας
931 1877 938 1885 ’
952 1868 1009 1896 ἀλλ’

222 1913 250 1939 ὲν
262 1913 334 1948 ὅροις
350 1913 391 1939 δεῖ
408 1913 537 1948 μένοντας
551 1914 601 1949 τῆς
620 1915 756 1950 ἡμετέρας
773 1915 942 1950 φιλοσοφίας,
963 1915 1010 1942 καὶ

221 1959 269 1994 τῆς
289 1959 462 1995 ἀνθρωπίνης
479 1959 621 1995 δυνάμεως
637 1960 703 1996 (85),
721 1960 808 1993 οὕτως
823 1962 948 1988 ἀπαιτεῖν
964 1962 1011 1988 καὶ

222 2004 252 2031 τὸ
265 2005 491 2041 κατορθούμενον.

1065 1545 1176 1580 periculi
1206 1545 1423 1580 pertimescant?
1446 1545 1551 1572 Etenim
1567 1565 1575 1578 ,
1590 1547 1612 1573 si
1628 1545 1686 1573 fieri
1704 1551 1798 1581 posset
1824 1552 1853 1574 ut

1066 1599 1146 1628 quam
1159 1591 1254 1626 optimi
1267 1599 1362 1619 omnes
1379 1596 1482 1625 essent,
1495 1597 1576 1626 atque
1593 1592 1627 1619 ad
1642 1600 1778 1620 summum
1793 1593 1850 1620 vir-

1066 1639 1130 1666 tutis
1143 1638 1281 1673 fastigium
1296 1638 1468 1673 pervenirent
1484 1657 1491 1671 ,
1508 1638 1558 1665 hoc
1575 1638 1682 1672 quidem
1697 1638 1852 1673 praeclaris-

1065 1685 1163 1712 simum
1191 1690 1217 1711 et
1245 1683 1472 1718 perfectissimum
1499 1688 1581 1711 esset.
1602 1684 1738 1717 Quoniam
1754 1684 1852 1719 Lautam

1064 1730 1154 1757 divina
1171 1730 1204 1757 ab
1218 1730 1344 1757 humanis
1360 1729 1492 1764 dirempta
1507 1733 1579 1762 sunt,
1595 1734 1676 1764 atque
1688 1730 1732 1757 alii
1742 1731 1850 1764 quidem

1063 1775 1138 1803 nullo
1151 1784 1203 1803 non
1220 1776 1328 1804 virtutis
1342 1784 1440 1812 genere
1452 1777 1599 1810 excellunt,
1617 1778 1662 1805 alii
1678 1782 1768 1805 autem
1782 1777 1852 1806 bene

1064 1830 1157 1850 secent
1174 1823 1217 1857 agi
1235 1827 1341 1857 putant,
1360 1825 1383 1850 si
1408 1823 1451 1851 vel
1473 1823 1686 1852 mediocritatem
1700 1831 1852 1860 assequun-

1063 1874 1118 1902 tur,
1135 1876 1196 1903 qure
1211 1869 1268 1896 haec
1281 1874 1325 1896 tua
1344 1869 1413 1896 ratio
1428 1873 1479 1902 est.
1493 1869 1556 1896 dum
1576 1876 1608 1897 ea
1631 1869 1727 1898 indicis
1741 1875 1769 1897 et
1783 1878 1853 1904 prie-

1063 1915 1178 1947 scribis,
1193 1922 1253 1949 quae
1266 1923 1320 1942 non
1340 1915 1461 1943 omnium
1483 1919 1565 1948 sunt;
1589 1920 1636 1943 aut
1652 1923 1699 1944 eos
1713 1924 1762 1950 pro
1776 1917 1852 1943 dam-

1066 1961 1138 1988 natis
1153 1960 1237 1988 habes
1249 1979 1257 1992 ,
1272 1961 1319 1995 qui
1343 1968 1396 1988 non
1415 1961 1594 1989 custodiunt?
1618 1961 1850 1995 Quemadmodum

1063 2007 1136 2033 enim
1152 2006 1275 2041 quisquis
1287 2007 1419 2042 supplicio
1435 2007 1506 2035 haud
1530 2007 1627 2042 dignus
1639 2013 1692 2041 est,
1707 2015 1760 2035 non
1779 2008 1849 2034 idem

222 2048 311 2076 malim
329 2049 434 2076 laudem
456 2055 484 2078 et
510 2050 729 2085 prmdicattonem
765 2056 904 2084 meretur;
933 2051 1028 2078 eodem
1049 2051 1130 2078 modo
1159 2058 1210 2078 nec
1231 2051 1354 2086 quisquis
1379 2051 1458 2080 laude
1485 2058 1513 2079 et
1538 2053 1728 2088 przedicatione
1755 2053 1852 2089 dignus

223 2102 274 2121 non
300 2099 367 2127 est,-
387 2094 458 2122 idem
484 2095 625 2123 confestim
663 2103 772 2131 pmnam
815 2103 924 2130 quoque
957 2101 1165 2124 commeretur:
1188 2097 1234 2124 sed
1257 2097 1435 2132 philosophia:
1463 2103 1564 2125 nostrae
1591 2099 1776 2134 virtutumque
1801 2100 1850 2126 hu-

223 2147 362 2166 manarum
381 2140 479 2168 finibus
503 2149 554 2169 nos
584 2141 659 2176 ipsos
685 2141 826 2169 continere
853 2142 1005 2175 debemus,
1025 2142 1119 2178 sicque
1142 2143 1169 2170 id
1183 2163 1191 2176 ,
1225 2143 1297 2178 quod
1331 2150 1404 2171 recte
1430 2148 1458 2171 et
1481 2152 1513 2172 ex
1538 2145 1637 2172 virtute
1652 2146 1766 2180 geritur,
1789 2146 1851 2173 exi.

239 2193 295 2212 ere.

239 2194 295 2212 ere.

223 2194 238 2221 8
256 2231 285 2258 P’
306 2232 375 2260 Ἀλλ’
396 2234 529 2262 ἀνακτέον
544 2243 590 2268 μοι
613 2235 694 2262 πάλιν
713 2235 759 2262 τὸν
780 2235 859 2270 λόγον
882 2235 928 2261 ἐπὶ
951 2235 1014 2267 τοὺς

257 2322 312 2357 (Ἡ)
332 2323 452 2350 Σκόπει.
469 2323 534 2358 Reg.
553 2324 608 2354 bin,
624 2323 803 2356 Comh.,Sav.
821 2325 958 2350 σκοπεῖτε.

257 2357 313 2394 (7‘2)
329 2357 566 2393 Hspttpszo’ri'wr
580 2367 622 2386 τε.
639 2358 684 2386 Sic
699 2361 751 2386 duo
774 2359 859 2394 Regg.
883 2364 910 2386 et
933 2359 1009 2386 Pass.

223 2393 301 2420 Deest
316 2401 347 2419 τε
367 2395 393 2420 in
408 2393 452 2420 ed.

257 2428 313 2463 (75)
332 2427 517 2464 Χριστιανῶν
542 2436 623 2456 ποτε.
649 2427 687 2455 Ita
704 2428 779 2462 Regii
801 2434 931 2464 quatuor,
956 2429 1009 2456 duo

221 2463 311 2496 Colb.,
329 2463 376 2491 Or.
396 2464 421 2498 1ἶ
439 2464 519 2496 Gul),
532 2464 578 2490 alii
598 2468 718 2492 servato.
731 2465 773 2490 alii
795 2463 895 2498 reiecto
914 2471 1010 2491 accen-

224 2498 359 2538 tu.;lllcg.
373 2498 392 2531 l,
412 2497 488 2526 Pass.
510 2504 538 2526 et
558 2499 641 2526 Savil.
663 2498 784 2526 πώποτε.
801 2497 880 2526 Deest
899 2507 964 2526 ποτε
981 2499 1008 2526 in

221 2535 312 2561 ιῆσίὶιίς.

257 2569 313 2601 (74)
327 2568 508 2595 Συνελόντα.
525 2568 588 2599 Alii,
604 2569 749 2596 συνελόντι.

257 2603 313 2636 (⁵15)
331 2603 430 2629 Λῠτοί.
448 2603 524 2631 Pass.
538 2603 719 2631 additmﬁm.

258 2637 312 2674 (76)
332 2638 430 2674 'Hgir.
443 2639 520 2674 Deest
535 2638 561 2674 in
579 2639 685 2666 duobus
697 2639 781 2674 Regg.
796 2645 820 2666 et
833 2639 880 2666 Or.
893 2640 918 2666 l.

247 2673 314 2713 _(77)
415 2673 526 2713 _éxeiro.
547 2673 623 2701 Pass.
653 2679 681 2701 et
708 2673 765 2707 alii,
794 2675 853 2707 πῶς
870 2675 929 2701 οὐκ.
948 2675 1009 2702 Par.

224 2708 280 2739 πῶς
293 2708 374 2735 ἐκεῖν’
395 2709 436 2735 οὐ.

261 2744 315 2775 (78)
330 2743 488 2779 Κίνδυνος,
519 2743 633 2771 lllontac.
650 2743 791 2779 legendum
813 2750 898 2779 putat,
921 2744 1010 2771 κίνδο-

223 2785 277 2807 νον,
293 2783 321 2814 ut
334 2778 470 2814 referatur
481 2779 513 2805 ad
528 2779 616 2814 φέρει,
631 2778 703 2813 quod
718 2780 931 2807 subaudiendum
945 2788 1009 2806 cen-

223 2818 276 2839 ιιι-ι.
289 2813 387 2845 Quidni
402 2820 465 2839 vero
478 2814 510 2840 ad
524 2813 593 2846 ἐστι,
610 2815 680 2848 quod
694 2815 834 2842 subaudiri
852 2814 941 2842 solet?
955 2814 1009 2842 Fa-

224 2855 247 2873 v~
257 2853 284 2872 nt
298 2855 392 2874 omnes
409 2848 526 2875 codices.

259 2882 314 2914 t79)
329 2881 420 2916 Τιμὴν
431 2882 479 2910 καὶ
490 2883 656 2913 ἀντίδοσιν.
671 2884 899 2917 Subaudiendum.
915 2883 1005 2919 φέρει,

1102 2235 1134 2264 C.
1145 2237 1181 2263 At
1196 2236 1260 2263 mihi
1284 2244 1393 2264 rursum
1414 2236 1566 2264 faciendum
1593 2241 1644 2269 est,
1659 2241 1687 2264 ut
1699 2237 1851 2265 orationem

1028 2325 1051 2352 D
1066 2323 1108 2351 vel
1124 2325 1299 2360 repetendum
1314 2324 1380 2360 ἔχει.

1101 2359 1158 2398 (Βρ)
1169 2359 1245 2398 ρύᾂ
1262 2357 1354 2398 am?
1368 2357 1521 2398 οὔκ-ἔζη.
1549 2361 1681 2398 Μαριάμ
1700 2361 1764 2398 Her.
1789 2363 1850 2398 μηδ’

1063 2392 1208 2434 ὅντινὀὖν.
1221 2394 1303 2430 Regg.
1321 2395 1377 2428 btn,
1389 2395 1405 2428 l,
1421 2395 1475 2422 οὐδ’
1488 2396 1578 2422 ὅντινα
1588 2395 1644 2423 οὖν.
1660 2397 1753 2430 Basil.,
1766 2392 1851 2425 ὁντίν-

1063 2437 1120 2456 ουν,

1077 2461 1246 2508 γ(81)ρῖόν·
1268 2472 1300 2491 τε
1318 2463 1367 2500 ἦν.
1388 2465 1426 2492 Ita
1456 2466 1576 2501 plerique
1606 2467 1724 2494 codices.
1750 2467 1777 2495 In
1805 2469 1848 2498 ed.

1062 2508 1117 2526 οιον
1133 2508 1149 2526 τ
1168 2508 1213 2526 ττν.

1081 2509 1117 2526 ιον
1133 2509 1149 2526 τ
1168 2509 1213 2533 ην.

1097 2535 1154 2571 (82)
1168 2535 1272 2571 βοτου.
1286 2535 1350 2571 “eg.
1368 2536 1394 2567 b,
1413 2535 1477 2571 ὅτῳ.

1097 2570 1153 2610 (8ς))
1166 2570 1281 2610 Ὅστις)
1313 2570 1410 2610 Paris,
1444 2570 1493 2610 οῷχ
1513 2571 1596 2610 ὅστις.
1627 2571 1777 2600 Delcvimus
1789 2573 1848 2610 οὐχ,

1062 2605 1133 2640 quod
1151 2613 1165 2631 ο
1180 2606 1319 2632 codicibus
1332 2606 1388 2633 fere
1400 2605 1523 2634 omnibus
1543 2609 1628 2634 abest.

1062 2639 1077 2683 ζ
1096 2639 1152 2675 (8-5)
1171 2640 1286 2672 ⁸οστις.
1315 2640 1362 2668 llic
1386 2641 1483 2668 iterum
1511 2644 1692 2676 expunximus
1713 2643 1761 2678 οὐχ
1787 2649 1849 2671 ante

1181 2710 1571 2746 Ἀνθρωπίκηςνὸυνάμεως.
1602 2711 1667 2746 Reg.
1697 2713 1744 2745 hu,
1773 2713 1848 2746 ΑΜ..

1060 2745 1144 2783 Ilerv.
1162 2745 1311 2783 ἡμετέρας.
1335 2745 1527 2783 illallenrhunc
1547 2748 1634 2773 locum
1643 2745 1689 2783 λεία
1709 2748 1822 2776 reddere
1838 2745 1846 2777 ἐ

1063 2791 1072 2807 ι
1084 2781 1195 2816 Oportet
1213 2781 1293 2815 igiiur
1318 2781 1495 2818 philosophia:
1510 2787 1608 2818 nostra:
1628 2782 1778 2818 viriumque
1794 2784 1846 2810 lm-

1060 2824 1200 2844 manarum
1218 2816 1325 2846 ﬁnibus
1335 2816 1474 2855 continere
1497 2823 1537 2856 se.
1553 2824 1584 2843 ac
1596 2817 1634 2844 ita
1650 2816 1758 2848 deniqu
1774 2820 1846 2855 quod

1060 2858 1132 2881 recte
1148 2858 1176 2881 Cl
1191 2861 1223 2881 ex
1240 2858 1340 2880 νιηυιο
1357 2856 1470 2885 geritur,
1481 2858 1599 2887 exigere.
1610 2861 1620 2877 ι
