2071 3133
208 150 259 179 655

823 150 853 176 δ.
876 149 1041 176 ςιιιςυιιιι
1061 147 1239 175 THEOLOGI

1780 147 1832 174 656

208 210 240 238 Id
252 215 393 238 sermones
410 214 553 240 remeam;
569 213 658 240 neque
670 206 743 234 enim
762 206 827 233 mihi
846 211 996 240 temperare

1048 206 1156 240 λόγους·
1174 206 1204 232 οὐ
1220 205 1274 240 γὰρ
1289 205 1363 240 φέρω
1375 205 1412 240 μὴ
1423 213 1502 231 τουτο
1516 204 1645 236 πολλάκις
1659 204 1830 235 ἀνακυκλεῖν,

207 262 316 290 possum
330 275 337 286 ,
351 255 415 288 quin
437 254 489 280 hoc
507 252 653 279 identidem
669 251 808 287 replicem,
823 251 994 279 enitendum-

207 307 269 335 que,
288 306 317 326 ιιι
330 300 394 335 ipsis
405 306 453 331 pro
467 298 535 324 virili
551 305 630 332 opem
647 297 742 324 ieram.
754 296 820 323 Nam
836 305 897 323 cum
911 297 993 323 multa

208 351 232 373 et
243 346 335 380 gravia
350 345 403 372 sint
419 352 479 378 qua:
497 344 588 370 odium
614 343 652 370 illi
677 343 774 370 merito
797 342 918 370 conﬂare
945 343 994 369 dc-

207 392 302 421 beant.
321 390 388 417 nihil
404 395 494 416 tamen
518 395 560 415 est
578 389 604 415 in
619 396 673 423 quo
698 389 784 421 magis
798 395 878 422 quam
893 387 918 413 in
945 388 995 414 hac

207 444 237 463 re
248 457 254 467 ,
271 436 390 470 iniquum
411 442 442 461 ac
457 434 620 462 sceleratum
643 442 674 462 se
699 434 845 468 praebuisse
860 434 938 469 132
956 434 995 460 vi-

207 484 312 511 deatur.
328 482 367 509 Ac
383 489 501 513 mecum,
515 481 605 514 velim,
618 482 784 516 indignetur,
801 481 924 515 quisquis
937 489 995 508 ser-

208 528 334 555 monibus
363 529 548 561 doctrinmqne
575 527 674 554 studiis
697 527 856 559 delectatur,
879 527 995 562 liuicque

208 574 279 610 parti
298 574 422 600 addictus
442 578 493 604 est,
511 580 566 607 quo
580 573 606 599 in
627 581 740 600 numero
758 580 801 600 me
817 580 924 608 quoque
935 581 996 600 esse

209 627 261 646 non
278 619 395 646 inlicior.
413 618 481 646 Nam
499 624 597 645 τίμιοι-θ
614 619 722 652 quidem
736 619 825 646 omnia
841 619 996 646 volentibus

210 665 317 699 reliqui.
332 672 408 698 opes,
423 665 531 700 generis
557 665 726 692 nobilitatem
740 685 748 697 ,
761 665 884 699 gloriam,
898 670 995 700 poten-

210 711 273 737 liani
288 715 450 744 eademque,
462 718 521 744 quae
535 715 649 737 terrena:
661 709 740 744 hujus
755 711 912 744 iactationis
922 715 995 741 sunt.

210 761 237 783 et
255 763 331 783 vanae
349 756 517 791 SOIllﬂllslllic
530 756 626 783 similis
639 756 838 784 oblectationis.
849 756 884 782 At
896 764 998 783 sermo-

209 809 257 829 nes
282 802 354 829 solos
379 802 543 836 complector
563 811 570 828 :
597 810 646 829 nec
670 803 770 833 habeo,
796 803 866 837 quod
891 802 997 829 labores

210 852 265 874 tum
294 851 366 874 terra
385 853 440 874 tum
459 848 525 874 mari
556 853 696 881 susceptos
721 849 841 874 incusem
855 869 863 881 ,
879 849 923 882 qui
949 855 996 875 eos

1045 253 1092 279 καὶ
1102 251 1243 288 πειρατέον
1257 251 1441 286 συνηγορῆσαι
1454 250 1558 282 τούτοις
1569 251 1610 282 εἰς
1622 250 1736 286 δύναμιν
1747 259 1754 266 ·
1768 251 1831 277 πολ-

1045 297 1098 323 λῶν
1114 297 1169 332 γὰρ
1186 297 1232 322 καὶ
1246 295 1340 322 δεινῶν
1353 296 1448 328 ὄντων,
1465 296 1507 330 ἐφ’
1522 293 1562 328 οἷς
1577 297 1680 328 ἐκεῖνος
1697 297 1832 331 μισεῖσθαι

1044 343 1158 375 δίκαιος,
1173 343 1223 368 οὐκ
1240 342 1314 368 ἐστιν
1326 343 1340 368 ὃ
1357 351 1382 368 τι
1399 341 1525 377 μᾶλλονῆ
1541 342 1620 368 τοῦτο
1633 343 1832 377 παρανομήσας

1046 390 1178 425 φαίνεται.
1199 388 1254 415 Καί
1273 397 1318 423 μοι
1337 389 1574 421 συναγανακτείτω
1592 389 1645 420 πᾶς
1657 389 1730 420 ὅστις
1744 388 1831 422 λόγοις

1045 435 1157 469 χαίρων,
1179 434 1225 461 καὶ
1247 435 1280 468 τῇ
1300 433 1381 468 μοίρᾳ
1395 433 1482 469 ταύτῃ
1507 433 1701 469 προσκείμενος
1714 435 1781 469 (86),
1794 431 1832 461 ὧν

1046 479 1115 506 εἶναι
1132 480 1179 506 καὶ
1196 480 1277 511 αὐτὸς
1303 479 1354 506 οὐκ
1375 479 1539 515 ἀρνήσομαι.
1555 479 1597 506 Τὰ
1622 479 1671 514 μὲν
1691 480 1745 515 γὰρ
1765 481 1832 507 ἄλλα

1047 526 1161 562 παρῆκα
1184 527 1240 557 τοῖς
1266 525 1448 561 βουλομένοις,
1474 524 1597 557 πλοῦτον,
1615 526 1763 560 εὐγένειαν,
1786 526 1833 553 εὖ-

1046 572 1150 603 κλειαν,
1164 571 1336 603 δυναστείαν,
1353 571 1371 598 ἃ
1383 571 1434 606 τῆς
1454 571 1529 598 κάτω
1548 573 1698 607 περιφορᾶς
1715 573 1771 598 ἐστι
1786 574 1833 599 καὶ

1046 618 1204 654 ὀνειρώόοιες
1216 618 1337 652 τέρψεως
1347 627 1353 632 ·
1370 617 1417 644 τοῦ
1430 618 1509 652 λόγου
1523 618 1552 644 δὲ
1566 619 1726 654 περιέχομαι
1740 619 1832 653 μόνον’

1047 665 1092 691 καὶ
1109 665 1139 690 οὐ
1160 665 1302 699 μέμφομαι
1317 663 1453 699 χερσαίοις
1466 673 1495 690 τε
1508 664 1598 696 πόνοις
1611 665 1657 691 καὶ
1667 664 1832 697 θαλασσίοις,

1046 711 1071 737 οῖ
1094 710 1204 742 τούτους
1233 718 1277 745 μοι
1306 709 1564 745 συνεπὸρισαν(87).
1593 710 1669 745 Ἐμοὶ
1690 711 1755 744 γοῦν
1779 711 1831 746 εἴη,

1047 757 1094 783 καὶ
1108 757 1183 788 ὅστις
1199 756 1260 791 ἐμοὶ
1283 755 1369 789 φίλος,
1393 755 1423 781 τὸ
1438 755 1492 783 τῶν
1513 755 1599 789 λόγων
1617 755 1716 791 κράτος
1731 756 1802 790 (88)·
1819 756 1833 782 ὃ

1048 801 1155 837 πρῶτον
1175 801 1243 836 μετὰ
1259 801 1289 827 τὸ
1305 801 1412 836 πρῶτον
1428 802 1595 837 ἡσπασάμην
1609 811 1638 828 τε
1656 803 1700 829 καὶ
1715 802 1834 835 ἀσπάζο-

1049 857 1109 882 μαι,
1123 847 1158 874 τὰ
1174 847 1233 874 θεῖα
1249 847 1330 881 λέγω,
1349 848 1395 874 καὶ
1412 847 1462 879 τὰς
1480 846 1532 879 ἔξω
1546 847 1599 883 (89)
1616 848 1669 875 τῶν
1689 849 1834 884 ὁρωμένων

211 893 276 919 mihi
292 898 495 927 compararunt.
519 893 608 927 Atque
625 894 728 920 utinam
745 893 809 919 mihi
825 913 832 925 ,
848 894 996 928 amicisque

1048 893 1168 924 ἐλπίδας.
1186 893 1267 919 Ὥστε
1288 894 1313 919 εί
1332 893 1362 919 τὺ
1379 894 1478 919 οἰκεῖον
1493 894 1548 926 (90)
1569 894 1658 926 πιέζει
1681 895 1744 925 πᾶν,
1765 895 1835 922 κατᾶ

210 938 288 970 meis,
314 945 469 965 sermonum
488 939 569 964 robur
584 938 654 965 adsit
671 938 762 972 :quod
787 939 916 972 primum,
935 945 996 972 post

210 982 237 1010 id
248 984 317 1018 quod
330 984 445 1017 primum
460 988 512 1015 est,
527 984 695 1018 amplexatus
711 992 781 1015 sum,
800 990 881 1018 atque
895 984 994 1010 etiam-

211 1034 274 1054 num
304 1027 454 1062 amplexor,
480 1028 531 1055 hoc
548 1033 589 1055 est
601 1048 609 1060 ,
625 1034 686 1062 pust
701 1029 789 1055 divina
806 1050 812 1061 ,
833 1034 860 1055 et
875 1036 936 1062 spes
961 1029 995 1055 ab

209 1074 350 1101 oculorum
363 1073 486 1100 sensibus
498 1079 627 1101 remotas.
643 1074 744 1106 Quare.
761 1075 782 1101 si
795 1082 842 1101 sua
861 1081 996 1108 quemque

1050 939 1192 973 Πίνδαρον,
1215 939 1360 972 ἀναγκαῖος
1377 939 1392 964 ὸ
1413 940 1478 974 περ).
1502 939 1603 966 τούτων
1625 939 1718 975 ἔμοιγε
1741 934 1832 974 λ’όγος·

1050 984 1096 1010 καὶ
1114 984 1230 1018 μάλιστα
1245 984 1358 1015 δίκαιον,
1371 985 1410 1015 ὡς
1430 985 1480 1010 οὑκ
1498 982 1548 1011 οἶδ’
1563 985 1592 1011 εἴ
1609 993 1635 1011 τι
1651 985 1705 1011 τῶν
1721 985 1775 1020 (91)
1789 986 1835 1012 ἆλ-

1048 1028 1113 1059 λων,
1138 1029 1208 1065 λόγῳ
1233 1029 1283 1065 τὴν
1302 1029 1372 1064 ὑπὲρ
1395 1029 1482 1063 λόγων
1502 1030 1581 1065 χάριν
1603 1031 1754 1058 ἀποδιδόναι
1779 1033 1835 1063 τοῖς

1048 1074 1147 1108 λόγοις.

209 1126 346 1156 premunt.
363 1125 392 1146 ut
408 1125 449 1146 est
461 1120 530 1154 apud
544 1120 702 1153 Pindarum,
716 1121 780 1148 mihi
795 1120 903 1155 quidem
917 1124 991 1147 certe
1010 1119 1044 1146 de
1074 1121 1116 1148 his
1142 1129 1293 1148 sermonem
1325 1120 1424 1148 habere
1448 1127 1558 1148 necesse
1571 1126 1611 1148 est
1628 1131 1635 1148 :
1653 1123 1832 1156 maximeque,

211 1172 242 1194 ut
257 1167 326 1193 haud
343 1166 426 1193 sciam
443 1174 477 1193 an
493 1167 637 1202 quidquam
654 1167 744 1200 aliud,
755 1174 863 1202 :equum
891 1171 953 1200 est,
971 1167 1090 1193 instituta
1122 1175 1170 1202 pro
1201 1167 1371 1194 sermonibus
1403 1167 1528 1194 oratione
1540 1168 1655 1200 gratiam
1665 1169 1835 1195 sermonibus

211 1213 325 1241 referre.

245 1269 288 1299 Cl.
304 1271 381 1300 Unde
394 1272 476 1307 igitur
486 1272 537 1299 hoc
556 1271 604 1299 tibi
620 1271 646 1298 in
667 1276 784 1298 mentem
802 1271 877 1298 venit
891 1291 898 1302 ,
914 1270 995 1297 homo

210 1319 330 1345 omnium
345 1318 480 1346 levissime
507 1323 534 1345 et
549 1317 798 1352 inexplebilissimc,
809 1322 838 1344 ut
853 1323 996 1344 sermones

211 1365 375 1392 Christianis
400 1365 544 1398 eriperes?
570 1364 621 1391 hoc
635 1363 708 1390 enim
723 1370 757 1389 ex
775 1370 868 1390 eorum
884 1368 996 1389 numero

211 1415 282 1441 erat.
297 1417 356 1444 qua:
370 1417 421 1436 non
435 1410 461 1436 in
473 1410 553 1436 minis
571 1409 668 1443 posita,
685 1408 730 1435 sed
752 1407 808 1441 jam
833 1408 942 1434 decreta
971 1411 998 1433 et

212 1455 271 1490 lege
285 1456 387 1482 sancite
405 1459 494 1482 erant.
519 1455 605 1486 Unde,
623 1459 650 1481 et
664 1461 716 1488 qua
741 1461 774 1480 ex
801 1453 905 1480 causa?
933 1451 1000 1485 Quis

213 1501 315 1535 logicus
335 1501 493 1532 Mercnrius,
513 1506 541 1526 ut
558 1501 616 1535 ipse
628 1499 738 1531 dixeris,
755 1499 805 1526 hoc
820 1499 866 1526 tibi
883 1499 910 1525 in
923 1506 999 1524 uicti-

1083 1265 1145 1293 ΡΧ.
1157 1265 1242 1292 Πόθεν
1258 1262 1304 1292 οὖν
1316 1265 1414 1300 ἐπῆλθέ
1429 1274 1470 1291 σοι
1482 1265 1600 1297 τοῦτο,ω
1613 1267 1761 1301 κουφότατε
1771 1268 1837 1294 πάν·

1048 1321 1102 1340 των
1125 1313 1171 1338 καὶ
1191 1311 1386 1347 ἁπληστότατε,
1405 1312 1435 1338 τὸ
1453 1312 1539 1346 λόγων
1563 1313 1748 1347 ἀποστερῆσαι
1769 1314 1836 1349 Χρι-

1050 1358 1191 1390 στιανοὺς;
1216 1358 1294 1384 τοῦτο
1309 1358 1364 1393 γὰρ
1386 1357 1415 1384 οὐ
1435 1358 1490 1383 τῶν
1507 1357 1709 1392 ἀπειλουμένων
1722 1358 1774 1393 (92)
1791 1356 1836 1393 ἧν,

1048 1405 1115 1432 ἀλλὰ
1139 1404 1192 1430 τῶν
1217 1404 1267 1439 ἤδη
1293 1403 1556 1439 νενομοθετημένων.
1581 1404 1676 1435 Πόθεν,
1693 1405 1747 1430 κάκ
1765 1405 1836 1436 τίνο;

1048 1450 1151 1482 αἰτίας;
1177 1450 1225 1481 Τίς
1255 1449 1357 1484 Ἐρμῆς
1378 1458 1419 1476 σοι
1442 1450 1533 1484 λόγιος
1551 1450 1617 1485 (93).
1642 1451 1680 1482 ὡς
1703 1451 1735 1477 ἂν
1757 1452 1836 1483 αὐτὸς

1050 1496 1148 1527 εἴποις,
1165 1495 1237 1522 τοῦτ’
1256 1495 1302 1521 ἐπὶ
1324 1495 1386 1521 νοῦν
1404 1496 1508 1531 iniure;
1532 1496 1610 1527 Τίνες
1631 1496 1756 1531 Τελχῖνες
1780 1497 1835 1532 (94)

213 1531 267 1573 tein
281 1546 410 1573 immisit?
421 1546 471 1578 Qui
493 1531 741 1580 pravi'l‘elcliines,
755 1549 783 1572 et
795 1544 877 1571 invidi
893 1543 994 1570 dmino-

1051 1542 1174 1577 πονηροὶ,
1190 1541 1237 1567 καί
1253 1540 1383 1575 βάσκανοι
1397 1541 1538 1576 δαίμονες;
1557 1542 1589 1568 El
1604 1541 1692 1577 βούλει
1708 1543 1773 1578 (95),
1789 1543 1837 1569 κα).

213 1592 284 1619 nes?
300 1591 328 1618 Si
349 1592 447 1626 placet,
467 1591 545 1624 hujus
570 1598 677 1626 quoque
702 1591 739 1617 rei
766 1597 876 1617 causam
902 1588 997 1616 ιιΙῘει-ε-

214 1645 285 1665 nius.
305 1637 438 1664 Nimirum
460 1637 619 1672 oportebat,
633 1641 663 1662 ut
677 1644 737 1663 cum
752 1635 836 1662 multa
851 1640 877 1662 et
892 1634 996 1662 nefaria

217 1683 320 1710 Scelera
337 1688 466 1714 tentares,
480 1683 533 1709 huc
544 1682 651 1708 tandem
674 1680 862 1715 impellereris,
878 1685 959 1714 atque
971 1679 997 1706 in

214 1728 331 1762 teipsum
350 1729 492 1763 perspicue
514 1728 668 1755 incurreres
685 1737 691 1754 :
711 1732 739 1753 ιιι
757 1735 808 1760 qua
826 1734 855 1753 re
870 1726 917 1753 tibi
939 1734 997 1752 ma-

216 1775 287 1801 xime
299 1774 470 1809 gloriandum
485 1773 672 1806 cxistimahas,
692 1774 718 1799 in
728 1773 821 1800 eadem
842 1771 998 1806 imprudens

215 1818 334 1845 maxime
347 1818 487 1852 ineptires,
506 1825 537 1845 ac
554 1818 639 1845 brutte
657 1817 815 1844 stoliditatis
827 1821 917 1843 notam
934 1817 998 1843 sub-

214 1862 278 1890 ires.
294 1862 436 1897 Responde
453 1863 524 1890 enim
537 1872 542 1889 :
553 1863 622 1896 Quid
637 1863 684 1890 tibi
696 1863 747 1889 hoc
759 1862 900 1890 decretum
917 1861 973 1887 vult
987 1861 998 1887 ἲ

214 1915 327 1943 qumque
345 1913 371 1936 te
394 1909 462 1936 ratio
477 1909 562 1935 movit
576 1929 584 1938 .
597 1913 626 1935 ut
641 1909 713 1936 circa
731 1915 872 1935 sermones
896 1907 997 1940 aliquid

215 1955 368 1981 novandum
395 1954 532 1980 duceres?
547 1953 623 1986 Quod
650 1953 672 1980 si
696 1953 762 1988 justi
783 1953 886 1987 aliquid
901 1951 998 1978 alierre

215 2000 290 2026 visus
316 2000 412 2031 fueris,
425 1999 576 2026 delebimus
600 1999 724 2033 quidem,
739 2003 766 2025 at
783 1999 894 2025 minime
915 2002 940 2024 te
958 2005 999 2025 re-

1047 1587 1142 1614 τούτου
1156 1587 1204 1622 τὴν
1219 1587 1308 1614 αἰτίαν
1323 1588 1402 1622 ἡμεῖς
1420 1588 1642 1622 παραστήσομεν.
1654 1588 1726 1614 Ἔδει
1740 1589 1794 1624 γάρ
1807 1597 1836 1615 σε

1049 1633 1156 1664 πολλοῖς
1166 1633 1340 1668 ἐγχειροῦντα
1352 1634 1399 1660 καὶ
1409 1633 1576 1668 παρανόμοις
1590 1635 1694 1666 κακοῖς,
1706 1635 1745 1666 εἰς
1758 1635 1803 1661 τοῦ
1809 1643 1837 1661 το

1050 1679 1204 1714 ὑπαχθῆναι
1226 1678 1404 1712 τελευτῶντα,
1429 1680 1475 1706 καὶ
1499 1679 1589 1715 σαυτῷ
1605 1681 1745 1716 προδήλως
1761 1690 1837 1716 περι-

1051 1727 1143 1752 πεσεῖν
1153 1735 1160 1741 '
1170 1726 1203 1752 ἵν’
1212 1722 1234 1759 ᾧ
1243 1725 1298 1761 (96)
1311 1726 1427 1760 μάλιστα
1437 1727 1544 1761 φρονεῖν
1552 1726 1605 1761 ᾤου
1613 1726 1677 1758 δεῖν,
1688 1727 1774 1762 τούτῳ
1780 1727 1835 1761 (97)

1050 1772 1166 1807 μάλιστα
1187 1771 1272 1807 λάϐῃς
1298 1772 1501 1807 ὲνασχημονῶν,
1517 1773 1564 1798 καὶ
1580 1772 1690 1806 ἀλογίαν
1704 1781 1836 1807 κατακρι-

1047 1817 1169 1853 νόμενος.
1183 1817 1341 1853 Ἀπόκριναι
1357 1817 1412 1853 (98)
1429 1818 1482 1852 γάρ
1493 1827 1499 1832 ·
1515 1817 1542 1843 τί
1559 1826 1600 1844 σοι
1622 1818 1651 1844 τὸ
1665 1818 1753 1853 δόγμα
1772 1817 1835 1853 βού-

1047 1863 1137 1895 λεται;
1152 1864 1198 1890 καὶ
1214 1864 1255 1895 τίς
1269 1865 1283 1890 ὁ
1297 1863 1376 1897 λόγος
1392 1864 1440 1900 τῆς
1456 1865 1520 1899 περ).
1533 1864 1628 1898 λόγους
1643 1864 1835 1899 καινοτομίαςε

1049 1909 1108 1935 Κάν
1127 1918 1153 1936 τι
1179 1909 1282 1936 δίκαιον
1303 1909 1382 1945 δόξῃς
1405 1909 1505 1943 λέγειν,
1532 1910 1699 1945 ἀνιασόμεοα
1724 1910 1782 1945 μὲν,
1803 1910 1833 1935 οὗ

1052 1955 1214 1990 μεμψόμεθα
1227 1955 1270 1981 δέ·
1286 1957 1333 1982 καὶ
1347 1956 1401 1991 γὰρ
1414 1956 1508 1991 ὥσπερ
1519 1956 1566 1983 σὺν
1580 1956 1652 1992 λόγῳ
1664 1957 1752 1993 νικᾷν,
1764 1955 1836 1984 οὕτω

1051 2000 1098 2026 καὶ
1108 2001 1233 2026 νικᾶσθαι
1246 2000 1335 2032 καλῶς
1352 2001 1560 2037 μεμαθήκαμεν.

215 2044 422 2079 prelicndemus.
448 2044 679 2077 Quemadmodum
704 2043 776 2071 enim
805 2051 867 2070 cum
890 2043 996 2071 ratione
1015 2043 1139 2077 vincere,
1172 2046 1212 2073 sic
1241 2048 1321 2073 etiam
1340 2046 1454 2074 honeste
1469 2054 1501 2074 ac
1521 2047 1690 2074 laudabiliter
1703 2048 1772 2074 vinci
1795 2047 1836 2074 di-

215 2091 340 2118 dicimus.

251 2137 306 2165 Cll.
326 2135 418 2164 Nostri
436 2141 495 2164 sunt
507 2144 649 2168 sermones,
664 2135 761 2171 inquit,
775 2139 799 2163 et
816 2139 933 2162 nostrum
954 2140 991 2162 est

262 2265 307 2300 86)
320 2265 546 2300 Προσχείμενος.
566 2265 658 2293 Schol.
674 2265 811 2300 τυγχάνει.

263 2300 308 2335 8Ἳ)
324 2302 541 2334 Σιινεπόρισαν.
556 2301 622 2336 Reg.
636 2301 690 2331 but,
708 2300 903 2336 συνεπόρησαν.

251 2309 308 2335 (δι)
324 2309 541 2334 ιιινεπορισαν.
556 2309 622 2362 ηοξ.
636 2309 690 2331 υιιι,
708 2309 903 2336 συνεπορησαν.

251 2336 307 2372 (88)
320 2337 422 2375 Λόγων
432 2336 550 2375 κράτος.
567 2345 576 2362 ι
611 2343 751 2362 ermonum
764 2336 887 2368 victoria,
902 2335 998 2370 princi-

217 2371 306 2406 patus.
320 2371 488 2406 pra'cipuuin
502 2371 592 2397 (lucus.
608 2380 616 2396 ι

252 2406 307 2441 (89)
322 2405 451 2438 Τὰςὲξω.
466 2405 547 2432 Μοιιι.
568 2405 677 2441 mavult,
696 2405 745 2436 τὰς
768 2404 834 2441 ἇνωτ
852 2405 904 2432 Sed
918 2413 999 2440 repti-

216 2447 299 2475 gnant
317 2441 408 2474 scripti
423 2441 540 2467 codices.
566 2440 706 2468 Utrumvis
721 2445 811 2466 autem
830 2440 936 2475 legeris,
951 2449 998 2468 ea-

216 2478 276 2503 dem
302 2479 344 2502 est
359 2475 502 2511 sententia.
528 2475 595 2502 Vide
620 2475 638 2501 ll
653 2475 714 2502 Cor.
740 2475 836 2507 Iv,18,
863 2475 904 2502 Tit
918 2475 946 2501 δὲ
961 2475 998 2511 μὴ

218 2511 371 2546 βλεπόμενα
387 2509 494 2542 αἰώνια,
505 2519 514 2536 ι
529 2518 588 2545 qua:
603 2515 692 2538 autem
703 2517 756 2537 non
773 2511 907 2543 videntur,
925 2509 1002 2538 arter-

217 2554 250 2572 na
262 2551 334 2572 Slllll.
349 2556 358 2572 ι

253 2580 308 2615 (90)
323 2582 358 2607 Εἰ
370 2579 403 2607 τὸ
413 2579 532 2607 οἰκεῖον.
555 2579 617 2607 Ηινο
636 2579 704 2613 apud
720 2579 830 2608 Pindar.
845 2579 1001 2608 Nemeorum

217 2615 273 2643 Ode
291 2614 322 2657 LI
333 2619 479 2657 στροφςμζ
491 2614 662 2657 ἐπῳδζικώλ.
679 2618 715 2650 η’.
781 2616 798 2637 ι

291 2651 326 2677 Τὸ
339 2649 394 2684 τὰρ
405 2650 516 2677 οἰκεῖον
529 2649 620 2680 πιέζει

289 2685 378 2712 mira‘
394 2685 472 2720 ὁμῶς
481 2693 488 2700 °
504 2685 594 2717 εὐθὺς
605 2685 630 2712 δ’
643 2684 770 2720 ἀπήμων
783 2685 888 2720 καρδία

288 2720 386 2753 Κάδος
396 2721 466 2755 ἀμφ’
477 2720 646 2754 ἀλλότριον.

221 2754 294 2790 ﬂata
310 2757 377 2781 enim
393 2754 500 2790 propria
511 2760 631 2790 premunt

221 2789 434 2824 Unumquemque
452 2790 572 2824 puriter;
598 2798 685 2818 verum
711 2799 756 2818 cor
781 2791 869 2819 statim
885 2791 1001 2818 maeroris

223 2824 290 2852 Cum
302 2826 333 2852 de
348 2825 432 2852 aliena
449 2824 519 2852 luctu
535 2826 631 2858 agitur.
889 2825 1003 2861 [apem

1081 2134 1141 2162 PB’.
1161 2135 1314 2171 Ἠμέτεροι,
1331 2136 1423 2170 φησιν,
1448 2137 1476 2162 οἱ
1491 2137 1586 2172 λόγοι,
1606 2137 1654 2163 καὶ
1677 2136 1710 2164 τὸ
1730 2137 1834 2172 Ἐλλη-

1086 2264 1142 2301 (91)
1163 2264 1200 2291 Et
1211 2274 1238 2292 τι
1254 2264 1322 2299 τῶν,
1347 2271 1401 2292 etc.
1428 2265 1494 2301 Reg.
1511 2266 1566 2301 bri).
1583 2271 1607 2292 et
1623 2265 1682 2292 Bill.
1703 2266 1765 2293 εἴτι
1781 2267 1834 2292 τῶν

1049 2298 1137 2336 ᾅλλων
1155 2300 1240 2336 λόγων
1263 2301 1313 2335 τὴν
1343 2301 1413 2336 ὑπὲρ
1428 2298 1516 2335 λόγον.
1543 2300 1638 2328 Postea
1667 2309 1730 2327 vero
1743 2302 1834 2328 Billius

1048 2334 1134 2370 λόγων
1149 2341 1175 2362 et
1185 2335 1261 2369 λόγον
1279 2334 1416 2370 expunxii.
1444 2334 1520 2363 Pass.
1535 2336 1564 2362 εἴ
1587 2344 1628 2367 τις
1653 2336 1706 2362 τῶν
1731 2337 1835 2370 ἀλόγων

1049 2369 1120 2404 λόγῳ
1132 2371 1192 2404 τὴν.
1208 2376 1261 2397 etc.

1152 2390 1416 2442 Ia‘a‘e'l‘jovyérer
1422 2405 1549 2442 Μοιιιιιηη
1561 2406 1659 2442 ὴπειλη
1665 2406 1761 2441 μένων.

1084 2441 1140 2475 (95)
1152 2441 1268 2475 Λόγιιος.
1283 2441 1341 2467 Ald.
1356 2447 1383 2467 et
1396 2441 1475 2468 Herv.
1491 2441 1578 2476 λόγος.
1591 2442 1712 2468 Celtiber.
1728 2442 1835 2469 reddit:

1054 2483 1063 2499 ι
1077 2476 1137 2509 quis
1150 2476 1261 2530 erudita:
1274 2476 1368 2510 lingua:
1380 2476 1528 2503 Mercurius
1539 2477 1550 2503 ‘2
1561 2486 1570 2502 ›
1585 2476 1637 2509 vel,
1654 2485 1663 2501 ι
1677 2484 1832 2504 sermonum

1054 2517 1151 2530 nrmsne
1187 2519 1196 2530 ι

1053 2517 1151 2544 prazses
1163 2517 1175 2536 ι
1186 2519 1196 2536 ι

1087 2545 1143 2580 (9ι)
1161 2545 1308 2579 Τελχῖνες.
1325 2555 1335 2571 ι
1347 2546 1570 2581 Prmstigiatores.
1583 2555 1593 2573 ι
1612 2546 1669 2573 V'ux
1683 2546 1804 2573 derivata
1820 2554 1835 2574 a

1052 2579 1149 2613 θέλγω,
1167 2590 1176 2605 ι
1191 2582 1305 2606 mulceo.
1317 2590 1326 2607 ι

1087 2615 1318 2650 (95)Ειβούλει.
1332 2616 1403 2649 Ald,
1424 2615 1518 2648 liena,
1537 2615 1652 2643 Monlac.
1667 2615 1769 2643 addunt
1793 2616 1835 2643 δέ.

1053 2650 1132 2677 Deest
1145 2651 1180 2682 εἰ,
1206 2650 1232 2677 in
1244 2651 1361 2679 Colbert.
1376 2651 1404 2684 5,
1415 2650 1462 2678 0r.
1477 2652 1503 2682 1,
1518 2657 1569 2679 etc.
1584 2651 1680 2686 ltegius
1696 2651 1715 2683 Ι,
1730 2651 1747 2687 ἢ
1772 2650 1835 2686 βού-

1053 2691 1102 2711 Αει.

1088 2719 1144 2755 (96)
1161 2719 1209 2747 ’Ἰν-⁸
1224 2716 1258 2753 ᾧ.
1279 2720 1355 2748 Colb.
1369 2721 1396 2751 s.
1407 2721 1439 2746 ἵν’
1460 2721 1484 2748 a.

1087 2754 1143 2790 (97)
1154 2756 1258 2789 Τούτῳ.
1272 2755 1337 2789 Reg.
1358 2756 1414 2788 bm,
1429 2756 1517 2784 τοῦτο.

1088 2757 1132 2790 (97
1154 2757 1258 2789 Τούτῳ.
1272 2757 1337 2789 lieg.
1358 2757 1414 2788 bm,
1429 2757 1517 2784 τοῦτο.

1088 2757 1144 2825 (98)
1155 2791 1358 2828 ’Ἀπόκρινᾳιε
1377 2793 1497 2823 Quatuor
1524 2791 1601 2820 Colb.
1628 2791 1769 2828 ἁπόκρινε.
1795 2789 1839 2818 ita

1053 2827 1134 2853 etiam
1152 2826 1227 2854 Pass.
1243 2826 1288 2861 qui
1301 2826 1372 2854 addit
1389 2834 1443 2864 μοι.
