2071 3133
210 197 265 224 613

829 194 858 222 S.
877 194 994 224 GREGO
1002 193 1049 223 Rll
1071 194 1246 223 THEOLOGI

1795 198 1849 227 ϐυ

212 253 269 280 Deo
284 251 439 286 inscriptam
458 259 517 279 esse
539 258 698 286 persuasum
716 250 815 278 habent
827 251 839 278 τ
853 250 939 278 Tuum
954 251 1000 279 At-

1056 251 1124 278 Θεοῦ
1147 251 1202 287 ($8)
1218 249 1395 283 πιστεύουσι;
1415 251 1464 278 Σὸν
1479 251 1510 277 τὸ
1535 251 1715 287 Ἀττικίζεινς
1732 254 1769 281 Τὸ
1784 263 1848 282 πετ-

213 301 265 326 tice
280 298 353 333 quui
367 299 379 325 ?
394 297 486 331 Quid?
501 297 619 324 Calculis
631 297 680 329 uti.
700 302 728 324 et
747 305 902 331 numerare,
920 303 947 325 et
957 299 999 325 di-

211 345 274 379 gitis
301 349 457 378 suppntnre,
484 350 617 370 mensura:
634 343 698 370 itetn
722 346 749 370 el.
774 343 904 378 pondera,
919 349 1000 377 atque

211 393 274 415 ante
289 388 346 415 hare
363 388 444 415 etiam
459 387 525 414 aciei
544 387 687 414 instruetio
702 393 729 414 et
742 395 785 415 res
799 388 935 420 militaris,
954 396 1001 415 cu-

208 434 254 468 jus
268 434 354 462 sunt?
370 441 458 460 nonne
475 433 639 461 Enbmorum
655 434 699 461 ‘lsi
713 435 792 462 modo
811 434 930 461 Eubmus
942 440 1000 462 erat

211 481 255 507 ille
271 480 415 506 multarum
435 487 525 506 rerutn
549 480 674 506 inventor
696 479 865 512 Palamedes,
885 480 1002 507 invidia-

210 534 262 559 que
274 527 308 553 ob
322 526 347 553 id
365 525 514 560 impetitus,
534 531 616 560 atque
636 526 704 553 adeo
720 526 746 552 in
764 526 895 562 judicium
909 527 943 553 ob
957 534 1002 553 sa-

209 572 340 606 pientiam
354 577 476 603 vocatus,
495 571 529 598 ab
546 572 632 606 iisque
650 572 696 606 qui
719 572 849 599 adversus
864 571 939 598 lhnm
955 579 1001 598 ex-

209 617 373 652 peditionem
400 622 586 651 susceperant,
603 622 690 643 morte
702 616 831 644 multatus
846 615 936 649 ?Quid
949 616 1000 649 igi-

210 663 274 690 tur?
290 663 318 689 Si
345 662 478 698 Egyptii,
503 667 529 688 et
554 661 709 693 I'hmniees.
724 667 751 689 et
769 661 886 694 Hebraei,
903 662 1001 696 quibus

210 709 244 735 ad
261 708 440 735 eruditionem
471 712 591 734 nostram
618 708 730 739 utimur,
753 708 775 734 si
803 707 849 742 qui
870 707 999 734 Eubceain

211 753 326 781 insulam
339 754 471 786 incolunt,
482 754 549 785 hac,
562 759 688 788 tanquam
702 761 761 785 sua,
773 752 848 788 juxta
867 759 910 780 tua
927 753 1000 787 prin-

209 801 291 835 cipia,
311 800 489 832 vindicarint,
504 800 567 835 quid
586 800 716 827 iaciemus
731 799 743 825 τ
756 804 801 826 aut
819 799 883 834 quid
898 799 930 826 ad
953 807 1000 827 eos

208 845 360 874 causiﬁcari
380 846 538 880 poterimus.
556 845 713 872 nostris-met
729 845 833 880 legibus
861 844 931 879 capti
959 849 1000 870 at-

207 899 262 926 que
276 892 415 919 constricti
427 891 438 918 ’Ξ
448 891 541 918 Nonne
556 899 605 918 nos
619 891 730 918 omnino
742 891 784 917 his
798 891 879 918 rebus
899 891 998 925 privari

1050 297 1140 324 τεύειν
1159 297 1213 332 (49)
1230 297 1259 324 δὲ
1283 297 1330 323 καὶ
1345 297 1483 333 ἀριθμεῖν,
1507 298 1554 324 καὶ
1570 298 1724 332 λογίζεσθαι
1748 300 1847 328 δακτύ-

1050 342 1123 374 λοις,
1140 341 1227 377 μέτρα
1244 350 1273 368 τε
1296 342 1342 369 καὶ
1357 342 1475 377 σταθμὰ,
1493 342 1540 368 κα).
1555 342 1595 368 ἔτι
1611 343 1664 378 πρὸ
1685 343 1799 376 τούτων,
1814 347 1847 372 τὰ

1050 388 1167 414 τακτικὰ
1183 388 1230 414 καὶ
1245 387 1392 422 πολεμικὰ,
1407 388 1479 420 τίνος
1495 388 1568 423 (50);
1584 389 1634 415 οὐκ
1650 389 1793 424 Εὐϐοέων;
1810 392 1847 416 εἴ-

1051 434 1242 470 περιΕὺϐοείις
1265 435 1279 460 ὁ
1303 434 1478 470 Παλαμήδης,
1494 435 1508 460 ὁ
1531 434 1636 462 πολλῶν
1660 435 1784 471 εὑρετὴς,
1800 437 1847 464 καὶ

1050 480 1098 507 διὰ
1114 480 1195 507 τοῦτο
1216 479 1370 514 ἐπίφθονος,
1386 481 1433 507 κα).
1458 481 1549 516 μέντοι
1577 481 1623 507 καὶ
1639 481 1716 513 δίκας
1734 482 1783 517 τῆς
1800 491 1846 508 σο-

1053 526 1116 561 φίας
1141 525 1315 561 ἀπαιτηθεὶς,
1341 527 1388 553 καὶ
1411 527 1587 561 κατακριοεὶς
1613 529 1669 559 τοῖς
1693 529 1739 554 ἐπὶ
1768 528 1846 555 Ὶλὶου
1868 543 1870 546 -

1052 572 1252 608 στρατεύσασι;
1279 572 1312 598 Τί
1331 570 1394 604 οὗν;
1411 572 1444 599 ἂν
1461 572 1622 606 Αἰγύπτιοι,
1641 574 1688 600 καὶ
1711 574 1845 607 Φοίνικες,
1861 570 1867 608 ἶ

1057 619 1177 655 Ἐϐραῖοί
1191 627 1232 650 τε,
1247 617 1288 651 οἷς
1307 619 1388 654 ἡμεῖς
1403 619 1586 654 συγχρώμεθα
1600 620 1667 655 πρὸς
1684 620 1731 656 τὴν
1743 621 1844 656 ἡμετέ-

1053 589 1066 599 υ
1075 589 1236 608 ιγνιιιυυυιυν
1246 593 1252 605 ,
1284 589 1295 598 ι
1304 589 1312 598 ιο
1331 589 1376 599 νυν
1387 594 1394 604 ,
1411 589 1444 599 νιν
1461 589 1492 599 ιιι
1501 589 1507 606 ι
1516 589 1605 600 υιηθυι.
1615 593 1622 605 ,
1642 589 1688 600 λιιι
1711 589 1845 607 γυινυιιῇι

1057 619 1177 655 Ἐϐραῖοί
1191 627 1232 650 τε,
1247 617 1288 651 οἷς
1307 619 1388 654 ἡμεῖς
1403 619 1586 654 συγχρώμεθα
1600 620 1667 655 πρὸς
1684 620 1731 656 τὴν
1743 621 1844 656 ἡμετέ-

1053 673 1102 700 ραν
1125 664 1281 695 παίδευσιν,
1299 665 1326 690 τί
1349 664 1371 690 δ’
1397 664 1430 692 ἂν
1447 666 1472 691 oi
1490 665 1540 700 τὴν
1556 666 1636 700 νῆσον
1656 665 1762 701 ἔχοντες
1788 666 1845 702 (51)

1053 710 1166 733 Εὔϐοιαν
1181 709 1392 733 μεταποιοῦνται
1407 711 1463 733 (ᾖε)
1480 710 1583 733 τούτων
1597 711 1635 733 th:
1651 712 1742 733 μιῦτηῗτ-
1753 712 1832 733 8mm:-

1051 710 1166 737 Εῦϐοιαν
1181 709 1392 745 μεταποιοῦνται
1407 711 1463 745 (52)
1480 710 1583 738 τούτων
1597 711 1635 743 ὠς
1651 712 1742 744 αὺτοῖς
1753 712 1833 747 διαφε

1052 757 1164 792 ρόντων,
1178 756 1250 782 κατὰ
1262 755 1313 788 τὰς
1334 756 1384 787 σὰς
1400 756 1553 788 ὑποθέσεις,
1568 757 1595 783 τί
1611 757 1765 793 δράσομενς
1783 758 1799 793 ἢ
1815 758 1842 784 τί

1050 803 1312 838 δικαιολογησόμεοα
1335 803 1404 839 πρὸς
1420 804 1535 835 αὐτοὺς,
1552 805 1608 836 τοῖς
1626 804 1738 836 οἰκείοις
1759 805 1844 831 ἑαλω-

1051 848 1128 880 κότες
1147 848 1258 883 νόμοις;
1282 848 1318 874 Ἦ
1339 849 1414 875 πᾶσα
1440 848 1582 884 στέρεσθαι
1599 849 1701 875 τούτων
1723 849 1841 885 ἀνάγκη,

1051 895 1139 921 καὶτὸ
1152 894 1200 920 τοῦ
1214 894 1318 921 κολοιοῦ
1341 895 1457 929 πάσχειν
1473 895 1542 930 (55),
1561 897 1681 930 γυμνοὺς
1696 893 1764 922 εἶναι
1788 896 1842 923 τῶν

208 945 320 966 necesse
334 937 398 969 erit,
414 937 546 970 nobisque
565 936 634 962 idem
652 936 723 970 quod
742 935 863 970 graculo,
877 935 997 966 evenire.

1051 940 1197 976 ἀλλοτρίων
1212 940 1437 976 περιαιρεθέντας
1458 940 1567 976 πτερῶν
1586 941 1642 976 (54)
1658 941 1706 968 καὶ
1721 941 1842 977 ἀσχήμο-

208 983 260 1010 hoc
274 987 328 1016 est,
343 988 372 1010 ut
392 981 486 1009 alienis
500 982 598 1017 plumis
619 981 698 1008 nobis
713 981 852 1013 detractis,
869 980 933 1007 nudi
946 980 998 1015 ipsi

208 1037 240 1056 ac
253 1034 344 1064 turpes
363 1028 471 1056 simus?

243 1074 333 1102 CVIII.
346 1073 402 1101 Tua
426 1078 490 1100 sunt
507 1073 652 1108 poemata?
671 1072 739 1106 Quid
764 1077 853 1099 autem
867 1071 930 1098 ?An
945 1079 998 1098 non

207 1123 298 1157 potius
317 1128 386 1147 anus
413 1119 497 1152 illius,
513 1127 573 1154 qua:
597 1126 658 1145 cum
686 1118 796 1152 quidam
823 1118 1000 1144 concitatiore

208 1175 303 1202 gressu
317 1173 350 1193 ex
369 1165 483 1193 adverso
506 1164 644 1197 incedens,
669 1165 752 1198 ipsius
768 1163 910 1190 humerum
934 1171 999 1190 con‘

208 1214 349 1245 cussisset,
369 1211 408 1238 sic
430 1211 502 1238 enirn
530 1215 653 1241 narrant,
681 1211 793 1245 ipsaque
817 1214 909 1244 postea
936 1217 998 1236 eum

208 1254 337 1286 conviciis
366 1258 529 1289 incesseret,
551 1256 669 1290 impetus
694 1255 863 1283 vehementia
891 1262 998 1282 carmen

208 1302 318 1335 clfudit;
338 1302 410 1337 quod
427 1301 589 1335 cumjuvoni
607 1301 684 1328 valde
696 1301 842 1331 arrisisset.
858 1305 939 1335 atque
955 1308 1000 1327 ac-

208 1348 330 1376 curatius
344 1348 371 1375 in
386 1355 513 1375 numeros
525 1347 669 1374 astrictum
687 1347 795 1378 fuisset,
813 1346 998 1373 admirabilem

209 1394 256 1421 tibi
270 1394 340 1421 hanc
355 1394 456 1428 poesim
473 1393 575 1420 creavit
588 1393 599 1419 ’ἶ
610 1393 679 1426 Quid
697 1393 729 1420 de
741 1393 865 1420 caneris?
879 1393 908 1420 Si
925 1393 998 1420 enim

208 1439 244 1466 ob
257 1447 331 1465 artua
356 1439 490 1474 gloriaris,
506 1446 520 1464 a
544 1439 642 1472 quibus
660 1438 785 1469 tandem,
807 1445 824 1464 ο
841 1437 999 1470 fortissime,

209 1493 284 1512 arma
297 1484 345 1511 tibi
362 1489 492 1512 venerunt
503 1484 515 1510 ?
525 1485 566 1510 An
585 1491 637 1511 non
650 1492 664 1510 a
678 1483 852 1519 Cyelopibus,
870 1491 884 1511 a
902 1483 1000 1518 quibus

209 1537 254 1556 ars
269 1529 382 1555 ferraria
401 1533 462 1555 nata
475 1529 537 1556 est?
550 1528 577 1556 Si
595 1534 684 1556 autem
698 1537 793 1564 magna
808 1530 931 1564 qtttedant
945 1537 999 1563 res,

209 1575 263 1602 itno
274 1574 393 1601 omnium
421 1575 551 1606 maxima,
572 1575 619 1601 tibi
638 1582 755 1609 purpura
771 1575 886 1607 videtur,
900 1583 931 1602 ex
947 1583 999 1610 qua

210 1626 237 1648 tu
253 1620 361 1655 sapiens
383 1621 504 1653 evasisti,
517 1626 599 1655 atque
615 1620 767 1654 huiusmodi
784 1620 872 1655 legunt
885 1621 1000 1656 promul-
1013 1616 1035 1646 C

209 1672 286 1702 gator
302 1688 309 1699 ,
325 1667 390 1701 quid
408 1666 420 1693 ?
436 1675 499 1693 num
527 1675 586 1694 eam
611 1667 703 1701 Tyriis
721 1667 842 1702 abjicies,
861 1676 875 1693 a
901 1667 999 1702 quibus

210 1713 356 1746 pastoralis
371 1712 416 1740 ille
434 1713 511 1739 canis
539 1713 648 1747 prodiit,
664 1713 708 1747 qui
723 1720 806 1740 exeso
831 1713 944 1744 murice,
961 1712 1000 1739 la-

209 1758 316 1792 biisque
327 1765 424 1784 cruore
445 1758 572 1792 perfusis,
588 1759 690 1792 pastori
710 1758 802 1786 liorem
818 1759 956 1792 indicavit,
968 1766 1000 1786 ac

209 1811 259 1839 per
272 1811 319 1831 eos
332 1804 408 1831 vobis
422 1805 633 1838 imperatoribus
648 1813 765 1839 pannum
783 1805 856 1831 illum
870 1805 1000 1839 improbis

209 1849 364 1877 luctuosum
380 1854 407 1877 et
433 1851 578 1883 superbum
607 1849 816 1884 porrexitHam
847 1856 910 1876 vero
934 1849 999 1884 quid

210 1895 308 1921 dicturi
324 1902 428 1927 sumus,
444 1895 465 1922 si
485 1896 519 1922 ab
536 1895 700 1930 agricultura
720 1896 881 1930 naviumque
895 1900 1000 1923 exstru-

210 1943 300 1969 ctione
311 1941 490 1969 Athenienses
505 1948 556 1968 nos
578 1948 698 1974 arceant,
712 1942 835 1974 Cereres,
854 1946 881 1969 et
894 1941 1000 1976 Tripto-

210 1987 304 2020 lemos,
325 1992 352 2015 et
367 1989 499 2015 dracones
520 1987 598 2022 137
615 1993 871 2020 conuuemorantes,
887 1994 919 2013 ac
932 1994 1000 2021 pra:-

212 2039 284 2060 terea
296 2033 400 2066 Celeos,
417 2038 445 2059 et
459 2033 570 2065 learios,
596 2040 758 2066 omnemque
776 2033 801 2059 in
820 2032 878 2059 istis
891 2033 999 2067 mytho-

212 2079 319 2114 Iogiam,
334 2087 394 2114 qua:
408 2079 490 2106 etiam
516 2080 593 2106 vobis
609 2086 652 2106 res
667 2079 733 2106 istas
748 2079 819 2113 turpi
841 2083 868 2105 et
883 2079 1000 2105 obsceno

210 2125 350 2162 mysterio,
367 2132 398 2151 ac
415 2129 494 2152 nocte
514 2132 579 2152 sane
593 2125 690 2159 digno,
704 2124 880 2152 celebrandas
899 2124 972 2151 dedit
989 2123 1000 2150 ?

247 2170 316 2199 CIX.
338 2172 445 2206 Atque,
473 2175 501 2197 ut
527 2170 588 2197 aliis
611 2170 822 2204 praetermissis,
850 2170 883 2197 ad
913 2170 999 2205 ipsum

210 2217 340 2244 vecordia:
354 2220 415 2249 tute,
426 2223 471 2243 seu
482 2216 570 2250 ponus
584 2214 728 2249 impietatis
737 2235 744 2246 ,
754 2219 832 2248 caput
844 2214 998 2246 ascendam,

1050 995 1113 1019 νας;

1085 1082 1149 1109 PH'.
1164 1081 1202 1107 Σὰ
1223 1081 1257 1108 τὰ
1277 1081 1433 1116 ποιήματα;
1449 1080 1475 1107 τί
1488 1080 1535 1113 δές
1556 1080 1586 1107 οὐ
1608 1080 1658 1115 τῆς
1681 1080 1766 1116 γραὸς
1785 1079 1842 1116 (55)

1053 1128 1154 1164 μᾶλλον
1173 1127 1280 1162 ἐκείνης
1291 1147 1297 1158 ,
1321 1128 1348 1163 ἥ.
1366 1127 1411 1154 τὸν
1426 1123 1502 1163 ὦμον
1519 1127 1657 1154 σεισθεῖσα
1674 1127 1750 1162 παρὰ
1770 1135 1842 1158 τινος

1051 1173 1185 1205 συντόνως
1202 1173 1417 1208 ἀντιπαριὸντος,
1433 1173 1471 1205 ὡς
1490 1173 1578 1208 λόγος,
1601 1172 1650 1199 εἴτ’
1663 1173 1841 1209 ἐνυϐρίζουσα

1051 1219 1089 1253 τῷ
1113 1218 1220 1254 σφοδρῷ
1240 1219 1290 1254 τῆς
1313 1219 1410 1254 ὁρμῆς,
1433 1218 1497 1250 ἔπος
1518 1219 1684 1253 ἐφθέγξατο·
1704 1219 1753 1247 καὶ
1769 1218 1841 1246 τοῦτ’

1050 1263 1151 1298 ἀρέσαν
1166 1262 1205 1298 τῷ
1221 1262 1316 1298 νεανίᾳ.
1329 1262 1390 1289 λίαν
1473 1283 1480 1295 ,
1496 1264 1543 1290 καὶ
1563 1263 1777 1300 φιλοπονώτερον
1794 1273 1842 1300 με-

1050 1308 1149 1344 τρηοὲν
1179 1308 1229 1343 τὴν
1257 1308 1412 1343 θαυμασίαν
1441 1317 1488 1335 σου
1511 1308 1614 1344 ταύτην
1642 1309 1841 1345 ἐδημιούργησε

1051 1355 1175 1390 ποίησιν;
1192 1354 1224 1380 Τί
1239 1354 1323 1381 τᾶλλα
1338 1353 1413 1390 (57);
1431 1355 1461 1380 Εἰ
1477 1354 1505 1380 δὲ
1519 1356 1575 1386 τοῖς
1591 1354 1683 1386 ὅπλοις
1696 1355 1766 1390 μέγα
1781 1364 1832 1391 ιρρο

1050 1402 1117 1432 νεϊς,
1136 1399 1212 1434 παρὰ
1228 1399 1309 1425 τίνων
1335 1408 1376 1425 σοι
1399 1399 1432 1426 τὰ
1453 1399 1534 1430 ὅπλα,
1557 1396 1580 1426 ὦ
1599 1401 1786 1435 γενναιότατε;
1803 1400 1841 1428 03

1050 1446 1104 1473 τῶν
1119 1444 1288 1477 Κυκλώπων,
1304 1445 1333 1477 ἐξ
1346 1442 1383 1472 ὧν
1398 1445 1428 1471 τὸ
1443 1446 1604 1480 χαλκεύειν;
1622 1447 1654 1473 Εἰ
1672 1446 1701 1474 δέ
1715 1455 1756 1473 σοι
1771 1446 1842 1482 μέγα

1052 1492 1100 1519 καὶ
1118 1492 1245 1527 μέγιστον
1259 1491 1314 1518 τῶν
1334 1491 1419 1518 ὄντων
1440 1491 1495 1527 (58)
1514 1493 1530 1527 ἡ
1549 1492 1687 1528 ἁλουργὶς,
1703 1493 1732 1526 ἐξ
1747 1491 1781 1529 ἦς
1798 1502 1842 1520 σο-

1052 1537 1102 1573 φὸς
1123 1539 1165 1568 σὺ,
1180 1537 1227 1564 κα).
1242 1537 1295 1563 τῶν
1312 1537 1440 1564 τοιούτων
1461 1538 1608 1573 νομοθέτης
1618 1547 1625 1553 σ
1638 1539 1665 1565 τί
1678 1547 1685 1571 ;
1701 1539 1751 1565 οὑκ
1774 1539 1842 1566 ἁποο

1053 1583 1123 1620 ϐήσῃ
1147 1583 1249 1618 ταύτην
1270 1583 1389 1619 Τυρίοις,
1416 1584 1481 1619 παρ’
1508 1581 1545 1611 ὧν
1573 1585 1590 1620 ἠ
1611 1584 1757 1620 ποιμενικὴ
1784 1585 1841 1621 (59)

1051 1630 1162 1664 κύων,ή
1178 1631 1211 1665 τῇ
1230 1629 1318 1665 κόχλῳ
1333 1629 1486 1666 βρωοείσῃ.
1501 1631 1547 1658 καὶ
1563 1631 1597 1658 τὰ
1610 1632 1686 1667 χείλη
1706 1632 1842 1668 καθαιμα-

1052 1676 1130 1712 ξὰσῃ,
1144 1675 1182 1711 τῷ
1204 1676 1312 1711 ποιμένι
1327 1677 1357 1702 τὸ
1372 1676 1450 1709 ἄνθος
1468 1678 1636 1713 γνωρίσασα,
1653 1679 1699 1705 καὶ
1719 1679 1763 1706 διὰ
1779 1679 1841 1706 τού-

1050 1730 1105 1748 των
1117 1721 1172 1757 (60)
1183 1721 1342 1758 παραδοῦσα
1355 1723 1411 1754 τοῖς
1424 1722 1578 1758 βασιλεῦσιν
1591 1725 1654 1759 ὑμῖν
1667 1725 1698 1751 τὸ
1711 1725 1841 1760 πένθιμον

1050 1770 1106 1799 τοῖς
1123 1769 1217 1800 κακοῖς
1234 1768 1317 1803 ῥάκος
1332 1769 1378 1795 καὶ
1391 1769 1582 1805 ὑπερήφανον;
1599 1771 1737 1806 Γεωργίας
1751 1771 1779 1797 δὲ
1795 1771 1842 1799 καὶ

1051 1814 1216 1849 ναυπηγίας,
1227 1814 1253 1840 τί
1266 1814 1400 1850 φήσομεν,
1416 1815 1449 1842 ἂν
1463 1815 1653 1843 ἀπελαύνωσιν
1668 1817 1742 1852 ἡμᾶς
1763 1817 1842 1852 Ἀθη-

1051 1861 1131 1892 ναῖοι,
1148 1860 1197 1892 τὰς
1213 1861 1359 1896 Δήμητρας
1374 1861 1422 1888 καὶ
1435 1862 1498 1893 τοὺς
1514 1862 1718 1898 Τριπτολέμους
1734 1864 1840 1899 διηγού-

1052 1917 1143 1944 μενοι,
1165 1909 1211 1934 καὶ
1233 1908 1297 1940 τοὺς
1313 1908 1473 1944 δράκοντας,
1491 1909 1531 1935 ἔτι
1552 1909 1579 1936 δὲ
1601 1910 1718 1942 Κελεούς
1738 1919 1768 1936 τε
1794 1912 1841 1938 καὶ

1057 1954 1205 1995 Ἰκαρίους,
1218 1954 1264 1981 καὶ
1283 1955 1373 1981 πᾶσαν
1386 1955 1435 1990 τὴν
1457 1955 1521 1991 περὶ
1533 1955 1618 1982 ταῦτα
1638 1956 1809 1991 μυθολογίαν,
1823 1957 1840 1988 ἢ

1051 2001 1098 2027 καὶ
1128 2001 1275 2036 μυστήριον
1296 2001 1360 2035 ὑμῖν
1391 2001 1503 2037 αἰσχρὸν
1528 2001 1614 2029 ταῦτα
1641 2003 1764 2039 ἐποίησε,
1794 2004 1840 2031 καὶ

1051 2047 1148 2079 νυκτὸς
1165 2048 1250 2078 ὅντως
1263 2046 1336 2079 ἄξιον
1347 2055 1354 2079 ;

1085 2170 1145 2198 ΡΘ’.
1163 2171 1267 2202 Βούλει,
1283 2171 1368 2198 τᾶλλα
1383 2172 1491 2206 παρεὶς,
1510 2171 1552 2198 ἐπ’
1565 2171 1631 2198 αὐτὸ
1647 2171 1677 2198 τὸ
1694 2171 1838 2206 κεφάλαιον

1052 2217 1200 2253 ὰναδράμω
1225 2217 1276 2252 τῆς
1301 2217 1352 2252 σῆς
1382 2217 1545 2254 ἐμπληξίας,
1573 2217 1623 2244 εἴτ’
1651 2215 1698 2244 οὖν
1729 2218 1838 2245 050674-

251 2340 306 2376 (48)
319 2340 401 2375 Παρὰ
426 2341 511 2368 Θεοῦ.
537 2340 616 2368 Deest
638 2339 665 2366 in
686 2338 752 2373 Reg.
774 2338 821 2371 hu,
845 2338 872 2365 in
895 2338 955 2366 Ald.
973 2342 1002 2366 et
1018 2330 1040 2358 Ῑι
1055 2340 1111 2376 iab
1122 2339 1293 2367 adolescente
1309 2340 1425 2375 quodam
1439 2344 1617 2376 properanter
1633 2344 1798 2376 transeunte
1811 2341 1836 2366 in

211 2375 293 2402 Herv.

247 2411 482 2446 (49)Πεττεύειν.
502 2410 541 2438 Ita
561 2410 639 2446 vulgo
665 2417 730 2436 mss.
760 2408 789 2435 In
809 2409 853 2436 ed.
881 2407 1001 2434 πεπτεύ-

211 2454 260 2473 ειν.

247 2481 304 2513 (50)
320 2481 414 2514 Τίνος.
430 2482 476 2509 Sic
491 2481 610 2516 plerique
623 2479 750 2516 codices._
764 2478 840 2516 Ειίὶιζ
853 2478 944 2516 τίνωνῒ

246 2512 302 2552 (51)
318 2512 472 2552 Ἵεῖχοὴέςἶ
491 2512 604 2552 'Scptétn
622 2515 719 2550 Regg.,
731 2513 806 2541 Colb.
825 2513 853 2546 5,
878 2513 958 2540 Coisl.
972 2512 990 2539 2

210 2549 330 2579 Ροεεβθι
342 2549 390 2579 0r.
408 2551 435 2585 I,
447 2551 593 2582 οἰκοῦντες.

248 2586 304 2621 (52)
335 2582 582 2614 Μεταάοιοῦνται.
618 2585 742 2619 Quinque
774 2583 871 2618 ﬂegg.,
905 2582 998 2615 llerv.,

210 2621 318 2658 Cornix,
335 2621 410 2658 sam,
425 2621 636 2658 μεταποιῶνται.
667 2655 672 2658 _
809 2652 826 2658 ἢ
929 2653 934 2658 Ι

246 2652 370 2691 (55)7Καὶ
387 2652 485 2684 τό”τοῦ
500 2656 620 2684 κολοιοῦ
633 2655 773 2690 πάσχειν.
808 2652 846 2680 De
861 2652 998 2680 cornicula

209 2691 348 2724 Horatius,
363 2692 411 2719 lib.
424 2701 443 2724 ι,
459 2693 537 2726 epist.
555 2692 583 2723 5,
601 2692 661 2718 ait:

282 2726 334 2757 Ne,
348 2727 371 2754 si
385 2727 453 2762 forte
469 2725 531 2754 sua;
547 2727 683 2759 repetitum
695 2726 790 2752 venerit
809 2725 871 2762 olim

280 2761 350 2788 Gre:
360 2760 446 2788 auium
460 2763 572 2794 plumas,
583 2766 682 2788 moveat
700 2760 831 2787 ceruicula
850 2761 933 2787 risum

282 2796 399 2824 Furtivis
411 2798 509 2823 nudata
522 2796 662 2823 coloribus.

245 2831 300 2866 (5i)
320 2832 558 2865 Περιαιρεθέντας
576 2831 701 2866 πτερῶν.
721 2830 787 2866 Reg.
806 2838 833 2862 ιι,
853 2836 994 2864 περιαιρε-

209 2865 309 2902 θέντων
324 2867 442 2902 πτερῶν,

246 2901 302 2934 (55)
323 2898 382 2934 Τῆέ
395 2902 493 2936 γραός.
519 2901 636 2929 «Mulier
661 2901 816 2937 qumdarn,»
844 2900 880 2927 ait
910 2898 992 2930 Elias,

1055 2375 1168 2402 humero
1179 2383 1306 2402 succussa
1320 2381 1371 2403 est.
1386 2375 1446 2403 Haec
1462 2381 1551 2402 autem
1566 2375 1729 2409 petulantius
1740 2376 1838 2401 adver-

1053 2416 1100 2436 sus
1127 2410 1326 2438 adolescentem
1354 2411 1475 2443 incitata,
1500 2411 1631 2438 conviciis
1648 2418 1710 2437 eunt
1736 2409 1836 2441 affecit,

1054 2446 1226 2478 pronuntiato
1241 2446 1355 2479 quodam
1377 2453 1467 2475 versu,
1482 2453 1535 2480 quo
1553 2445 1740 2472 vehementem
1765 2445 1837 2471 illius

1055 2479 1183 2514 impetum
1215 2480 1422 2515 perstringebat.
1448 2479 1511 2507 Erat
1539 2485 1629 2507 autem
1659 2480 1710 2507 hoc
1734 2480 1836 2507 dictum

1055 2521 1149 2541 versus
1161 2516 1281 2542 numeris
1294 2516 1433 2543 astrictus.
1453 2516 1503 2548 Qui
1523 2519 1669 2543 concentus
1691 2522 1751 2541 cum
1771 2516 1836 2541 ado-

1055 2549 1176 2579 lescenti.
1195 2550 1291 2584 iisque.
1308 2551 1352 2584 qui
1371 2555 1426 2576 tum
1442 2552 1565 2582 aderant,
1579 2549 1725 2580 arrisisset,
1743 2557 1836 2577 versus

1050 2584 1161 2624 hujusce
1173 2586 1267 2611 tnodus
1279 2585 1305 2612 in
1324 2591 1408 2612 artem
1421 2586 1546 2613 redactus
1561 2585 1594 2612 ad
1606 2592 1700 2612 omnes
1711 2585 1835 2612 diuturna-

1050 2624 1096 2646 νη.
1111 2629 1120 2644 ι

1084 2654 1240 2715 (ἓξὲἒιαν.
1256 2655 1333 2683 Deest
1344 2655 1371 2682 in
1397 2655 1483 2683 tribus
1509 2655 1604 2690 “0:33.,
1621 2654 1697 2683 Colh.
1714 2655 1742 2687 5,
1757 2656 1802 2682 0r.
1820 2655 1831 2681 I

1047 2694 1074 2716 et
1093 2694 1172 2716 IIerv.

1084 2724 1139 2759 (57)
1157 2725 1264 2752 Τᾶλλα.
1279 2724 1404 2752 Nonnulli
1421 2733 1498 2755 mss..
1512 2723 1606 2758 τᾶλλα,
1617 2729 1645 2752 et.
1661 2725 1685 2751 τ’
1696 2724 1774 2753 ἄλλα.

1082 2760 1138 2795 (58)
1156 2759 1219 2786 Τῶν
1232 2760 1335 2787 ὄντων.
1350 2760 1425 2788 Pass.
1440 2760 1493 2787 τῶν
1508 2760 1605 2787 ἄλλων.

1081 2795 1138 2831 (59)
1152 2795 1323 2831 Ποιμενική.
1337 2795 1412 2822 Colb.
1432 2795 1460 2825 lt,
1474 2795 1645 2831 ποιμαινική.

1082 2830 1137 2865 (60)
1151 2829 1334 2858 Διὰτούτων.
1359 2831 1435 2859 Colb.
1451 2831 1478 2864 3,
1502 2829 1547 2857 διὰ
1564 2829 1654 2857 τοῦτο.
1670 2829 1746 2858 Colb.
1760 2838 1786 2863 a,
1807 2829 1832 2859 4.

1046 2864 1088 2892 διὰ
1099 2865 1201 2892 τούτου.

1044 2872 1068 2891 οι
1072 2872 1088 2892 α
1099 2873 1144 2892 του
1148 2874 1201 2892 του.
