2071 3133
214 171 267 197 6ιό

706 170 836 199 ORATIO
855 172 901 199 IV.
923 187 958 193 —
978 172 1120 200 CONTRA
1139 172 1314 201 JULIANUM
1333 174 1352 201 1.

1791 176 1844 202 6.16

213 228 291 258 σείας
308 226 382 262 (6i);
404 226 469 253 αὐτο
485 234 513 253 οε
532 230 614 254 ποθεν
639 236 678 254 σοι
705 228 734 255 τὸ
748 229 885 264 μυεῖσθαι,
907 230 953 256 καὶ
971 229 1000 256 τὸ

1053 231 1104 258 hoc
1119 231 1205 266 ipsum
1219 232 1318 258 initiari
1330 251 1337 264 ,
1347 236 1427 266 atque
1440 231 1557 264 initiare,
1572 231 1671 259 etdeos
1682 231 1846 268 θρησκεύειν

184 294 191 298 .
215 275 292 309 μυεῖν
315 273 383 309 (62),
401 273 447 300 καὶ
473 273 503 299 τὸ
527 273 706 308 θρησκεύειν;
724 275 760 301 Οὐ
783 275 858 310 παρὰ
878 275 1002 311 θρᾳκῶν,

214 320 261 346 καὶ
273 320 290 355 ἡ
304 319 401 354 κλῆσις
415 318 532 346 πειοὲτω
546 328 594 351 de;
614 320 649 347 Τὸ
665 320 738 347 θύειν
756 321 784 347 δὲ
797 321 827 347 οὺ
844 321 920 357 παρὰ
932 321 1004 348 Χαλ-

214 366 307 396 δαίων,
319 365 370 392 εἴτ’
385 362 432 391 οὖν
450 364 597 399 Κυπρίωνς
615 365 652 392 Τὸ
666 366 842 401 ἀστρονομεῖν
859 366 886 392 δὲ
902 367 932 392 οὺ
952 367 1005 393 Βα-

215 410 344 437 ϐυλώνιον
354 410 409 445 (65)
420 419 427 442 ;
441 410 478 436 Τὺ
489 410 517 436 δὲ
529 413 695 447 γεωμετρεῖν
707 411 763 447 (64)
777 413 827 439 οὐκ
838 412 985 446 Αἰγύπτιον
996 422 1002 446 ;

216 457 252 483 Τὸ
262 457 290 483 δὲ
305 456 435 492 μαγεύειν
449 457 479 483 οὐ
496 457 647 492 Περσικόν;
663 458 717 493 Τὴν
727 458 755 484 δὲ
771 459 803 485 δι’
815 459 925 495 ὀνείρων
939 468 1005 495 μαν-

215 502 292 538 τικὴν
306 502 386 528 τίνων
402 502 418 537 ἢ
436 502 601 537 Τελμησέων
616 503 741 536 ἀκούεις;
761 503 816 539 Τὴν
833 505 1005 539 οίωνιστικὴν

215 548 242 574 δὲ
251 548 330 574 τίνων
343 547 414 584 (65).;
424 548 474 574 οὐκ
487 548 574 574 ἄλλων
586 548 602 584 ῆ
614 549 738 584 Φρυγῶν,
753 549 807 576 τῶν
823 549 937 584 πρώτων
949 550 1003 586 (66)

216 594 477 630 περιεργασαμένων
492 594 612 630 ὀρνίθων
623 595 722 630 πτῆσίν
741 604 771 621 τε
785 595 832 622 καὶ
848 596 1002 631 κινήματα;

215 640 280 671 Καὶ,
297 640 341 666 ἵνα.
356 641 393 676 μὴ
411 640 582 676 μακρολογῶ,
599 640 680 667 πόθεν
696 650 736 667 σοι
753 641 783 668 τὸ
795 641 856 668 καθ’
871 641 1003 674 ἕκαστονς

214 687 263 721 οὐχ
276 686 305 712 ἓν
326 686 355 719 ἐξ
371 687 509 719 ἑκάττωνς
525 685 562 714 ὧν
582 687 690 713 πάντων
706 688 746 719 είς
765 687 848 714 ταυτὸ
866 687 1004 714 συνελθόν-

215 740 278 762 των,
296 731 324 757 ’ἐν
339 731 550 767 δεισιδαιμονίας
571 733 683 768 συνέστη
701 734 864 769 μυστήριον;
892 734 925 759 Τί
938 732 1003 767 οὗν;

214 777 357 812 δεξόμεθα,
375 778 483 805 πάντων
498 779 735 815 ἀποχωρησάντων
749 780 790 810 είς
803 780 866 812 τοὺς
881 779 1005 816 πρώτους

215 831 244 849 τε
266 824 312 850 καὶ
337 825 401 856 τοὺς
427 825 482 859 (67)
499 825 672 860 εὑρομένους,
702 826 786 861 μηδὲν
811 826 883 862 ἔχειν
905 827 1004 862 ἡμέτε-

217 877 263 902 ρον
280 869 336 903 (68)
359 869 428 905 πλὴν
448 870 498 905 τῆς
520 870 633 901 κακίας,
658 870 769 905 καὶτῆς
795 871 859 906 περὶ
879 871 909 897 τὸ
928 871 1004 898 Θεῖον

1055 276 1142 309 idest,
1154 276 1250 307 colere,
1267 277 1337 304 unde
1346 277 1378 304 ad
1392 282 1416 305 te
1428 278 1614 311 promanavit?
1627 277 1718 305 Nonne
1730 286 1743 303 a
1758 278 1846 305 Thra-

1055 322 1142 353 cibus,
1160 327 1188 348 ut
1202 322 1287 356 ipsum
1300 322 1518 357 quoqueInomen
1537 321 1844 352 ostendit?Sztcrilicare

1055 371 1156 399 autem,
1173 375 1261 394 nonne
1275 375 1289 393 a
1306 367 1448 398 Chaldazis,
1462 367 1519 394 sive
1538 367 1664 402 Cypriis?
1679 367 1738 394 Jaitt
1756 373 1843 396 astro-

1057 411 1157 446 nomia,
1174 420 1263 439 nonne
1280 412 1490 447 Babyloniorum
1506 412 1647 439 inventum
1670 412 1732 439 est?
1747 412 1843 439 Nonne

1056 458 1215 492 geometria,
1229 457 1438 493 Egyptiorum?
1453 457 1548 484 Nonne
1560 457 1660 492 magia,
1677 457 1844 485 Persarum?

1056 504 1140 531 Porro
1156 504 1286 530 divinatio
1297 511 1327 530 ea
1344 511 1403 538 quin
1421 504 1447 530 in
1463 503 1568 531 somnis
1582 503 1633 530 sita
1645 507 1698 536 est,
1714 510 1729 530 a
1745 503 1844 538 quibus

1055 550 1131 582 aliis,
1160 558 1240 585 quam
1266 558 1280 576 a
1306 549 1492 578 TelineSsibus
1515 556 1576 578 orta
1602 549 1663 577 est?
1686 550 1844 585 Augurandi

1055 595 1119 622 item
1139 595 1278 629 disciplina
1299 603 1312 621 a
1342 595 1439 629 quibus
1463 595 1523 622 aliis
1537 603 1616 630 quatit
1634 603 1648 622 a
1667 595 1842 630 Phrygibus,

1056 642 1101 675 qui
1137 641 1215 676 primi
1248 642 1339 668 avium
1369 642 1486 668 volatum
1516 649 1548 669 ac
1579 647 1681 670 motum
1709 641 1844 669 curiosius

1054 687 1254 714 observarunt?
1282 688 1331 720 Ac,
1359 696 1392 715 nc
1415 689 1465 714 sim
1497 688 1613 724 longior,
1640 689 1711 715 unde
1738 688 1844 722 singula

1057 731 1159 758 habes?
1175 740 1264 759 nonne
1276 741 1356 759 unum
1370 733 1403 759 ab
1419 735 1600 768 unoquoque?
1611 734 1707 767 quibus
1717 734 1844 762 omnibus

1057 777 1082 802 in
1101 784 1182 802 unum
1201 777 1302 803 coactis
1315 796 1322 808 ,
1350 785 1433 803 unutn
1453 779 1656 812 superstitionis
1683 778 1842 813 mysterium

1055 821 1198 848 cuuﬂatuin
1217 826 1243 848 et
1255 822 1431 848 constitutum
1449 823 1510 849 est?
1524 823 1592 856 Quid
1608 822 1709 858 igitur?
1725 830 1759 848 an
1775 822 1842 849 illud

1056 867 1241 897 adniiuenms.
1257 867 1383 894 omnibus
1405 867 1485 894 rebus
1500 869 1533 894 ad
1550 869 1652 902 primos
1674 873 1701 895 et
1714 875 1778 901 eos,
1795 867 1842 902 qni

215 914 317 949 ταύτης
341 915 530 950 καινοτομία;;
550 915 661 951 Πρῶτος
681 915 734 951 γὰρ
756 915 811 951 (69)
834 916 1000 952 Χριστιανῶν

1057 918 1182 940 auctores
1198 913 1326 945 fuerunt,
1347 913 1551 945 recedentibus,
1569 922 1617 941 nos
1642 914 1710 940 nihil
1731 914 1843 941 omnino

216 961 399 988 ἐπανάστασιν
423 961 461 996 τῷ
475 962 614 998 Δεσπότῃ,
636 961 761 997 καθάπερ
785 963 809 988 οἱ
830 962 917 988 δοῦλοί
939 972 1003 989 ποτε

215 1008 271 1037 τοῖς
294 1004 421 1039 Σκύθαις,
445 1008 483 1039 ὥς
506 1015 604 1041 φασιν,
627 1007 787 1042 ἐπενόησας.
806 1008 908 1036 Πολλοῦ
929 1010 1004 1044 μέντ’

216 1053 249 1079 ἂν
262 1053 316 1088 ('70)
328 1053 402 1085 ἄξιον
415 1051 459 1088 ἦν,
473 1053 498 1079 εἴ
514 1061 554 1079 σοι
565 1053 671 1089 διελύθη
687 1054 741 1089 (71)
755 1053 786 1080 τὸ
797 1055 914 1090 πονηρὸν
926 1055 1003 1082 τοῦτο

218 1098 375 1133 σύνταγμα,
402 1099 472 1126 κατὰ
496 1099 560 1130 τοὺς
587 1099 650 1131 σοὺς
671 1100 750 1135 ὅρους
774 1101 820 1127 καὶ
840 1101 948 1136 νόμους,
969 1101 1002 1127 ἵν’

216 1146 296 1180 ἡμεῖς
314 1144 385 1181 ἦμεν
400 1145 456 1179 (72)
472 1145 641 1181 πραγμάτων
655 1146 872 1182 ἀπηλλαγμένοι,
887 1147 934 1173 καὶ
950 1147 1003 1174 πά-

217 1192 257 1218 λιν
270 1192 315 1218 ἐπὶ
328 1192 377 1227 τῆς
391 1192 507 1227 ἀρχαίας
522 1192 578 1226 (75)
594 1191 765 1227 εὐδαιμονίας
777 1192 825 1228 τὴν
847 1193 1004 1228 Ῥωμαϊκὴν

217 1238 303 1272 ἀρχὴν
319 1238 384 1273 ὀρᾷν
400 1237 515 1273 ὑπῆρχε,
532 1238 621 1274 πάσης
642 1237 855 1273 ἀπηλλαγμένην
872 1238 1003 1274 ἐμφυλίου

218 1283 352 1315 στάσεως·
378 1283 392 1310 ὃ
415 1284 461 1310 τοῦ
484 1284 560 1320 παρὰ
575 1284 629 1310 τῶν
645 1283 744 1316 ἔξωθεν
767 1284 887 1319 πολέμου
915 1283 1004 1319 πολλῷ

217 1329 395 1365 φευκτότερον
410 1330 468 1356 ἐστι
485 1330 531 1356 καὶ
548 1329 744 1365 φοϐερώτερον,
762 1330 816 1364 ὅσῳ
836 1330 884 1361 τὰς
901 1329 1005 1361 οἰκείας

215 1375 337 1410 δαπανᾷν
358 1376 462 1411 σάρκας
485 1375 539 1402 τῶν
561 1375 708 1411 ἀλλοτρίων
735 1375 914 1410 φευκτότερον
936 1375 1003 1411 (74).

1058 958 1168 991 habere,
1186 964 1284 992 prmter
1301 960 1414 990 vitium,
1433 964 1514 994 atque
1534 960 1605 986 hanc
1631 959 1703 986 circa
1722 959 1842 986 divinum

1057 1004 1160 1032 Numen
1181 1004 1375 1031 notationem?
1393 1004 1498 1031 Primus
1515 1005 1586 1032 enitn
1603 1004 1818 1032 Christianorum
1832 1022 1842 1037 ,

1057 1055 1085 1076 ut
1105 1051 1236 1076 adversus
1261 1050 1401 1076 Dominum
1426 1050 1590 1081 rebellares,
1617 1051 1843 1084 quemadmodum

1058 1096 1180 1123 feiuntur
1196 1095 1331 1130 quondam
1357 1095 1519 1131 Scytharum
1536 1096 1607 1123 servi
1623 1096 1754 1123 adversus
1773 1095 1842 1130 Scy-

1059 1143 1119 1169 thas
1143 1142 1267 1169 dotttinos
1292 1149 1375 1174 suos,
1392 1143 1419 1169 in
1449 1142 1569 1169 animum
1592 1142 1733 1170 induxisti.
1755 1141 1843 1177 Magni

1057 1197 1123 1215 vero
1137 1188 1190 1216 hoc
1203 1188 1392 1215 :estimandum
1410 1187 1514 1221 fuisset,
1527 1189 1550 1216 si
1564 1196 1676 1223 pravum
1690 1188 1840 1222 hoc,juxta

1058 1235 1131 1268 leges
1152 1239 1212 1260 tuas
1233 1241 1265 1260 ac
1284 1234 1400 1269 regulas,
1421 1239 1447 1262 et
1473 1235 1633 1262 seeleratum
1658 1243 1754 1271 agmen
1773 1243 1788 1262 a
1815 1241 1842 1262 te

1059 1282 1218 1309 dissolutum
1238 1281 1354 1312 fuisset.
1379 1287 1408 1308 ut
1427 1283 1595 1316 negotiorum
1621 1282 1752 1310 molestiis
1770 1282 1839 1310 libe-

1058 1337 1189 1362 raremur,
1206 1336 1372 1363 prorsusque
1390 1330 1416 1356 in
1436 1330 1523 1364 prisca
1546 1330 1674 1357 felicitate
1687 1331 1838 1358 Romanum

1058 1375 1200 1409 imperium
1216 1381 1328 1401 cernere
1341 1374 1452 1406 liceret,
1465 1375 1538 1401 omni
1558 1375 1630 1402 civili
1644 1380 1672 1402 et
1690 1376 1840 1403 domestico

216 1422 328 1448 itissidio
340 1423 456 1450 solutum
470 1432 478 1450 :
494 1423 564 1457 quod
580 1423 660 1457 133
676 1422 784 1456 quidem
803 1427 916 1449 externo
950 1422 1020 1450 bello
1039 1422 1123 1448 multo
1155 1420 1276 1448 odiosius
1298 1425 1340 1448 est
1356 1421 1498 1456 magisque
1520 1423 1690 1449 metuendum
1704 1431 1712 1456 ;
1731 1431 1782 1450 non
1799 1430 1843 1450 se-

216 1473 266 1492 tus
281 1474 313 1495 ac
338 1468 459 1502 proprias
482 1475 578 1496 carnes
599 1468 732 1495 morsibus
757 1472 884 1503 appetere
908 1468 1064 1495 horribilius
1081 1472 1134 1498 est.
1151 1475 1230 1502 quam
1249 1468 1361 1496 alienas.

250 1513 302 1540 Pl'.
327 1513 357 1540 Et
373 1513 401 1540 δὲ
425 1513 512 1540 ταῦτά
536 1522 577 1540 σοι
600 1513 769 1548 κακουργίας
791 1512 862 1540 εἶναι
883 1513 957 1541 δοκεί
977 1513 1008 1540 τὸ

1097 1513 1153 1541 CX.
1173 1513 1249 1547 Quod
1275 1514 1297 1541 si
1323 1523 1354 1542 ea
1374 1513 1451 1542 vobis
1475 1520 1612 1542 versutam
1642 1515 1842 1551 improbitatem

250 1613 306 1648 (61)
332 1613 522 1648 Ἑμπληξίας,
544 1613 596 1640 εἴτ’
613 1610 670 1640 οὖν
686 1613 888 1646 θεοϐλαϐείας.
904 1613 1000 1641 Coinb.

1053 1613 1178 1644 serebas,
1202 1617 1228 1640 ct
1255 1613 1457 1645 constituebas,
1485 1613 1602 1640 deletum
1626 1621 1653 1640 ei
1679 1614 1840 1644 exstinctum

219 1650 301 1681 «Illira
318 1650 414 1675 utentis
425 1658 439 1675 a
456 1650 509 1676 Deo
526 1655 659 1683 percussae
674 1649 824 1679 stoliditas,
842 1649 916 1682 quasi
934 1649 1003 1676 laesa:

216 1685 296 1720 t-rDeo
309 1685 408 1720 mentis
420 1689 540 1720 stupor.)
556 1683 687 1710 Nimirum
700 1689 813 1720 utraque
827 1691 888 1715 vox,
898 1684 1002 1720 ἐμπλη-

216 1719 260 1751 ξία
275 1724 300 1745 et
316 1718 486 1750 θεοὸλάϐεια,
512 1719 582 1745 idem
609 1722 703 1750 sonat,
719 1719 770 1745 nisi
795 1720 866 1753 quod
883 1718 1002 1747 secunda

217 1760 296 1786 anget
311 1759 335 1780 el
353 1755 466 1786 primam
482 1754 610 1786 explicat.

237 1791 306 1845 [(92)
326 1789 380 1845 (ἰαὶ
395 1789 427 1816 τὸ
443 1789 541 1824 μυεῖν.
557 1787 601 1815 Sic
616 1787 669 1815 duo
684 1787 768 1823 Regg.
785 1793 812 1814 et
827 1787 902 1815 Pass.
922 1788 1002 1817 Deest

244 1836 250 1845 .
268 1832 292 1845 ιιι
308 1833 329 1845 με

220 1825 250 1850 τό
268 1825 292 1849 in
308 1827 349 1850 ed.

251 1858 305 1891 (65)
323 1859 530 1886 Βαϐυλώνιον.
542 1877 566 1884 ..
578 1859 750 1893 Αίγύπτιον.
768 1857 844 1884 Pass.
861 1866 922 1886 cum
941 1858 1001 1886 aliis

215 1894 384 1927 quihusdam,
398 1894 591 1920 Βαὸυλωνίων.
604 1914 609 1920 .
621 1913 628 1919 .
641 1893 805 1926 Αἰγυπτίων.

251 1929 307 1963 (64)
329 1929 517 1963 Γεωμτρεῖν.
533 1928 627 1955 Coinb.
645 1929 717 1962 legit,
732 1928 883 1963 γοητεύειν,
899 1933 926 1954 et
942 1936 1000 1956 ver-

217 1965 248 1990 tit
261 1973 267 1990 :
287 1973 296 1989 ι
311 1972 399 1991 nonne,
413 1964 559 1991 incantatio
571 1963 777 1998 Egyptiorum'!
791 1973 800 1989 ι
819 1963 925 1989 Nullum
942 1972 1000 1998 pro-

215 1999 268 2024 fert
284 2000 421 2031 codicem;
444 1999 490 2026 sed
512 1999 561 2025 has
577 2003 695 2025 rationes
715 1999 779 2030 edit,
803 1999 873 2032 quod
891 2006 1000 2033 geome-

216 2034 266 2059 tria
289 2036 321 2060 ad
345 2035 509 2068 impietatem
534 2041 588 2060 non
608 2033 751 2067 pertineat.
776 2039 803 2060 ut.
825 2038 923 2068 ctctei'a
940 2043 1000 2068 quze

215 2069 261 2094 lue
287 2077 301 2095 a
328 2067 457 2104 Gregorio
477 2074 680 2104 recensentur;_
703 2068 800 2095 deinde
827 2067 907 2104 quod,
927 2067 1000 2096 Elias

215 2105 367 2137 geometria:
386 2102 437 2130 non
457 2108 574 2137 opponat
599 2102 725 2138 μαγείαν,
739 2104 786 2138 Ῠιιιὶ
808 2104 833 2130 in
861 2103 937 2129 Dillio
962 2105 1000 2130 le-

215 2143 301 2171 gitur;
320 2140 426 2165 demum
451 2139 522 2175 quod
539 2139 712 2175 adversantes
737 2137 822 2173 Moysi
847 2138 998 2175 priestigia-

216 2179 287 2200 tores
305 2174 347 2200 hic
363 2174 488 2207 respiciat
503 2173 662 2206 Gregorius.

261 2209 305 2242 65)
329 2209 429 2234 Τίνων.
447 2208 522 2235 Pass.
538 2208 631 2234 ποίων.

261 2210 305 2242 65)
329 2210 429 2234 Τίνων.
447 2210 522 2235 Pass.
538 2210 631 2234 ποίων.

249 2210 304 2275 (66)
327 2243 388 2270 Τῶν
401 2243 531 2277 πρώτων.
548 2242 605 2278 Duo
624 2242 705 2277 Regg.
718 2242 902 2278 rzbvirrpdnov.

1053 1653 1140 1679 esset,
1163 1653 1191 1674 ut
1210 1648 1266 1681 jam
1282 1649 1400 1682 negotiis
1412 1648 1539 1675 oznnibus
1554 1649 1674 1677 liberati.
1697 1650 1786 1676 laetam
1814 1657 1842 1678 et

1054 1683 1173 1715 beatam,
1187 1689 1216 1710 ut
1230 1684 1294 1710 olim
1309 1684 1420 1710 florente
1438 1685 1604 1717 paganistno.
1622 1685 1704 1710 vitam
1715 1687 1841 1718 ageretis,

1053 1726 1102 1745 nec
1119 1717 1189 1750 ullis,
1202 1719 1237 1745 ob
1255 1718 1418 1745 contrariam
1433 1719 1648 1745 Christianorum
1669 1717 1839 1753 religionem,

1053 1753 1173 1780 dissidiis
1193 1754 1352 1787 agitatam,»
1372 1758 1426 1779 etc.
1443 1753 1572 1786 Quartam
1590 1754 1667 1780 nobis
1692 1755 1772 1781 liceat
1793 1763 1841 1782 ex-

1052 1788 1213 1822 positionem
1229 1788 1336 1815 aﬂ'erre.
1355 1787 1444 1814 Primo
1456 1789 1563 1822 quidem
1579 1789 1768 1816 CXISlilliilllllIS
1782 1790 1840 1819 haec

1051 1824 1150 1849 verba:
1166 1822 1273 1858 πρῶτος
1286 1823 1340 1858 γὰρ
1355 1823 1534 1858 Χριστιανῶν,
1550 1829 1614 1855 etc.,
1630 1833 1639 1848 ι
1654 1825 1755 1857 primus
1767 1826 1839 1854 enim

1051 1858 1278 1888 Christianorum,
1293 1867 1302 1882 ι
1320 1863 1385 1894 etc.,
1398 1865 1458 1884 esse
1473 1859 1667 1892 expositionem
1683 1859 1757 1885 vocis
1772 1868 1840 1894 piae-

1052 1894 1182 1928 cedeiitis,
1203 1892 1390 1928 καινοτομίας,
1404 1895 1476 1926 quod
1493 1899 1566 1920 certe
1584 1900 1662 1920 nemo
1688 1892 1836 1927 negauerit.

1052 1927 1154 1954 Deinde
1180 1929 1230 1954 hac
1248 1928 1426 1961 expasitione,
1451 1928 1531 1955 veluti
1553 1929 1645 1955 clausa
1669 1930 1838 1962 parenthesi,

1051 1967 1079 1988 et
1092 1963 1124 1988 ad
1139 1970 1194 1989 sine
1211 1964 1342 1990 orationis
1360 1963 1489 1989 terminos
1512 1969 1637 1990 revocata
1651 1963 1677 1989 iii
1699 1971 1747 1990 sua
1762 1973 1837 1992 com-

1051 1998 1192 2030 paratione
1211 1998 1297 2032 pergit
1315 2003 1417 2024 orator.
1432 1997 1507 2030 Quod
1521 1999 1592 2025 enim
1608 1999 1697 2030 modo,
1712 1998 1742 2025 ἓν
1757 2000 1839 2027 δεισιι

1050 2031 1191 2070 δαιμονίας
1211 2031 1370 2070 μυσῖήριον,
1389 2041 1398 2057 ι
1413 2040 1494 2059 υιιυιη
1516 2034 1717 2070 superstitionis
1739 2041 1836 2070 myste-

1051 2068 1119 2104 rium
1133 2077 1141 2092 ι
1161 2068 1321 2104 appellabat,
1347 2068 1415 2104 idem
1439 2076 1520 2101 itttnc,
1544 2068 1694 2104 σύνταγμα,
1716 2078 1725 2095 ι
1739 2068 1830 2104 agit-cr

1050 2102 1212 2129 sceleratqu
1229 2112 1238 2129 ι
1257 2103 1332 2136 dicit,
1350 2103 1560 2135 ercarumque
1582 2102 1652 2130 illud
1669 2102 1830 2138 superstitio-

1051 2145 1114 2173 num
1141 2145 1242 2172 corpus
1258 2143 1285 2164 et
1305 2139 1578 2173 consummationem,
1594 2139 1635 2166 vel
1654 2139 1688 2166 ab
1707 2140 1764 2173 ipso
1786 2140 1830 2167 Ju-

1051 2171 1132 2204 liano,
1149 2171 1198 2199 vel
1213 2172 1296 2207 ipsius
1308 2172 1407 2199 Juliaui
1423 2173 1526 2207 legibus
1540 2181 1600 2201 esse
1617 2171 1830 2204 dissolvendum.

1050 2207 1074 2233 si
1102 2209 1227 2234 nimirum
1256 2208 1300 2235 ille
1330 2208 1385 2234 suis
1412 2209 1570 2235 auctoribus
1592 2213 1620 2235 et
1649 2210 1830 2238 inventoribus

1050 2243 1261 2277 unumquodque
1277 2243 1452 2274 restituisset,
1471 2248 1516 2269 aut
1532 2244 1554 2270 si
1571 2244 1620 2278 ipsi
1642 2251 1692 2271 suo
1708 2244 1770 2278 jure
1792 2253 1829 2272 re-

250 2277 304 2314 (67)
325 2277 461 2311 Πρώτους
483 2287 515 2304 τε
540 2277 589 2314 nni
613 2278 691 2310 τούς.
713 2278 753 2314 lla
768 2277 833 2313 Reg.
858 2278 997 2312 lnt,Sav.,

1053 2277 1212 2314 petiissc‘ut,
1238 2278 1464 2314 quemadmodum
1492 2277 1611 2313 linguam
1632 2277 1753 2306 Graecam
1783 2280 1830 2307 sibi

213 2313 274 2340 Atil.
288 2320 312 2339 et
331 2314 408 2350 llerv.
422 2314 495 2340 Pass.
509 2313 632 2350 πρώτους
652 2313 826 2350 εὑραμένους.
843 2313 906 2345 Alii,
923 2314 998 2350 πρῴ-

215 2356 277 2380 tuo;
291 2348 347 2379 καί,
362 2348 460 2384 rejeclo
473 2356 512 2374 τε.
528 2349 591 2376 Par.
600 2350 643 2374 ed.
658 2356 718 2375 cuin
734 2349 906 2382 quibusdam,
923 2348 998 2384 πρώ-

214 2391 276 2414 τους
291 2383 462 2418 εὑρομένους.

251 2418 307 2453 (68)
326 2417 497 2452 ⁷Ήμέτερον.
521 2418 644 2446 lleiusius
666 2417 767 2444 mavult
788 2417 930 2453 ὑμέτερον.
945 2419 996 2446 Fa-

214 2460 277 2480 vent
303 2454 460 2487 sequentia,
487 2454 582 2488 sicque
605 2453 708 2478 videtur
736 2452 833 2486 legisse
856 2452 995 2489 Biltiusjn

214 2489 300 2522 prima
325 2489 450 2515 versione
464 2497 470 2514 :
487 2498 497 2514 ι
513 2489 583 2521 Quid
601 2489 691 2522 igiIUr,
714 2495 749 2514 an
765 2489 892 2516 Iateberis
903 2508 910 2515 .
921 2508 929 2515 .
940 2508 948 2515 .
971 2496 997 2516 te

214 2523 279 2549 nihil
298 2523 395 2550 habere
414 2525 483 2557 quod
502 2529 575 2550 tuum
594 2523 644 2550 sit?
661 2531 669 2547 ι

250 2558 303 2592 (69)
323 2556 439 2591 Πρῶτοζ·
467 2558 532 2593 γάρ,
558 2564 610 2585 etc.
635 2556 753 2584 Dillicilis
769 2562 811 2585 est
837 2558 881 2585 hic
909 2558 993 2589 locus,

213 2601 292 2628 quem
314 2594 415 2619 idcirco
442 2598 599 2627 corruptum
623 2597 669 2619 aut
691 2600 814 2620 mancum
828 2595 994 2628 suspicatur

214 2627 340 2654 Savilios.
366 2628 446 2654 Binas
474 2633 561 2655 tamen
594 2627 776 2661 expositiones
804 2627 991 2656 affert'Elias.

212 2662 341 2689 Neutrum
363 2665 457 2696 probat
473 2663 581 2695 Billius;
601 2663 654 2689 imo
672 2667 813 2697 utramque
834 2662 946 2694 refellit;
966 2670 993 2691 et

213 2705 288 2723 suam
303 2698 359 2730 ipse
377 2698 504 2727 afl'ercns.
519 2704 611 2725 censet
626 2697 683 2724 hth
697 2698 786 2730 priora
806 2700 885 2724 verba
899 2708 905 2725 :
923 2699 992 2725 Πολ-

212 2732 258 2769 λάξ
282 2732 402 2769 μέντίᾶν
426 2733 499 2764 ἄξιον
515 2731 559 2769 ἦν,
583 2732 610 2759 εἴ
628 2741 668 2758 σοι
688 2731 794 2768 διελύθη
819 2732 849 2759 τὸ
874 2735 991 2769 πονηρὸν

211 2767 291 2793 τοῦτο
328 2767 488 2802 σύνταγμα,
527 2767 634 2802 ironng
662 2775 722 2794 esse
755 2767 950 2800 accipienda."
963 2775 991 2796 et

211 2802 360 2837 posteriora
384 2800 454 2830 ista":
472 2803 504 2829 ἵν’
522 2804 600 2838 ἡμεῖς
620 2800 700 2838 ἦμεν,
722 2807 788 2834 etc.,
807 2802 914 2830 Juliauo
940 2805 989 2830 Iri-

211 2838 336 2870 lmenda,
364 2837 399 2864 ita
424 2844 453 2864 ut
475 2839 498 2866 is
522 2837 557 2865 sit
584 2841 678 2864 horum
700 2838 842 2865 vei-borum
869 2846 987 2866 sensus:

214 2873 322 2908 gQuam
342 2873 432 2908 magni
449 2873 551 2900 scilicet
565 2872 751 2899 aestimandum
769 2873 911 2908 esset,rsic
930 2881 988 2900 sce-

211 2905 326 2936 leiatum
341 2905 401 2936 hoc'
411 2908 625 2936 Christianorum
644 2914 750 2942 agmen,
771 2913 800 2935 ut
819 2907 927 2942 quidem
945 2916 987 2937 as—
1007 2926 1024 2945 ι

1052 2312 1222 2350 vindicabat_
1241 2312 1371 2350 Julianus.
1399 2312 1501 2345 Quibus
1529 2313 1647 2350 ostendit
1672 2314 1829 2350 Gregorius

1049 2353 1129 2381 quam
1153 2347 1254 2374 insulsa
1274 2351 1302 2374 et
1325 2347 1524 2382 inconsequens
1537 2353 1609 2375 esset
1634 2347 1830 2377 Juliani'nieni

1048 2386 1074 2408 et
1091 2383 1270 2410 ratiocinatio.
1289 2382 1343 2410 Nec
1365 2382 1422 2416 jam
1449 2381 1572 2416 ambigua
1597 2383 1674 2411 istius
1702 2385 1751 2411 loci
1770 2392 1823 2412 sen-

1049 2417 1144 2449 tentia,
1166 2425 1216 2444 nec
1245 2417 1341 2444 dubius
1362 2424 1423 2444 esse
1452 2423 1541 2451 potest
1567 2419 1662 2445 horum
1688 2420 1829 2447 verborum

1047 2459 1161 2489 sensus:
1181 2452 1334 2485 κατὰ-,τοὺς
1355 2453 1418 2484 σοὺς
1441 2453 1583 2489 ὃρουςὲκα).
1604 2453 1712 2488 νόμους,
1732 2454 1829 2489 (juxta

1047 2487 1118 2521 leges
1131 2495 1164 2514 ac
1181 2489 1286 2522 regulas
1300 2495 1370 2518 tuas,
1386 2497 1395 2513 ι
1417 2488 1442 2514 id
1458 2493 1509 2519 est,
1528 2487 1606 2521 juxta
1625 2487 1724 2516 Juliani
1749 2487 1822 2516 ratio

1046 2522 1209 2548 cinationem
1231 2528 1258 2550 et
1291 2522 1441 2557 principia,
1465 2523 1565 2556 quibus
1597 2523 1729 2551 adversus
1753 2523 1828 2551 Chri-

1045 2557 1148 2584 stianos
1168 2558 1306 2589 utebatur,
1320 2562 1349 2584 ut
1364 2558 1469 2585 litteras
1485 2558 1550 2591 ipsis
1572 2558 1755 2585 interdiceret.
1772 2559 1828 2586 llac

1045 2591 1212 2627 expositione
1236 2593 1313 2627 plana
1344 2597 1407 2619 sunt
1433 2594 1534 2619 omnia.
1560 2592 1645 2620 Porro
1672 2594 1790 2620 diximus
1815 2603 1828 2621 ιι

1043 2625 1161 2658 Jutiano,
1174 2627 1215 2653 vel
1226 2625 1260 2654 ab
1271 2628 1331 2654 aliis
1342 2627 1563 2662 superstitionum
1575 2635 1672 2663 agmen
1683 2629 1818 2656 dissolven

1043 2662 1121 2698 dum;
1136 2663 1215 2698 idque
1229 2663 1324 2698 suadet
1336 2663 1467 2690 orationis
1480 2663 1566 2689 series
1579 2662 1607 2690 et
1620 2665 1819 2698 argumentatio

1090 2697 1135 2732 70)
1154 2697 1244 2724 Μέντ¹
1262 2697 1310 2723 ἄν.
1327 2697 1404 2724 Pass.
1421 2697 1514 2732 μέντοι
1529 2697 1572 2724 ἄν.

1090 2699 1124 2723 70
1154 2699 1244 2724 Μέντ¹
1262 2699 1310 2723 ἄν.
1327 2699 1404 2724 Pass.
1421 2699 1514 2732 μέντοι
1529 2699 1572 2724 ἄν.

1057 2766 1062 2771 ⁴
1078 2699 1135 2767 in;
1154 2732 1190 2758 Et
1205 2739 1254 2759 σοι
1267 2732 1401 2767 διελύθη.
1424 2741 1434 2757 ‹
1445 2733 1543 2759 Totum
1562 2738 1635 2760 esset
1653 2740 1760 2768 unaque
1773 2734 1826 2762 dis-

1041 2772 1167 2793 smatttm.
1182 2777 1191 2792 ι

1066 2775 1167 2801 patum.
1182 2777 1191 2792 ι

1076 2801 1131 2838 (7g)
1152 2799 1264 2838 ΪΙΙμενη
1273 2801 1349 2830 Pass.
1362 2800 1448 2838 ὦμεν.

1075 2837 1131 2875 (Ζᾷ)
1157 2837 1219 2875 Ἐπὶ
1233 2837 1287 2871 τῆς
1303 2836 1439 2875 ἀρχαίας.
1454 2837 1500 2875 Qr.
1515 2837 1540 2869 Ι,
1553 2838 1600 2875 επὶ
1612 2836 1674 2870 calt
1688 2839 1827 2875 ἀρχαίαις.

1075 2872 1362 2917 (ἶςξλγφςιικξξξῖερον.
1386 2874 1451 2909 lleg.
1466 2872 1484 2906 Ι,
1503 2879 1531 2901 et
1549 2873 1613 2901 Sav.
1629 2872 1741 2917 addunt,
1760 2872 1815 2901 εἷεν

1040 2911 1077 2934 Ita
1097 2907 1167 2936 Elias
1184 2908 1211 2934 in
1226 2907 1315 2936 Biliio.
