2071 3133
204 164 258 192 διο

703 165 832 194 ORATIO
851 165 898 194 IV.
917 181 952 187 —
969 165 1111 193 CONTRA
1130 164 1301 193 JULIANUM
1319 165 1340 191 l.

1777 165 1829 192 650

205 223 260 249 εῐτε
272 222 337 257 ἡμῖν
350 222 456 258 κέρδος,
471 223 527 255 τοῖς
540 222 644 249 ἐκείνου
657 231 686 249 τε
702 222 757 258 (87)
770 222 880 249 καὶτῶν
892 222 996 250 ἐκείνου

1050 223 1189 257 prodierit,
1208 222 1374 249 constituere
1403 227 1506 256 nequeo
1517 241 1525 252 ,
1542 227 1605 247 num
1620 220 1645 248 id
1660 220 1737 248 nobis
1752 220 1829 248 lucro

207 270 303 296 θᾶττον
314 269 543 304 ἀπηλλαγμένοις,
557 270 611 296 εἴτε
624 269 663 305 τῷ
675 269 832 306 προελθόντι
848 270 928 306 μέχρι
943 269 994 302 τῆς

205 314 373 351 ὁνειρώξεως
384 324 391 331 ο
407 315 514 351 ἐδείχθη
528 315 583 351 γὰρ
599 315 632 342 ἂν
645 315 706 342 τίνα
724 315 772 351 μὲν
787 315 936 352 ἀνθρώπων
952 324 994 342 κι-

207 361 326 396 νήματα,
341 361 402 387 τίνα
417 360 446 387 δὲ
460 360 584 397 πιθήκων
600 362 753 397 μιμήματα.
775 362 850 388 Ἐπεὶ
864 362 911 388 καὶ
923 359 995 389 οὗτοι

209 404 349 440 μιμεῖσθαι
372 405 427 441 (88)
450 406 499 441 μὲν
519 406 641 440 λέγονται
661 406 715 433 τῶν
731 406 908 442 ἀνθρωπίνων
934 406 995 433 τινὰ

206 450 407 486 δελεασμάτων,
437 451 608 488 κακοτέχνως
640 452 855 488 προτιθεμένων·
892 452 996 485 τούτοις

209 496 300 531 μέντοι
316 497 364 523 καὶ
378 497 551 530 ἁλίσκονται,
569 498 605 534 μὴ
622 498 773 534 δυναμένης
789 498 925 537 ἐξικέσθαι
940 499 995 533 (89)

207 540 254 567 τοῦ
275 541 410 577 ἡμετέρου
435 542 516 576 σοφοῦ
530 542 580 578 τῆς
602 543 754 578 μιμήσεως.
776 543 813 569 Οὐ
826 543 880 578 γὰρ
898 543 996 578 μᾶλλον

209 586 290 618 ἵππος
303 587 545 622 θεσσαλικὴ⁴(9υ),
562 588 610 614 καὶ
633 588 701 624 γυνὴ
720 588 933 624 Λακεδαιμονία,
949 589 997 615 καὶ

207 633 303 668 ἄνδρες
321 633 346 660 οί
369 635 418 669 τῆς
447 633 611 670 Ἀρεθούσης
637 634 769 666 πίνοντες,
794 632 850 661 οἷον
870 634 901 670 δὴ
927 635 997 669 λέγω

208 678 386 711 Σικελιώτας,
403 679 441 712 ὡς
462 681 476 707 ὁ
493 681 557 717 περὶ
580 680 669 708 αὐτῶν
691 681 824 716 χρησμὸς,
848 680 879 707 τὸ
898 681 998 716 ἐκκρι-

208 733 252 750 τον
277 725 332 760 (91)
362 725 417 752 τῶν
439 726 577 761 ὁμογενῶν
603 726 720 762 ἔχουσιν,
777 727 948 762 Χριστιανοῖς
964 726 998 752 τὰ

207 770 319 798 τοιαῦτα
333 771 380 808 ἔθη
397 781 426 798 τε
443 773 489 798 κα).
506 772 715 808 νομοθετήματα
731 772 785 798 τῶν
803 772 997 808 πρεπωδεπά-

207 825 262 843 των
277 817 332 852 (92)
351 818 426 844 ἐστί·
444 819 491 844 καὶ
510 815 554 844 οἷα
571 819 616 844 ὑπ’
632 818 739 850 οὐδενὸς
761 818 794 844 ἂν
809 817 889 845 ἄλλον
909 818 998 853 ζηλω-

209 862 289 889 θέντα
304 862 357 889 τῶν
376 865 442 898 ἡμῖν
459 864 573 891 ἕπεσθαι
589 864 756 900 βουλομένων
767 872 774 878 ·
790 865 882 900 ἐπειδὴ
903 865 939 900 μὴ
956 866 1000 892 ἀν-

1047 273 1128 302 atque
1144 267 1252 294 utilitati
1274 266 1455 301 deputandum
1477 266 1510 292 sil
1521 285 1528 297 ,
1546 266 1646 300 quippe
1659 267 1726 300 qui,
1741 271 1769 294 et
1783 266 1832 294 illo

1046 318 1073 341 et
1089 313 1161 339 illius
1175 312 1323 340 sceleribus
1338 311 1418 339 citius
1437 311 1556 338 defuncti
1573 312 1675 344 simus;
1689 319 1723 338 an
1736 317 1829 340 contra

1046 359 1096 391 illi,
1109 359 1154 393 qui
1171 366 1223 385 non
1239 359 1308 385 ultra
1332 357 1506 393 cogitationis
1529 358 1665 385 somnium
1690 365 1831 392 processe-

1046 406 1092 432 rit.
1108 405 1223 439 Liquido
1237 405 1310 432 cnim
1330 404 1464 439 patuisset
1484 404 1594 438 quinam
1610 403 1749 431 hominum
1775 411 1833 431 mo-

1050 455 1103 483 tus,
1119 455 1147 478 et
1157 458 1280 485 quaenam
1295 450 1435 478 simiarum
1449 450 1614 478 imitationes
1626 450 1692 478 sint.
1707 450 1775 478 Nam
1791 451 1832 478 lia!

1047 505 1154 532 quoque
1169 497 1287 524 humana
1309 496 1451 532 quaedam,
1477 496 1614 524 illecebris
1637 498 1713 523 valre
1733 505 1831 532 propo.

1047 544 1125 576 sitis,
1154 543 1254 571 imitari
1278 543 1422 574 dicuntur;
1450 550 1544 570 verum
1569 550 1618 578 per
1641 543 1698 570 hate
1723 550 1831 577 quoque

1048 591 1105 624 ipsa
1122 590 1282 624 produntur,
1297 589 1369 623 quod
1385 589 1524 616 solertiam
1543 593 1663 616 nostram
1680 589 1832 616 imitatiOne

1048 635 1155 670 assequi
1173 642 1224 662 non
1240 634 1353 669 possint.
1368 634 1460 668 Neque
1473 635 1544 661 enim
1563 634 1650 669 magis
1663 641 1733 668 equa
1747 633 1832 661 Thes-

1049 680 1105 706 sala
1118 699 1125 711 ,
1149 684 1176 707 et
1197 679 1294 706 mulier
1308 679 1421 706 Lactena
1432 699 1439 710 ,
1458 684 1486 706 et
1502 679 1552 706 \‘iri
1568 679 1712 706 Arethusae
1733 686 1831 714 aquam

1049 726 1189 758 bibentes,
1212 726 1264 753 hoc
1279 729 1332 756 est,
1353 725 1456 757 Siculi,
1476 729 1505 751 ut
1528 724 1580 752 fert
1595 725 1697 752 editum
1720 725 1753 752 de
1767 725 1834 759 ipsis

1049 769 1200 801 oraculum,
1216 770 1364 804 principem
1380 769 1452 796 inter
1461 777 1519 802 eos,
1532 770 1577 804 qui
1594 770 1713 803 ejusdem
1727 771 1835 804 generis

1050 820 1129 847 sunt,
1155 815 1260 843 laudem
1284 815 1424 847 obtinent,
1441 822 1521 850 quam
1537 815 1691 850 liujusmodi
1716 817 1785 843 ritus
1809 821 1836 843 et

1053 862 1212 889 sanctiones
1231 862 1394 889 Christianis
1408 862 1548 896 aptissime
1560 866 1730 897 congruunt:
1756 863 1836 890 tales-

207 909 357 944 θρωπίναις
378 911 510 942 ἐπινοίαις
526 911 581 946 (95)
598 910 722 946 μᾶλλονῆ
742 910 802 946 θείᾳ
821 911 934 946 δυνάμει
953 912 998 938 κ.)

1051 917 1106 944 que
1122 913 1205 941 sunt,
1221 913 1250 935 ut
1265 909 1354 936 nullus
1366 915 1460 935 eorum
1484 909 1529 942 qui
1544 908 1665 943 vestigiis
1682 909 1782 936 nostris
1797 909 1837 936 in-

208 955 306 991 χρόνου
322 956 476 992 βεόαιότητι
494 956 526 983 τὰ
542 957 651 984 τοιαῦτα
667 957 723 991 (94)
741 956 890 991 νενίκηκεν.

1053 956 1149 983 sistere
1160 955 1282 989 cupiunt,
1297 962 1344 982 eas
1360 954 1478 981 aemulari
1495 955 1578 989 possit
1594 962 1602 981 :
1619 955 1836 989 quandoquidem

213 1008 266 1027 non
293 1001 379 1035 magis
406 1001 532 1028 humanis
565 1000 682 1036 ingeniis
711 1005 792 1036 atque
814 1000 1035 1034 inventionibus,
1055 1007 1135 1035 quam
1164 1000 1189 1027 vi
1217 999 1308 1026 divina
1349 999 1530 1033 temporisque
1560 998 1688 1027 ﬁrmitate
1717 1001 1836 1035 vigorem

211 1047 314 1079 adepta:
327 1050 390 1073 sunt

245 1091 317 1118 Pll".
334 1092 416 1118 οὐδὲν
430 1091 459 1119 δὲ
475 1090 530 1120 οἷον
541 1092 588 1119 καὶ
604 1093 653 1128 τὴν
672 1092 824 1128 θαυμασίαν
843 1093 899 1128 (95)
913 1093 1001 1120 αὐτῶν

209 1137 311 1172 ταύτην
326 1136 479 1164 ἀνάπλασιν
493 1137 547 1173 (96)
565 1138 581 1173 ἢ
601 1138 771 1174 μετάπλασιν
785 1139 822 1170 ὡς
836 1139 882 1166 επ).
900 1139 1002 1174 σκηνῆς

211 1182 347 1218 θεωρῆσαι
360 1183 408 1209 κα).
427 1183 596 1218 καταμαθεῖν
609 1183 676 1219 (97),
691 1184 732 1215 τίς
748 1184 796 1220 μὲν
817 1184 850 1210 ἃν
870 1182 903 1220 ἧν
917 1183 973 1218 (98)
987 1185 1001 1210 ὁ

209 1227 258 1262 τῆς
265 1227 438 1260 διδασκαλίας
452 1228 552 1265 τρόπος
561 1228 695 1260 αὺτοῖς,τῑ
704 1229 732 1255 δὲ
739 1229 768 1255 τὸ
778 1229 862 1264 πέρας
875 1228 928 1254 τῶν
939 1236 1000 1254 συν-

209 1273 352 1299 ελεύσεων·
368 1274 412 1305 ἵν’,
438 1274 453 1300 ὅ
466 1282 532 1310 φησι
550 1274 663 1302 Πλάτων
676 1275 741 1310 περ).
756 1275 804 1310 τῆς
821 1276 849 1301 ἐν
865 1275 937 1310 λόγῳ
954 1274 1001 1300 πό-

210 1318 288 1350 λεως,
303 1317 402 1354 ἴδωμεν
419 1318 603 1353 κινουμένην
617 1319 672 1354 (99)
688 1319 779 1347 αὐτῶν
798 1319 848 1355 τὴν
868 1319 998 1346 ἐπίνοιαν.

210 1364 258 1395 Εἰς
273 1363 320 1390 δύο
338 1363 393 1400 γὰρ
420 1364 506 1391 ταῦτα
532 1365 701 1401 διῃρημένης
724 1366 815 1402 πάσης
832 1366 1000 1400 φιλοσοφίας,

210 1409 326 1446 Θεωρίαν
339 1419 369 1437 τε
385 1410 456 1445 λέγω
474 1411 521 1438 κα).
538 1411 654 1448 πρᾶξιν·
672 1413 719 1439 καὶ
737 1413 786 1448 τῆς
804 1413 853 1448 μὲν
870 1412 1001 1448 ὑψηλοτέ-

211 1465 262 1492 ρας
286 1455 385 1492 οὔσης,
414 1457 622 1493 δυστεκμάρτου
648 1457 694 1484 δέ·
719 1458 768 1492 τῆς
795 1458 823 1484 δὲ
844 1458 999 1485 ταπεινοτέ-

212 1510 262 1536 ρας
277 1501 332 1538 (Ι),
351 1502 563 1538 χρησιμωτέρας
580 1502 625 1528 δέ·
649 1503 715 1538 ἡμῖν
738 1503 786 1538 μὲν
805 1502 948 1538 ἀμφότερα
969 1502 1002 1528 δι’

211 1546 334 1583 ἀλλήλων
354 1548 508 1582 εὐδοκιμεί”
537 1547 583 1574 καὶ
611 1547 665 1583 γὰρ
688 1548 805 1584 θεωρίαν
833 1547 1002 1584 συνέκδημον

211 1593 280 1628 πρὸς
296 1593 330 1620 τὰ
353 1593 456 1620 ἐκεῖθεν
475 1592 513 1628 (2)
531 1593 692 1629 ποιούμεθα,
707 1594 753 1620 κα).
773 1593 872 1629 πρᾶξιν
888 1593 1002 1629 θεωρίας

1090 1091 1181 1120 CXlll.
1210 1091 1266 1118 Nec
1291 1098 1356 1118 vero
1378 1091 1523 1126 quidquam
1547 1092 1714 1120 commodius
1739 1091 1838 1123 luerit,

1053 1145 1135 1173 quam
1149 1136 1335 1164 admirandam
1356 1136 1426 1163 hanc
1450 1143 1543 1163 eorum
1560 1136 1713 1168 liclionem,
1730 1136 1772 1164 vel
1791 1143 1839 1171 po-

1055 1183 1107 1210 tius
1127 1181 1361 1214 transiictionem,
1388 1187 1518 1216 tanquam
1543 1181 1568 1208 in
1592 1189 1672 1209 scena
1696 1186 1837 1216 spectare,

1055 1234 1135 1264 atque
1159 1234 1339 1264 cognoscere.
1363 1232 1418 1255 tum
1440 1235 1500 1262 quae
1525 1227 1644 1262 ipsorum
1668 1228 1694 1254 in
1717 1227 1839 1255 docendo

1056 1274 1137 1305 ratio,
1152 1279 1206 1301 tum
1219 1274 1279 1308 quis
1292 1278 1474 1301 convenluum
1491 1273 1552 1301 linis
1563 1279 1655 1301 esset:
1669 1278 1708 1305 ιιι.
1720 1273 1791 1308 quod
1807 1274 1840 1300 de

1054 1320 1163 1348 civitate
1179 1319 1224 1347 illa
1240 1320 1268 1346 in
1284 1319 1374 1347 verbis
1391 1319 1444 1346 sita
1466 1318 1541 1346 Plato
1555 1319 1653 1353 inquit,
1669 1325 1742 1346 motu
1760 1319 1840 1355 140

1053 1365 1194 1399 ννωάἰιωη
1211 1371 1305 1392 eorum
1326 1363 1468 1391 consilium
1488 1363 1664 1398 aspiciamus.
1686 1363 1752 1390 Nam
1775 1371 1838 1390 cum

1056 1414 1111 1438 tota
1127 1409 1294 1445 philosophia
1309 1410 1336 1436 in
1348 1410 1416 1437 duas
1427 1414 1527 1444 partes,
1544 1410 1596 1438 hoc
1607 1414 1660 1442 est,
1677 1410 1703 1436 in
1717 1413 1839 1437 contem-

1056 1456 1201 1491 plationem
1215 1460 1242 1484 et
1256 1457 1390 1483 actionem
1403 1477 1410 1489 ,
1427 1456 1515 1483 divisa
1537 1456 1594 1489 sit;
1617 1463 1732 1491 quarttm
1753 1455 1838 1482 altera

1056 1508 1085 1530 ut
1103 1502 1254 1533 sublimior,
1269 1502 1306 1529 ita
1321 1501 1473 1536 diﬂicilior;
1489 1502 1575 1529 altera
1590 1501 1716 1529 humilior
1731 1501 1838 1536 quidem

1055 1553 1137 1583 atque
1161 1547 1308 1583 abjectior,
1335 1551 1462 1574 czcterum
1487 1547 1668 1580 fructuosior;
1695 1548 1765 1582 apud
1790 1554 1840 1574 nos

1059 1599 1175 1629 utraque
1199 1594 1310 1621 alterius
1334 1601 1386 1627 ope
1407 1598 1488 1628 atque
1509 1593 1663 1627 adiumento
1689 1592 1777 1620 floret.
1802 1592 1840 1620 Ut

250 1671 306 1704 (87)
333 1671 467 1698 Ἐκείνου
493 1679 537 1698 τε.
555 1671 604 1707 ,εἰς
630 1671 752 1706 plerique
779 1671 896 1700 codices.
923 1671 998 1698 Deesl

1056 1671 1114 1698 haec
1129 1677 1241 1707 quoque
1260 1670 1367 1707 (simiae)
1384 1671 1516 1698 humanas
1532 1671 1661 1705 quasdam
1677 1671 1798 1707 actiones
1812 1674 1839 1707 et

211 1714 241 1735 τε
257 1707 283 1734 in
300 1707 364 1734 edit.

249 1742 306 1777 (88)
327 1741 495 1777 Μιμεῖσθαι.
513 1741 587 1769 Pass.
604 1741 704 1777 aliique
720 1740 852 1777 nonnulli,
869 1741 1000 1777 σχηματίτ

213 1775 317 1809 Cedent.
338 1775 427 1803 Locus
452 1776 585 1808 difﬁcilis,
609 1775 698 1810 inquit
735 1775 930 1808 Mantacutius,
952 1776 998 1810 qui

215 1819 266 1847 nec
279 1812 342 1839 Elite
356 1819 405 1839 nec
420 1812 490 1838 Billii
509 1812 604 1847 probat
619 1811 880 1847 interpretationem.
891 1810 997 1847 yelflllll

213 1845 313 1874 fallitur
327 1845 518 1879 Montacutius',
530 1847 592 1874 dum
607 1851 684 1880 potat
698 1846 858 1880 Gregorium
874 1846 997 1873 allusisse

213 1882 247 1909 ad
268 1882 423 1910 Historiam.
438 1882 471 1908 de
492 1889 545 1915 qua
560 1880 739 1916 Nyssenusin
756 1879 822 1907 ’Vita
839 1881 938 1915 Moysi:
963 1881 997 1908 de

213 1917 300 1944 simiis
313 1917 383 1951 regis
396 1915 595 1951 Egyptiorum.
611 1915 729 1943 Historia
752 1923 867 1949 namque
887 1916 921 1943 de
938 1923 995 1976 alia

215 1952 258 1976 hic
276 1952 373 1976 agitur.
395 1960 426 1976 ea
450 1956 492 1976 est
514 1952 546 1976 de
570 1957 622 1976 uua
640 1950 787 1976 stsenus.
817 1959 870 1976 non
887 1951 915 1976 in
959 1951 995 1976 ita

215 1952 258 1978 hic
276 1950 373 1986 agitur,
395 1950 492 1978 ea’est
514 1952 546 1978 de
570 1957 622 1985 qua
640 1950 787 1986 Nyssenus,
817 1959 870 1978 non
887 1951 915 1986 in
938 1950 995 1976 Vita

215 1986 326 2021 Moysia,
348 1987 394 2014 sed
415 1987 578 2021 inmtractatu
599 1985 637 2012 De
664 1986 767 2021 nomine
787 1990 811 2012 et
838 1985 996 2019 professione

214 2021 364 2048 Christiana
378 2022 412 2047 ad
428 2020 615 2053 Harmoniam,
636 2025 653 2047 t.
668 2020 711 2052 Ill,
727 2028 753 2055 p.
767 2020 820 2047 268
832 2025 859 2048 et
872 2020 934 2052 269,
951 2021 995 2046 ubi

214 2063 268 2083 non
283 2057 315 2084 tle
329 2056 415 2083 simiis
427 2056 495 2090 regis
504 2055 703 2090 Egyptiorum,
719 2055 764 2082 sed
777 2056 809 2082 de
822 2055 902 2082 simia
912 2056 996 2082 circu-

216 2091 310 2118 latoris
323 2091 463 2125 cujusdam
477 2096 503 2118 et
521 2090 725 2125 praestigiatoris
744 2090 928 2117 Alexandrini.
946 2098 955 2115 t
972 2090 995 2116 is

214 2126 370 2157 circulator,
383 2135 392 2151 ι
421 2131 451 2152 ut
472 2130 564 2152 narrat.
594 2125 741 2160 Nyssenus,
761 2133 769 2149 t
782 2130 940 2151 exercuerat
964 2133 996 2151 ac

215 2161 343 2188 docuerat
355 2160 472 2191 simiam,
485 2165 513 2186 ut
527 2160 647 2194 agilitate
658 2160 773 2194 quadam
788 2160 814 2186 in
836 2160 949 2186 formam
967 2165 996 2186 et

215 2196 336 2222 habitum
348 2195 493 2222 saltatricis
504 2202 564 2222 sese
572 2200 755 2229 componeret,
765 2196 844 2227 eique
851 2195 996 2222 saltatricis

1054 1705 1146 1734 motus
1163 1705 1283 1732 mutulari
1300 1705 1444 1738 dicuntur;
1461 1713 1553 1732 verum
1576 1713 1624 1740 per
1638 1707 1705 1739 haec,
1726 1705 1779 1733 illis
1798 1706 1840 1732 ni-

1053 1741 1151 1767 mirum
1167 1745 1262 1774 captae.
1279 1740 1438 1774 produntur.
1456 1750 1465 1766 ι

1087 1776 1142 1811 (89)
1169 1775 1346 1807 Ἐξικέσθαι.
1364 1774 1438 1802 Colb.
1451 1775 1478 1811 5,
1495 1780 1523 1803 et
1536 1775 1612 1802 Pass.
1626 1774 1800 1807 ἐξικνεῖσθαι.

1087 1812 1143 1845 (90)
1165 1811 1268 1843 Ἵππος
1285 1810 1469 1845 ῲσσαλική,
1483 1815 1535 1837 etc.
1552 1811 1654 1837 Sensus
1669 1815 1730 1838 est:
1745 1818 1839 1844 quem-

1051 1846 1194 1872 admodum
1207 1853 1275 1879 equa
1296 1844 1425 1872 Thessala
1446 1846 1551 1873 caeteris
1570 1846 1697 1872 omnibus
1718 1848 1838 1872 antecel-

1050 1880 1091 1912 lit.
1104 1886 1131 1908 et
1154 1880 1249 1907 mulier
1265 1879 1378 1907 Lacaena
1401 1880 1526 1907 omnibus
1543 1879 1603 1906 aliis
1619 1880 1786 1912 mulieribus,
1810 1886 1837 1906 ct

1050 1915 1100 1942 viri
1119 1914 1202 1942 Siculi
1226 1915 1353 1942 omnibus
1377 1915 1458 1948 viris;
1479 1916 1514 1942 ita
1537 1915 1696 1946 Christiani,
1720 1915 1747 1941 in
1775 1915 1836 1942 reli-

1048 1951 1132 1984 giosis
1158 1950 1254 1977 ritibus
1275 1953 1302 1976 et
1319 1950 1515 1982 sanctionibus,
1536 1950 1662 1977 mortales
1677 1957 1772 1977 omnes
1786 1958 1835 1976 an-

1050 1985 1185 2017 tecellnnt,
1200 1993 1249 2011 nec
1261 1992 1308 2012 eos
1328 1985 1428 2012 imitari
1451 1985 1578 2018 pOSsibile
1591 1990 1642 2013 est.

1097 2021 1141 2049 9i)
1162 2021 1328 2054 Ἔκκριτον.
1355 2020 1430 2055 Pass.
1451 2019 1588 2055 ἔγκριτον.
1610 2019 1673 2047 Sav.
1687 2019 1835 2055 ἐξαίρετον.

1097 2022 1141 2049 91)
1162 2022 1328 2054 Ἐκκριτον.
1357 2022 1430 2047 Pass.
1451 2022 1588 2055 ἔγκριτον.
1610 2022 1673 2047 Sav.
1687 2022 1835 2055 ἐξαίρετον.

1084 2022 1141 2090 (Μ)
1161 2054 1430 2088 Πρεπωδεστὰτων.
1448 2055 1476 2082 lu
1498 2056 1565 2090 lteg.
1579 2055 1633 2089 bm,
1647 2059 1674 2082 et
1690 2055 1772 2082 Mont.
1788 2063 1835 2090 γρ.

1049 2090 1222 2126 πρεπωδεστέ
1227 2099 1289 2126 ρων.

1086 2125 1141 2160 (95)
1168 2124 1336 2157 Ἐπίγοιαις.
1357 2124 1395 2151 ln‘
1405 2124 1462 2151 Bill.
1475 2129 1502 2152 et
1517 2124 1632 2151 Montac.
1649 2133 1695 2160 γρ.
1709 2125 1834 2157 ἐννοίαις.

1085 2161 1142 2194 (94)
1165 2160 1297 2187 Τοιαῦτα.
1316 2161 1381 2195 lleg.
1395 2160 1451 2194 bili,
1464 2161 1490 2187 in
1512 2165 1604 2193 textu;
1620 2160 1711 2187 Billtus
1723 2165 1752 2188 et
1765 2161 1836 2187 Mon-

1050 2200 1102 2222 tac.
1118 2196 1144 2221 in
1160 2203 1220 2226 ora,
1234 2195 1330 2222 ταῦτα.

215 2235 375 2264 opposuerat
405 2237 566 2265 personam,
586 2236 620 2257 ac
651 2234 752 2256 vestem
782 2229 996 2257 circumdederat

215 2266 344 2291 exercitio
364 2265 613 2291 convenientem....
627 2264 705 2290 simia
727 2264 759 2290 ad
777 2271 916 2291 numerum
936 2271 995 2291 sese

1083 2230 1137 2264 (95)
1159 2231 1220 2256 Θαυ
1243 2230 1344 2256 actor.
1359 2229 1436 2257 Colb.
1449 2229 1477 2262 lt,
1488 2229 1657 2265 θαυμαστήν.

1083 2264 1139 2291 196)
1162 2239 1355 2291 Ἀγέζιλασιν.
1380 2274 1389 2290 ‹
1403 2265 1630 2291 Ιὶείυηηιιιίοηοιιι
1645 2274 1652 2291 :

214 2266 344 2292 exercitio
364 2265 613 2292 convenientem....
627 2264 705 2290 simia
727 2264 759 2290 ad
777 2271 916 2291 numerum
936 2271 995 2291 sese

214 2299 338 2327 ﬂectebat
345 2299 581 2334 etcontorquebat,
589 2307 620 2326 ac
628 2306 673 2332 per
685 2299 773 2325 omnia
781 2306 841 2333 qua:
847 2304 874 2325 et
881 2298 995 2325 faciebat

214 2339 243 2362 et
255 2336 342 2363 lacere
353 2335 503 2365 videbatur,
516 2340 638 2360 naturam
653 2334 815 2360 occultabat.
827 2334 892 2360 Cum
905 2339 993 2360 autem

215 2371 284 2404 capti
307 2374 399 2397 essent.
418 2370 458 2396 rei
478 2369 597 2396 novitate
621 2373 795 2403 spectatores,
819 2369 926 2402 quidam
942 2375 995 2404 cae-

216 2403 282 2431 teris
295 2405 419 2436 astutior,
443 2404 549 2431 simiam
574 2411 635 2431 esse
657 2403 763 2430 simiam
791 2404 854 2430 ludo
877 2403 993 2437 quodam

215 2442 341 2467 ostendit.
369 2439 588 2466 Acclamantibus
611 2438 683 2465 enim
707 2439 811 2465 cunctis
833 2443 860 2465 et
883 2439 995 2472 applau-

215 2475 339 2502 denlibus
359 2475 472 2508 agilitati
492 2474 588 2505 simiae,
608 2474 642 2500 ad
660 2479 768 2500 cantttm
791 2477 818 2500 et
835 2474 996 2500 modulatio-

216 2517 276 2536 nem
297 2514 359 2544 apte
371 2517 401 2536 se
417 2509 550 2536 moventis
561 2513 588 2536 et
601 2509 818 2544 circumagentis,
837 2508 957 2544 proiecit
968 2509 995 2534 in

214 2542 355 2571 orcbesira
373 2552 389 2571 e
405 2544 525 2571 bellariis
544 2551 575 2570 ea
594 2551 655 2578 qua:
675 2542 768 2569 taliutn
785 2543 931 2570 bestiarum
953 2543 996 2578 in-g

214 2579 330 2612 gluvient
355 2579 494 2606 attrahunt
515 2583 596 2613 atque
622 2578 752 2610 invitant;
776 2578 821 2604 illa
844 2585 907 2605 vero
931 2577 998 2604 nillil

214 2619 347 2646 cunctata,
362 2619 391 2640 ut
405 2615 470 2640 vidit
487 2617 550 2641 ante
566 2614 677 2640 chorum
704 2613 829 2647 dispersa
843 2613 996 2648 amygdala,

214 2649 296 2675 oblita
317 2649 468 2676 saltationis
484 2649 602 2676 accurrit
617 2649 702 2679 adea,
719 2654 746 2675 et.
757 2656 883 2675 manuum
900 2648 997 2683 palmis

213 2684 338 2718 collegit;
363 2691 515 2719 personam,
530 2691 564 2710 ne
583 2684 774 2718 impedimento
789 2688 871 2715 esset,
889 2684 929 2710 ori
952 2685 998 2710 de—
1047 2685 1062 2711 ὁ

215 2720 305 2746 traxit.
317 2740 324 2747 .
335 2738 342 2746 .
353 2738 361 2745 .
372 2738 379 2745 .
393 2725 475 2752 atque
501 2720 538 2745 ita
560 2726 608 2753 pro
630 2719 752 2745 laudibus
771 2723 798 2745 et
820 2719 998 2745 admiratione

214 2755 299 2780 risum
313 2755 418 2781 abunde
436 2755 519 2781 tnovit
539 2752 749 2788 spectatoribus.
760 2761 770 2778 ›
791 2752 852 2780 litec
867 2758 910 2780 est
935 2762 998 2780 nar-

214 2795 272 2816 rata
288 2797 303 2816 a
320 2789 444 2824 Nysseno
460 2790 585 2822 historia,
599 2796 678 2823 quam
698 2789 768 2824 baud
785 2789 866 2816 dubie
882 2789 998 2816 oratoris

214 2825 298 2851 nostri
321 2823 402 2851 verba
430 2828 568 2858 spectant;
593 2832 653 2858 quae
672 2823 772 2850 idcirco
792 2824 831 2850 sic
857 2824 996 2854 vertenda,

213 2864 262 2885 aut
279 2859 318 2886 sic
334 2859 400 2886 verti
416 2867 495 2893 posse
513 2860 666 2886 existimem
680 2866 686 2884 :
704 2866 713 2883 ι
729 2858 842 2892 Liquido
858 2860 928 2885 enim
950 2866 997 2892 pa-

216 2894 320 2928 tuisset,
337 2894 481 2929 propositis
494 2893 568 2920 vafre
578 2893 738 2927 quibusdam
752 2893 917 2922 illecebris...
929 2893 996 2920 Nam

366 2940 502 2971 Ρλτιοι.
525 2940 586 2971 (is.
610 2939 744 2970 XXXV.

1083 2264 1139 2299 (96)
1162 2264 1355 2292 Ἀνάπλασιν.
1380 2274 1389 2290 ‹
1403 2264 1630 2293 Ιὶείυηηιιιίοηοιιί
1645 2273 1674 2291 ι»
1695 2264 1821 2300 μετάπλα

1047 2307 1098 2331 σιν,
1119 2309 1128 2325 ι
1142 2300 1429 2332 transl'ormationem,
1458 2300 1583 2327 aemulam
1610 2300 1690 2327 alieni
1715 2302 1785 2328 ritus
1803 2310 1836 2329 ao

1045 2335 1192 2362 Christiani
1209 2335 1353 2361 lictionem.
1366 2344 1375 2359 ι

1081 2369 1136 2404 (97)
1164 2369 1229 2396 Ἐπὶ
1256 2369 1385 2402 σκηνῆς,
1401 2373 1455 2396 etc.
1475 2378 1485 2395 ε
1500 2370 1660 2402 Socrates,»
1680 2370 1750 2404 apud
1776 2368 1837 2396 Pla.

1047 2409 1137 2432 Ionem
1153 2405 1179 2431 itt
1197 2405 1277 2437 Tim.,
1294 2412 1306 2431 ι
1323 2409 1381 2438 post
1401 2404 1540 2431 fundatam
1562 2406 1777 2438 instructamque
1799 2405 1838 2432 le-

1047 2441 1124 2474 gibus
1141 2439 1291 2472 civitatem,
1306 2447 1404 2473 cupere
1419 2446 1450 2466 se
1464 2440 1503 2466 ait
1518 2448 1578 2467 eam
1597 2445 1670 2467 motu
1697 2440 1837 2468 incitatam

1049 2475 1150 2507 videre,
1166 2484 1175 2500 ι
1202 2475 1253 2501 hoc
1269 2479 1328 2505 est,
1349 2474 1446 2507 «juxta
1467 2474 1554 2509 legum
1579 2483 1689 2502 suarum
1710 2475 1836 2507 praescri-

1048 2515 1121 2544 ptutn
1146 2510 1199 2544 regi
1215 2517 1247 2536 ac
1270 2510 1425 2544 gubernari.
1437 2518 1446 2534 ι
1474 2509 1573 2536 Eodem
1592 2511 1672 2537 modo
1689 2509 1836 2544 Gregorius

1048 2543 1086 2571 ait
1100 2552 1130 2571 se
1146 2543 1252 2578 optare,
1269 2548 1299 2571 ut
1314 2544 1358 2571 illa
1374 2543 1593 2572 Christianorum
1606 2546 1705 2571 rituutn
1721 2543 1837 2571 iuiilatto

1047 2588 1062 2606 a
1075 2580 1180 2606 Juliano
1200 2581 1364 2614 excogitata,
1380 2580 1406 2605 in
1422 2587 1489 2613 opus
1512 2581 1619 2607 tandem
1642 2579 1766 2614 prodeat,
1781 2586 1836 2613 quo

1050 2615 1135 2650 magis
1149 2614 1263 2650 ridicula
1275 2618 1415 2650 appareat.

1083 2647 1139 2690 (98)
1163 2649 1209 2682 Τις
1224 2649 1284 2683 μὲν
1296 2647 1336 2676 ἂν
1350 2647 1399 2684 ἦν.
1416 2647 1493 2676 Coll).
1509 2649 1569 2676 Ald.
1585 2649 1665 2676 llerv.
1681 2648 1723 2679 τίς
1738 2648 1788 2684 μὲν
1802 2647 1836 2675 ἃν

1078 2694 1137 2712 της.

1158 2718 1359 2753 Κινουμένην.
1391 2718 1476 2746 Mont.
1496 2728 1542 2756 γρ.
1565 2718 1739 2754 ἐνεργοῦσαν.
1765 2718 1834 2750 Alli,

1048 2756 1091 2781 ὲνε
1095 2763 1160 2790 ργου
1165 2755 1258 2790 μένην.

1083 2789 1121 2826 (ἰ)
1144 2789 1365 2826 Τὰπεινοτέρας.
1379 2789 1457 2826 Pass.
1472 2789 1560 2822 addit,
1580 2789 1640 2825 μέν.

1084 2824 1121 2864 (2)
1141 2826 1220 2859 Πρὸς
1234 2824 1270 2864 to
1284 2825 1408 2852 ἐκεῖθεν.
1423 2825 1483 2852 Bill.
1502 2834 1511 2849 ι
1525 2827 1557 2853 ad
1579 2824 1729 2853 caelestium
1745 2831 1836 2854 rerum

1050 2863 1168 2889 studium
1186 2863 1324 2889 comitem.
1338 2870 1347 2885 ι

1641 2940 1677 2969 21
