2071 3133
199 156 252 184 653

695 158 824 188 ORATIO
843 157 889 185 Ν.
909 173 943 177 -
962 157 1099 184 CONTRA
1119 157 1291 186 JULIANUM
1310 159 1330 185 l.

1763 156 1816 184 65$

198 221 268 253 ἔξεις
279 219 334 255 (16)
350 219 441 251 αὐτοῖς
457 219 598 254 ὑποφήτας
613 218 712 254 δηλαδὴ
724 218 860 254 θεοφόρων
869 218 980 252 λογίων,

1038 219 1101 252 Quid
1120 219 1232 253 postea?
1250 218 1387 245 Praebebis
1400 217 1466 252 ipsis
1482 217 1588 245 scilicet
1607 216 1774 247 divinorum,
1791 221 1820 242 ut

196 266 234 297 ὡς
245 265 277 292 ἂν
286 265 362 292 αὐτοὶ
379 265 475 299 φαίητε
489 263 555 299 (17),
572 263 619 289 καὶ
631 262 737 298 βίϐλους
752 262 883 294 ἀνελίξεις
895 262 985 288 θεολο-

197 312 279 346 γικάς
295 319 324 337 τε
341 310 388 336 καὶ
412 309 521 344 ἡθικάς.
543 309 624 340 Τίνας
640 309 752 340 ταύτας,
774 309 835 335 εἰπέ
857 316 913 343 μοι,
938 308 985 334 καὶ

196 356 277 383 τίνων
291 364 297 388 ;
313 355 403 382 Καλὸν
415 353 596 390 προσᾴδεσοαι
619 354 667 388 τὴν
688 353 810 380 Ἠσιόδου
826 353 985 388 Θεογονίαν

197 402 290 433 αὐτοῖς
310 402 356 428 καὶ
379 401 442 432 τοὺς
467 401 526 426 ἐκεῖ
552 399 686 434 πολέμους
711 399 758 425 καὶ
774 398 895 430 κλόνους,
922 398 987 429 τοὺς

198 447 327 479 Τιτᾶνας,
338 446 401 478 τοὺς
413 446 557 480 Γίγαντας,
567 444 636 480 μετὰ
649 444 703 471 τῶν
711 444 834 480 φοϐερῶν
847 443 985 479 ὀνομάτων

197 501 226 520 τε
242 494 289 520 καὶ
307 493 494 529 πραγμάτων;
513 492 600 524 Κότος
614 491 682 527 (18),
705 491 857 527 Βριάρεως,
884 490 984 526 Γύγης,

205 540 375 574 Ἐγκέλαδος,
391 540 416 565 οξ
432 538 642 576 δρακοντόποδες
656 537 776 573 ὑμῶν,οί
791 537 985 573 κεραυνοφόροι

200 587 265 619 θεοὶ,
281 587 309 614 αί
320 585 427 617 τούτοις
442 585 623 620 ὲπαφιέμεναι
638 585 725 620 νῆσοι,
743 583 806 619 βέλη
815 592 843 610 τε
855 583 922 618 ὁμοῦ
939 584 986 610 καὶ

199 634 278 668 τάφοι
307 633 363 664 τοῖς
374 632 545 666 ἀπαντήσασι
554 639 562 646 ·
576 630 610 656 τὰ
621 630 707 666 πικρὰ
718 630 820 656 τούτων
830 630 987 665 γεννήματα

199 679 246 705 καὶ
259 678 450 714 προϐλήματα,
468 677 578 712 ”Υδραι,
594 677 738 712 Χίμαιραι,
756 676 901 712 Κέρϐεροι,
918 676 986 711 Γορ-

198 724 275 759 γόνες
289 723 356 760 (19),
375 723 514 758 φιλοτιμία
528 722 626 753 παντὸς
637 721 732 748 κακοῦ.
745 721 838 748 Ταῦτα
851 721 921 747 ἔστω
932 721 987 747 τῶν

172 778 174 803 ε
204 770 324 797 Ἡσιόδου
344 769 434 796 καλῶν
460 771 519 800 ταῖς
545 769 640 799 ἀκοαῖς
663 767 856 803 προτιθέμενα.
871 766 987 802 Ὀρφεὺς

199 817 306 852 παρίτω
325 815 394 851 μετὰ
417 815 467 850 τῆς
486 814 602 850 κιθάρας
617 814 664 840 καὶ
683 813 733 848 τῆς
751 813 840 839 πάντα
856 812 987 847 ἑλκούσης

199 862 280 897 ᾠδῆς,
296 861 472 897 ὲπιδρεμέτω
484 861 526 887 Διὶ
543 860 576 887 τὰ
595 859 700 895 μεγάλα
718 859 766 886 καὶ
785 858 914 893 ὑπερφυῆ
936 859 985 894 τῆς

199 908 337 942 θεολογίας
355 907 466 942 ῥήματα
483 907 531 934 καὶ
543 906 666 941 νοήματα
678 914 685 921 ⁸

199 1039 256 1066 Ζεῦ
268 1037 401 1069 κύδιστε,
413 1037 535 1072 μέγιστε
550 1036 635 1070 θεῶν,
649 1037 787 1072 emittere
803 1037 858 1072 (20)
874 1038 984 1071 κόπρῳ,

198 1119 248 1153 ὅση
265 1126 295 1144 τε
309 1117 406 1153 μηλείη
423 1117 491 1152 (21),
507 1117 557 1152 ὅση
571 1125 602 1143 τε
618 1116 718 1148 ἵππων,
732 1116 782 1152 ὅση
801 1124 830 1142 τε
850 1115 984 1151 ἡμιόνων,

200 1163 233 1190 ἶν’
250 1163 384 1194 ἐντεῦθεν,
394 1161 470 1198 οἶμαι
486 1162 553 1198 (εξ),
567 1161 659 1198 δειχθῇ
671 1162 702 1188 τὸ
712 1161 844 1196 ζωογόνον
857 1160 904 1187 τοῦ
924 1159 985 1187 θεοῦ

200 1211 246 1238 καὶ
261 1209 404 1246 φερέσϐιον
414 1218 421 1224 ·
437 1209 468 1235 οὔ
485 1209 540 1244 γὰρ
566 1208 654 1240 ἄλλως
672 1205 728 1234 οἶόν
739 1216 768 1234 τε
783 1206 818 1244 ἦν
830 1215 837 1222 ⁸
850 1208 897 1234 καὶ
918 1207 986 1243 μηδὲ

199 1257 247 1292 τῆς
262 1255 346 1292 ἄλλης
357 1255 494 1290 φείδεσθαι
509 1254 566 1290 (25)
581 1254 793 1290 μεγαληγορίας.

253 1314 303 1346 Ὦς
314 1312 443 1339 εἰποῦσα
456 1311 518 1344 θεὰ,
530 1311 630 1344 δοιοὺς
642 1311 809 1345 ἀνεσύρατο
817 1307 943 1346 μήρους,

199 1368 243 1394 ἵνα
257 1367 354 1402 τελέσῃ
369 1367 433 1398 τοὺς
448 1366 578 1402 ἐραστὰς,
605 1367 623 1394 ἃ
640 1367 687 1393 καὶ
710 1366 759 1393 νῦν
781 1365 820 1392 ἔτι
836 1365 908 1392 τελεῖ
931 1365 986 1399 (21)

198 1413 254 1442 τοῖς
269 1412 416 1447 σχήμασιν.
432 1411 493 1438 Ἐπὶ
507 1412 592 1438 πᾶσιν
603 1413 617 1438 ὁ
630 1412 720 1447 Φάνης
731 1420 762 1438 τε
777 1412 824 1438 καὶ
841 1412 856 1438 ὁ
877 1411 987 1447 Ἦρικα-

199 1460 289 1490 παῐος,
307 1458 355 1484 καὶ
373 1459 387 1484 ὁ
405 1457 509 1489 πάντας
536 1458 692 1485 καταπίνων
715 1458 779 1489 τοὺς
804 1457 910 1489 ἄλλους,
937 1455 987 1484 εἴτ’

198 1504 336 1536 ἀναδιδοὺς
354 1503 441 1536 θεοὺς,
455 1504 498 1530 ἵνα
519 1504 632 1540 γένηται
648 1504 740 1540 πατὴρ
755 1504 859 1540 ἀνδρῶν
875 1513 905 1531 τε
919 1504 987 1531 θεῶν

197 1559 239 1576 τε.
269 1549 363 1578 Ταῦτα
397 1549 630 1576 ὲπεισκυκλείσθω
662 1551 719 1582 τοῖς
744 1549 908 1585 θαυμαστοῖς
936 1550 1021 1592 sica

199 1595 337 1630 θεολογίας
349 1596 506 1632 ἀκροαταῖς,
519 1593 567 1622 εἶτ’
585 1595 744 1623 ὲπινοείσθω
756 1596 860 1628 τούτοις
871 1596 989 1632 ἀλληγοε

202 1643 311 1678 ρήματα
324 1643 371 1669 καὶ
386 1642 593 1678 τερατεύματαο
610 1642 658 1668 καὶ
673 1642 727 1669 τῶν
739 1642 928 1677 προκειμένων
945 1643 991 1668 ἐκ·

200 1686 305 1713 πίπτων
317 1688 331 1713 ὁ
346 1687 423 1722 λόγος
438 1688 478 1720 είς
499 1687 624 1723 βάραθρα
638 1688 768 1724 χωρείτω,
782 1688 829 1715 καὶ
850 1688 990 1724 κρημνοῦς

200 1733 315 1770 θεωρίας
329 1734 377 1760 οὐκ
393 1733 508 1770 ἐχούσης
523 1733 556 1761 τὸ
572 1735 714 1770 στάσιμον.

234 1826 315 1858 Ριςι.
330 1825 453 1860 ’Όμηρον
467 1824 496 1851 δὲ
512 1825 563 1852 ποῦ
576 1825 678 1861 Θήσεις,
695 1825 741 1851 τὸν
757 1825 844 1861 μέγαν
856 1825 910 1851 τῶν
921 1824 989 1851 θεῶν

201 1879 247 1897 σου
258 1870 313 1906 (25)
329 1871 569 1907 κωμῳδιογράφον,
586 1871 612 1897 εῐ
620 1872 643 1897 τ’
653 1869 699 1897 οὖν
713 1870 911 1908 τραγῳδοποιύν
920 1871 987 1906 (i6);

207 1917 360 1952 Ἀμφότερα
373 1916 426 1952 γὰρ
443 1917 568 1953 εὑρήσεις
587 1918 615 1944 ἐν
639 1919 695 1948 τοῖς
719 1917 882 1952 θαυμασίοις
905 1917 988 1943 αὑτοῦ

201 1964 343 1999 ποιήμασι·
360 1963 393 1990 τὰ
411 1964 460 1999 μὲν
472 1965 622 2000 συμφορᾶς,
633 1963 667 1990 τὰ
680 1963 709 1990 δὲ
719 1963 834 1998 γέλωτος
850 1963 922 1995 ἄξια.
934 1964 989 1990 Καὶ

202 2010 347 2045 γὰρὸντως
362 2010 392 2036 οὑ
407 2010 507 2045 μικρᾶς
521 2010 570 2045 τῆς
585 2009 724 2044 φροντίδος
740 2009 828 2035 ἐκεῖνο
839 2009 913 2041 ίδεῖν,
930 2008 988 2041 πῶς

203 2056 252 2091 μὲν
273 2057 400 2088 Ὠκεανὸς
415 2056 502 2092 Τηθύῖ
518 2056 754 2092 καταλλαγήσεται
767 2056 800 2082 δι’
814 2057 903 2092 Ἥρας
924 2064 989 2091 πορ-

202 2102 283 2134 νικῶς
295 2102 483 2137 κοσμουμένης
493 2111 499 2117 ·
510 2102 603 2138 ἐπειδὴ
613 2102 733 2134 κίνδυνος
746 2102 785 2137 τῷ
803 2103 883 2129 παντὶ
894 2103 988 2138 χρόνον

201 2147 261 2174 τινὰ
270 2148 480 2184 σωφρονούντων
492 2149 581 2175 αὐτῶν
592 2157 598 2163 ι
620 2149 668 2175 εἴτ’
685 2146 731 2175 οὖν
747 2148 796 2184 τὴν
812 2148 897 2184 ξηρὰν
907 2149 988 2183 φύσιν

201 2194 248 2220 καὶ
260 2194 308 2229 τὴν
319 2194 405 2230 ὑγρᾶν
413 2193 644 2221 καταλλάττεσθαι
654 2195 718 2226 δέοι,
731 2193 768 2230 μὴ
777 2193 816 2229 τῷ
827 2193 988 2229 πλεονασμῷ

1037 265 1086 300 ipsi
1104 265 1194 292 dicere
1219 265 1310 292 soletis
1323 285 1331 297 ,
1345 265 1517 292 oraculorum
1536 263 1715 297 interpretes;
1737 269 1769 289 ac
1786 260 1803 288 li
1819 276 1822 279 ι

1036 311 1109 342 bros,
1127 316 1181 337 tum
1206 310 1380 345 theologicos,
1398 315 1452 337 tum
1468 309 1584 336 morales
1599 308 1709 337 evolves
1726 312 1754 335 et
1771 314 1822 334 εις-ς

1035 355 1157 390 plicabis.
1172 354 1307 388 Quosnam
1324 355 1429 382 tandem
1445 355 1504 386 hos,
1520 355 1572 388 die,
1591 361 1699 389 quaeso,
1714 357 1741 380 et
1755 360 1823 387 quo-

1037 401 1117 429 rum?
1133 401 1294 428 Prmclarum
1312 401 1365 428 erit
1379 399 1486 428 Hesiodi
1500 399 1683 434 Theogoniam
1696 399 1761 434 ipsis
1776 406 1822 425 ac-

1036 446 1102 478 cini,
1116 451 1143 474 et
1157 446 1225 474 bella
1247 446 1302 473 illic
1316 446 1462 480 descripta,
1489 450 1516 473 et
1531 445 1671 477 tumultus,
1692 444 1820 476 Titanes,

1036 492 1174 526 Gigantes,
1202 491 1356 520 nominibus
1378 491 1459 518 simul
1482 499 1514 518 ac
1544 490 1624 518 rebus
1654 490 1822 517 horrendos?

1036 535 1211 564 Proferentur
1237 537 1336 570 Cotus,
1363 536 1506 568 Briareus,
1529 535 1636 571 Gyges,
1651 534 1820 567 Enceladus,

1037 583 1200 618 anguipedes
1219 583 1313 616 vestri,
1331 584 1421 619 diique
1449 583 1550 610 fulmen
1570 586 1723 617 gestantes,
1735 586 1764 608 et
1778 581 1819 608 in-

1038 629 1102 656 sulm
1118 629 1144 655 in
1160 636 1207 656 eos
1229 629 1354 663 injectus,
1381 636 1442 664 quae
1465 629 1517 655 tela
1540 627 1620 655 simul
1640 633 1667 654 et
1696 627 1820 662 sepulcra

1037 673 1092 701 illis
1120 673 1154 700 ad
1181 673 1301 707 praelium
1330 673 1536 701 occurrentibus
1551 673 1730 700 exstiterunt:
1765 677 1820 700 tum

1037 718 1128 745 acerbi
1153 723 1233 753 atque
1261 719 1392 746 immanes
1415 726 1507 746 eorum
1537 718 1618 746 fimus
1644 725 1676 745 ac
1699 718 1821 748 soboles,

1037 763 1146 799 llydrre,
1160 764 1311 797 Chimzerae,
1329 764 1451 797 Cerberi,
1467 763 1623 799 Gorgones,
1637 764 1726 792 omnis
1746 763 1822 791 deni-

1036 817 1089 845 que
1104 810 1167 838 mali
1178 811 1317 838 colluvies.
1343 809 1405 838 llzec
1427 811 1482 837 sint
1495 811 1599 846 egregia
1625 811 1680 843 illa,
1699 818 1759 846 quae
1773 818 1821 837 au-

1038 857 1170 884 ditoribus
1195 864 1228 884 ex
1261 856 1378 884 llesiodo
1401 862 1593 892 proponentur.
1622 857 1745 892 Orpheus
1765 857 1821 890 jam

1038 910 1100 930 cum
1120 902 1237 935 cithara,
1255 907 1283 929 et
1298 908 1378 930 cantu
1392 903 1482 929 omnia
1497 903 1618 930 trahente
1633 903 1762 937 prodeat,
1778 900 1824 928 ,1ο-

1038 948 1118 983 vique
1130 955 1226 982 magna
1243 948 1287 974 illa
1301 953 1329 976 et
1349 947 1449 974 eximia
1477 946 1617 982 theologia:
1640 947 1720 975 verba
1738 952 1766 974 et
1775 954 1823 975 co-

1039 994 1122 1030 gitata
1132 994 1260 1021 inl‘remat
1274 1003 1282 1020 :

1081 1039 1186 1074 Jupiter
1199 1039 1394 1074 augustissime,
1411 1039 1518 1067 deorum
1533 1039 1645 1066 maxime
1672 1040 1717 1066 aui
1730 1044 1755 1066 te
1768 1039 1823 1066 vol-

1143 1075 1181 1101 ui:
1197 1075 1224 1100 in
1240 1074 1321 1108 ﬁmo,

1040 1124 1096 1146 tum
1111 1119 1213 1152 ovium,
1230 1123 1286 1145 tum
1300 1125 1441 1154 equorum,
1463 1124 1518 1146 tum
1540 1119 1692 1152 mulorum,
1705 1123 1737 1146 ut
1751 1119 1825 1146 vide-

1039 1162 1102 1190 licet
1113 1162 1176 1190 hinc
1191 1161 1280 1189 vitalis
1289 1167 1316 1189 et
1331 1162 1444 1190 fecunda
1467 1164 1509 1191 dei
1530 1165 1569 1191 vis
1589 1165 1761 1197 declaretur;
1779 1172 1825 1192 ne-

1039 1216 1092 1244 que
1117 1208 1190 1236 enim
1210 1209 1291 1236 aliter
1305 1214 1428 1244 poterat;
1442 1210 1506 1244 quin
1524 1217 1574 1238 nec
1586 1210 1632 1237 alii
1651 1211 1759 1245 quidem
1775 1211 1824 1237 hu-

1037 1255 1155 1290 iusmodi
1171 1255 1412 1290 graudiloquentiat
1429 1263 1541 1290 parcere
1556 1265 1564 1283 :

1078 1312 1127 1340 Ubi
1140 1313 1190 1340 dea
1205 1313 1294 1340 locuta
1310 1318 1358 1347 est,
1373 1318 1508 1348 utramque
1519 1321 1612 1340 coxam
1623 1313 1720 1341 detexit
1733 1333 1741 1346 ,

1040 1373 1070 1396 ut
1086 1369 1202 1397 amasios
1215 1377 1279 1398 suos
1295 1369 1426 1402 initiaret,
1438 1376 1497 1404 qua
1510 1369 1618 1404 quidem
1634 1377 1706 1397 nunc
1717 1377 1825 1404 quoque

1040 1414 1130 1441 adhuc
1151 1421 1200 1449 per
1221 1414 1296 1449 signa
1320 1418 1347 1440 et
1371 1418 1464 1448 gestus
1493 1413 1676 1441 celebrantur.
1695 1414 1736 1441 Ad
1767 1415 1824 1442 haec

1041 1459 1131 1486 omnia
1150 1459 1255 1487 Phanes
1270 1459 1391 1493 accedat,
1406 1463 1434 1486 et
1448 1458 1613 1493 Ericapaaus,
1627 1465 1656 1487 et
1671 1459 1717 1494 qui
1732 1467 1826 1488 omnes

1041 1505 1107 1533 alios
1131 1505 1197 1533 deos
1212 1506 1344 1537 devorat,
1371 1512 1404 1532 ac
1428 1500 1521 1540 postea
1543 1506 1639 1540 egerit,
1665 1511 1694 1533 ut
1713 1506 1824 1534 deorum

1041 1556 1122 1586 atque
1135 1551 1273 1579 hominum
1290 1555 1368 1586 pater
1384 1551 1526 1579 eiliciatur.
1544 1551 1604 1579 Haec
1618 1551 1726 1580 eximiis
1740 1557 1767 1580 et
1779 1553 1826 1580 ad-

1040 1597 1170 1624 mirandis
1181 1597 1332 1625 diviuitatls
1353 1596 1522 1624 auditoribus
1542 1597 1730 1629 iuculcentur.
1751 1603 1825 1632 post-

1040 1649 1126 1676 eaque
1145 1642 1188 1670 his
1204 1641 1340 1677 allegoria:
1357 1649 1390 1670 ac
1411 1648 1575 1677 portentosa:
1591 1643 1825 1677 interpretationes

1038 1689 1244 1722 excogitentur;
1271 1693 1352 1723 atque
1374 1696 1391 1716 a
1409 1689 1554 1724 propositis
1584 1690 1664 1717 rebus
1689 1690 1819 1717 aberrans

1038 1735 1137 1767 oratio,
1152 1733 1179 1761 in
1195 1739 1329 1769 praerupta
1346 1734 1594 1768 contemplationis,
1609 1741 1669 1769 qua:
1685 1734 1752 1762 nihil
1766 1739 1822 1763 sta—

1039 1779 1092 1807 bile
1103 1788 1134 1806 ac
1148 1779 1263 1807 solidum
1276 1779 1387 1813 habeat,
1402 1780 1515 1807 feratur.

1076 1824 1174 1853 CXVI.
1188 1825 1223 1852 At
1235 1832 1301 1853 vero
1315 1825 1460 1853 Homerum
1474 1833 1527 1861 quo
1539 1826 1646 1854 tandem
1661 1826 1721 1854 loco
1729 1827 1824 1862 pones.

1040 1878 1178 1906 magnum,
1197 1872 1307 1906 inquam
1321 1892 1328 1904 ,
1343 1871 1417 1899 illum
1435 1872 1545 1899 deorum
1562 1872 1640 1909 142
1656 1877 1763 1900 tuorum
1780 1881 1825 1900 co—

1040 1917 1202 1944 mmdiarum
1237 1918 1325 1945 dicam
1356 1926 1391 1945 an
1426 1919 1617 1953 tragoediarum
1642 1919 1824 1954 scriptorem?

1042 1963 1195 1998 Utrumque
1207 1964 1280 1991 enim
1298 1964 1325 1991 in
1340 1964 1462 1992 miriﬁcis
1472 1964 1544 1992 illius
1557 1965 1678 1993 versibus
1688 1966 1825 2000 reperies,

1040 2010 1092 2038 alia
1112 2017 1209 2045 nempe
1233 2010 1322 2038 tristia
1344 2015 1371 2038 et
1388 2010 1555 2044 calamitosa,
1579 2010 1633 2038 alia
1654 2011 1710 2038 risu
1733 2010 1823 2046 digna.

1040 2056 1131 2092 Neque
1160 2057 1231 2084 enim
1256 2055 1375 2091 profecto
1398 2057 1464 2084 levis
1491 2057 1554 2084 illud
1580 2065 1651 2085 curae
1674 2062 1715 2084 est
1733 2057 1825 2085 videre

1040 2102 1267 2138 quemadmodum
1288 2104 1430 2136 Oceanus,
1448 2102 1562 2130 lunonis
1584 2103 1737 2131 meretricio
1751 2111 1826 2130 more

1040 2148 1119 2175 culta:
1133 2147 1326 2182 instructaeque
1338 2155 1421 2183 opera
1435 2167 1443 2180 ,
1464 2148 1492 2175 in
1512 2148 1625 2182 gratiam
1641 2155 1701 2175 cum
1714 2148 1825 2176 Thetide

1041 2193 1179 2221 rediturus
1208 2193 1267 2220 sit:
1297 2193 1515 2228 quandoquidem
1542 2201 1632 2221 rerum
1656 2195 1825 2222 universitati

201 2241 248 2267 τοῦ
265 2241 358 2277 ἑτέρου
375 2241 406 2267 τὸ
423 2242 476 2267 πᾶν
494 2241 611 2276 συγχεθῇ
627 2241 699 2276 (27)’
715 2240 770 2267 εἴτε
786 2249 812 2267 τι
840 2240 904 2267 ἄλλο
925 2241 987 2267 τού-

1042 2239 1190 2273 periculum
1207 2239 1364 2266 imminebat
1378 2258 1386 2272 ,
1399 2239 1420 2265 si
1436 2239 1487 2273 ipsi
1500 2239 1697 2274 aliquantisper
1713 2247 1728 2266 a
1745 2240 1826 2268 rebus

201 2295 255 2313 των
280 2287 333 2321 (‘28)
360 2287 477 2318 ἐπινοεῖς
494 2286 676 2322 ἀτοπώτερον.
702 2286 750 2317 Τίς
773 2286 801 2312 δὲ
817 2287 832 2321 ἡ
849 2285 987 2320 θαυμασία

203 2332 275 2367 μίξις
290 2332 337 2358 τοῦ
350 2332 561 2368 νεφεληγερέτου
579 2332 634 2367 (29)
651 2332 697 2358 καὶ
710 2331 760 2367 τῆς
775 2331 876 2366 σεμνῆς
888 2332 987 2366 Ἤρας,

202 2379 282 2413 ἡνίκα
292 2379 458 2414 ἀσχημονεῖν
472 2378 553 2405 αὑτὸν
569 2378 708 2405 ἀναπείθει
724 2377 858 2413 μεσούσης
870 2377 986 2413 ἡμέρας,

251 2493 291 2525 16)
310 2492 459 2527 Παρέξεις.
476 2491 543 2526 Reg.
557 2499 591 2526 q,
607 2491 682 2519 Pass.
700 2491 846 2526 παράξεις.

251 2529 292 2562 17)
313 2529 361 2560 Ὠς
376 2527 414 2554 ἂν
430 2527 514 2554 αὐτοὶ
530 2528 647 2561 φαίητε.
674 2527 734 2553 llaec
755 2527 781 2552 in
805 2533 857 2552 uno
875 2527 940 2561 lleg.
953 2534 987 2560 q,

202 2571 360 2597 Γεινηιιιιις.

236 2599 292 2630 (l8)
312 2599 414 2630 Κότος.
428 2597 491 2626 Alii.
513 2597 625 2628 Κόττος.

251 2633 292 2667 19)
311 2632 469 2667 Γοργόνες.
489 2632 553 2666 Reg.
569 2632 628 2665 hu.,
645 2632 787 2667 l‘opyévat.

237 2666 292 2701 ‘20)
311 2666 477 2701 Ειλυμέγε..
493 2667 558 2701 Reg.
570 2668 612 2693 bin
625 2687 631 2697 ,
647 2672 674 2694 et
684 2666 736 2693 alii
747 2687 754 2698 ,
772 2666 890 2701 ίλυμένε.
914 2666 984 2693 Edit.

200 2702 358 2738 είλυμμένε.
375 2703 506 2729 Caeterum
534 2702 578 2738 hic
605 2709 699 2738 versus
727 2706 756 2738 et
774 2709 920 2738 sequens,
946 2701 986 2732 ὣς

201 2736 317 2763 εἰποῦσα
328 2757 335 2766 ,
349 2742 403 2763 etc.
416 2745 468 2763 non
485 2737 656 2771 rcpctiuutur
672 2736 699 2763 in
716 2736 796 2764 editis
807 2736 905 2770 Orphei
924 2743 985 2764 car-

200 2773 328 2799 minibus.

236 2794 434 2842 (él').dlnxeln.
450 2806 516 2834 Tres
531 2806 596 2840 Reg.
611 2812 637 2834 et
655 2806 730 2834 Colb.
749 2794 782 2838 ιθ,
803 2805 896 2842 μηλίη.

246 2842 291 2876 ‘22)
307 2842 401 2875 οἶμαι.
419 2841 499 2869 Deest
513 2842 537 2868 iu
553 2842 628 2869 Pass.

249 2876 293 2912 23)
313 2877 479 2904 φείδεσθαι.
509 2877 575 2905 Tres
599 2878 664 2913 Reg.
682 2876 730 2905 Or.
758 2877 789 2910 l,
815 2881 842 2904 et
868 2875 983 2905 Montac.

1041 2285 1166 2312 venereis
1181 2285 1346 2312 abstinerent
1362 2293 1370 2311 :
1387 2285 1445 2312 sive
1456 2285 1499 2312 his
1509 2285 1601 2313 verbis
1613 2285 1664 2313 hoc
1680 2285 1825 2320 intelligas,

1042 2335 1166 2358 naturam
1182 2331 1283 2357 siccam
1301 2338 1360 2358 cum
1375 2331 1484 2358 humida
1499 2331 1525 2358 in
1545 2333 1717 2360 concordiam
1736 2333 1825 2360 reduci

1041 2381 1177 2411 oportere,
1194 2383 1228 2404 ne
1241 2369 1415 2414 alterptriusr
1426 2377 1604 2405 redundantia
1629 2378 1746 2406 mundus
1765 2386 1826 2413 ρει-η

1042 2489 1281 2528 φείᾷεισθεζὼὴω,
1299 2491 1422 2528 φείδεσθε
1439 2491 1463 2517 οἱ
1479 2491 1608 2528 Ἕλληνες
1624 2492 1712 2528 ὑμεις.

1077 2524 1139 2560 (‘24)
1153 2525 1216 2560 Ἔτι
1230 2525 1319 2552 τελεῖ.
1336 2529 1401 2560 Reg.
1417 2527 1470 2553 bm.
1487 2524 1634 2554 Billelias
1644 2524 1685 2552 ἔτι
1698 2525 1825 2553 τελεῖται.

1040 2559 1108 2602 ςΐιζθε
1125 2559 1191 2594 Reg.
1208 2559 1286 2587 Pass.
1305 2564 1352 2590 καὶ
1369 2561 1416 2587 νῦν
1431 2561 1560 2588 ἐπιτελεῖ.
1577 2561 1639 2588 Sav.
1656 2561 1717 2588 Ald.
1735 2562 1825 2588 ἐπιτε-

1041 2602 1137 2620 Λειται.

1075 2629 1129 2663 (‘25)
1153 2629 1214 2655 Τῶν
1228 2630 1303 2656 θεῶν
1326 2638 1395 2657 σου.
1410 2630 1523 2658 Billius:
1542 2640 1552 2656 ‹
1569 2631 1735 2658 Divinarum.
1760 2639 1770 2656 ι

1074 2665 1130 2701 (flii)
1156 2664 1386 2701 Τραγῳᾷοιζοιρν.
1410 2666 1467 2693 Duo
1490 2666 1574 2701 Regg.
1598 2665 1824 2701 τραγῳδιοποιόν.

1073 2700 1128 2734 (27)
1139 2699 1286 2733 Συγχεθῇ.
1298 2699 1335 2726 Ita
1350 2700 1432 2735 ἢθη,
1447 2699 1638 2733 οιιιιηεὲξοτζί
1651 2710 1658 2734 ;
1672 2701 1823 2734 Pass.,etc.

1036 2734 1119 2771 Movit.
1137 2743 1210 2771 vero.
1227 2735 1288 2761 Par.
1298 2740 1324 2771 et
1340 2734 1552 2771 Savfauyxuoii.

1072 2769 1127 2803 (9.8)
1150 2770 1275 2797 Τούτων.
1295 2770 1340 2797 Sic
1369 2765 1489 2805 plerique
1511 2765 1628 2798 codices.
1656 2769 1738 2797 Pauci
1763 2778 1824 2797 cum

1036 2805 1115 2831 editis
1127 2805 1257 2831 τοιοῦτον.

1072 2839 1128 2874 (29)
1149 2840 1202 2867 Τοῦ
1228 2840 1473 2876 ιἐφεᾷηγερέτου.
1502 2851 1511 2867 ι
1538 2841 1654 2870 Nubium
1677 2847 1825 2876 congregi-

1038 2876 1115 2909 toris,
1133 2885 1142 2902 ι
1160 2883 1267 2910 nempe,
1284 2885 1294 2901 ‹
1307 2875 1389 2903 lovis.
1408 2886 1417 2902 ι
