2071 3133
261 173 313 202 6ὅό

864 169 893 196 S.
914 167 1078 196 GREGORII
1099 165 1274 194 THEOLOGI

1830 167 1882 196 636

262 232 384 260 turbetur
404 239 411 257 :
432 231 488 258 sive
508 228 578 257 aliud
595 228 720 264 quiddam
738 228 779 256 his
796 228 942 255 absurdius
965 235 1044 254 cxco-

1096 226 1146 253 κᾶν
1160 227 1184 253 οἱ
1202 226 1311 261 ποιηταὶ
1330 225 1397 261 μετὰ
1408 226 1461 252 τῶν
1475 225 1582 261 μέτρων
1604 224 1684 252 αὑτὸν
1702 225 1882 259 κολακεύωσι,

261 277 339 313 gites.
355 276 414 303 Jam
430 296 438 308 ,
452 275 512 309 quis
528 274 703 301 admirandus
718 273 792 301 Jovis
812 273 899 306 illius,
918 281 950 300 ac
963 280 1045 300 vene-

261 322 354 350 randa:
368 321 483 349 JunOnis
495 327 673 355 congressus,
688 327 748 346 cum
764 320 815 347 hoc
833 319 888 354 ipsa
904 319 927 346 ci
939 326 1050 354 persua-

260 368 317 401 det,
332 373 360 394 ut
378 367 464 394 medio
484 367 541 401 ipso
567 366 608 392 die
626 365 750 392 obscenae
770 366 806 392 rci
827 365 904 392 daret
927 372 1047 398 operam,

261 419 400 447 utcunque
425 417 512 447 poetae
531 412 699 439 carminibus
719 411 775 438 suis
794 411 844 445 ipsi
866 411 1047 442 blandiantur,

262 458 344 485 lotum
371 456 506 484 roscidum
537 456 758 489 substernentes,
781 461 807 482 et
832 463 942 482 crocum
968 459 1048 489 atque

263 504 436 538 byaeintbum
458 510 474 530 ο
501 508 572 529 terra
594 502 792 536 producentes?
812 500 888 528 Unde
922 501 997 532 haec,
1022 504 1049 527 et

261 557 322 584 quae
340 549 437 576 borum
453 554 493 576 est
507 548 595 575 ratio?
608 548 666 581 Quo
679 548 760 575 etiam
776 552 854 582 pacto
865 550 953 574 vestra
967 545 1047 578 .luno,

262 594 308 622 illa
327 594 414 628 magni
430 594 504 621 lovis
516 602 593 621 soror
613 597 639 621 et
659 593 768 626 conjux,
783 592 828 618 illa
843 591 965 618 ulnarum
982 598 1048 617 can-

261 641 341 672 dore,
359 641 498 674 roseisque
523 640 614 674 digitis
632 639 755 673 insignis,
775 646 844 664 nunc
859 637 885 664 in
901 636 1002 663 aethere
1021 640 1049 663 et

262 686 378 714 nubibus
398 685 515 720 pendet,
538 685 687 719 ferreisque
713 683 855 710 incudibus
871 682 1048 716 deprimitur,

262 734 406 767 aureisque
423 732 536 758 manicis
551 732 681 763 vincitur,
698 732 765 758 adeo
782 735 811 758 ut
825 738 859 757 ne
876 730 926 757 diis
938 730 1047 764 quidem

262 778 370 805 veniam
385 779 409 805 ei
423 785 437 803 a
450 777 515 804 Jove
528 777 673 812 impetrare
687 776 924 807 contendentibus,
937 775 1047 811 periculi

263 831 360 858 expers
389 823 542 858 bujusmodi
569 823 725 850 humanitas
746 827 842 849 esset:
863 830 933 848 nunc
955 827 1045 848 autem

266 869 422 896 universum
454 877 576 896 atnorum
605 874 707 896 cestum
738 868 864 900 assumit,
891 868 1047 902 lascivoque

1098 272 1182 299 λωτὸν
1210 272 1445 307 ὑποστρωννύντες
1463 272 1606 307 ἑρσήεντα,
1636 271 1683 298 καὶ
1704 273 1801 308 κρόκον
1815 273 1883 299 ἁνα-

1098 317 1210 352 φύοντες
1222 318 1255 344 ὲκ
1270 318 1320 352 τῆς
1334 317 1385 353 γῆς
1403 318 1448 344 καὶ
1465 317 1608 350 ὑὰκινθον;
1626 316 1712 343 Πόθεν
1723 317 1820 348 ταῦτα,
1835 318 1887 345 καὶ·

1096 365 1138 396 τίς
1152 364 1253 390 τούτων
1268 365 1281 390 ὁ
1294 363 1371 397 λόγος
1381 372 1388 396 ;
1399 363 1461 394 Πῶς
1479 364 1506 390 δὲ
1521 364 1537 399 ἡ
1552 363 1620 398 αὐτὴ
1640 363 1700 390 καθ’
1714 363 1786 398 ὑμᾶς
1798 364 1881 399 ’Ὶὶρα,

1097 410 1114 445 ἡ
1131 409 1177 436 τοῦ
1194 409 1250 445 (50)
1267 409 1384 444 μεγάλου
1408 409 1468 441 Διὸς
1491 409 1592 445 ἀδελφὴ
1607 410 1653 436 κα)¹
1673 409 1815 444 ὁμόζυγος,
1835 410 1884 436 νῦν

1100 455 1148 490 μὲν
1169 455 1197 482 ἐν
1210 455 1298 491 αἰθέρι
1314 455 1360 482 καὶ
1374 455 1502 489 νεφέλαις
1514 455 1686 491 κρεμαμένη,
1701 455 1747 482 καὶ
1765 455 1884 491 σιδηροῖς

1097 500 1198 536 ἄκμοσι
1219 501 1417 537 καθελκομένη,
1436 502 1482 528 καὶ
1501 503 1615 537 χρυσαῖς
1635 500 1776 536 τιμωμένη
1793 509 1884 537 χειρο-

1098 548 1202 579 πέδαις,
1218 548 1235 583 ἡ
1249 547 1413 579 λευκώλενός
1427 556 1457 573 τε
1470 548 1516 574 καὶ
1533 547 1735 582 ῥοδοδάκτυλος,
1752 547 1790 578 ὼς
1817 546 1884 582 μηδὲ

1098 594 1154 624 τοῖς
1173 593 1366 628 παραιτεῖσθαι
1394 592 1565 628 βουλομένοις
1580 591 1634 618 τῶν
1649 591 1717 618 θεῶν
1743 591 1884 618 ἀκίνδυνον

1097 637 1166 666 εἶναι
1179 639 1227 674 τὴν
1242 639 1443 674 φιλανθρωπίαν
1454 647 1462 654 ⁵
1475 638 1522 665 νῦν
1537 638 1565 665 δὲ
1576 638 1634 664 ὃλον
1649 638 1693 664 τὸν
1709 637 1762 663 τῶν
1774 635 1885 672 ἐρώτων

1097 685 1193 712 κεστὸν
1205 685 1246 720 ἐφ’
1257 684 1354 720 ἑαυτὴν
1368 684 1549 720 (51)ἒλκουσα
1563 683 1608 710 διὰ
1622 683 1674 710 τῶν
1692 683 1759 718 πρὸς
1773 682 1818 709 τὸν
1833 682 1883 708 Δία

1098 730 1343 766 καλλωπισμάτων,
1355 730 1392 761 ὡς
1406 729 1453 757 καὶ
1477 729 1583 760 πάντας
1604 727 1792 763 ὁμολογεῖσθαι
1808 727 1884 762 αὐτῷ
1897 722 1900 724 λ

1096 777 1159 808 τοὺς
1169 777 1212 803 ἐπὶ
1220 777 1319 808 πάσαις
1327 776 1429 811 ἔρωτας
1441 775 1498 807 ἐνὸς
1509 775 1602 801 τούτου
1614 784 1650 801 πα
1655 773 1755 809 ραπολὺ
1765 773 1882 808 (52)λει-

1098 822 1247 858 πομένους;
1261 822 1309 854 Τίς
1323 822 1351 848 δὲ
1367 824 1380 848 ό
1393 821 1483 856 φόϐος,
1501 820 1538 856 μὴ
1562 820 1615 847 τῶν
1633 820 1702 846 θεῶν
1717 820 1883 854 κινουμένων

1098 868 1168 904 ὑπὲρ
1191 868 1241 903 τῆς
1265 868 1403 902 Λακαίνης
1434 867 1559 903 μοιχάδος
1589 866 1664 901 (55),
1692 866 1739 893 καὶ
1767 865 1883 900 οὐρανοῦ

260 919 356 941 ornatu
371 913 466 941 Jovem
484 914 521 941 ita
533 914 625 946 allicit,
642 919 671 940 ut
685 914 742 948 ipse
758 921 865 948 quoque
875 921 969 941 omnes
983 921 1046 941 suos

1097 915 1269 947 σαλπίζοντος
1279 914 1345 950 (54),
1355 915 1497 950 ἀναρραγῇ
1510 913 1558 948 μὲν
1564 913 1616 947 γῆς
1624 913 1698 947 ἕδρα,
1709 910 1882 948 μεθαρμοσθῇ

260 959 380 985 omnium
398 959 557 986 feminarum
570 967 676 986 amores
688 960 739 986 lioc
751 967 803 986 uno
818 961 909 988 multis
923 961 1045 995 partibus

260 1003 403 1031 inferiores
414 1011 474 1031 esse
484 1004 736 1038 contiteatur?Quis
749 1011 877 1039 praeterea
892 1007 935 1034 bic
947 1013 1045 1040 metus,

261 1056 295 1076 ne
311 1049 363 1076 diis
381 1057 430 1084 pro
449 1049 562 1077 Lacmno
579 1057 669 1078 scorto
684 1051 813 1081 incitatis.
827 1052 950 1088 cteloque
977 1053 1047 1081 into-

261 1100 353 1127 nante,
368 1100 446 1122 terra:
458 1095 566 1130 quidem
583 1096 660 1124 sedes
686 1102 835 1130 rumpatur,
853 1105 927 1124 mare
947 1103 1036 1125 autem

261 1141 420 1173 invertatur,
436 1147 462 1168 et
488 1141 549 1168 Orci
566 1142 639 1176 regia
660 1141 787 1176 pateﬁat,
813 1149 895 1178 atque
914 1151 962 1175 ea,
987 1151 1047 1178 quae

260 1186 389 1213 diuturno
411 1191 532 1221 tempore
544 1187 650 1215 obtecta
669 1187 794 1221 fuerant,
810 1189 836 1215 in
865 1194 987 1223 apertum
1004 1197 1047 1217 ve-

261 1232 356 1259 niant?
374 1232 440 1266 Quis
455 1241 537 1267 porro
558 1233 601 1261 ille
618 1234 756 1268 nigrorum
775 1235 981 1269 superciliorum
1001 1243 1045 1262 nu-

262 1281 322 1310 tus,
350 1281 376 1304 et
404 1278 555 1306 divinorum
590 1278 706 1305 crinium
734 1279 879 1307 commotio
908 1281 1043 1315 olympum

261 1327 346 1350 totum
362 1324 542 1351 concutiens?
555 1323 621 1357 Quis
636 1325 715 1351 etiam
735 1323 806 1352 Mars
820 1325 864 1352 ille
876 1325 1044 1358 vulneratus,

260 1375 308 1397 aut
323 1378 399 1398 :eneo
419 1378 530 1398 carcere
544 1371 707 1398 conclusus?
725 1371 786 1403 ille,
810 1372 918 1405 inquam
930 1391 937 1402 ,
956 1379 1044 1399 aureae

1096 961 1125 987 δὲ
1151 960 1282 992 θάλασσα,
1301 959 1467 995 δημοσιευϐῇ
1497 959 1526 985 δὲ
1543 959 1606 994 ᾇδου
1631 958 1763 994 βασίλεια,
1781 958 1828 984 καὶ
1844 958 1884 989 είς

1095 1007 1250 1041 τούμφανὲς
1267 1005 1331 1043 ἔλθῃ
1355 1006 1388 1033 τὰ
1411 1005 1450 1040 τῷ
1476 1005 1574 1040 μακρῷ
1598 1004 1685 1040 χρόνῳ
1710 1003 1885 1038 κεκαλυμμέ-

1096 1052 1193 1086 να(55)
1205 1060 1211 1084 ;
1225 1052 1273 1083 Τίς
1283 1052 1311 1078 δὲ
1325 1053 1341 1087 ἡ
1355 1052 1408 1078 τῶν
1418 1051 1538 1078 κυανέων
1554 1050 1661 1085 ὀφρύων
1675 1050 1822 1080 ὲπίνευσις,
1837 1050 1884 1075 καὶ

1096 1100 1113 1134 ἡ
1128 1098 1182 1125 τῶν
1198 1098 1356 1134 ἀμϐροσίων
1368 1098 1467 1134 τριχῶν
1487 1097 1656 1133 συγκίνησις,
1668 1096 1728 1123 ὅλον
1743 1095 1884 1130 Ὄλυμπον

1096 1145 1279 1171 κατασείουσα
1308 1144 1363 1179 (56)
1377 1152 1384 1176 ;
1399 1144 1447 1175 Τίς
1462 1143 1490 1170 δὲ
1501 1144 1515 1170 ὁ
1525 1143 1741 1179 τιτρωσκόμενος
1757 1142 1854 1176 Ἀρης.
1866 1140 1882 1175 ἢ
1893 1142 1901 1182 3’

1096 1190 1187 1225 χαλκῷ
1197 1190 1310 1226 κεράμῳ
1321 1190 1565 1224 κατακλειόμενος;
1582 1190 1595 1215 ὁ
1604 1189 1654 1223 τῆς
1667 1188 1769 1224 χρυσῆς
1788 1187 1895 1222 Ἀφρομξ

1096 1236 1170 1271 δίτης
1187 1236 1276 1272 ἀφυὴς
1293 1237 1421 1271 ἐραστὴς.
1434 1236 1481 1263 καὶ
1503 1236 1595 1271 μοιχὸς
1610 1235 1811 1270 ἀπερίσκεπτος
1836 1227 1893 1257 καὶέ

1096 1281 1135 1317 τῷ
1149 1283 1343 1318 Ἀμφιγυήεντι
1361 1282 1416 1317 ('57)
1432 1281 1626 1317 κρατούμενος,
1644 1281 1691 1308 καὶ
1705 1279 1818 1314 θέατρον
1829 1276 1884 1303 τῶν

1097 1326 1165 1353 θεῶν
1181 1328 1223 1362 ἐφ’
1240 1327 1329 1362 ἑαυτῷ
1343 1327 1478 1361 συλλέγων
1492 1325 1700 1361 ἀσχημονοῦντι,
1714 1324 1761 1351 καὶ
1777 1323 1884 1359 μικροῖς

1096 1372 1234 1408 χρήμασιν
1243 1372 1388 1408 ἀφιέμενος
1397 1382 1404 1406 ;

260 1414 373 1442 Veneris
402 1414 525 1450 illepidus
563 1419 678 1446 amator,
702 1414 860 1448 adulterque
898 1415 1007 1442 minime
1028 1421 1254 1451 crrcumspectus,
1288 1422 1368 1451 atque
1388 1425 1402 1444 a
1430 1417 1548 1451 loripede
1563 1414 1682 1444 Vulcano
1698 1420 1838 1451 correptus
1853 1419 1881 1441 et
1913 1438 1915 1441 ,

262 1461 445 1494 constrictus,
465 1462 632 1496 deorumque
649 1461 783 1489 theatrum
800 1462 835 1489 ob
856 1461 1047 1496 turpitudinem
1067 1469 1142 1489 suam
1169 1467 1196 1490 et
1217 1463 1411 1490 obscenitatem
1444 1463 1590 1498 colligens,
1620 1463 1772 1497 exiguoque
1791 1462 1877 1497 pretio

263 1507 410 1536 dimissus?

296 1565 400 1595 CXVII.
420 1565 487 1593 Cum
516 1566 574 1593 haec
598 1566 700 1598 omnia,
717 1570 798 1600 atque
822 1566 865 1593 his
890 1565 978 1601 plura,
1005 1565 1043 1594 ita

1136 1566 1208 1593 PIZ'.
1224 1565 1316 1592 Ταῦτα
1331 1565 1419 1592 πάντα
1433 1566 1480 1592 καὶ
1494 1573 1577 1592 πλειω
1589 1565 1691 1592 τούτων
1706 1566 1777 1593 οὕτω
1794 1566 1883 1600 σοφῶς

263 1612 330 1642 scite
345 1617 371 1640 et
392 1612 466 1639 varie
481 1612 628 1646 composita
643 1616 725 1645 atque
748 1619 858 1646 prorsus
876 1612 1002 1639 inusitata
1018 1620 1047 1640 se

261 1659 389 1690 habeant,
402 1659 462 1693 quis
474 1658 542 1692 apud
555 1665 600 1685 vos
619 1657 697 1693 143
710 1658 745 1685 ita
764 1666 876 1693 magnus
888 1662 915 1685 et
926 1658 1047 1685 sublimis

260 1709 312 1736 est,
329 1711 360 1731 ac
372 1710 434 1730 vere
444 1702 502 1730 Jovi
516 1703 628 1730 consilio
643 1711 702 1738 par,
715 1707 753 1735 ut,
771 1711 851 1738 supra
869 1704 954 1731 nubes
966 1703 1044 1730 elatae

262 1749 510 1783 contemplationis,
526 1748 681 1784 mentisque
702 1755 801 1776 nostra!
822 1755 929 1783 captum
950 1754 976 1776 et
990 1757 1047 1776 mo-

262 1795 353 1823 dulum
373 1794 528 1828 superantis
547 1795 707 1827 rationibus,
724 1802 755 1822 ea
773 1795 884 1821 honesta
905 1799 932 1821 et
949 1795 1046 1822 decora

261 1840 374 1868 reddere
393 1841 477 1875 possit
488 1841 499 1866 ?
511 1840 544 1866 Et
563 1841 682 1874 quidem,
698 1842 721 1868 si
742 1841 799 1868 inec
813 1847 876 1867 vera
902 1845 979 1872 sunt,
994 1848 1046 1868 non

263 1887 427 1913 erubescant
442 1886 489 1919 illi,
505 1886 552 1913 sed
572 1886 661 1921 potius
677 1886 838 1920 glorientur,
858 1890 904 1912 aut
916 1893 946 1912 ea
963 1886 1047 1920 turpi-

265 1932 356 1959 tudine
372 1939 466 1960 carere
481 1932 606 1967 probeut.
628 1931 697 1965 Quid
714 1931 786 1958 enim
812 1938 922 1959 necesse
944 1935 985 1958 est
1000 1938 1046 1959 eos

262 1977 295 2004 ad
311 1977 440 2008 fabulam.
455 1982 582 2011 tanquam
596 1977 629 2004 ad
641 1976 816 2012 turpitudinis
832 1978 1045 2012 integumentum

261 2021 424 2057 perfugere?
443 2021 534 2056 Neque
545 2022 615 2048 enim
633 2022 840 2056 prandentium,
859 2023 906 2048 sed
925 2027 1047 2048 metuen-

263 2067 329 2093 tium
348 2075 378 2094 ac
394 2072 467 2102 terga
478 2067 639 2094 vertentium
651 2071 693 2094 est
708 2067 810 2094 fabula.
824 2067 852 2094 Si
865 2071 955 2094 autem
968 2067 1045 2099 falsa,

262 2112 377 2146 primum
392 2113 476 2139 nudos
488 2112 627 2147 theologos
641 2113 717 2140 nobis
730 2114 884 2145 ostendant,
894 2117 922 2139 ut
935 2113 1047 2140 cumbis

261 2158 470 2193 disputationem
487 2159 618 2186 ineamus.
634 2159 735 2187 Deinde
745 2159 845 2191 dicant,
872 2167 961 2186 annon
977 2159 1045 2186 stul—

260 2207 317 2229 tum
330 2203 374 2237 sit,
388 2204 485 2239 quibus
511 2208 540 2231 ut
559 2204 629 2232 lictis
656 2209 684 2232 et
707 2204 836 2232 fabulosis
864 2204 1044 2236 erubescunt,

261 2249 366 2283 iisdem,
382 2255 412 2277 ut
431 2250 531 2282 ﬁrmis,
547 2257 607 2278 sese
617 2249 739 2285 jactare;
758 2255 785 2277 et
803 2257 861 2283 quae
882 2249 1044 2277 multitudini

259 2296 375 2323 obscura
390 2300 472 2330 atque
488 2296 624 2330 incognita
645 2303 705 2324 esse
723 2297 888 2331 potuissent,
905 2303 956 2322 non
972 2296 1044 2322 enim

260 2341 381 2368 omnium
396 2346 438 2369 est
450 2341 576 2374 eruditio,
596 2342 672 2376 inec,
688 2346 743 2369 tum
756 2349 804 2376 per
822 2341 948 2377 ﬁgmenta
962 2361 970 2374 ,
989 2347 1045 2368 tum

296 2460 352 2496 (50)
374 2461 446 2495 Ἦρα
458 2463 477 2496 ἡ
493 2462 556 2489 τοῦ.
575 2461 620 2489 Sir.
636 2462 719 2490 Mont.
736 2461 797 2489 Bill.
815 2461 892 2490 Pass.
907 2467 933 2489 et
950 2462 1043 2489 caeteri

260 2503 327 2532 mss.
348 2497 422 2523 Deest
435 2498 451 2532 ἡ
466 2498 491 2523 ἰιι
511 2499 570 2524 Par.
590 2499 653 2524 edit.

294 2530 350 2566 (5i)
373 2530 569 2565 Ἐφ’-ἑαυτήν.
585 2533 666 2561 ilerv.
685 2533 728 2567 ἐφ’
741 2532 854 2567 ἑαυτῆς.

306 2567 351 2602 ᾗῇ)
365 2568 538 2602 Πιιραπολνύ.
562 2567 686 2601 Plerique
700 2566 825 2597 codices,
837 2567 913 2602 παρὰ
927 2566 1007 2602 πολύ)

306 2601 350 2636 55)
375 2601 463 2636 ’Υπὲρ
480 2601 535 2638 τῆς
548 2603 699 2636 Λακαίνης
718 2601 902 2638 μοιχάδος-ξι
922 2601 974 2628 Pro
992 2601 1044 2628 La-

259 2643 336 2664 r:euo
350 2643 450 2664 scorto.
470 2647 479 2663 ι
500 2638 538 2664 De
554 2639 659 2673 Argiva:
674 2638 782 2665 Helena:
803 2643 881 2671 raptu
895 2637 939 2664 hic
952 2644 1042 2664 sermo

259 2677 310 2698 est.

295 2706 350 2742 (54)
370 2706 580 2742 ζαλπιζοντος.
600 2717 609 2733 ι
623 2708 705 2740 Quasi
721 2707 782 2734 tuba
798 2707 902 2740 signum
917 2707 1008 2735 dante.
1027 2717 1037 2734 ι

295 2742 350 2778 (ὅξ)
367 2741 593 2777 Κεκαλιιμμένα.
611 2744 675 2778 Reg.
690 2743 710 2773 1,
727 2741 985 2777 συγκεκαλυμμένα.

295 2776 351 2810 (56)
371 2776 589 2805 Κατασεῖουσα.
601 2776 677 2805 Pass.
693 2776 898 2805 κατασείσουσα.

295 2811 957 2864 ξρέιὲμειιρῖξλήξπῖξμὲἰθεελ..ξιίιξτύλῑιηὲεε
976 2814 1039 2847 ιπη»

259 2846 420 2883 ὰμιριγυήει.
431 2846 499 2883 λιιι,
517 2848 660 2882 ἀμφιγύει,
677 2846 805 2883 ἀμφιγύῇ
822 2846 969 2883 ἀμφιγυίῃ.

371 2879 420 2914 Τίς
435 2879 619 2917 abnuo-Reg.
635 2879 851 2917 ὺω,’τίς”οῧτοςξ

1097 1612 1143 1639 καὶ
1151 1612 1326 1647 πολυτρόπως
1337 1612 1514 1646 συγκείμενα,
1528 1613 1574 1638 καὶ
1586 1613 1756 1639 παντάπασιν
1766 1611 1818 1645 ἔξω
1829 1613 1884 1639 τῶν

1096 1658 1306 1693 νενομισμένων,
1323 1658 1364 1690 τίς
1388 1658 1474 1690 οὕτως
1506 1658 1562 1693 (58)
1587 1658 1651 1693 ὑμῖν
1670 1658 1771 1694 ὑψηλός
1786 1667 1817 1685 τε
1835 1659 1883 1686 καὶ

1098 1704 1195 1739 μέγας,
1210 1704 1257 1730 καὶ
1273 1703 1356 1735 ὅντως
1371 1704 1413 1730 Διί
1444 1704 1524 1739 μῆτιν
1547 1703 1705 1736 ἀτάλαντος,
1730 1705 1767 1736 ὠς
1789 1705 1829 1736 είς
1852 1704 1883 1731 τδ

1096 1749 1232 1784 εὐπρεπὲς
1255 1750 1368 1783 ἀγαγεῖν
1387 1749 1441 1785 (59)
1461 1749 1549 1783 λόγοις
1564 1749 1680 1784 θεωρίας
1697 1749 1882 1785 ὑπερνεφοῦς,

1096 1795 1144 1821 καὶ
1161 1795 1230 1830 ὑπὲρ
1245 1794 1279 1821 τὰ
1297 1795 1419 1830 ἡμέτερα
1436 1795 1524 1830 μέτρα
1536 1795 1587 1830 τῆς
1609 1795 1787 1831 καταλήψεως
1802 1794 1858 1829 (40)
1873 1804 1880 1825 ;

1096 1839 1192 1866 Καίτοι
1208 1839 1294 1866 ταῦτα
1306 1840 1329 1866 εί
1343 1840 1391 1875 μὲν
1404 1839 1503 1875 ἀληθῆ,
1521 1841 1584 1875 μήτ’
1594 1840 1824 1875 αίσχυνέσϐωσαν,
1836 1840 1885 1867 καὶ

1097 1885 1389 1921 φιλοτιμείσΘωσαν,ἢ,
1407 1886 1447 1912 ὃτι
1462 1886 1499 1921 μὴ
1513 1886 1625 1922 αἰσχρὰ,
1643 1886 1821 1913 πειθέτωσαν·
1834 1885 1883 1913 καὶ

1096 1929 1122 1956 τί
1139 1929 1179 1956 δεῖ
1209 1929 1391 1964 καταφεύγειν
1410 1930 1508 1961 αὐτοὺς
1525 1930 1571 1956 ἐπὶ
1596 1930 1642 1956 τὸν
1668 1930 1761 1964 μῦθον,
1777 1929 1815 1961 ὡς
1831 1929 1882 1964 τῆς

1096 1975 1225 2012 αἰσχύνης
1237 1976 1292 2010 (Η)
1309 1976 1493 2012 συγκάλυμμα
1503 1985 1509 2008 ς
1521 1977 1550 2003 οὐ
1565 1977 1620 2012 γὰρ
1632 1975 1813 2012 θαρρούντων,
1825 1975 1882 2002 ἀλλ’

1097 2021 1330 2056 ὑποχωρούντωνό
1344 2022 1504 2057 μῦθος(42)·
1518 2023 1541 2049 ει
1553 2022 1581 2048 δὲ
1598 2022 1693 2057 ψευδῆ,
1708 2022 1814 2057 πρῶτον
1833 2021 1882 2056 μὲν

1097 2066 1326 2094 ὲπιδεικνύτωσαν
1341 2069 1406 2103 ἡμῖν
1426 2068 1488 2099 τοὺς
1504 2068 1624 2103 γυμνοὺς
1638 2068 1788 2102 θεολόγους,
1813 2068 1845 2094 ἵν’

1097 2112 1164 2147 πρὸς
1180 2112 1299 2144 ἐκείνους
1312 2114 1377 2148 ἡμῖν
1393 2115 1407 2139 ὀ
1421 2113 1515 2147 λόγος·
1541 2114 1637 2140 ἔπειτα
1654 2113 1807 2147 λεγέτωσαν
1823 2111 1880 2144 πῶς

1096 2158 1147 2184 οὐκ
1162 2158 1271 2193 εῠηθες,
1289 2157 1329 2190 οἷς
1352 2159 1389 2191 ὡς
1407 2159 1530 2194 μυθικοῖς
1547 2159 1716 2194 αίσχύνονται
1734 2159 1804 2194 (45),
1819 2159 1881 2185 τοὺ-

1096 2212 1151 2235 τοις
1165 2204 1202 2236 ὡς
1219 2205 1337 2240 ἰσχυροῖς
1352 2205 1584 2238 καλλωπίζεσθαι·
1601 2207 1648 2232 καὶ
1662 2206 1679 2233 ἃ
1695 2207 1757 2237 τοὺς
1768 2205 1881 2236 πολλοὺς

1060 2239 1083 2268 D
1096 2239 1375 2278 λανθάνεινηδυνατὺν
1393 2249 1437 2287 ἦν,
1457 2253 1487 2278 οὒ
1505 2252 1559 2287 γὰρ
1574 2253 1682 2279 πάντων
1698 2253 1714 2286 ἡ
1731 2251 1880 2290 παίδευσις,

1095 2296 1182 2323 ταῦτα
1209 2297 1381 2333 δημοσιεύειν
1411 2299 1471 2329 ταῖς
1492 2298 1619 2324 ἁπάντων
1643 2297 1736 2333 ὕψεσιν
1761 2298 1789 2324 ὲν
1813 2296 1880 2323 πλά-

1097 2343 1182 2378 σμασί
1200 2343 1255 2379 (44)
1272 2352 1300 2370 τε
1323 2345 1370 2370 καὶ
1388 2345 1520 2379 σχήμασι,
1534 2344 1624 2370 καὶτὸ
1638 2344 1799 2375 δεινότατον,
1822 2343 1881 2379 μεθ’

1133 2465 1188 2500 (59)
1206 2466 1257 2497 Εῖς
1278 2464 1312 2500 τὸ
1329 2464 1476 2499 εὐπρεπὲς
1500 2465 1630 2500 ἀγαγεῖν.
1651 2476 1659 2490 1
1681 2464 1717 2492 Ut
1736 2472 1769 2493 ea
1783 2465 1816 2493 ad
1832 2466 1882 2493 bo-

1099 2501 1172 2535 nesti
1183 2507 1214 2526 ac
1226 2499 1314 2535 decori
1334 2502 1448 2535 speciem
1465 2499 1571 2535 trahere
1585 2502 1678 2535 possit.
1692 2510 1702 2526 ι

1133 2534 1189 2571 (40)
1208 2533 1306 2568 Μέτριι
1316 2534 1370 2568 τῆς
1386 2533 1592 2569 καταλήψεωςζ
1609 2534 1685 2564 Pass.
1703 2535 1880 2571 καταλήψεως

1100 2568 1372 2645 μέίξῗῖᾎὶσχύνης.
1386 2604 1451 2640 Reg.
1462 2604 1509 2636 hu,
1519 2605 1572 2632 duo
1585 2604 1660 2632 Colb.
1677 2610 1703 2632 et
1711 2606 1785 2633 Pass.
1794 2605 1882 2641 ἀσχη-

1247 2674 1352 2710 μῦθος.
1366 2673 1442 2701 Pass.
1453 2675 1526 2701 ἐστιν
1539 2676 1553 2701 ὁ
1569 2674 1662 2710 μῦθος.
1678 2674 1754 2702 Colb.
1768 2674 1794 2707 k,
1808 2675 1823 2701 ὀ
1833 2674 1881 2710 μῦ-

1097 2707 1143 2739 θός
1157 2710 1240 2735 ἐστιν.
1249 2707 1280 2735 'lu
1292 2710 1352 2736 aliis
1365 2711 1510 2744 omittitur,
1520 2707 1604 2743 ἐστίν,
1615 2711 1655 2738 vel
1667 2710 1795 2738 scribitur
1805 2707 1880 2742 ante,

1097 2749 1141 2769 aut
1156 2749 1227 2770 DOSl.
1243 2744 1257 2769 ὁ
1275 2743 1370 2770 μῦθος.

1095 2749 1141 2769 aut
1156 2749 1227 2776 post,
1243 2749 1257 2769 ο
1275 2749 1370 2778 μυυος.

1115 2814 1121 2819 _
1132 2778 1186 2819 (ιε)
1199 2780 1398 2814 Αἰσχύνονται
1413 2779 1452 2806 Ita
1463 2779 1583 2808 melioris
1594 2785 1665 2808 notae
1673 2780 1789 2808 codices.
1808 2779 1879 2807 Edit.

1094 2814 1285 2847 αἰσχύνωνται.

1131 2848 1431 2889 (44)Πλάρ’μασι,ειο.
1443 2848 1538 2889 Cpmb.
1547 2850 1644 2878 vertit:
1659 2861 1667 2877 ι
1679 2859 1726 2887 per
1753 2857 1756 2861 '
1768 2851 1880 2878 uulacra

1096 2888 1122 2911 et
1135 2885 1298 2912 cerimonias
1315 2890 1341 2912 et
1354 2885 1583 2919 gesticulationes.
1600 2895 1610 2912 ι
