2071 3133
219 187 266 217 681

714 184 843 212 ORATIO
863 183 907 211 IV.
928 198 963 204 —-
981 182 1120 210 CONTRA
1139 182 1310 211 JULl-ANUM
1330 181 1349 209 1.

1784 177 1835 204 663

219 247 266 275 καὶ
285 243 463 281 Κρόνῳλεὺς
484 242 714 278 ἐπανιστάμενος,
733 243 803 269 κατὰ
825 243 940 278 μίμησιν
954 241 1002 268 τοῦ

1059 240 1177 267 ductibus
1196 239 1252 272 det,
1277 243 1306 265 ut
1328 239 1416 270 deam,
1433 243 1533 272 spuma
1547 235 1641 267 fetum,
1656 233 1792 265 efﬁciant;
1810 239 1838 261 et

220 289 332 325 πατρὸς,
347 289 361 314 ὁ
384 287 485 321 γλυκὺς
498 285 571 317 λίθος
586 286 634 312 καὶ
655 286 752 320 πικρὸς
775 286 1000 322 τυραννοκτόνος·

187 322 197 390 )
220 322 317 362 efren
337 331 536 360 ἄλλο’τοιοῦτον
550 332 640 363 αὐτοῖς
654 333 692 363 είς
706 331 787 367 τιμὴν
803 331 857 358 τῶν
873 339 1003 366 γεννησα-

246 381 252 390 1
294 389 307 390 η
324 380 346 390 ηε
373 378 454 390 ΩΞΕΊ-.
477 378 586 390 .-1--..-.
623 377 718 390 τρε-ιι».
737 378 826 390 _.'._-‘.‘-
845 377 912 390 Ε--ιλ
939 386 988 390 υ-..

222 381 308 417 μένων
321 380 348 406 αἰ
373 378 457 414 βίϐλοι
476 378 598 413 φέρουσι.
623 377 718 413 Τρίτον
735 378 826 409 αὐτοῖς
844 377 914 404 ἕστω
939 386 1004 414 χρη-

222 427 312 462 μάτων
325 423 470 459 ὑπεροψία,
489 423 536 450 καὶ
556 423 586 449 τὺ
602 423 641 458 μὴ
662 422 828 457 πανταχόθεν
843 423 1002 458 κερδαίνειν,

223 472 288 507 μηδὲ
305 470 352 498 τοῦ
372 470 511 504 δυστυχεῖν
536 467 702 504 ὰρραὃῶνα,
723 468 753 494 τὺ
775 467 866 499 κακῶς
889 468 1004 495 κτᾶσθαι

222 517 377 553 λαμϐάνειν.
399 515 460 547 Πῶς
476 513 522 542 οὖν
542 516 556 541 ό
572 514 697 550 Κερόᾦος
719 513 774 549 (69)
799 514 889 545 αὐτοῖς
907 514 1005 550 σταθή-

223 571 312 594 σεται,
326 563 374 589 καὶ
393 562 423 588 τὸ
444 561 580 589 πκὲλλιον
601 560 657 596 (70)
678 561 906 596 προϐληθήσεται,
924 561 1002 596 καὶὴ

221 609 351 644 κλεπτικὴ
369 606 416 634 τοῦ
439 606 500 633 θεοῦ
526 606 639 641 δύναμις
664 605 854 641 τιμηθήσεται,
881 605 928 632 καὶ
953 606 1002 632 τό·

224 656 306 682 Ἄνευ
325 654 380 690 (71)
396 652 510 689 χαλκοῦ
528 653 634 679 Φοῖϐον
644 651 687 688 μὴ
704 651 914 686 μαντεύεσθαι,
928 651 1006 685 μηδὲ

221 699 298 728 εἷναί
322 708 350 727 τι
369 700 423 726 τοῦ
442 698 550 726 ὀϐολοῦ
573 697 759 733 nguina-por;
776 696 868 723 Ταῦτα
886 697 940 733 γὰρ
958 697 1006 724 αὺ-

222 745 275 774 τῶν
290 745 323 772 τὰ
340 745 427 780 σεμνὰ
443 745 490 771 καὶ
506 743 651 779 σεϐάσμια.

257 864 342 892 PKB’.
356 865 389 891 Τί
411 864 464 897 Eu;
483 865 660 901 Σωφροσύνην
680 864 888 896 διδασκέτωσαν,
908 863 1007 900 ὲγκρὰ-

1053 286 1158 321 Jupiter
1181 286 1310 313 adversus
1334 284 1491 316 Saturnum,
1520 281 1605 316 patris
1633 281 1674 308 sui
1699 279 1836 313 exemplo,

1054 332 1204 366 insurgens,
1229 330 1314 358 dulcis
1345 329 1492 366 (inquam)
1520 328 1564 354 ille
1591 327 1675 361 lapis,
1705 330 1733 353 et
1752 333 1838 353 saevus

1055 377 1220 413 tyrannicida
1238 380 1305 404 :aut
1315 376 1337 403 si
1352 375 1416 410 quid
1432 375 1504 402 aliud
1520 373 1671 408 huiusmodi
1689 373 1722 399 ad
1740 379 1839 406 paren-

1055 427 1109 449 tum
1127 422 1256 449 honorem
1269 420 1451 448 voluminibus
1467 425 1560 446 eorum
1573 416 1752 445 continetur?
1767 415 1834 442 Ter-

1055 468 1120 496 tium
1133 468 1196 502 ipsis
1209 468 1253 500 sit,
1272 466 1402 501 pecunias
1429 465 1568 499 despicere
1589 468 1669 497 atque
1684 461 1837 496 aspernari,

1054 519 1103 538 nec
1119 512 1295 545 undecunque
1307 511 1410 537 lucrum
1425 509 1586 543 captandum
1602 515 1674 539 esse,
1691 514 1739 534 nec
1754 505 1839 533 facul.

1057 558 1154 584 tatibus
1167 557 1267 591 injust:
1277 556 1381 589 ratione
1393 554 1558 590 quaerendis,
1574 552 1734 580 calamitatis
1743 552 1839 578 arrha-

1056 603 1153 630 bouem
1180 603 1314 638 accipere.
1347 601 1488 635 Quomodo
1522 600 1602 634 igitur
1631 598 1742 626 Lucrius
1773 598 1838 632 ipsis

1056 648 1245 678 constituetur,
1270 652 1297 674 et
1321 645 1442 674 sacculus
1457 645 1616 680 proferetur,
1641 649 1668 671 et
1684 643 1761 670 furax
1792 642 1838 669 dei

1055 693 1097 720 vis
1123 698 1204 726 atque
1228 691 1341 719 facultas
1368 690 1568 718 honorabitur:
1585 689 1705 723 illudque
1732 688 1828 718 etiam,

1057 738 1119 766 Sine
1140 746 1191 765 tere
1222 736 1345 764 Pltwbum
1373 736 1479 764 minime
1501 735 1660 768 vaticinari,
1691 742 1737 760 nec
1765 733 1838 760 obolo

1055 785 1195 819 quidquam
1206 792 1260 811 esse
1268 782 1460 817 prwslanlius?
1479 781 1540 808 llaec
1552 781 1622 808 enim
1634 786 1731 815 graves
1745 785 1837 806 corum

1057 835 1088 855 ac
1101 828 1262 855 veneranda:
1277 831 1340 854 sunt
1353 826 1505 853 sementim.

1097 873 1199 901 CXXII.
1235 872 1305 905 Quid
1336 870 1487 907 praetcrea?
1516 869 1676 898 Pudicitiam
1702 869 1838 900 doceant,

221 918 295 938 τειαν
314 910 540 945 είσηγεῑσθωσαν·
558 911 604 936 καλ¹
624 911 638 937 ὁ
659 910 760 937 πείθων
794 910 893 944 ἐγγὺς,
918 909 1007 935 παν-ια

1059 919 1253 946 continentiam
1279 918 1420 945 suadeant.
1444 917 1472 944 In
1493 916 1644 952 propinquo
1662 920 1704 943 est
1717 916 1762 950 qui
1779 922 1839 950 per-

223 955 362 991 γινόμενος
379 955 423 982 διὰ
441 955 489 988 τὰς
505 958 646 990 γυναῖκας,
660 957 673 983 ὁ
689 957 764 988 Ζεὺς,
780 956 826 982 καὶ
847 955 930 991 Φρυξὶ
948 963 1005 990 μει-

223 1002 362 1038 ρακίσκοις
380 1001 437 1037 (72)
459 1002 538 1033 ἀετὸς
561 1001 676 1038 ἐραστὴς
702 1003 716 1028 ὁ
738 1002 862 1037 φίλτατος
890 1001 934 1035 (ἵν’
967 1001 1004 1032 ὡς

222 1046 316 1082 ἣδιστα
336 1047 544 1082 συμποσιάζοιεν
560 1048 584 1074 οἱ
606 1047 676 1080 θεοὶ,
698 1049 753 1079 τοῖς
779 1048 842 1079 Διὸς
870 1046 1004 1082 οἰνοχοού-

225 1099 298 1126 μενοι
320 1091 482 1127 παιδικοῖς)·
498 1091 544 1118 καὶ
563 1093 624 1124 ταῖς
644 1094 810 1128 πεντήκοντα
831 1092 941 1118 Θεστίου
960 1091 1005 1118 θυ-

223 1136 354 1172 γατράσιν
372 1137 523 1164 ὲναθλεύων
542 1136 681 1173 Ἡρακλῆς
695 1139 723 1165 ὲν
740 1139 788 1174 μιᾷ
807 1137 883 1165 νυκτὶ
905 1138 919 1164 ὀ
939 1138 1005 1174 Τρι-

223 1182 346 1218 έσπερος,
367 1183 415 1210 καὶ
438 1184 659 1219 τρισκαιδέκατον
675 1183 755 1211 ἆθλον
776 1185 870 1212 τοῦτον
884 1185 1004 1210 ἐπιτελέ-

224 1236 283 1261 σας,
303 1229 352 1256 οὐκ
368 1227 416 1255 οἷδ’
431 1230 503 1262 ὅπως
521 1231 577 1262 τοῖς
593 1231 681 1262 ἄλλοις
699 1239 730 1265 γε
745 1231 775 1257 οὺ
792 1230 1006 1266 συναριθμούμε-

223 1283 276 1301 νον.
295 1275 481 1302 Ἐπικοπτέτω
496 1276 543 1302 τὸν
561 1276 645 1312 θυμὸν
659 1277 746 1312 Ἄρης
768 1277 834 1312 (75),
851 1276 934 1312 μέθην
949 1276 1006 1302 Διό-

223 1329 314 1353 νυσος,
338 1321 494 1356 μισοξενίαν
514 1322 661 1357 Ἄρτεμις,
683 1322 791 1357 ἀπάτην
804 1323 819 1348 ὸ
839 1322 929 1354 λοξίας
951 1321 1006 1356 (74)

224 1366 313 1392 αὐτῶν
337 1367 534 1402 χρησμολόγος,
552 1367 668 1401 γέλωτος
693 1367 824 1403 ἀμετρίαν
847 1368 862 1394 ὁ
881 1376 1005 1402 καταχω-

223 1411 308 1438 λεύων
324 1411 393 1445 θεὸς,
411 1412 465 1439 τῶν
478 1412 545 1440 θεῶν
557 1412 745 1448 λυπουμένων,
759 1414 806 1440 καὶ
825 1414 934 1449 ἀραιαῖς
948 1415 1006 1445 ταῖς

224 1457 340 1492 κνήμαις
371 1458 624 1493 ὲπιρῤωννύμενος·
653 1458 875 1494 γαστριμαργίαν
900 1459 913 1485 ὁ
940 1459 1007 1490 Ζεὺς

224 1502 270 1528 in).
283 1503 359 1529 δαῖτα
372 1502 489 1538 λιπαρὰν
510 1504 613 1539 τρέχων
633 1505 692 1539 μετ’
705 1504 846 1539 ἀμύμονας
860 1504 1007 1540 Αἰθιοπῆας

225 1549 273 1574 σὺν
293 1550 348 1581 τοῖς
371 1549 472 1581 λοιποῖς
495 1549 636 1585 δαίμοσινο
658 1550 672 1576 ὀ
699 1550 841 1581 Βουθοίνας
868 1551 940 1585 (75),
962 1549 1007 1576 τὸν

1060 965 1185 996 suadeat,
1204 963 1312 998 Jupiter
1326 963 1466 995 nimirum,
1493 963 1527 990 ob
1544 962 1704 989 feminarum
1720 967 1839 987 amorem

1059 1010 1206 1046 quamlibet
1232 1010 1346 1038 formam
1363 1009 1476 1036 subinde
1493 1009 1618 1040 induens,
1638 1012 1664 1035 et
1688 1006 1840 1042 Phrygibus

1060 1055 1266 1084 adolescentulis
1280 1054 1397 1082 amatrix
1413 1053 1502 1088 aquila
1519 1053 1607 1080 factus
1636 1053 1682 1084 (ut
1695 1052 1743 1085 dii,
1768 1051 1841 1079 Jovis

1058 1101 1165 1128 cinaedis
1178 1100 1267 1127 vinum
1280 1099 1466 1132 fundentibus,
1493 1098 1572 1134 146
1585 1106 1665 1133 quam
1681 1098 1842 1125 suavissime

1058 1146 1261 1181 compotarcnt)
1284 1155 1290 1172 :
1316 1153 1348 1172 ac
1373 1145 1553 1180 TrireSperus
1580 1144 1626 1172 ille
1649 1144 1789 1174 Hercules,
1815 1144 1843 1170 in

1059 1192 1253 1228 quinquaginta
1269 1191 1372 1219 Thestii
1390 1191 1496 1218 filiabus
1509 1198 1562 1218 una
1579 1195 1659 1218 nocte
1674 1195 1793 1222 certans,
1809 1197 1841 1217 ac

1059 1238 1190 1266 decimum
1217 1237 1326 1264 tertium
1355 1237 1406 1264 hoc
1432 1241 1567 1264 certamen
1593 1236 1749 1266 conficiens,
1771 1236 1842 1270 quod

1058 1285 1130 1313 haud
1153 1285 1209 1313 scio
1234 1292 1318 1320 quare
1362 1285 1388 1311 in
1413 1283 1591 1312 certaminum
1623 1284 1707 1318 ipsius
1731 1291 1843 1311 numero

1059 1331 1141 1359 fuerit
1156 1331 1378 1366 przetermissum.
1401 1329 1470 1356 Iram
1486 1329 1557 1356 Mars
1583 1329 1731 1362 reprimat.
1757 1334 1843 1356 temu-

1059 1375 1169 1404 Ientiam
1188 1375 1321 1407 Bacchus,
1338 1376 1473 1410 hospitutn
1496 1375 1586 1402 odium
1605 1375 1698 1406 Diana,
1720 1374 1842 1401 fraudem

1059 1422 1183 1456 obliquus
1212 1421 1257 1448 ille
1285 1422 1405 1456 ipsorum
1443 1424 1535 1453 vates,
1564 1420 1635 1447 risus
1666 1419 1843 1454 petulantiam

1059 1467 1126 1495 deus
1140 1467 1195 1499 ille,
1219 1467 1396 1494 mcerentibus
1415 1466 1475 1494 aliis
1490 1467 1552 1499 diis,
1572 1466 1739 1498 claudicans,
1755 1466 1843 1493 raris—

1060 1521 1112 1548 que
1128 1517 1155 1540 et
1171 1512 1293 1540 tenuibus
1308 1512 1385 1540 tibiis
1401 1512 1536 1540 innitens:
1556 1512 1701 1548 ingluviem
1719 1510 1837 1546 Jupiter,

1061 1558 1167 1594 pinguis
1184 1557 1301 1585 convivii
1322 1564 1415 1588 causa,
1438 1556 1517 1584 simul
1538 1564 1599 1584 cum
1616 1556 1727 1591 reliquis
1741 1557 1842 1584 daemo-

225 1595 345 1629 γεωργὸν
381 1595 568 1630 τυραννήσας,
596 1595 642 1622 καὶ
674 1595 720 1622 τὸν
746 1596 846 1631 ἀρότην
871 1596 934 1631 βοῦν
960 1596 1007 1622 λα-

1063 1605 1141 1632 nibus
1157 1604 1190 1632 ad
1210 1603 1363 1638 inculpatos
1387 1602 1529 1638 Ethiopcs
1549 1610 1677 1635 currens;
1694 1602 1843 1630 Buthcenas

184 1639 187 1678 ξ
225 1639 321 1673 φὺξας,
340 1639 388 1666 καὶ
408 1639 456 1675 τὴν
476 1640 571 1676 κλῆσιν
590 1639 678 1667 λαϐὼν
698 1641 730 1666 ὲκ
748 1641 797 1676 τῆς
812 1640 945 1675 πράξεως,
964 1641 1010 1667 καὶ

185 1686 187 1713 5
226 1686 325 1718 πάντες
351 1687 412 1718 ταῖς
445 1686 566 1718 κνίσσαις
595 1687 642 1712 καὶ
670 1688 730 1717 ταῖς
764 1686 867 1718 λοιϐαῖς
899 1686 1010 1722 ἐπιτρέ-

228 1739 330 1765 χοντες.

262 1829 348 1858 PKI".
368 1831 463 1856 Καίτοι
489 1830 547 1862 πῶς
571 1829 657 1856 ταῦτα
680 1829 734 1855 τῶν
757 1829 896 1864 ἡμετέρων
917 1829 1010 1862 ἔγγὺς,

226 1872 267 1907 οἷς
290 1875 352 1911 ὄρος
375 1875 424 1910 μὲν
450 1874 539 1909 φιλίας
564 1874 619 1909 (76)
646 1873 728 1905 αὐτὸς
751 1873 884 1905 ἕκαστος,
911 1874 958 1900 καὶ
981 1873 1011 1900 τὸ

226 1920 260 1947 τὰ
283 1920 354 1947 αὐτὰ
370 1920 511 1955 βούλεσθαι
534 1921 589 1951 τοῖς
614 1918 725 1954 πλησίον
747 1918 765 1945 ἃ
781 1919 828 1945 καὶ
846 1918 936 1953 σφίσιν
961 1919 1010 1945 αὒ-

225 1968 294 1998 τιῖς·
313 1966 439 2002 ἔγκλημα
458 1966 480 1993 δ’
493 1966 523 1993 οὐ
541 1966 620 2001 μόνον
637 1966 667 1992 τδ
683 1964 810 2000 γενέσθαι
834 1965 928 1997 κακον,
944 1965 1012 1992 ἀλλὰ

227 2012 317 2039 καὶτὸ
339 2012 469 2048 μελλῆσαι
486 2012 542 2048 (77)
566 2011 674 2047 μικροῦ,
697 2011 743 2038 καὶ
766 2011 814 2046 τῆς
848 2010 931 2045 ὀργῆς
955 2011 1010 2045 (78)

227 2058 424 2094 κολαζομένης,
462 2059 500 2090 ὼς
531 2058 671 2094 πράξεως·
697 2055 738 2089 οἷς
775 2057 933 2093 σωφροσύνη
964 2057 1012 2092 μὲν

226 2104 297 2131 οὕτω
314 2104 504 2137 σπουδάζεται,
523 2104 594 2130 ὥστε
616 2104 662 2130 καὶ
686 2103 824 2138 ὀφθαλμὸς
850 2103 1012 2130 ἀναστέλλε-

226 2159 287 2177 ται·
309 2151 368 2186 χεὶρ
393 2150 422 2177 δὲ
448 2150 548 2185 φονικὴ
574 2149 700 2176 τοσοῦτον
728 2149 868 2184 πόρρωθεν
892 2149 1013 2184 εἴργεται

227 2193 297 2220 ὥστε
323 2194 370 2221 καὶ
393 2194 477 2230 θυμὸς
512 2194 721 2230 σωφρονίζεται·
752 2193 877 2229 ἐπίορκον
897 2194 925 2220 δὲ
951 2194 1013 2229 ὀμό-

230 2246 274 2265 σαι
291 2238 348 2274 (79)
367 2238 438 2265 οὕτω
458 2238 542 2266 δεινὸν
559 2239 605 2265 καὶ
623 2239 786 2274 ὑπέρογκον,
801 2237 870 2264 ὥστε
897 2239 945 2266 καὶ
968 2239 1014 2265 τὸν

1061 1650 1153 1682 etiam,
1172 1650 1216 1684 qui
1232 1650 1357 1686 agricolae
1373 1650 1426 1676 vim
1440 1649 1541 1682 attulit,
1554 1654 1581 1676 et
1596 1650 1690 1676 bovem
1705 1653 1841 1676 aratorem

1061 1695 1176 1728 voravit,
1199 1700 1279 1730 atque
1300 1703 1333 1722 ex
1350 1703 1381 1722 eo
1400 1695 1519 1722 facinore
1537 1703 1633 1722 nomen
1651 1695 1773 1729 accepit;
1807 1695 1843 1721 dii

1061 1740 1177 1775 denique
1189 1747 1307 1773 omnes,
1323 1740 1355 1766 ad
1379 1739 1501 1766 carnium
1525 1739 1632 1766 nidores
1656 1743 1684 1766 et
1714 1738 1842 1766 libamina

1061 1792 1165 1812 summa
1182 1783 1354 1811 festinatione
1371 1788 1559 1818 properantes.

1095 1829 1212 1857 CXXIII.
1232 1829 1273 1856 An
1295 1837 1359 1856 vero
1372 1829 1428 1856 haec
1452 1829 1485 1856 ad
1511 1834 1630 1857 nostram
1647 1829 1803 1865 religionem
1817 1834 1845 1856 et

1063 1876 1216 1903 doctrinam
1234 1876 1378 1908 accedunt,
1394 1875 1464 1910 apud
1480 1875 1551 1909 quod
1566 1875 1608 1902 lex
1623 1879 1650 1902 et
1670 1882 1764 1902 norma
1777 1875 1845 1902 ami-

1062 1921 1133 1948 citia:
1153 1921 1272 1956 quisque
1289 1921 1346 1955 ipse
1357 1925 1410 1952 est,
1424 1924 1505 1953 atque
1521 1921 1614 1948 eadem
1629 1921 1759 1955 proximis
1778 1921 1845 1948 velle

1062 1974 1121 2001 quae
1134 1971 1159 1993 cl
1175 1966 1226 1993 sibi
1244 1965 1310 2001 ipsis
1325 1975 1333 1993 :
1347 1966 1450 1992 crimen
1465 1969 1566 1998 autem,
1584 1974 1636 1993 non
1652 1966 1731 1994 modo
1745 1966 1846 1993 malum

1063 2011 1212 2045 exstitisse,
1229 2012 1276 2039 sed
1292 2012 1372 2039 etiam
1388 2018 1402 2038 a
1419 2011 1489 2039 malo
1506 2019 1599 2046 parum
1618 2012 1746 2045 abfuisse,
1764 2011 1845 2039 nimi-

1063 2067 1121 2086 rum
1145 2059 1292 2093 cupiditate
1312 2065 1418 2092 quoque
1434 2058 1490 2091 ipsa
1507 2065 1585 2092 pene,
1601 2062 1629 2084 ut
1642 2059 1759 2090 actione,
1787 2064 1846 2092 pm-

1064 2113 1125 2132 nam
1143 2104 1249 2138 luente;
1278 2104 1348 2139 apud
1372 2111 1440 2138 quos
1455 2108 1557 2132 tantum
1573 2105 1708 2139 pudicitiae
1729 2103 1844 2132 studium

1063 2156 1116 2184 est,
1132 2156 1161 2178 ut
1174 2151 1268 2178 oculus
1286 2157 1392 2185 quoque
1413 2149 1535 2177 frcnetur
1550 2157 1582 2177 ac
1612 2151 1792 2184 reprimatur;
1818 2155 1845 2177 et

1065 2205 1162 2225 manus
1181 2198 1354 2233 sanguinaria
1368 2199 1395 2223 et
1418 2196 1555 2224 mortifera
1571 2196 1607 2223 ita
1627 2196 1705 2231 longe
1725 2200 1844 2226 arcetur.

1065 2247 1094 2270 ut
1110 2243 1150 2270 ira
1164 2245 1245 2271 etiam
1257 2244 1314 2278 ipsa
1326 2248 1501 2270 coercentur:
1514 2243 1661 2277 periurium
1677 2247 1766 2270 autem
1779 2242 1846 2269 adeo

264 2328 479 2370 (09).Κρρδῷος.
505 2338 516 2370 ι
534 2329 657 2370 Lucrius.
678 2340 686 2355 ι
707 2329 832 2370 Mercurii
852 2331 1012 2370 cpithetum,
1031 2335 1052 2362 ι)
1067 2336 1093 2359 et
1106 2332 1229 2366 ambigua
1247 2332 1573 2370 oracularedderet,_qua:
1587 2332 1716 2366 plurimos
1728 2341 1754 2361 In
1770 2341 1847 2361 erro-

231 2365 264 2392 ad
275 2364 495 2392 subindicandam
511 2365 629 2398 ipsiusin
644 2369 746 2397 qumstn
763 2364 883 2392 faciendo
897 2366 1015 2392 dexteri—
1067 2375 1122 2394 rem
1139 2374 1165 2394 et
1180 2364 1313 2394 maximas
1323 2364 1669 2395 calamitatesinduxerunt.

230 2404 328 2430 tatem;
351 2400 525 2433 quamobrem
548 2407 563 2425 a
587 2399 683 2432 priscis
698 2399 854 2433 pingebatur
874 2402 1011 2427 accinctus

228 2441 304 2468 pera,
321 2441 399 2468 quam
413 2441 428 2459 a
441 2441 528 2465 sacco,
544 2435 679 2460 sacculum
700 2435 878 2468 appellabant.
894 2435 1012 2462 llabctur

228 2469 308 2504 etiam
326 2473 354 2496 ut
367 2468 433 2495 lucri
451 2476 482 2495 ac
493 2468 622 2504 furtorum
640 2476 747 2504 prngscs.

265 2502 321 2538 (70)
350 2504 530 2538 νΣακέλλιον.
566 2502 655 2530 Mallet
683 2503 879 2535 Montucutius.
911 2504 1010 2532 σακύλ-

229 2537 357 2599 λιαῖἦεεά
372 2538 495 2572 displicet
506 2537 678 2570 Combelisio,
692 2539 753 2573 quia
777 2541 958 2573 grammaticis
970 2541 1011 2567 in-

230 2581 274 2599 aut
286 2581 292 2599 ι
307 2581 361 2599 um.

230 2578 361 2600 auditum.

265 2608 321 2642 (71)
350 2608 450 2640 Ἄνευ,
478 2612 530 2634 etc.
555 2607 600 2634 Sic
628 2609 705 2635 codd.
728 2614 755 2635 ρι
781 2609 856 2636 editi.
873 2608 1012 2636 lIerv.ve—

230 2650 262 2670 ro
285 2643 310 2669 in
335 2647 419 2674 textu,
446 2648 474 2670 et
497 2643 612 2670 Montac.
639 2643 663 2669 in
688 2651 746 2675 ora,
769 2643 875 2670 ἄνευθε.
895 2643 961 2671 Erat
985 2645 1012 2672 id

230 2677 363 2711 Apollinis
374 2678 523 2705 oraculum.

267 2712 322 2747 (Ἱῖ)
338 2712 430 2746 Φρυξὶ
446 2712 660 2747 μειρακίσκοις.
679 2712 716 2739 Ita
739 2720 806 2746 pene
830 2721 924 2740 omnes
946 2721 1013 2741 mas.

233 2745 389 2783 Editivero,
403 2745 486 2783 Φρυξὶ
498 2747 661 2782 μειρακίοις.
679 2745 780 2775 Alludit
802 2748 846 2775 hic
868 2748 1015 2783 Gregorius

233 2781 266 2808 ad
274 2781 433 2809 Ganimedis'
444 2781 559 2817 ruptultt.

267 2816 322 2853 (75)
340 2817 439 2853 Θυμὼζ
459 2818 559 2853 Ἄρης.
573 2817 696 2852 Quinque
710 2817 776 2853 Reg.
793 2818 838 2844 Ur.
854 2817 878 2850 I,
895 2824 922 2846 et
936 2818 1015 2846 Com-

235 2849 393 2888 befll‘cguni.
407 2860 413 2877 :
425 2849 508 2887 θυμὸν
524 2849 572 2888 μὲν
586 2849 681 2888 Ἄρης.

267 2885 465 2921 (ἹδγΛοξίιιςξ
473 2888 517 2916 Sic
526 2885 628 2922 "Apollo
637 2885 793 2922 appellatus,
807 2888 877 2924 quod
899 2888 1011 2918 obscura

1098 2403 1154 2437 (75)
1169 2403 1339 2436 Βουθοίνας.
1353 2403 1390 2430 lta
1405 2408 1608 2436 cognominatus
1626 2401 1766 2430 llercules.
1781 2403 1846 2430 Vide

1062 2438 1112 2464 col.
1134 2438 1196 2468 603,
1212 2443 1268 2465 not.
1283 2438 1327 2464 86.

1098 2472 1152 2507 (76)
1167 2473 1278 2506 Φιλίας.
1293 2472 1470 2500 Montacutius
1481 2471 1589 2507 coniicit
1606 2471 1747 2506 legendum
1769 2472 1843 2506 φιλο-

1064 2506 1168 2540 σοφίας.
1184 2508 1236 2534 Sed
1258 2508 1344 2534 nullos
1357 2507 1448 2534 favere
1461 2506 1567 2533 codices
1594 2507 1692 2533 asserit
1710 2508 1845 2533 variarum

1062 2542 1206 2569 lectionum
1216 2543 1356 2574 collector;
1367 2549 1459 2568 verum
1471 2542 1649 2568 hallucinatur
1660 2549 1667 2573 ;
1677 2541 1758 2568 Coisl.
1773 2550 1847 2568 nam—

1062 2585 1114 2612 que
1128 2578 1146 2603 ‘2
1159 2578 1246 2608 habet,
1261 2577 1426 2610 φιλοσοφίας.

1099 2612 1154 2645 (77)
1170 2611 1337 2644 Μελλῆσιιι.
1356 2613 1420 2646 Heg.
1437 2619 1462 2646 γ,
1477 2610 1600 2646 μελῆσαι.

1100 2647 1156 2681 (78)
1172 2647 1225 2673 Καὶ
1240 2646 1295 2680 τῆς
1311 2645 1415 2681 Δρμῆῤ,
1435 2645 1488 2673 etc.
1512 2654 1521 2670 ι
1539 2647 1598 2679 Ipso
1624 2645 1704 2672 annui
1721 2649 1792 2672 motu
1816 2653 1846 2672 ac

1065 2682 1210 2715 cupiditate
1225 2689 1302 2715 pene,
1323 2691 1332 2707 )
1347 2687 1399 2708 etc.

1101 2714 1156 2750 (79)
1185 2717 1338 2749 'Em’opxor
1358 2715 1392 2742 δὲ
1421 2716 1535 2749 ὀμόσαι.
1563 2714 1600 2741 Ita
1629 2714 1695 2748 Reg.
1721 2720 1845 2749 quatuor,

1066 2749 1257 2788 eliduoWColb.
1290 2751 1360 2788 E-dit.
1391 2751 1515 2788 ἐπίορκον
1543 2749 1714 2788 δὲμχωρῆσαι

1069 2794 1123 2812 σαι.
1143 2786 1192 2813 Alii
1218 2793 1280 2812 vero
1291 2785 1381 2820 plures
1402 2784 1549 2820 ὲπίὸρκον
1566 2784 1593 2810 δὲ
1604 2784 1733 2820 χωρῆσαι
1747 2784 1764 2819 ἢ
1785 2785 1850 2820 ὀμό-

1070 2829 1124 2851 σαι.
1139 2829 1198 2855 qua:
1222 2819 1297 2849 lectio
1316 2829 1368 2848 non
1383 2821 1542 2855 spernenda,
1564 2819 1611 2847 sed
1634 2824 1722 2846 tanien
1749 2819 1848 2847 nosti-ae

1066 2855 1255 2890 posthabenda.
