2071 3133
245 160 298 188 663

860 163 888 191 S.
909 163 1074 191 GREGORII
1096 163 1268 191 THEOLOGI

1815 172 1867 200 σοι

244 224 322 246 atros
340 223 367 245 et
376 218 510 245 nefarium
524 225 663 251 censetur,
679 225 706 246 ut
720 221 908 255 jusjurandum
921 230 1027 256 quoque

1079 223 1160 257 ὁρκον
1181 223 1271 258 μόνοις
1293 225 1360 258 ἡμῖν
1383 225 1527 259 τυγχάνειν
1548 226 1709 262 ἁπώμοτον;
1732 231 1867 266 Χρήματα

246 265 333 298 ipsum
351 265 429 292 nobis
443 265 508 292 solis
526 265 699 293 interdictum
713 267 768 294 sit?
788 266 847 294 Jam
868 275 933 295 vero
947 275 1030 303 pecu-

243 311 306 344 niae,
323 310 414 338 multis
430 319 463 338 ne
476 319 594 346 unquam
608 312 715 348 quidem
732 312 791 340 ulla
814 313 939 341 fuerunt:
952 315 1028 342 multi

244 363 354 384 rursum
374 356 426 384 hoc
441 364 494 384 uno
512 357 621 386 nomine
636 358 718 385 multa
732 359 847 387 libenter
861 360 1027 394 habuerunt,

243 407 272 429 ut
290 402 373 429 multa
396 408 613 436 contemnerent,
639 409 788 432 extremam
806 405 924 441 inopiam
943 407 1028 434 instar

240 447 361 475 omnium
384 455 464 483 opum
492 449 622 477 colentes.
651 448 752 478 Ventre
781 459 873 485 porro,
897 455 1030 486 tanquam

240 494 339 521 acerbo
355 495 472 529 quodam
495 499 523 522 et
546 495 701 523 detestabili
731 497 858 530 domino,
881 498 1027 525 malorum-

239 546 291 574 que
305 541 426 568 omnium
448 546 560 575 parente
570 561 577 574 ,
603 542 637 569 ad
652 549 774 570 crassum
789 543 885 578 vulgus
902 544 1026 579 abjecto;

238 592 290 612 non
304 593 370 613 sane
386 593 512 621 magnum
534 588 616 615 fuerit
630 588 682 616 hoc
703 589 736 616 de
750 588 816 624 ipsis
832 590 934 621 dicere,
953 591 1027 625 quod

241 635 301 655 eam
319 629 369 656 sibi
390 630 444 657 vim
465 631 628 665 adhibeant,
655 637 685 659 ut
715 639 784 668 pene
805 634 895 661 carnis
920 642 1028 670 quoque

241 675 328 702 omnis
347 681 472 710 expertes
489 684 550 704 esse
572 679 728 711 videantur,
754 679 881 706 nimirum
902 680 927 707 id
953 681 1024 714 quod

237 721 351 748 mortale
367 727 419 755 est,
437 729 485 756 per
502 723 529 750 id
552 724 623 759 quod
640 724 804 757 immortale,
828 724 1002 752 absumentes
1017 735 1023 752 :

237 774 268 794 ac
283 767 391 796 virtutis
407 769 473 804 ipsis
489 769 547 797 haec
560 777 612 796 una
628 770 670 798 lex
687 776 739 803 est,
758 778 793 798 ne
806 771 951 799 levissimis
963 773 1023 805 qui-

237 813 298 841 dem
313 815 402 847 vitiis,
427 819 509 850 atque
528 816 562 843 ab
584 817 711 844 omnibus
733 817 872 852 neglectis,
898 825 1024 845 succum-

1077 267 1105 293 δὲ
1119 269 1176 299 τοῖς
1198 267 1248 303 μὲν
1263 269 1369 301 πολλοῖς
1391 270 1446 296 οὐδ’
1469 271 1579 304 ἐγένετο
1602 272 1675 308 (80)·
1701 275 1809 305 πολλοῖς
1836 277 1866 303 δὲ

1076 312 1120 339 διὰ
1143 313 1215 340 τοῦτ’
1227 313 1260 340 ἂν
1276 312 1311 350 ἦν
1327 315 1411 350 ἡδέως
1425 316 1509 342 πλείω
1533 318 1580 344 καὶ
1603 319 1693 353 μόνον,
1712 320 1754 347 ἵνα
1777 322 1866 349 πλειὼ

1077 367 1130 385 νων
1147 359 1308 395 ὑπερίδωσι,
1321 361 1352 388 τὸ
1372 362 1453 397 μηδὲν
1467 362 1540 398 ἔχειν
1556 364 1618 390 ἀντὶ
1634 365 1733 398 παντος
1751 367 1866 394 πλούτου

1083 405 1307 441 φιλοσοφοῦντες·
1331 408 1452 444 γαστέρα
1477 409 1505 436 δὲ
1530 411 1587 442 τοῖς
1611 411 1719 444 πολλοῖς
1747 413 1865 450 ἀπορῤί-

1074 451 1175 485 ψαντες
1193 453 1232 484 ὡς
1249 453 1351 489 πικρὰν
1372 453 1515 482 δέσποιναν
1540 456 1587 482 καὶ
1613 456 1792 491 ἀπόπτυστον,
1819 459 1866 486 καὶ

1074 498 1183 525 πάντων
1203 499 1296 526 κακῶν
1322 500 1443 536 μητέρα·
1469 501 1499 527 οὐ
1518 501 1589 536 μέγα
1609 502 1709 538 φῆσαι,
1732 504 1774 530 ὅτι
1798 504 1866 539 μηδὲ

1075 544 1177 580 σάρκες
1195 543 1265 572 εἶναι
1282 545 1433 580 βιάζονται,
1451 547 1490 582 τῷ
1505 547 1629 583 ἀθανάτῳ
1643 548 1699 582 (81)
1716 549 1745 575 τὸ
1767 549 1865 584 θνητὸν

1075 590 1279 623 ἀναλίσκοντεςο
1295 592 1342 618 καὶ
1356 591 1438 628 νόμος
1453 590 1494 625 εἷς
1512 593 1603 625 αὐτοῖς
1617 594 1726 630 ἀρετῆς,
1746 594 1775 621 τὸ
1796 595 1865 630 μηδὲ

1079 635 1133 663 τῶν
1150 637 1256 673 μικρῶν
1276 638 1418 674 ἡττᾶσθαι,
1437 639 1483 666 καὶ
1505 640 1573 666 πᾶσι
1597 641 1810 676 παρορωμένων.
1827 640 1867 667 Τὸ

1079 682 1133 718 γὰρ
1159 683 1312 716 κάλλιστον,
1333 685 1385 718 ὃτι,
1406 685 1461 712 τῶν
1479 685 1566 713 ἄλλων
1590 686 1625 713 τὰ
1651 686 1714 722 τέλη
1731 695 1865 722 τιμωρου-

1079 728 1167 764 μένων
1189 730 1260 756 κατὰ
1275 731 1338 763 τοὺς
1354 731 1462 767 νόμους,
1486 732 1565 767 ἡμεῖς
1584 731 1631 758 καὶ
1648 731 1696 763 τὰς
1710 732 1795 767 ἀρχὰς
1818 740 1864 758 κο-

1077 773 1204 810 λάζομεν,
1224 775 1318 812 ὥσπερ
1331 785 1357 803 τι
1371 777 1462 812 ῥεῦμα
1483 777 1599 813 πονηρὸν
1615 777 1662 804 καὶ
1679 778 1864 804 δυσκάθεκτον

1077 820 1219 856 πόρῤωθεν
1235 822 1452 854 ἀναστέλλοντες.

237 861 312 888 bere.
333 860 406 888 Nihil
420 863 501 890 etiam
520 865 676 899 praeclarius
693 874 725 892 ac
740 866 924 901 praestantius,
941 874 1021 902 quam
1040 868 1122 902 quod,
1138 869 1198 897 aliis
1211 870 1344 897 scelerum
1358 871 1427 898 lines
1459 871 1535 906 juxta
1569 870 1640 904 leges
1653 871 1863 902 vindicantibus.

238 916 286 935 nos
301 909 431 943 principia
449 918 557 945 quoque
574 912 630 946 ipsa
649 912 802 946 plectimus,
819 919 850 940 ac
867 913 940 940 velut
959 913 1059 940 malum
1078 914 1224 950 quoddam,
1241 916 1367 951 quodque
1384 917 1430 944 vix
1443 916 1503 944 sisti
1517 923 1548 943 ac
1565 916 1675 950 reprimi
1694 921 1785 951 queat,
1800 924 1863 951 pro~

236 954 346 983 ﬂuvium
366 956 449 982 multo
468 961 529 983 ante
548 958 716 985 cohibemus.

274 997 352 1034 147
372 998 488 1026 CXXIV.
511 1000 627 1028 Ubinam
651 1006 753 1035 autem,
777 1010 880 1037 quaeso.
906 1008 933 1030 et
954 1003 1024 1038 apud

1113 1003 1198 1030 PKA'.
1219 1002 1274 1029 Ποῦ
1297 1003 1325 1029 δὲ
1351 1012 1398 1030 και
1425 1004 1502 1040 παρὰ
1524 1005 1595 1032 τίσιν
1619 1005 1781 1042 ἀνθρώπων,
1803 1008 1866 1034 είπέ

236 1050 305 1077 quos
322 1044 460 1077 homines,
485 1045 620 1073 sancitum
642 1050 694 1079 est.
711 1047 798 1081 utqui
815 1046 1024 1078 maledicuntur,

235 1089 400 1117 benedicant
426 1091 460 1122 ⁸⁸,
486 1092 534 1126 qui
559 1092 793 1128 blasphemantur,
822 1093 966 1121 obsecrent
989 1093 1023 1125 ",

235 1135 308 1168 quod
333 1135 439 1164 scilicet
467 1145 520 1165 non
543 1143 598 1165 tam
626 1138 761 1173 objectum
790 1139 914 1170 crimen,
943 1145 1025 1173 quam

236 1182 337 1209 veritas
350 1182 408 1217 ipsa
428 1191 477 1211 nos
491 1184 590 1217 laedat,
611 1186 657 1221 qui
681 1185 899 1220 persecutionem
919 1186 1026 1220 patiun-

237 1238 290 1263 tur,
305 1229 411 1262 cedant,
431 1231 477 1265 qui
490 1231 611 1259 vestibus
624 1231 787 1267 spoliantur,
803 1231 921 1267 amplius
938 1231 1025 1259 adhuc

235 1286 264 1306 se
274 1281 385 1309 exuant,
401 1277 447 1312 qui
461 1277 613 1305 maledictis
625 1281 653 1304 et
666 1277 852 1305 exsecratione
862 1275 1022 1308 afﬁciuntur,

235 1331 286 1359 pro
312 1323 536 1351 maledicentibus
567 1327 670 1351 orent:
688 1327 780 1358 atque,
805 1327 836 1349 ut
862 1329 916 1349 uno
940 1321 1024 1349 verbo

235 1370 344 1400 dicam,
373 1369 514 1396 audaciam
538 1374 566 1396 et
590 1369 825 1404 importunitatem
860 1367 1025 1403 benignitate

237 1413 356 1447 vincant,
376 1421 489 1448 eosque,
510 1421 525 1440 a
550 1413 648 1448 quibus
664 1413 791 1448 iniuriam
815 1412 962 1448 accipiunt,
976 1419 1024 1446 pa-

237 1459 331 1487 tientia
345 1467 394 1487 sua
411 1460 540 1488 meliores
555 1460 694 1488 efﬁciant?
714 1461 804 1495 Atque
817 1464 847 1487 ut
858 1460 909 1487 hoc
920 1459 1023 1491 demus,

237 1513 284 1533 eos
298 1505 397 1534 fucatis
420 1506 477 1534 suis
501 1507 645 1542 praeceptis
667 1507 764 1534 vitium
780 1507 943 1541 reprimere,
971 1513 1024 1541 quo

239 1551 346 1579 tandem
363 1552 443 1580 modo
466 1553 499 1580 ad
524 1553 634 1581 virtutis
656 1557 684 1581 et
703 1553 832 1581 doctrinae
848 1557 946 1587 nostra;
965 1559 1026 1588 gra-

237 1596 299 1623 dum
316 1597 500 1631 pervenerint,
516 1598 573 1633 qui,
589 1605 643 1625 non
655 1598 682 1625 in
696 1598 797 1626 virtute
809 1598 953 1633 proﬁcere,
972 1605 1023 1626 nec

235 1650 270 1669 ex
289 1642 426 1671 veteribus
440 1643 556 1672 subinde
569 1651 653 1672 novos
666 1643 734 1671 etlici
749 1664 757 1677 ,
779 1644 826 1671 sed
839 1644 935 1671 eodem
952 1637 1024 1671 statu

236 1689 349 1721 harere,
378 1688 406 1716 in
428 1689 494 1717 vitio
520 1689 665 1724 ponimus?
695 1689 734 1717 lta
764 1689 837 1717 enim
853 1690 932 1716 nobis
955 1689 1024 1717 idem

236 1735 307 1770 quod
319 1735 432 1768 trochis,
450 1736 597 1769 accideret,
613 1743 682 1771 quos
704 1736 732 1763 in
754 1736 848 1763 orbem
866 1735 952 1767 volvi,
970 1743 1023 1762 non

235 1784 326 1808 autem
352 1781 489 1816 progredi,
515 1781 650 1813 videmus,
679 1785 762 1815 atque
785 1780 905 1813 immote,
933 1785 962 1807 ut
986 1781 1025 1808 sic

235 1825 342 1861 loquar,
360 1827 472 1854 scuticze
497 1827 523 1854 vi
543 1826 673 1862 impulsos
699 1827 794 1854 rotari.
826 1826 959 1859 Quocirca
977 1834 1025 1853 nos

235 1871 274 1898 ita
291 1872 467 1899 constitutam
488 1871 591 1900 habere
613 1873 674 1899 vitae
699 1872 833 1900 rationem
851 1877 969 1906 op0rtet,
997 1877 1026 1899 ut

235 1916 360 1949 virtutes,
389 1917 489 1952 partim
518 1917 573 1953 jam
597 1925 790 1953 exsequamur,
815 1919 914 1953 partim
931 1919 957 1946 in
980 1926 1026 1946 eas

1078 1058 1134 1085 μοι,
1151 1049 1183 1075 τὸ
1201 1048 1422 1085 λοιδορουμένους
1443 1051 1588 1087 εὐφημεῖν,
1601 1051 1865 1087 βλασφημουμένους

1076 1096 1258 1132 παρακαλεῖν,
1272 1095 1309 1127 ὡς
1322 1096 1353 1122 οὐ
1369 1097 1417 1131 τῆς
1434 1097 1604 1133 κακηγορίας
1617 1098 1673 1134 (82)
1692 1099 1865 1134 βλαπτοὺοης

1078 1140 1179 1175 μᾶλλον
1204 1140 1221 1175 ἢ
1243 1140 1293 1175 τῆς
1322 1140 1470 1175 ἀληθείας,
1498 1141 1678 1176 διωκομένους
1702 1141 1865 1177 ὑποχωρεῖν,

1075 1186 1262 1221 γυμνομένους
1288 1186 1544 1221 προσαπεκδύεσθαι
1564 1187 1631 1222 (85),
1653 1187 1867 1224 καταρωμένους

1076 1231 1274 1268 ὑπερεύχεσθαι
1299 1231 1354 1258 τῶν
1385 1232 1547 1268 ἁρωμένων·
1577 1232 1617 1258 ἑνὶ
1646 1232 1727 1268 λόγῳ,
1750 1233 1866 1268 χρηστό-

1074 1287 1136 1314 τητι
1161 1279 1238 1313 νικᾷν
1263 1277 1435 1313 Θρασύτητα,
1459 1278 1506 1304 καὶ
1533 1277 1654 1313 βελτίους
1687 1280 1772 1306 ποιεῖν
1801 1280 1866 1312 τοὺς

1075 1323 1244 1356 ἀδικοῦντας,
1256 1320 1296 1355 οἷς
1308 1324 1493 1360 καρτεροῦμεν
1513 1323 1678 1359 πάσχοντες
1694 1325 1790 1352 Καίτοι
1813 1325 1865 1352 κᾶν

1075 1371 1100 1397 εἰ
1125 1371 1224 1397 κακίαν
1248 1370 1360 1405 δοίημεν
1386 1371 1484 1401 αὐτοὺς
1507 1370 1563 1405 (84)
1588 1370 1712 1403 κολάζειν
1736 1372 1796 1402 ταῖς
1818 1371 1865 1397 τοῦ

1076 1416 1233 1452 πλάσματος
1260 1415 1454 1452 παραινέσεσι,
1484 1415 1535 1442 ποῦ
1563 1416 1594 1442 τὸ
1611 1416 1713 1451 φθάσαι
1740 1417 1809 1453 πρὸς
1830 1417 1865 1443 τὰ

1077 1463 1164 1498 μέτρα
1184 1462 1235 1498 τῆς
1252 1462 1388 1498 ἡμετέρας
1413 1462 1514 1497 ἀρετῆς
1545 1463 1592 1488 καὶ
1622 1462 1800 1495 παιδεύσεως,
1824 1460 1865 1492 οἷς

1076 1509 1122 1535 καὶ
1137 1508 1166 1534 τὸ
1185 1508 1222 1544 μὴ
1236 1507 1394 1544 προϐαίνειν
1408 1508 1464 1542 (85)
1479 1507 1517 1543 τῷ
1531 1507 1616 1543 καλῷ,
1634 1508 1701 1544 μηδὲ
1715 1508 1792 1540 νέους
1806 1508 1866 1534 ἀντὶ

1077 1553 1198 1580 παλαιῶν
1216 1553 1260 1580 ἀεὶ
1280 1552 1413 1587 γίνεσθαι,
1431 1552 1487 1579 ἀλλ’
1510 1553 1539 1579 ὲν
1552 1552 1644 1587 ταυτῷ
1667 1551 1759 1587 μένειν
1781 1551 1866 1578 κακία

1075 1598 1167 1630 δοκεῖ;
1201 1597 1347 1634 Στρόμϐων
1378 1597 1409 1624 τὸ
1447 1596 1534 1629 πάθος
1571 1597 1805 1633 περιτρεχόντων.
1835 1596 1865 1622 οὐ

1077 1645 1236 1679 προϊόντων,
1265 1644 1313 1670 καὶ
1349 1643 1481 1678 στάσιμον
1515 1643 1691 1678 κινουμένων,
1722 1643 1756 1669 ἶν’
1778 1641 1865 1672 οὕτως

1078 1690 1161 1721 εἴπω,
1184 1690 1217 1724 τῇ
1243 1688 1288 1724 βίᾳ
1309 1689 1358 1723 τῆς
1382 1689 1524 1723 μάστιγος.
1546 1688 1602 1714 Καὶ
1626 1688 1667 1714 δεῖ
1688 1687 1719 1714 τὸ
1737 1687 1788 1723 μὲν
1810 1686 1865 1721 (86')

1078 1736 1143 1770 ἡμῖν
1162 1734 1307 1770 ὲξηνὺσθαι
1318 1733 1372 1761 τῶν
1387 1734 1487 1765 καλῶν,
1508 1733 1555 1760 τοῦ
1577 1734 1605 1760 δὲ
1627 1734 1747 1769 ἔχεσθαι,
1770 1733 1819 1760 τοῦ
1836 1733 1864 1760 δὲ

1077 1780 1201 1814 ἐφίεσθαι
1218 1780 1298 1816 μέχρι
1319 1780 1366 1806 τοῦ
1382 1779 1476 1810 τέλους
1492 1779 1542 1806 καὶ
1557 1779 1606 1814 τῆς
1627 1779 1760 1811 θεώσεως,
1782 1779 1825 1812 ἐφ’

1077 1826 1227 1862 γεγόναμεν
1243 1825 1290 1852 καὶ
1313 1826 1382 1860 πρὸς
1403 1825 1437 1860 ἢν
1453 1824 1631 1860 ἐπειγόμεθα,
1650 1824 1678 1851 οῖ
1691 1832 1722 1858 γε
1744 1824 1866 1850 διαδατι-

1079 1873 1122 1898 κοὶ
1138 1871 1187 1907 τὴν
1199 1870 1390 1909 διάνοιανηκαί
1413 1879 1440 1896 τι
1463 1871 1512 1905 τῆς
1531 1870 1578 1897 τοῦ
1601 1870 1668 1897 Θεοῦ
1689 1869 1865 1905 μεγαλονοίας

1080 1917 1234 1950 ἐλπίζοντες
1248 1916 1333 1949 ἄξιον.

236 1963 436 1998 incumbamus,
450 1966 547 2001 partim
571 1967 668 2001 cupide
683 1971 858 2002 appetamus,
880 1974 1020 2002 quousque
1036 1967 1069 1994 ad
1087 1967 1165 1994 finem
1195 1974 1227 1994 ac
1256 1965 1455 1993 deiﬁcatiouem
1485 1965 1557 1992 illam
1585 1965 1806 2000 pervenerimus.
1830 1965 1864 1992 ob

236 2019 316 2046 quam
337 2011 421 2038 creati
450 2019 555 2044 sumus,
579 2015 608 2039 et
631 2011 664 2038 ad
681 2019 761 2046 quam
787 2019 976 2046 properamus,
1001 2012 1024 2039 si
1045 2013 1124 2039 modo
1139 2012 1231 2039 animo
1244 2012 1351 2039 excelso
1372 2017 1400 2038 et
1428 2011 1455 2038 in
1487 2010 1569 2038 altum
1584 2016 1742 2046 penetrante
1759 2018 1864 2042 sumus,

236 2063 319 2093 atque
354 2058 455 2093 aliquid
488 2057 537 2086 Dei
563 2059 767 2093 magniﬁcentia
795 2058 906 2092 dignum
936 2066 1086 2093 speramus.

271 2105 295 2121 "
310 2104 406 2132 Matth.
429 2113 456 2137 v,
472 2105 516 2132 Η.
556 2106 579 2122 ⁵⁸
597 2104 682 2133 lCor.
699 2113 736 2138 IV,
758 2105 801 2132 15.

271 2159 404 2195 (80)Οὺό¹
419 2160 547 2195 ἐγένετο.
566 2160 634 2193 Quia
650 2160 778 2187 nimirum
794 2161 835 2187 vel
848 2161 951 2188 oblatas
961 2168 1026 2195 opes

237 2195 311 2223 adire
324 2196 476 2226 uoluerunt.
492 2196 532 2222 vel
546 2203 702 2230 comparare
716 2196 900 2231 neglexerunt.
914 2196 1019 2231 Alioqui

236 2234 330 2258 coacta
337 2235 364 2257 et
375 2238 408 2266 ex
419 2231 580 2258 necessitate
592 2235 739 2266 paupertas
748 2238 762 2257 a
771 2230 902 2266 Gregorio
912 2230 1023 2258 minimc

238 2265 454 2292 commendatur.

272 2300 328 2333 (81)
345 2300 386 2332 Τῷ
397 2301 542 2333 ἀθανάτῳ.
550 2299 708 2329 Mendosein
719 2300 880 2328 Par.cdit.-:b
888 2301 1022 2333 ἀθανάτῳ.

273 2328 328 2370 (82)
360 2328 556 2370 Κακηγοριὰς.
583 2337 622 2363 lta
651 2336 717 2371 Reg.
739 2336 863 2371 quinque
881 2342 909 2363 et
923 2337 970 2364 0r.
996 2328 1022 2362 ί.
1040 2340 1063 2368 ι)

237 2369 404 2406 Νοιιςριιυςί
432 2369 520 2397 tamen
547 2379 609 2398 cum
624 2369 714 2402 editis,
732 2369 909 2406 κατηγορίας.
933 2371 1025 2398 l’otest

237 2405 311 2441 reddi
326 2413 333 2431 :
354 2414 363 2430 ι
377 2411 468 2438 utpote
477 2413 543 2439 quos
557 2406 625 2434 male
636 2406 770 2441 objectum
781 2405 884 2433 crimen
899 2415 951 2434 nou
969 2415 1025 2434 ma-

236 2440 277 2475 gis
288 2447 369 2475 quam
381 2441 481 2468 veritas
490 2441 577 2468 laedat.
597 2450 607 2467 ι

1114 2159 1170 2193 (85)
1190 2157 1482 2192 Προσαπεκδύεσθαι.
1508 2157 1552 2186 Sic
1573 2157 1639 2192 Reg.
1661 2161 1688 2184 et
1713 2157 1787 2193 Colb.
1807 2158 1865 2191 plu-

1080 2203 1133 2226 res,
1154 2194 1230 2221 Pass.
1248 2198 1274 2221 et
1296 2193 1412 2220 Moutac.
1429 2193 1499 2220 Editi
1518 2201 1592 2225 vero,
1612 2192 1861 2226 προσαποδύεσθαι.

1114 2229 1169 2264 (84)
1195 2229 1320 2263 Δοίημεν
1345 2228 1465 2264 αὐτούς.
1501 2228 1704 2264 Pluresdliega
1730 2232 1756 2254 et
1771 2229 1817 2256 0r.
1836 2229 1862 2260 Ι,

1077 2262 1188 2299 δοίημεν
1206 2265 1306 2295 αὐτοῖς.
1327 2263 1389 2299 Alii,
1410 2263 1520 2299 δοίημεν
1538 2262 1661 2295 κολάζειν
1675 2263 1776 2299 αὐτοῖς.

1113 2298 1168 2333 (85)
1180 2300 1365 2333 Προϐαίνειν.
1382 2298 1419 2325 lta
1436 2298 1530 2326 omnes
1554 2298 1638 2325 nostri
1652 2298 1773 2333 codices,
1796 2305 1864 2332 pra:-

1078 2332 1236 2369 ter'lteg.'q,
1253 2335 1298 2368 qui
1314 2341 1374 2360 cum
1388 2333 1454 2369 edit.
1472 2334 1560 2364 habet,
1572 2332 1756 2368 προσϐαίνειν.

1114 2368 1238 2404 (εδγΚαι
1250 2369 1298 2395 δεῖ
1310 2368 1344 2404 τὸ
1355 2368 1421 2402 μέν.
1434 2374 1487 2396 etc.
1505 2377 1514 2393 ι
1535 2369 1691 2404 Oportetut
1715 2377 1774 2400 nos,
1802 2376 1863 2396 cum

1077 2402 1137 2439 quae
1148 2410 1220 2432 recta
1236 2408 1299 2431 sunt
1322 2403 1375 2431 alia
1393 2410 1475 2438 opere
1499 2402 1733 2437 compleverimus,
1758 2404 1785 2431 iu
1811 2404 1864 2430 alia

1077 2440 1271 2467 incumbamus.
1295 2448 1306 2465 ι

242 2501 1866 2515 _________________________________—..

476 2566 667 2605 ORATIO
704 2568 733 2603 V
746 2565 773 2605 ³.

287 2632 412 2661 Secunda
427 2633 454 2660 in
471 2632 611 2660 lulianum
623 2634 805 2668 imperatorem
819 2633 956 2660 invectiva.

272 2711 293 2738 l.
309 2712 349 2739 Ac
366 2711 483 2746 primum
500 2711 608 2746 quidem
631 2719 784 2739 sermonum
802 2718 922 2746 meorum
940 2715 1028 2738 certa-

1340 2560 1523 2606 ΛΟΓΟΣ
1559 2560 1612 2607 Ε’.

1078 2631 1158 2659 Κατὰ
1187 2630 1351 2658 Ἰουλιανοῡ
1380 2631 1534 2692 ,βὲιοςιλέως
1559 2631 1617 2666 (87)
1643 2629 1868 2665 στηλιτευτικὸς

1415 2675 1544 2692 ευτεοοιι.

1415 2675 1544 2700 ευτερος.

1113 2711 1153 2740 Α’.
1175 2707 1258 2742 Οὗτος
1285 2718 1334 2746 μεν
1363 2710 1395 2746 δὴ
1421 2710 1474 2737 τῶν
1506 2711 1581 2746 ὲμῶν
1606 2710 1695 2745 λόγων
1720 2711 1733 2737 ὁ
1760 2709 1867 2745 πρῶτος

238 2764 298 2784 men
314 2757 467 2785 confectum
490 2764 517 2786 et
536 2758 689 2786 absolutum
707 2763 758 2785 est.
783 2757 889 2786 Etenim
913 2757 1027 2785 hominis

1081 2757 1177 2788 ἄεθλος
1201 2756 1257 2791 (88)
1281 2756 1469 2783 ἐκτετέλεσται
1491 2757 1540 2783 καὶ
1561 2756 1715 2792 διήνυσταιΔ
1740 2756 1787 2783 καὶ
1813 2754 1868 2790 γὰρ

274 2813 375 2850 {Alias
392 2822 428 2848 Iv,
443 2822 504 2850 quae
520 2821 609 2843 autem
625 2815 642 2841 5
658 2819 727 2848 erat,
749 2822 820 2842 nunc
834 2814 1028 2849 10,—Scripla

205 2854 208 2857 '
237 2849 314 2876 initio
331 2850 391 2877 anni
403 2849 465 2877 564⁷.

273 2884 329 2921 (87)
344 2885 507 2918 Βασιλέως.
525 2885 605 2913 Deest
629 2885 656 2912 in
682 2890 742 2913 octo
757 2884 823 2919 Reg.
849 2886 934 2914 tribus
949 2885 1024 2913 Colb.

1083 2812 1130 2839 Or.
1145 2811 1269 2845 Ledus.
1285 2813 1310 2839 1.

1117 2847 1174 2881 (88)
1194 2848 1224 2873 '0
1243 2846 1357 2881 πρῶτος
1375 2847 1492 2881 ἄεθλος.
1515 2847 1553 2876 lta
1576 2854 1641 2875 mss.
1668 2853 1771 2874 omnes.
1797 2845 1868 2874 Editi

1081 2883 1165 2919 πρῶτ’
1179 2881 1280 2914 ἄεθλος.
