2071 3133
224 182 276 211 863

726 183 855 212 ORATIO
875 184 907 211 ν.
927 200 962 204 -
980 184 1119 212 CONTRA
1140 184 1310 212 JULIANUM
1330 185 1362 213 ll.

1795 187 1847 216 666

224 241 404 277 ἐπεδειξάμην
420 242 518 273 ἱκανῶς
539 241 590 276 τὴν
612 241 658 268 τοῦ
680 242 775 276 ἀνδρὸς
799 243 962 278 κακοήθειαν
985 244 1014 270 ἐν

1067 243 1267 278 improbitatem
1283 251 1315 270 ac
1329 242 1532 276 perversitatem
1548 243 1654 270 abunde
1664 244 1779 277 ostendi,
1791 251 1846 273 tam

224 284 266 319 οἷς
283 286 380 322 ἐδρασέ
400 295 430 312 τε
446 286 507 313 καθ’
525 286 614 321 ἡμῶν,
637 287 684 313 καὶ
707 284 748 318 οἷς
777 287 900 322 ἔμελλεν,
924 287 967 314 ἀεί
988 297 1016 315 τι

225 331 279 358 τῶν
294 331 434 367 παρόντων
451 330 566 357 ἐπινοῶν
582 329 740 366 βαρύτερον.
756 331 813 358 Νῦν
833 329 898 358 αὖτε
915 332 1016 359 σκοπὸν

226 377 315 409 ἄλλον,
337 377 366 403 ὃν
387 377 437 403 οὐκ
459 375 506 403 οἷδ’
521 377 548 403 sl
559 385 601 408 τις
627 376 769 412 βέϐληκεν,
795 378 846 413 ήδη
862 377 910 404 τοῦ
933 378 1014 412 λόγου

227 424 448 459 προστησόμεοα,
463 423 523 458 Θεῷ
537 432 568 450 τε
596 423 750 459 ἱερώτερον,
773 425 821 450 καὶ
843 425 909 460 ἡμῖν
931 424 1011 459 ἡδίω,

226 470 273 496 καὶ
303 471 360 501 τοῖς
390 470 484 497 ἔπειτα
519 469 741 506 χρησιμώτερον
770 471 826 502 τοῖς
856 471 1012 505 εἰρημένοις

227 516 383 552 προσθεῖναι
408 516 465 551 (89)
489 516 523 543 τὰ
545 516 635 543 δίκαια
653 516 699 543 τοῦ
717 516 784 543 Θεοῦ
801 516 919 552 σταθμία
945 518 1011 552 (90),

227 560 274 586 καὶ
299 557 339 591 οἷς
364 560 614 587 ἀντιτα).αντεύεται
646 561 763 596 πονηρία
789 561 857 596 (91),
885 563 940 593 τοῖς
965 562 1014 596 μὲν

227 605 338 632 αὐτόθεν
364 606 419 641 (92)
442 606 601 638 ἀπαντῶσα,
618 608 674 638 τοῖς
695 606 724 633 δὲ
747 606 795 632 καὶ
820 607 916 642 μικρὸν
937 607 1014 634 ὓστε-

229 659 290 687 ρον·
309 652 383 683 ὅπως
404 651 447 685 ἂν,
468 650 559 688 οἶμαι,
581 652 619 687 τῷ
643 653 752 689 τεχνίτῃ
766 652 844 688 Λόγῳ
863 653 945 688 δοκῇ,
967 653 1015 680 καὶ

227 697 313 732 ταμίᾳ
331 697 385 724 τῶν
406 698 549 734 ἡμετέρων
567 699 638 732 (95)·
660 698 689 730 ὃς
708 696 763 724 οἶδε
795 699 938 734 συμφορὰν
965 699 1015 734 μὲν

229 743 386 770 ἐπικόπτειν
415 743 496 778 ὲλέῳ,
517 744 617 778 θράσος
648 743 677 770 δὲ
705 744 801 778 ἀτιμίᾳ
837 744 1016 779 σωφρονίζειν

229 790 276 816 καὶ
295 789 430 825 μάστιξιν,
445 788 486 822 οἷς
505 789 587 821 αὐτὸς
603 789 746 816 ἐπίσταται
763 789 872 826 μέτροις
887 791 941 825 (9L)
953 799 1016 817 παι-

228 835 355 867 δεύσεως.

1064 296 1112 323 per
1141 296 1172 315 ea
1198 296 1258 323 qua
1281 289 1410 315 adversus
1425 295 1474 314 nos
1489 289 1671 322 perpetravit.
1693 297 1773 323 quam
1788 298 1847 325 qua:

1065 334 1155 361 facere
1171 334 1293 368 parabat,
1308 334 1349 360 sic
1371 333 1493 361 videlicet
1511 334 1602 361 animo
1621 341 1803 369 comparatus.
1819 342 1848 364 ut

1064 380 1099 408 ad
1117 385 1264 415 przesentes
1279 379 1443 408 acerbitates
1467 379 1568 413 aliquid
1591 380 1713 414 quotidie
1739 382 1848 416 gravius

1064 427 1242 461 excogitaret.
1254 425 1332 453 Nunc
1345 433 1409 453 vero
1421 425 1502 453 alium
1514 426 1569 460 jam
1582 426 1713 453 orationis
1726 435 1848 462 scopum.

1065 472 1097 499 ad
1113 480 1192 506 quem
1217 472 1288 500 haud
1310 473 1366 499 scio
1390 479 1424 499 an
1446 472 1587 506 quisquam
1614 472 1767 505 collimarit,
1792 478 1848 500 tum

1065 519 1135 553 apud
1164 518 1246 546 Deum
1273 519 1449 550 sanctiorem,
1470 523 1526 546 tum
1544 519 1622 546 nobis
1635 518 1827 552 iucundiorem
1840 539 1848 551 ,

1065 568 1146 598 atque
1163 564 1230 591 adeo
1251 564 1368 598 posteris
1383 563 1529 596 utiliorem,
1542 563 1620 590 nobis
1635 571 1819 598 proponemus
1837 573 1846 592 :

1069 610 1196 637 nimirum
1213 614 1242 636 ut
1256 609 1290 637 ad
1302 617 1333 637 ea
1347 616 1408 644 quae
1420 609 1543 643 superius
1559 615 1574 635 a
1595 609 1674 636 nobis
1687 609 1760 636 dicta
1775 614 1849 642 sunt,

1063 655 1151 689 justas
1165 655 1212 683 Dei
1228 655 1318 682 lances
1328 655 1515 689 adiungamus,
1529 661 1628 688 easque
1640 661 1734 688 ptenas
1749 655 1848 688 quibus

1065 700 1224 734 improbitas
1259 703 1461 734 compensatur,
1487 698 1548 726 aliis
1576 699 1706 726 nimirum
1732 699 1824 727 statim
1840 718 1849 731 ,

1065 747 1126 773 aliis
1143 751 1232 773 autem
1248 745 1388 780 aliquanto
1404 745 1486 780 148
1501 749 1564 778 post
1578 751 1741 777 occurrens;
1759 749 1848 779 prout,

1064 792 1171 826 opinor,
1187 790 1284 818 artilici
1305 790 1402 824 Verbo,
1420 796 1565 824 rerumque
1579 794 1732 818 nostrarum
1748 791 1852 818 arbitro

1064 842 1091 864 et
1103 837 1265 864 moderatori
1284 837 1371 864 visum
1387 836 1471 864 fuerit
1492 844 1499 863 :
1521 836 1588 871 qui,
1611 841 1641 863 ut
1665 836 1850 864 calamitatem

231 883 418 910 misericordia
431 883 565 918 reprimit,
577 883 613 910 ita
625 883 706 910 etiam
734 883 880 918 ignominia
894 888 921 911 et
944 883 1047 918 ﬂagris,
1067 892 1116 918 pro
1135 891 1168 911 eo
1197 883 1442 911 animadversionis
1464 884 1554 917 modo,
1570 891 1650 919 quem
1668 884 1726 918 ipse
1741 891 1852 918 perspe-

229 934 300 957 ctum
324 934 351 957 et
369 930 539 965 exploratum
557 930 658 961 habet,
680 930 859 957 temeritatem
880 938 911 958 ac
935 931 1104 958 insolentiam
1119 935 1237 958 coercet.

263 978 301 1004 B’.
321 977 423 1009 Νάσους
451 977 501 1012 μὲν
529 977 561 1012 δὴ
583 977 638 1003 τῶν
663 977 769 1004 ἀσεϐῶν
799 977 936 1009 ἐνδίκους,
966 978 1013 1004 καὶ

1099 977 1130 1004 ΙΙ.
1151 976 1298 1004 Enimvero
1317 976 1377 1011 quis
1397 976 1485 1010 iustos
1506 977 1649 1012 impiorum
1665 977 1784 1010 morbos,
1801 977 1854 1004 mi-

231 1022 318 1057 ῥήξεις
333 1022 382 1048 οὑκ
404 1022 526 1056 ἀφανεῖς,
541 1021 588 1048 καὶ
602 1021 788 1057 πολυτρόπους
801 1021 885 1054 ἄλλας
907 1021 1015 1057 πληγὰς

229 1068 275 1094 καὶ
293 1067 427 1103 μάστιγας
452 1064 493 1099 οἷς
517 1067 700 1103 τετολμήκασι
729 1067 921 1104 παραπλησίας
947 1068 1014 1102 (95),

229 1114 275 1140 καὶ
298 1113 429 1145 θανάτους
451 1113 481 1139 οὐ
507 1113 578 1140 κατὰ
599 1112 630 1139 τὸ
645 1112 739 1144 εἰωθὸς
754 1114 942 1148 χωρήσαντας,
968 1113 1016 1139 καὶ

228 1159 277 1191 τὰς
291 1160 320 1185 ὲν
332 1159 423 1191 αὐτοῖς
443 1160 499 1191 τοῖς
518 1159 615 1191 δεινοῖς
631 1158 830 1194 ἐξαγορεύσεις,
853 1159 899 1185 καὶ
919 1158 1016 1193 ἀνονή-

180 1242 186 1246 .
229 1214 291 1237 τους
316 1205 513 1241 μεταμελείας,
538 1205 587 1236 τάς
609 1214 639 1231 τε
659 1205 692 1231 δι’
715 1204 862 1240 ὀνειράτων
875 1203 930 1240 (96)
953 1213 1016 1231 παι-

229 1251 342 1284 δεύσεις,
355 1252 403 1278 καὶ
418 1251 452 1277 τὰ
470 1250 530 1277 καθ’
544 1250 618 1285 ῦπαρ
634 1250 689 1286 (97)
707 1251 899 1285 φαντάσματα,
919 1250 961 1282 τίς
982 1250 1015 1276 ἂν

229 1297 311 1330 ἀξίως
334 1297 581 1332 ὲκτραγῳδήσειενς
599 1297 648 1323 ὅσα
670 1305 699 1322 τε
715 1296 732 1331 ἢ
758 1296 822 1332 περὶ
844 1297 907 1328 τοὺς
928 1295 1015 1327 Θείους

229 1341 318 1373 οῐκους
336 1342 603 1378 παρανομήσασιν,ῆ
621 1341 685 1377 περὶ
704 1341 754 1372 τὰς
780 1342 856 1377 ἱερὰς
878 1341 1015 1377 τραπέζας

229 1385 401 1422 ὲξυϐρίσασιν
425 1386 496 1422 (98),
517 1386 535 1422 ἢ
557 1387 619 1422 περὶ
644 1387 707 1417 τοὺς
737 1387 884 1422 μυστικοὺς
912 1386 1014 1422 κρατῆι

231 1440 280 1467 ρας
294 1431 348 1466 (99)
367 1433 499 1467 μανεῖσιν,
513 1432 530 1467 ἢ
550 1431 604 1458 τῶν
620 1432 752 1466 σωμάτων
767 1431 845 1467 ἡμῶν
864 1431 959 1467 ἀνέδην
976 1431 1014 1466 (1)

229 1477 491 1513 ὲμςσορουμένοις,ῆ
521 1477 604 1505 τᾶλλα
633 1477 721 1504 πάντα
745 1477 794 1504 ὃσα
822 1477 1014 1513 τετολμήκασι,

229 1524 464 1560 νεανιευσαμένοις
491 1525 583 1556 αὐτοῖς
611 1524 768 1559 ἀπήντησε,
796 1524 846 1559 τῆς
871 1524 926 1551 τοῦ-
943 1524 1011 1551 Θεοῦ

230 1569 300 1596 κατὰ
319 1570 374 1597 τῶν
396 1569 524 1596 τοιούτων
548 1569 634 1605 ὀργῆς
657 1570 757 1605 ἐναργῆ
779 1570 826 1596 καὶ
849 1570 953 1606 φανερὰ
977 1570 1014 1605 (2)

230 1615 424 1651 γνωρίσματα;
449 1615 542 1642 Ταῦτα
567 1616 617 1650 μὲν
641 1612 687 1642 οὗν
712 1614 782 1641 ἑκὼν
810 1615 1012 1650 ὑπερϐήσομαι,

1066 1024 1194 1058 nimeque
1208 1022 1340 1050 obscuras
1362 1030 1505 1056 corporum
1528 1023 1677 1057 ruptiones,
1703 1030 1736 1050 ac
1762 1023 1854 1050 multi-

1067 1069 1151 1103 plices
1164 1068 1232 1096 alias
1244 1068 1337 1103 plagas
1352 1072 1380 1096 et
1398 1068 1481 1103 ﬂagra
1492 1089 1499 1102 ,
1514 1076 1607 1096 eorum
1627 1068 1776 1096 sceleribus
1787 1076 1854 1096 con-

1067 1115 1190 1149 gruentia
1205 1134 1213 1147 ,
1237 1119 1396 1149 mortesque
1420 1115 1629 1150 haudquaquam
1657 1115 1756 1142 usitato
1778 1121 1854 1143 more

1065 1161 1186 1192 obortas,
1201 1166 1351 1194 eorumque
1369 1159 1441 1186 inter
1456 1159 1529 1193 ipsos
1545 1159 1687 1188 cruciatus
1701 1159 1852 1186 confessio-

1065 1212 1124 1234 nes.
1142 1209 1169 1232 et
1186 1204 1296 1232 inutiles
1313 1204 1506 1239 pcenitentias,
1524 1211 1625 1240 easque
1648 1212 1709 1239 quae
1733 1210 1789 1232 tum
1806 1212 1854 1239 per

1068 1250 1216 1282 insomnia,
1233 1255 1290 1277 tum
1308 1257 1358 1284 per
1375 1257 1440 1277 vera
1461 1250 1519 1277 visa
1536 1250 1722 1285 contigerunt,
1738 1250 1854 1285 castiga-

1067 1297 1175 1329 tiones,
1210 1303 1258 1330 pro
1283 1296 1411 1331 dignitate
1442 1303 1554 1323 narrare
1580 1300 1661 1330 atque
1689 1303 1854 1331 exaggerare

1066 1341 1202 1369 suﬂiciat?
1223 1349 1347 1377 quaeque,
1362 1341 1404 1369 vel
1419 1341 1453 1368 ob
1470 1340 1570 1376 ﬂagitia
1589 1341 1661 1368 circa
1679 1348 1771 1368 sacras
1782 1341 1853 1368 aedes

1062 1389 1196 1420 admissa,
1213 1388 1255 1415 vel
1270 1389 1304 1416 ob
1320 1395 1414 1415 sacras
1429 1395 1537 1414 mensas
1549 1387 1720 1414 contumeliis
1732 1386 1852 1418 aﬂ'ectas,

1066 1435 1107 1461 vel
1119 1435 1153 1462 ob
1170 1435 1285 1470 mystica
1308 1433 1404 1469 pocula
1420 1433 1523 1460 furiose
1538 1433 1719 1460 contaminata
1730 1453 1738 1466 ,
1755 1432 1797 1460 vel
1818 1433 1853 1459 ob

1065 1486 1186 1510 ventrem
1199 1481 1359 1515 corporibus
1377 1480 1477 1507 nostris
1496 1480 1616 1514 projecta
1633 1479 1747 1514 quadam
1767 1479 1854 1513 impu-

1065 1525 1155 1553 dentia
1168 1530 1316 1553 saturatum
1326 1546 1333 1559 ,
1355 1525 1396 1552 vel
1409 1525 1444 1552 ob
1458 1525 1549 1551 omnia
1564 1524 1614 1551 alia
1633 1524 1735 1552 scelera
1757 1531 1854 1557 perpe-

1067 1576 1135 1598 trata
1157 1571 1221 1606 ipsis
1242 1572 1408 1604 acciderunt,
1436 1571 1508 1598 clara
1534 1571 1627 1605 utique
1656 1574 1683 1597 et
1705 1568 1847 1604 perspicua

1067 1616 1163 1645 divinae
1185 1618 1315 1645 adversus
1338 1616 1492 1652 hujusmodi
1512 1616 1636 1644 homines
1658 1615 1706 1642 ira:
1731 1614 1808 1649 signa
1823 1618 1851 1640 et

231 1661 280 1688 οὐκ
303 1661 426 1687 ἀπιστῶν
448 1662 504 1692 τοῖς
523 1661 682 1696 ὁρωμένοις,
700 1661 747 1687 καὶ
773 1661 938 1696 λεγομένοις,
954 1659 1014 1687 οὐδὲ

1065 1664 1243 1699 argumenta?
1266 1663 1365 1691 Verum
1389 1664 1446 1690 haec
1471 1662 1594 1690 consulto
1615 1661 1769 1696 praeteribo,
1795 1667 1849 1686 non

231 1705 374 1741 αὐτομάτῳ
396 1706 450 1733 τινὶ
472 1706 544 1741 φορᾷ
560 1707 606 1733 καὶ
623 1705 753 1741 συντυχίᾳ
772 1705 859 1737 διδοὺς
884 1705 918 1732 τὰ
941 1714 1010 1741 συμ-

1065 1708 1136 1742 quod
1162 1708 1195 1736 iis
1216 1715 1276 1742 quae.
1299 1708 1326 1735 in
1350 1707 1488 1734 hominum
1513 1705 1598 1733 oculis
1620 1709 1702 1739 atque
1726 1711 1853 1731 Sermone

230 1751 363 1783 ϐαίνοντα,
384 1752 454 1778 κατὰ
469 1753 532 1783 τοὺς
547 1751 607 1787 εικῆ
623 1750 656 1777 τὰ
676 1750 788 1777 τοιαῦτα
809 1751 1010 1786 ὑπολαμϐάνον-

1065 1754 1149 1789 posita
1173 1758 1248 1786 sunt,
1279 1753 1358 1780 ﬂdem
1384 1753 1522 1786 abrogem,
1544 1756 1591 1778 aut
1620 1757 1709 1778 rerum
1736 1744 1851 1777 eventus

230 1806 289 1830 τας,
310 1798 367 1825 ἀλλ’
391 1798 435 1824 ἴνα
451 1798 488 1833 μὴ
513 1797 579 1833 περὶ
597 1797 631 1823 τὰ
657 1796 741 1832 μικρὰ
766 1796 913 1832 διατρίϐειν
932 1796 1011 1829 δόξω,

1065 1800 1209 1827 temerario
1245 1799 1353 1826 cuidam
1388 1798 1472 1825 motui
1508 1797 1678 1831 fortumeque
1714 1795 1851 1827 tribuam,

231 1844 329 1880 παρεὶς
353 1844 387 1871 τὰ
412 1845 496 1880 μείζω
515 1843 562 1871 καὶ
587 1843 789 1878 ὀνομαστότερα
812 1842 864 1876 (5)·
883 1842 913 1868 τὸ
931 1842 953 1868 δ’
967 1840 1013 1868 οὖν

1065 1844 1292 1878 quemadmodum
1309 1843 1360 1876 illi,
1378 1844 1423 1878 qui
1440 1851 1484 1870 res
1505 1841 1658 1877 hujusmodi
1677 1845 1778 1868 temere
1792 1848 1853 1867 sen-

230 1890 390 1926 περιδόητον
405 1891 472 1917 πᾶσι
488 1889 591 1924 θαῦμα,
606 1889 653 1916 καὶ
671 1889 730 1915 οὐδὲ
747 1889 803 1919 τοῖς
820 1887 909 1919 ἀθέοις
923 1888 1014 1919 αὐτοῖς

1068 1890 1149 1922 tiunt,
1166 1889 1214 1916 sed
1228 1897 1273 1922 ne,
1295 1888 1444 1923 majoribus
1459 1893 1541 1922 atque
1562 1886 1754 1922 insignioribus
1771 1885 1854 1912 rebus

229 1937 428 1972 ἀπιστούμενον
441 1936 525 1968 λέξων
539 1935 664 1971 ἔρχομαι.

1069 1935 1276 1969 przetermissis,
1308 1934 1454 1962 levioribus
1482 1933 1620 1961 immorari
1650 1933 1754 1959 videar.
1783 1931 1850 1957 illud

230 1989 294 2008 vero
306 1981 474 2013 miraculum,
499 1981 569 2015 quod
585 1980 706 2007 omnium
733 1985 780 2006 ore
814 1978 978 2010 celebratur,
1006 1986 1038 2006 ac
1058 1987 1092 2007 ne
1106 1980 1178 2015 apud
1201 1987 1248 2007 eos
1265 1979 1386 2015 quidem,
1400 1979 1446 2014 qui
1459 1978 1542 2005 Deum
1556 1977 1656 2004 nullum
1672 1980 1785 2012 putant,
1801 1975 1853 2002 tide

233 2032 317 2058 caret,
330 2027 452 2054 oratione
465 2034 624 2062 prosequar.

265 2073 300 2099 l".
326 2073 468 2108 Ἐμαίνετο
498 2071 558 2099 καθ’
584 2071 664 2106 ἡμῶν
688 2071 730 2098 ἀεί
755 2080 781 2098 τι
808 2071 898 2103 πλέον,
922 2071 1015 2106 ὥσπερ

231 2117 347 2152 κύμασιν
374 2117 523 2152 ἐπεγείρων
552 2116 676 2151 κύματα,
697 2117 711 2143 ὁ
732 2116 793 2142 καθ’
816 2115 912 2142 ἑαυτοῦ
938 2116 1014 2152 πρῶ-

265 2217 321 2253 (89)
338 2217 523 2278 Προσθεῖναι.
534 2227 542 2242 ι
558 2217 639 2252 Lego,
650 2227 658 2243 ι
668 2217 703 2244 ait
721 2217 856 2249 Heinsius,
874 2214 919 2243 οὖν
931 2225 1013 2252 προσ-

265 2255 315 2279 ῐναι
331 2253 361 2279 θέ
379 2262 411 2279 ω.

231 2253 315 2281 ῐιῐναι
331 2253 411 2279 θέλω.

230 2290 321 2350 eu.2120)
335 2289 475 2324 Σταθμία.
504 2288 571 2315 Tres
596 2287 661 2322 Reg.
684 2287 762 2314 Colb.
783 2286 811 2320 ιι,
827 2286 875 2314 Or.
897 2287 922 2318 Ι,
948 2295 1014 2313 στα-

269 2333 296 2350 α.

250 2333 321 2394 Filii)
339 2358 522 2394 Hovnplatln
535 2356 617 2394 hlont.
633 2365 678 2392 γρ.
694 2357 820 2394 πονηρία,
833 2356 1015 2394 quodhabcnt

229 2394 289 2421 Ald.
312 2392 346 2421 ‘et
371 2394 452 2421 Herv.
471 2392 547 2420 Hunc
570 2392 655 2419 locum
671 2393 709 2419 sic
724 2393 811 2419 reddit
834 2392 926 2419 Comb.
951 2401 960 2417 ι
982 2392 1014 2418 Et

229 2430 327 2468 quibus
341 2429 470 2468 iniquitas
493 2428 647 2462 rependitur
673 2428 790 2462 pondera
819 2427 1012 2462 appendamus,

230 2464 285 2499 ipsa
301 2464 439 2495 nimirum,
459 2473 468 2489 ι
487 2468 539 2499 e_tc.

264 2499 319 2533 (92)
334 2499 476 2526 Αὺτόθρν.
492 2497 558 2531 Reg.
570 2505 598 2532 q,
611 2497 687 2533 Colh.
715 2497 741 2528 5,
755 2497 862 2523 αὐτίκα.
877 2496 922 2524 0r.
940 2497 966 2526 Ι,
981 2497 1013 2523 ad

230 2531 315 2568 marg;
335 2533 448 2560 αὐτόθεν
461 2531 620 2560 ἀπαντῶσα.
640 2531 725 2560 Μοηι.
749 2538 841 2560 censet
860 2533 1011 2567 legendum,

228 2569 399 2596 ἀπαντῶντα.

286 2577 399 2594 ντωντα.

249 2577 399 2595 παντωντα.

263 2604 319 2639 (95)
339 2603 512 2637 Ἡμετέρωγ.
525 2612 534 2628 ι
548 2601 666 2639 subaudi
683 2601 779 2636 λόγων,
793 2611 802 2627 ι
823 2602 908 2636 inquit
931 2600 1011 2628 Mont.

231 2647 242 2664 α
259 2638 313 2665 non
326 2639 509 2674 πραγμάτων,
523 2643 553 2674 ut
568 2638 669 2674 Dillius.
688 2647 697 2663 ι

264 2673 325 2736 (94))
341 2670 504 2706 Οῖς’“αὑτὸς
526 2673 683 2699 ἐπίσταται
704 2672 832 2706 μέτροις.
861 2670 946 2699 Oxon.
965 2671 1013 2697 καὶ

264 2718 278 2736 :.
327 2717 379 2736 ass.
406 2708 530 2736 μάστιξιν
556 2705 600 2736 αἷς
625 2707 705 2736 αὐτὸς
728 2707 880 2736 ἐπίσταται,
904 2706 951 2732 καὶ
973 2704 1013 2736 οἷς

230 2704 278 2740 οἷςῖ
306 2704 387 2736 Pass;
406 2704 530 2743 μάστιξιν
556 2705 600 2738 αἷς
625 2704 711 2738 αὐτὸς
728 2704 1013 2743 ἐπίσταταιηκαὶ-οἷς

232 2743 359 2779 μετρίοις.
376 2741 421 2770 Sic
435 2744 514 2779 etiam
530 2743 623 2779 Comb.
635 2742 679 2779 qui
694 2744 772 2770 vertit
789 2751 796 2779 ι
815 2750 824 2767 ‹
842 2741 943 2779 Quibus
957 2741 1013 2775 ipse

231 2776 304 2805 novit
318 2779 409 2810 ﬂagris
417 2783 443 2805 et
457 2778 554 2812 quibus
573 2778 821 2812 animadversionis,
832 2776 929 2803 modis.
939 2785 956 2812 Vl

249 2813 320 2874 “(95)
338 2811 565 2847 Παραπλὴσίας.
583 2821 592 2837 ι
604 2811 719 2846 Flagella
729 2811 877 2841 sceleribus
887 2811 1012 2845 ausisque

276 2857 329 2874 tua.
346 2858 355 2873 ι

231 2857 329 2875 ὃΙΙΙίΙΙΞΙ.
346 2858 355 2873 ι

265 2884 320 2918 (96)
334 2884 371 2910 Δι’
384 2882 552 2917 ὀνειράτων.
572 2892 581 2908 ι
604 2882 654 2910 Per
671 2883 813 2911 insomnia.
838 2892 845 2907 I
867 2881 911 2909 Sic
928 2881 1010 2908 casti-

1105 2069 1148 2097 lll.
1168 2073 1286 2097 rurenat
1301 2069 1346 2096 ille
1363 2070 1389 2096 in
1419 2069 1475 2095 dies
1490 2074 1620 2094 adversus
1640 2073 1689 2093 nos
1708 2066 1852 2093 vehemem

1069 2117 1133 2150 tius,
1155 2123 1209 2143 non
1225 2123 1304 2143 secus
1328 2123 1360 2143 ac
1380 2116 1477 2144 ﬂuctus
1497 2121 1577 2149 super
1599 2113 1695 2140 ﬂuctus
1719 2113 1852 2145 excitans,

1067 2222 1144 2253 gatus
1154 2217 1358 2245 estAbimelcch
1368 2223 1413 2253 rex
1425 2217 1543 2248 Geram,
1559 2223 1618 2243 cum
1634 2215 1727 2242 Saram
1737 2215 1853 2243 Abrahae

1068 2251 1178 2281 ux0rem
1195 2252 1359 2278 abstulisset.
1373 2251 1439 2278 Gen.
1456 2260 1501 2278 xv.

1101 2287 1156 2322 (97)
1173 2287 1242 2314 Καθ’
1258 2287 1351 2322 ῦπαρ,
1366 2296 1375 2312 ‹
1392 2286 1522 2321 Verisque
1538 2286 1601 2312 visis
1614 2285 1704 2322 oblata
1714 2291 1849 2322 specu-au

1065 2320 1243 2356 Εᾱίιίίύπέρ.
1269 2320 1324 2349 δίον
1339 2321 1499 2348 Baltbasaro
1524 2321 1683 2356 impendens
1710 2320 1850 2347 calamitas

1065 2365 1113 2392 per
1126 2355 1223 2384 verum
1235 2357 1321 2383 visum
1333 2357 1492 2392 prmsignata
1503 2361 1553 2392 est.
1571 2355 1671 2392 Daniel.
1684 2363 1709 2392 v.

1100 2392 1156 2427 (98)
1194 2389 1425 2425 Ἐξυϐρίσασινῖ
1439 2391 1506 2426 Reg.
1539 2391 1557 2423 Ι,
1586 2396 1613 2418 et
1634 2389 1680 2418 Οι·.
1702 2391 1727 2423 Ι,
1743 2389 1850 2425 ἐνυϐρί-

1066 2436 1155 2454 σασιν.

1100 2463 1155 2497 (99)
1169 2461 1342 2494 Μυστικοὺς
1357 2459 1516 2494 κρατῆρας.
1544 2470 1554 2487 «
1573 2461 1684 2496 Mystica
1711 2459 1849 2497 pocttla._r

1063 2493 1186 2524 Julianus
1204 2497 1357 2531 praefectus,
1373 2493 1519 2530 ’Apostata:
1541 2493 1698 2531 avunculus,
1712 2493 1755 2520 fel
1775 2493 1850 2520 Felix

1065 2533 1163 2566 regalis
1179 2530 1266 2559 aerarii
1284 2535 1412 2565 quaestor,
1428 2538 1488 2557 cum
1501 2536 1604 2558 sacrata
1619 2530 1672 2557 Deo
1684 2537 1746 2566 vasa
1762 2533 1848 2566 teme-

1065 2564 1182 2599 rassent,
1204 2564 1339 2600 extemplo
1355 2566 1477 2592 horribili
1495 2567 1588 2593 morbo
1606 2565 1738 2600 correpti,
1751 2564 1848 2600 miser-

1065 2603 1131 2629 ritna
1147 2598 1232 2629 inerte
1251 2598 1420 2627 interierunt.
1440 2601 1504 2628 lieni
1522 2605 1633 2627 narrant
1652 2599 1760 2633 Niceph.
1776 2598 1847 2624 Hist.

1064 2637 1083 2663 Ι.
1108 2645 1135 2670 x,
1151 2645 1176 2663 (ξ.
1201 2637 1246 2668 29,
1265 2640 1284 2662 ι.
1310 2636 1341 2667 ll,
1358 2643 1418 2669 pag.
1441 2636 1486 2662 (i7.
1511 2636 1718 2670 Chrysostomus
1743 2641 1849 2670 quoque

1065 2668 1137 2733 having.
1157 2671 1182 2702 <l,
1209 2672 1235 2698 in
1262 2668 1366 2697 laudem
1385 2668 1487 2705 populi,
1517 2675 1544 2698 et
1568 2668 1734 2697 'l‘heodoret.
1759 2668 1777 2694 Ι.
1806 2678 1847 2701 nt,

1065 2715 1088 2733 c.

1064 2708 1113 2734 c.l

1099 2742 1137 2777 (l)
1159 2741 1293 2774 'Arédma
1323 2740 1385 2768 Mss.
1403 2748 1455 2768 non
1477 2740 1566 2774 pauci,
1593 2739 1715 2773 ἀναίδην,
1735 2748 1744 2764 ι
1762 2737 1850 2772 impu-

1063 2777 1165 2804 denter.
1186 2788 1195 2802 ι

1099 2812 1137 2845 (2)
1154 2811 1278 2845 φανερά.
1297 2811 1371 2838 Pass.
1386 2809 1498 2846 ιροὸεράτ
1519 2819 1527 2834 ι
1546 2809 1694 2846 Horrenda.
1717 2818 1725 2833 ι

1098 2843 1136 2882 (5)
1157 2843 1401 2881 ’ων-(ηλιαί-τίτεῖα.
1416 2843 1481 2880 Reg.
1492 2845 1519 2878 ι»,
1534 2843 1742 2879 ὀνομαστότατα.
