2071 3133
221 139 275 168 867

845 145 878 175 S.
897 145 1062 174 GREGORII
1081 144 1254 174 TIlEOLOGl

1797 150 1849 178 668

219 199 266 234 qui
280 199 306 226 in
321 199 440 234 seipsum
458 200 573 235 primum
590 201 748 234 insanienti,
764 207 790 230 et
805 209 899 232 sancta
914 206 1010 240 protri-

1066 213 1110 236 ιον,
1123 205 1161 239 (4)
1177 205 1272 239 μανεὶς
1291 204 1338 231 καὶ
1355 204 1478 239 πατήσας
1493 204 1526 232 τὰ
1538 205 1613 239 ἇγια,
1631 206 1678 232 καὶ
1691 205 1721 232 τὸ
1739 207 1849 244 Πνεῦμα

220 249 308 277 verat,
330 245 498 281 Spiritulque
511 247 605 282 gratiae
619 249 812 276 contumeliam
829 250 956 278 intulerat
973 251 1006 278 '°.

220 289 364 318 Jeroboam
405 292 527 326 apposite
563 292 732 326 dixerimus,
776 300 823 322 aut
862 295 1007 324 lsraelitam

220 336 325 368 Achab,
342 337 465 365 homines
479 338 678 373 iniquissimos,
698 345 745 368 aut
761 339 918 377 Egyptium
934 342 1008 370 illum

222 381 403 416 Pharaonem,
434 387 482 410 aut
511 385 654 420 Assyrium
681 385 943 421 NabuchodOnosor,
967 389 1009 416 vel

223 428 281 455 haec
291 428 381 456 omnia
393 430 594 462 contrahentes,
604 439 686 458 unum
697 437 778 467 alque
789 434 912 462 eumdem
923 435 1010 462 nomi-

223 473 347 501 uabimus
363 484 370 501 :
386 476 606 510 quandoquidem
623 485 683 504 eum
697 479 817 506 omnium
829 480 893 507 vilia
911 481 936 508 in
950 488 1009 508 sese

225 517 367 553 collegisse
386 524 502 552 constat,
530 521 707 549 defectionem
727 530 823 558 nempe
838 523 918 560 15,9
930 523 1008 551 Jero-

221 562 530 596 hoam",credulitatem
537 566 629 593 Achab
636 566 671 600 ",
678 567 803 595 duritiem
820 567 1008 603 Pharaonis",

223 610 394 645 sacrilegium
417 611 731 645 Nabuchodonosoris“,
751 614 871 641 omnium
894 614 1010 650 denique

223 656 252 683 in
268 664 350 684 unum
369 657 544 685 collectorum
567 659 744 694 impietatem.
768 659 834 686 Cum
855 665 944 688 autem
963 669 1010 696 per

223 702 276 730 alia
295 704 387 731 omnia
404 702 500 732 fuisset
517 710 668 739 grassatus,
678 711 759 741 atque
769 714 849 734 omne
861 707 1010 742 tyrannidis

225 749 252 776 in
272 756 320 776 nos
337 753 364 776 et
378 750 547 778 crudelitatis
562 758 656 786 genus,
682 758 712 779 ut
736 752 794 780 leve
813 758 841 780 et
862 753 1008 786 abiectum,

224 795 435 830 contempsisset
460 795 532 830 (nec
546 797 619 824 enim
643 797 698 824 ulla
717 805 835 832 unquam
857 803 952 826 natura
976 799 1009 826 ad

223 841 358 868 malorum
383 841 567 870 inventionem
597 843 669 871 illius
701 849 799 871 natura
825 843 964 872 fecundior
983 849 1010 873 et

224 888 335 915 uberior
361 887 442 922 fuit),
473 889 506 915 ad
530 893 702 922 extremum,
725 889 877 918 Iudaeorum
905 875 1048 926 quoqueB

225 933 362 962 nationem
377 935 404 962 in
419 943 469 963 nos
483 935 606 970 immisit,
621 940 677 963 tum
688 936 772 963 veteri
787 943 879 964 eorum
893 936 1013 969 levitate,

226 983 282 1006 tum
309 980 459 1008 inveterato
483 981 568 1008 nostri
589 981 652 1008 odio
671 981 698 1008 in
717 981 837 1016 ipsorum
861 982 1013 1016 pectoribus

225 1025 295 1052 clam
310 1024 451 1060 ﬂagrante,
467 1026 500 1052 ad
517 1026 554 1059 id,
576 1026 646 1060 quod
678 1026 850 1059 moliebatur,
869 1027 1013 1061 perﬁcien-

226 1071 302 1104 dum,
317 1071 488 1105 adiutoribus
512 1079 594 1103 usus;
620 1072 687 1106 ipsis
708 1072 836 1099 nimirum
854 1072 879 1099 in
898 1073 1013 1107 patriam

226 1115 317 1143 redire
327 1123 360 1143 ac
374 1116 502 1151 templum
517 1117 684 1149 instaurare,
698 1117 902 1152 patriorumque
914 1118 1013 1145 rituum

226 1161 346 1197 vigorem
373 1169 517 1195 renovare,
545 1171 579 1191 ex
607 1164 724 1198 ipsorum
752 1163 856 1191 scilicet
881 1163 959 1192 libris
985 1168 1012 1192 et

1058 249 1108 284 τῆς
1124 250 1233 285 χάριτος
1249 249 1401 284 ἐνυϐρίσας.
1420 248 1560 284 Ἱεροὸοὰμ
1575 250 1661 276 εἰπεῖν
1675 251 1847 288 οἰκειότερον,

1058 296 1075 331 ἢ
1094 295 1194 330 ’Δχαὰὸ
1208 295 1429 330 τὺνῚσραηλίτην
1445 295 1494 330 (5),
1512 296 1575 327 τοὺς
1590 298 1848 332 παρανομωτάτους,

1059 341 1076 377 ἢ
1091 341 1191 377 Φαραὼ
1205 341 1251 368 τὸν
1271 341 1429 375 Αίγύπτιον,
1442 342 1459 376 ἦ
1477 341 1711 378 Ναϐουχοδονόσορ
1724 342 1770 369 τὸν
1787 343 1849 369 Ἀσ-

1060 387 1162 423 σύριον.
1175 387 1192 422 ἢ
1208 386 1293 413 ταῦτα
1310 387 1399 413 πάντα
1416 386 1454 422 (6)
1473 387 1646 418 συνελόντες,’
1657 388 1705 414 ἕνα
1730 389 1777 415 κα)⁸
1801 388 1849 415 τὸν

1059 433 1140 460 αὐτὸν
1159 433 1328 468 ὀνομάσομεν
1342 433 1396 467 (7)·
1413 433 1475 459 ἐπεὶ
1494 433 1541 460 καὶ
1562 432 1611 464 τὰς
1626 433 1734 460 πάντων
1749 434 1848 466 κακίας

1059 480 1099 511 εἰς
1127 479 1223 505 ἑαυτὸν
1255 479 1449 514 συλλεξάμενος
1472 479 1607 514 φαίνεται,
1637 479 1778 515 Ἱεροόοὰμ
1798 480 1848 514 τὴν

1060 523 1243 556 ἀποστασίαν,
1273 524 1375 559 Ἀχαὰό
1401 524 1450 560 τὴν
1475 524 1646 560 μιαιφονίαν,
1671 525 1771 560 Φαραὼ
1799 525 1848 560 τὴν

1061 569 1242 605 σκληρότητα,
1255 570 1488 606 Ναϐουχοδονόσορ
1499 571 1547 606 τὴν
1563 571 1723 606 ἱεροσυλίαν,
1740 571 1848 598 πάντων

1059 614 1127 650 ὁμοῦ
1163 615 1213 651 τὴν
1245 615 1382 642 ἀσέϐειαν.
1409 616 1485 642 Ἐπεὶ
1519 615 1547 642 δὲ
1582 617 1671 643 πάντα
1704 616 1847 650 διεξελθὼν

1059 661 1144 689 τᾶλλα
1162 662 1212 697 (8),
1229 663 1276 689 καὶ
1291 664 1344 689 πᾶν
1360 660 1429 694 εἶδος
1444 663 1493 698 τῆς
1512 663 1574 690 καθ’
1588 663 1667 699 ἡμῶν
1681 663 1847 699 τυραννίδος.

1060 708 1098 739 ὡς
1115 708 1211 743 μικρόν
1229 717 1253 734 τι
1269 708 1316 735 καὶ
1329 708 1440 742 ἀγεννὲς
1455 709 1590 744 ἀτιμάσας
1608 709 1649 743 (οὺ
1675 709 1728 745 γὰρ
1741 709 1848 743 ἐγένετο

1061 754 1237 790 ποριμωτέρα
1261 754 1341 788 φύσις
1367 754 1478 789 ἐκείνης
1497 754 1536 790 (9)
1555 755 1595 786 εἰς
1619 754 1713 782 κακῶν
1739 753 1847 789 εὕρεσιν

1060 800 1107 827 καὶ
1123 799 1268 835 ἐπίνοιαν),
1283 800 1360 832 τέλος
1372 800 1499 835 ἐπαφῆκε
1516 800 1605 827 καὶτὸ
1621 800 1755 827 Ἰουδαίων
1769 800 1850 834 φῦλον

1061 846 1126 881 ἡμῖν
1140 845 1188 880 τὴν
1207 845 1325 872 παλαιάν
1345 854 1374 872 τε
1390 845 1480 872 αὐτῶν
1499 845 1664 880 κουφότητα,
1681 845 1728 872 καὶ
1741 845 1771 871 τὸ
1789 844 1850 871 καθ’

1063 891 1141 927 ἡμῶν
1155 890 1257 918 ἀνωθεν
1272 891 1495 926 ὑποσμυχόμενον
1512 891 1540 917 ὲν
1552 891 1644 922 αὐτοῖς
1666 892 1742 926 μῖσος
1758 898 1851 926 συνερ-

1063 938 1111 972 γὸν
1128 937 1218 964 λαϐὼν
1231 937 1279 964 τοῦ
1293 937 1489 972 τεχνάσματος,
1505 936 1668 968 ὲπιθειάζων
1682 935 1737 971 (10)
1757 944 1785 962 τε
1804 935 1852 970 δῆ-

1064 984 1110 1011 θεν
1123 985 1155 1011 ὲκ
1171 984 1225 1011 τῶν
1249 984 1313 1020 παρ’
1327 984 1420 1015 αὐτοῖς
1439 983 1536 1018 βίῦλων
1558 983 1605 1009 καὶ
1627 983 1800 1018 ἀπορρήτων,
1814 981 1852 1013 ὡς

1064 1031 1112 1057 νῦν
1133 1031 1224 1062 αὐτοῖς
1238 1030 1418 1065 ἀποκείμενον
1434 1029 1476 1065 εἴη
1498 1029 1636 1056 κατελθεῖν
1659 1030 1699 1060 εἰς
1719 1028 1768 1064 τὴν
1789 1029 1853 1054 ἐαυ-

1064 1075 1129 1106 τῶν,
1151 1075 1197 1101 καὶ
1219 1074 1265 1101 τὸν
1285 1074 1352 1101 νεὼν
1369 1073 1581 1109 ἀναδείμασθαι,
1600 1074 1646 1100 καὶ
1661 1073 1714 1099 τῶν
1731 1073 1853 1109 πατρίων

1066 1120 1097 1146 τὸ
1114 1119 1213 1155 κράτος
1233 1119 1454 1150 ἀνανεώσασθαι,
1480 1119 1528 1146 καὶ
1547 1118 1788 1155 ἀποκρυπτόμενος
1809 1118 1838 1144 εὑ

1067 1166 1140 1196 νοίας
1157 1165 1295 1200 πλάσματι
1311 1165 1359 1200 τὴν
1375 1165 1506 1192 ἐπίνοιαν.

227 1208 335 1236 arcanis
347 1208 430 1236 fatale
442 1217 502 1238 esse
520 1210 668 1243 allirmans,
687 1218 720 1238 ac
734 1211 927 1239 benevolentiae
941 1211 1030 1246 specie
1044 1218 1224 1240 commentum
1240 1213 1292 1240 hoc
1305 1215 1452 1241 occultans.

263 1265 308 1293 IV.
324 1265 472 1301 Postquam
498 1273 588 1294 autem
614 1266 672 1294 hac
697 1267 724 1293 in
743 1267 864 1294 animum
891 1267 1010 1301 induxit,

226 1311 349 1346 ipsisque
364 1311 501 1346 persuasit
525 1311 535 1346 (
549 1311 629 1339 facile
652 1312 725 1339 enim
745 1312 924 1347 imposturam
938 1312 1012 1347 facit,

227 1357 362 1392 quidquid
385 1358 503 1385 delectat
514 1357 535 1392 ),
567 1358 605 1385 illi
622 1358 732 1393 quidem
749 1359 783 1385 ad
797 1358 890 1393 templi
905 1363 1014 1386 exstru.

229 1402 348 1430 ctionem
363 1410 394 1430 se
408 1410 580 1438 comparare,
598 1403 719 1437 atquein
733 1403 760 1430 id
781 1410 861 1438 opus,
878 1408 906 1430 et
931 1411 1012 1430 manu

228 1448 324 1480 multa,
350 1454 377 1476 et
399 1449 485 1476 animi
509 1448 650 1476 alacritate
677 1456 709 1476 ac
725 1448 819 1476 labore
846 1448 1013 1476 incumbere.

228 1493 295 1520 Illud
321 1494 394 1521 enim
414 1497 536 1525 narrant,
567 1494 613 1528 qui
639 1501 734 1521 eorum
760 1501 804 1521 res
833 1493 1012 1525 admirantur,

1099 1269 1135 1295 A’.
1157 1269 1232 1296 Ἐπεὶ
1242 1269 1270 1295 δὲ
1283 1268 1368 1295 ταῦτα
1379 1269 1425 1295 καὶ
1440 1267 1563 1304 διενοήθη
1577 1269 1623 1294 καὶ
1647 1268 1754 1294 ἔπεισεν
1765 1267 1853 1303 (εὔκο-

1067 1314 1112 1340 λον
1128 1314 1183 1350 γὰρ
1195 1315 1234 1345 είς
1245 1314 1353 1349 ἀπάτην
1362 1313 1393 1340 τὸ
1409 1313 1477 1349 πρὸς
1488 1314 1583 1349 ἡδονὴν
1601 1313 1695 1350 ἅπαν),
1708 1315 1733 1339 οἱ
1750 1314 1799 1348 μὲν
1814 1313 1853 1345 ὡς

1069 1359 1266 1393 ἀναστήσοντες
1281 1357 1430 1385 διενοοῦντο
1456 1358 1486 1384 τὸ
1512 1358 1593 1393 ἱερὸν,
1619 1358 1666 1385 καὶ
1681 1359 1753 1393 χειρὶ
1768 1358 1852 1393 πολλῇ

1067 1404 1114 1430 καὶ
1133 1403 1272 1440 προθυμίᾳ
1289 1404 1353 1439 περὶ
1366 1404 1396 1430 τὸ
1407 1404 1486 1440 ἔργον
1503 1403 1705 1440 ἐταλαιπώρουν
1717 1413 1723 1418 ·
1739 1404 1804 1438 φασί
1820 1403 1853 1438 γέ

1067 1459 1107 1476 τοι
1120 1451 1167 1476 καὶ
1184 1450 1233 1482 τὰς
1245 1451 1376 1484 γυναῖκας
1389 1449 1478 1476 αὐτῶν
1493 1450 1517 1476 oi
1535 1449 1570 1476 τὰ
1578 1449 1687 1476 ἐκείνων
1703 1448 1854 1484 θαυμάζον-

1066 1504 1122 1527 τεςη,
1140 1496 1171 1522 οὐ
1192 1495 1272 1531 μόνον
1290 1495 1411 1526 ἅπαντας
1424 1495 1485 1527 τοὺς
1509 1496 1574 1531 περὶ
1590 1495 1621 1521 τὸ
1640 1495 1719 1530 σῶμα
1735 1495 1852 1530 κόσμους

229 1547 329 1568 uxores
358 1547 468 1575 quoqtte
492 1539 615 1574 ipsorum
645 1547 700 1566 non
727 1539 808 1567 modo
834 1540 1013 1567 matronalem

1066 1541 1257 1577 περιελομένας
1273 1541 1387 1576 ἑτοίμως
1402 1541 1586 1577 συνεισφέρειν
1599 1540 1638 1575 τῷ
1652 1541 1724 1576 ἔργῳ
1735 1541 1783 1567 καὶ
1796 1541 1853 1571 τοῖς

229 1593 341 1613 omnem
371 1585 505 1613 mundum
529 1584 708 1620 corporisque
732 1589 860 1612 ornatum
890 1589 1016 1620 prompto

229 1632 322 1659 animo
338 1632 501 1662 detraxisse,
520 1635 603 1665 atque
627 1631 654 1658 in
674 1630 766 1666 operis
791 1635 958 1659 structuram
975 1632 1015 1658 la-

229 1678 440 1713 horantiutnque
457 1685 537 1713 opem
562 1677 724 1710 contulisse,
740 1685 834 1705 verum
857 1685 891 1705 eo
907 1685 1016 1713 quoque

230 1726 322 1753 animo
337 1726 432 1758 fuisse,
450 1730 489 1756 ut,
515 1728 615 1752 terram
641 1724 701 1752 sinu
727 1724 880 1756 eﬂ‘erentes,
910 1731 942 1751 ac
966 1731 1017 1751 nec

229 1771 352 1798 vestibus
367 1769 508 1806 praeclaris
522 1774 549 1798 et
561 1769 717 1805 exquisitis,
734 1777 785 1797 nec
809 1770 909 1798 teneris
930 1777 1016 1796 mem-

231 1817 287 1845 bris
301 1822 453 1852 parcentes,
470 1817 578 1852 pietatis
592 1816 680 1844 ollicio
694 1823 755 1843 sese
768 1814 846 1850 fungi
874 1815 1016 1843 existima-

230 1867 301 1892 rent.
315 1863 461 1899 omniaque
481 1864 534 1890 ltoc
552 1867 654 1890 couatu
673 1861 803 1890 inferiora
826 1861 965 1889 ducerent.
981 1860 1017 1888 Ut

230 1917 306 1942 vero,
331 1917 403 1936 srcvo
427 1909 534 1936 turbine
555 1917 587 1937 ac
606 1908 748 1944 repentina
767 1907 911 1936 aestuantis
936 1913 1016 1936 terrae

230 1955 380 1990 agitatione
396 1954 478 1982 simul
495 1962 549 1982 una
564 1954 676 1990 repulsi,
688 1954 722 1981 ad
734 1953 916 1989 propinquum
929 1953 1017 1988 quod-

230 2001 293 2028 dam
320 2001 450 2036 templum
475 2005 665 2036 perrexerunt,
691 2000 739 2027 alii
765 2000 897 2027 Orationis
921 2007 1014 2031 causa,

231 2048 289 2080 alii,
306 2052 336 2075 ut
365 2047 392 2074 in
421 2048 579 2082 huiusmodi
605 2047 687 2074 rebus
713 2046 836 2074 accidere
863 2047 941 2080 solet,
971 2054 1015 2080 co,

231 2093 304 2128 quod
316 2093 489 2125 oﬂerehatur,
506 2094 539 2120 ad
556 2093 671 2128 periculi
691 2092 924 2127 propulsationem
939 2096 1016 2120 uten-

232 2143 284 2171 tes,
300 2138 346 2166 alii
364 2146 426 2166 cum
439 2139 558 2166 tumultu
575 2146 628 2165 una
642 2143 813 2173 proruentes,
829 2145 861 2165 ac
874 2146 935 2164 cuin
951 2145 1015 2165 cur-

232 2185 356 2212 rentibus
373 2185 454 2212 simul
471 2185 630 2217 illahentes;
649 2188 714 2211 sunt
730 2183 777 2219 qui
793 2191 840 2211 eos
860 2192 893 2211 ne
917 2191 932 2210 a
949 2188 1016 2210 tetu-

1069 1587 1255 1622 πονουμένοις,
1279 1586 1346 1614 ἀλλὰ
1360 1587 1407 1613 καὶ
1424 1588 1479 1619 τοῖς
1499 1586 1611 1618 κόλποις
1625 1586 1669 1614 τὸν
1692 1586 1756 1622 χοῦν
1771 1588 1853 1621 ἐκφε-

1071 1633 1178 1670 ρούσας,
1196 1634 1243 1660 καὶ
1266 1632 1327 1659 οὔτε
1354 1632 1514 1664 πολυτελοῦς
1539 1633 1663 1668 ἐσθῆτος,
1686 1632 1746 1659 οὕτε
1766 1633 1854 1668 μελῶν

1070 1680 1236 1715 ἀπαλότητος
1251 1679 1422 1714 φειδομένας,
1438 1679 1561 1705 εὐσεϐεῖν
1587 1678 1689 1706 οἴεσθαι
1704 1679 1751 1706 καὶ
1766 1679 1854 1706 πάντα

1069 1725 1172 1752 ἐλάττω
1183 1724 1301 1760 νομίζειν
1313 1723 1360 1750 τοῦ
1376 1723 1584 1759 ἐγχειρήματος.
1599 1723 1642 1755 Ὠς
1651 1723 1680 1749 δὲ
1694 1723 1746 1749 ὑπὸ
1756 1723 1854 1757 ἀγρίας

1073 1770 1202 1802 λαίλαπος
1220 1770 1266 1796 καὶ
1282 1769 1404 1805 βρασμοῦ
1420 1769 1472 1804 γῆς
1495 1769 1570 1803 ἄφνω
1584 1768 1772 1800 συνελαθέντες
1786 1768 1852 1803 (11),

1069 1817 1114 1844 ἐπί
1135 1826 1161 1843 τι
1187 1817 1241 1844 τῶν
1258 1816 1369 1852 πλησίον
1391 1816 1481 1851 ἱερῶν,
1497 1817 1521 1842 οι
1538 1816 1587 1851 μὲν
1603 1816 1640 1848 ὡς
1661 1815 1854 1847 ἱκετεύσαντες,

1069 1864 1212 1900 ὥρμησαν,
1223 1865 1247 1890 οἱ
1261 1863 1374 1898 δὲ,ὅπερ
1387 1862 1442 1898 (12)
1456 1863 1547 1894 ἐντοῖς
1556 1863 1686 1894 τοιούτοις
1701 1861 1772 1897 φιλεῖ
1786 1870 1854 1896 συμ-

1069 1910 1180 1941 6αίνειν,
1198 1909 1237 1945 τῷ
1252 1909 1365 1944 παρόντι
1382 1908 1518 1944 χρώμενοι
1545 1909 1612 1945 πρὸς
1626 1908 1762 1944 βοήθειαν,
1787 1908 1812 1934 oi
1825 1907 1854 1934 δὲ

1069 1953 1155 1985 ἄλλως
1162 1955 1195 1989 τῇ
1210 1954 1313 1989 ταραχῇ
1326 1952 1536 1988 συμφερόμενοι,
1547 1952 1593 1979 καὶ
1608 1953 1663 1984 τοῖς
1678 1951 1768 1978 Θέουσι
1787 1959 1854 1978 συν-

1068 2001 1265 2031 εισπίπτοντες.
1288 1999 1348 2025 Εἰσὶ
1369 1998 1418 2034 μὲν
1434 1998 1458 2024 οῖ
1471 1998 1605 2032 λέγουσιν,
1618 1998 1655 2029 ὼς
1667 1997 1727 2023 οὐδὲ
1740 1997 1771 2023 τὸ
1784 1996 1854 2032 ἱερὸν

1069 2046 1166 2077 αὐτοὺς
1183 2045 1373 2081 προσεδέξατο,
1403 2044 1460 2070 ἀλλ’
1480 2043 1720 2079 ἀναπεπταμέναις
1737 2042 1852 2078 προσελ-

1070 2092 1161 2123 θόντες
1180 2093 1240 2122 ταῖς
1256 2091 1363 2122 πύλαις,
1380 2089 1606 2121 ὲπικλεισθείσαις
1619 2089 1673 2124 (15)
1687 2089 1811 2124 ἐνέτυχον
1823 2088 1854 2114 ἔκ

1069 2147 1139 2169 τινος
1150 2137 1265 2172 ἀοράτου
1282 2137 1330 2163 καὶ
1348 2136 1403 2172 (14)
1420 2135 1539 2170 ἀφανοῦς
1561 2136 1712 2169 δυνάμεως,
1723 2136 1740 2170 ἢ
1751 2135 1784 2161 τά
1801 2143 1855 2160 τοι·

1070 2183 1139 2210 αὕτα
1159 2183 1213 2218 (l5)
1222 2183 1398 2218 τερατουργεί
1414 2181 1480 2216 πρὸς
1491 2181 1540 2215 τὴν
1555 2180 1608 2206 τῶν
1623 2179 1727 2206 ἀσεϐῶν
1738 2181 1746 2202 f
1752 2179 1793 2215 l6)
1807 2188 1855 2206 κα-

269 2266 292 2282 ¹⁶
307 2265 389 2294 Hebr.
407 2275 434 2298 Χ,
447 2265 491 2292 29.
528 2265 550 2281 "
564 2265 594 2292 Ill
610 2264 676 2298 Reg.
691 2272 741 2297 xtl,
755 2265 800 2292 26.
838 2265 862 2280 ⁸³
879 2265 911 2292 111
927 2265 1013 2300 Reg.)

1066 2284 1071 2298 ,
1086 2262 1133 2290 26.
1169 2262 1191 2277 δ’
1210 2261 1292 2288 Exod.
1310 2268 1358 2291 vn,
1371 2259 1414 2286 22.
1453 2259 1475 2275 ⁸ο
1492 2258 1524 2286 ιν
1538 2258 1602 2294 Reg.
1618 2266 1679 2292 xxv,
1694 2259 1720 2286 9.

269 2334 308 2368 (1)
331 2334 454 2360 Ἑαυτοῦ
472 2334 599 2368 πρῶτον.
612 2334 649 2361 Ita
665 2339 719 2361 tres
734 2334 798 2369 Reg.
815 2333 867 2361 Alii
881 2341 944 2361 vero
959 2338 1012 2361 tres

1067 2368 1071 2369 ν
1099 2331 1155 2369 (15)
1173 2329 1452 2369 ἶΕπικλεισθείσαις.
1463 2329 1508 2356 Sic
1519 2329 1597 2365 vulgo
1607 2329 1685 2357 codd.
1696 2329 1767 2356 Edit.
1776 2336 1848 2362 vero,

234 2369 299 2401 Reg.
317 2374 345 2395 et
357 2370 403 2395 0r.
422 2370 433 2396 1
451 2370 484 2396 ad
495 2377 577 2404 marg.
595 2369 713 2404 πρώτου.

271 2404 309 2438 (5)
331 2404 527 2438 Ἰσραηλίτην.
546 2405 591 2432 Sic
606 2412 700 2431 omnes
718 2405 834 2435 codices,
853 2415 861 2429 ε
880 2404 955 2438 quasi
968 2411 1013 2431 rex

235 2440 423 2474 schismaticus
431 2445 458 2466 et
472 2445 609 2474 tyrannus.
626 2449 634 2464 ι
658 2439 816 2473 Suspicatur
828 2439 910 2466 Mout.
927 2439 1016 2473 legen-

217 2473 222 2509 λ
235 2476 310 2507 dum,
330 2473 511 2510 Ἰσραηλίτών,
528 2484 537 2499 ‹
555 2475 656 2509 Regum
670 2474 753 2501 lsrael
767 2474 1012 2510 sceleratissimos.)

235 2510 299 2544 Quae
317 2509 396 2536 lectio
414 2518 466 2537 non
483 2510 615 2543 displicet,
636 2509 681 2536 scd
703 2510 766 2536 nulli
789 2510 881 2535 favent
897 2509 1013 2535 codices.

271 2544 308 2559 IR\
327 2545 363 2559 ἰιι
389 2545 481 2559 -ιυίἶιη
507 2544 601 2559 ,τιληη
637 2544 701 2559 ρμιι.
737 2545 753 2559 α
787 2545 802 2559 ³
821 2543 854 2559 ολ.
867 2544 952 2559 ...ιη-η

271 2544 309 2615 (6;
327 2545 363 2570 Ἣ
389 2545 482 2572 ταῦτα
504 2544 610 2571 πάντα.
637 2544 711 2572 Colb.
737 2545 764 2576 5,
787 2545 802 2579 ἢ
821 2543 855 2570 τά
867 2544 964 2571 πάντα.

271 2580 297 2614 (7
331 2580 542 2620 Ὀνρμᾴσομεκ
564 2580 629 2614 Reg.
642 2580 706 2620 _btn,
717 2580 904 2620 ovopdawpay'.
919 2579 1015 2619 ﬁctam

235 2615 455 2647 interrogationis
478 2614 525 2642 hic
544 2614 693 2649 ponendam
717 2614 864 2641 arbitratur
880 2614 1014 2640 Heinsius.

269 2649 308 2686 (8)
319 2649 427 2678 Τᾶλλα.
442 2650 504 2678 Mss.
516 2650 737 2686 couunuuiusgri
752 2650 828 2676 ἄλλα.

334 2686 427 2719 Φύσις
437 2686 564 2719 ἐκείνης.
584 2694 593 2710 ι
613 2684 762 2720 Ingenium,
781 2684 894 2712 indoles.
910 2693 919 2709 ι
935 2682 1016 2710 Savil.

235 2719 541 2789 ὲκῗῖᾌῗυῖΕπιθεώζων.
562 2764 571 2780 ‹
591 2754 642 2782 Per
660 2754 742 2781 Deum
755 2754 904 2786 obtestans,
919 2753 1019 2781 divino-

237 2798 290 2825 que
301 2799 333 2818 cx
345 2792 384 2818 eis
397 2791 497 2822 alliatu,
513 2797 601 2826 quem
610 2790 736 2826 ﬁngebat,
748 2797 870 2826 monens,
888 2798 896 2814 ι
913 2793 964 2816 ctc.

273 2826 329 2859 (11)
341 2824 570 2858 Συνελαθένέες.
582 2824 657 2851 Colit.
677 2825 703 2857 5,
714 2824 929 2855 συνελασθέντες.

273 2861 329 2897 (12)
344 2862 444 2895 ’Ὸπείκ
459 2862 524 2895 ιιι-ε.
541 2869 565 2894 a,
578 2860 680 2894 ὥσπερ.

1099 2331 1157 2392 (15ὲ
1173 2331 1255 2357 Ἐπικ

1065 2368 1141 2393 ὲπιτε
1160 2365 1255 2396 είσαις.

1103 2401 1158 2436 (14)
1179 2400 1319 2434 Ἀοράτου
1347 2400 1406 2426 καί.
1430 2400 1468 2426 lla
1497 2406 1562 2426 mss.
1593 2403 1621 2426 et
1646 2398 1721 2426 editi.
1741 2399 1770 2426 In
1790 2399 1852 2427 Par.

1066 2437 1150 2468 deest,
1165 2436 1222 2463 καί.

1103 2471 1158 2504 (15)
1174 2472 1212 2498 ’Ἠ
1222 2469 1257 2496 τὰ
1270 2469 1401 2504 τοιαῦτα,
1417 2469 1481 2504 Reg.
1495 2469 1552 2503 bm,
1572 2467 1694 2504 ἢταῦτα.

1105 2507 1160 2540 (16)
1176 2505 1237 2532 Τῶν
1262 2503 1388 2531 ἀσεϐῶν.
1407 2503 1470 2539 Reg.
1486 2511 1512 2536 a,
1527 2504 1553 2535 b,
1574 2503 1631 2540 bin,
1652 2509 1679 2530 et
1692 2503 1739 2531 0r.
1758 2504 1783 2537 1,
1801 2505 1854 2531 τῶν

1068 2539 1248 2568 ἀσεϐούντων.
1264 2539 1346 2566 Porro
1371 2539 1404 2566 de
1427 2540 1468 2566 Itis
1495 2539 1632 2566 miraculis
1653 2540 1854 2567 consentientes

1069 2577 1210 2607 habemus,
1235 2582 1287 2601 non
1303 2579 1406 2600 tantum
1429 2574 1636 2605 Theodoretum,
1662 2573 1852 2606 Sozomenum,

1070 2611 1211 2643 Rufinum,
1238 2610 1480 2644 Chrysostotnum,
1503 2609 1693 2640 Ambrosium,
1722 2609 1853 2644 Hierony—

1070 2654 1155 2674 mum.
1169 2650 1232 2677 etc.,
1242 2644 1286 2671 scd
1297 2643 1379 2671 etiam
1389 2643 1485 2671 .luliani
1495 2645 1662 2672 adoratorem
1671 2643 1852 2675 Ammianum,

1071 2683 1125 2708 itno
1149 2680 1254 2707 Judreus
1269 2679 1350 2712 ipsos.
1368 2678 1444 2706 Unde
1465 2679 1647 2711 Sozomenus,
1662 2679 1708 2706 lib.
1724 2687 1750 2709 ν,
1767 2686 1792 2705 c.
1806 2679 1851 2709 ‘21,

1071 2716 1108 2742 ait
1123 2727 1129 2743 :
1148 2725 1157 2741 r
1173 2714 1257 2742 Judaei
1276 2714 1324 2748 ipsi
1339 2721 1370 2740 ac
1382 2713 1494 2748 gentiles
1505 2714 1584 2741 tidem
1599 2713 1709 2744 faciant,
1724 2714 1769 2748 qui
1785 2721 1854 2748 opus

1071 2750 1256 2785 imperfectum
1282 2749 1450 2779 dimiserunt.
1474 2754 1531 2781 aut,
1548 2753 1581 2785 uti
1593 2749 1684 2785 verius
1705 2749 1802 2785 dicam.
1819 2756 1853 2775 ne

1072 2783 1199 2813 inchoare
1213 2784 1321 2819 quidem
1343 2789 1498 2818 potuerunt.
1521 2794 1530 2810 ι
1543 2783 1690 2814 Addamus,
1705 2783 1756 2810 nisi
1768 2791 1854 2819 quian-

1072 2825 1127 2848 tmn
1144 2818 1254 2848 neccs'se
1271 2819 1331 2849 luit.
1352 2824 1379 2845 ttt
1396 2828 1405 2844 ‹
1423 2827 1456 2846 ne
1469 2819 1535 2854 lapis
1550 2826 1630 2852 super
1642 2819 1756 2852 lapidem
1771 2818 1851 2845 relin-

1073 2860 1212 2891 queretur,
1242 2864 1251 2881 ι
1279 2859 1369 2889 egesta
1403 2853 1504 2882 scilicet
1530 2854 1610 2882 etiam
1634 2861 1649 2881 e
1674 2853 1854 2880 fundamentis
