2071 3133
276 193 329 223 669

774 197 903 226 ORATIO
928 205 955 225 ν.
984 214 1018 218 -
1037 197 1177 226 CONTRA
1196 197 1367 226 JULIA‘NUM
1387 198 1418 226 ll.

1848 198 1900 227 670

275 254 417 290 τάπληξιν,
429 256 475 282 καὶ
489 256 542 283 τῶν
554 257 675 284 εὐσεεῶν
692 257 841 292 ἀσφαλειαν
851 267 857 273 ·
873 258 887 284 ὂ
901 258 929 284 δὲ
942 259 1059 290 ἅπαντες

1114 258 1156 293 plo
1183 258 1294 293 quidem
1324 258 1459 285 admissos
1485 256 1571 285 fuisse
1599 264 1823 289 commemorent,
1852 265 1899 284 seu

275 300 325 335 ἤδη
342 301 388 326 καὶ
406 300 513 334 λέγουσι
536 303 582 328 καὶ
611 301 794 334 πιστεύουσιν,
819 303 860 329 ὅτι
886 302 1064 338 βιαζομένους

276 347 373 377 αὐτοὺς
395 347 442 373 καὶ
469 347 688 382 φιλονεικοῦντας
705 349 768 384 περὶ
792 349 841 384 τὴν
872 349 984 381 εἴσοδον,
1008 349 1064 385 πῦρ

275 391 387 427 ἔστησεν
403 392 562 428 ἀπαντῆσαν
576 394 608 421 ὲκ
620 393 666 420 τοῦ
682 394 764 429 ἱεροῦ,
777 394 824 420 καὶ
846 394 909 425 τοὺς
927 394 977 429 μὲν
997 403 1064 421 κατ-

274 436 369 471 έφλεξε
394 438 441 464 καὶ
466 438 603 473 ἀνήλωσεν
644 439 691 475 (ὡς
706 439 798 473 ὅμοιόν
814 448 841 465 τι
878 440 942 474 περὶ
966 440 1064 472 αὐτοὺς

276 483 412 519 συμὸἦναι
427 485 482 515 τοῖς
498 484 650 519 Σοδομιτῶν
667 485 792 517 πάθεσιν,
803 485 820 519 ἢ
837 485 875 521 τῷ
888 487 953 521 περ).
972 486 1065 513 Νάδαὸ

275 529 321 555 καὶ
344 529 449 556 Ἀὃιοὺδ
464 529 583 564 θαύματι
596 529 679 562 ξένως
696 530 742 556 καὶ
758 530 907 566 θυμιάσασι
920 531 967 558 καὶ
976 531 1064 558 κινδυ-

276 575 409 607 νεύσασι),
424 575 487 606 τοὺς
503 575 531 601 δὲ
546 575 600 602 τῶν
623 575 737 611 καιρίων
756 576 969 612 ἀκρωτηριάσαν
989 577 1044 613 (17)
1055 597 1062 610 ,

276 621 376 656 στήλην
389 621 494 655 ἀφῆκεν
506 621 626 656 ἔμψυχον
639 622 689 657 τῆς
695 621 742 648 τοῦ
750 621 818 648 Θεοῦ
831 623 900 649 κατὰ
911 623 964 649 τῶν
976 624 1065 659 ἁμαρ-

275 666 368 693 τωλῶν
383 666 498 701 ἀπειλῆς
515 667 562 694 καὶ
576 668 719 702 κινήσεως.
739 667 826 694 Τοῦτο
840 668 889 703 μὲν
904 668 936 704 δὴ
949 668 1062 701 τοιοῦτο,

275 713 322 738 καὶ
336 712 485 738 ἀπιστείτω
503 713 607 747 μηδεὶς,
623 713 663 739 ὅτι
676 713 743 749 μηδὲ
759 713 814 749 (18)
827 715 889 746 ταῖς
907 714 1000 746 ἄλλαις
1016 715 1062 742 τοῦ

274 757 341 784 Θεοῦ
355 757 499 792 δυνάμεσιν
514 765 519 772 ·
534 758 548 784 ὃ
565 757 593 784 δὲ
613 757 653 784 ἔτι
671 759 766 785 τούτου
782 759 837 794 (19)
851 759 1064 796 παραδοξότερον

275 803 322 830 καὶ
337 803 578 838 περιφανέστερον,
598 803 662 840 ἔστη
688 804 746 838 φῶς
771 805 800 830 ἐν
821 804 860 840 τῷ
878 805 984 840 οὐρανῷ
1007 805 1063 841 (20)

274 850 318 876 τὸν
336 850 452 886 σταυρὸν
476 849 646 886 περι-γράφον
661 850 716 885 (21)
728 871 736 883 ,
757 851 804 878 καὶ
823 851 853 878 τὸ
870 852 1002 887 πρότερον
1018 852 1064 878 ἐπὶ

275 896 327 932 γῆς
339 895 540 932 ἀτιμαζόμενον
552 897 608 928 τοῖς
620 896 710 928 ἀθέοις
726 897 773 923 καὶ
788 899 880 933 σχῆμα
905 898 952 924 καὶ
977 898 1062 933 ὄνομα

1116 312 1178 332 cum
1195 305 1228 331 ad
1246 308 1354 339 apertas
1372 303 1445 331 fores
1459 303 1648 334 accessissent.
1667 307 1777 337 repente
1791 304 1898 330 easdem

1114 349 1222 376 clausas
1248 349 1414 383 pessuloque
1441 348 1574 376 obductas
1598 348 1755 381 otl‘endisse,
1782 348 1900 382 potentia

1114 395 1233 430 quadam
1254 396 1397 428 invisibili,
1414 403 1476 430 qua:
1500 395 1533 422 ad
1556 394 1702 428 impiorum
1722 399 1852 421 terrorem
1869 401 1900 420 ac

1114 441 1221 476 piorum
1248 441 1464 469 incolumitatem
1490 440 1647 475 hujusmodi
1662 439 1783 475 prodigia
1808 439 1899 467 eﬂicit.

1114 486 1171 514 [loc
1184 491 1273 515 autem
1291 495 1345 515 uno
1366 488 1423 523 jam
1449 494 1498 514 ore
1523 494 1618 514 omnes
1644 485 1775 517 referunt,
1801 494 1833 513 ac
1852 494 1901 521 pro

1115 537 1191 561 certo
1207 533 1318 566 habent,
1338 533 1417 569 15o
1431 533 1505 568 quod
1519 541 1566 560 eos
1580 540 1687 560 summa
1703 532 1728 558 vi
1743 536 1825 567 atque
1835 540 1902 559 con-

1114 579 1234 614 tentiope
1261 579 1416 615 ingressum
1435 579 1486 606 sibi
1508 578 1613 613 aperire
1639 583 1781 611 conantes,
1799 578 1868 612 ignis
1885 585 1900 604 e

1114 625 1215 659 templo
1231 632 1378 652 occurrens
1392 625 1527 657 inhibuit,
1541 628 1568 651 et
1582 624 1650 651 alios
1662 624 1770 659 quidem
1795 623 1900 650 exussit

1113 673 1140 696 et
1156 669 1307 706 absumpsit
1335 671 1378 705 (ut
1395 670 1484 697 simile
1518 669 1645 705 quiddam
1661 670 1737 705 ipsis,
1761 670 1833 705 quod
1849 670 1900 697 So-

1113 714 1244 748 domitis,
1272 715 1403 742 acciderit
1414 715 1450 748 ",
1472 719 1521 742 aut
1547 715 1628 746 etiam
1655 715 1728 749 quod
1752 714 1845 742 Nadab
1874 719 1902 742 et

1113 760 1203 787 Abiud
1217 760 1250 793 ⁶¹,
1272 760 1319 796 qui
1335 761 1467 788 inusitato
1484 768 1561 788 more
1582 765 1609 788 et
1630 761 1692 788 thus
1711 760 1898 792 adoleverunt,

1113 809 1140 833 et
1155 806 1279 841 oppressi
1303 807 1400 842 sunt),
1419 807 1488 834 alios
1513 814 1579 834 vero
1609 798 1754 842 pracipuis
1777 806 1900 840 corporis

1112 851 1237 886 partibus
1254 856 1407 886 truncatos,
1433 853 1522 880 vivam
1545 853 1701 880 columnam
1724 852 1822 879 divina:
1850 852 1900 879 ad-

1114 905 1210 925 versus
1228 902 1386 932 peceatores
1406 899 1627 926 comminationis
1648 902 1674 925 et
1691 898 1822 925 motionis
1837 898 1900 925 reli—

274 942 320 968 νῦν
335 943 363 968 ὲν
374 941 482 977 οὐρανῷ
496 941 632 968 δείκνυται
650 942 732 968 πᾶσιν
748 942 854 977 ἐπίσης,
882 943 929 969 καὶ
955 942 1060 977 γίνεται

1115 943 1183 978 quit.
1192 943 1281 979 Atque
1293 944 1346 972 hoc
1360 944 1470 979 quidem
1488 944 1520 972 ad
1534 945 1608 972 hunc
1622 945 1734 972 modum
1750 952 1780 972 se
1794 943 1900 976 habuit,

272 988 402 1023 τρόπαιον
418 987 457 1023 τῷ
472 987 530 1022 Θεῷ
542 988 591 1023 τῆς
613 987 684 1014 κατὰ
695 988 749 1015 τῶν
764 987 870 1015 ἀσεϐῶν
896 988 983 1024 νίκης,
1001 997 1063 1024 τρο-

275 1033 354 1060 παίου
369 1033 469 1065 παντὸς
485 1033 660 1069 ὑψηλότερον.

1117 996 1167 1016 nec
1189 990 1270 1017 ﬁdem
1288 991 1434 1026 quisquam
1457 990 1578 1024 deroget,
1601 990 1653 1018 nisi
1672 990 1718 1026 qui
1737 990 1832 1017 eadem
1856 996 1901 1016 ra-

1117 1037 1191 1064 tione
1208 1037 1268 1065 aliis
1284 1045 1394 1072 quoque
1411 1037 1458 1065 Dei
1476 1037 1616 1064 miraculis
1630 1037 1732 1064 nullam
1749 1037 1827 1064 ﬁdem
1843 1037 1892 1063 ha-

273 1081 388 1109 bendam
409 1085 496 1116 putet.
515 1080 593 1114 Quod
619 1085 708 1108 autem
727 1081 779 1109 hoc
800 1081 881 1109 etiam
900 1081 1052 1109 mirabilius
1069 1082 1225 1119 clariusque
1254 1084 1315 1118 fuit,
1345 1085 1392 1112 lux
1412 1085 1440 1111 in
1471 1084 1540 1111 caelo
1556 1084 1641 1116 stetit,
1666 1091 1775 1111 crucem
1802 1084 1829 1111 in
1850 1091 1896 1111 or-

273 1128 333 1156 bem
351 1129 521 1160 describens,
538 1136 571 1156 ac
584 1135 684 1156 nomen
702 1129 768 1156 illud
785 1134 812 1157 et
832 1129 928 1165 ﬁgura,
950 1137 1011 1165 qua:
1027 1130 1054 1157 in
1074 1135 1146 1158 terra
1159 1133 1235 1167 prius
1251 1133 1342 1167 impiis
1358 1132 1527 1168 contemptui
1546 1131 1644 1165 fuerat,
1679 1132 1705 1158 in
1737 1132 1807 1159 cmlo
1823 1139 1895 1159 nunc

273 1177 400 1204 omnibus
417 1184 451 1204 ex
484 1183 562 1211 aequo
580 1177 749 1210 ostenditur,
770 1176 879 1213 Deoque
900 1178 1018 1206 victoriae
1042 1179 1174 1208 adversus
1196 1181 1294 1216 impios
1313 1181 1461 1216 trophreum
1475 1181 1599 1212 eﬂicilur,
1613 1180 1733 1215 trophmo
1746 1179 1820 1206 omni
1844 1187 1892 1206 su-

273 1224 382 1252 blimius
401 1228 428 1251 et
456 1223 639 1258 prmstantius.

310 1271 349 1297 E'.
369 1269 442 1305 Πρὸς
457 1269 542 1296 ταῦτα
556 1269 583 1295 τί
603 1269 734 1305 φήσουσιν
757 1269 782 1295 oi.
795 1269 841 1295 τοῦ
859 1268 955 1301 αἰῶνος
968 1269 1062 1296 τούτου

273 1316 360 1350 σοφοὶ,
379 1316 426 1342 καὶ
443 1315 477 1342 τὰ
498 1315 562 1350 παρ’
577 1315 670 1346 αὐτοῖς
685 1314 934 1350 ἀποσεμνύνοντες,
960 1316 985 1342 οἱ
1014 1316 1063 1348 τὰς

274 1360 382 1396 βαθείας
403 1361 507 1396 ὑπήνας
520 1360 654 1391 ἕλκοντες,
674 1359 721 1386 καὶ
736 1359 766 1385 τὸ
780 1359 884 1394 κομψὸν
902 1360 1063 1395 περισύρον-

271 1415 317 1439 τες
333 1406 388 1442 (22)
401 1407 466 1442 ἡμῖν
479 1406 622 1442 τριϐώνιον
636 1414 642 1438 ;
656 1405 845 1441 ἀντιδιήγησαί
859 1414 903 1440 μοι
920 1406 966 1432 καὶ
982 1405 1013 1432 σὺ
1025 1405 1059 1431 τὰ

273 1453 317 1483 σὰ,
329 1454 343 1479 ὁ
354 1454 417 1484 τοὺς
433 1452 554 1488 μακροὺς
567 1451 663 1486 λόγους
677 1452 800 1487 γράφων,
814 1451 861 1477 καὶ
874 1450 922 1482 τὰς
930 1451 1060 1482 ἀπίστους

275 1499 407 1530 συντιθεὶς
421 1498 552 1534 ἱστορίας,
577 1498 625 1524 καὶ
643 1496 766 1532 κεχηνὼς
786 1497 854 1532 πρὸς
867 1496 900 1523 τὰ
917 1496 972 1523 ἄνω
991 1496 1059 1532 (23),

273 1543 320 1570 καὶ
331 1543 386 1570 τῶν
396 1542 526 1578 οὐρανίων
537 1541 780 1577 καταψευδόμενος,
794 1541 840 1568 καὶ
852 1540 958 1567 πλέκων
972 1541 1003 1567 ἐκ
1012 1540 1061 1575 τῆς

1153 1270 1183 1298 ν.
1201 1271 1242 1298 Ad
1259 1271 1317 1298 haec
1334 1278 1416 1305 porro
1431 1271 1496 1306 quid
1513 1270 1612 1298 dicturi
1628 1275 1692 1298 sunt
1711 1269 1792 1304 hujus
1808 1269 1900 1296 szcculi

1115 1315 1261 1350 sapientes,
1288 1322 1392 1350 suaque
1416 1314 1568 1349 magniﬁcis
1599 1313 1690 1341 verbis
1713 1315 1899 1344 exornantes,

1115 1362 1161 1397 qui
1180 1361 1330 1397 profundas
1344 1361 1444 1388 barbas
1469 1364 1586 1396 gestant,
1614 1366 1646 1386 ac
1661 1363 1759 1387 scttum
1774 1363 1802 1386 et
1816 1366 1900 1386 venu-

1115 1414 1187 1435 slum
1207 1407 1317 1443 pallium
1336 1407 1469 1434 trahunt?
1496 1406 1537 1433 Tu
1561 1413 1670 1441 quoque
1697 1409 1743 1432 tua
1773 1405 1840 1432 mihi
1866 1412 1900 1432 ex

1115 1454 1228 1481 adverso
1252 1461 1346 1483 narra.
1365 1453 1412 1488 qui
1428 1453 1548 1488 prolixas
1573 1452 1712 1479 orationes
1736 1451 1898 1482 conscribis,

1115 1499 1296 1534 historiasque
1312 1507 1327 1526 a
1356 1499 1408 1526 ﬁde
1429 1498 1606 1526 abhorrentes
1630 1497 1754 1529 conﬁcis,
1770 1501 1852 1531 atque
1866 1496 1900 1523 ad

1115 1553 1212 1581 supera
1241 1545 1342 1576 inhias,
1372 1544 1495 1579 falsaque
1518 1544 1551 1572 de
1577 1543 1733 1571 caelestibus
1760 1542 1898 1577 loqueris.

273 1589 326 1616 τῶν
344 1589 465 1624 ἀστέρων
482 1588 536 1623 (24)
547 1588 679 1623 κινήσεως
692 1587 741 1619 τὰς
753 1587 874 1620 γενέσεις
886 1586 933 1612 καὶ
943 1586 978 1612 τὰ
992 1594 1060 1621 συμ-

1114 1596 1192 1626 atque
1218 1590 1375 1618 nativitates
1402 1595 1428 1617 et
1451 1597 1543 1617 rerum
1567 1594 1681 1616 eventus
1704 1595 1739 1615 ex
1763 1593 1899 1615 astrorum

274 1636 416 1668 ὃαῐνοντα;
442 1635 512 1669 Λέγε
532 1643 577 1670 μοι
595 1634 641 1660 καὶ
656 1635 688 1660 σὺ
705 1634 768 1664 τοὺς
783 1633 845 1664 σοὺς
860 1633 989 1668 ἀστέρας,
1016 1632 1061 1658 τὸν

280 1682 420 1718 Ἀριάδνης
444 1682 585 1716 στέφανον,
610 1680 658 1707 καὶ
679 1680 724 1707 τὸν
747 1679 895 1715 Βερενίκης
910 1678 1060 1713 πλόκαμον,

274 1729 321 1756 καὶ
337 1728 382 1754 τὸν
410 1727 511 1762 ἀσελγῆ
526 1726 643 1758 Κύκνον,
658 1726 704 1752 καὶ
729 1725 774 1752 τὸν
793 1725 922 1760 ὑϐριστὴν
939 1724 1059 1759 Ταῦρον·

274 1776 298 1801 si
313 1775 342 1801 δὲ
354 1774 453 1808 βούλει,
477 1773 523 1800 τὸν
541 1772 681 1808 Ὀφιοῦχόν
702 1771 758 1807 ('25)
784 1780 841 1803 σου,
861 1771 907 1797 καὶ
919 1770 964 1797 τὸν
979 1769 1060 1804 Αἰγό-

277 1829 351 1856 κερω
365 1819 433 1854 (26),
450 1819 498 1846 καὶ
513 1819 559 1846 τὸν
574 1818 688 1850 Λέοντα,
707 1817 802 1848 ἄλλους
816 1825 846 1843 τε
869 1817 947 1848 ὅσους
962 1815 1008 1842 ἐπὶ
1022 1815 1061 1850 τῷ

275 1866 351 1901 κακῷ
377 1865 432 1901 (27)
452 1865 599 1901 γνωρίσας,
621 1864 638 1900 ἢ
662 1863 739 1896 θεοὺς
755 1863 771 1899 ἢ
786 1863 904 1899 ἀστέρας
918 1862 1059 1898 ἐποίησας.

275 1912 330 1938 ΙΙοῦ
344 1912 376 1939 σὺ
387 1911 480 1938 τοῦτον
491 1910 548 1947 (28)
562 1910 634 1946 ἔχεις
647 1910 694 1936 τὸν
713 1909 813 1937 κύκλον
830 1910 859 1936 ἐν
871 1910 927 1940 τοῖς
942 1909 998 1940 σοῖς
1015 1916 1064 1943 μαι

246 1958 248 1994 ᾗ
276 1958 395 1994 θήμασι;
412 1957 467 1984 Ποῦ
479 1958 508 1984 δὲ
521 1957 567 1984 τὸν
581 1957 628 1983 ἐπὶ
645 1956 768 1993 Βηθλεὲμ
781 1957 918 1992 δραμόντα
932 1956 1062 1991 πρότερον

248 2004 250 2037 ἶ
275 2004 308 2031 ὲκ
317 2004 366 2039 τῆς
377 2003 447 2039 ἑῴας
458 2003 572 2040 ἀστέρα,
599 2003 643 2030 τὸν
654 2003 750 2038 ὁδηγὸν
761 2002 814 2030 τῶν
832 2002 885 2029 σῶν
898 2001 999 2036 Μάγων
1016 2001 1062 2028 καὶ

250 2041 253 2082 ί
276 2050 404 2087 πρόξενον
419 2059 426 2082 ;
446 2050 519 2085 Ἐχω
534 2058 559 2077 τι
582 2049 660 2084 κάγὼ
680 2050 769 2083 λέγειν
792 2050 824 2076 ὲκ
836 2049 891 2075 τῶν
908 2048 1040 2084 οὐρανίων
1053 2057 1059 2063 -

248 2091 253 2130 ,r‘
276 2096 377 2127 ἐκεῖνος
399 2094 447 2130 τὴν
465 2093 582 2130 Χριστοῦ
612 2093 764 2130 παρουσίαν
779 2093 947 2129 ἀνεδήλωσεν
965 2092 1020 2128 (29)
1048 2094 1062 2120 ὁ

244 2136 247 2146 ί
277 2142 363 2178 ἀστήρ
373 2149 379 2156 ·
394 2138 470 2173 οὗτος
485 2141 533 2176 τῆς
550 2140 668 2177 Χριστοῦ
684 2140 763 2176 νίκης
778 2141 792 2166 ὁ
814 2140 955 2174 στέφανος.

1114 1640 1191 1662 motu
1210 1635 1358 1662 contexis?
1376 1634 1471 1662 Sidera
1497 1641 1606 1669 quoque
1629 1638 1674 1661 tua
1700 1633 1766 1660 mihi
1783 1640 1898 1668 expone,

1114 1681 1248 1708 Ariadnes
1266 1688 1408 1713 coronam,
1423 1684 1451 1707 et
1473 1679 1619 1707 Berenices
1644 1686 1762 1711 comam,
1779 1683 1807 1705 et
1830 1678 1900 1705 sala-

1114 1732 1172 1751 cem
1186 1723 1321 1759 Cygnum,
1336 1728 1361 1750 et
1379 1723 1543 1758 petulantem
1561 1721 1695 1754 Taurum;
1706 1726 1789 1756 atque
1804 1721 1897 1751 etiam.

1114 1770 1137 1797 si
1150 1770 1186 1797 ita
1204 1769 1258 1802 vis,
1277 1769 1448 1803 Ophiuchum
1473 1773 1561 1800 tuum,
1587 1772 1614 1795 et
1639 1767 1847 1802 Capricornum,
1872 1771 1900 1793 et

1115 1814 1245 1847 Leonem,
1266 1815 1389 1849 aliosque
1404 1821 1510 1845 omnes,
1525 1821 1604 1848 quos,
1631 1813 1667 1840 ob
1685 1813 1787 1839 malum
1807 1812 1900 1847 cogni-

1113 1865 1165 1892 tos,
1178 1860 1219 1887 vel
1233 1860 1260 1887 in
1276 1861 1399 1892 deorum,
1416 1859 1457 1886 vel
1477 1860 1505 1886 in
1521 1859 1641 1887 siderum
1657 1865 1801 1885 numerum
1818 1858 1900 1884 ascri-

1113 1908 1200 1944 psisti.
1216 1907 1268 1935 Ubi
1283 1913 1311 1935 tu
1327 1908 1399 1935 hunc
1413 1908 1544 1942 circulum
1563 1907 1589 1934 in
1605 1911 1650 1934 tua
1666 1905 1780 1933 mathesi
1797 1904 1900 1931 habes?

1116 1953 1165 1982 Ubi
1179 1954 1261 1982 etiam
1285 1955 1390 1982 stellam
1410 1954 1495 1985 illam,
1509 1954 1649 1988 Magorum
1668 1956 1776 1979 tuorum
1802 1950 1898 1978 ducem

1114 2005 1142 2028 et
1161 2001 1314 2035 auspicem,
1329 2008 1390 2036 quas
1408 2000 1484 2036 prius
1500 2000 1534 2027 ab
1548 2004 1610 2027 ortu
1628 1999 1654 2026 in
1679 1997 1834 2025 Bethlehem
1851 2005 1899 2023 cu-

1115 2048 1201 2076 currit
1212 2048 1258 2075 "?
1283 2047 1342 2083 Ipse
1367 2055 1476 2084 quoque
1503 2048 1627 2075 nonnihil
1653 2047 1739 2074 habeo
1767 2045 1838 2080 quod
1865 2044 1899 2072 de

1117 2094 1272 2121 ctelestibus
1287 2093 1419 2121 disseram
1434 2103 1441 2120 :
1458 2093 1536 2121 stella
1549 2093 1594 2120 illa
1610 2091 1711 2120 Christi
1727 2091 1898 2126 prresentiam

1116 2139 1245 2167 indicavit
1258 2149 1265 2168 :
1280 2140 1338 2167 haec
1353 2139 1475 2167 victoria:
1492 2139 1593 2167 Christi
1609 2145 1709 2165 corona
1724 2137 1785 2164 fuit.

312 2233 334 2249 “
345 2232 412 2260 Gen.
422 2239 479 2264 xu,
493 2232 539 2259 24.
578 2231 695 2260 “Levit.
717 2241 745 2264 ιι,
764 2232 792 2259 2.
831 2231 953 2259 "Matth.
969 2239 999 2265 ιι,
1012 2231 1024 2258 1
1039 2238 1113 2266 seqq.

278 2313 370 2340 humo.
385 2317 422 2339 .ta
440 2312 514 2347 impii
529 2312 663 2346 Apostatm
685 2319 757 2346 spes,
776 2320 839 2346 qua,
856 2317 885 2339 ut
897 2319 958 2338 cum
974 2311 1062 2338 Theo-
1079 2315 1101 2342 ι)
1117 2321 1126 2337 ι
1139 2313 1286 2340 delineaus.
1311 2320 1320 2336 ι
1334 2311 1357 2344 ρ

278 2349 371 2374 doreto
386 2348 490 2381 loquar,
505 2347 587 2379 Πίσα,
604 2348 650 2374 lib.
668 2355 710 2380 tu,
723 2356 747 2374 c.
767 2348 810 2379 l7,
821 2357 830 2372 ‹
842 2354 902 2374 sese
915 2347 973 2374 ialsi
990 2355 1060 2380 prae-

277 2382 422 2410 dictionem
431 2382 536 2408 Domini
548 2382 734 2409 convicturum
750 2390 809 2410 esse
820 2382 958 2416 sperabat,
981 2391 990 2406 ι
1008 2381 1059 2408 im-

277 2418 348 2452 pleta
359 2421 414 2448 est,
427 2417 553 2452 utslultis
572 2417 629 2451 ipse
645 2418 700 2444 suis
717 2422 809 2444 contra
827 2418 910 2444 Deum
930 2416 1060 2444 consiliis.

278 2451 395 2483 nescius,
410 2451 561 2486 invitusque
569 2451 744 2486 adimplenda:
751 2452 875 2479 servierit
884 2452 1060 2486 pmdietioni,

279 2494 337 2548 aut:
349 2487 446 2521 alioqui
465 2487 497 2513 ad
509 2487 637 2513 amussim
657 2487 768 2514 necdum
781 2487 911 2521 completa
922 2492 989 2518 erat,
998 2494 1060 2513 cum

298 2521 539 2548 ecimatnuuintam
551 2522 712 2548 catechesim
729 2523 858 2548 scriberet
874 2522 989 2548 Cvrillus
999 2521 1060 2548 Hie-

298 2521 539 2556 ecimatnquintam
551 2522 712 2549 catechesim
729 2523 858 2550 scriberet
874 2522 989 2557 Cyrillus
999 2521 1060 2548 Hie-

279 2556 500 2591 rosolymitanus.

313 2590 370 2652 (1;)
386 2590 634 2626 Ἀκρωτηριάσαν.
648 2591 686 2619 Ita
708 2600 771 2619 tnss.
784 2599 886 2619 omnes.
898 2591 968 2618 Edit.
979 2592 1061 2626 ἀκρο-

313 2635 337 2652 οι
358 2635 416 2652 σας.

277 2631 416 2657 τεριασας.

311 2635 451 2696 ἳίῖῖαὲὸτι
476 2661 564 2696 μηδέ.
595 2660 640 2688 Sic
668 2661 744 2689 Pass.
769 2661 869 2696 aliique
884 2661 974 2696 plures
988 2661 1061 2688 codi-

279 2703 340 2730 ces;
357 2705 366 2722 I
385 2697 614 2730 Quandoquidem,
635 2706 643 2721 ι
660 2703 714 2724 etc.
729 2697 785 2728 Vel,
801 2705 810 2722 ι
831 2699 852 2723 si
877 2698 955 2723 modo
967 2697 1059 2723 aliis...

280 2732 358 2792 Ιὶώὲἓι
372 2740 425 2759 non
449 2732 571 2765 abrogat.
589 2732 680 2760 )Edit.
696 2732 757 2758 Par.
783 2732 842 2758 Ald.
869 2738 896 2758 et
918 2731 998 2759 llerv.
1022 2731 1061 2757 ἔτι

282 2774 317 2792 um
352 2787 356 2792 .

282 2774 356 2800 μησε-

315 2801 370 2837 (l9)
384 2802 418 2828 ‘0
431 2801 466 2828 δὲ
475 2801 645 2829 ἐτιτούτου.
660 2803 706 2829 Sic
723 2810 788 2829 mss.
809 2809 912 2829 omnes.
936 2801 1015 2829 Deest
1036 2801 1061 2828 in

281 2835 341 2862 Par.
352 2835 417 2864 edit.
433 2837 536 2863 τούτου.

316 2872 371 2909 (20)
387 2871 429 2904 Τῷ
442 2872 566 2909 οὐρανῷ.
587 2873 674 2905 Deest,
690 2873 738 2908 τῷ,
754 2875 779 2902 in
789 2874 919 2909 pluribus.

317 2908 372 2942 (ῖ-Ἰ)
396 2907 590 2942 Ιιείνιηκὶέέσν.
626 2907 760 2936 «Crucem
784 2907 976 2940 describens,»
1005 2911 1061 2939 aut,

1359 2310 1402 2337 uid
1415 2309 1449 2337 sit
1460 2316 1525 2336 crux
1541 2309 1566 2335 in
1581 2308 1674 2334 orbem
1689 2306 1823 2340 descripta
1842 2315 1895 2334 non

1115 2348 1201 2375 video.
1221 2343 1379 2374 Miraculiim
1401 2344 1470 2371 istud
1501 2343 1653 2371 testimonio
1671 2349 1719 2369 suo
1738 2343 1898 2369 conﬁrmant

1113 2382 1330 2417 Chrysoslomns.
1340 2379 1583 2417 Rulinus,’l‘heoll.,
1593 2378 1697 2417 soloin.
1705 2398 1712 2409 ,
1724 2378 1896 2410 Socrat.,etc.

1149 2413 1206 2453 (ἢ)
1221 2417 1448 2453 Περισὺροντρς.
1472 2425 1481 2440 ι
1492 2413 1737 2453 _(Jireumferun_t._i

1160 2448 1205 2485 '25)
1230 2448 1309 2485 Πρὸς
1333 2448 1369 2477 τὰ
1393 2450 1464 2476 ἅνω.
1491 2449 1556 2482 Reg.
1569 2456 1595 2480 α,
1609 2449 1649 2485 εἰς
1661 2448 1695 2485 τὰ
1707 2448 1771 2485 ἄνω.

1160 2456 1205 2487 1'5)
1230 2456 1309 2485 Πρὸς
1334 2456 1369 2477 τα
1393 2456 1464 2476 ανω.
1491 2456 1556 2482 tteg.
1569 2456 1595 2480 ιι,
1609 2456 1649 2480 εις
1661 2456 1695 2474 τα
1707 2456 1769 2474 ανω.

1113 2456 1220 2549 augt)"
1249 2485 1404 2519 Ἀστέριον.
1444 2485 1500 2512 Duo
1530 2485 1594 2518 Reg.
1626 2483 1700 2510 Colb.
1736 2483 1769 2515 Ιι,

1133 2530 1230 2549 στρων.

1148 2531 1481 2592 ἷὲἕίνκοφιοῦχόννσου.
1511 2563 1522 2592 ι
1542 2554 1762 2592 serpetitariitm._
1784 2563 1793 2578 ι
1822 2553 1897 2579 Pass.

1114 2589 1164 2619 cor.
1178 2589 1302 2625 suntqui
1320 2591 1501 2625 Aisculapium
1518 2590 1674 2624 intelligant,
1693 2589 1763 2622 quod
1780 2596 1897 2623 anguem

1114 2635 1195 2654 manu
1213 2633 1307 2654 tenens
1321 2627 1484 2660 pingeretur.

1131 2662 1203 2722 ό(26)
1216 2658 1424 2696 ΛὶγόκερωῘΙιιι
1436 2659 1556 2695 plerique
1572 2659 1687 2686 codices.
1697 2658 1758 2685 l‘ar.
1776 2659 1840 2686 edit.
1852 2658 1900 2684 Δί-

1147 2705 1242 2722 κεοων.

1147 2706 1176 2723 κε
1180 2705 1242 2723 οων.

1113 2705 1289 2767 γοῖἐςῗῖὶῖπὶ
1304 2731 1343 2762 τῷ
1355 2730 1446 2763 κακῷ.
1465 2740 1473 2755 ι
1493 2730 1533 2756 Ab
1547 2729 1644 2764 insigni
1663 2735 1732 2755 malo
1749 2733 1837 2760 notos,
1853 2736 1900 2755 ce-

1114 2768 1211 2794 lebres.
1231 2776 1239 2791 ι

1150 2802 1205 2836 (28)
1224 2801 1341 2828 Τοῦτον.
1357 2801 1437 2827 Coisl.
1451 2799 1478 2830 9,
1490 2800 1601 2826 τούτων.

1151 2833 1206 2870 (29)
1232 2836 1446 2868 Ἀνεδήιωσεν.
1462 2836 1575 2862 Codices
1603 2834 1783 2867 communitis,
1800 2833 1899 2869 ἐδήλω-

1117 2881 1169 2898 σεν.
1183 2872 1263 2900 Coisl.
1279 2872 1306 2905 ‘2,
1322 2871 1465 2906 ἐμήνυσεν.

1793 2490 1840 2511 Ur.
1869 2483 1895 2515 1,
