2071 3133
197 172 248 202 67!

819 177 848 206 S.
869 178 939 207 GRE
945 179 1040 208 GORll
1059 179 1233 212 THEOLOGI

1780 178 1831 207 672

232 230 277 258 Vl.
294 231 382 267 Atque
395 232 453 260 haec
468 232 535 260 mihi
548 232 582 260 de
595 233 753 261 coelestibus
776 239 858 270 atque
872 235 981 270 superis1

1076 235 1122 270 ς’.
1138 236 1230 263 Ταῦτα
1240 235 1289 271 μὲν
1301 235 1333 262 ἐκ
1344 234 1400 261 τῶν
1415 234 1548 270 οὐρανίων
1562 234 1609 262 καὶ
1622 243 1676 261 των
1689 234 1746 262 ἅνω
1759 243 1831 269 cup-ﬁ

195 285 257 312 quae
274 285 324 313 pro
338 286 435 314 magna
454 287 496 311 ea,
518 287 579 314 quae
595 279 623 306 in
643 281 772 308 universo
797 281 894 314 elucet,
918 289 985 309 con-

196 324 288 352 cordia
301 329 328 352 et
344 325 545 354 necessitudine
561 326 643 354 rebus
659 327 762 354 nostris
778 328 984 360 condolescunt,

196 370 268 398 dicta
293 372 357 398 sint.
385 371 450 404 Quae
467 379 532 400 vero
558 377 721 407 sequuntur,
745 372 905 402 Psalmistes
928 374 984 409 jam

195 417 261 444 mihi
274 418 393 452 expleat:
406 417 440 444 Et
455 419 531 454 151
544 419 663 447 ciuitates
685 419 869 447 destruxisti“
884 421 925 455 (ut
943 429 986 448 ve-

196 467 267 490 teres
278 463 337 490 illas
347 463 495 491 obeasdcm
510 464 688 498 impietates),
702 465 773 492 inter
786 465 870 499 ipsas,
882 465 984 499 quibus

195 509 222 535 in
239 515 288 535 nos
302 510 457 543 utebantur,
475 510 641 545 iniquitates,
658 511 758 545 partim
773 511 842 537 tnari
857 510 982 544 obrutas,

194 554 293 588 partim
314 559 392 582 terra:
405 560 479 582 motu
496 559 647 590 prostratas
672 560 698 582 et
715 563 837 588 eversas,
863 559 894 583 ut
920 563 984 590 pro-

194 601 342 634 pemodum
359 601 384 628 id
407 602 479 636 quod
503 602 637 636 reliquum
661 606 714 635 est,
740 602 831 629 dicere
857 601 982 636 possim:

194 645 279 674 Periit
302 648 431 674 memoria
450 656 542 674 earum
565 656 624 674 cum
644 648 734 674 sonitu
747 647 780 679 ⁵⁵.
805 651 832 674 et
850 647 925 674 claro
951 654 984 675 ac

193 692 294 719 celebri
311 693 406 720 exitio.
422 692 508 720 Tanta
523 693 595 720 enini
611 693 690 720 ruina
706 697 748 721 est
765 697 894 728 tantaque
917 701 984 720 con-

194 737 290 766 tractio
302 747 396 766 earum
417 747 449 766 ac
467 739 573 766 illarum
588 747 649 774 quae
663 747 678 766 e
693 739 782 766 vicino
799 743 873 772 sunt,
892 739 981 766 maxi-

192 791 291 819 meque
305 784 402 812 harum
416 793 477 820 qure
492 786 630 820 impietate
645 785 825 818 delectantur,
840 790 870 813 ut
883 785 907 813 si
919 785 982 820 quis

191 830 273 856 etiam
290 838 385 857 earum
404 831 630 858 instaurationem
645 831 754 866 aggredi
769 831 878 864 audeat,
894 831 980 858 multo

192 880 315 910 tempore
334 877 367 904 ad
382 884 442 904 eam
458 884 514 904 rem
530 884 598 912 opus
611 876 734 904 futurum
748 877 793 904 sit.

1040 283 1198 318 πασχόντων
1213 283 1269 313 τοῖς
1291 281 1445 317 ἡμετέροις,
1472 280 1542 307 κατὰ
1563 281 1612 316 τὴν
1635 280 1757 316 μεγάλην
1781 280 1829 307 τοῦ

1039 328 1140 360 παντὸς
1167 327 1301 363 ἁρμονίαν
1323 336 1354 354 τε
1375 327 1423 353 καὶ
1451 327 1601 353 οἱκείωσιν·
1627 326 1661 353 τὰ
1684 326 1713 353 δὲ
1737 325 1799 361 ἑξῆς
1816 327 1830 352 ὁ

1038 371 1144 407 ψαλμὸς
1159 371 1213 406 (50)
1228 371 1428 406 συμπληρούτω
1441 379 1497 406 μοι’
1515 371 1555 398 ὅτι
1571 370 1627 398 Καὶ
1643 371 1747 404 πόλεις
1760 373 1831 398 καθ-

1038 418 1118 451 εῖλες
1144 418 1191 453 (ὡς
1211 418 1260 450 τὰς
1280 417 1397 450 παλαιὰς
1413 418 1521 449 ὲκείνας
1533 417 1580 444 ἐπὶ
1595 419 1652 448 τοῖς
1663 417 1754 449 αὐτοῖς
1767 418 1830 444 ἀσε-

1039 464 1072 499 ὃή
1077 464 1180 499 μασιν),
1191 466 1219 491 ὲν
1227 465 1321 496 αὐταῖς
1331 466 1392 496 ταῖς
1405 463 1466 491 καθ’
1480 463 1558 500 ἡμῶν
1570 463 1765 499 παρανομίαις,
1779 463 1830 495 τὰς

1040 510 1090 545 μὲν
1103 510 1250 544 πελάγεσιν
1279 510 1498 542 ὲπικλυσθείσας,
1525 509 1575 541 τὰς
1592 510 1619 536 δὲ
1644 509 1748 544 σεισμῷ
1764 517 1830 536 κατ-

1037 555 1204 590 ενεχθείσας,
1215 556 1253 587 ὡς
1269 555 1367 591 μικροῦ
1377 556 1424 582 καὶ
1434 556 1465 582 τὸ
1479 555 1637 590 λειπόμενον
1650 555 1721 590 ἔχειν
1730 555 1827 586 εἰπεῖν,

1037 601 1077 628 ὅτι
1098 601 1239 628 Ἀπώλετο
1251 601 1284 628 τὸ
1293 603 1494 636 μνημόσυνον
1504 600 1603 628 αὐτῶν
1614 601 1667 637 (51)
1674 602 1737 635 μετ’
1748 600 1767 634 ἢ
1771 609 1827 635 χον

1037 647 1083 673 καὶ
1096 646 1258 683 περιϐοήτου
1275 647 1324 682 τῆς
1338 646 1474 678 ἀπωλείας
1484 653 1492 661 ·
1505 646 1623 681 τοσαύτη
1637 646 1691 682 γὰρ
1706 647 1794 673 αὐτῶν
1810 647 1826 681 ἡ

1037 691 1150 725 πτῶσις,
1168 693 1213 719 καὶ
1226 692 1333 719 τοιοῦτο
1344 692 1401 727 (3‘2)
1418 692 1448 719 τὸ
1464 691 1633 728 σύντριμμα,
1653 693 1700 718 καὶ
1720 691 1773 718 τῶν
1794 692 1827 718 ὲκ

1035 738 1164 772 γειτόνων
1177 738 1243 774 (55),
1257 738 1305 765 καὶ
1321 738 1438 773 μάλιστα
1453 739 1486 773 τῇ
1502 737 1614 773 ἀσεϐείᾳ
1630 737 1685 772 (54)
1701 745 1827 773 περιχαι-

1037 784 1147 819 ρόντων,
1175 784 1213 816 ὡς
1243 784 1299 820 (55)
1327 784 1424 810 πολλοῦ
1456 784 1552 820 χρόνου
1582 784 1637 811 δεῖν
1665 785 1771 815 αὑταῖς,
1801 783 1828 809 si

1034 838 1077 861 τις
1103 829 1158 864 ἄρα
1185 829 1231 856 καὶ
1256 829 1402 865 τολμήσειε
1430 829 1509 856 τοῦτο
1535 830 1604 866 πρὸς
1629 829 1685 866 (56)
1711 829 1827 865 ἐπανόρο

1034 875 1127 902 θωσιν.

227 921 282 949 V'll.
295 923 334 950 Ac
359 928 437 950 terrm
457 923 564 957 quidem
581 928 609 950 et
631 923 693 951 caeli
715 924 774 950 hac
794 927 900 951 ostenta
923 923 981 952 fue-

1070 923 1107 949 Z'.
1128 919 1192 958 ’Ἆρ’
1203 919 1250 950 οὖν
1261 922 1297 958 γῆ
1311 922 1361 957 μὲν
1374 921 1446 949 οὕτω
1457 922 1504 948 καὶ
1516 921 1644 957 οὐρανός
1658 921 1712 957 ἀὴρ
1727 920 1782 957 (57)
1797 921 1825 947 δὲ

191 971 256 993 runt
275 974 282 992 :
298 973 423 994 caaterum
445 975 492 994 aer
511 967 664 1001 httjustnodi
690 973 811 1002 tempore
823 968 925 996 nihilne
940 969 980 996 in-

191 1011 269 1046 signe
283 1012 376 1044 edidit,
395 1019 445 1039 nec
463 1012 596 1046 passionis
615 1011 716 1039 Christi
730 1012 814 1047 signis
826 1011 981 1040 sanctiﬁca-

193 1060 236 1082 tus
256 1056 319 1083 est?
336 1056 480 1083 Proferam
502 1064 575 1084 nunc
591 1063 699 1091 quoque
724 1061 814 1084 vestes
840 1064 914 1089 suas,
933 1057 980 1092 qui

192 1101 272 1135 hujus
291 1102 415 1130 miraculi
441 1107 610 1137 spectatores
634 1108 662 1130 et
687 1103 788 1130 conscii
805 1103 979 1135 exstiterunt,

191 1147 263 1181 illas,
278 1148 494 1182 ittquam,crucis
508 1149 580 1176 notis
595 1153 658 1176 tttnc
674 1149 778 1177 inustas
796 1154 823 1177 et
835 1150 980 1184 consigna-

191 1199 242 1221 tas.
261 1194 347 1221 Simul
360 1194 432 1221 enim
446 1202 478 1221 ac
493 1195 644 1230 quispiam,
660 1195 717 1222 sive
738 1199 905 1227 nostrorum,
921 1196 978 1223 sive

191 1245 345 1266 exterorum
374 1240 430 1266 ltzec
448 1240 585 1273 narrabat,
606 1245 653 1267 aut
678 1245 820 1268 narrantes
844 1242 980 1274 audiebat,

191 1286 281 1313 statim
294 1286 345 1313 hoc
358 1286 529 1319 miraculum,
538 1287 579 1314 vel
592 1287 618 1313 in
629 1287 729 1322 soipso,
737 1287 780 1313 vel
795 1288 821 1314 itt
832 1287 921 1314 vicino
932 1295 982 1314 suo

191 1333 383 1367 perspiciebat,
402 1333 525 1360 stellatus
551 1333 680 1360 nimirum
704 1333 762 1367 ipse
778 1333 902 1368 notisque
925 1334 981 1360 dis-

191 1378 307 1412 tinctus,
325 1379 368 1406 vel
391 1379 464 1406 illum
492 1378 572 1406 talem
602 1379 628 1406 in
659 1379 829 1406 vestimentis
857 1379 980 1412 intuens,

192 1431 299 1451 omnem
324 1425 434 1451 textorii
460 1424 568 1452 artificii
596 1424 778 1459 elegantiam,
803 1429 849 1452 aut
876 1432 982 1451 summa

192 1478 255 1497 cura
283 1470 448 1497 elaboratam
473 1471 607 1505 picturam
637 1470 773 1498 varietate
798 1476 981 1505 superantem.

192 1517 257 1550 Quae
272 1524 314 1544 res
329 1517 510 1550 spectantium
533 1517 643 1544 animos
662 1521 737 1544 tanto
750 1521 861 1552 stupore
880 1516 980 1549 affecit,

192 1568 221 1590 ut
230 1570 325 1591 omnes
336 1564 430 1597 ferme,
442 1563 519 1597 quasi
531 1571 565 1590 ex
579 1563 655 1598 signo
667 1570 731 1597 uno,
745 1568 827 1598 atque
838 1571 892 1590 una
905 1571 980 1594 voce.

191 1609 408 1637 Christianorum
433 1609 516 1637 Deum
542 1610 718 1643 invocarent,
748 1616 865 1643 eumque
890 1609 982 1636 multis

191 1654 314 1682 laudibus
327 1656 506 1690 precibusque
519 1655 628 1689 placare
640 1655 795 1688 studerent;
813 1654 889 1682 mttlti
900 1655 980 1682 etiam

192 1707 244 1727 non
267 1700 293 1727 in
319 1701 424 1736 longius
448 1709 504 1729 rem
527 1701 714 1733 extrahentes,
736 1701 783 1728 sed
805 1701 898 1728 eodem
923 1700 982 1735 ipso

193 1751 326 1781 tempore,
338 1754 392 1781 quo
408 1747 465 1774 haec
479 1746 647 1779 acciderunt,
658 1747 691 1774 ad
704 1746 861 1774 sacerdotes
875 1750 981 1774 nostros

193 1798 380 1827 properantes,
396 1793 525 1820 adhibitis
542 1793 635 1820 multis
649 1793 776 1827 precibus
790 1793 816 1820 in
832 1792 980 1820 Ecclesiam

192 1839 315 1871 admissi,
343 1846 375 1866 ac
401 1839 603 1867 sublimioribus
629 1839 767 1874 mysteriis
794 1839 890 1866 imbuti
916 1838 981 1871 sint,

193 1893 271 1912 sacro
289 1885 452 1920 baptismate
467 1886 616 1921 puriﬁcati,
635 1891 718 1921 atque
744 1886 889 1915 utilitatem
901 1893 933 1914 ex
950 1885 985 1913 ti-

192 1938 269 1958 more
284 1932 434 1959 consecuti.

228 1976 295 2004 Vlll.
315 1977 354 2004 Ita
369 1977 479 2013 quidem
494 1985 524 2006 se
539 1985 583 2006 res
602 1979 748 2006 habebant.
774 1978 898 2006 Julianus
918 1986 984 2006 vero

193 2021 295 2049 furoris
311 2022 410 2048 sensim
426 2022 635 2057 ingravescentis
649 2028 733 2050 (nstro
750 2023 867 2057 percitus
881 2028 908 2050 et
923 2023 980 2057 agi-

194 2069 278 2096 tatus,
292 2065 324 2092 ad
338 2065 424 2100 ipsum
440 2065 626 2093 calamitatum
648 2075 757 2094 suarutn
775 2071 854 2102 caput
872 2069 980 2096 tandem

192 2111 310 2138 devenit.
329 2111 364 2139 Ut
386 2111 458 2138 enim
474 2111 690 2140 Christianorum
707 2120 751 2140 res
772 2121 804 2140 ex
820 2113 904 2140 animi
918 2121 980 2141 sen-

193 2157 276 2183 tentia
289 2164 318 2184 se
335 2157 434 2185 habere
450 2157 626 2191 existimavit,
642 2163 724 2193 atque
738 2165 770 2185 ex
783 2159 835 2190 his,
848 2166 908 2194 quae
919 2159 976 2194 jam

226 2236 248 2252 “
260 2236 332 2264 Psal.
349 2246 387 2271 Ix,
404 2238 429 2265 7.
468 2239 566 2267 “ibid.

226 2299 282 2362 (ξιξ)
315 2301 448 2335 Ψαλμός.
476 2301 544 2336 Reg.
574 2301 628 2335 hu,
659 2301 719 2329 Ald.
753 2305 781 2329 et
808 2301 888 2330 Herv.
913 2301 1020 2337 ψαλ-ι)

226 2344 234 2360 ›
266 2344 289 2362 :.

226 2370 406 2406 (51)Αὺτῷν.
420 2370 476 2406 Duo
496 2371 561 2406 Reg.
581 2371 674 2398 αὑτοῦ.

225 2405 280 2439 (52)
297 2405 422 2432 Τοιοῦτο.
438 2405 483 2432 Sic
498 2405 561 2433 mss.
574 2406 642 2434 Edit.
656 2415 730 2439 vero,
743 2407 871 2434 τοιοῦτον.

225 2440 282 2476 (55)
299 2440 360 2467 Τῶν
369 2440 403 2466 ἐκ
412 2441 562 2476 γειτόνων,
575 2441 651 2469 Pass.
661 2449 688 2469 et
696 2442 786 2470 Schol.
797 2443 914 2470 Montac.
924 2441 978 2468 τῶν

186 2477 215 2502 ἐν
235 2476 371 2510 γειτόνων.

224 2511 279 2546 (54)
316 2511 460 2545 Ἀσεϐείᾳ.
491 2510 528 2538 lla
558 2511 633 2538 Pass.
663 2512 764 2546 aliique
793 2512 920 2544 codices,
951 2516 979 2539 et

185 2554 284 2573 sensus
314 2547 448 2583 postulat._
468 2546 539 2583 Edirti
573 2552 681 2579 autent,
714 2547 848 2583 εὐσεϐείᾳ,
883 2556 893 2572 ι
921 2547 978 2581 pie-

187 2587 251 2613 tate,
280 2591 289 2607 )
318 2582 389 2616 quod
415 2581 522 2608 tolerari
550 2586 675 2616 poterat,
699 2583 721 2609 si
744 2581 862 2616 abesset,
898 2582 978 2617 μάλι-

187 2623 249 2649 στα,
277 2617 338 2651 quia
358 2618 384 2643 in
400 2617 542 2651 impiorum
566 2617 654 2648 ruina,
678 2618 720 2645 vel
743 2618 864 2651 piissimo
882 2619 980 2652 cuique

187 2652 275 2678 ncino
288 2652 462 2678 metuendum
487 2659 557 2684 esse,
586 2653 710 2686 probant,
731 2652 930 2680 Sodomitarum
951 2657 979 2679 et

187 2685 313 2722 Abironis
328 2687 496 2721 pereuntium
521 2685 654 2721 exempla,
671 2685 707 2714 et
724 2688 852 2716 adhibita:
872 2693 927 2715 tum
943 2687 978 2715 ab

188 2722 388 2764 angfli‘snltumn
397 2730 411 2748 a
427 2722 517 2764 Moyse
533 2724 682 2750 cautiones.

233 2757 280 2790 55)
300 2756 355 2789 Ὧς.
370 2757 443 2784 Pass.
460 2756 539 2785 ὥστε.

235 2792 280 2823 56)
298 2793 387 2825 Πρός.
400 2792 476 2820 Pass.
495 2793 603 2827 aliique,
615 2794 664 2825 εἰς.

223 2827 280 2864 (ῥῖ)
299 2827 463 2864 raripilum
475 2828 581 2864 Ald._et
596 2828 676 2856 Herv.
690 2828 771 2864 ἀνήρ,
790 2838 798 2854 ι
823 2829 874 2857 vir.
895 2840 904 2856 ι

225 2862 281 2895 (58)
298 2862 368 2888 Ἔτι.
384 2862 466 2889 Mont.
483 2863 522 2893 είς
534 2862 582 2889 ἔτι.

223 2897 278 2932 (59)
293 2898 588 2931 Κατασημηνθείσας.
608 2898 682 2926 Pass.
702 2899 942 2935 ὲπισημανθείσας.

1031 967 1082 994 οὐκ
1096 967 1272 1003 ἐπισημαίνει
1283 968 1340 998 τοῖς
1351 966 1482 998 τοιούτοις
1496 968 1613 1002 καιροῖς,
1630 966 1691 992 οὐδὲ
1708 966 1824 1002 ἡγιάσθη

1031 1013 1092 1040 τότε
1117 1014 1176 1044 τοῖς
1201 1013 1325 1048 σημείοις
1360 1013 1407 1039 τοῦ
1442 1011 1563 1044 πάθους;
1594 1011 1823 1044 Ἐπιδειξάτωσαν

1031 1058 1071 1085 ἔτι
1088 1058 1144 1094 (38)
1159 1059 1205 1086 καὶ
1217 1059 1265 1086 νῦν
1280 1059 1329 1092 τὰς
1345 1058 1471 1095 ἐσθῆτας,
1493 1059 1516 1085 οἱ
1533 1058 1580 1085 τοῦ
1601 1058 1740 1094 θαύματος
1753 1058 1826 1084 ὲκεί-

1031 1114 1076 1132 νου
1088 1105 1181 1132 θεαταὶ
1191 1106 1238 1132 καὶ
1253 1105 1361 1141 μύσται,
1373 1105 1422 1136 τὰς
1430 1105 1490 1131 τότε
1501 1104 1758 1140 κατασημανθείσας
1767 1103 1823 1138 (59)

1031 1153 1087 1183 τοῖς
1102 1151 1150 1178 τοῦ
1173 1150 1291 1187 σταυροῦ
1315 1151 1470 1186 στίγμασιν.
1496 1150 1579 1186 ’0μοῦ
1603 1158 1633 1176 τε
1658 1149 1713 1185 γὰρ
1732 1148 1821 1175 ταῦτα

1031 1196 1148 1230 διηγεῖτό
1172 1205 1225 1229 τις,
1248 1196 1296 1222 εἴτ’
1321 1193 1366 1222 οὖν
1388 1195 1442 1222 τῶν
1463 1194 1614 1230 ἡμετέρων,
1638 1194 1686 1220 εἰτ’
1710 1191 1757 1220 οὖν
1769 1193 1825 1220 τῶν

1032 1240 1130 1273 ἔξωθεν
1152 1240 1218 1275 (40),
1239 1241 1255 1275 ἢ
1277 1239 1462 1275 διηγουμένων
1483 1240 1576 1275 ἤκουε,
1602 1239 1649 1265 καὶ
1671 1239 1703 1264 τὸ
1730 1238 1823 1274 θαῦμα

1032 1286 1105 1322 ἑώρα
1120 1288 1183 1323 παρ’
1200 1286 1299 1322 ἑαυτῷ,
1317 1287 1334 1322 ἢ
1351 1285 1390 1321 τῷ
1400 1286 1513 1321 πλησίον
1524 1285 1678 1320 γινόμενον,
1689 1284 1824 1311 κατάστε-

1035 1341 1079 1367 ρος
1093 1332 1142 1365 ὢν,
1164 1332 1181 1368 ἢ
1198 1333 1301 1359 ἐκεῖνον
1317 1332 1388 1368 ὁρῶν
1403 1331 1525 1359 τοιοῦτον
1543 1333 1572 1358 ὲν
1594 1332 1650 1362 τοῖς
1675 1330 1822 1366 ἐσθήμασι,

1033 1378 1124 1413 πάσης
1153 1378 1328 1414 ἱστουργικῆς
1354 1377 1470 1414 ψηφῖδος
1495 1377 1511 1413 ἢ
1539 1377 1686 1413 περιέργου
1713 1377 1824 1412 ζωγρα-

1034 1425 1097 1459 φίας
1112 1425 1167 1460 (41)
1183 1424 1386 1460 ποικιλώτερον.
1414 1425 1462 1451 Ἐκ
1478 1424 1572 1451 τούτου
1588 1424 1615 1450 τί
1637 1423 1756 1458 ﬁve-cat;
1771 1423 1822 1450 Το-

1034 1470 1119 1506 σαύτη
1145 1469 1199 1497 τῶν
1222 1470 1367 1506 ὁρωμένων
1392 1470 1573 1505 κατάπληξις,
1595 1469 1633 1501 ὡς
1650 1468 1749 1505 μικροῦ
1774 1469 1824 1505 μὲν

1033 1518 1154 1547 ἅπαντας
1169 1518 1263 1552 ῶσπερ
1287 1517 1317 1550 ἐξ
1337 1518 1396 1549 ἐνὸς
1416 1518 1586 1553 συνθήματος
1610 1517 1667 1553 (42)
1694 1518 1741 1545 καὶ
1759 1518 1824 1552 μιᾶς

1034 1564 1125 1599 φωνῆς
1140 1563 1186 1590 τὸν
1198 1564 1252 1589 τῶν
1269 1563 1440 1598 Χριστιανῶν
1467 1563 1660 1590 ἀνακαλεῖσθαι
1687 1562 1764 1593 Θεὸν,
1779 1563 1825 1588 εὑ-

1034 1609 1152 1644 φημίαις
1164 1617 1192 1635 τε
1209 1608 1320 1640 πολλαῖς
1335 1609 1382 1635 καὶ
1400 1608 1516 1640 ἱκεσίαις
1532 1609 1613 1635 αὑτὸν
1625 1607 1823 1640 ὲξιλάσκεσθαι’

1035 1654 1149 1686 πολλοὺς
1163 1654 1190 1681 δὲ
1205 1655 1255 1681 οὐκ
1270 1655 1310 1686 είς
1328 1654 1472 1687 ἀναϐολὰς,
1497 1655 1566 1682 ἀλλὰ
1590 1654 1654 1690 παρ’
1676 1653 1745 1682 αὐτὰ
1770 1654 1824 1680 τῶν

1036 1700 1197 1736 συμϐάντων
1215 1700 1441 1736 προσδραμόντας
1458 1702 1514 1732 τοῖς
1532 1699 1650 1736 ἱερεῦσιν
1675 1699 1764 1735 ἡμῶν,
1778 1700 1825 1725 καὶ

1035 1746 1120 1773 πολλὰ
1143 1747 1359 1782 καταδεηοέντας
1392 1747 1442 1782 τῆς
1465 1755 1494 1773 τε
1516 1746 1679 1782 Ἑκκλησίας
1700 1745 1824 1780 γενέσθαι

1037 1793 1129 1828 μέρος,
1138 1793 1184 1819 καὶ
1194 1793 1331 1828 μυηθῆναι
1345 1792 1379 1820 τὰ
1392 1792 1544 1828 τελεώτερα
1564 1792 1631 1827 (45),
1642 1792 1681 1828 τῷ
1693 1791 1759 1827 ἱερῷ
1768 1791 1823 1826 (44)

1033 1837 1262 1871 καθαγνισθέντας
1280 1837 1460 1873 βαπτίσματι,
1477 1838 1525 1864 καὶ
1540 1837 1585 1864 διὰ
1601 1837 1646 1864 τὸν
1661 1836 1744 1872 φόϐον
1766 1836 1823 1871 (45)

1031 1883 1229 1919 ὠφεληθέντας.

1068 1976 1109 2002 Η¹.
1129 1973 1192 2010 Εἶχε
1211 1975 1260 2010 μὲν
1273 1973 1320 2002 οὖν
1337 1975 1407 2002 οὕτω
1424 1976 1509 2003 ταῦτα
1521 1984 1527 1991 ·
1540 1976 1555 2002 ὁ
1569 1976 1609 2007 δὲ,
1623 1978 1683 2008 ταῖς
1697 1975 1766 2002 κατὰ
1780 1984 1824 2011 μι-

1033 2021 1098 2056 κρὸν
1129 2021 1238 2056 μανίαις
1261 2022 1578 2058 οἱστρηλατούμενοςκαὶ
1590 2021 1758 2057 δονούμενος,
1778 2022 1824 2048 ἐπὶ

1033 2066 1098 2093 αὐτὸ
1114 2066 1144 2092 τὸ
1158 2066 1304 2101 κεφάλαιον
1319 2067 1426 2102 ἀπαντᾷ
1440 2067 1494 2094 τῶν
1508 2068 1604 2094 ἑαυτοῦ
1614 2067 1771 2104 συμφορῶν.
1781 2068 1824 2099 Ὡς

1032 2111 1086 2147 γὰρ
1101 2111 1173 2138 κατὰ
1187 2111 1249 2138 νοῦν
1262 2111 1334 2147 ἔχειν
1349 2112 1423 2148 αὑτῷ
1439 2113 1473 2140 τὰ
1493 2114 1665 2149 Χριστιανῶν
1682 2113 1759 2149 ᾤετο,
1776 2114 1824 2140 καὶ

1032 2155 1073 2188 οἷς
1083 2157 1134 2193 ἤδη
1158 2157 1340 2193 κατείργαστο
1363 2159 1430 2194 (46),
1449 2159 1480 2186 τὺ
1503 2160 1549 2186 καὶ
1559 2161 1614 2187 πᾶν
1631 2160 1732 2187 ἁλωτὸν
1752 2158 1822 2186 εἶναι

1070 2301 1126 2337 (40)
1143 2302 1204 2328 Τῶν
1224 2301 1344 2332 ἔξωθεν.
1361 2300 1510 2333 Sicmagno
1520 2305 1652 2326 consensu
1667 2305 1731 2325 mss.
1751 2296 1820 2323 Edit.

1034 2336 1095 2364 Par.
1107 2336 1199 2364 ξένων.

1070 2336 1333 2408 δίῗένέςΐγραφίας,
1352 2369 1432 2408 _Reg.
1463 2377 1510 2408 nu,
1540 2368 1616 2408 Coﬁlh.
1646 2368 1673 2408 ζ),
1692 2367 1764 2408 ,ΑΙ(1.
1798 2372 1825 2393 ιιι

1034 2402 1233 2444 llerv.'a_dduiit_
1251 2402 1452 2444 ιὶμιιΙ-εεχόμενὶινἵ
1467 2403 1544 2444 Pass.
1567 2404 1639 2444 Roga
1649 2402 1822 2443 1,.ἀμτεισχοι-

1034 2450 1124 2477 μενον.
1146 2441 1182 2468 Ita
1198 2441 1279 2468 etiam
1292 2440 1388 2467 Cotub.
1407 2440 1452 2474 qui
1465 2440 1575 2471 vertit,t
1587 2440 1683 2473 majori
1694 2440 1824 2464 varietate

1032 2478 1170 2504 amictum.
1194 2485 1202 2501 ι

1069 2512 1125 2546 (42)
1142 2511 1190 2543 Ἐξ
1203 2511 1271 2542 ἐνὸς
1287 2509 1489 2544 συνθήματος.
1503 2508 1600 2546 (Ζοιτιὶ).
1611 2517 1622 2533 ‹
1635 2508 1710 2543 quasi
1721 2515 1754 2535 ex
1771 2515 1824 2534 una

1033 2551 1148 2578 tessera,
1167 2557 1176 2572 ι
1195 2546 1245 2577 vel,
1265 2554 1274 2570 ι
1295 2546 1371 2579 quasi
1388 2553 1421 2572 ex
1430 2545 1563 2572 Condicio.
1585 2553 1595 2570 ι

1069 2583 1125 2617 (45)
1146 2578 1320 2617 Τελεῲτερᾲ.
1338 2579 1376 2607 ita
1396 2588 1460 2617 mss.
1490 2579 1572 2612 Editi,
1587 2578 1751 2617 τελερτερα.

1070 2612 1126 2652 (44)
1164 2612 1338 2650 Ἰερῷβδὶο
1371 2615 1479 2642 codices
1515 2622 1619 2642 omnes.
1652 2612 1723 2640 Edit.
1759 2612 1821 2640 Par.

1032 2652 1107 2679 θείω.

1069 2679 1123 2723 (λε)
1137 2686 1193 2723 Διὰν
1203 2686 1258 2723 tor
1273 2686 1377 2723 5955601}.
1399 2685 1474 2712 Pass.
1488 2684 1533 2723 δια
1546 2683 1742 2723 τῶν-φοβερῶν
1753 2683 1824 2723 ὠφε-

1031 2721 1163 2759 ληθέντας
1173 2722 1202 2748 τὺ
1212 2721 1248 2756 μὴ
1258 2721 1519 2759 φοᾷεῖσοα-ιῇ-ιοιιιιιε
1528 2721 1552 2747 id
1565 2721 1688 2759 utilitatis
1699 2728 1732 2759 ex
1744 2721 1823 2745 rebus

1034 2755 1160 2786 timendis
1171 2755 1306 2784 consctiuti
1324 2761 1353 2782 ut
1366 2756 1430 2783 nihil
1446 2757 1582 2782 timerent.
1600 2764 1610 2781 ι
1627 2755 1680 2782 Sed
1699 2756 1754 2782 hme
1770 2762 1821 2780 nun

1033 2792 1310 2827 agnoscuntplurique
1325 2791 1444 2825 codices,
1458 2798 1507 2818 nec
1526 2791 1607 2818 vertit
1615 2790 1718 2818 Billius.
1735 2789 1816 2816 Herv.

1033 2829 1077 2855 διὰ
1094 2828 1148 2854 τῶν
1163 2827 1262 2861 φόϐων.
1342 2857 1345 2859 _

1069 2863 1124 2898 (i6)
1138 2859 1347 2896 Κὰτείργαστο.
1361 2861 1405 2888 Sic
1414 2861 1488 2898 Pass.
1504 2862 1646 2896 caaleriquc
1662 2868 1725 2888 mss.
1737 2859 1821 2886 Mont.

1033 2907 1097 2927 vero
1115 2905 1141 2926 et
1153 2899 1216 2927 edit.
1228 2898 1286 2925 l’ar.
1297 2897 1505 2932 κατειργάσατο.
