2071 3133
251 163 303 189 675

744 163 873 191 ORATIO
892 163 926 190 ν.
945 178 979 183 ——
996 162 1137 190 CONTRA
1155 159 1329 190 JULIANUM
1342 159 1379 187 αιι.

1824 163 1876 190 στι

251 219 393 254 θελήσαντι
412 218 490 255 μόνον
506 219 562 254 (47)
579 218 699 253 ἐλπίσας,
724 220 771 246 καί
798 229 858 248 τινα
886 221 956 248 κατὰ
983 221 1034 248 τῶν

1090 221 1253 252 confecerat,
1271 219 1296 246 in
1311 226 1371 246 eam
1394 225 1469 252 spent
1491 218 1622 248 adductus
1641 225 1693 253 est,
1710 220 1778 248 nihil
1802 229 1874 254 esse,

251 264 386 303 ἑσπερίων
407 264 553 300 βαρϐάρων
567 265 717 301 εὐημερίαν
738 266 875 302 ἁρπάσας,
894 267 958 302 μίαν
973 267 1037 302 βου-

250 312 356 339 λεύεται
368 311 470 347 ταύτην
481 312 578 348 βουλὴν
589 314 777 349 συνετωτάτην
790 323 820 340 τε
831 315 879 341 καὶ
888 315 1038 351 φιλανθρω-

251 357 371 392 ποτάτην
381 357 438 390 .,”Α
445 366 494 392 ρας
507 357 595 384 διττὸν
603 358 707 385 ἐνθένδε
722 359 848 396 στρατὸν,
863 360 909 386 τὸν
924 361 973 395 μὲν
982 360 1037 396 (48)

251 402 378 434 ὁπλιτῶν,
391 402 437 429 τὸν
452 402 480 429 δὲ
496 402 550 429 τῶν
564 404 685 438 ἀγόντων
698 404 779 431 αὑτὸν
793 404 938 440 δαιμόνων,
955 402 978 439 ᾧ
991 405 1038 432 καὶ

253 448 352 484 μᾶλλον
367 446 424 483 εἶχε
442 448 561 485 θαῤῥείν,
574 449 619 476 ἐπὶ
633 450 740 486 Πέρσας
755 451 908 486 στρατεύει,
921 451 1037 486 θράσους

251 494 347 530 ἀλογίᾳ
362 494 483 530 μᾶλλονῆ
501 494 595 531 ῥώμης
605 496 738 532 ἀσφαλείᾳ
749 496 909 528 πιστεύσας·
925 497 972 523 καὶ
983 497 1037 523 οὐδ’

251 541 338 567 ἐκεῖνο
351 541 466 567 συνιδεῖν
477 541 600 577 δυνηθεὶς
611 542 625 567 ὀ
640 541 804 577 σοφώτατος,
819 543 859 569 ὅτι
876 543 975 578 θάρσος
992 543 1038 570 καὶ

251 585 350 620 θράσος
366 585 434 620 (49),
451 585 502 613 κᾶν
515 587 539 612 εί
551 588 606 618 τοῖς
621 587 733 622 ὀνόμασι
746 587 900 623 πλησιάζοι,
914 587 1038 614 πλεῖστον

251 629 372 665 ἀλλήλων
384 632 416 665 τῇ
434 630 546 666 δυνάμει
559 631 734 667 κεχώρισται,
749 632 845 668 ἀνδρίᾳ
857 641 887 659 τε
897 633 930 668 ἢν
947 632 1037 667 φαμὲν

250 677 297 702 καὶ
310 677 447 712 ἀνανδρίᾳ,
465 677 501 703 Τὸ
519 677 567 712 μὲν
581 677 635 712 γὰρ
643 678 672 703 ὲν
685 679 741 709 τοῖς
752 677 911 713 τολμητέῡις
928 677 1038 713 θαρρεῖν

251 721 360 756 ἀνδρίας
380 723 464 754 ἐστὶν,
491 722 586 759 ὥσπερ
605 724 636 750 τὺ
653 723 780 758 ὑφίεσθαι
808 723 927 755 δειλίας·
953 722 984 751 οὗ
1009 724 1038 750 δὲ

251 769 511 801 πλείωνὸκίνδυνος,
528 769 610 804 ὁμόσε
625 771 724 805 χωρεῖν
739 770 786 796 καὶ
799 769 955 802 ὼθίζεσθαι,
971 769 1039 796 ἀλλὰ

252 814 289 849 μὴ
308 813 480 849 κατέχεσθαι,
495 815 621 850 θράσους,
637 815 732 850 ὥσπερ
744 815 775 841 τὸ
791 816 942 850 ὑποχωρεῖν
952 815 1039 850 ἀσφα-

250 859 334 891 λείας.
353 861 408 886 Καὶ
429 861 461 886 οὺ
478 860 524 886 τοῦ
550 861 633 887 αὑτοῦ
648 861 728 895 λόγου
752 861 845 887 Θετέον
867 860 982 896 φυλάξαι
1003 861 1037 888 τὰ

249 906 325 938 ὂντα,
345 907 393 933 καὶ
405 906 460 932 τῶν
476 907 525 933 οὐκ
536 906 619 934 ὄντων
630 915 657 934 τι
681 907 844 942 πῳσλαῦεῑν
854 916 860 922 ·
875 907 905 934 τὸ
919 908 967 943 μὲν
982 907 1036 944 γὰρ

224 982 231 989 .
252 952 369 986 μάλιστα
389 952 437 979 καὶ
460 953 568 988 πρῶτον
584 954 640 985 τοῖς
655 953 717 980 νοῦν
732 954 823 989 ἔχουσι
845 955 989 990 τιμητέον
1006 955 1037 981 τὸ

250 997 289 1029 δὲ,
308 998 341 1024 ἂν
367 999 417 1034 μὲν
440 999 550 1035 ὑπάρχῃ
567 999 634 1035 μετὰ
651 999 802 1035 ῥᾳστώνης.
820 1000 944 1027 δεκτέον·
960 1000 992 1028 ἃν
1009 1001 1037 1027 δὲ

250 1045 407 1082 ἀντιπίπτῃ,
419 1046 592 1081 περιοπτέον.
612 1047 641 1073 '0
655 1047 682 1073 δὲ
700 1046 770 1082 ὑπὲρ
782 1046 829 1073 τοῦ
843 1046 995 1082 κτήσασθαί
1010 1056 1036 1074 τι

248 1090 303 1116 τῶν
333 1090 518 1125 ἐλπιζομένων
533 1092 599 1118 πᾶσι
614 1093 670 1124 τοῖς
693 1092 845 1127 ὑπάρχουσι
873 1092 1036 1119 κινδυνεύων

249 1136 307 1163 λίαν
318 1137 431 1172 ἀνόητος
445 1138 511 1173 (50).
530 1137 585 1165 Καί
600 1147 644 1174 μοι
657 1139 846 1174 προσεοικέναι
859 1139 932 1166 δοκεῖ
947 1139 1035 1175 πύκτῃ

250 1181 326 1216 κακῷ
343 1181 391 1217 τὴν
404 1182 513 1218 τέχνην,
539 1183 605 1218 πρὶν
627 1183 676 1219 τὴν
697 1183 791 1210 στάσιν
806 1182 835 1210 εὖ
849 1184 953 1216 θέσθαι,
968 1193 1036 1221 προ-

249 1225 406 1261 ϐαλλομένῳ
421 1234 427 1240 ·
446 1227 462 1262 ἣ
476 1227 628 1263 κυϐερνήτῃ
645 1228 796 1265 λελυμένης
810 1229 884 1264 αὐτῷ
897 1230 947 1265 τῆς
961 1230 1034 1265 νηὸς,

249 1271 296 1297 καὶ
312 1272 342 1297 οὐ
357 1272 479 1307 πλοῖμως
494 1272 549 1307 (5i)
566 1273 692 1309 ἐχούσης,
718 1274 784 1301 ναῦν
805 1275 964 1302 καταδύοντι
979 1276 1035 1310 (5:2)

249 1318 396 1352 πολεμίαν,
420 1318 436 1354 ἢ
454 1319 597 1346 καταδύειν
622 1320 808 1348 ἐσπουδακότι.
824 1319 875 1348 ’Ὧν
903 1331 948 1357 μοι
963 1322 1037 1349 δοκεῖ

250 1363 331 1399 μηδὲν
359 1365 462 1396 ἐκεῖνος
484 1365 655 1401 ἐνθυμηθεὶς,
670 1367 804 1402 ἐγχειρεῖν
828 1368 1036 1404 ἀπερισκέπτως

247 1410 304 1440 τοῖς
333 1409 524 1444 ἐγνωσμένοις,
551 1411 592 1437 ἔτι
623 1412 677 1438 τῶν
708 1413 869 1448 Ῥωμαϊκῶν
887 1413 1036 1440 ὼδινόντων

247 1455 321 1490 αὐτῷ
338 1456 405 1492 (55),
423 1457 469 1484 καὶ
486 1457 578 1489 κακῶς
592 1457 773 1493 διακειμένων
789 1458 828 1493 τῷ
848 1458 960 1494 διωγμῷ
982 1459 1035 1494 μά-

248 1499 334 1531 λιστα,
352 1500 402 1536 τὴν
421 1500 563 1538 ἀλλοτρίαν
580 1502 723 1538 περινοῶν·
738 1503 786 1530 κα).
800 1503 962 1539 Σαλμωνεὺς
979 1504 1035 1538 (54)

247 1541 316 1571 εἷναί
330 1553 371 1578 τις
382 1546 413 1572 ἐκ
422 1546 524 1583 βύρσης
541 1547 741 1583 βροντῶν,πρὸς
748 1549 811 1580 τοὺς
822 1550 972 1585 Τραϊανοὺς
980 1549 1036 1584 βλέ-

247 1597 305 1616 πων
322 1591 444 1623 ἐκείνους
458 1592 506 1618 καὶ
521 1593 584 1624 τοὺς
600 1593 754 1628 Ἀδριανοὺς
767 1594 832 1629 (55),
843 1591 880 1621 ὧν
894 1595 942 1630 οὐχ
953 1593 1033 1630 ἦττον

246 1636 295 1671 τῆς
311 1636 437 1672 ἀνδρείας
450 1638 481 1664 τὸ
500 1639 620 1672 ἀσφαλὲς
638 1639 817 1675 ἐθαυμάζετο.
831 1641 884 1667 Τὸν
895 1641 988 1675 Κάρον
1007 1642 1035 1668 δὲ

246 1682 296 1708 οὐκ
305 1683 404 1709 ὲνενόει
416 1684 528 1716 ἐκεῖνον,
536 1685 595 1711 οὐδὲ
603 1685 648 1711 τὸν
656 1686 835 1721 Οὐαλεριανὸν
846 1686 912 1721 (56),
925 1688 949 1713 οἳ
959 1687 1035 1719 δίκας

247 1727 340 1754 ἔδοσαν
353 1729 440 1764 ὁρμῆς
450 1729 602 1764 ἀλογίστου,
621 1731 665 1762 ἵν’,
677 1732 692 1758 ὃ
706 1741 787 1768 φησιν
802 1733 818 1767 ἡ
833 1732 981 1768 τραγῳδία,
990 1732 1033 1767 μὴ

247 1773 374 1804 ὀνειδίζω
389 1775 442 1807 τὰς
454 1775 557 1809 τύχας,
577 1776 606 1802 ὲν
625 1777 736 1813 Περσῶν
752 1779 835 1813 ὅροις,
851 1779 879 1804 ὲν
895 1779 970 1813 ἀκμῇ
984 1778 1033 1813 τῆς

1087 266 1170 300 quod,
1182 265 1261 292 modo
1274 265 1364 296 vellet,
1378 263 1457 299 152
1470 271 1598 298 superare
1616 270 1642 293 et
1656 273 1812 301 expugnare
1823 275 1875 294 non

1088 315 1188 346 posset,
1214 318 1246 338 ac
1265 317 1395 345 praeterea
1425 310 1547 344 prosperi
1576 310 1715 345 cujusdam
1745 313 1877 340 adversus

1088 357 1221 385 Occiduos
1235 357 1365 384 barbaros
1380 356 1470 383 bellici
1485 364 1627 384 successus
1640 358 1813 386 occasionem
1830 367 1876 386 ra-

1088 404 1175 439 piens,
1193 403 1246 430 hoc
1263 410 1345 429 unum
1367 401 1523 435 consilium,
1538 403 1778 437 prudentissimum
1794 405 1876 432 simul

1088 455 1116 476 et
1130 449 1353 476 humanissimum
1369 449 1450 483 capit.
1477 449 1615 484 Duplicetn
1633 449 1704 476 enim
1720 450 1782 477 inde
1794 457 1877 477 exer-

1088 493 1171 520 citum
1184 500 1306 525 movens,
1320 493 1435 520 alterum
1448 493 1697 527 militum,alterum
1711 494 1875 527 daemonum,

1088 545 1103 565 a
1116 538 1214 572 quibus
1244 538 1402 571 ducebatur,
1421 538 1491 566 etin
1507 539 1584 572 cujus
1603 546 1654 574 ope
1675 539 1761 573 ipsius
1777 539 1875 566 fiducia

1088 584 1174 617 magis
1190 584 1334 617 nitebatur,
1344 584 1474 612 adversus
1487 583 1585 612 Persas
1597 585 1796 620 expeditionem
1812 592 1877 613 sus-

1089 629 1164 664 cipit,
1190 630 1322 664 pra-cipiti
1339 630 1493 657 temeritate
1511 631 1600 665 potius
1615 638 1696 666 quam
1711 631 1807 658 virium
1826 631 1875 657 ﬁr-

1088 675 1182 702 mitate
1196 675 1281 702 fretus
1299 683 1352 702 :ac
1370 683 1403 702 ne
1431 676 1496 703 illud
1519 677 1627 710 quidem
1651 677 1819 712 perspiciens
1835 678 1877 703 vir

1088 720 1319 754 sapientissimus,
1343 721 1469 748 ﬁduciam
1491 725 1517 748 et
1540 721 1692 753 audaciam,
1707 722 1771 749 licet
1785 723 1874 749 norni-

1089 767 1131 794 nis
1150 767 1256 794 ratione
1275 767 1346 794 inter
1370 775 1400 794 se
1422 767 1516 795 vicinae
1530 768 1595 800 sint,
1613 768 1732 802 potentia
1746 772 1833 795 tamen
1848 773 1877 796 et

1089 812 1219 841 facultate
1240 813 1385 848 plurimum
1404 814 1474 841 inter
1495 821 1525 842 se
1549 814 1693 842 distinctas
1711 821 1780 845 esse,
1795 819 1822 841 et
1835 814 1874 840 di-

1088 863 1162 886 stare
1173 858 1232 893 plus
1245 866 1326 893 quam
1347 859 1475 886 fortitudo
1489 859 1571 886 distat
1586 859 1620 886 ab
1640 860 1756 894 ignavia.
1768 859 1874 886 Etenim

1089 905 1116 932 in
1133 905 1214 933 rebus
1241 905 1332 932 arduis
1346 905 1528 938 prteﬁdentem
1550 906 1669 932 animum
1696 912 1800 940 gerere,
1818 913 1876 932 ma-

1088 950 1275 985 gnanimitatis
1285 954 1345 983 est;
1362 950 1588 984 quemadmodum
1611 955 1715 981 contra,
1725 950 1874 985 periculurn

1087 997 1249 1027 detrectare,
1269 995 1422 1022 timiditatis
1434 1000 1461 1022 et
1480 995 1603 1030 ignavia.
1620 995 1655 1022 At
1667 995 1712 1023 tibi
1728 996 1787 1030 plus
1803 996 1877 1030 peri-

1087 1043 1139 1070 culi
1156 1043 1288 1075 imminet,
1308 1049 1364 1070 tum
1380 1042 1486 1069 obviam
1510 1042 1666 1077 procedere,
1681 1049 1764 1077 seque
1777 1042 1803 1069 in
1818 1042 1874 1069 dis-

1087 1089 1188 1116 crimen
1204 1089 1359 1122 obtrudere,
1374 1097 1426 1116 non
1447 1094 1536 1116 autem
1562 1089 1710 1122 reprimere
1730 1095 1762 1115 ac
1776 1087 1877 1115 retine-

1086 1142 1128 1167 re,
1140 1135 1284 1162 temeritati
1300 1135 1451 1162 ducendum
1471 1140 1532 1167 est;
1545 1134 1772 1168 quemadmodum
1788 1141 1803 1160 e
1815 1140 1877 1160 cou-

1086 1180 1182 1212 trario,
1206 1180 1316 1213 cedere,
1337 1180 1455 1208 cautioui
1473 1185 1500 1207 et
1520 1180 1679 1214 prudentite.
1701 1177 1756 1206 Nec
1780 1177 1874 1205 eodem

1086 1226 1146 1254 loco
1165 1227 1318 1262 ponendum
1335 1231 1388 1258 est,
1408 1234 1439 1253 ea
1455 1234 1515 1262 quae
1526 1227 1633 1258 adsunt,
1648 1225 1728 1258 tueri,
1740 1229 1767 1252 et
1780 1232 1875 1252 eorum

1086 1280 1146 1307 quae
1160 1280 1213 1300 non
1234 1273 1343 1306 habeas,
1366 1272 1467 1307 aliquid
1493 1271 1614 1305 adipisci.
1629 1271 1701 1298 Illius
1722 1270 1793 1297 enim
1807 1277 1876 1305 prat-

1087 1319 1165 1352 cipua
1178 1324 1206 1346 et
1229 1319 1356 1353 primaria
1371 1320 1440 1345 ratio
1459 1317 1578 1345 cordatis
1598 1316 1664 1344 viris
1676 1317 1798 1343 habenda
1811 1321 1851 1342 est
1865 1323 1872 1341 :

1086 1363 1138 1391 hoc
1151 1372 1224 1396 vero,
1239 1365 1372 1399 siquidem
1386 1370 1442 1392 tuto
1459 1364 1591 1398 facileque
1608 1363 1696 1393 liceat.
1707 1363 1874 1397 amplecten-

1086 1410 1166 1442 dum;
1182 1410 1223 1437 sin
1245 1416 1335 1437 autent
1353 1410 1380 1437 in
1396 1409 1561 1437 contrarium
1588 1409 1678 1441 cedat,
1694 1413 1873 1435 contemnen-

1086 1455 1160 1482 dum.
1176 1455 1227 1488 Qui
1244 1463 1320 1488 vero,
1334 1460 1362 1482 ut
1386 1455 1487 1489 aliquid
1508 1462 1613 1486 eorum,
1628 1462 1687 1489 quae
1706 1461 1753 1489 spe
1773 1461 1874 1481 conce~

1087 1501 1136 1535 pit,
1153 1507 1325 1536 assequatnr,
1341 1502 1510 1529 lortunarum
1531 1501 1652 1528 omniunt
1673 1508 1781 1528 suarum
1798 1500 1873 1535 peri-

1088 1550 1151 1577 culo
1167 1549 1289 1580 dimicat,
1307 1549 1333 1576 in
1354 1556 1450 1584 magna
1470 1547 1584 1575 stultitia
1601 1552 1732 1575 versatur.
1755 1548 1793 1575 Ac
1806 1547 1873 1574 mihi

1087 1596 1157 1623 malo
1171 1595 1252 1630 pugili
1269 1602 1322 1622 non
1331 1595 1471 1622 dissimilis
1488 1602 1549 1622 esse
1560 1595 1770 1626 videtur,artem
1782 1600 1872 1625 suam,

1086 1641 1241 1675 priusquam
1264 1639 1376 1675 gradum
1407 1645 1480 1667 recte
1507 1639 1612 1671 ﬁxerit,
1630 1637 1776 1673 proferenti
1799 1642 1872 1663 :aut

1087 1686 1271 1721 gubernatori,
1290 1686 1377 1714 soluta
1399 1693 1468 1713 nave
1491 1693 1552 1718 sua,
1572 1692 1622 1712 ncc
1636 1686 1669 1711 ad
1690 1683 1871 1718 navigandum

1087 1733 1195 1765 idonea,
1219 1739 1314 1759 navem
1333 1732 1456 1759 hostilem
1479 1731 1651 1765 deprimenti,
1670 1735 1717 1757 aut
1733 1733 1810 1756 certe
1823 1729 1870 1755 de-

1087 1779 1203 1813 printere
1222 1777 1342 1805 conanti.
1365 1778 1484 1811 Quorum
1506 1777 1550 1804 ille
1571 1775 1654 1808 nihil,
1673 1780 1702 1802 ut
1726 1774 1791 1802 mihi
1811 1774 1873 1809 qui-

247 1818 371 1853 εὐτυχίας
386 1819 591 1852 καταλυθέντες.

1086 1823 1146 1850 dem
1162 1823 1278 1856 videtur,
1294 1828 1432 1858 reputans,
1445 1822 1598 1850 inconsulte
1609 1829 1640 1848 ea
1654 1828 1713 1856 qua:
1729 1825 1871 1851 statuerat,

247 1865 412 1898 aggreditur,
441 1868 521 1892 rebus
551 1867 679 1894 Romanis
710 1867 799 1894 adhuc
830 1867 1007 1901 exulceratis,
1021 1869 1151 1903 maleque,
1170 1870 1320 1903 praesertim
1341 1869 1376 1897 ob
1395 1869 1538 1897 excitatam
1562 1867 1785 1902 persecutionem,
1804 1865 1871 1892 affe-

247 1910 307 1942 ctis,
333 1910 448 1938 alienam
476 1913 611 1947 regionem
633 1915 773 1947 cogitans;
798 1921 828 1941 ac
849 1914 1022 1942 Salii-oneum
1042 1916 1197 1949 quemdam,
1212 1922 1228 1942 e
1251 1915 1326 1942 corio
1358 1919 1495 1942 tonantem
1528 1914 1606 1941 nobis
1626 1912 1757 1944 referens,
1773 1911 1870 1946 Traja-

246 1965 350 1992 uosque
363 1958 424 1985 illos
440 1964 466 1986 et
482 1959 616 1988 Adrianos
630 1960 680 1987 sibi
700 1961 734 1987 oh
755 1961 851 1988 oculos
869 1968 1030 1996 proponens,
1051 1969 1165 1993 quorum
1180 1962 1268 1988 minus
1280 1961 1369 1988 cautio
1382 1966 1409 1988 et
1422 1961 1573 1995 prudentia,
1588 1967 1668 1995 quam
1698 1960 1782 1987 animi
1811 1967 1870 1986 ma-

245 2005 354 2039 gnitudo
376 2005 545 2031 admirationi
569 2013 630 2032 esse
653 2005 766 2031 solebat.
783 2006 821 2033 Ac
842 2006 878 2037 ei,
895 2013 944 2033 nec
961 2006 1022 2033 Cari
1044 2006 1116 2032 illius
1134 2007 1161 2033 in
1178 2011 1295 2032 mentem
1314 2007 1437 2033 veniebat
1471 2014 1546 2037 sors,
1571 2013 1621 2033 uec
1638 2005 1784 2039 Valeriani,
1823 2007 1869 2041 qui

246 2048 359 2081 impetus
382 2049 525 2076 inconsulti
549 2056 643 2084 pinnas
676 2049 809 2076 dederunt
833 2050 894 2085 (ne,
929 2051 1152 2084 quemadmodum
1178 2051 1217 2078 ait
1241 2051 1359 2086 tragicus
1383 2049 1452 2086 (57),
1483 2051 1604 2086 fortunas
1629 2053 1816 2088 exprobrem),
1841 2053 1868 2079 in

244 2091 388 2120 Persarum
415 2096 513 2122 finibus
535 2096 562 2122 in
595 2095 683 2122 medio
710 2095 849 2122 felicitatis
873 2104 953 2123 cursu
982 2097 1115 2130 oppressi.

279 2139 316 2166 8’.
343 2140 412 2166 Ἀλλ’
436 2139 482 2167 οὖν
508 2141 580 2174 ἔδοξε
609 2141 711 2173 ταῦτα,
733 2142 779 2168 καὶ¹
806 2143 856 2177 τῆς
884 2143 972 2178 ὁρμῆς
994 2141 1028 2178 ἦν

1119 2144 1197 2180 153
1214 2144 1259 2172 lx.
1281 2143 1380 2172 Verum
1403 2145 1462 2172 haec
1485 2144 1570 2179 ipsius
1589 2144 1681 2172 animo
1699 2144 1867 2177 insederant,

244 2186 332 2213 πᾶσαν
349 2188 478 2222 μαντείας
492 2188 539 2214 καὶ
552 2188 687 2223 γοητείας,
703 2188 787 2223 ῥητῆς
799 2197 829 2215 τε
844 2189 890 2215 καὶ
907 2190 1027 2225 ἀρρήτου

1085 2195 1208 2225 totusque
1223 2191 1249 2217 iu
1267 2197 1327 2217 eam
1343 2190 1542 2225 expeditionem
1569 2190 1716 2222 ferebatur,
1733 2189 1806 2216 omni
1822 2190 1865 2216 di-

278 2279 332 2314 (47)
352 2280 462 2319 ᾇΙόνρν.
488 2280 582 2319 Plures
606 2281 713 2319 codices
743 2284 851 2314 nabent,
877 2285 907 2309 οὑ
937 2284 1027 2319 μόνον.

1095 2318 1098 2319 ν
1117 2283 1172 2319 (53)
1195 2283 1381 2311 ὨδινόντιιΜ
1403 2283 1477 2319 Bud.
1495 2291 1505 2308 ι
1526 2282 1643 2319 nondum
1657 2281 1760 2319 pacatis
1786 2280 1866 2319 rebus

244 2313 384 2375 Paslspoi,
412 2315 478 2350 Reg.
511 2316 529 2348 I,
560 2317 597 2349 ol,
628 2317 719 2343 forsan
752 2324 810 2350 pro,
836 2318 878 2349 οὑ,
915 2313 966 2350 vel,
992 2317 1027 2350 οἵ,
1085 2313 1196 2360 όοὶηᾰξ)
1218 2319 1270 2375 vel],
1297 2329 1306 2343 ι
1326 2319 1415 2345 adhuc
1445 2318 1641 2349 laborantibus,
1657 2313 1774 2351 'sibique
1792 2316 1864 2344 velut

245 2358 255 2374 ε
270 2358 290 2375 SI
302 2358 329 2375 )l.
346 2359 354 2375 ι
1084 2359 1241 2375 narlnrmnlt
1255 2361 1304 2375 ius,
1325 2363 1334 2375 ι

245 2358 255 2374 ‹
270 2351 329 2376 sibi.
346 2359 354 2375 ι
1084 2354 1304 2380 parturientibus.
1324 2363 1334 2379 ι

346 2361 412 2412 ’Τὸν
421 2385 489 2420 μέν,
510 2391 564 2414 etc.
593 2386 630 2414 0r
657 2387 683 2420 Ι,
698 2387 781 2416 Mont.
797 2387 852 2416 τῶν
876 2389 958 2424 μέν...
976 2389 1031 2415 τῶν

1085 2361 1304 2387 parturteuttbus.
1324 2363 1334 2379 ι

1119 2388 1175 2424 (54)
1188 2389 1374 2422 Σαλμωνεύς.
1393 2387 1563 2420 Salmoneus,
1580 2387 1649 2421 apud
1669 2385 1867 2421 poetas,Elidis

241 2419 328 2458 δέη.-.
368 2456 377 2458 _
395 2454 401 2458 .
423 2419 426 2420 ν
530 2456 534 2458 ,
876 2419 882 2424 ’
1082 2419 1141 2455 rei,
1160 2419 1204 2458 qui
1221 2419 1332 2450 ut'dcus
1352 2419 1509 2455 haberetur,
1524 2419 1605 2458 super
1621 2419 1701 2458 ponte
1716 2429 1787 2458 areo
1803 2429 1866 2448 cur-

701 2469 711 2485 ‹
730 2459 840 2486 Fiducia
864 2464 891 2496 et
918 2459 1029 2486 audacia
1080 2466 1143 2496 _rutn
1165 2455 1276 2496 agitans
1289 2459 1400 2496 fulmine
1418 2455 1864 2496 armatus,fulminantem‘Jpvem

1080 2491 1195 2520 imitari»
1207 2494 1299 2521 voluit.
1317 2494 1370 2520 Sed
1390 2501 1450 2519 eum
1466 2493 1569 2527 Jupiter
1587 2494 1620 2520 ad
1638 2493 1737 2519 inferos
1751 2491 1865 2518 fulmine

1075 2529 1199 2556 detrusit.
1209 2528 1276 2555 Vide
1286 2527 1372 2563 Virg.,
1385 2527 1494 2555 Eneid.
1508 2536 1543 2559 vr,
1553 2535 1622 2554 vers.
1635 2527 1697 2554 585.

1111 2563 1167 2598 (55)
1185 2559 1377 2597 Τωῖανούςῖί.
1402 2563 1451 2590 καὶ
1471 2564 1542 2596 τοὺς
1567 2562 1747 2598 Ἀδριανοιξς.
1767 2569 1776 2586 ι
1797 2559 1863 2598 Tra-

1073 2595 1337 2631 jauus'et-Adrianus
1347 2598 1460 2625 Romani
1475 2595 1661 2634 imperatores,
1676 2597 1733 2630 qui,
1752 2605 1762 2621 ι
1782 2599 1811 2634 ut
1824 2595 1864 2624 lo-

1075 2633 1167 2667 quitur
1182 2634 1263 2665 Elias,
1281 2643 1290 2658 ι
1309 2635 1342 2660 ad
1362 2630 1556 2665 fortitudinem,
1573 2633 1709 2666 animique
1723 2630 1860 2666 inagnitu-

1076 2669 1164 2695 dinem
1179 2669 1438 2703 prudenlimquoque
1449 2669 1553 2695 laudent
1568 2669 1760 2703 adiunxerunt.
1775 2675 1785 2691 υ

1112 2703 1167 2738 (56)
1180 2702 1241 2730 Τὸν
1269 2703 1401 2737 Κάρον...
1427 2703 1480 2729 τὸν
1496 2703 1708 2736 Οὐαλεριανόν.
1725 2702 1810 2728 Carus
1829 2705 1862 2738 fel

1078 2737 1240 2766 Valerianus
1253 2739 1430 2772 imperatores
1445 2739 1569 2770 Romani,
1582 2746 1642 2764 cum
1660 2739 1686 2764 in
1706 2744 1809 2763 summa
1825 2737 1862 2763 fe-

1078 2772 1179 2801 licitate
1203 2779 1388 2805 versarentur,
1415 2773 1505 2800 stolidi
1534 2781 1566 2800 ac
1591 2772 1724 2800 temerarii
1745 2771 1861 2805 impetus

1075 2815 1170 2870 solan‘as
1191 2809 1331 2840 dederunt,
1351 2808 1378 2835 in
1404 2808 1547 2836 Persarum
1564 2807 1663 2836 ﬁnibus
1683 2805 1806 2841 oppressi
1828 2814 1861 2833 ac

1093 2851 1108 2870 e
1118 2851 1133 2870 e
1148 2851 1165 2870 ι.

1093 2844 1165 2870 eleti.

1111 2878 1167 2913 (57)
1180 2878 1319 2914 Euripides
1331 2879 1358 2906 in
1367 2878 1472 2907 Oreste.

277 2453 332 2490 (49)
360 2454 476 2493 Θάρσος
489 2456 537 2483 καί
560 2458 680 2493 θράσος.

242 2496 419 2529 sorittnparuur
427 2492 566 2529 differunt,
579 2500 606 2520 at
619 2492 814 2529 significatione
833 2495 954 2520 tntillum.
977 2503 987 2519 ι

351 2525 582 2564 Ἀνόητρςηίιεξιι.
601 2524 725 2563 quatuor,
740 2530 816 2556 Colb.
831 2529 858 2561 lt,
877 2529 934 2555 Bill.
945 2528 1025 2564 ἀνόη-

241 2566 294 2600 ςεοςι
313 2560 369 2600 ista:
394 2569 438 2600 μοι
456 2561 541 2600 δοκῷν
563 2560 652 2600 πύκτῃ
680 2560 767 2600 κακῷ,
784 2570 836 2591 etc.
863 2564 975 2600 Budaeus
990 2560 1024 2590 iI'a

241 2593 311 2620 hunc
327 2593 412 2635 lor-uin
426 2596 488 2635 legit
502 2605 508 2622 ε
521 2598 573 2624 Καί
590 2593 836 2635 μοι’προσεόικέναι
849 2599 1025 2635 δοκεῖνπύκτῃ

241 2636 268 2654 τε
277 2630 353 2670 xz.ng
367 2630 415 2670 τὴν
429 2630 607 2670 τέχνην,νκαῐ,
627 2630 691 2669 πρίν
705 2635 753 2670 τὴν
769 2635 862 2662 στάσιν
873 2632 903 2661 εὖ
921 2630 1023 2670 θέσθαί,

241 2664 545 2704 προόαλλομένῳξρινίοιι
559 2664 604 2696 sici
612 2664 698 2696 reddit
711 2679 718 2696 :
732 2664 742 2696 ἒ
763 2670 880 2704 Mihique
898 2664 1025 2696 assimilis

241 2705 298 2740 esse
308 2701 409 2740 videtur
424 2703 582 2740 pugitiarlis
597 2704 701 2738 ignaro,
725 2705 769 2739 qui
791 2701 944 2740 priusquam
969 2710 1024 2731 sta-

241 2736 427 2795 :::l:n8J.:biiil0
439 2739 506 2771 pede
518 2736 679 2774 composuit,
688 2736 826 2775 pugnos-iu
839 2736 1023 2767 adversarium

287 2789 293 2794 ι
355 2789 362 2795 .
382 2780 391 2795 Ι

241 2774 362 2796 ιιιιεηαιι.
382 2780 391 2795 ι

351 2806 395 2844 ρύ
422 2808 562 2844 πλοΐμως.
593 2807 659 2844 Reg.
683 2817 709 2842 a,
724 2810 774 2836 οὐκ
786 2809 951 2844 εὐπλοῖμως.

273 2838 329 2883 (52)
346 2838 591 2883 καζωύοὖτι.’1ιθ
609 2838 684 2872 Pass.
703 2838 809 2880 'aliique
832 2838 939 2880 plures;
977 2844 1022 2872 alii

240 2879 302 2900 vero
309 2876 491 2904 καταδύνοντι.
