2071 3133
228 154 282 180 675

850 152 878 180 S.
900 151 1063 180 GREGORII
1085 152 1258 181 THEOLOGI

1805 157 1858 185 676

230 212 375 240 vinationis
387 217 414 239 et
429 211 637 246 prrestigiarum,
647 211 876 246 dicendorumque
887 216 914 239 et
925 215 1017 239 tacen—

1070 211 1162 244 Θυσίας
1181 212 1320 247 τερατείαν
1333 213 1373 244 είς
1389 212 1417 238 ἓν
1440 212 1562 247 ἀγαγὼν,
1583 213 1615 239 ἵν’
1631 214 1659 239 ὲν
1675 213 1770 249 βραχεί
1786 215 1860 241 πᾶσα

230 259 325 286 dorum
348 258 542 285 sacriﬁciorum
559 262 717 291 portentosa
742 257 861 285 vanitate
879 259 907 284 in
930 265 1013 284 unum

230 304 357 336 collecta,
380 308 409 330 ut
427 308 480 330 tota
501 310 532 329 ea
555 304 660 332 scilicet
679 305 753 332 brevi
774 305 918 333 deleretur.
929 305 1014 334 Porro

231 349 320 376 votiva
338 349 458 381 victima,
483 357 562 382 quam
592 357 688 383 magna
716 358 853 385 quamque
870 351 982 384 eximia,
999 359 1015 380 ο

231 395 349 426 Christe,
364 401 391 422 et
410 395 539 427 Verbum,
555 400 582 422 et
595 396 750 431 impatibilis
763 398 906 430 passionis,
921 398 1016 426 totius-

231 449 283 476 que
309 442 383 468 orbis
412 440 568 475 mysterium
595 441 774 469 luniversam
798 442 1014 470 Christianorum

231 492 336 522 gentem
363 487 529 515 daemonibus
554 487 708 521 subjicere,
734 488 756 514 si
777 488 856 515 modo
885 488 1015 522 propasiti

231 541 341 568 compos
356 534 508 561 exsisteret.
521 534 560 561 Ac
571 538 683 561 conatus
698 533 808 568 quidem
820 534 903 568 ipsius
915 534 1015 569 princi-

230 579 274 614 pia
288 586 417 614 perquam
433 586 554 611 strenua,
575 585 602 607 et
619 587 679 615 quae
701 580 839 614 plerisque
854 587 948 607 eorum
970 581 1016 615 qui

231 625 315 659 ipsius
329 625 451 660 partibus
467 625 586 659 student,
599 625 702 660 magnis
713 625 824 654 vocibus
835 626 1015 660 celebrantur,

231 675 295 697 sunt
308 669 471 704 huiusmodi.
484 670 551 697 Nam
572 678 633 698 cum
647 675 729 698 totam
748 678 807 699 eam
822 672 940 707 Assyria:
956 679 1017 707 par-

231 721 295 748 tem,
308 723 389 750 quam
405 715 531 750 perluens
546 716 696 750 Euphrates
714 723 746 743 ac
758 715 894 744 Persidem
907 723 1018 752 praeter-

231 761 333 792 labens,
346 760 399 787 illic
412 768 473 787 cum
487 760 595 794 Tigride
609 761 746 792 miscetur,
761 761 876 796 cepisset
888 766 913 788 et
922 770 1018 795 perva-

231 811 339 838 stasset,
351 806 531 840 nonnullaque
548 806 656 834 castella
671 806 742 834 omni
759 807 881 841 praesidio
892 807 1019 835 destituta

231 852 375 885 diruisset;
393 853 450 880 sive
476 853 548 887 quod
567 852 666 880 Persas
688 853 854 880 incursionis
880 853 1019 881 celeritate

1067 258 1215 293 καταλυθῇ.
1232 259 1286 284 Καὶ
1310 258 1340 284 τὸ
1357 258 1527 294 καλλιέρημα
1548 259 1586 290 ὼς
1608 261 1679 294 μέγα
1700 260 1746 286 καὶ
1771 261 1855 296 ὑπερν

1065 303 1141 337 φυὲς,
1153 300 1175 330 ὦ
1192 303 1304 339 Χριστὲ,
1323 304 1371 330 καὶ
1391 303 1475 338 Λόγε,
1495 305 1542 331 καὶ
1560 305 1633 340 πάθη
1648 304 1704 340 (58)
1719 304 1765 331 τοῦ
1789 306 1861 332 ἀπα-

1067 349 1141 382 θοῦς,
1163 350 1210 376 καὶ
1233 349 1336 384 κόσμου
1359 349 1458 382 παντὸς
1480 351 1627 386 μυστήριον
1652 350 1731 386 (59)!
1755 351 1814 379 ὅλον
1829 353 1860 378 τὺ

1066 395 1236 431 Χριστιανῶν
1262 396 1338 430 γένος
1356 397 1528 432 παραστῆναι
1550 398 1606 428 τοῖς
1619 397 1753 432 δαίμοσιν,
1768 398 1792 424 εί
1812 397 1860 424 τοῦ

1066 441 1246 477 προκειμένου
1267 442 1421 477 κρατήσειε.
1442 442 1482 468 Τὰ
1497 442 1545 477 μὲν
1561 440 1607 469 οὖν
1626 442 1722 477 πρῶτα
1737 443 1786 478 τῆς
1816 444 1858 476 ὲγ-

1066 488 1214 522 χειρήσεως
1228 487 1314 522 αὐτῷ,
1330 488 1377 514 καὶ
1402 487 1461 514 λίαν
1479 488 1601 520 νεανικὰ,
1618 488 1665 514 καὶ
1682 487 1791 519 πολλοῖς
1804 488 1861 514 τῶν

1066 532 1101 559 τὰ
1116 533 1219 560 ἐκείνου
1234 534 1402 568 φρονούντων
1418 534 1608 570 περιϐοώμενα
1620 535 1717 561 ταῦτα.
1736 534 1791 570 Τὴν
1805 535 1860 570 γὰρ

1073 578 1127 604 τῶν
1147 579 1296 613 Ἀσσυρίων
1316 579 1382 615 ὅσην
1400 580 1533 615 διαρρέων
1546 581 1560 606 ὁ
1575 580 1729 616 Εὐφράτης,
1747 581 1793 607 καὶ
1809 581 1859 616 τὴν

1075 624 1193 659 Περσίδα
1209 624 1458 660 παραμειϐόμενος,
1480 626 1569 652 ἐκεῖσε
1588 625 1626 660 τῷ
1641 626 1746 661 Τίγριδι
1765 626 1794 662 μί
1801 635 1860 660 (νυ-

1067 677 1121 701 ται,
1140 669 1241 705 ταύτην
1259 670 1325 698 ἑλὼν
1339 671 1385 697 καὶ
1398 671 1499 706 τεμὼν,
1514 671 1560 698 καί
1577 681 1637 698 τινα
1653 672 1707 698 τῶν
1722 673 1859 708 φρουρίων

1068 715 1166 748 ἐξελὼν
1187 716 1255 743 κατὰ
1275 716 1374 752 πολλὴν
1397 717 1443 744 τοῦ
1465 717 1632 749 κωλύσοντος
1655 718 1711 753 (ϐυ)
1729 718 1857 753 ἐρημίαν,

1069 761 1116 788 εἰτ’
1135 760 1181 788 οὖν
1202 762 1291 789 λαθὼν
1311 762 1355 789 διὰ
1374 763 1405 789 τὸ
1422 764 1471 799 τῆς
1491 764 1585 798 ἐφόδου
1611 763 1708 799 τάχος,
1730 765 1784 790 εἴτε
1804 763 1856 791 ὑπὸ

1069 807 1181 842 Περσῶν
1197 807 1268 834 οὕτω
1283 808 1517 844 στρατηγούμενος
1531 809 1598 844 (61),
1615 809 1663 836 καὶ
1676 809 1744 836 κατὰ
1760 809 1858 844 μικρὸν

1070 852 1238 888 ὑπαγόμενος
1265 854 1305 885 εἰς
1333 853 1521 889 τοῦμπροσθεν
1560 854 1626 888 (62)
1657 853 1776 889 (λέγεται
1804 854 1858 890 γὰρ

233 897 382 928 fefellisset,
407 897 465 925 sive
479 898 550 932 quod
566 898 599 924 ab
621 897 654 924 iis
670 895 793 924 consulto
807 897 844 924 ita
857 896 1017 931 duceretur,

1070 898 1235 934 ἀμφότερα),
1249 899 1319 926 οὕτω
1333 899 1398 934 γοῦν
1410 900 1522 936 προῖὼν,
1537 900 1585 926 καὶ
1596 899 1635 935 τῷ
1648 899 1756 936 στρατῷ
1772 907 1859 935 παρα-

231 943 386 977 sensimque
421 944 453 969 ad
490 942 603 969 ulterius
634 942 832 977 procedendum
863 942 1018 971 alliceretur

232 988 388 1022 (utrumque
409 988 481 1015 enim
502 987 622 1022 dicitur),
650 987 687 1014 ita
713 989 819 1015 demum
838 995 1015 1022 progressus,

231 1037 314 1066 atque
335 1033 455 1060 exercitu
478 1040 492 1059 a
513 1032 597 1059 latere
623 1032 830 1067 proﬁciscente,
849 1033 1016 1068 navibusque

232 1077 397 1105 frumentum
412 1083 439 1105 et
461 1086 523 1105 vasa
538 1086 586 1113 per
596 1077 706 1106 ﬂuvium
719 1079 941 1111 convehentibus,
951 1087 1017 1114 pau-

231 1123 272 1150 cis
286 1124 433 1158 interjectis
447 1124 542 1151 diebus
554 1125 587 1150 ad
599 1123 802 1159 Ctesiphontem
819 1129 908 1152 castra
924 1126 1014 1160 ponit;

232 1169 310 1205 cujus
335 1169 409 1197 urbis
433 1174 506 1198 tanto
532 1170 666 1198 desiderio
692 1170 834 1199 tenebatur
883 1177 912 1200 ut
934 1172 976 1199 vel
1007 1172 1041 1200 ad

231 1223 328 1245 uiaret.

268 1265 300 1292 Χ.
316 1265 384 1292 Hinc
395 1271 461 1291 vero
470 1263 538 1298 jam,
550 1264 624 1291 velut
645 1271 727 1291 arena
740 1264 854 1299 pedibus
868 1265 1017 1298 subtracta,

231 1318 279 1340 aut
294 1316 454 1346 tempestate
466 1310 493 1337 in
507 1317 602 1337 navem
618 1309 700 1343 illisa,
710 1317 754 1337 res
766 1310 816 1344 ipsi
833 1314 906 1337 retro
921 1309 1018 1338 ﬂuunt.

231 1358 377 1392 Ctesiphon
398 1357 469 1384 enim
490 1364 537 1383 arx
556 1356 633 1383 ﬁrma
647 1360 699 1388 est,
716 1360 850 1391 capt-tque
862 1356 932 1383 haud
950 1355 1018 1383 faci-

237 1403 281 1436 lis,
297 1403 381 1430 muris
396 1407 474 1430 cocto
499 1401 583 1429 latere
609 1402 743 1433 conditis,
761 1405 789 1428 et
802 1401 855 1428 alla
869 1401 940 1429 fossa
951 1423 959 1435 ,
971 1409 1019 1436 pa-

234 1450 366 1483 lustrique
383 1455 414 1475 ac
435 1448 531 1475 limoso
550 1455 629 1475 amne
652 1448 826 1475 communita.
852 1447 927 1476 Hanc
940 1455 1021 1482 porro

234 1502 282 1521 arx
296 1500 403 1527 quoque
423 1492 507 1519 altera
519 1491 665 1519 ﬁrmiorem
679 1492 778 1524 reddit,
798 1492 906 1520 Cochen
923 1492 1016 1527 appel-

233 1525 372 1571 lant,_par_i
392 1541 446 1563 tam
459 1541 562 1563 naturm
572 1544 653 1571 quam
666 1537 733 1564 artis
750 1537 875 1572 prazsidio
893 1525 1018 1565 constru-
1031 1525 1052 1554 δ

234 1589 290 1615 cla,
301 1583 379 1610 alteri
395 1583 450 1610 arci
466 1582 502 1609 ita
516 1582 670 1616 corijuucta,
685 1587 713 1609 ut
733 1583 811 1609 unius
831 1587 934 1609 tantum
951 1583 1019 1610 civi-

234 1629 298 1657 tatis
311 1630 428 1664 speciem
440 1628 526 1655 ambae
541 1629 679 1662 praebeant
695 1635 702 1655 :
715 1629 814 1663 quippe
829 1636 888 1663 quae
903 1628 1021 1657 ﬂuminis

235 1680 339 1702 tantum
359 1675 476 1701 divortio
493 1674 562 1701 inter
580 1681 609 1701 se
626 1674 790 1702 dividantur.
811 1674 883 1708 Quas
896 1683 956 1703 cum
971 1683 1021 1703 nec

234 1721 374 1755 repentino
387 1721 496 1747 incursu
508 1726 590 1755 atque
603 1721 702 1755 impetu
724 1728 889 1755 expugnare,
907 1729 957 1748 nec
971 1722 1019 1749 ob-

234 1767 339 1794 sidione
351 1775 462 1801 capere,
471 1771 553 1802 atque
565 1767 591 1794 in
607 1772 768 1801 potestatem
784 1768 906 1802 redigere
917 1772 1019 1802 posset,

235 1821 286 1841 nec
294 1821 359 1841 vero
376 1813 489 1841 ulterius
512 1821 573 1840 cum
594 1814 714 1841 exercitu
724 1835 731 1846 ,
746 1821 778 1841 ac
792 1814 944 1848 praesertim
959 1821 1020 1841 cum

234 1859 376 1886 navalibus
397 1859 492 1894 copiis,
510 1858 656 1893 procedere
679 1860 844 1894 (periculum
862 1860 934 1886 enim
948 1865 1018 1892 erat,

235 1912 270 1932 ne
283 1912 298 1932 e
314 1904 374 1932 loco
390 1905 523 1939 superiori
545 1905 606 1932 telis
622 1905 749 1939 utrinque
762 1910 910 1940 peteretur,
930 1910 1018 1933 trans-

235 1951 327 1984 ituque
346 1950 556 1985 prohiberetur).
574 1951 625 1977 hoc
639 1950 746 1977 demum
758 1952 838 1978 modo
851 1958 898 1978 eas
916 1959 931 1978 a
946 1955 1021 1985 tergo

238 1996 377 2030 relinquit.
407 1995 473 2022 Nam
498 2003 558 2022 cum
590 1995 734 2029 Euphratis
759 1995 876 2023 ﬂuminis
900 1996 1020 2023 omnium

237 2042 360 2074 maximi,
381 2046 484 2076 partem
501 2041 573 2068 haud
588 2041 730 2068 minimam
747 2041 903 2076 dirupisset,
923 2049 955 2068 ac
973 2049 1021 2075 per

235 2088 333 2116 fossam
345 2087 489 2123 quamdam
498 2088 585 2122 (cujus
595 2092 687 2114 vetera
697 2087 778 2115 etiam
791 2088 903 2122 vestigia
913 2093 1020 2115 exstare

236 2134 335 2168 aiunt),
354 2138 458 2161 tantum
473 2141 507 2160 ex
522 2140 554 2160 eo
576 2133 820 2166 circumduxisset,
838 2138 869 2160 ut
881 2134 1020 2169 gestandis

235 2181 350 2208 navibus
364 2188 413 2215 par
429 2187 490 2208 esse
501 2184 603 2214 posset,
618 2185 699 2215 atque
721 2180 773 2208 hac
797 2180 876 2215 paulo
895 2181 1020 2215 superius

235 2234 297 2253 cum
318 2226 427 2260 Tigride
449 2225 528 2262 154.
549 2226 740 2259 commisisset,
760 2226 795 2253 ita
808 2227 915 2254 demum
933 2234 1018 2254 naves

234 2276 411 2305 conservat,e
439 2272 520 2299 lluvio
535 2272 570 2299 ad
591 2271 702 2299 (luvium
720 2278 777 2300 tuto
801 2278 954 2308 pervectas.
981 2274 1018 2303 Ita

270 2381 327 2418 (ὅθ)
344 2381 482 2418 ΠάθησΙιι
496 2381 671 2418 Montacsyp.
685 2382 786 2414 πάθους

269 2417 525 2458 ($9)'1Hv0't’l"pt07‘.
552 2416 817 2452 δεινϋξκαθάρσιον.
843 2427 853 2444 ‹
867 2417 1017 2450 Piaculum,

232 2458 598 2529 ff(‘(ii'l)|ol.(a’)1daortoq.lta
615 2495 678 2514 mss.
693 2495 796 2515 omnes.
811 2487 948 2515 Edit.Par.
965 2497 1019 2514 xm—

232 2522 338 2595 luzgi),
343 2542 705 2595 ὶὶῦτωΑο-τρατηγούμβνος.
722 2557 812 2595 Heins.
828 2567 1016 2595 καταστρατη-

231 2592 372 2627 γούμενος.
393 2602 402 2618 ε
422 2592 466 2618 Sic
479 2592 650 2629 imperatoria
660 2599 717 2620 arte
730 2592 950 2629 (Stratagemate)
965 2592 1019 2620 cir-

232 2634 442 2654 cumvcmretur.
463 2636 472 2651 ι
486 2627 552 2652 Bud.

266 2663 321 2696 (οἳ)
344 2662 563 2696 Τοῠμπροσθεν.
580 2661 646 2696 Reg.
660 2662 678 2691 l,
695 2667 722 2689 et
737 2662 811 2690 Colb.
824 2664 851 2696 5,
867 2664 900 2690 τὰ
915 2664 1011 2699 ἔμπρο-

232 2696 322 2767 σθῗέδ)
341 2733 548 2768 Σιτηγεούσαις.
562 2731 601 2759 Ita
617 2739 713 2768 magno
727 2739 860 2761 causensu
876 2742 939 2761 mss.
953 2734 1014 2761 Par.

231 2774 296 2794 vero
314 2767 539 2801 σιταγωγούσαις.

266 2801 321 2869 (64)
341 2803 382 2828 οὐ
398 2802 513 2835 μικρόν.
531 2811 541 2827 ‹
560 2801 616 2829 Non
635 2803 746 2829 minimo
764 2803 915 2830 intervallo.
933 2813 941 2830 ι

266 2836 310 2868 (ϋὲ)
342 2837 433 2869 Τείχει
446 2837 522 2863 τε.Ιιι
536 2837 600 2864 edit.
613 2837 696 2869 τείχει
713 2838 751 2864 δέ.

265 2837 320 2869 (65)
342 2837 433 2870 Τείχει
446 2837 522 2863 τε.Ιιι
536 2837 600 2864 edit.
613 2837 696 2872 τείχει
713 2838 751 2864 δέ.

265 2872 321 2907 (δῦ)
342 2871 549 2906 ,Ὀχυροτέραικ
566 2873 635 2900 Edit.
648 2871 708 2901 Par.
724 2873 908 2909 ἰσχυροτέραν.

1070 944 1254 979 πορευομένῳ,
1271 945 1318 971 καὶ
1336 946 1396 976 ταῖς
1412 945 1490 972 ναυσὶ
1504 945 1546 973 διὰ
1568 945 1615 972 τοῦ
1632 945 1754 981 ποταμοῦ
1783 953 1859 980 σιτη-

1070 989 1182 1023 γούσαις
1197 989 1252 1024 (65)
1267 999 1295 1016 τε
1308 990 1355 1017 καὶ
1370 992 1619 1025 σκεναγωγούσαις,
1637 991 1666 1017 οὺ
1684 991 1779 1027 μικρὸν
1792 990 1858 1026 (64),

1068 1034 1099 1061 τὸ
1125 1036 1154 1061 ὲν
1180 1035 1264 1070 μέσῳ,
1284 1036 1331 1062 καὶ
1357 1036 1532 1072 Κτησιφῶντι
1557 1036 1736 1072 προσϐάλλει·
1758 1034 1791 1072 ἦς
1814 1037 1860 1062 καὶ

1068 1080 1098 1106 τὸ
1117 1080 1228 1115 πλησίον
1242 1081 1367 1115 γενέσθαι
1381 1081 1459 1117 νίκης
1479 1082 1560 1117 μέρος
1575 1081 1650 1117 αὐτῷ
1661 1082 1706 1109 διὰ
1720 1082 1766 1108 τὸν
1777 1081 1858 1108 πόθον

1069 1127 1217 1162 ἐνομίζετο.

1078 1181 1137 1201 eam
1166 1175 1276 1209 propius
1300 1173 1464 1208 accessisse,
1491 1173 1611 1201 victoria.-
1636 1179 1740 1208 partem
1763 1173 1859 1201 existi-

1103 1265 1133 1290 l'.
1164 1263 1302 1290 Ἐντεῦθεν
1317 1263 1345 1289 δὲ
1360 1263 1422 1298 ἤδη,
1437 1262 1532 1298 ὥσπερ
1554 1262 1668 1298 ψάμμου
1686 1262 1773 1289 ποδῶν
1795 1262 1860 1289 ὐπο-

1069 1309 1244 1344 σπασθείσης,
1263 1309 1280 1342 ἢ
1296 1308 1339 1344 νηῒ
1354 1308 1438 1342 ζάλης
1459 1308 1668 1342 ἁντιπεσούσης,
1689 1308 1728 1340 εἰς
1740 1307 1860 1334 τούπίσω

1069 1355 1153 1390 χωρεῖ
1176 1355 1211 1381 τὰ
1239 1354 1399 1389 πράγματα.
1419 1354 1451 1380 Ἠ
1477 1353 1531 1389 γὰρ
1557 1354 1706 1389 Κτησιφῶν
1730 1353 1859 1390 φρούριόν
1880 1367 1881 1370 η

1071 1401 1128 1426 ἐστι
1151 1400 1284 1436 καρτερὸν
1300 1401 1347 1427 καὶ
1363 1399 1525 1431 δυσάλωτον,
1545 1399 1626 1434 τείχει
1649 1409 1679 1426 τε
1696 1400 1750 1435 (65)
1775 1400 1859 1435 ὀπτῆς

1070 1446 1191 1478 πλίνθου,
1212 1446 1259 1472 καὶ
1277 1448 1372 1480 τάφρῳ
1395 1445 1507 1480 βαθείᾳ,
1530 1446 1577 1472 καὶ
1593 1446 1647 1476 τοῖς
1665 1447 1697 1472 ὲκ
1711 1445 1759 1472 τοῦ
1779 1454 1861 1472 ποτα-

1072 1491 1121 1526 μοῦ
1137 1491 1277 1525 τενάγεσιν
1291 1490 1472 1526 ὠχυρωμένη.
1492 1491 1567 1516 ΙΙοιεῖ
1584 1489 1613 1516 δὲ
1635 1490 1720 1526 αὐτὴν
1734 1491 1862 1525 ὀχυροτὲ-

1071 1545 1120 1573 ραν
1138 1536 1194 1572 (66)
1217 1536 1265 1563 καὶ
1286 1536 1414 1572 φρούριον
1444 1536 1547 1572 ἕτερον,
1567 1533 1590 1570 ᾧ
1606 1536 1774 1572 προσηγορία
1801 1536 1858 1571 (67)

1072 1582 1166 1617 Κωχὴ,
1186 1582 1255 1618 μετὰ
1276 1583 1327 1617 τῆς
1348 1582 1408 1617 ἴσης
1431 1582 1583 1617 ἀσφαλείας
1608 1583 1795 1618 συγκείμενον,
1810 1583 1860 1619 ὃση

1069 1636 1098 1654 τε
1119 1627 1221 1662 φυσικὴ
1237 1628 1284 1654 καὶ
1299 1628 1349 1663 ὅση
1371 1628 1578 1663 χειροποίητος,
1601 1628 1727 1654 τοσοῦτον
1749 1629 1861 1663 ἑνούμε-

1071 1683 1125 1706 νον,
1144 1674 1182 1705 ὡς
1199 1673 1255 1709 (68)
1275 1674 1339 1709 μίαν
1361 1674 1438 1701 πόλιν
1458 1674 1546 1700 δοκεῖν
1567 1674 1736 1710 ἀμφοτέρας,
1749 1674 1788 1709 τῷ
1809 1682 1859 1700 πο-

1070 1717 1150 1752 ταμῷ
1165 1717 1240 1753 μέσῳ
1264 1717 1452 1753 διειργομένας
1475 1718 1592 1750 ταύτας·
1608 1718 1670 1745 οὔτε
1688 1719 1741 1755 γὰρ
1759 1719 1859 1751 ἐξελεῖν

1071 1761 1126 1790 οἷόν
1143 1773 1172 1790 τε
1189 1762 1222 1799 ἦν
1246 1763 1276 1797 ἐξ
1293 1764 1443 1800 ἐπιδρομῆς
1466 1764 1577 1800 ἀθρόας,
1600 1765 1617 1800 ἢ
1644 1765 1787 1802 πολιορκία
1803 1765 1860 1799 (69)

1071 1810 1318 1846 παραστήσασθαι,
1344 1809 1405 1837 οὒτε
1434 1810 1586 1842 διεξελάσαι
1612 1812 1659 1838 καὶ
1681 1811 1720 1847 τῷ
1741 1811 1861 1847 ναυτικῷ

1074 1855 1189 1890 μάλιστα
1212 1855 1394 1890 (κινδυνεῦσαι
1409 1856 1463 1892 γὰρ
1484 1856 1516 1884 ἂν
1535 1857 1565 1889 ἐξ
1581 1857 1757 1893 ὑπερδεξίων,
1771 1857 1861 1893 ἀμφο-

1071 1901 1190 1936 τέρωθεν
1215 1901 1389 1937 βαλλόμενον,
1403 1903 1450 1929 καὶ
1466 1903 1646 1939 εἰργόμενον),
1666 1903 1781 1930 κατόπιν
1801 1904 1860 1930 ἑαυ-

1072 1947 1119 1973 τοῦ
1140 1949 1266 1981 ποιεῖται,
1284 1949 1330 1974 καὶ
1353 1951 1468 1976 ποιεῖται
1485 1949 1541 1984 (70)
1565 1949 1610 1976 τὸν
1632 1949 1731 1985 τρόπον
1753 1949 1859 1977 τοῦτον.

1071 1992 1124 2018 Τοῦ
1142 1993 1285 2029 Εὐφράτου
1302 1994 1431 2030 ποταμῶν
1446 1995 1522 2026 ὄντος
1545 1994 1601 2031 (71)
1624 1995 1752 2030 μεγίστου
1778 1995 1861 2030 μέρος

1070 2038 1120 2064 οὐκ
1146 2039 1286 2075 ἐλάχιστον
1317 2040 1476 2076 ἀπορρήξας
1499 2041 1574 2076 (72),
1600 2041 1645 2068 καὶ
1672 2041 1859 2077 περιαγαγὼν,

1071 2083 1132 2110 ὅσον
1147 2085 1242 2111 ναυσὶν
1257 2085 1326 2112 εἶναι
1342 2086 1456 2121 πλόϊμον
1473 2087 1504 2112 ἐκ
1525 2085 1658 2121 διώρυγος
1672 2086 1727 2121 (75)
1753 2084 1797 2122 (ἧς
1813 2086 1860 2112 καὶ

1071 2130 1173 2166 ἀρχαῖά
1194 2139 1276 2166 φασιν
1301 2131 1360 2167 ἴχνη
1378 2132 1545 2167 φαίνεσθαι),
1563 2133 1612 2158 καὶ
1635 2132 1721 2168 ταύτῃ
1744 2131 1799 2167 (74)
1820 2131 1859 2167 τῷ

1072 2174 1178 2210 Τίγριδι
1194 2175 1338 2210 συμϐαλὼν
1356 2176 1452 2212 μικρὸν
1471 2175 1636 2211 ἔμπροσθεν,
1651 2175 1721 2202 οὕτω
1734 2175 1859 2207 διασώζει

1074 2220 1203 2257 τὰςγναῦς
1219 2222 1252 2247 ἐκ
1272 2221 1319 2248 τοῦ
1347 2222 1469 2257 ποταμοῦ
1495 2222 1533 2257 τῷ
1555 2221 1670 2257 ποταμῷ
1690 2222 1812 2253 δοθείσας
1828 2223 1858 2248 ὲν

1073 2256 1217 2302 ἀσφαλείᾳ.
1232 2264 1294 2293 Ὧδε
1316 2268 1365 2303 μὲν
1384 2256 1430 2295 οὖν
1450 2268 1496 2295 τὸν
1513 2256 1544 2294 εκ
1563 2268 1617 2295 τῶν
1629 2256 1775 2304 φρουρίων
1794 2268 1858 2294 τού-

1108 2385 1164 2429 (67)
1184 2387 1382 2420 Προσητυρία.
1405 2385 1472 2413 Male
1497 2386 1523 2413 in
1541 2385 1621 2413 Herv.
1649 2390 1676 2413 et
1695 2385 1754 2412 Par.
1771 2393 1858 2419 προσ-

1073 2428 1247 2489 “(giving
1258 2455 1324 2490 Reg.
1337 2456 1396 2484 bm.
1411 2456 1487 2483 Pass.
1504 2456 1584 2483 ὥστε.

1108 2491 1163 2523 (69)
1184 2492 1352 2525 Πολιορκίᾳ.
1374 2492 1429 2519 Duo
1439 2491 1522 2526 Regg.
1540 2490 1707 2526 πολιορκίας.

1108 2526 1163 2561 (70)
1180 2526 1234 2552 Καὶ
1251 2526 1386 2553 ποιεῖται.
1401 2527 1446 2554 Sic
1459 2527 1579 2561 plerique
1592 2527 1711 2554 codices.

1108 2561 1165 2595 (7i)
1186 2562 1298 2594 Ὄντος.
1317 2561 1382 2596 Reg.
1400 2563 1453 2594 bm,
1465 2561 1558 2593 ὅντως.

1106 2597 1162 2632 (79)
1189 2596 1379 2632 Ἆποῤῥήξας-
1394 2597 1460 2631 “65-
1474 2604 1501 2632 Υ»
1515 2606 1560 2632 γρ·
1578 2596 1736 2632 διαρῤήξας-

1105 2630 1162 2666 (75)
1181 2630 1334 2666 Διώρυγος.
1370 2630 1452 2667 Regi.
1476 2630 1596 2666 'sepiem,
1624 2630 1672 2659 σν.
1700 2633 1726 2664 l,

1070 2675 1161 2737 ξοῖίμ)
1181 2701 1236 2737 Καί
1248 2702 1352 2736 ταύτῃ.
1368 2702 1414 2729 Sic
1429 2709 1494 2729 mss.
1507 2710 1611 2732 omnes,
1627 2706 1654 2728 et
1668 2701 1744 2734 editi,
1759 2706 1857 2736 praeter

1070 2736 1158 2764 Paris;
1173 2742 1201 2763 et
1217 2736 1299 2763 Mont.
1316 2737 1361 2771 qui
1379 2737 1479 2771 legunt,
1493 2738 1541 2764 καὶ
1559 2737 1647 2764 τοῦτο.
1667 2737 1720 2764 llos
1732 2737 1854 2770 sequitur

1070 2771 1164 2799 Comh.
1181 2772 1225 2808 qui
1240 2772 1322 2799 refert
1335 2771 1413 2798 τοῦτο
1427 2773 1460 2799 ad
1474 2772 1555 2808 μέρος
1570 2772 1703 2808 superius.
1719 2777 1744 2798 et
1758 2771 1855 2808 vertit:

1073 2812 1183 2843 «_ratque
1201 2807 1270 2843 hanc
1287 2808 1408 2842 (scissam
1423 2806 1537 2843 partem)
1556 2815 1616 2834 cum
1630 2807 1709 2841 paulo
1729 2806 1855 2840 superius

1071 2841 1377 2877 Tigridiconjunxisset,
1395 2841 1637 2878 commisis'setquc,
1659 2851 1667 2867 ι
1687 2847 1741 2869 etc.

1759 2631 1849 2667 διώρυ-
