2071 3133
214 150 269 179 ἘΤΙ

731 148 861 177 ORATIO
882 149 913 177 V.
933 164 968 170 —
987 149 1129 177 CONTRA
1150 150 1324 179 JULIANUM
1346 149 1377 176 ll.

1796 154 1848 182 678

215 218 268 236 των
290 207 471 242 διαδιδράσκει
501 207 632 234 κίνδυνον.
662 207 706 239 Ὠς
735 208 763 234 δὲ
789 208 911 244 προῖόντι
938 209 1005 245 Περ-

1061 214 1211 237 castromm
1229 209 1323 235 horum
1336 206 1485 242 perieulum
1505 206 1609 242 effugit.
1624 208 1659 237 Ut
1675 213 1764 237 autem
1784 215 1848 246 pro'

216 254 279 289 σικὴ
302 253 417 288 δύναμις
449 254 656 288 παραφανείσα,
683 253 729 279 καὶ
746 253 789 280 ἀεί
812 262 854 286 τις
879 255 912 289 τῇ
936 253 1002 290 οΰσῃ

215 298 433 336 προσ-γινομένη,
461 298 532 325 κατὰ
557 298 682 333 μετώπου
705 298 761 333 (75)
787 299 836 334 μὲν
861 299 1002 331 ἵστασθαι,

204 347 264 381 uta!
293 344 504 372 διακινδυνεύειν
534 345 584 371 οὐκ
610 344 679 380 ᾤετο
709 345 764 371 δεῖν
793 345 854 380 δίχα
882 346 1004 381 μεγάλης

215 391 351 428 ἀνάγκης,
373 391 432 417 ὲνὺν
455 391 487 417 ὲκ
505 391 663 426 περιουσίας
688 391 814 426 κρατεῖν·
837 390 870 416 ἐκ
902 390 930 416 δὲ
957 390 1011 418 τῶν

215 438 303 473 λόφων
319 437 366 464 καὶ
387 436 442 463 τῶν
469 436 568 463 στενῶν
631 437 775 472 παρείκοι,
802 435 937 470 βάλλουσα
959 437 1005 463 καὶ

215 484 370 516 τοξεύουσα,
386 483 477 510 καὶτὰ
493 482 587 517 καίρια
600 482 649 517 τῆς
667 482 751 508 διόδου
769 482 1004 517 προκααλαμτὸά-

215 538 313 562 νουσα,
343 529 442 565 ῥᾳδίως
473 526 549 564 εἶργε
580 527 627 554 τοῦ
662 528 770 563 πρόσω·
792 528 944 564 τηνικαῦτα
976 529 1006 555 ὲν

215 577 317 612 ἀπορίᾳ
337 585 366 602 τε
384 573 418 611 ἦν
437 575 486 611 ἤδη
517 574 617 610 πολλῇ.
637 575 684 601 καὶ
705 575 756 600 οὐκ
779 574 848 609 ἔχων
868 575 921 610 ὅπη
949 574 1005 608 (76)

215 623 368 658 τράπηται.
401 620 477 647 λύσιν
507 620 630 655 εὑρίσκει
658 620 781 655 πονηρὰν
813 620 861 646 τοῦ
896 619 1005 655 βουλεύ-

218 677 312 704 ματος.

1061 254 1195 291 gredienti
1212 253 1331 281 Persica:
1353 253 1437 288 copia:
1456 253 1483 280 in
1504 259 1676 289 conspectum
1696 256 1848 290 venientes,

1058 300 1234 336 quotidieque
1262 303 1453 334 augescentes.
1478 306 1537 326 eam
1556 300 1666 334 gerendi
1689 301 1752 328 belli
1764 302 1849 329 ratio—

1059 354 1121 374 nem
1141 350 1233 373 tenere
1249 349 1403 379 creperum,
1417 349 1447 372 ut
1466 345 1580 372 adversa
1602 346 1711 380 quidem
1728 347 1786 374 acie
1801 355 1849 375 ne-

1061 399 1196 427 quaquam
1227 391 1278 418 sibi
1303 391 1450 423 standum,
1472 398 1538 423 nec,
1557 398 1618 418 cum
1640 391 1779 426 copiarum
1801 400 1850 420 ex-

1061 438 1203 465 uberantia
1225 437 1335 465 vincere
1361 436 1469 469 liceret,
1490 436 1543 464 nisi
1567 445 1664 472 magna
1687 439 1849 466 necessitate

1061 487 1188 517 urgente,
1205 482 1361 509 tentandam
1382 482 1432 509 sibi
1454 489 1548 517 pugnae
1565 482 1652 510 aleam
1669 483 1822 517 iudicarent
1837 495 1845 518 ;

1060 533 1187 554 caeterum
1206 535 1221 554 e
1242 527 1351 554 tumulis
1364 531 1391 554 et
1409 527 1528 555 locorum
1545 529 1687 563 angustiis,
1700 531 1744 557 ubi
1764 531 1848 558 facul—

1062 578 1103 600 tas
1123 573 1253 605 daretur,
1272 573 1364 600 hostes
1385 573 1492 608 sagittis
1511 573 1680 608 impeterent,
1701 581 1782 611 atque
1797 585 1847 612 op-

1059 619 1266 653 portunissimis
1292 619 1341 646 viae
1360 619 1520 646 transitibus
1533 621 1683 655 occupatis,
1700 628 1747 649 eos
1768 622 1847 650 facil-

1058 664 1132 699 lime,
1160 673 1193 693 ne
1217 673 1298 700 porro
1327 666 1566 701 progrederemur,
1591 667 1746 696 inhiberent
1765 677 1773 695 :
1789 675 1844 696 tum

219 720 283 740 vero
302 713 327 739 in
353 718 448 746 magna
473 710 556 738 animi
581 710 716 737 anxietate
745 710 925 744 versabatur;
945 716 1006 742 nec,
1027 716 1082 744 quo
1105 717 1135 737 se
1158 714 1285 742 verteret,
1324 711 1447 745 habens,
1481 719 1593 748 pravum
1611 715 1718 741 tandem
1742 715 1846 743 consilii

217 759 258 787 sui
274 758 375 785 exitum
393 756 504 792 reperit.

252 807 305 833 lA’.
331 805 413 841 Ἀνὴρ
438 804 492 840 γάρ
514 813 556 835 τις
578 803 633 830 τῶν
650 802 700 829 οὐκ
726 801 864 837 ἀδοκίμων
887 802 916 828 ὲν
931 802 1003 837 Πέρ-

1096 802 1141 830 XI.
1153 802 1200 829 Vir
1212 803 1284 829 enim
1297 803 1417 837 quidam,
1437 804 1508 831 inter
1520 804 1618 832 Persas
1638 813 1691 833 non
1709 806 1844 841 ignobilis.

219 859 289 884 σαις,
302 850 347 877 τὸν
370 850 416 876 επὶ
434 849 573 875 Βαῦυλῶνι
588 848 656 884 πρὸς
682 846 772 882 Κῦρον
795 847 851 882 (77)
872 846 1000 882 Ζώπυρον

219 897 422 932 μιμησάμενος,
445 895 483 926 ὡς
498 894 572 930 δήτι
598 893 637 928 τῷ
663 892 774 928 Περσῶν
792 891 848 927 (78)
875 891 998 926 βασιλεῖ,

219 942 318 978 μᾶλλον
340 941 368 968 δὲ
389 941 505 976 μέγιστα
523 941 572 967 καὶ
587 939 634 966 ὲπ).
657 939 795 974 μεγίστοις
811 946 1000 973 προσκεκρου-

217 987 283 1020 κὼς,
296 988 343 1014 καὶ
360 987 471 1018 δύσνους
488 986 536 1022 μὲν
557 986 613 1017 τοῖς
632 985 736 1012 ἐκείνου
760 983 887 1019 μάλιστα,
912 982 1006 1014 εῦνους

216 1034 246 1060 δὲ
269 1034 326 1065 τοῖς
346 1032 488 1068 Ῥωμαίων
515 1031 660 1067 πράγμασι
683 1029 727 1057 διὰ
747 1029 826 1056 τοῦτο
851 1028 1003 1063 τυγχάνων,

217 1078 313 1106 καὶτὸ
336 1077 511 1105 πιστεύεσθαι
533 1076 626 1104 λαϐὼν
653 1076 685 1102 ἐκ
708 1075 756 1103 τοῦ
779 1075 951 1110 πλάσματος·
977 1075 1007 1100 Tt

217 1125 319 1157 ταῦτα,
348 1124 439 1160 φησὶν,
463 1121 486 1151 ὦ
511 1122 661 1155 ﬂuam/tsi;
690 1121 756 1155 Πῶς
785 1121 862 1148 οὕτω
888 1119 1006 1154 σαθρώς

217 1171 282 1204 περὶ
313 1170 458 1197 τοσούτου
479 1169 669 1201 βουλεύεσθε
700 1167 892 1202 πράγματος
919 1166 967 1199 Τίς
990 1167 1006 1192 ό

218 1217 320 1250 νηΐτης
336 1213 423 1248 οὗτός
442 1222 491 1242 σοι
505 1213 589 1246 σῖτος
602 1213 651 1240 καὶ
666 1215 682 1240 ὀ
697 1212 832 1246 περιττὸς
851 1212 971 1246 φόρτος,
989 1212 1005 1238 ό

217 1262 271 1296 τῆς
296 1261 458 1295 ἀνανδρίας
489 1259 690 1292 διδάσκαλοςς
721 1257 817 1285 οὐδὲν
843 1257 900 1292 γὰρ
926 1256 1002 1283 οὕτω

217 1308 375 1343 δύσμαχον
397 1306 454 1341 (79)
481 1305 530 1332 καὶ
551 1305 734 1340 φιλόνεικον,
757 1304 797 1336 ὡς
813 1303 938 1338 γαστὴρ,
958 1302 1007 1328 καὶ

217 1353 251 1380 τὸ
272 1353 308 1380 ἐν
333 1353 440 1387 χερσὶν
464 1351 545 1386 ἔχειν
569 1350 626 1385 τὴν
645 1350 806 1384 σωτηρίαν.
835 1349 912 1376 Ἀλλ’
937 1348 965 1374 εἲ
980 1357 1006 1374 τι

216 1399 281 1434 ἐμοὶ
311 1399 415 1432 πείθῃ,
441 1397 475 1424 τὸ
501 1396 560 1431 μὲν
588 1395 730 1423 ναυτικὸν
765 1395 854 1422 τοῦτο
893 1395 1007 1429 χαίρειν

217 1443 327 1477 ἐάσεις,
349 1443 398 1470 καὶ
418 1442 476 1477 τὴν
491 1441 643 1476 ἑπομένην
666 1441 797 1468 ἔκλυσιν
822 1439 862 1473 τῷ
881 1440 1006 1474 γενναίῳ

1057 848 1156 884 Zopyri
1180 848 1253 876 illius
1268 856 1331 883 erga
1347 848 1459 883 Cyrum,
1477 850 1502 876 in
1526 849 1671 886 Babylonis
1692 851 1844 883 obsidione,

1057 894 1165 922 facinus
1191 895 1322 926 imitatus,
1350 896 1427 931 quasi
1451 897 1485 923 ob
1512 897 1688 932 gravissimas
1710 899 1840 932 quasdam

1057 946 1154 966 causas
1178 939 1203 966 in
1223 939 1411 974 gravissimam
1430 940 1605 969 oll‘cnsionem
1622 941 1766 970 Persarum
1786 944 1842 978 regi

1057 985 1188 1016 venisset,
1202 985 1237 1012 ob
1256 985 1337 1020 idque
1357 985 1383 1012 in
1403 993 1464 1012 eum
1480 987 1596 1021 pessime
1613 987 1758 1020 animatus,
1774 996 1842 1016 con-

1057 1034 1155 1064 traque
1169 1037 1233 1064 erga
1248 1030 1386 1058 Romanos
1405 1033 1508 1065 optime
1527 1031 1639 1060 all'ectus
1654 1038 1734 1065 esset,
1752 1041 1783 1061 ac
1796 1041 1844 1068 per

1058 1076 1212 1109 hujusmodi
1228 1075 1319 1103 fucum
1333 1081 1360 1103 et
1374 1077 1574 1106 simulationem
1588 1079 1668 1106 ﬁdem
1684 1079 1734 1107 sibi
1756 1080 1846 1107 conci-

1057 1121 1150 1149 liasset
1167 1130 1173 1148 :
1192 1121 1263 1153 Quid
1287 1123 1359 1155 hac,
1380 1123 1477 1158 inquit,
1502 1124 1645 1156 imperator
1666 1125 1679 1152 .9
1694 1124 1764 1157 Quid
1789 1131 1844 1152 tam

1056 1166 1178 1201 ignavum
1196 1172 1273 1201 atque
1286 1168 1444 1195 imbecillum
1458 1169 1490 1195 de
1509 1169 1575 1196 tanti
1593 1171 1716 1197 momenti
1740 1172 1844 1205 negotio

1056 1212 1194 1239 consilium
1208 1213 1300 1239 initis?
1315 1214 1447 1246 Quorsum
1460 1215 1508 1241 hac
1521 1215 1614 1242 navale
1630 1216 1803 1250 frumentum,
1813 1225 1844 1244 ac

1057 1256 1219 1290 superfluum
1240 1265 1321 1289 onus,
1335 1257 1447 1292 ignavim
1469 1260 1624 1294 magistrum
1644 1260 1656 1286 Ρ
1674 1259 1752 1287 Nihil
1775 1261 1845 1288 enim

1057 1302 1092 1328 ad
1116 1303 1318 1336 expugnandum
1344 1304 1486 1339 difﬁcilius,
1509 1305 1576 1332 nihil
1602 1306 1764 1339 pervicacius
1793 1312 1844 1339 est,

1056 1356 1135 1382 quant
1149 1355 1247 1380 vemer,
1262 1350 1390 1383 situmque
1405 1351 1433 1377 in
1459 1351 1580 1378 manibus
1601 1351 1696 1378 habere
1711 1361 1782 1386 spem
1799 1361 1844 1379 sa—

1057 1392 1129 1420 lutis.
1152 1393 1291 1428 Quocirca,
1311 1395 1333 1421 si
1357 1395 1419 1429 quid
1444 1403 1484 1422 me
1498 1397 1600 1429 audies,
1619 1398 1753 1424 nauticum
1776 1400 1845 1426 hunc

1057 1443 1214 1472 apparatum
1245 1440 1329 1466 valere
1347 1440 1467 1475 jubebis,
1485 1442 1688 1476 languorcmqne
1705 1451 1737 1470 ex
1754 1452 1784 1470 eo
1809 1445 1845 1471 ad

218 1473 326 1522 τούτω,
340 1473 470 1524 στρατῷ·
495 1473 586 1520 aut-dc
608 1473 643 1514 δὲ
673 1487 710 1514 δι’
735 1486 833 1520 ἄλλης
860 1485 930 1512 ὀδοῦ
956 1487 1005 1512 εὑ-

1057 1482 1228 1516 fortiuimum
1241 1483 1310 1510 [tunc
1323 1486 1466 1511 exercitum
1483 1486 1631 1513 redeuntem
1645 1493 1689 1514 :tu
1703 1493 1789 1515 autem
1803 1489 1846 1516 via

219 1535 384 1570 πορωτέρας
410 1543 441 1561 τε
465 1535 514 1561 καὶ
542 1532 782 1568 ἀσφαλεστέρας,
812 1529 850 1567 ἧς
869 1531 926 1566 ἐγώ
955 1538 1006 1557 σοι

219 1581 392 1616 καθηγητὴς
420 1580 570 1616 (ἔμπειρος
589 1579 623 1606 δὲ
645 1580 673 1606 εἴ
692 1588 735 1612 τις
751 1578 846 1611 ἄλλος
863 1578 935 1612 φημί
952 1575 1006 1610 τῆς

219 1628 315 1663 χώρας
328 1625 402 1654 εἶναι
417 1627 471 1661 τῆς
487 1625 659 1660 Περσικῆς),
675 1624 814 1660 ἐμϐαλεῖς
834 1632 866 1651 τε
885 1625 928 1655 εις
949 1623 1006 1657 τὴν

220 1673 374 1708 πολεμίων,
396 1673 445 1699 καὶ
467 1671 527 1698 τῶν
560 1671 636 1698 κατὰ
653 1670 774 1705 γνώμην
796 1670 896 1703 τυχὼν
916 1669 1006 1695 ἐπαν-

219 1718 302 1751 ήξεις
311 1727 318 1732 ·
334 1717 414 1752 ἡμᾶς
427 1717 460 1744 δὲ
475 1717 638 1751 τηνικαῦτα
652 1714 687 1743 εὖ
701 1716 846 1749 ποιήσεις,
859 1715 950 1748 ἡνίκα
969 1715 1006 1741 ἂν

219 1763 293 1798 ἔργῳ
312 1763 370 1798 (80)
394 1763 500 1798 πεῷαν
521 1762 618 1797 λάϐῃς
637 1761 691 1797 τῆς
716 1761 860 1796 ἡμετέρας
886 1762 1006 1793 εὐνοίας

221 1808 268 1834 καὶ
291 1809 503 1842 παραινέσεως.

256 1853 306 1880 IB'.
334 1853 377 1885 Ὡς
394 1853 422 1880 δὲ
448 1851 508 1879 εἷπε
529 1852 626 1884 ταῦτα,
645 1852 691 1879 καὶ
714 1851 798 1878 εἰπὼν
825 1851 942 1881 ἔπεισεν,
961 1849 1006 1876 εὖ-

179 1889 181 1932 ᾖ
221 1907 315 1926 πιστον
348 1898 403 1934 γὰρ
427 1900 442 1934 ἡ
469 1899 620 1933 κουφότης,
647 1898 694 1924 καὶ
718 1897 764 1924 τοῦ
791 1896 858 1923 Θεοῦ
889 1896 1005 1931 μάλιστα

222 1944 438 1976 συνελαύνοντος,
460 1944 566 1971 ἅπαντα
589 1941 624 1979 ἦν
642 1943 710 1978 ὁμοῦ
729 1942 764 1969 τὰ
779 1942 867 1969 δεινά⁴
885 1941 934 1973 τὰς
958 1942 1007 1977 μὲν

221 1988 284 2020 ναῦς
298 1986 352 2023 εἶχε
372 1989 402 2014 τὺ
414 1988 480 2024 πῦρ,
499 1989 545 2016 καὶ
559 1989 572 2014 ὁ
593 1989 664 2019 σῖτος
678 1988 728 2014 οὐκ
747 1985 792 2022 ἦν,
808 1987 854 2013 καὶ
874 1986 978 2021 προσῆν
993 1987 1007 2012 ὁ

176 2033 180 2051 ³
220 2034 324 2069 γέλως·
342 2034 469 2069 αὐτόχειρ
490 2034 544 2069 γὰρ
564 2035 580 2069 ἠ
605 2033 696 2068 σφαγὴ
714 2033 824 2068 σχεδόν·
851 2031 884 2058 τὰ
904 2031 933 2058 δὲ
954 2031 1007 2057 τῶν

223 2080 335 2107 ἐλπίδων
353 2080 408 2115 (81)
428 2080 542 2116 φροῦδα,
559 2080 606 2107 καὶ
626 2081 640 2106 ὁ
655 2079 750 2114 ὁδηγὺς
773 2078 829 2114 (82)
851 2076 1007 2111 συναπῆλθε

221 2127 281 2156 ταῖς
305 2126 492 2161 ὑποσχέσεσιν.
511 2126 554 2152 Ἐν
580 2125 671 2160 κύκλῳ
696 2124 724 2150 δὲ
747 2124 772 2150 οἱ
799 2123 935 2158 πολέμιοι,
960 2122 1007 2148 καὶ

221 2170 374 2206 περιρῤέων
396 2171 410 2196 ὁ
437 2170 567 2206 πόλεμος·
586 2171 603 2206 ἦ
625 2179 654 2196 τε
680 2168 793 2205 πρόοδος
815 2168 845 2193 οὑ
871 2167 965 2203 ῥᾳδία,
988 2169 1004 2203 ὴ

221 2216 306 2251 τροφὴ
324 2216 353 2242 δὲ
367 2217 416 2243 οὐκ
431 2215 560 2251 εὔπορος·
581 2217 610 2242 ὲν
625 2215 729 2252 ἀθυμίῃ
744 2215 772 2241 δὲ
787 2215 801 2240 ὁ
817 2213 942 2248 στρατὸς,
959 2213 1006 2239 καὶ

221 2260 254 2287 δι’
266 2262 351 2298 ὀργῆς
365 2260 437 2297 εἶχον
458 2262 512 2297 (85)
532 2262 577 2288 τὸν
601 2261 732 2296 βασιλέα*
755 2260 877 2287 ἐλείπετο
892 2260 921 2286 δὲ
940 2268 1006 2295 χρη-

224 2307 288 2342 στῆς
302 2307 408 2338 ὲλπίδος
420 2307 510 2334 οὐδέν·
530 2307 579 2343 μία
593 2307 621 2334 δὲ
639 2307 676 2339 ὡς
691 2308 720 2333 ὲν
734 2308 790 2338 τοῖς
805 2305 937 2342 παροῦσιν
950 2305 1005 2332 ἐδό-

222 2359 264 2378 κει
279 2352 356 2388 μόνη,
379 2353 427 2388 τῆς
452 2353 572 2394 πονηρᾶς
598 2353 787 2387 ἀπαλλαγῆναι
805 2351 943 2385 βασιλείας
959 2351 1005 2377 καὶ

224 2399 400 2433 στρατηγίας.

323 2512 403 2538 Κατὰ
416 2512 562 2547 μετώπου.
584 2511 665 2538 Mont.
680 2519 726 2546 γρ.
744 2510 816 2538 κατὰ
833 2510 958 2545 μέτωπον

256 2546 312 2582 (76)
332 2546 421 2580 Ὂπηζ
433 2547 556 2582 Plerique
571 2547 686 2577 codices,
697 2547 769 2582 ξποι.

259 2579 315 2617 (77)
334 2579 440 2615 Κῦρον.
457 2579 520 2609 Non'
530 2581 626 2617 Cyrus,
642 2581 687 2617 sed
703 2581 798 2608 Darius
810 2579 959 2616 Hystaspis,
975 2584 1004 2607 ut

225 2622 257 2642 ex
272 2615 406 2643 Herodoto
418 2622 444 2644 et
459 2615 602 2643 Plutarcho
619 2616 757 2643 discimus.

259 2651 315 2687 (78)
330 2650 371 2684 Τῷ
386 2651 517 2687 Περσῶν.
535 2652 572 2687 Ita
588 2657 641 2687 tres
652 2651 748 2687 Regg.,
763 2652 814 2678 duo
826 2649 902 2678 Colb.
918 2654 944 2677 et
955 2649 1002 2677 Or.

225 2684 252 2711 1.
267 2684 348 2721 Pati-3i
361 2684 524 2718 cum'editis,
538 2686 593 2712 τῶν
606 2684 726 2721 Περσῶν.

260 2720 315 2756 (79)
330 2721 417 2756 οὕτω
433 2721 599 2756 δύσμαχον.
621 2720 656 2747 Ita
673 2721 747 2748 Pass.
772 2729 803 2748 ac
819 2720 1003 2756 pleriqueco-

226 2754 310 2782 dices.
326 2755 388 2783 Par.
408 2757 473 2797 edit.
488 2754 885 2798 ἐπίμαχον.ῌοειηιιιίξ,υο’ύτως
898 2755 1005 2798 ,ἐπίμα-

227 2797 286 2830 χον,
297 2798 364 2831 quos
375 2792 497 2826 sequitur
507 2790 600 2818 tlomb.
615 2791 659 2825 qui
671 2792 709 2818 sic
721 2791 806 2832 reddit
818 2792 889 2818 buric
898 2790 984 2818 locum
996 2798 1004 2816 ς

231 2832 240 2848 ι
259 2824 325 2852 hihi]
334 2827 448 2861 aequead
456 2833 569 2860 pugnam
576 2833 657 2860 segne
670 2831 751 2860 atque
763 2833 933 2857 ruosum.ac
941 2833 1004 2851 ven-

227 2862 276 2892 ter,
291 2868 420 2896 suamquc
431 2869 485 2897 prac
499 2861 621 2889 manibus
636 2861 750 2889 salutem
763 2862 870 2889 habere.
882 2870 891 2887 ›
907 2861 1005 2889 Eodem

1057 1528 1174 1561 faciliori
1188 1534 1212 1556 et
1228 1530 1416 1561 tutiori,cuius
1434 1531 1480 1557 tibi
1492 1540 1532 1559 me
1544 1533 1636 1559 ducem
1647 1535 1704 1566 fore
1722 1534 1847 1568 proﬁteor

1057 1573 1129 1609 (nam
1145 1574 1258 1602 Persica
1273 1576 1386 1610 regionis
1403 1581 1456 1602 tam
1481 1578 1580 1611 peritus
1598 1587 1657 1606 sum
1668 1587 1747 1614 quam
1760 1580 1845 1615 quiuis

1056 1620 1148 1653 alius),
1158 1620 1186 1646 in
1201 1620 1315 1647 hostium
1326 1627 1422 1647 terram
1434 1623 1627 1656 impressione»:
1649 1624 1740 1657 facies,
1751 1624 1845 1651 rebus-

1056 1673 1105 1699 que
1116 1673 1148 1692 es
1160 1666 1242 1693 animi
1254 1668 1380 1693 sententia
1389 1667 1512 1700 ronfeclis
1533 1669 1567 1694 ad
1586 1670 1697 1696 reditum
1717 1676 1742 1696 te
1756 1671 1844 1697 accin-

1056 1717 1108 1744 ger.
1125 1710 1168 1737 Me
1180 1715 1266 1737 autent
1289 1716 1349 1737 tunc
1363 1713 1466 1738 demum
1481 1712 1603 1746 beneﬁcio
1625 1713 1730 1747 efﬁcies,
1746 1721 1804 1740 cum
1818 1723 1845 1742 re

1056 1758 1111 1788 ipsa
1121 1756 1301 1783 benevolentia:
1318 1765 1379 1791 ergo
1395 1763 1419 1784 te
1445 1765 1508 1784 mea:
1524 1758 1676 1792 consiliique
1691 1760 1740 1786 mei
1760 1759 1844 1786 docu-

1055 1806 1168 1828 mentum
1182 1803 1287 1833 ceperis.

1092 1846 1146 1873 ΧΙΙ.
1161 1847 1215 1874 Ilac
1237 1849 1361 1875 oratione
1378 1855 1437 1875 cuan
1448 1869 1454 1877 .
1468 1849 1495 1876 id
1511 1850 1583 1883 quod
1607 1851 1783 1884 proponebat,
1796 1850 1844 1877 Ju-

1056 1892 1128 1919 liano
1142 1894 1334 1927 persuasisset,
1359 1895 1468 1922 credula
1485 1895 1557 1922 enim
1573 1900 1614 1922 est
1631 1895 1736 1929 levitas,
1753 1897 1845 1931 pra-ci-

1056 1946 1162 1974 pueqne
1192 1939 1274 1966 etiam
1303 1939 1357 1967 Deo
1387 1940 1497 1976 impium
1525 1941 1691 1976 exagitante.
1717 1943 1843 1970 omnibus

1057 1984 1137 2011 simul
1164 1984 1343 2012 incommodis
1359 1986 1446 2020 premi
1471 1987 1555 2021 coepit
1580 1987 1727 2015 exercitus.
1757 1987 1845 2016 Naves

1058 2029 1111 2064 igni
1127 2028 1340 2064 conﬂagrabaut,
1359 2031 1526 2058 frumentum
1545 2032 1647 2059 nullum
1669 2039 1738 2066 erat,
1754 2041 1787 2061 ac
1807 2034 1844 2061 ri-

1058 2083 1105 2103 sus
1135 2075 1245 2110 insuper
1272 2077 1445 2111 accedebat;
1466 2078 1537 2105 idem
1562 2078 1633 2105 enim
1663 2078 1747 2106 ferme
1766 2083 1843 2112 erat,

1061 2120 1139 2155 155
1165 2129 1196 2148 ac
1222 2121 1244 2148 si
1269 2129 1367 2150 manus
1383 2124 1434 2150 sibi
1451 2123 1500 2158 ipsi
1519 2131 1666 2158 necemque
1687 2124 1842 2158 attulisset,

1059 2175 1121 2202 spes
1135 2175 1228 2194 omnes
1241 2169 1372 2202 evanidae,
1387 2169 1493 2204 duxque
1513 2169 1616 2197 itineris
1631 2178 1692 2197 cum
1705 2171 1843 2204 promissis

1059 2212 1116 2239 suis
1134 2212 1312 2240 abscesserat.
1332 2214 1359 2241 ln
1373 2215 1466 2242 orbem
1485 2223 1565 2250 porro
1582 2215 1673 2243 hostes
1697 2215 1843 2248 instabant,

1058 2259 1156 2286 bellum
1185 2260 1389 2288 circumﬂuebat
1412 2270 1419 2288 :
1439 2269 1601 2296 progressus
1617 2270 1670 2289 non
1688 2261 1789 2294 facilis,
1805 2262 1842 2288 vi-

1059 2309 1117 2331 ctus
1139 2312 1209 2339 aegre
1230 2306 1357 2339 parabilis
1375 2316 1381 2333 :
1406 2307 1548 2342 langucbat
1564 2309 1718 2340 exercitus,
1733 2308 1843 2335 animis-

1058 2357 1110 2384 que
1124 2351 1326 2384 eonciderat,in
1340 2353 1528 2388 imperatorem
1542 2362 1672 2382 accensus
1685 2359 1745 2382 erat
1756 2365 1763 2382 :
1775 2355 1843 2382 nihil

1058 2515 1137 2547 sensu
1159 2510 1271 2547 exponit
1289 2510 1428 2547 δύσμαχον
1450 2512 1562 2538 Budaeus
1583 2512 1609 2539 in
1630 2512 1731 2541 Plutar.
1747 2511 1841 2547 Symp.

1058 2541 1284 2580 voluitiprbfeclo
1304 2541 1433 2580 itnpostor
1455 2547 1568 2574 suadere
1587 2547 1703 2578 Juliano,
1727 2541 1842 2574 milila're

1059 2578 1139 2605 robur
1154 2579 1252 2613 frangi,
1265 2587 1297 2606 ac
1313 2578 1434 2608 riiosum
1452 2582 1519 2614 lieri,
1536 2589 1595 2608 cum
1613 2581 1707 2608 diillnit
1719 2581 1842 2613 deliciis;

1058 2618 1085 2651 et
1111 2614 1292 2651 praeﬁdentem
1317 2620 1397 2649 atque
1421 2616 1558 2643 incautum
1583 2616 1740 2651 plerumque
1765 2617 1842 2644 labe-

1057 2647 1163 2680 factari,
1175 2657 1235 2675 cum
1250 2650 1277 2676 in
1292 2647 1415 2677 manibus
1428 2651 1502 2678 salus
1513 2658 1573 2678 esse
1583 2647 1698 2678 videtur.

1094 2683 1150 2719 (80)
1176 2684 1276 2710 Ἡνιιτα
1295 2685 1333 2711 ἂν
1349 2685 1434 2719 ἔργῳ.
1451 2687 1496 2713 Sic
1514 2693 1578 2713 mss.
1591 2691 1618 2713 et
1635 2686 1710 2713 editi.
1723 2685 1840 2714 Montac.

1054 2723 1080 2744 et
1095 2718 1156 2755 Par.
1173 2719 1202 2755 ἐν
1217 2719 1300 2755 ἔργῳ.

1089 2754 1144 2787 (81)
1167 2754 1229 2780 Τῶν
1243 2754 1382 2782 ἐλπίδων.
1401 2755 1476 2783 Pass.
1491 2755 1680 2783 ἐλπισθέντων.

1089 2789 1329 2828 (8‘2)A't)_d¢31_77-o’¢.
1353 2791 1389 2817 Ita
1406 2790 1481 2818 Pass.
1503 2796 1530 2819 et
1549 2792 1593 2820 alii
1617 2792 1740 2828 plerique
1761 2791 1842 2819 codd.

1055 2824 1131 2851 Dei-SI
1150 2825 1174 2855 ὁ,
1190 2825 1216 2850 in
1229 2826 1318 2851 editis.

1090 2859 1146 2895 (85)
1162 2857 1261 2894 Εἶχον.
1274 2859 1368 2888 Comb.
1387 2859 1451 2896 εἶχε.
