2071 3133
251 156 303 183 τετε)

851 155 880 181 S.
903 153 1065 182 GIIEGORII
1086 154 1259 182 TIIEOLOGI

1823 156 1876 183 680

251 217 330 244 bona:
344 217 400 250 spei
416 215 548 249 reliquum
565 219 643 245 erat;
663 215 720 241 hzec
734 222 798 246 una,
817 218 846 241 ut
861 214 886 240 in
910 213 1035 248 praesenti
1055 221 1142 241 rerum
1161 219 1231 241 statu
1253 214 1346 241 salutis
1363 215 1429 245 ratio
1446 218 1538 249 patere
1568 215 1719 248 videbatur,
1749 216 1875 243 nimirum

252 264 388 291 scelerato
405 263 521 298 imperio
534 268 560 290 et
578 261 687 289 militari
703 262 862 296 prtefectura
879 261 998 296 defungi.

290 309 356 337 XIII.
377 310 441 342 Quae
455 314 544 336 autem
561 309 700 343 hucusque
713 313 787 344 gesta
802 313 874 341 sunt,
893 310 929 336 ita
945 316 973 335 se
989 310 1036 335 ha—
1051 313 1075 341 Α

254 356 334 387 bent;
352 362 412 388 quae
428 362 492 381 vero
509 359 670 387 sequuntur,
686 361 740 380 non
759 361 813 381 uno
831 354 910 381 modo
927 354 962 381 ab
978 362 1038 381 om-

255 403 333 429 nibus
346 406 528 435 exponuntur,
541 401 588 428 sed
604 400 672 427 alius
685 400 730 427 alii
743 401 862 428 sermoni
877 401 1036 433 assentitur,

254 453 285 472 ac
304 445 469 477 subscribit,
486 453 539 472 non
558 446 648 472 minus
666 451 760 471 eorum
780 445 878 478 quibus
895 445 1038 471 certamini

254 491 404 521 interesse,
426 499 506 524 quam
529 491 628 525 quibus
652 491 749 518 abesse
770 491 894 526 contigit.
914 489 1038 517 Nonnulli

252 537 323 564 enim
338 544 352 562 a
367 536 457 563 Persis
473 544 534 563 eum
545 536 634 570 jaculo
647 536 783 564 conﬁxum
803 537 885 564 fuisse
900 537 986 569 aiunt,
1000 541 1040 563 te-

253 589 327 609 mcre
344 582 370 608 in
388 582 480 608 hostes
495 586 696 613 excursantem,
710 586 792 616 atque
808 582 859 609 huc
873 586 901 609 et
917 581 980 608 illuc
994 589 1039 608 ve-

252 634 317 654 sane
333 627 552 661 praesultantem;
571 627 697 661 idemque
713 627 762 661 ipsi
778 628 851 662 quod
867 627 939 662 Cyro
956 627 1038 662 Pary-

252 673 346 700 satidis
358 673 412 699 tilio
424 673 565 704 accidisse,
578 674 623 707 qui
639 681 700 699 curti
714 673 844 700 adversus
855 674 1036 700 Artaxerxem

251 717 362 745 fratrem
380 725 442 745 cum
461 718 561 752 ingenti
579 718 700 745 exercitu
716 719 893 751 ascendisset,
912 726 944 745 ac
961 718 1038 745 forti-

253 769 295 791 ter
308 768 450 798 pugnaret,
464 765 618 791 temeritate
632 764 738 791 tandem
752 771 799 791 sna
812 764 956 791 victoriam
970 764 1038 791 ami-

250 811 296 838 sit.
307 810 358 836 Alii
373 810 523 844 hujusmodi
538 810 681 844 quemdam
695 809 728 836 de
743 817 776 837 eo
792 817 944 837 sermonem
958 817 1033 837 eom-

250 860 401 882 memorant
420 865 427 882 :
443 855 509 882 Cum
531 855 557 882 in
578 856 720 882 sublimem
741 856 883 890 quemdam
906 856 1036 882 tumulum

251 901 431 933 ascendisset,
453 907 482 928 ut
507 902 579 928 velut
604 909 619 928 e
644 902 751 935 specula
775 902 926 928 exercitum
951 901 1036 928 oculis

250 952 404 982 usurparet,
415 952 588 981 quantusque
601 947 670 974 bello
684 947 873 982 superfuisset,
886 954 1036 981 cognosce-

250 997 302 1026 ret,
317 1000 482 1027 magnasqne
496 993 600 1027 copias,
617 1001 717 1028 speque
732 1000 779 1020 sua
795 993 940 1026 ampliores
954 993 1036 1020 vidis-

249 1043 308 1065 set:
325 1038 409 1070 Quam
425 1047 502 1072 grave
517 1044 541 1066 et
558 1040 694 1074 indignum
711 1040 803 1073 fuerit,
821 1040 934 1071 dixisse,
950 1040 973 1066 si
988 1039 1034 1066 hos

248 1092 337 1111 omnes
357 1084 392 1111 ad
413 1084 591 1111 Romanorum
612 1090 709 1112 terram
728 1086 911 1112 reduxerimus
931 1093 939 1112 :
958 1087 1035 1120 quasi

249 1143 374 1170 videlicet
403 1143 467 1177 ipsis
489 1142 601 1169 salutem
629 1143 804 1170 invidentem.
824 1142 926 1176 Quibus
946 1143 1035 1169 verbis

247 1193 411 1215 commotum
435 1187 547 1215 militem
570 1189 726 1222 quemdam,
750 1188 844 1222 iraque
867 1189 1032 1223 praecipitem

249 1239 351 1264 actum,
371 1233 442 1260 nulla
463 1234 559 1261 salutis
577 1241 632 1260 suae
653 1234 746 1261 habita
766 1235 882 1266 ratione,
903 1234 929 1260 in
950 1234 1034 1268 ipsius

249 1280 355 1306 viscera
370 1279 486 1314 gladium
502 1280 637 1314 adegisse.
650 1279 702 1306 Alii
718 1287 813 1307 rursus
828 1280 944 1307 facetum
958 1285 985 1307 et
998 1281 1034 1307 ri-

246 1325 367 1352 diculum
379 1325 521 1360 quemdam
533 1325 682 1352 Barbarum
698 1325 807 1360 (quales
819 1326 845 1353 in
859 1326 974 1352 militum
988 1334 1033 1353 co—

248 1370 355 1402 mitatu,
369 1375 424 1396 tum
440 1370 474 1396 ad
488 1369 627 1397 leniendas
641 1370 795 1396 animorum
810 1371 959 1403 molestias,
976 1377 1030 1398 tum

248 1415 283 1442 ad
302 1415 476 1441 exhilaranda
497 1415 620 1441 convivia
641 1422 703 1441 esse
723 1414 844 1451 solent),
864 1416 914 1442 hoc
930 1415 1033 1443 facinus

247 1464 417 1493 perpetrasse
429 1459 528 1486 ferunt.
537 1458 591 1486 Nec
602 1459 699 1486 desunt
710 1460 755 1494 qui
767 1460 904 1487 Saracena
915 1461 1030 1494 cuipiam

247 1507 359 1541 gloriam
375 1507 445 1532 hanc
458 1506 603 1532 ascribant.
618 1505 761 1540 Utcunque
775 1512 804 1533 se
830 1513 874 1533 res
890 1506 980 1539 habet,
995 1507 1030 1534 lc-

283 1563 338 1599 (84)
360 1563 479 1591 Τούτου.
509 1563 583 1590 Pass.
615 1567 643 1591 et
671 1563 792 1598 plerique
820 1564 937 1598 codices,
968 1564 1031 1591 τού-

247 1608 310 1625 των.

283 1633 339 1669 (85)
359 1634 603 1666 Κατηκοντίσθαι.
635 1633 823 1669 Hieronymus,
851 1633 898 1667 Ep.
921 1634 953 1661 ad
973 1634 1031 1660 Ma-

247 1678 328 1703 gnum
359 1675 494 1696 oratorem
517 1669 574 1694 ait:
597 1678 606 1694 ι
626 1669 711 1695 Conto
727 1670 771 1695 ilia
794 1669 938 1703 perfossus.
953 1678 963 1695 ›
979 1669 1032 1695 Da-

248 1712 389 1731 mascenus
404 1703 452 1731 0r.
472 1703 497 1733 I,
508 1703 546 1729 De
559 1704 727 1738 imaginibus.
744 1704 845 1730 Ellatlio
857 1709 978 1736 auctore,
992 1705 1031 1730 δό-

247 1747 291 1775 ρυ,
305 1748 314 1764 ι
331 1740 434 1765 hastam
450 1747 459 1764 ι
476 1742 562 1775 vocat.
577 1738 613 1764 Ita
629 1739 736 1765 Sozom.
750 1739 767 1770 l,
782 1746 817 1771 vt,
833 1746 857 1766 c.
873 1739 898 1772 1,
912 1739 1032 1766 Ammia-

248 1774 309 1805 nus,
329 1783 338 1798 ι
357 1778 508 1807 equestrem
526 1774 629 1800 hastam
647 1783 656 1798 ι
676 1775 801 1808 appellat.

283 1809 337 1844 (86)
362 1807 504 1838 Ἀτάκτοις
528 1807 701 1845 ῥκρρρμαῖςξ
723 1809 788 1844 Reg.
821 1816 848 1842 tt,
877 1808 1029 1845 ἐκδρόμοις.

247 1843 312 1877 Ileg.
328 1844 354 1870 l).
370 1844 507 1873 τακτικοῖς
526 1843 678 1878 ἐκδρόμοις.

283 1879 338 1913 (87)
365 1878 538 1911 Ἑμπληξίᾳ.
558 1879 678 1911 Quatuor
701 1878 784 1913 Regg.
813 1878 890 1906 Colb.
915 1879 943 1908 k.
966 1879 1030 1906 Sav.

247 1913 322 1940 Pass.
347 1913 489 1948 ὲκπληξίᾳ.
510 1914 557 1940 Uni
574 1913 712 1940 sententia:
729 1914 801 1940 favet
819 1915 941 1948 Eulrop.,
957 1914 1029 1941 Ilist.

247 1949 361 1981 Rom.,l.
381 1956 407 1975 κ.
422 1947 477 1974 Ιιιιο
488 1948 612 1982 August,
627 1948 644 1975 Ι.
657 1956 682 1974 tv
693 1948 732 1975 De
746 1949 817 1975 civit.
833 1957 856 1975 c.
869 1949 915 1981 29,
931 1955 957 1976 et
973 1950 989 1975 l.
1004 1957 1030 1980 v,

246 1992 271 2010 c.
284 1983 329 2013 2|.
353 1984 396 2010 ubi
414 1983 534 2010 Julianus
544 1984 652 2014 dicitur,
670 1993 678 2007 ι
699 1984 794 2010 merito
814 1985 974 2011 temeritatis
1003 1991 1031 2010 et

247 2019 335 2045 hostili
347 2019 456 2045 vulnere
471 2019 630 2045 exstinctus.
648 2027 657 2043 ι
675 2017 702 2044 Id
717 2019 968 2054 etiamsupponunt
982 2028 1028 2046 cx-

248 2059 331 2080 trema
343 2053 481 2080 morientis
492 2054 524 2079 ad
539 2054 745 2080 circumstantes
758 2053 848 2080 verba.

282 2088 337 2124 (88)
360 2088 422 2121 Τοῖς
435 2088 561 2123 μιιρίοις.
580 2097 590 2113 ι
602 2089 667 2124 Cum
685 2089 786 2122 ingenti
802 2089 932 2120 exercitu,
950 2099 959 2114 ι
977 2096 1026 2116 nec

245 2124 314 2150 bene
324 2125 425 2156 Billius,
442 2133 450 2148 ι
465 2131 526 2149 cum
539 2124 630 2150 decem
644 2123 780 2150 hominum
793 2123 919 2150 millibus.
939 2133 949 2149 ι
962 2126 1027 2156 Qnis

245 2159 316 2185 enim
332 2159 375 2184 hic
390 2158 505 2184 tantulus
520 2159 666 2189 exercitus,
689 2158 733 2191 qui
752 2159 938 2192 potentissimo
960 2159 1025 2186 Per-

245 2201 336 2220 sarum
355 2193 408 2227 regi
424 2197 496 2220 esset
510 2193 644 2228 negotium
657 2193 798 2219 facturus?
812 2193 896 2228 Cyrus
912 2202 964 2221 non
982 2203 1026 2221 so-

246 2228 299 2254 lum
312 2238 321 2254 (
333 2230 424 2254 decem
433 2228 512 2254 millia
521 2227 686 2258 Graecorum,
697 2237 706 2252 ι
717 2229 762 2254 sed
773 2227 838 2254 alias
847 2229 927 2255 etiam
935 2230 1025 2262 plures
1036 2257 1038 2259 _

247 2264 272 2289 in
285 2263 412 2289 auxilium
435 2263 525 2296 copias
541 2263 643 2290 habuit.
657 2262 725 2298 Reg.
740 2264 767 2296 Ι),
785 2264 860 2290 αυιυ.
873 2265 900 2295 5,
913 2270 939 2290 et
951 2265 1026 2292 Pass.

245 2298 291 2324 ὅστ
296 2307 318 2329 ις
328 2299 384 2328 τοῖς
396 2298 513 2332 μυρίοις.

282 2335 337 2367 (89)
364 2331 478 2364 Ἐπειδὴ
494 2334 530 2359 ol.
548 2331 585 2358 Ita
597 2332 716 2368 melioris
730 2337 800 2368 nota:
814 2334 931 2368 rqdices,
944 2334 1028 2368 Regg.

245 2367 301 2403 Iun,
322 2365 484 2403 buLaliique
501 2368 601 2402 plures.
618 2367 701 2394 Munt.
715 2367 808 2403 ἐπειδὴ
822 2365 857 2394 οἷ.
876 2365 950 2396 Pass.
967 2365 1029 2395 eiei

244 2402 297 2428 δέοι
312 2402 438 2436 φανῆναι.

245 2473 268 2499 ἀ.
282 2434 338 2470 (9ὐ)
359 2434 455 2462 Ὧσαι.
480 2437 570 2464 Scltol.
599 2438 712 2464 subaud.
738 2437 824 2471 ξίφος,
843 2447 852 2463 ι
868 2438 953 2471 ensis,
970 2439 1028 2474 gla-

265 2481 312 2499 IIIS.
332 2482 341 2497 )

265 2481 312 2499 ΙΙΙὸ-
332 2482 341 2497 )

281 2508 335 2542 (9|)
355 2506 555 2547 ξτρατιιὶιταις.
584 2506 651 2542 Reg.
680 2515 708 2542 q,
732 2506 853 2535 Contbef'.
891 2511 1026 2544 στρατοῖς,

247 2551 256 2567 1
276 2550 364 2568 ('XGI‘CI
370 2549 420 2569 IIIS.
434 2551 442 2566 Ι

280 2577 336 2612 (9'2)
356 2578 424 2603 Εἰσὶ
440 2576 474 2603 δὲ
490 2577 518 2604 οἳ
527 2577 576 2604 καὶ
590 2578 770 2611 Σαρακηνῶν
784 2587 850 2611 τινι,
865 2584 918 2606 etc.
932 2588 942 2604 ι
960 2578 1029 2606 Sunt

244 2618 332 2639 autem
358 2613 402 2646 qui
421 2613 566 2645 Saraceno,
586 2622 596 2638 ι
617 2619 669 2639 etc.
696 2613 746 2641 Hie
765 2615 959 2641 advertendum
973 2620 1026 2646 est,

245 2647 311 2673 nihil
326 2654 429 2674 eertum
445 2648 476 2674 de
492 2647 590 2674 Juliani
605 2647 778 2676 interfectore
797 2649 866 2683 apud
880 2650 1027 2682 scriptores

246 2683 367 2715 reperiri.
389 2683 470 2714 Varii,
487 2689 515 2708 ut
533 2682 677 2716 Gregorius
694 2690 794 2716 noster,
813 2682 901 2710 varias
922 2685 1027 2717 opinio-

244 2725 292 2753 nes
313 2723 462 2744 recensent.
479 2718 541 2744 Vide
552 2718 708 2753 rChrrysost”
729 2719 775 2746 lib.
799 2718 838 2745 De
857 2719 887 2745 S.
903 2717 1025 2753 Babyla.:

245 2752 436 2787 Qamascenum
456 2758 525 2779 orat.
547 2752 557 2778 I
589 2752 628 2778 De
650 2754 824 2787 imaginibus;
852 2752 1025 2784 Τὴεοα‹)ιιει,,

247 2785 327 2818 Hist.,
338 2787 382 2814 lib.
395 2795 470 2818 ttt,e.
483 2787 534 2819 25;
546 2788 663 2820 Sucrat.,
676 2785 721 2816 lib.
739 2797 779 2819 ιιι,
796 2785 821 2815 c.
838 2788 868 2815 2|
883 2797 890 2820 ;
905 2788 1024 2820 Sozom.,

244 2821 289 2846 lib.
307 2829 343 2853 vt,
357 2829 381 2848 e.
399 2823 426 2852 1,
437 2823 464 2853 2,
480 2828 532 2849 etc.
550 2822 678 2849 Lilianins
697 2829 765 2850 orat.
781 2824 884 2850 funebri
903 2825 928 2850 in
939 2823 1027 2849 Julia-

244 2863 306 2881 num
329 2857 368 2882 sic
394 2856 509 2890 loquitur
524 2867 556 2893 :VI
572 2857 696 2885 Furtasse
724 2859 821 2893 aliquis
841 2866 920 2886 nosse
942 2860 1024 2892 cupit.

243 2898 367 2924 quisnam
392 2892 475 2918 illutu-
488 2892 634 2925 occiderit;
654 2900 703 2928 ego
719 2892 783 2922 vero
801 2901 896 2921 nomen
918 2895 1024 2928 quidem

1123 307 1172 334 II".
1181 307 1220 333 Τὰ
1238 308 1286 341 μὲν
1298 306 1329 342 δὴ
1347 306 1426 341 μέχρι
1437 307 1530 333 τούτου
1542 306 1597 341 (84)
1611 314 1739 334 τοιαυταυ
1750 307 1784 333 τὰ
1796 305 1825 333 δὲ
1837 307 1871 334 ὲντ

1089 353 1183 380 τεῦθεν
1200 354 1249 387 οὐχ
1263 350 1302 384 εἷς
1321 352 1430 386 λέγεται
1445 352 1532 386 λόγος,
1550 352 1628 384 ἄλλος
1644 353 1672 379 δὲ
1687 352 1758 388 ἄλλῳ
1774 353 1877 388 συμφέ-

1091 409 1166 436 ρεται
1182 400 1229 426 καὶ
1244 399 1410 430 συντίθεται,
1431 398 1485 425 τῶν
1509 407 1541 425 τε
1567 399 1708 434 παρόντων
1727 400 1828 435 ὁμοίως
1842 402 1876 436 τῇ

1092 447 1178 482 μάχῃ·
1193 446 1240 472 καὶ
1253 445 1307 471 τῶν
1319 445 1451 472 ἁπάντων.
1464 445 1495 471 Οἱ
1509 445 1557 480 μὲν
1572 446 1626 479 γὰρ
1641 446 1693 472 ὑπὸ
1707 446 1819 481 Περσῶν
1828 447 1877 472 αὑ-

1089 492 1134 518 τὸν
1145 491 1354 527 κατηκοντίσθαι
1366 491 1422 526 (85)
1435 491 1516 525 φασὶν
1528 491 1654 522 ἀτάκτοις
1665 491 1809 526 ἐκδρομαῖς
1818 492 1876 527 (86)

1089 538 1238 574 χρώμενον,
1246 538 1293 565 καὶ
1300 537 1412 564 ἄττοντα
1421 537 1483 573 τῇδε
1491 538 1602 564 κάκεῖσε
1611 538 1658 564 σὺν
1667 537 1801 573 ὲμπληξίᾳ
1809 538 1874 574 (87)·

1089 585 1136 611 καὶ
1151 585 1241 619 ὅμοιόν
1260 593 1286 611 τι
1306 584 1370 619 περὶ
1392 584 1472 610 αὑτὸν
1496 584 1631 619 συμϐῆναι
1650 584 1687 618 τῷ
1711 584 1802 618 Κύρου
1827 584 1875 611 τοῦ

1089 631 1285 666 Παρυσάτιδος,
1303 631 1349 662 ὃς,
1374 632 1431 661 τοῖς
1450 630 1555 665 μυρίοις
1572 630 1628 665 (88)
1639 630 1806 657 συνανελθὼν
1829 630 1876 657 ἐπὶ

1088 678 1133 704 τὸν
1155 677 1268 711 ἀδελφὸν
1285 677 1477 713 Ἀρταξέρξην,
1494 677 1541 703 καὶ
1561 675 1691 708 νεανικῶς
1711 676 1874 711 μαχόμενος,

1089 723 1183 758 θράσει
1198 723 1247 759 τὴν
1262 723 1340 758 νίκην
1355 723 1521 757 διέφθειρεν·
1536 723 1560 748 οἱ
1574 722 1602 748 δὲ
1625 722 1743 748 τοιοῦτόν
1759 731 1820 748 τινα
1831 723 1874 748 ἐπ’

1089 769 1161 804 αὐτῷ
1176 768 1330 804 διηγοῦνται
1345 768 1422 802 λόγον
1432 777 1439 784 ι
1461 769 1522 795 Ἐπί
1535 777 1594 794 τινα
1608 768 1688 802 λόφον
1700 767 1754 794 τῶν
1765 767 1875 803 ὑψηλῶν

1088 814 1215 845 ἀνελθὼν,
1234 813 1271 845 ὡς
1285 815 1317 840 ὲκ
1331 813 1473 849 περιωπῆς
1487 813 1533 840 τὸν
1556 813 1668 849 στρατὸν
1691 813 1751 847 ὕψει
1771 808 1873 845 λαϐεῖν,

1088 860 1134 886 καὶ
1145 860 1206 890 ὅσος
1218 858 1367 894 ὑπελείφθη
1429 858 1539 893 πολέμῳ
1555 858 1659 893 μαθεῖν,
1671 858 1768 893 ἐπειδὴ
1779 859 1803 884 οἱ
1818 858 1874 894 (89)

1087 906 1203 940 φανῆναι
1225 905 1292 932 πολὺ
1308 905 1338 932 τὸ
1355 905 1469 940 πλῆθος,
1487 906 1533 931 καὶ
1556 905 1607 940 τῆς
1629 905 1736 937 ἐλπίδος
1752 905 1873 939 ἀφθονώ-

1087 960 1180 987 τερον·
1201 952 1246 984 Ὠς
1261 951 1371 983 δεινὸν,
1386 953 1483 983 εἰπεῖν,
1497 953 1524 978 ει
1540 951 1655 984 πάντας
1667 950 1705 985 τῇ
1726 951 1874 985 Ῥωμαίων

1052 1002 1072 1029 Β
1088 997 1126 1032 γῇ
1140 998 1265 1030 τούτους
1278 997 1482 1032 ἐπανάξομεν·
1497 997 1535 1029 ὡς
1549 997 1582 1024 ἄν
1595 1006 1638 1029 τις
1659 997 1812 1032 βασκαίνων
1825 998 1874 1024 αὺ-

1087 1045 1142 1074 τοῖς
1155 1043 1205 1078 τῆς
1218 1044 1361 1079 σωτηρίας.
1383 1044 1440 1078 Ἐφ’
1486 1052 1546 1070 τινα
1559 1043 1613 1069 τῶν
1637 1040 1809 1079 στρατιωτῶν
1824 1053 1873 1078 χα-

1087 1089 1250 1125 λεπῄναντα,
1267 1089 1313 1115 καὶ
1329 1089 1359 1115 οὐ
1375 1089 1545 1124 κατασχόντα
1559 1089 1609 1122 τὴν
1622 1088 1717 1124 ὀργὴν,
1734 1085 1802 1115 ὦσαι
1817 1088 1871 1123 (90)

1088 1136 1158 1162 κατὰ
1171 1136 1225 1162 τῶν
1242 1136 1412 1170 σπλάγχνων,
1425 1136 1597 1171 ἁλογήσαντα
1610 1135 1661 1170 τῆς
1673 1134 1768 1162 ἑαυτοῦ
1787 1143 1874 1170 σωτη-

1090 1181 1157 1217 ρίας.
1179 1182 1222 1213 Ὠς
1237 1181 1265 1208 δὲ
1288 1182 1371 1213 ἄλλοι,
1393 1182 1446 1208 τῶν
1461 1182 1623 1216 γελοιαστῶν
1648 1181 1791 1216 βαρϐάρων
1811 1182 1872 1208 τινὰ

1085 1227 1164 1253 τοῦτο
1179 1227 1311 1262 τολμῆσαι
1325 1227 1359 1254 (οἳ
1373 1229 1427 1259 τοῖς
1438 1227 1615 1262 στρατιώταις
1626 1227 1681 1261 (9i)
1694 1227 1815 1258 ἕπονται,
1827 1227 1873 1253 λύ-

1087 1282 1141 1308 mg
1149 1281 1179 1299 τε
1190 1273 1352 1308 ψυχαγωγία
1367 1274 1413 1300 καὶ
1429 1274 1520 1304 πότοις
1533 1273 1664 1309 ἥδυσμα).
1678 1273 1739 1299 Εἰσὶ
1746 1272 1774 1299 δὲ
1787 1273 1810 1299 οῖ
1826 1273 1873 1299 καὶ

1084 1319 1249 1355 Σαρακηνῶν
1261 1328 1313 1346 τινι
1329 1319 1384 1354 (92)
1397 1319 1427 1345 τὺ
1439 1319 1516 1350 κλέος
1529 1318 1607 1345 τοῦτο
1622 1318 1730 1344 διδόασι.
1744 1318 1816 1354 Πλὴν
1831 1318 1873 1345 δὲ-

1084 1373 1158 1400 χεται
1170 1365 1277 1400 πληγὴν
1288 1365 1396 1400 καιρίαν
1410 1365 1505 1396 ὅντως,
1518 1365 1564 1391 καὶ
1576 1364 1656 1391 παντὶ
1670 1364 1708 1399 τῷ
1719 1365 1812 1400 κόσμῳ
1824 1374 1873 1391 σω-

1082 1412 1186 1446 τήριον,
1194 1412 1240 1437 καὶ
1253 1412 1301 1446 μιᾷ
1311 1412 1381 1446 τομῇ
1393 1411 1518 1444 σφαγέως
1524 1411 1590 1444 (95),
1599 1410 1704 1437 πολλῶν
1711 1411 1872 1446 σπλάγχνων

1083 1458 1238 1484 ἁπαιτεῖται
1244 1457 1320 1492 δίκην
1326 1456 1418 1488 κακῶς
1423 1456 1630 1484 πιστευθέντων.
1636 1457 1667 1482 Ὃ
1676 1457 1721 1483 καὶ
1729 1457 1869 1492 θαυμάζω,

1083 1505 1151 1538 πῶς,
1166 1506 1254 1532 πάντα
1271 1503 1413 1539 γινώσκειν
1426 1504 1440 1529 ὀ
1461 1502 1573 1537 μάταιος
1591 1502 1713 1529 ἐντεῦθεν
1737 1503 1869 1538 οἰόμενος,

1046 1568 1067 1597 C
1085 1566 1185 1592 nescio.
1197 1564 1238 1591 Ab
1252 1564 1328 1590 hoste
1343 1567 1431 1589 tamen
1447 1561 1617 1588 interfectum
1633 1569 1684 1588 non
1697 1562 1790 1595 fuisse,
1809 1571 1870 1590 cer-

1087 1601 1218 1627 Iissimum
1250 1599 1313 1624 illud
1341 1602 1529 1630 argumentum
1556 1602 1608 1627 est,
1637 1597 1708 1630 quod
1731 1605 1810 1624 nemo
1836 1607 1870 1625 ex

1085 1635 1208 1662 hostibus
1225 1633 1260 1660 ob
1274 1632 1370 1659 vulnus
1383 1632 1446 1658 illud
1465 1632 1567 1658 hortere
1583 1632 1694 1658 affectus
1709 1638 1761 1664 est,
1775 1641 1871 1667 quam-

1084 1671 1124 1697 vis
1138 1677 1183 1696 rex
1198 1669 1339 1696 Persarum
1353 1672 1491 1694 auctorem
1508 1666 1599 1698 caedis,
1613 1674 1661 1701 per
1675 1666 1826 1701 praeconem
1837 1669 1871 1694 ad

1085 1704 1224 1738 praemium
1254 1703 1400 1738 vocaverit.
1425 1711 1435 1727 ι
1468 1701 1573 1738 Deinde
1588 1702 1676 1728 innuit
1691 1701 1831 1738 _.Iulianum
1855 1711 1871 1730 τι

1084 1736 1200 1774 quodam
1224 1747 1234 1763 ι
1259 1737 1342 1774 milite
1356 1737 1488 1774 Romano.
1506 1745 1516 1762 ›
1539 1737 1620 1763 etiam
1644 1736 1836 1774 εριιιζὶδιίιιιιο
1857 1747 1869 1764 ι

1085 1771 1242 1808 percussum
1256 1773 1398 1800 cecidisse.
1415 1772 1441 1798 Id
1459 1779 1511 1798 non
1519 1777 1633 1808 veretur
1643 1771 1758 1799 Libanio
1772 1780 1871 1800 conce-

1085 1806 1148 1836 ilcre
1165 1810 1343 1839 Sozomenus,
1360 1813 1440 1842 atque
1455 1814 1469 1833 a
1483 1806 1560 1839 culpa
1576 1807 1693 1834 liberare
1709 1807 1815 1835 videtur
1829 1809 1870 1834 in-

1085 1845 1265 1876 terfeetorem,
1291 1852 1300 1868 ι
1319 1843 1362 1876 qui
1385 1841 1495 1876 propter
1518 1841 1613 1874 Deum,
1630 1847 1661 1877 et
1677 1848 1788 1877 propter
1809 1851 1870 1870 eam

1083 1887 1162 1911 quam
1180 1879 1286 1905 colebat.
1298 1877 1453 1911 religionem
1471 1881 1610 1903 strenuum
1624 1876 1834 1905 facinusredidit.
1856 1888 1866 1904 ι

1085 1914 1160 1941 Absit
1184 1919 1213 1940 ut
1243 1914 1268 1940 in
1292 1914 1341 1939 hac
1364 1920 1393 1939 re
1417 1912 1568 1939 Sozomeno
1582 1913 1774 1939 assentiamur.
1789 1914 1870 1940 Atali

1087 1955 1194 1983 tantque
1218 1948 1338 1975 inaudito
1364 1954 1489 1983 sermone
1521 1947 1669 1983 abhorrent
1694 1955 1773 1975 aures
1806 1956 1870 1975 vere

1085 1982 1252 2020 C‘briStiame.
1266 1983 1377 2016 Semper
1391 1987 1418 2009 et
1434 1982 1531 2015 ubique
1548 1982 1654 2016 regibus
1670 1990 1707 2020 ae
1725 1984 1806 2010 etiam
1825 1990 1869 2018 ty-

1085 2018 1177 2045 rannis
1193 2018 1280 2050 fidele,
1295 2022 1421 2044 constans
1436 2024 1468 2043 ac
1483 2022 1639 2050 perpetuum
1659 2018 1773 2044 debetur
1789 2020 1870 2046 obse-

1081 2055 1183 2088 quium.
1196 2054 1247 2086 _Dei
1266 2053 1457 2086 hominumque
1472 2052 1535 2078 odio
1551 2053 1711 2088 premendus
1721 2057 1772 2085 est,
1793 2056 1869 2088 quis-

1079 2087 1139 2123 quis
1152 2090 1178 2115 in
1195 2096 1287 2122 regum
1300 2093 1346 2113 aut
1360 2088 1441 2123 etiam
1455 2092 1630 2123 tyrannorum
1643 2087 1737 2123 vitam,
1751 2087 1867 2122 quacun-

1080 2121 1132 2158 que
1159 2132 1193 2150 ex
1219 2121 1299 2150 causa
1330 2121 1475 2156 sacrilegas
1503 2129 1599 2158 manus
1613 2121 1714 2158 injicit.
1738 2121 1791 2150 Nos
1804 2132 1867 2151 eum

1080 2156 1231 2194 gravissimi
1248 2158 1360 2194 sceleris
1379 2164 1466 2188 reum,
1485 2164 1517 2183 ac
1529 2156 1712 2194 acerbissimis
1728 2159 1867 2192 suppliciis

1082 2191 1222 2228 morteque
1242 2193 1395 2228 turpissima
1419 2193 1589 2228 plectendum
1603 2191 1767 2228 judicamus.
1779 2191 1867 2220 ’Absit

1080 2229 1161 2255 etiam
1178 2226 1217 2254 ⁷ιιι
1237 2236 1270 2254 ex
1286 2227 1463 2258 Theodoreto,
1483 2227 1538 2261 qui,
1554 2226 1638 2259 llist.,
1653 2227 1698 2254 lib.
1719 2235 1758 2259 ιιι,
1776 2236 1800 2255 c.
1819 2229 1865 2260 “23,

1081 2266 1118 2290 ait
1131 2272 1139 2290 ι
1157 2273 1166 2289 ι
1185 2264 1238 2291 Sed
1250 2264 1308 2290 sive
1329 2264 1420 2293 homo,
1436 2263 1492 2289 sive
1507 2262 1617 2299 angelus
1632 2262 1719 2297 gladio
1731 2271 1792 2290 eum
1806 2265 1865 2299 (Ju-

1082 2300 1194 2333 lianum)
1211 2299 1352 2333 percussit,
1366 2303 1468 2333 certum
1486 2302 1536 2329 εει,
1548 2297 1701 2331 quicunque
1714 2297 1818 2325 tandem
1838 2301 1864 2326 id

1081 2334 1184 2366 fecerit,
1211 2341 1271 2360 eum
1299 2334 1396 2360 divtnaa
1423 2332 1566 2358 voluntatis
1590 2333 1777 2359 administruut
1799 2333 1864 2360 fuis-

1080 2376 1126 2398 se;
1147 2378 1155 2394 ι
1172 2369 1252 2400 absit,
1266 2369 1384 2402 inquam,
1399 2372 1427 2393 ut
1447 2367 1508 2393 itide
1522 2366 1681 2401 colligamus
1702 2367 1799 2395 Iuliani
1821 2370 1863 2396 itt-

1081 2404 1251 2431 terfectorem
1274 2404 1396 2436 qniSquis
1411 2403 1455 2429 ille
1468 2402 1560 2432 fuerit,
1579 2407 1670 2435 utpote
1683 2411 1693 2427 ι
1709 2403 1805 2430 άίνὶιιιυ
1819 2412 1864 2431 νο-

1080 2439 1188 2465 luntatis
1213 2438 1409 2468 administrum,
1436 2447 1445 2463 ι
1479 2437 1562 2464 fuisse
1588 2436 1735 2463 innoxium.
1764 2439 1864 2466 Divina:

1078 2475 1150 2500 enim
1165 2474 1310 2500 voluntatis
1323 2473 1473 2499 administri
1495 2481 1503 2497 ι
1521 2472 1595 2498 fuere
1612 2471 1729 2499 Herodes
1748 2479 1775 2500 et
1792 2473 1859 2500 Ροιι-

1079 2511 1131 2534 tius
1146 2509 1256 2539 Pilatus,
1273 2509 1331 2542 qui,
1348 2517 1357 2533 ι
1376 2513 1404 2533 ιιι
1418 2510 1443 2534 in
1457 2507 1516 2534 Aet.
1532 2515 1569 2538 tv,
1585 2507 1631 2538 27.
1646 2506 1692 2537 28,
1706 2516 1715 2532 ι
1731 2515 1863 2536 convene-

1079 2549 1142 2570 runt
1168 2544 1257 2570 facere
1281 2551 1340 2577 qua:
1357 2550 1452 2570 manus
1468 2547 1495 2568 et
1509 2542 1648 2569 eunsiliutn
1666 2542 1713 2569 Dei
1736 2544 1863 2571 decreve-

1079 2584 1142 2605 runt
1157 2579 1230 2614 ﬁeri;
1250 2588 1259 2604 ι
1277 2579 1341 2612 Quis
1359 2584 1447 2605 tamen
1457 2585 1511 2614 reos
1526 2578 1623 2614 dixerit
1645 2584 1660 2603 a
1682 2578 1795 2614 crimine
1811 2580 1862 2606 ἰιιι-

1079 2612 1196 2640 munes?’
1208 2614 1295 2640 nullus
1321 2619 1394 2640 certe
1418 2613 1463 2647 qui
1491 2612 1630 2639 verissima
1653 2617 1680 2638 et
1701 2612 1862 2641 incoucttssa

1077 2648 1237 2684 ᾳιιι-ὶδιὶειιιιιξ
1263 2649 1323 2675 fidei
1343 2649 1534 2684 religionisque
1555 2647 1684 2682 principia
1712 2653 1768 2675 toto
1781 2649 1863 2677 corde

1077 2683 1151 2709 fovet
1163 2692 1194 2710 ac
1207 2688 1303 2710 tuetur.

1113 2718 1169 2753 (95)
1189 2718 1247 2751 and
1261 2718 1335 2753 τομῇ
1350 2719 1496 2753 σφαγέως.
1513 2727 1522 2744 ι
1542 2718 1593 2745 Per
1603 2726 1683 2744 unant
1704 2718 1860 2746 interfecto-

1078 2753 1116 2779 ris
1130 2754 1299 2789 incisionettt.
1318 2764 1326 2779 ι
1347 2754 1421 2781 Pass.
1439 2754 1561 2781 Combef.
1578 2754 1686 2787 alitque,
1699 2754 1749 2789 μιᾷ
1763 2754 1860 2789 τόλμῃ,

1077 2788 1193 2820 sublato,
1209 2789 1345 2823 σφαγέως,
1362 2798 1371 2814 ι
1388 2797 1440 2816 υιιο
1459 2789 1553 2816 audaci
1573 2789 1702 2816 facinore.
1722 2799 1731 2814 ›
1756 2789 1863 2816 Utram-

1077 2831 1130 2865 que
1157 2823 1299 2852 lectionem
1321 2826 1442 2860 agnoscit
1467 2824 1553 2853 Elius.
1573 2824 1667 2852 Billius
1689 2823 1798 2859 priefert
1815 2831 1861 2850 το-
