2071 3133
239 119 288 148 E81

738 121 869 149 ORATIO
890 121 921 149 V.
940 138 975 142 ——
993 123 1132 151 CONTRA
1151 123 1325 153 JULIANUM
1345 125 1379 151 ll.

1819 129 1871 156 68!

239 176 268 202 ἓν
291 175 370 203 τοῦτο
390 175 440 212 τὴν
459 176 530 204 κατὰ
548 176 602 204 τῶν
617 177 714 205 ἑαυτοῦ
743 178 905 213 σπλάγχνων
923 178 1026 214 πληγὴν

1081 180 1153 208 tbale
1165 181 1244 217 156
1251 186 1325 210 certe
1335 182 1447 216 orbique
1458 189 1583 210 universo
1593 187 1711 212 salutare
1719 184 1815 212 vulnus
1826 194 1871 213 ac-

239 222 385 258 ἠγνόησεν.

1082 227 1157 261 cipit,
1166 235 1196 255 ac
1206 228 1366 262 perunicam
1380 228 1550 262 incisionem,
1565 230 1710 258 multorum
1724 231 1870 265 viscerum,

239 269 339 303 quibus
360 270 431 298 male
450 271 606 299 crediderat
636 279 733 306 pmnas
759 272 887 300 exsolvit.
921 272 998 305 Quod
1033 278 1059 301 et
1078 274 1165 310 ipsum
1191 277 1286 309 miror,
1309 284 1363 312 quo
1386 277 1465 304 modo
1489 277 1570 304 homo
1589 285 1687 311 vanus,
1710 278 1757 313 qui
1780 279 1871 306 omnia

240 315 303 342 hinc
319 322 348 342 se
364 316 436 343 scire
453 316 640 349 existimabat,
658 317 709 344 hoc
726 325 807 344 unum
824 317 968 352 ignoravit,
984 318 1113 350 nimirum
1130 320 1229 348 vulnus
1244 321 1392 349 visceribus
1408 321 1464 349 suis
1482 321 1668 357 infligendum.

219 364 223 398 ς
275 360 322 388 ΙΔ’.
346 361 437 394 Ἄξιον
455 362 484 388 δὲ
509 362 576 398 μηδὲ
592 362 673 389 τοῦτο
696 363 887 398 παραδραμεῖν
911 363 959 389 τοῦ
982 364 1031 390 ἀν-

219 393 223 450 (
239 406 310 441 δρὸς,
330 393 464 444 μεγίστην
477 393 528 444 τῆς
541 393 654 436 ’ἐκείνου
677 393 888 450 κακοδαιμονίας
905 409 962 450 (94)
985 410 1032 436 ἐπὶ

221 439 225 491 ἶ
240 439 346 483 πολλοῖς
365 439 426 487 ἕχον
439 439 585 485 ἀπόδειξιν.
601 454 710 480 Ἔκειτο
728 453 776 489 μὲν
790 439 885 493 ἐπὶ]τῇ
984 455 1031 482 τοῦ

224 495 372 535 (ποταμοῦ,
385 498 432 525 καὶ
448 499 575 534 πονηρῶς
588 497 644 535 εἷχε
658 498 704 526 τοῦ
720 499 879 535 τραύματος
892 508 898 515 ·
917 499 1030 531 πολλοὺς

226 523 270 581 )aé
547 523 630 572 αὐτού
647 545 726 582 δόξης
738 523 918 581 ΓἸιγξιῐ›μένίι.›ν,
939 547 977 578 ὡς
996 546 1030 573 ἂν

231 584 310 628 ξύπὲρ
323 590 466 626 ἄνθρωπον
479 591 640 626 νομισθεῖεν,
660 592 770 627 τέχναις
784 592 854 618 τισὶν
875 592 905 625 ἐξ
921 591 1028 628 ἀνθρώ-

240 645 298 663 πων
310 634 517 671 ἀφανισθέντας,
532 639 579 664 καὶ
595 637 640 664 διὰ
654 637 733 664 τοῦτο
747 637 826 670 θεοὺς
838 638 1018 673 νομισθέντας

239 683 320 718 ἔρωτι
334 684 384 719 τῆς
397 683 481 719 αὐτῆς
496 683 575 719 δόξης
588 685 726 717 ἑαλωκὼς,
744 686 791 712 καὶ
807 685 865 720 ἃμα
882 684 920 720 τῷ
934 686 1027 721 τρόπις

239 729 289 764 τῆς
310 729 440 765 τελευτῆς
453 730 497 756 διὰ
514 730 545 757 τὸ
565 731 616 766 τῆς
642 730 770 763 ἀϐουλίας
793 731 885 763 ἄδοξον
910 732 1023 767 αἰσχυνό

241 783 331 810 μενος,
351 774 377 800 τί
402 777 574 810 μηχανᾶται,
601 777 648 803 καὶ
670 777 697 803 τί
720 778 807 810 mret;
835 777 895 804 οὐδὲ
917 777 973 813 γὰρ
993 777 1031 813 τῷ

240 821 290 856 βίῳ
306 821 528 859 συναναλίσκεται
555 823 690 859 πονηρία”
708 823 784 860 ῥίψαι
810 823 881 850 κατὰ
908 824 956 851 τοῦ
983 834 1032 851 πο-

1120 365 1189 393 XIV.
1208 367 1261 395 Sed
1274 375 1308 395 ne
1320 369 1372 396 hoc
1384 369 1492 403 quidem
1505 369 1721 404 praetereundum
1734 373 1785 403 est,
1798 369 1870 404 quod

1083 417 1181 446 praeter
1193 413 1244 440 alia
1259 413 1354 447 multa,
1367 415 1514 442 maximum
1530 415 1643 449 perdita:
1656 415 1730 443 illius
1744 417 1870 444 amentia:

1083 463 1271 492 argumentum
1287 458 1377 486 habet.
1391 458 1418 486 In
1434 459 1554 486 ﬂuminis
1569 460 1627 494 ripa
1641 460 1764 495 iacebat,
1779 462 1869 495 gravi-

1083 505 1124 529 ter
1147 509 1179 530 ex
1207 503 1317 531 vulnere
1336 509 1470 539 aegrotans
1493 513 1500 532 :
1525 512 1585 533 cum
1609 510 1698 533 autem
1720 506 1869 540 permultos

1082 555 1187 580 eorum,
1208 549 1253 584 qui
1276 554 1339 578 ante
1361 550 1446 584 ipsius
1465 555 1572 578 atatem
1594 551 1708 586 gloriam
1729 554 1868 580 consecuti

1082 591 1207 625 fuerant,
1228 598 1256 620 ut
1274 593 1392 622 humana
1410 595 1569 623 conditione
1585 596 1702 630 majores
1721 604 1868 624 censeren-

1083 641 1137 670 tur,
1149 638 1252 667 artibus
1263 640 1423 674 quibusdam
1435 648 1468 668 ex
1481 642 1620 670 hominum
1631 638 1718 671 oculis
1730 652 1790 672 sese
1804 645 1869 672 sub-

1082 682 1202 716 duxisse,
1218 691 1333 719 eamque
1350 685 1384 712 ob
1399 693 1509 713 causam
1527 694 1575 721 pro
1590 688 1641 714 diis
1657 688 1763 716 habitos
1785 690 1870 717 fuisse

1083 728 1180 761 sciret,
1195 728 1316 764 ejusdem
1334 730 1428 765 gloria:
1445 732 1593 766 cupiditate
1609 741 1720 768 captus,
1735 736 1870 770 simulque

1083 773 1178 801 mortis
1202 782 1257 802 sua:
1278 776 1386 804 modum
1410 783 1521 812 propter
1543 781 1705 808 temeritatis
1728 781 1868 809 infamiam

1081 819 1261 854 erubescens,
1281 821 1345 856 quid
1363 823 1491 850 molitur?
1508 825 1572 859 quid
1590 825 1675 853 facit?
1690 835 1778 862 neque
1795 829 1868 856 enim

238 866 328 902 ταμοῦ
347 868 476 903 πειρᾶται
496 868 527 895 τὸ
550 868 638 904 σῶμα,
663 869 711 896 καὶ
733 869 801 905 πρὸς
826 869 905 896 τοῦτο
929 870 1026 906 ἐχρῆτό

1080 865 1158 893 simul
1173 873 1233 893 cum
1246 867 1301 894 vita
1315 868 1474 903 improbitas
1485 871 1676 906 exstinguitur:
1690 874 1716 901 in
1731 874 1869 909 proﬂuen—

239 921 294 939 τισι
309 913 363 939 τῶν
378 914 482 940 πιστῶν
497 914 595 941 ἑαυτοῦ
618 916 761 952 συνεργοῖς
774 916 821 942 καὶ
842 915 959 951 μύσταις
974 917 1028 943 τῶν

240 959 413 995 ἀπορρήτων.
430 960 485 987 Καὶ
497 961 522 987 εἰ
540 961 578 997 μὴ
593 960 647 988 τῶν
661 961 808 997 βασιλικῶν
824 961 960 998 εὐνούχων
974 971 1027 994 τις,

217 1012 221 1016 ‘
238 1005 269 1031 τὸ
287 1006 402 1041 πρᾶγμα
423 1005 593 1042 αἰσθόμενος,
612 1007 658 1034 καὶ
684 1009 740 1039 τοῖς
755 1007 845 1040 ἄλλοις
869 1008 1029 1044 καταμηνύ-

239 1059 303 1083 σας,
327 1052 400 1087 μίσει
423 1051 469 1079 τοῦ
496 1054 724 1089 κακουργήματος
747 1054 798 1090 τὴν
818 1055 907 1091 ὁρμὴν
931 1055 1028 1082 διεκώ-

238 1095 320 1128 λυσε,
352 1096 405 1122 κᾶν
436 1096 523 1133 ἐφάνη
563 1106 606 1129 τις
636 1098 715 1130 ἄλλος
735 1099 792 1130 τοῖς
816 1099 941 1134 ἀνοήτοις
969 1099 1029 1131 θεὸς

237 1142 296 1174 νέος
314 1141 344 1174 ἐξ
362 1142 546 1178 ἀτυχήματος.
571 1144 641 1170 Ἀλλ’
661 1145 766 1176 ἐκεῖνος
791 1144 862 1171 οὕτω
881 1145 931 1180 μὲν
950 1144 1029 1180 βασι-

238 1187 349 1219 λεύσας,
369 1187 440 1215 οὕτω
460 1189 488 1215 δὲ
505 1190 712 1226 στρατηγήσας,
734 1190 805 1217 οὕτω
825 1191 873 1217 καὶ
898 1191 1028 1218 καταλύει

238 1232 284 1258 τὸν
301 1231 358 1267 βίον
373 1232 440 1268 (95).

273 1323 325 1350 1Ε’.
344 1322 540 1358 Διαδεξάμενος
562 1323 592 1350 δὲ
619 1323 669 1359 τὴν
698 1323 836 1359 βασιλείαν
862 1324 943 1356 εὐθὺς
971 1324 1027 1361 (96)

240 1370 298 1404 μετ’
315 1370 428 1399 ἐκεῖνον,
442 1369 456 1396 ὁ
473 1370 530 1404 μετ’
550 1370 653 1396 ἐκεῖνον
673 1369 838 1405 ἀναρρηθεὶς
855 1371 884 1397 ὲν
898 1370 974 1406 αὐτῷ
989 1371 1028 1407 τῷ

240 1415 414 1451 στρατοπέδῳ
430 1415 496 1450 (97),
512 1417 559 1442 καὶ
575 1417 608 1451 τῇ
622 1415 677 1442 τῶν
694 1416 825 1444 κινδύνων
848 1417 925 1452 ἀκμῇ
948 1417 1029 1452 ἀναγ-

239 1461 324 1490 καίως
346 1460 511 1498 ὲπιζητούσῃ
533 1461 578 1487 τὸν
603 1461 783 1496 ἡγησόμενον,
809 1461 878 1498 ἀνὴρ
895 1462 1027 1498 ἐπιφανὴς

239 1506 274 1533 τά
290 1515 320 1533 τε
332 1506 400 1532 ἄλλα
415 1506 460 1533 καὶ
475 1506 524 1541 τὴν
538 1506 690 1539 εὐσέϐειαν,
705 1507 751 1533 καὶ
770 1506 799 1533 τὸ
818 1505 898 1539 εἶδος,
920 1507 1028 1543 ἀληθῶς

1084 916 1135 938 lem
1149 919 1247 946 corpus
1259 921 1337 940 suum
1353 914 1484 949 projicere
1498 922 1622 951 conatur,
1636 919 1669 946 ad
1683 927 1797 955 eamque
1812 929 1868 948 rem

1083 957 1286 991 nonnullorum,
1295 966 1363 994 quos
1375 960 1492 987 maxime
1501 961 1566 988 fidos
1576 969 1791 998 arcanorumque
1803 972 1851 991 con
1862 980 1870 985 -

1082 1003 1154 1030 scios
1168 1004 1310 1038 habuerat,
1323 1011 1403 1040 opera
1420 1007 1557 1034 utebatur.
1572 1007 1647 1040 Quod
1662 1009 1713 1036 nisi
1730 1010 1865 1045 quispiam

1082 1057 1115 1077 ex
1127 1050 1221 1077 aulicis
1232 1051 1374 1085 eunuchis,
1389 1052 1439 1080 hac
1451 1060 1479 1080 re
1491 1054 1610 1089 cognita,
1623 1055 1786 1091 scelerisque
1805 1058 1868 1084 odio

1082 1099 1109 1122 et
1124 1095 1303 1124 detestatione
1318 1097 1378 1124 aliis
1392 1097 1538 1132 patefacta,
1549 1099 1614 1127 huic
1626 1101 1734 1129 conatui
1747 1103 1871 1130 obstitis-

1083 1143 1141 1173 set,
1159 1148 1244 1167 novus
1262 1141 1356 1176 utique
1376 1143 1444 1170 alius
1458 1150 1491 1170 ex
1508 1143 1663 1173 calamitate
1680 1146 1746 1174 deus
1763 1148 1870 1176 stolidis

1082 1185 1238 1214 hominibus
1250 1188 1409 1216 exstitisset.
1425 1189 1514 1224 Atque
1526 1190 1571 1217 ille
1584 1191 1703 1225 quidem,
1715 1199 1778 1220 cum
1792 1193 1831 1221 sic
1842 1200 1870 1221 et

1083 1231 1223 1266 imperium
1242 1234 1370 1267 gessisset
1392 1239 1421 1262 et
1452 1234 1550 1263 bellum
1571 1237 1805 1272 administrasset,
1829 1242 1869 1268 sic

1081 1283 1188 1311 quoque
1202 1284 1217 1304 e
1231 1278 1286 1305 vita
1302 1279 1426 1308 discedit.

1118 1321 1175 1350 XV.
1198 1323 1296 1351 Statim
1312 1330 1401 1352 autem
1417 1331 1477 1361 post
1492 1327 1578 1362 ipsius
1593 1334 1707 1357 mortem
1723 1331 1867 1365 imperium

1081 1369 1239 1403 excipiens,
1255 1371 1300 1404 qui
1317 1376 1377 1406 post
1394 1371 1467 1399 illum
1485 1373 1511 1400 in
1530 1374 1595 1408 ipsis
1613 1376 1724 1410 castris,
1743 1382 1825 1412 atque
1842 1379 1867 1406 iu

1082 1414 1139 1449 ipsa
1156 1416 1337 1450 periculorum
1354 1417 1474 1450 flamma,
1491 1420 1757 1450 ducem'necessario
1773 1426 1850 1459 requi
1862 1440 1869 1445 -

1081 1467 1170 1496 rente,
1193 1464 1365 1491 renuntiatus
1386 1464 1487 1500 fuerat,
1508 1468 1559 1499 vir,
1581 1473 1608 1495 ut
1632 1469 1693 1496 aliis
1717 1471 1809 1503 rebus,
1831 1472 1868 1498 ita

1081 1509 1182 1543 pietate
1197 1509 1287 1537 clarus
1302 1515 1329 1538 et
1345 1511 1468 1545 insignis,
1484 1517 1565 1548 atque
1579 1515 1636 1542 oris
1652 1516 1806 1550 majestate,
1822 1526 1869 1546 re-

238 1552 393 1588 τυραννίδος
406 1551 480 1584 ἄξιος
501 1552 568 1588 (98),
585 1552 615 1578 τὸ
632 1553 680 1588 μὲν
701 1553 740 1584 εἰς
759 1554 853 1588 χεῖρας
872 1553 940 1579 ἱέναι
956 1553 1026 1589 Πέρ-

1080 1561 1131 1587 garo
1147 1553 1269 1588 proiecto
1285 1555 1364 1591 digna
1383 1557 1526 1591 praeditus,
1543 1566 1604 1586 cum
1624 1567 1673 1588 nec
1693 1569 1788 1590 manus
1805 1571 1867 1590 cum

239 1607 316 1631 σαις,
340 1599 357 1634 ἢ
382 1599 504 1634 προϊέναι
529 1598 654 1634 οὐδαμῶς
679 1597 734 1630 οἷός
762 1607 792 1624 τε
815 1597 858 1632 ἦν,
883 1599 971 1625 καίτοι
994 1608 1026 1634 γε

240 1644 362 1681 ἀνδρείας
376 1645 423 1671 καὶ
445 1644 598 1680 προθυμίας
614 1645 691 1671 οὐδὲν
713 1645 854 1674 ἐλλείπων.
875 1644 922 1671 τοῦ
945 1653 1027 1681 στρα-

239 1689 286 1716 τοῦ
307 1689 468 1727 παρεικότος
487 1690 542 1724 (99)
569 1689 618 1721 τὰς
640 1691 734 1726 χεῖρας
759 1689 806 1716 καὶ
828 1689 877 1721 τὰς
899 1689 1024 1722 ἐλπίδας,

239 1735 329 1771 ἐζήτει
350 1735 378 1762 δὲ
407 1734 456 1770 τὴν
488 1735 645 1767 ἀνάζευξιν·
670 1735 718 1762 καὶ
745 1735 820 1766 ὅπως
841 1734 874 1762 ἂν
897 1735 1026 1770 ἀσφαλῶς

237 1781 312 1817 τύχοι
329 1781 366 1816 (1)
379 1781 480 1816 ταύτης
494 1781 615 1814 ἐσκόπει,
634 1780 727 1817 ὥσπερ
741 1781 771 1807 οὐ
794 1780 943 1815 βασιλείας,
967 1780 1025 1807 ἀλλ’

237 1828 320 1863 ἣττης
334 1827 453 1862 γεγονὼς
473 1827 650 1863 κληρονόμος.
670 1827 702 1853 Et
724 1827 773 1862 μὲν
794 1825 840 1853 οὖν
862 1827 899 1862 μὴ
922 1827 1025 1862 Πέρσαι

238 1874 269 1909 τῇ
285 1873 346 1910 νίκῃ
370 1873 560 1909 μετριάζοντες
579 1873 647 1908 (καὶ
665 1872 719 1908 γὰρ
737 1873 818 1908 νόμος
835 1868 912 1904 οὗτος
934 1873 1025 1904 αὐτοῖς

238 1921 335 1948 εἰδέναι
356 1922 465 1956 μετρεῖν
484 1921 637 1957 εὐπραγίαν
652 1919 715 1956 [2]),
732 1920 786 1955 an
799 1920 937 1952 δείσαντες
962 1919 1025 1946 ἄλλο

237 1965 290 1992 τῶν
310 1965 473 2001 λεγομένων,
492 1966 532 1997 εἰς
552 1965 702 2001 συμϐάσεις
723 1964 882 2000 ἐτράποντο,
899 1965 946 1992 καὶ
960 1964 1026 1991 ταύ-

236 2019 286 2043 τας
304 2012 454 2047 ἀδοκήτους
475 2011 546 2038 οὕτω
563 2013 610 2038 καὶ
632 2010 850 2047 φιλανθρώπους,
865 2010 941 2037 οὐδὲν
961 2010 1025 2037 ἐκώ-

237 2057 283 2084 λυε
305 2058 373 2093 μηδὲ
397 2057 536 2094 πυρφόρον
550 2058 602 2094 (5),
624 2057 638 2084 ὃ
660 2057 692 2094 δή
714 2066 806 2092 φασιν,
829 2056 1024 2092 ὑπολειφθῆναι

236 2102 274 2138 τῷ
301 2103 422 2139 στρατῷ’
440 2103 565 2130 τοσοῦτον
588 2101 660 2139 εἶχον
683 2103 782 2134 αὐτοὺς
803 2103 826 2129 οἱ
849 2102 953 2138 Πέρσαι
980 2102 1024 2129 διὰ

237 2147 341 2183 χειρός,
364 2149 393 2174 ὲν
412 2150 446 2184 γῇ
469 2158 499 2175 τε
523 2148 575 2185 ἰδίᾳ
603 2149 767 2184 μαχόμενοι,
793 2148 840 2174 καὶ
864 2157 1023 2184 προσεταιρ-

239 2193 312 2228 μένοι
332 2195 388 2231 τοῖς
413 2195 569 2228 γεγονόσιν·
592 2195 682 2221 ἱκανὸν
712 2194 766 2230 γὰρ
793 2194 824 2220 τό
851 2203 876 2220 τι
903 2194 1023 2229 προσλα-

1081 1598 1171 1626 Persis
1191 1608 1344 1633 conserere,
1366 1609 1414 1629 nec
1437 1604 1562 1638 progredi
1583 1605 1638 1633 ullo
1658 1608 1738 1635 modo
1758 1615 1867 1643 posset;

1079 1643 1144 1670 licet
1164 1644 1265 1679 alioqui
1293 1646 1376 1673 animi
1402 1648 1595 1682 magnitudinis
1616 1655 1697 1686 atque
1718 1652 1868 1681 alacritatis

1081 1690 1159 1716 nullae
1176 1695 1266 1725 partes
1283 1692 1421 1726 deessent,
1438 1696 1562 1728 quamvis
1580 1696 1680 1725 milites
1697 1699 1822 1726 manibus
1840 1705 1868 1727 et

1079 1743 1127 1770 spe
1145 1736 1225 1764 fracti
1243 1738 1427 1773 debilitatique
1444 1745 1552 1772 essent,
1568 1748 1657 1769 castra
1675 1751 1801 1778 movere,
1817 1754 1866 1773 co—

1080 1782 1193 1816 piasque
1209 1784 1339 1810 reducere
1354 1786 1495 1819 satagebat
1509 1795 1516 1812 :
1535 1787 1624 1822 idquc,
1641 1793 1670 1815 ut
1686 1794 1743 1818 tuto
1757 1791 1807 1818 sibi
1824 1793 1866 1819 fa-

1079 1834 1141 1854 cere
1158 1827 1262 1861 liceret,
1285 1829 1434 1864 laborabat,
1454 1832 1567 1866 perinde
1586 1840 1667 1869 atque
1685 1843 1736 1863 non
1755 1837 1862 1872 imperii

1080 1873 1126 1899 sed
1140 1872 1224 1900 cladis
1239 1873 1325 1903 bzcres
1340 1875 1461 1903 effectus.
1474 1876 1551 1910 Quod
1566 1879 1616 1906 nisi
1633 1880 1723 1908 Persa)
1738 1882 1763 1909 in
1779 1884 1865 1910 victo-

1079 1918 1119 1944 ria
1129 1918 1265 1946 moderate
1281 1926 1310 1946 se
1325 1926 1450 1955 gerentes
1464 1922 1527 1957 (hoc
1537 1924 1608 1951 enim
1618 1927 1687 1960 apud
1697 1935 1743 1954 eos
1753 1927 1779 1955 in
1791 1937 1867 1957 more

1080 1964 1197 1999 positum
1214 1971 1266 1997 est,
1283 1966 1362 2002 157
1377 1971 1405 1994 ut
1422 1970 1505 1998 animi
1524 1972 1737 2001 moderationem
1756 1975 1782 2002 in
1800 1983 1865 2011 pro-

1078 2011 1207 2045 speritate
1220 2012 1388 2049 adhibeant),
1402 2020 1449 2041 aut
1461 2016 1533 2043 aliud
1546 2018 1674 2052 quiddam
1686 2027 1794 2054 eorum,
1805 2030 1866 2057 quae

1079 2056 1151 2083 fama
1173 2056 1343 2092 ferebantur,
1362 2063 1527 2092 metuentes.
1546 2062 1580 2090 ad
1602 2063 1722 2092 ineunda
1742 2056 1864 2101 foedera,

1079 2106 1107 2130 et
1124 2103 1233 2138 quidem
1250 2104 1318 2131 adeo
1334 2105 1472 2140 inopinata
1488 2112 1514 2134 et
1530 2108 1657 2142 humana,
1675 2118 1736 2139 sese
1750 2120 1867 2141 conver-

1080 2149 1196 2180 tissent,
1213 2156 1247 2176 ne
1264 2148 1362 2183 ignifer
1373 2151 1498 2184 quidem,
1515 2156 1544 2179 ut
1558 2154 1612 2181 dici
1628 2155 1715 2187 solet,
1731 2159 1864 2185 exercitui

1078 2193 1276 2228 Superfuisset;
1294 2202 1381 2229 usque
1395 2195 1463 2223 adeo
1477 2205 1524 2225 eos
1539 2199 1572 2225 ad
1588 2207 1697 2227 manum
1712 2201 1802 2230 Persa:
1816 2204 1864 2230 ha-

237 2239 293 2266 6εῐν
311 2239 348 2275 (4)
363 2241 522 2276 εὐημερίας,
544 2241 675 2277 καὶπρὸς
696 2241 746 2277 τὴν
767 2240 864 2267 ἐλπίδα
887 2240 935 2266 τοῦ
961 2241 1025 2276 μέλ-

1080 2239 1189 2272 hebant,
1205 2245 1260 2267 tum
1276 2241 1301 2267 in
1317 2246 1387 2268 terra
1403 2249 1452 2269 sua
1468 2242 1642 2279 dimicantes,
1659 2251 1715 2274 tum
1733 2249 1815 2277 etiam
1829 2252 1864 2278 ob

274 2329 328 2365 (9L)
348 2329 594 2364 Κακοδαιμονὶας.
627 2329 747 2357 Combef.
780 2339 789 2354 ι
814 2329 921 2358 fanatici
951 2331 1023 2358 illitis

239 2365 330 2408 animi:
350 2365 465 2408 )"Malim
485 2373 491 2391 :
507 2373 516 2389 ι
531 2365 693 2408 malp’genio
709 2365 812 2408 agitati.
834 2374 843 2391 ι
854 2399 870 2408 ν

273 2399 328 2461 (95)
348 2400 496 2427 Καταλύει
509 2399 563 2426 τὸν
575 2400 658 2431 βίον.
673 2400 840 2439 Ammianus,
851 2399 900 2440 'lib.
917 2408 979 2434 xxv,
995 2407 1021 2435 p.

239 2433 272 2462 29
292 2453 300 2466 ,
326 2443 344 2474 ε.
360 2436 414 2474 vita
436 2439 481 2474 est
507 2435 644 2474 absolutus
670 2435 770 2474 medio
787 2440 872 2462 auctis
898 2436 1022 2469 horrore,

239 2469 384 2512 sextonKal.
401 2469 466 2512 Jub,
482 2477 559 2512 anno‘
569 2470 656 2512 aetatis
666 2470 704 2511 βο
718 2469 852 2512 inchoato.
869 2480 885 2512 r‘
920 2505 926 2511 _
995 2506 1001 2512 .

274 2504 329 2540 (96)
345 2505 456 2537 Εὑθύς,
470 2509 523 2540 etc.
540 2504 606 2540 Reg.
623 2505 648 2537 b,
665 2505 691 2532 in
702 2510 786 2540 textu.
801 2505 845 2531 alii
860 2505 979 2540 plerique
994 2506 1021 2533 in

240 2541 358 2574 margine
383 2539 521 2571 Ἰοὸιανός.
546 2548 556 2564 ι
575 2539 713 2567 JOvianus.
737 2549 746 2565 ι
770 2539 846 2567 Pass.
863 2546 890 2567 et
902 2539 977 2568 Colb.
993 2541 1020 2574 k,

239 2575 454 2609 praetermittunt,
471 2574 529 2610 μετ’
539 2575 651 2610 ἐκεῖνον.

273 2610 328 2647 (97)
347 2609 623 2647 Στρατοπέδῳ.η1)υρ
636 2610 720 2647 Regg.
736 2610 848 2642 addunt,
875 2610 1021 2647 πλανωμέ-

273 2610 333 2671 (971)ι
347 2610 548 2644 Στρατοπέδῳ.
567 2610 623 2636 Duo
636 2610 720 2644 Regg.
736 2610 848 2642 addunt,
875 2610 1021 2654 πλανωμέ-

240 2654 287 2679 νιρ.
335 2652 395 2679 egg.
416 2653 442 2678 u,
463 2652 491 2680 y,
509 2645 584 2680 Golb.
607 2644 635 2676 k,
661 2646 759 2672 habent
785 2650 887 2672 lautum
915 2655 1022 2673 πλανω-

275 2688 321 2715 νῳ,
337 2685 364 2707 et
380 2681 508 2721 ἰπὶ-[ηομ.
522 2679 595 2721 ¹Ιξοε.
611 2688 642 2721 υ,
651 2688 696 2716 γρ.
714 2680 754 2721 τῷ
769 2681 899 2721 πολέμῳ..
909 2681 944 2721 ln_
955 2681 1020 2721 ᾔεις.

249 2723 286 2752 iu,
309 2723 355 2750 γρ.
379 2715 429 2752 καί
502 2714 604 2750 πλάνῳ.
624 2714 699 2743 Pass.
721 2716 750 2741 ὲν
773 2714 847 2751 αὐτῷ
864 2714 904 2751 τῷ
917 2714 1021 2752 πλάνῲ,

240 2750 331 2783 misso,
352 2750 409 2785 μετ’
423 2750 533 2785 ἐκεῖνον.

242 2819 262 2846 Ε
275 2784 458 2846 φηᾱᾎξιος,
476 2784 531 2812 Duo
541 2784 625 2824 Regg.
636 2785 746 2813 etPass.
761 2786 845 2819 ἄξιον.
859 2786 945 2815 Verba
961 2792 1024 2816 sunt

251 2827 330 2846 ‘UI‘IDI
351 2829 382 2846 IS.

251 2827 382 2847 LUI‘IDIUIS.

277 2829 539 2890 (ἳδῗῇαρεικότος.
558 2854 649 2883 Schol.
667 2856 844 2891 παρειμένον.

382 2903 517 2933 Pauor“
533 2902 592 2933 Gn.
606 2903 740 2934 XXXV.

1172 2335 1268 2374 ζύχοι.
1286 2335 1421 2374 Nonnulli,
1443 2337 1521 2374 τύχῃ.

1077 2367 1152 2435 gf('2)
1172 2367 1357 2406 Εὖὲεραγίαν.
1386 2367 1461 2400 Pass.
1476 2367 1584 2408 'a't'iique
1605 2375 1736 2407 nonnulli,
1763 2384 1866 2414 εὐπρα-

1104 2412 1147 2430 αν.

1104 2412 1147 2430 αν.

1113 2438 1150 2475 (5)
1170 2441 1338 2475 Πυρφόρον,
1363 2447 1415 2469 etc.
1440 2451 1460 2481 t_
1474 2443 1628 2478 igniferum,
1651 2456 1661 2472 ι
1682 2445 1707 2472 id
1723 2452 1774 2480 est,
1789 2448 1864 2481 juxta

1076 2473 1172 2514 Ellam,
1189 2483 1200 2500 ε
1213 2473 1395 2516 sacerdotem,
1415 2473 1586 2516 quisacrum
1605 2473 1692 2516 iénem
1704 2473 1749 2516 (ad
1761 2473 1866 2510 sam-ili:

1076 2510 1116 2549 cia
1137 2512 1319 2552 consumenda
1339 2513 1403 2539 olim
1419 2510 1451 2552 in
1470 2514 1539 2541 bello
1553 2510 1686 2550 gestabat.
1700 2515 1747 2552 His
1769 2518 1865 2552 ignife-

1077 2543 1114 2571 ris
1139 2552 1231 2584 necem
1258 2547 1358 2584 inferre
1381 2548 1456 2576 nefas
1473 2543 1641 2584 eratfatque
1662 2551 1725 2583 ipsis
1749 2543 1864 2580 vigtores

1077 2580 1194 2607 maxime
1208 2582 1450 2621 parcebaut,‘quod
1466 2584 1576 2621 deorum
1595 2580 1677 2612 cultui
1694 2590 1722 2612 et
1734 2587 1864 2621 obsequio

1075 2619 1153 2641 erant
1165 2617 1326 2653 consecrati.
1348 2617 1375 2643 ld
1392 2623 1479 2645 autem
1500 2619 1526 2645 in
1543 2621 1676 2653 proverbii
1690 2617 1863 2650 consuetudi-

1077 2657 1138 2688 _nem
1153 2651 1276 2691 venittet
1295 2659 1349 2691 per_
1358 2653 1520 2691 hyperbolen
1539 2651 1639 2691 dictum
1653 2657 1741 2691 estde
1757 2658 1798 2688 iis,
1817 2661 1863 2691 qui

1076 2683 1102 2710 in
1119 2685 1210 2724 praelio
1235 2686 1272 2726 ita
1290 2683 1323 2713 ad
1343 2683 1552 2726 internecionem
1569 2690 1632 2726 cassi
1647 2697 1679 2716 ac
1690 2690 1769 2726 deleti
1781 2683 1862 2726 sunt,

1076 2723 1104 2762 ut
1119 2726 1152 2762 ne
1168 2719 1190 2762 is
1206 2721 1331 2762 quidem,
1343 2723 1387 2762 qui
1401 2723 1471 2756 apud
1484 2731 1531 2751 eos
1547 2724 1697 2758 bujusmodi
1712 2726 1800 2761 ignem
1817 2719 1864 2762 ge1

1075 2758 1138 2790 stat,
1154 2755 1222 2782 cladi
1238 2755 1409 2790 superfuerit.
1419 2755 1437 2783 ⁷»

1078 2824 1093 2850 ὃ
1110 2789 1153 2832 (4)
1172 2789 1369 2825 Προσλαϐεἱν.
1385 2792 1446 2821 Bill.
1469 2798 1496 2820 et
1525 2793 1607 2821 Savil.
1623 2804 1631 2819 ι
1653 2795 1732 2828 forte,
1760 2797 1862 2834 προλα-

1096 2833 1143 2850 ειν.
1167 2835 1177 2850 ι

1096 2833 1143 2852 ειν.
1167 2835 1177 2850 ι

1704 2913 1743 2944 22
