  <div class='ocr_page' id='page_1' title='image "/cluster/home/n/w/nwhite01/storage/ocr_20150623/35/njp.32101077772554/352.png"; bbox 0 0 2071 3133; ppageno 0'>
   <div class='ocr_carea' id='block_1_1' title="bbox 253 128 305 156">
    <p class='ocr_par' dir='ltr' id='par_1_1' title="bbox 253 128 305 156">
     <span class='ocr_line' id='line_1_1' title="bbox 253 128 305 156; baseline 0 -1"><span class='ocrx_word' id='word_1_1' title='bbox 253 128 305 156; x_wconf 78' lang='lat'><strong>685</strong></span> 
     </span>
    </p>
   </div>
   <div class='ocr_carea' id='block_1_2' title="bbox 745 121 1376 151">
    <p class='ocr_par' dir='ltr' id='par_1_2' title="bbox 745 121 1376 151">
     <span class='ocr_line' id='line_1_2' title="bbox 745 121 1376 151; baseline -0.005 0"><span class='ocrx_word' id='word_1_2' title='bbox 745 122 873 151; x_wconf 71' lang='lat' dir='ltr'><strong>ORATlO</strong></span> <span class='ocrx_word' id='word_1_3' title='bbox 892 122 924 150; x_wconf 83' lang='lat' dir='ltr'><strong>V.</strong></span> <span class='ocrx_word' id='word_1_4' title='bbox 940 138 975 142; x_wconf 87' lang='lat'><strong>—-</strong></span> <span class='ocrx_word' id='word_1_5' title='bbox 995 121 1132 150; x_wconf 73' lang='lat' dir='ltr'><strong>CONTRA</strong></span> <span class='ocrx_word' id='word_1_6' title='bbox 1152 121 1324 149; x_wconf 75' lang='lat' dir='ltr'><strong>JULlANUM</strong></span> <span class='ocrx_word' id='word_1_7' title='bbox 1344 121 1376 149; x_wconf 83' lang='lat' dir='ltr'><strong>ll.</strong></span> 
     </span>
    </p>
   </div>
   <div class='ocr_carea' id='block_1_3' title="bbox 1816 115 1868 149">
    <p class='ocr_par' dir='ltr' id='par_1_3' title="bbox 1816 115 1868 149">
     <span class='ocr_line' id='line_1_3' title="bbox 1816 115 1868 149; baseline 0 -1"><span class='ocrx_word' id='word_1_8' title='bbox 1816 115 1868 149; x_wconf 72' lang='lat' dir='ltr'><strong>ese</strong></span> 
     </span>
    </p>
   </div>
   <div class='ocr_carea' id='block_1_4' title="bbox 249 178 1048 221">
    <p class='ocr_par' dir='ltr' id='par_1_4' title="bbox 249 180 1034 221">
     <span class='ocr_line' id='line_1_4' title="bbox 249 180 1034 221; baseline -0.006 -10"><span class='ocrx_word' id='word_1_9' title='bbox 249 186 298 221; x_wconf 80' lang='grc' dir='ltr'>τῆς</span> <span class='ocrx_word' id='word_1_10' title='bbox 315 183 368 210; x_wconf 83' lang='grc' dir='ltr'><strong>τῶν</strong></span> <span class='ocrx_word' id='word_1_11' title='bbox 395 181 662 209; x_wconf 78' lang='grc' dir='ltr'>ὺποδυναστευόντων</span> <span class='ocrx_word' id='word_1_12' title='bbox 690 180 849 216; x_wconf 79' lang='grc' dir='ltr'><strong>σκαιότητος</strong></span> <span class='ocrx_word' id='word_1_13' title='bbox 876 181 922 207; x_wconf 78' lang='grc' dir='ltr'>καὶ</span> <span class='ocrx_word' id='word_1_14' title='bbox 950 188 1034 206; x_wconf 85' lang='grc' dir='ltr'>κακο-</span> 
     </span>
    </p>
   </div>
   <div class='ocr_carea' id='block_1_5' title="bbox 1100 178 1867 221">
    <p class='ocr_par' dir='ltr' id='par_1_5' title="bbox 1100 178 1867 213">
     <span class='ocr_line' id='line_1_5' title="bbox 1100 178 1867 213; baseline 0.003 -10"><span class='ocrx_word' id='word_1_15' title='bbox 1100 180 1194 207; x_wconf 62' lang='grc' dir='ltr'>ιῑοιιιιίε</span> <span class='ocrx_word' id='word_1_16' title='bbox 1207 179 1244 206; x_wconf 88' lang='lat' dir='ltr'><strong>illi</strong></span> <span class='ocrx_word' id='word_1_17' title='bbox 1258 179 1397 213; x_wconf 69' lang='lat' dir='ltr'><strong>prazmium</strong></span> <span class='ocrx_word' id='word_1_18' title='bbox 1413 182 1472 206; x_wconf 89' lang='lat' dir='ltr'><strong>erat</strong></span> <span class='ocrx_word' id='word_1_19' title='bbox 1487 186 1518 206; x_wconf 88' lang='lat' dir='ltr'><strong>ac</strong></span> <span class='ocrx_word' id='word_1_20' title='bbox 1534 178 1654 206; x_wconf 74' lang='lat' dir='ltr'><strong>funebris</strong></span> <span class='ocrx_word' id='word_1_21' title='bbox 1669 180 1867 206; x_wconf 77' lang='lat' dir='ltr'><strong>remuneratio.</strong></span> 
     </span>
    </p>
   </div>
   <div class='ocr_carea' id='block_1_6' title="bbox 250 225 1033 264">
    <p class='ocr_par' dir='ltr' id='par_1_6' title="bbox 250 225 1033 264">
     <span class='ocr_line' id='line_1_6' title="bbox 250 225 1033 264; baseline -0.005 -8"><span class='ocrx_word' id='word_1_22' title='bbox 250 230 338 264; x_wconf 80' lang='grc' dir='ltr'>δοξίας</span> <span class='ocrx_word' id='word_1_23' title='bbox 352 229 381 255; x_wconf 83' lang='grc' dir='ltr'>τὸ</span> <span class='ocrx_word' id='word_1_24' title='bbox 399 228 535 263; x_wconf 75' lang='grc' dir='ltr'>ἔγκλημα,</span> <span class='ocrx_word' id='word_1_25' title='bbox 550 227 584 260; x_wconf 83' lang='grc' dir='ltr'><strong>οἳ,</strong></span> <span class='ocrx_word' id='word_1_26' title='bbox 605 227 693 262; x_wconf 85' lang='grc' dir='ltr'>ἁπλῆν</span> <span class='ocrx_word' id='word_1_27' title='bbox 720 225 775 262; x_wconf 85' lang='grc'>(18)</span> <span class='ocrx_word' id='word_1_28' title='bbox 801 226 847 254; x_wconf 71' lang='grc' dir='ltr'><strong>καὶ</strong></span> <span class='ocrx_word' id='word_1_29' title='bbox 876 226 969 261; x_wconf 86' lang='grc' dir='ltr'>ἀπαγῆ</span> <span class='ocrx_word' id='word_1_30' title='bbox 994 226 1033 256; x_wconf 80' lang='grc' dir='ltr'>εἰς</span> 
     </span>
    </p>
   </div>
   <div class='ocr_carea' id='block_1_7' title="bbox 252 270 1034 309">
    <p class='ocr_par' dir='ltr' id='par_1_7' title="bbox 252 270 1034 309">
     <span class='ocr_line' id='line_1_7' title="bbox 252 270 1034 309; baseline -0.006 -8"><span class='ocrx_word' id='word_1_31' title='bbox 252 274 392 302; x_wconf 80' lang='grc' dir='ltr'>εὐσέϐειαν</span> <span class='ocrx_word' id='word_1_32' title='bbox 424 273 628 309; x_wconf 79' lang='grc' dir='ltr'>παραλαΰὸντες</span> <span class='ocrx_word' id='word_1_33' title='bbox 657 272 754 308; x_wconf 64' lang='grc' dir='ltr'>ψυχὴν,</span> <span class='ocrx_word' id='word_1_34' title='bbox 784 272 817 298; x_wconf 88' lang='grc' dir='ltr'><strong>οὺ·</strong></span> <span class='ocrx_word' id='word_1_35' title='bbox 841 270 1034 307; x_wconf 80' lang='grc' dir='ltr'>προορωμένην</span> 
     </span>
    </p>
   </div>
   <div class='ocr_carea' id='block_1_8' title="bbox 254 314 1035 355">
    <p class='ocr_par' dir='ltr' id='par_1_8' title="bbox 254 314 1035 355">
     <span class='ocr_line' id='line_1_8' title="bbox 254 314 1035 355; baseline -0.004 -9"><span class='ocrx_word' id='word_1_36' title='bbox 254 320 287 346; x_wconf 80' lang='grc' dir='ltr'>τὰ</span> <span class='ocrx_word' id='word_1_37' title='bbox 313 319 454 355; x_wconf 79' lang='grc' dir='ltr'><strong>βάραθρα,</strong></span> <span class='ocrx_word' id='word_1_38' title='bbox 476 318 619 353; x_wconf 80' lang='grc' dir='ltr'><strong>ἀπήγαγον</strong></span> <span class='ocrx_word' id='word_1_39' title='bbox 648 314 720 354; x_wconf 76' lang='grc' dir='ltr'>ᾗπερ</span> <span class='ocrx_word' id='word_1_40' title='bbox 741 317 889 348; x_wconf 77' lang='grc' dir='ltr'>ἐϐούλοντο,</span> <span class='ocrx_word' id='word_1_41' title='bbox 907 318 953 343; x_wconf 70' lang='grc' dir='ltr'><strong>καὶ</strong></span> <span class='ocrx_word' id='word_1_42' title='bbox 969 325 1035 352; x_wconf 69' lang='grc' dir='ltr'>προν</span> 
     </span>
    </p>
   </div>
   <div class='ocr_carea' id='block_1_9' title="bbox 255 362 1038 400">
    <p class='ocr_par' dir='ltr' id='par_1_9' title="bbox 255 362 1038 400">
     <span class='ocr_line' id='line_1_9' title="bbox 255 362 1038 400; baseline -0.004 -9"><span class='ocrx_word' id='word_1_43' title='bbox 255 365 371 400; x_wconf 84' lang='grc' dir='ltr'>σχήματι</span> <span class='ocrx_word' id='word_1_44' title='bbox 393 364 535 400; x_wconf 76' lang='grc' dir='ltr'>ἀκριϐείας</span> <span class='ocrx_word' id='word_1_45' title='bbox 554 363 611 399; x_wconf 81' lang='grc'>(19)</span> <span class='ocrx_word' id='word_1_46' title='bbox 631 363 675 390; x_wconf 84' lang='grc' dir='ltr'><strong>τὸν</strong></span> <span class='ocrx_word' id='word_1_47' title='bbox 690 363 769 398; x_wconf 77' lang='grc' dir='ltr'>ζῆλον</span> <span class='ocrx_word' id='word_1_48' title='bbox 791 362 889 389; x_wconf 78' lang='grc' dir='ltr'>κακίαν</span> <span class='ocrx_word' id='word_1_49' title='bbox 908 362 962 398; x_wconf 74' lang='lat'><strong>(‘20)</strong></span> <span class='ocrx_word' id='word_1_50' title='bbox 982 363 1038 397; x_wconf 81' lang='grc' dir='ltr'>εἱρ-</span> 
     </span>
    </p>
   </div>
   <div class='ocr_carea' id='block_1_10' title="bbox 253 419 379 445">
    <p class='ocr_par' dir='ltr' id='par_1_10' title="bbox 253 419 379 445">
     <span class='ocr_line' id='line_1_10' title="bbox 253 419 379 445; baseline 0.008 -8"><span class='ocrx_word' id='word_1_51' title='bbox 253 419 379 445; x_wconf 78' lang='grc' dir='ltr'>γασαντο.</span> 
     </span>
    </p>
   </div>
   <div class='ocr_carea' id='block_1_11' title="bbox 289 542 1040 580">
    <p class='ocr_par' dir='ltr' id='par_1_11' title="bbox 289 542 1040 580">
     <span class='ocr_line' id='line_1_11' title="bbox 289 542 1040 580; baseline 0 -10"><span class='ocrx_word' id='word_1_52' title='bbox 289 545 331 571; x_wconf 89' lang='grc' dir='ltr'><strong>ῐΖ.</strong></span> <span class='ocrx_word' id='word_1_53' title='bbox 358 544 427 571; x_wconf 76' lang='grc' dir='ltr'>Ἀλλ’</span> <span class='ocrx_word' id='word_1_54' title='bbox 438 542 484 571; x_wconf 83' lang='grc' dir='ltr'>οὖν</span> <span class='ocrx_word' id='word_1_55' title='bbox 499 544 590 579; x_wconf 81' lang='grc' dir='ltr'>ἡμεῖς,</span> <span class='ocrx_word' id='word_1_56' title='bbox 603 543 634 570; x_wconf 80' lang='grc' dir='ltr'>τὸ</span> <span class='ocrx_word' id='word_1_57' title='bbox 653 544 818 580; x_wconf 84' lang='grc' dir='ltr'>κοινότερον,</span> <span class='ocrx_word' id='word_1_58' title='bbox 831 543 876 571; x_wconf 87' lang='grc' dir='ltr'><strong>τόν</strong></span> <span class='ocrx_word' id='word_1_59' title='bbox 890 553 919 570; x_wconf 85' lang='grc' dir='ltr'><strong>τε</strong></span> <span class='ocrx_word' id='word_1_60' title='bbox 935 545 1040 580; x_wconf 80' lang='grc' dir='ltr'>πατέρα</span> 
     </span>
    </p>
   </div>
   <div class='ocr_carea' id='block_1_12' title="bbox 256 589 1040 626">
    <p class='ocr_par' dir='ltr' id='par_1_12' title="bbox 256 589 1040 626">
     <span class='ocr_line' id='line_1_12' title="bbox 256 589 1040 626; baseline 0 -10"><span class='ocrx_word' id='word_1_61' title='bbox 256 590 407 622; x_wconf 77' lang='grc' dir='ltr'><strong>ἐννοοῦντες</strong></span> <span class='ocrx_word' id='word_1_62' title='bbox 433 590 479 617; x_wconf 82' lang='grc' dir='ltr'>τὸν</span> <span class='ocrx_word' id='word_1_63' title='bbox 510 590 658 625; x_wconf 84' lang='grc' dir='ltr'>βαλόμενον</span> <span class='ocrx_word' id='word_1_64' title='bbox 688 590 738 626; x_wconf 82' lang='grc' dir='ltr'><strong>τὴν</strong></span> <span class='ocrx_word' id='word_1_65' title='bbox 763 590 885 626; x_wconf 77' lang='grc' dir='ltr'>κρηπῖδα</span> <span class='ocrx_word' id='word_1_66' title='bbox 910 589 964 626; x_wconf 68' lang='lat' dir='ltr'><strong>(2i)</strong></span> <span class='ocrx_word' id='word_1_67' title='bbox 990 590 1040 624; x_wconf 73' lang='grc' dir='ltr'>τῆς</span> 
     </span>
    </p>
   </div>
   <div class='ocr_carea' id='block_1_13' title="bbox 257 635 1042 672">
    <p class='ocr_par' dir='ltr' id='par_1_13' title="bbox 257 635 1042 672">
     <span class='ocr_line' id='line_1_13' title="bbox 257 635 1042 672; baseline -0.001 -9"><span class='ocrx_word' id='word_1_68' title='bbox 257 637 398 671; x_wconf 74' lang='grc' dir='ltr'><strong>βασιλικῆς</strong></span> <span class='ocrx_word' id='word_1_69' title='bbox 423 637 462 672; x_wconf 86' lang='grc' dir='ltr'><strong>τῷ</strong></span> <span class='ocrx_word' id='word_1_70' title='bbox 489 635 697 672; x_wconf 83' lang='grc' dir='ltr'>Χριστιανισμῷ</span> <span class='ocrx_word' id='word_1_71' title='bbox 730 636 785 672; x_wconf 70' lang='lat'>(2‘2)</span> <span class='ocrx_word' id='word_1_72' title='bbox 811 636 966 668; x_wconf 82' lang='grc' dir='ltr'><strong>δυναστείας</strong></span> <span class='ocrx_word' id='word_1_73' title='bbox 995 637 1042 663; x_wconf 69' lang='grc' dir='ltr'>καὶ</span> 
     </span>
    </p>
   </div>
   <div class='ocr_carea' id='block_1_14' title="bbox 257 680 1041 719">
    <p class='ocr_par' dir='ltr' id='par_1_14' title="bbox 257 680 1041 719">
     <span class='ocr_line' id='line_1_14' title="bbox 257 680 1041 719; baseline 0.001 -11"><span class='ocrx_word' id='word_1_74' title='bbox 257 683 384 715; x_wconf 77' lang='grc' dir='ltr'>πίστεως,</span> <span class='ocrx_word' id='word_1_75' title='bbox 403 682 451 710; x_wconf 69' lang='grc' dir='ltr'>καὶ</span> <span class='ocrx_word' id='word_1_76' title='bbox 475 680 519 709; x_wconf 79' lang='grc' dir='ltr'>τὸν</span> <span class='ocrx_word' id='word_1_77' title='bbox 535 684 574 714; x_wconf 76' lang='grc' dir='ltr'><strong>εἰς</strong></span> <span class='ocrx_word' id='word_1_78' title='bbox 593 683 674 710; x_wconf 79' lang='grc' dir='ltr'>αὐτὸν</span> <span class='ocrx_word' id='word_1_79' title='bbox 699 683 860 710; x_wconf 78' lang='grc' dir='ltr'><strong>κατελθόντα</strong></span> <span class='ocrx_word' id='word_1_80' title='bbox 874 684 972 719; x_wconf 84' lang='grc' dir='ltr'>κλῆρον</span> <span class='ocrx_word' id='word_1_81' title='bbox 994 683 1041 709; x_wconf 75' lang='grc' dir='ltr'>τοῦ</span> 
     </span>
    </p>
   </div>
   <div class='ocr_carea' id='block_1_15' title="bbox 257 729 1044 765">
    <p class='ocr_par' dir='ltr' id='par_1_15' title="bbox 257 729 1044 765">
     <span class='ocr_line' id='line_1_15' title="bbox 257 729 1044 765; baseline 0.001 -10"><span class='ocrx_word' id='word_1_82' title='bbox 257 729 400 764; x_wconf 81' lang='grc' dir='ltr'>δόγματος,</span> <span class='ocrx_word' id='word_1_83' title='bbox 420 729 599 764; x_wconf 79' lang='grc' dir='ltr'>ὲγεραίρομεν</span> <span class='ocrx_word' id='word_1_84' title='bbox 613 729 646 755; x_wconf 78' lang='grc' dir='ltr'>τὰ</span> <span class='ocrx_word' id='word_1_85' title='bbox 663 729 754 755; x_wconf 77' lang='grc' dir='ltr'>εἰκότα</span> <span class='ocrx_word' id='word_1_86' title='bbox 774 729 804 755; x_wconf 86' lang='grc' dir='ltr'>τὺ</span> <span class='ocrx_word' id='word_1_87' title='bbox 826 730 924 765; x_wconf 85' lang='grc' dir='ltr'>σκῆνος</span> <span class='ocrx_word' id='word_1_88' title='bbox 942 729 988 756; x_wconf 72' lang='grc' dir='ltr'>τοῦ</span> <span class='ocrx_word' id='word_1_89' title='bbox 1005 730 1044 756; x_wconf 86' lang='grc' dir='ltr'>δι-</span> 
     </span>
    </p>
   </div>
   <div class='ocr_carea' id='block_1_16' title="bbox 258 774 1043 810">
    <p class='ocr_par' dir='ltr' id='par_1_16' title="bbox 258 774 1043 810">
     <span class='ocr_line' id='line_1_16' title="bbox 258 774 1043 810; baseline 0.001 -9"><span class='ocrx_word' id='word_1_90' title='bbox 258 775 323 810; x_wconf 76' lang='grc' dir='ltr'>καία</span> <span class='ocrx_word' id='word_1_91' title='bbox 341 774 397 810; x_wconf 71' lang='grc'>(25)</span> <span class='ocrx_word' id='word_1_92' title='bbox 418 774 541 810; x_wconf 73' lang='grc' dir='ltr'>βασιλεία</span> <span class='ocrx_word' id='word_1_93' title='bbox 563 775 742 810; x_wconf 80' lang='grc' dir='ltr'>συζήσαντος,</span> <span class='ocrx_word' id='word_1_94' title='bbox 766 776 812 801; x_wconf 75' lang='grc' dir='ltr'>καὶ</span> <span class='ocrx_word' id='word_1_95' title='bbox 827 775 872 803; x_wconf 70' lang='grc' dir='ltr'>τὸν</span> <span class='ocrx_word' id='word_1_96' title='bbox 888 775 944 810; x_wconf 83' lang='grc' dir='ltr'>βίον</span> <span class='ocrx_word' id='word_1_97' title='bbox 961 785 1043 802; x_wconf 88' lang='grc' dir='ltr'>κατα-</span> 
     </span>
    </p>
   </div>
   <div class='ocr_carea' id='block_1_17' title="bbox 257 818 1043 857">
    <p class='ocr_par' dir='ltr' id='par_1_17' title="bbox 257 818 1043 857">
     <span class='ocr_line' id='line_1_17' title="bbox 257 818 1043 857; baseline 0.003 -11"><span class='ocrx_word' id='word_1_98' title='bbox 257 819 386 851; x_wconf 82' lang='grc' dir='ltr'>λύσαντος</span> <span class='ocrx_word' id='word_1_99' title='bbox 407 819 446 855; x_wconf 85' lang='grc' dir='ltr'><strong>τῷ</strong></span> <span class='ocrx_word' id='word_1_100' title='bbox 463 821 529 855; x_wconf 72' lang='grc' dir='ltr'>ὁσίῳ</span> <span class='ocrx_word' id='word_1_101' title='bbox 546 820 600 856; x_wconf 70' lang='grc'>(24)</span> <span class='ocrx_word' id='word_1_102' title='bbox 626 820 707 853; x_wconf 81' lang='grc' dir='ltr'>τέλει,</span> <span class='ocrx_word' id='word_1_103' title='bbox 731 818 779 847; x_wconf 74' lang='grc' dir='ltr'><strong>καὶ</strong></span> <span class='ocrx_word' id='word_1_104' title='bbox 802 821 833 847; x_wconf 76' lang='grc' dir='ltr'><strong>τὸ</strong></span> <span class='ocrx_word' id='word_1_105' title='bbox 853 821 954 857; x_wconf 86' lang='grc' dir='ltr'>κράτος</span> <span class='ocrx_word' id='word_1_106' title='bbox 976 823 1043 857; x_wconf 83' lang='grc' dir='ltr'>ἡμῖν</span> 
     </span>
    </p>
   </div>
   <div class='ocr_carea' id='block_1_18' title="bbox 1087 224 1868 256">
    <p class='ocr_par' dir='ltr' id='par_1_18' title="bbox 1087 224 1868 256">
     <span class='ocr_line' id='line_1_18' title="bbox 1087 224 1868 256; baseline -0.001 -4"><span class='ocrx_word' id='word_1_107' title='bbox 1087 225 1153 252; x_wconf 84' lang='lat' dir='ltr'><strong>Nam</strong></span> <span class='ocrx_word' id='word_1_108' title='bbox 1171 225 1222 252; x_wconf 87' lang='lat' dir='ltr'><strong>etsi</strong></span> <span class='ocrx_word' id='word_1_109' title='bbox 1239 230 1341 252; x_wconf 85' lang='lat' dir='ltr'><strong>rectam</strong></span> <span class='ocrx_word' id='word_1_110' title='bbox 1361 224 1439 252; x_wconf 90' lang='lat' dir='ltr'><strong>ﬁdem</strong></span> <span class='ocrx_word' id='word_1_111' title='bbox 1458 225 1577 252; x_wconf 85' lang='lat' dir='ltr'><strong>nonnihil</strong></span> <span class='ocrx_word' id='word_1_112' title='bbox 1595 225 1687 252; x_wconf 84' lang='lat' dir='ltr'><strong>luxare</strong></span> <span class='ocrx_word' id='word_1_113' title='bbox 1711 225 1785 252; x_wconf 90' lang='lat' dir='ltr'><strong>visus</strong></span> <span class='ocrx_word' id='word_1_114' title='bbox 1806 230 1848 251; x_wconf 87' lang='lat' dir='ltr'><strong>est</strong></span> <span class='ocrx_word' id='word_1_115' title='bbox 1861 245 1868 256; x_wconf 90' lang='lat'><strong>,</strong></span> 
     </span>
    </p>
   </div>
   <div class='ocr_carea' id='block_1_19' title="bbox 1088 270 1868 304">
    <p class='ocr_par' dir='ltr' id='par_1_19' title="bbox 1088 270 1868 304">
     <span class='ocr_line' id='line_1_19' title="bbox 1088 270 1868 304; baseline 0 -8"><span class='ocrx_word' id='word_1_116' title='bbox 1088 271 1138 297; x_wconf 86' lang='lat' dir='ltr'><strong>hoc</strong></span> <span class='ocrx_word' id='word_1_117' title='bbox 1152 274 1240 297; x_wconf 87' lang='lat' dir='ltr'><strong>tamen</strong></span> <span class='ocrx_word' id='word_1_118' title='bbox 1258 270 1359 296; x_wconf 81' lang='lat' dir='ltr'><strong>crimen</strong></span> <span class='ocrx_word' id='word_1_119' title='bbox 1376 270 1572 304; x_wconf 86' lang='lat' dir='ltr'><strong>importunitati</strong></span> <span class='ocrx_word' id='word_1_120' title='bbox 1590 278 1732 304; x_wconf 84' lang='lat' dir='ltr'><strong>procerum</strong></span> <span class='ocrx_word' id='word_1_121' title='bbox 1751 270 1868 304; x_wconf 77' lang='lat' dir='ltr'><strong>ﬁdeique</strong></span> 
     </span>
    </p>
   </div>
   <div class='ocr_carea' id='block_1_20' title="bbox 1088 316 1866 351">
    <p class='ocr_par' dir='ltr' id='par_1_20' title="bbox 1088 316 1866 351">
     <span class='ocr_line' id='line_1_20' title="bbox 1088 316 1866 351; baseline 0.001 -9"><span class='ocrx_word' id='word_1_122' title='bbox 1088 316 1213 350; x_wconf 88' lang='lat' dir='ltr'><strong>pravitati</strong></span> <span class='ocrx_word' id='word_1_123' title='bbox 1229 316 1398 343; x_wconf 84' lang='lat' dir='ltr'><strong>tribuendum</strong></span> <span class='ocrx_word' id='word_1_124' title='bbox 1411 321 1463 349; x_wconf 86' lang='lat' dir='ltr'><strong>est,</strong></span> <span class='ocrx_word' id='word_1_125' title='bbox 1478 316 1523 351; x_wconf 90' lang='lat' dir='ltr'><strong>qui</strong></span> <span class='ocrx_word' id='word_1_126' title='bbox 1537 316 1700 350; x_wconf 84' lang='lat' dir='ltr'><strong>simplicem,</strong></span> <span class='ocrx_word' id='word_1_127' title='bbox 1714 323 1866 350; x_wconf 86' lang='lat' dir='ltr'><strong>parumque</strong></span> 
     </span>
    </p>
   </div>
   <div class='ocr_carea' id='block_1_21' title="bbox 1089 362 1868 397">
    <p class='ocr_par' dir='ltr' id='par_1_21' title="bbox 1089 362 1868 397">
     <span class='ocr_line' id='line_1_21' title="bbox 1089 362 1868 397; baseline 0 -8"><span class='ocrx_word' id='word_1_128' title='bbox 1089 362 1113 388; x_wconf 92' lang='lat' dir='ltr'><strong>in</strong></span> <span class='ocrx_word' id='word_1_129' title='bbox 1138 362 1236 397; x_wconf 76' lang='lat' dir='ltr'><strong>pietate</strong></span> <span class='ocrx_word' id='word_1_130' title='bbox 1259 362 1361 389; x_wconf 87' lang='lat' dir='ltr'><strong>ﬁrmam</strong></span> <span class='ocrx_word' id='word_1_131' title='bbox 1386 363 1521 395; x_wconf 81' lang='lat' dir='ltr'><strong>animant,</strong></span> <span class='ocrx_word' id='word_1_132' title='bbox 1549 362 1714 397; x_wconf 87' lang='lat' dir='ltr'><strong>minimeque</strong></span> <span class='ocrx_word' id='word_1_133' title='bbox 1739 362 1868 389; x_wconf 87' lang='lat' dir='ltr'><strong>barathra</strong></span> 
     </span>
    </p>
   </div>
   <div class='ocr_carea' id='block_1_22' title="bbox 1088 408 1870 443">
    <p class='ocr_par' dir='ltr' id='par_1_22' title="bbox 1088 408 1870 443">
     <span class='ocr_line' id='line_1_22' title="bbox 1088 408 1870 443; baseline 0 -9"><span class='ocrx_word' id='word_1_134' title='bbox 1088 408 1306 442; x_wconf 72' lang='lat' dir='ltr'><strong>prospicientem,</strong></span> <span class='ocrx_word' id='word_1_135' title='bbox 1324 408 1407 440; x_wconf 89' lang='lat' dir='ltr'><strong>nacti,</strong></span> <span class='ocrx_word' id='word_1_136' title='bbox 1424 416 1494 442; x_wconf 87' lang='lat' dir='ltr'><strong>eam,</strong></span> <span class='ocrx_word' id='word_1_137' title='bbox 1511 416 1562 443; x_wconf 90' lang='lat' dir='ltr'><strong>qua</strong></span> <span class='ocrx_word' id='word_1_138' title='bbox 1581 408 1669 440; x_wconf 88' lang='lat' dir='ltr'><strong>libuit,</strong></span> <span class='ocrx_word' id='word_1_139' title='bbox 1686 408 1870 440; x_wconf 80' lang='lat' dir='ltr'><strong>abduxerunt,</strong></span> 
     </span>
    </p>
   </div>
   <div class='ocr_carea' id='block_1_23' title="bbox 1089 454 1869 489">
    <p class='ocr_par' dir='ltr' id='par_1_23' title="bbox 1089 454 1869 489">
     <span class='ocr_line' id='line_1_23' title="bbox 1089 454 1869 489; baseline 0.001 -8"><span class='ocrx_word' id='word_1_140' title='bbox 1089 459 1172 489; x_wconf 87' lang='lat' dir='ltr'><strong>atque</strong></span> <span class='ocrx_word' id='word_1_141' title='bbox 1187 455 1362 482; x_wconf 85' lang='lat' dir='ltr'><strong>accuratioris</strong></span> <span class='ocrx_word' id='word_1_142' title='bbox 1377 455 1506 482; x_wconf 76' lang='lat' dir='ltr'><strong>doctrinae</strong></span> <span class='ocrx_word' id='word_1_143' title='bbox 1520 460 1663 487; x_wconf 74' lang='lat' dir='ltr'><strong>ortetextu,</strong></span> <span class='ocrx_word' id='word_1_144' title='bbox 1680 455 1767 481; x_wconf 87' lang='lat' dir='ltr'><strong>zelum</strong></span> <span class='ocrx_word' id='word_1_145' title='bbox 1784 454 1811 481; x_wconf 92' lang='lat' dir='ltr'><strong>in</strong></span> <span class='ocrx_word' id='word_1_146' title='bbox 1826 454 1869 482; x_wconf 86' lang='lat' dir='ltr'><strong>vl-</strong></span> 
     </span>
    </p>
   </div>
   <div class='ocr_carea' id='block_1_24' title="bbox 1091 501 1318 527">
    <p class='ocr_par' dir='ltr' id='par_1_24' title="bbox 1091 501 1318 527">
     <span class='ocr_line' id='line_1_24' title="bbox 1091 501 1318 527; baseline 0 -1"><span class='ocrx_word' id='word_1_147' title='bbox 1091 501 1155 527; x_wconf 89' lang='lat' dir='ltr'><strong>tium</strong></span> <span class='ocrx_word' id='word_1_148' title='bbox 1170 504 1318 527; x_wconf 90' lang='lat' dir='ltr'><strong>verterunt.</strong></span> 
     </span>
    </p>
   </div>
   <div class='ocr_carea' id='block_1_25' title="bbox 1125 545 1872 582">
    <p class='ocr_par' dir='ltr' id='par_1_25' title="bbox 1125 545 1872 582">
     <span class='ocr_line' id='line_1_25' title="bbox 1125 545 1872 582; baseline 0.001 -9"><span class='ocrx_word' id='word_1_149' title='bbox 1125 545 1206 573; x_wconf 78' lang='lat' dir='ltr'><strong>XVII.</strong></span> <span class='ocrx_word' id='word_1_150' title='bbox 1225 546 1259 573; x_wconf 81' lang='lat' dir='ltr'><strong>At</strong></span> <span class='ocrx_word' id='word_1_151' title='bbox 1277 554 1342 579; x_wconf 88' lang='lat' dir='ltr'><strong>nos,</strong></span> <span class='ocrx_word' id='word_1_152' title='bbox 1360 546 1385 573; x_wconf 90' lang='lat' dir='ltr'><strong>id</strong></span> <span class='ocrx_word' id='word_1_153' title='bbox 1403 547 1474 581; x_wconf 88' lang='lat' dir='ltr'><strong>quod</strong></span> <span class='ocrx_word' id='word_1_154' title='bbox 1490 547 1659 574; x_wconf 76' lang='lat' dir='ltr'><strong>commonius</strong></span> <span class='ocrx_word' id='word_1_155' title='bbox 1674 551 1731 581; x_wconf 87' lang='lat' dir='ltr'><strong>est,</strong></span> <span class='ocrx_word' id='word_1_156' title='bbox 1743 550 1806 574; x_wconf 89' lang='lat' dir='ltr'><strong>&#39;tum</strong></span> <span class='ocrx_word' id='word_1_157' title='bbox 1824 554 1872 582; x_wconf 85' lang='lat' dir='ltr'><strong>pa-</strong></span> 
     </span>
    </p>
   </div>
   <div class='ocr_carea' id='block_1_26' title="bbox 1092 593 1870 628">
    <p class='ocr_par' dir='ltr' id='par_1_26' title="bbox 1092 593 1870 628">
     <span class='ocr_line' id='line_1_26' title="bbox 1092 593 1870 628; baseline -0.001 -8"><span class='ocrx_word' id='word_1_158' title='bbox 1092 599 1175 626; x_wconf 84' lang='lat' dir='ltr'><strong>trem,</strong></span> <span class='ocrx_word' id='word_1_159' title='bbox 1194 601 1208 620; x_wconf 87' lang='lat' dir='ltr'><strong>a</strong></span> <span class='ocrx_word' id='word_1_160' title='bbox 1224 600 1278 628; x_wconf 90' lang='lat' dir='ltr'><strong>quo</strong></span> <span class='ocrx_word' id='word_1_161' title='bbox 1297 593 1476 627; x_wconf 76' lang='lat' dir='ltr'><strong>imperatoria:</strong></span> <span class='ocrx_word' id='word_1_162' title='bbox 1493 594 1620 628; x_wconf 75' lang='lat' dir='ltr'><strong>potentia:</strong></span> <span class='ocrx_word' id='word_1_163' title='bbox 1638 593 1754 628; x_wconf 89' lang='lat' dir='ltr'><strong>ﬁdeique</strong></span> <span class='ocrx_word' id='word_1_164' title='bbox 1770 593 1870 621; x_wconf 81' lang='lat' dir='ltr'><strong>funda-</strong></span> 
     </span>
    </p>
   </div>
   <div class='ocr_carea' id='block_1_27' title="bbox 1092 638 1873 673">
    <p class='ocr_par' dir='ltr' id='par_1_27' title="bbox 1092 638 1873 673">
     <span class='ocr_line' id='line_1_27' title="bbox 1092 638 1873 673; baseline 0.001 -9"><span class='ocrx_word' id='word_1_165' title='bbox 1092 642 1181 665; x_wconf 85' lang='lat' dir='ltr'><strong>menta</strong></span> <span class='ocrx_word' id='word_1_166' title='bbox 1201 638 1409 666; x_wconf 79' lang='lat' dir='ltr'><strong>Christianismo</strong></span> <span class='ocrx_word' id='word_1_167' title='bbox 1427 638 1500 672; x_wconf 88' lang='lat' dir='ltr'><strong>jacta</strong></span> <span class='ocrx_word' id='word_1_168' title='bbox 1523 644 1604 673; x_wconf 86' lang='lat' dir='ltr'><strong>sunt,</strong></span> <span class='ocrx_word' id='word_1_169' title='bbox 1627 644 1682 666; x_wconf 90' lang='lat' dir='ltr'><strong>tum</strong></span> <span class='ocrx_word' id='word_1_170' title='bbox 1704 639 1785 666; x_wconf 88' lang='lat' dir='ltr'><strong>etiam</strong></span> <span class='ocrx_word' id='word_1_171' title='bbox 1809 638 1873 666; x_wconf 89' lang='lat' dir='ltr'><strong>ﬁdei</strong></span> 
     </span>
    </p>
   </div>
   <div class='ocr_carea' id='block_1_28' title="bbox 1093 684 1873 721">
    <p class='ocr_par' dir='ltr' id='par_1_28' title="bbox 1093 684 1873 721">
     <span class='ocr_line' id='line_1_28' title="bbox 1093 684 1873 721; baseline 0.003 -11"><span class='ocrx_word' id='word_1_172' title='bbox 1093 684 1276 711; x_wconf 65' lang='lat' dir='ltr'><strong>hmreditatem</strong></span> <span class='ocrx_word' id='word_1_173' title='bbox 1294 684 1327 711; x_wconf 88' lang='lat' dir='ltr'><strong>ad</strong></span> <span class='ocrx_word' id='word_1_174' title='bbox 1346 684 1429 711; x_wconf 88' lang='lat' dir='ltr'><strong>ﬁlium</strong></span> <span class='ocrx_word' id='word_1_175' title='bbox 1446 684 1598 712; x_wconf 90' lang='lat' dir='ltr'><strong>devolutam</strong></span> <span class='ocrx_word' id='word_1_176' title='bbox 1613 685 1778 721; x_wconf 79' lang='lat' dir='ltr'><strong>cogitantes,</strong></span> <span class='ocrx_word' id='word_1_177' title='bbox 1796 684 1873 718; x_wconf 82' lang='lat' dir='ltr'><strong>ejus.</strong></span> 
     </span>
    </p>
   </div>
   <div class='ocr_carea' id='block_1_29' title="bbox 1093 728 1873 764">
    <p class='ocr_par' dir='ltr' id='par_1_29' title="bbox 1093 728 1873 764">
     <span class='ocr_line' id='line_1_29' title="bbox 1093 728 1873 764; baseline 0 -9"><span class='ocrx_word' id='word_1_178' title='bbox 1093 729 1137 763; x_wconf 90' lang='lat' dir='ltr'><strong>qui</strong></span> <span class='ocrx_word' id='word_1_179' title='bbox 1150 728 1221 762; x_wconf 88' lang='lat' dir='ltr'><strong>juste</strong></span> <span class='ocrx_word' id='word_1_180' title='bbox 1235 735 1341 762; x_wconf 87' lang='lat' dir='ltr'><strong>semper</strong></span> <span class='ocrx_word' id='word_1_181' title='bbox 1354 728 1382 755; x_wconf 91' lang='lat' dir='ltr'><strong>in</strong></span> <span class='ocrx_word' id='word_1_182' title='bbox 1397 729 1510 764; x_wconf 87' lang='lat' dir='ltr'><strong>imperio</strong></span> <span class='ocrx_word' id='word_1_183' title='bbox 1522 729 1637 762; x_wconf 85' lang='lat' dir='ltr'><strong>vixerat,</strong></span> <span class='ocrx_word' id='word_1_184' title='bbox 1653 729 1750 764; x_wconf 84' lang='lat' dir='ltr'><strong>pio‘que</strong></span> <span class='ocrx_word' id='word_1_185' title='bbox 1764 729 1818 756; x_wconf 88' lang='lat' dir='ltr'><strong>ﬁne</strong></span> <span class='ocrx_word' id='word_1_186' title='bbox 1830 729 1873 755; x_wconf 89' lang='lat' dir='ltr'><strong>vi-</strong></span> 
     </span>
    </p>
   </div>
   <div class='ocr_carea' id='block_1_30' title="bbox 1095 774 1876 809">
    <p class='ocr_par' dir='ltr' id='par_1_30' title="bbox 1095 774 1876 809">
     <span class='ocr_line' id='line_1_30' title="bbox 1095 774 1876 809; baseline 0.003 -9"><span class='ocrx_word' id='word_1_187' title='bbox 1095 779 1147 801; x_wconf 88' lang='lat' dir='ltr'><strong>tam</strong></span> <span class='ocrx_word' id='word_1_188' title='bbox 1162 775 1306 807; x_wconf 79' lang='lat' dir='ltr'><strong>clauserat,</strong></span> <span class='ocrx_word' id='word_1_189' title='bbox 1322 782 1355 801; x_wconf 87' lang='lat' dir='ltr'><strong>ac</strong></span> <span class='ocrx_word' id='word_1_190' title='bbox 1371 774 1553 809; x_wconf 81' lang='lat' dir='ltr'><strong>principatum</strong></span> <span class='ocrx_word' id='word_1_191' title='bbox 1568 775 1646 802; x_wconf 87' lang='lat' dir='ltr'><strong>nobis</strong></span> <span class='ocrx_word' id='word_1_192' title='bbox 1661 774 1818 809; x_wconf 81' lang='lat' dir='ltr'><strong>reliquerat,</strong></span> <span class='ocrx_word' id='word_1_193' title='bbox 1835 779 1876 802; x_wconf 88' lang='lat' dir='ltr'><strong>ta-</strong></span> 
     </span>
    </p>
   </div>
   <div class='ocr_carea' id='block_1_31' title="bbox 1094 820 1875 856">
    <p class='ocr_par' dir='ltr' id='par_1_31' title="bbox 1094 820 1875 856">
     <span class='ocr_line' id='line_1_31' title="bbox 1094 820 1875 856; baseline -0.001 -9"><span class='ocrx_word' id='word_1_194' title='bbox 1094 820 1266 848; x_wconf 83' lang='lat' dir='ltr'><strong>bernaculum</strong></span> <span class='ocrx_word' id='word_1_195' title='bbox 1277 839 1284 852; x_wconf 92' lang='lat'><strong>,</strong></span> <span class='ocrx_word' id='word_1_196' title='bbox 1301 825 1329 847; x_wconf 92' lang='lat' dir='ltr'><strong>ut</strong></span> <span class='ocrx_word' id='word_1_197' title='bbox 1345 828 1393 855; x_wconf 85' lang='lat' dir='ltr'><strong>par</strong></span> <span class='ocrx_word' id='word_1_198' title='bbox 1406 825 1483 854; x_wconf 85' lang='lat' dir='ltr'><strong>erat,</strong></span> <span class='ocrx_word' id='word_1_199' title='bbox 1501 821 1602 848; x_wconf 88' lang='lat' dir='ltr'><strong>honore</strong></span> <span class='ocrx_word' id='word_1_200' title='bbox 1617 820 1875 856; x_wconf 85' lang='lat' dir='ltr'><strong>complectebamur.</strong></span> 
     </span>
    </p>
   </div>
   <div class='ocr_carea' id='block_1_32' title="bbox 258 865 1048 903">
    <p class='ocr_par' dir='ltr' id='par_1_32' title="bbox 258 865 1044 903">
     <span class='ocr_line' id='line_1_32' title="bbox 258 865 1044 903; baseline 0.001 -11"><span class='ocrx_word' id='word_1_201' title='bbox 258 865 478 900; x_wconf 76' lang='grc' dir='ltr'>καταλείψαντος.</span> <span class='ocrx_word' id='word_1_202' title='bbox 508 866 551 898; x_wconf 83' lang='grc' dir='ltr'>Ὠς</span> <span class='ocrx_word' id='word_1_203' title='bbox 576 865 604 893; x_wconf 83' lang='grc' dir='ltr'>δὲ</span> <span class='ocrx_word' id='word_1_204' title='bbox 633 866 778 901; x_wconf 77' lang='grc' dir='ltr'><strong>πλησιάζοι</strong></span> <span class='ocrx_word' id='word_1_205' title='bbox 806 867 840 902; x_wconf 81' lang='grc' dir='ltr'>τῇ</span> <span class='ocrx_word' id='word_1_206' title='bbox 867 867 972 903; x_wconf 83' lang='grc' dir='ltr'>μεγάλῃ</span> <span class='ocrx_word' id='word_1_207' title='bbox 996 867 1044 893; x_wconf 74' lang='grc' dir='ltr'><strong>καὶ</strong></span> 
     </span>
    </p>
   </div>
   <div class='ocr_carea' id='block_1_33' title="bbox 1100 865 1878 903">
    <p class='ocr_par' dir='ltr' id='par_1_33' title="bbox 1100 866 1878 902">
     <span class='ocr_line' id='line_1_33' title="bbox 1100 866 1878 902; baseline 0 -9"><span class='ocrx_word' id='word_1_208' title='bbox 1100 866 1129 894; x_wconf 90' lang='lat' dir='ltr'><strong>Ut</strong></span> <span class='ocrx_word' id='word_1_209' title='bbox 1145 871 1234 893; x_wconf 86' lang='lat' dir='ltr'><strong>autem</strong></span> <span class='ocrx_word' id='word_1_210' title='bbox 1248 866 1280 893; x_wconf 86' lang='lat' dir='ltr'><strong>ad</strong></span> <span class='ocrx_word' id='word_1_211' title='bbox 1297 874 1419 900; x_wconf 78' lang='lat' dir='ltr'><strong>magnam</strong></span> <span class='ocrx_word' id='word_1_212' title='bbox 1433 871 1460 893; x_wconf 90' lang='lat' dir='ltr'><strong>et</strong></span> <span class='ocrx_word' id='word_1_213' title='bbox 1487 867 1689 901; x_wconf 82' lang='lat' dir='ltr'><strong>imperatoriam</strong></span> <span class='ocrx_word' id='word_1_214' title='bbox 1704 866 1798 894; x_wconf 87' lang='lat' dir='ltr'><strong>urbem</strong></span> <span class='ocrx_word' id='word_1_215' title='bbox 1814 868 1878 902; x_wconf 87' lang='lat' dir='ltr'><strong>pro-</strong></span> 
     </span>
    </p>
   </div>
   <div class='ocr_carea' id='block_1_34' title="bbox 260 911 1043 948">
    <p class='ocr_par' dir='ltr' id='par_1_34' title="bbox 260 911 1043 948">
     <span class='ocr_line' id='line_1_34' title="bbox 260 911 1043 948; baseline 0.001 -10"><span class='ocrx_word' id='word_1_216' title='bbox 260 911 373 946; x_wconf 76' lang='grc' dir='ltr'>βασιλίδι</span> <span class='ocrx_word' id='word_1_217' title='bbox 401 911 493 943; x_wconf 82' lang='grc' dir='ltr'>πόλει,</span> <span class='ocrx_word' id='word_1_218' title='bbox 515 912 542 937; x_wconf 85' lang='grc' dir='ltr'><strong>τί</strong></span> <span class='ocrx_word' id='word_1_219' title='bbox 569 911 610 938; x_wconf 85' lang='grc' dir='ltr'><strong>δεῖ</strong></span> <span class='ocrx_word' id='word_1_220' title='bbox 635 911 726 946; x_wconf 81' lang='grc' dir='ltr'>λέγειν</span> <span class='ocrx_word' id='word_1_221' title='bbox 754 912 916 948; x_wconf 76' lang='grc' dir='ltr'>δορυφορίας</span> <span class='ocrx_word' id='word_1_222' title='bbox 942 921 971 939; x_wconf 86' lang='grc' dir='ltr'><strong>τε</strong></span> <span class='ocrx_word' id='word_1_223' title='bbox 997 912 1043 939; x_wconf 80' lang='grc' dir='ltr'>τοῦ</span> 
     </span>
    </p>
   </div>
   <div class='ocr_carea' id='block_1_35' title="bbox 259 957 1045 994">
    <p class='ocr_par' dir='ltr' id='par_1_35' title="bbox 259 957 1045 994">
     <span class='ocr_line' id='line_1_35' title="bbox 259 957 1045 994; baseline 0.001 -10"><span class='ocrx_word' id='word_1_224' title='bbox 259 957 375 993; x_wconf 85' lang='grc' dir='ltr'>στρατοῦ</span> <span class='ocrx_word' id='word_1_225' title='bbox 392 958 507 989; x_wconf 82' lang='grc' dir='ltr'>παντὸς,</span> <span class='ocrx_word' id='word_1_226' title='bbox 531 958 577 984; x_wconf 79' lang='grc' dir='ltr'><strong>καὶ</strong></span> <span class='ocrx_word' id='word_1_227' title='bbox 602 957 677 991; x_wconf 78' lang='grc' dir='ltr'>τάξιν</span> <span class='ocrx_word' id='word_1_228' title='bbox 699 958 832 991; x_wconf 77' lang='grc' dir='ltr'>ἐνόπλιον,</span> <span class='ocrx_word' id='word_1_229' title='bbox 852 959 889 990; x_wconf 83' lang='grc' dir='ltr'>ὡς</span> <span class='ocrx_word' id='word_1_230' title='bbox 912 958 1045 994; x_wconf 83' lang='grc' dir='ltr'>ζῶντιτῴ</span> 
     </span>
    </p>
   </div>
   <div class='ocr_carea' id='block_1_36' title="bbox 260 1003 1044 1039">
    <p class='ocr_par' dir='ltr' id='par_1_36' title="bbox 260 1003 1044 1039">
     <span class='ocr_line' id='line_1_36' title="bbox 260 1003 1044 1039; baseline 0.001 -9"><span class='ocrx_word' id='word_1_231' title='bbox 260 1003 364 1039; x_wconf 66' lang='grc' dir='ltr'>βασιλεῖ</span> <span class='ocrx_word' id='word_1_232' title='bbox 383 1003 539 1038; x_wconf 78' lang='grc' dir='ltr'>γινομένην,</span> <span class='ocrx_word' id='word_1_233' title='bbox 556 1003 572 1038; x_wconf 83' lang='grc' dir='ltr'>ἢ</span> <span class='ocrx_word' id='word_1_234' title='bbox 590 1003 640 1038; x_wconf 81' lang='grc' dir='ltr'>τῆς</span> <span class='ocrx_word' id='word_1_235' title='bbox 656 1003 785 1038; x_wconf 80' lang='grc' dir='ltr'>λαμπρᾶς</span> <span class='ocrx_word' id='word_1_236' title='bbox 800 1003 903 1035; x_wconf 80' lang='grc' dir='ltr'>πόλεως</span> <span class='ocrx_word' id='word_1_237' title='bbox 924 1003 1044 1039; x_wconf 76' lang='grc' dir='ltr'>ἔκχυσιν,</span> 
     </span>
    </p>
   </div>
   <div class='ocr_carea' id='block_1_37' title="bbox 259 1048 1045 1085">
    <p class='ocr_par' dir='ltr' id='par_1_37' title="bbox 259 1048 1045 1085">
     <span class='ocr_line' id='line_1_37' title="bbox 259 1048 1045 1085; baseline 0.001 -9"><span class='ocrx_word' id='word_1_238' title='bbox 259 1049 476 1085; x_wconf 79' lang='grc' dir='ltr'>ὀνομαστοτάτην</span> <span class='ocrx_word' id='word_1_239' title='bbox 492 1049 544 1076; x_wconf 79' lang='grc' dir='ltr'><strong>τῶν</strong></span> <span class='ocrx_word' id='word_1_240' title='bbox 565 1048 674 1075; x_wconf 85' lang='grc' dir='ltr'>πώποτε</span> <span class='ocrx_word' id='word_1_241' title='bbox 692 1049 844 1084; x_wconf 80' lang='grc' dir='ltr'>γενομένων</span> <span class='ocrx_word' id='word_1_242' title='bbox 860 1050 876 1085; x_wconf 83' lang='grc' dir='ltr'>ἢ</span> <span class='ocrx_word' id='word_1_243' title='bbox 893 1050 1045 1085; x_wconf 79' lang='grc' dir='ltr'>ὲσομένων;</span> 
     </span>
    </p>
   </div>
   <div class='ocr_carea' id='block_1_38' title="bbox 267 1095 1045 1132">
    <p class='ocr_par' dir='ltr' id='par_1_38' title="bbox 267 1095 1045 1132">
     <span class='ocr_line' id='line_1_38' title="bbox 267 1095 1045 1132; baseline 0.001 -10"><span class='ocrx_word' id='word_1_244' title='bbox 267 1096 336 1122; x_wconf 85' lang='grc' dir='ltr'>Ἀλλ’</span> <span class='ocrx_word' id='word_1_245' title='bbox 356 1097 370 1122; x_wconf 86' lang='grc' dir='ltr'><strong>ό</strong></span> <span class='ocrx_word' id='word_1_246' title='bbox 394 1095 496 1132; x_wconf 80' lang='grc' dir='ltr'>θρασὺς</span> <span class='ocrx_word' id='word_1_247' title='bbox 514 1095 560 1122; x_wconf 69' lang='grc' dir='ltr'><strong>καὶ</strong></span> <span class='ocrx_word' id='word_1_248' title='bbox 585 1095 715 1129; x_wconf 79' lang='grc' dir='ltr'>γεννάδας</span> <span class='ocrx_word' id='word_1_249' title='bbox 738 1096 850 1127; x_wconf 79' lang='grc' dir='ltr'>ἐκεῖνος,</span> <span class='ocrx_word' id='word_1_250' title='bbox 874 1096 920 1122; x_wconf 73' lang='grc' dir='ltr'><strong>καὶ</strong></span> <span class='ocrx_word' id='word_1_251' title='bbox 944 1096 992 1132; x_wconf 77' lang='grc' dir='ltr'>νέα</span> <span class='ocrx_word' id='word_1_252' title='bbox 1014 1098 1045 1132; x_wconf 86' lang='grc' dir='ltr'>τῇ</span> 
     </span>
    </p>
   </div>
   <div class='ocr_carea' id='block_1_39' title="bbox 261 1142 1047 1179">
    <p class='ocr_par' dir='ltr' id='par_1_39' title="bbox 261 1142 1047 1179">
     <span class='ocr_line' id='line_1_39' title="bbox 261 1142 1047 1179; baseline -0.004 -9"><span class='ocrx_word' id='word_1_253' title='bbox 261 1143 407 1179; x_wconf 77' lang='grc' dir='ltr'>πορφυρίδι</span> <span class='ocrx_word' id='word_1_254' title='bbox 429 1142 682 1177; x_wconf 79' lang='grc' dir='ltr'>καλλωπιζόμενος,</span> <span class='ocrx_word' id='word_1_255' title='bbox 703 1143 750 1169; x_wconf 72' lang='grc' dir='ltr'><strong>κα)⁴</strong></span> <span class='ocrx_word' id='word_1_256' title='bbox 774 1142 818 1169; x_wconf 77' lang='grc' dir='ltr'>διὰ</span> <span class='ocrx_word' id='word_1_257' title='bbox 844 1142 933 1175; x_wconf 76' lang='grc' dir='ltr'>τοῦτο,</span> <span class='ocrx_word' id='word_1_258' title='bbox 957 1143 995 1175; x_wconf 80' lang='grc' dir='ltr'>ὡς</span> <span class='ocrx_word' id='word_1_259' title='bbox 1018 1144 1047 1170; x_wconf 74' lang='grc' dir='ltr'>τὸ</span> 
     </span>
    </p>
   </div>
   <div class='ocr_carea' id='block_1_40' title="bbox 262 1188 1048 1225">
    <p class='ocr_par' dir='ltr' id='par_1_40' title="bbox 262 1188 1048 1225">
     <span class='ocr_line' id='line_1_40' title="bbox 262 1188 1048 1225; baseline 0 -10"><span class='ocrx_word' id='word_1_260' title='bbox 262 1189 344 1222; x_wconf 84' lang='grc' dir='ltr'>εἰκὸς,</span> <span class='ocrx_word' id='word_1_261' title='bbox 361 1188 431 1223; x_wconf 75' lang='grc' dir='ltr'>μέγα</span> <span class='ocrx_word' id='word_1_262' title='bbox 449 1188 565 1224; x_wconf 80' lang='grc' dir='ltr'>φρονῶν,</span> <span class='ocrx_word' id='word_1_263' title='bbox 581 1188 663 1224; x_wconf 74' lang='grc' dir='ltr'>μέρος</span> <span class='ocrx_word' id='word_1_264' title='bbox 676 1188 781 1222; x_wconf 84' lang='grc' dir='ltr'>γίνεται</span> <span class='ocrx_word' id='word_1_265' title='bbox 795 1189 842 1215; x_wconf 68' lang='grc' dir='ltr'>καὶ</span> <span class='ocrx_word' id='word_1_266' title='bbox 854 1189 935 1220; x_wconf 82' lang='grc' dir='ltr'>αὐτὸς</span> <span class='ocrx_word' id='word_1_267' title='bbox 951 1190 1048 1225; x_wconf 77' lang='grc' dir='ltr'>ἐκείνῳ</span> 
     </span>
    </p>
   </div>
   <div class='ocr_carea' id='block_1_41' title="bbox 261 1233 1048 1269">
    <p class='ocr_par' dir='ltr' id='par_1_41' title="bbox 261 1233 1048 1269">
     <span class='ocr_line' id='line_1_41' title="bbox 261 1233 1048 1269; baseline 0.008 -13"><span class='ocrx_word' id='word_1_268' title='bbox 261 1235 310 1269; x_wconf 81' lang='grc' dir='ltr'><strong>τῆς</strong></span> <span class='ocrx_word' id='word_1_269' title='bbox 340 1233 513 1269; x_wconf 70' lang='grc' dir='ltr'>προπομπίω</span> <span class='ocrx_word' id='word_1_270' title='bbox 549 1235 649 1269; x_wconf 82' lang='grc' dir='ltr'>τιμῆς,</span> <span class='ocrx_word' id='word_1_271' title='bbox 675 1233 725 1269; x_wconf 85' lang='grc' dir='ltr'><strong>τὴν</strong></span> <span class='ocrx_word' id='word_1_272' title='bbox 753 1234 838 1269; x_wconf 84' lang='grc' dir='ltr'>αὐτὴν</span> <span class='ocrx_word' id='word_1_273' title='bbox 867 1235 913 1261; x_wconf 75' lang='grc' dir='ltr'>καὶ</span> <span class='ocrx_word' id='word_1_274' title='bbox 946 1235 1048 1262; x_wconf 86' lang='grc' dir='ltr'>ἀντιδι-</span> 
     </span>
    </p>
   </div>
   <div class='ocr_carea' id='block_1_42' title="bbox 262 1278 1048 1315">
    <p class='ocr_par' dir='ltr' id='par_1_42' title="bbox 262 1278 1048 1315">
     <span class='ocr_line' id='line_1_42' title="bbox 262 1278 1048 1315; baseline 0.001 -10"><span class='ocrx_word' id='word_1_275' title='bbox 262 1279 322 1311; x_wconf 75' lang='grc' dir='ltr'>δοὺς</span> <span class='ocrx_word' id='word_1_276' title='bbox 337 1279 394 1314; x_wconf 74' lang='lat'><strong>(‘25)</strong></span> <span class='ocrx_word' id='word_1_277' title='bbox 415 1279 461 1305; x_wconf 73' lang='grc' dir='ltr'>καὶ</span> <span class='ocrx_word' id='word_1_278' title='bbox 484 1278 688 1314; x_wconf 74' lang='grc' dir='ltr'>ἀντιλαμϐάνων</span> <span class='ocrx_word' id='word_1_279' title='bbox 705 1279 794 1314; x_wconf 80' lang='grc' dir='ltr'>χάριν,</span> <span class='ocrx_word' id='word_1_280' title='bbox 815 1279 846 1305; x_wconf 79' lang='grc' dir='ltr'>τὺ</span> <span class='ocrx_word' id='word_1_281' title='bbox 870 1280 919 1315; x_wconf 82' lang='grc' dir='ltr'><strong>μέν</strong></span> <span class='ocrx_word' id='word_1_282' title='bbox 939 1289 964 1306; x_wconf 88' lang='grc' dir='ltr'><strong>τι</strong></span> <span class='ocrx_word' id='word_1_283' title='bbox 988 1280 1048 1315; x_wconf 84' lang='grc' dir='ltr'>βια-</span> 
     </span>
    </p>
   </div>
   <div class='ocr_carea' id='block_1_43' title="bbox 264 1323 1048 1360">
    <p class='ocr_par' dir='ltr' id='par_1_43' title="bbox 264 1323 1048 1360">
     <span class='ocr_line' id='line_1_43' title="bbox 264 1323 1048 1360; baseline 0 -10"><span class='ocrx_word' id='word_1_284' title='bbox 264 1324 352 1355; x_wconf 79' lang='grc' dir='ltr'>σθεὶς,</span> <span class='ocrx_word' id='word_1_285' title='bbox 371 1324 402 1350; x_wconf 75' lang='grc' dir='ltr'>τὸ</span> <span class='ocrx_word' id='word_1_286' title='bbox 427 1324 456 1350; x_wconf 80' lang='grc' dir='ltr'>δὲ</span> <span class='ocrx_word' id='word_1_287' title='bbox 483 1323 564 1355; x_wconf 78' lang='grc' dir='ltr'>ἑκὼν,</span> <span class='ocrx_word' id='word_1_288' title='bbox 588 1323 625 1354; x_wconf 86' lang='grc' dir='ltr'>ὡς</span> <span class='ocrx_word' id='word_1_289' title='bbox 653 1323 786 1357; x_wconf 81' lang='grc' dir='ltr'>λέγουσιν.</span> <span class='ocrx_word' id='word_1_290' title='bbox 809 1323 838 1349; x_wconf 92' lang='grc' dir='ltr'><strong>Ὀ</strong></span> <span class='ocrx_word' id='word_1_291' title='bbox 857 1323 911 1359; x_wconf 81' lang='grc' dir='ltr'>γὰρ</span> <span class='ocrx_word' id='word_1_292' title='bbox 934 1324 1048 1360; x_wconf 84' lang='grc' dir='ltr'>στρατὸς</span> 
     </span>
    </p>
   </div>
   <div class='ocr_carea' id='block_1_44' title="bbox 264 1367 1049 1404">
    <p class='ocr_par' dir='ltr' id='par_1_44' title="bbox 264 1367 1049 1404">
     <span class='ocr_line' id='line_1_44' title="bbox 264 1367 1049 1404; baseline -0.001 -8"><span class='ocrx_word' id='word_1_293' title='bbox 264 1369 346 1402; x_wconf 79' lang='grc' dir='ltr'>ἆπας,</span> <span class='ocrx_word' id='word_1_294' title='bbox 365 1370 389 1396; x_wconf 81' lang='grc' dir='ltr'>εἰ</span> <span class='ocrx_word' id='word_1_295' title='bbox 416 1369 462 1396; x_wconf 79' lang='grc' dir='ltr'><strong>καὶ</strong></span> <span class='ocrx_word' id='word_1_296' title='bbox 488 1369 535 1395; x_wconf 80' lang='grc' dir='ltr'>τοῦ</span> <span class='ocrx_word' id='word_1_297' title='bbox 560 1368 693 1403; x_wconf 76' lang='grc' dir='ltr'>παρόντος</span> <span class='ocrx_word' id='word_1_298' title='bbox 714 1368 815 1404; x_wconf 72' lang='grc' dir='ltr'>ἥττητο</span> <span class='ocrx_word' id='word_1_299' title='bbox 841 1369 968 1404; x_wconf 80' lang='grc' dir='ltr'>κράτους,</span> <span class='ocrx_word' id='word_1_300' title='bbox 992 1367 1049 1396; x_wconf 77' lang='grc' dir='ltr'>ἀλλ’</span> 
     </span>
    </p>
   </div>
   <div class='ocr_carea' id='block_1_45' title="bbox 264 1413 1050 1450">
    <p class='ocr_par' dir='ltr' id='par_1_45' title="bbox 264 1413 1050 1450">
     <span class='ocr_line' id='line_1_45' title="bbox 264 1413 1050 1450; baseline -0.003 -8"><span class='ocrx_word' id='word_1_301' title='bbox 264 1413 309 1442; x_wconf 74' lang='grc' dir='ltr'>οὖν</span> <span class='ocrx_word' id='word_1_302' title='bbox 349 1414 439 1441; x_wconf 83' lang='grc' dir='ltr'>πλεῖον</span> <span class='ocrx_word' id='word_1_303' title='bbox 468 1414 523 1449; x_wconf 64' lang='grc'>(26)</span> <span class='ocrx_word' id='word_1_304' title='bbox 551 1414 589 1449; x_wconf 82' lang='grc' dir='ltr'>τῷ</span> <span class='ocrx_word' id='word_1_305' title='bbox 618 1414 803 1449; x_wconf 82' lang='grc' dir='ltr'>κατοιχομένῳ</span> <span class='ocrx_word' id='word_1_306' title='bbox 838 1414 927 1450; x_wconf 79' lang='grc' dir='ltr'>νέμων</span> <span class='ocrx_word' id='word_1_307' title='bbox 960 1413 1050 1446; x_wconf 81' lang='grc' dir='ltr'>αἰδοῦς</span> 
     </span>
    </p>
   </div>
   <div class='ocr_carea' id='block_1_46' title="bbox 265 1457 1050 1496">
    <p class='ocr_par' dir='ltr' id='par_1_46' title="bbox 265 1457 1050 1496">
     <span class='ocr_line' id='line_1_46' title="bbox 265 1457 1050 1496; baseline -0.003 -8"><span class='ocrx_word' id='word_1_308' title='bbox 265 1461 367 1496; x_wconf 69' lang='grc' dir='ltr'>(ἐπειδὴ</span> <span class='ocrx_word' id='word_1_309' title='bbox 381 1461 428 1487; x_wconf 76' lang='grc' dir='ltr'><strong>καὶ</strong></span> <span class='ocrx_word' id='word_1_310' title='bbox 444 1460 604 1495; x_wconf 75' lang='grc' dir='ltr'>πεφύκαμεν</span> <span class='ocrx_word' id='word_1_311' title='bbox 624 1458 794 1495; x_wconf 76' lang='grc' dir='ltr'>εὐνούστεροί</span> <span class='ocrx_word' id='word_1_312' title='bbox 819 1469 878 1491; x_wconf 82' lang='grc' dir='ltr'>πως</span> <span class='ocrx_word' id='word_1_313' title='bbox 900 1457 969 1486; x_wconf 81' lang='grc' dir='ltr'>εἷναι</span> <span class='ocrx_word' id='word_1_314' title='bbox 993 1461 1050 1491; x_wconf 89' lang='grc' dir='ltr'>τοῖς</span> 
     </span>
    </p>
   </div>
   <div class='ocr_carea' id='block_1_47' title="bbox 266 1505 1047 1544">
    <p class='ocr_par' dir='ltr' id='par_1_47' title="bbox 266 1505 1047 1544">
     <span class='ocr_line' id='line_1_47' title="bbox 266 1505 1047 1544; baseline -0.003 -10"><span class='ocrx_word' id='word_1_315' title='bbox 266 1508 306 1534; x_wconf 78' lang='grc' dir='ltr'>ἔτι</span> <span class='ocrx_word' id='word_1_316' title='bbox 321 1507 487 1544; x_wconf 79' lang='grc' dir='ltr'>προσφάτοις</span> <span class='ocrx_word' id='word_1_317' title='bbox 506 1506 613 1538; x_wconf 80' lang='grc' dir='ltr'>πάθεσι,</span> <span class='ocrx_word' id='word_1_318' title='bbox 631 1505 668 1540; x_wconf 83' lang='grc' dir='ltr'>τῷ</span> <span class='ocrx_word' id='word_1_319' title='bbox 690 1505 793 1541; x_wconf 82' lang='grc' dir='ltr'>φίλτρῳ</span> <span class='ocrx_word' id='word_1_320' title='bbox 816 1506 1047 1541; x_wconf 79' lang='grc' dir='ltr'>προσπάσχοντες,</span> 
     </span>
    </p>
   </div>
   <div class='ocr_carea' id='block_1_48' title="bbox 266 1550 1049 1588">
    <p class='ocr_par' dir='ltr' id='par_1_48' title="bbox 266 1550 1049 1588">
     <span class='ocr_line' id='line_1_48' title="bbox 266 1550 1049 1588; baseline -0.001 -8"><span class='ocrx_word' id='word_1_321' title='bbox 266 1553 312 1580; x_wconf 74' lang='grc' dir='ltr'>καὶ</span> <span class='ocrx_word' id='word_1_322' title='bbox 335 1550 382 1580; x_wconf 77' lang='grc' dir='ltr'><strong>τὸν</strong></span> <span class='ocrx_word' id='word_1_323' title='bbox 401 1552 475 1579; x_wconf 82' lang='grc' dir='ltr'>ἔλεον</span> <span class='ocrx_word' id='word_1_324' title='bbox 493 1552 578 1587; x_wconf 80' lang='grc' dir='ltr'>τούτῳ</span> <span class='ocrx_word' id='word_1_325' title='bbox 603 1551 665 1587; x_wconf 69' lang='grc'>(27)</span> <span class='ocrx_word' id='word_1_326' title='bbox 690 1552 917 1588; x_wconf 77' lang='grc' dir='ltr'>προσάπτοντες),</span> <span class='ocrx_word' id='word_1_327' title='bbox 940 1552 987 1579; x_wconf 75' lang='grc' dir='ltr'><strong>καὶ</strong></span> <span class='ocrx_word' id='word_1_328' title='bbox 1006 1552 1049 1579; x_wconf 85' lang='grc' dir='ltr'>διὰ</span> 
     </span>
    </p>
   </div>
   <div class='ocr_carea' id='block_1_49' title="bbox 265 1597 1051 1633">
    <p class='ocr_par' dir='ltr' id='par_1_49' title="bbox 265 1597 1051 1633">
     <span class='ocr_line' id='line_1_49' title="bbox 265 1597 1051 1633; baseline 0 -8"><span class='ocrx_word' id='word_1_329' title='bbox 265 1599 343 1626; x_wconf 74' lang='grc' dir='ltr'>τοῦτο</span> <span class='ocrx_word' id='word_1_330' title='bbox 358 1598 408 1625; x_wconf 75' lang='grc' dir='ltr'>οὐκ</span> <span class='ocrx_word' id='word_1_331' title='bbox 430 1597 587 1633; x_wconf 79' lang='grc' dir='ltr'>ἀνεχόμενοι</span> <span class='ocrx_word' id='word_1_332' title='bbox 614 1597 644 1623; x_wconf 83' lang='grc' dir='ltr'>τὸ</span> <span class='ocrx_word' id='word_1_333' title='bbox 673 1598 710 1632; x_wconf 83' lang='grc' dir='ltr'>μὴ</span> <span class='ocrx_word' id='word_1_334' title='bbox 731 1597 780 1633; x_wconf 77' lang='grc' dir='ltr'><strong>οὐχ</strong></span> <span class='ocrx_word' id='word_1_335' title='bbox 805 1598 843 1629; x_wconf 86' lang='grc' dir='ltr'>ὡς</span> <span class='ocrx_word' id='word_1_336' title='bbox 860 1598 915 1632; x_wconf 69' lang='lat'><strong>(28)</strong></span> <span class='ocrx_word' id='word_1_337' title='bbox 939 1597 1051 1633; x_wconf 82' lang='grc' dir='ltr'>βασιλέα</span> 
     </span>
    </p>
   </div>
   <div class='ocr_carea' id='block_1_50' title="bbox 266 1643 1053 1682">
    <p class='ocr_par' dir='ltr' id='par_1_50' title="bbox 266 1643 1053 1682">
     <span class='ocr_line' id='line_1_50' title="bbox 266 1643 1053 1682; baseline -0.001 -11"><span class='ocrx_word' id='word_1_338' title='bbox 266 1645 413 1682; x_wconf 79' lang='grc' dir='ltr'>τιμηθῆναι</span> <span class='ocrx_word' id='word_1_339' title='bbox 428 1644 522 1670; x_wconf 80' lang='grc' dir='ltr'>τοῦτον</span> <span class='ocrx_word' id='word_1_340' title='bbox 546 1644 612 1679; x_wconf 76' lang='grc'>(29),</span> <span class='ocrx_word' id='word_1_341' title='bbox 635 1643 683 1670; x_wconf 77' lang='grc' dir='ltr'><strong>καὶ</strong></span> <span class='ocrx_word' id='word_1_342' title='bbox 707 1644 905 1680; x_wconf 82' lang='grc' dir='ltr'>προσδεχθῆναι</span> <span class='ocrx_word' id='word_1_343' title='bbox 928 1644 1053 1671; x_wconf 79' lang='grc' dir='ltr'>πείθουσι</span> 
     </span>
    </p>
   </div>
   <div class='ocr_carea' id='block_1_51' title="bbox 266 1690 1054 1728">
    <p class='ocr_par' dir='ltr' id='par_1_51' title="bbox 266 1690 1054 1728">
     <span class='ocr_line' id='line_1_51' title="bbox 266 1690 1054 1728; baseline -0.003 -9"><span class='ocrx_word' id='word_1_344' title='bbox 266 1692 311 1719; x_wconf 80' lang='grc' dir='ltr'>τὸν</span> <span class='ocrx_word' id='word_1_345' title='bbox 325 1691 492 1728; x_wconf 82' lang='grc' dir='ltr'>ἀποστάτην,</span> <span class='ocrx_word' id='word_1_346' title='bbox 511 1692 557 1718; x_wconf 76' lang='grc' dir='ltr'>καὶ</span> <span class='ocrx_word' id='word_1_347' title='bbox 575 1690 824 1725; x_wconf 80' lang='grc' dir='ltr'>συναναγκάζουσιν</span> <span class='ocrx_word' id='word_1_348' title='bbox 844 1691 996 1726; x_wconf 83' lang='grc' dir='ltr'>ὑπαντῆσαι</span> <span class='ocrx_word' id='word_1_349' title='bbox 1014 1690 1054 1726; x_wconf 85' lang='grc' dir='ltr'><strong>τῷ</strong></span> 
     </span>
    </p>
   </div>
   <div class='ocr_carea' id='block_1_52' title="bbox 267 1733 1053 1773">
    <p class='ocr_par' dir='ltr' id='par_1_52' title="bbox 267 1733 1053 1773">
     <span class='ocr_line' id='line_1_52' title="bbox 267 1733 1053 1773; baseline 0 -11"><span class='ocrx_word' id='word_1_350' title='bbox 267 1737 355 1773; x_wconf 84' lang='grc' dir='ltr'>νεκρῷ</span> <span class='ocrx_word' id='word_1_351' title='bbox 383 1737 451 1772; x_wconf 74' lang='grc' dir='ltr'>μετὰ</span> <span class='ocrx_word' id='word_1_352' title='bbox 469 1736 516 1763; x_wconf 77' lang='grc' dir='ltr'>τοῦ</span> <span class='ocrx_word' id='word_1_353' title='bbox 540 1736 725 1771; x_wconf 82' lang='grc' dir='ltr'>προσήκοντος</span> <span class='ocrx_word' id='word_1_354' title='bbox 740 1736 879 1772; x_wconf 84' lang='grc' dir='ltr'>σχήματος</span> <span class='ocrx_word' id='word_1_355' title='bbox 890 1745 896 1751; x_wconf 86' lang='grc'><strong>·</strong></span> <span class='ocrx_word' id='word_1_356' title='bbox 911 1735 942 1762; x_wconf 69' lang='grc' dir='ltr'><strong>τὸ</strong></span> <span class='ocrx_word' id='word_1_357' title='bbox 956 1734 984 1762; x_wconf 81' lang='grc' dir='ltr'>δὲ</span> <span class='ocrx_word' id='word_1_358' title='bbox 1007 1733 1053 1771; x_wconf 78' lang='grc' dir='ltr'>ἦν,</span> 
     </span>
    </p>
   </div>
   <div class='ocr_carea' id='block_1_53' title="bbox 268 1781 1056 1817">
    <p class='ocr_par' dir='ltr' id='par_1_53' title="bbox 268 1781 1056 1817">
     <span class='ocr_line' id='line_1_53' title="bbox 268 1781 1056 1817; baseline -0.004 -8"><span class='ocrx_word' id='word_1_359' title='bbox 268 1783 499 1817; x_wconf 82' lang='grc' dir='ltr'>ἁποκοσμήσαντα</span> <span class='ocrx_word' id='word_1_360' title='bbox 514 1781 563 1817; x_wconf 83' lang='grc' dir='ltr'>τὴν</span> <span class='ocrx_word' id='word_1_361' title='bbox 586 1781 706 1817; x_wconf 84' lang='grc' dir='ltr'>κεφαλὴν</span> <span class='ocrx_word' id='word_1_362' title='bbox 726 1781 774 1807; x_wconf 83' lang='grc' dir='ltr'>τοῦ</span> <span class='ocrx_word' id='word_1_363' title='bbox 802 1781 983 1816; x_wconf 82' lang='grc' dir='ltr'>διαδήματος,</span> <span class='ocrx_word' id='word_1_364' title='bbox 1008 1781 1056 1807; x_wconf 80' lang='grc' dir='ltr'><strong>καὶ</strong></span> 
     </span>
    </p>
   </div>
   <div class='ocr_carea' id='block_1_54' title="bbox 269 1826 1057 1863">
    <p class='ocr_par' dir='ltr' id='par_1_54' title="bbox 269 1826 1057 1863">
     <span class='ocr_line' id='line_1_54' title="bbox 269 1826 1057 1863; baseline -0.003 -8"><span class='ocrx_word' id='word_1_365' title='bbox 269 1828 446 1863; x_wconf 74' lang='grc' dir='ltr'>ὑποκύψαντα</span> <span class='ocrx_word' id='word_1_366' title='bbox 463 1828 502 1863; x_wconf 82' lang='grc' dir='ltr'><strong>τῷ</strong></span> <span class='ocrx_word' id='word_1_367' title='bbox 523 1827 626 1863; x_wconf 86' lang='grc' dir='ltr'>βασιλεί</span> <span class='ocrx_word' id='word_1_368' title='bbox 647 1827 681 1854; x_wconf 85' lang='grc' dir='ltr'>τὰ</span> <span class='ocrx_word' id='word_1_369' title='bbox 702 1828 808 1860; x_wconf 74' lang='grc' dir='ltr'>εἰκότα,</span> <span class='ocrx_word' id='word_1_370' title='bbox 830 1826 916 1858; x_wconf 83' lang='grc' dir='ltr'>οὕτως</span> <span class='ocrx_word' id='word_1_371' title='bbox 941 1827 987 1853; x_wconf 70' lang='grc' dir='ltr'>ἐπὶ</span> <span class='ocrx_word' id='word_1_372' title='bbox 1011 1827 1057 1854; x_wconf 83' lang='grc' dir='ltr'><strong>τὸν</strong></span> 
     </span>
    </p>
   </div>
   <div class='ocr_carea' id='block_1_55' title="bbox 268 1872 1058 1909">
    <p class='ocr_par' dir='ltr' id='par_1_55' title="bbox 268 1872 1058 1909">
     <span class='ocr_line' id='line_1_55' title="bbox 268 1872 1058 1909; baseline -0.003 -9"><span class='ocrx_word' id='word_1_373' title='bbox 268 1874 352 1908; x_wconf 75' lang='grc' dir='ltr'>τάφον</span> <span class='ocrx_word' id='word_1_374' title='bbox 374 1873 615 1909; x_wconf 77' lang='grc' dir='ltr'>συμπαραπέμψαι</span> <span class='ocrx_word' id='word_1_375' title='bbox 635 1873 692 1905; x_wconf 80' lang='grc' dir='ltr'>τοῖς</span> <span class='ocrx_word' id='word_1_376' title='bbox 713 1873 824 1907; x_wconf 81' lang='grc' dir='ltr'>ἄγουσι,</span> <span class='ocrx_word' id='word_1_377' title='bbox 841 1873 889 1899; x_wconf 78' lang='grc' dir='ltr'>καὶ</span> <span class='ocrx_word' id='word_1_378' title='bbox 912 1872 956 1899; x_wconf 79' lang='grc' dir='ltr'><strong>τὸν</strong></span> <span class='ocrx_word' id='word_1_379' title='bbox 975 1872 1058 1899; x_wconf 75' lang='grc' dir='ltr'>ἀοιδι-</span> 
     </span>
    </p>
   </div>
   <div class='ocr_carea' id='block_1_56' title="bbox 271 1917 1058 1955">
    <p class='ocr_par' dir='ltr' id='par_1_56' title="bbox 271 1917 1058 1955">
     <span class='ocr_line' id='line_1_56' title="bbox 271 1917 1058 1955; baseline -0.003 -10"><span class='ocrx_word' id='word_1_380' title='bbox 271 1927 319 1953; x_wconf 87' lang='grc' dir='ltr'><strong>μον</strong></span> <span class='ocrx_word' id='word_1_381' title='bbox 338 1918 394 1955; x_wconf 77' lang='grc'>(50)</span> <span class='ocrx_word' id='word_1_382' title='bbox 420 1917 474 1945; x_wconf 86' lang='grc' dir='ltr'>τῶν</span> <span class='ocrx_word' id='word_1_383' title='bbox 507 1917 673 1944; x_wconf 81' lang='grc' dir='ltr'>Ἀποστόλων</span> <span class='ocrx_word' id='word_1_384' title='bbox 702 1917 794 1953; x_wconf 75' lang='grc' dir='ltr'>σηκὸν,</span> <span class='ocrx_word' id='word_1_385' title='bbox 816 1917 840 1943; x_wconf 85' lang='grc' dir='ltr'>οἳ</span> <span class='ocrx_word' id='word_1_386' title='bbox 869 1917 900 1952; x_wconf 83' lang='grc' dir='ltr'>δὴ</span> <span class='ocrx_word' id='word_1_387' title='bbox 927 1917 957 1943; x_wconf 84' lang='grc' dir='ltr'><strong>τὸ</strong></span> <span class='ocrx_word' id='word_1_388' title='bbox 987 1917 1058 1952; x_wconf 79' lang='grc' dir='ltr'>ἱερὸν</span> 
     </span>
    </p>
   </div>
   <div class='ocr_carea' id='block_1_57' title="bbox 269 1963 1058 2000">
    <p class='ocr_par' dir='ltr' id='par_1_57' title="bbox 269 1963 1058 2000">
     <span class='ocr_line' id='line_1_57' title="bbox 269 1963 1058 2000; baseline -0.004 -8"><span class='ocrx_word' id='word_1_389' title='bbox 269 1965 345 2000; x_wconf 78' lang='grc' dir='ltr'>γένος</span> <span class='ocrx_word' id='word_1_390' title='bbox 372 1965 420 1992; x_wconf 78' lang='grc' dir='ltr'><strong>καὶ</strong></span> <span class='ocrx_word' id='word_1_391' title='bbox 443 1964 605 1996; x_wconf 80' lang='grc' dir='ltr'>ὑπεδέξαντο</span> <span class='ocrx_word' id='word_1_392' title='bbox 622 1964 669 1991; x_wconf 74' lang='grc' dir='ltr'><strong>καὶ</strong></span> <span class='ocrx_word' id='word_1_393' title='bbox 684 1963 891 1998; x_wconf 76' lang='grc' dir='ltr'>διαφυλάττουσι</span> <span class='ocrx_word' id='word_1_394' title='bbox 907 1963 988 1998; x_wconf 63' lang='grc'>((51),</span> <span class='ocrx_word' id='word_1_395' title='bbox 1013 1972 1058 1999; x_wconf 87' lang='grc' dir='ltr'>μι-</span> 
     </span>
    </p>
   </div>
   <div class='ocr_carea' id='block_1_58' title="bbox 270 2040 1048 2076">
    <p class='ocr_par' dir='ltr' id='par_1_58' title="bbox 270 2040 1048 2076">
     <span class='ocr_line' id='line_1_58' title="bbox 270 2040 1048 2076; baseline -0.001 -7"><span class='ocrx_word' id='word_1_396' title='bbox 270 2043 309 2070; x_wconf 80' lang='lat' dir='ltr'><strong>sic</strong></span> <span class='ocrx_word' id='word_1_397' title='bbox 330 2042 418 2070; x_wconf 89' lang='lat' dir='ltr'><strong>locum</strong></span> <span class='ocrx_word' id='word_1_398' title='bbox 437 2042 620 2076; x_wconf 74' lang='lat' dir='ltr'><strong>integrumin</strong></span> <span class='ocrx_word' id='word_1_399' title='bbox 646 2046 718 2068; x_wconf 83' lang='lat' dir='ltr'><strong>textu</strong></span> <span class='ocrx_word' id='word_1_400' title='bbox 740 2040 848 2068; x_wconf 84' lang='lat' dir='ltr'><strong>habent.</strong></span> <span class='ocrx_word' id='word_1_401' title='bbox 875 2040 952 2068; x_wconf 80' lang='lat' dir='ltr'><strong>Hunc</strong></span> <span class='ocrx_word' id='word_1_402' title='bbox 967 2041 1048 2068; x_wconf 87' lang='lat' dir='ltr'><strong>etiam</strong></span> 
     </span>
    </p>
   </div>
   <div class='ocr_carea' id='block_1_59' title="bbox 258 2074 1049 2139">
    <p class='ocr_par' dir='ltr' id='par_1_59' title="bbox 258 2074 1049 2139">
     <span class='ocr_line' id='line_1_59' title="bbox 271 2074 1049 2112; baseline 0 -9"><span class='ocrx_word' id='word_1_403' title='bbox 271 2078 390 2112; x_wconf 75' lang='lat' dir='ltr'><strong>agnoscit</strong></span> <span class='ocrx_word' id='word_1_404' title='bbox 406 2082 433 2104; x_wconf 90' lang='lat' dir='ltr'><strong>et</strong></span> <span class='ocrx_word' id='word_1_405' title='bbox 449 2074 558 2111; x_wconf 69' lang='lat' dir='ltr'><strong>exponit</strong></span> <span class='ocrx_word' id='word_1_406' title='bbox 577 2074 700 2110; x_wconf 73' lang='lat' dir='ltr'><strong>Basilius.</strong></span> <span class='ocrx_word' id='word_1_407' title='bbox 717 2076 835 2110; x_wconf 91' lang='lat' dir='ltr'><strong>Denique</strong></span> <span class='ocrx_word' id='word_1_408' title='bbox 851 2076 916 2103; x_wconf 87' lang='lat' dir='ltr'><strong>nihil</strong></span> <span class='ocrx_word' id='word_1_409' title='bbox 932 2077 987 2103; x_wconf 82' lang='lat' dir='ltr'><strong>fere</strong></span> <span class='ocrx_word' id='word_1_410' title='bbox 1005 2077 1049 2103; x_wconf 88' lang='lat' dir='ltr'><strong>hic</strong></span> 
     </span>
     <span class='ocr_line' id='line_1_60' title="bbox 258 2111 1048 2139; baseline -0.003 0"><span class='ocrx_word' id='word_1_411' title='bbox 258 2113 303 2139; x_wconf 84' lang='lat' dir='ltr'><strong>‘de</strong></span> <span class='ocrx_word' id='word_1_412' title='bbox 320 2112 477 2139; x_wconf 84' lang='lat' dir='ltr'><strong>Constantio</strong></span> <span class='ocrx_word' id='word_1_413' title='bbox 486 2112 582 2139; x_wconf 82' lang='lat' dir='ltr'><strong>scribit</strong></span> <span class='ocrx_word' id='word_1_414' title='bbox 594 2111 748 2139; x_wconf 62' lang='lat' dir='ltr'><strong>Gregorius.</strong></span> <span class='ocrx_word' id='word_1_415' title='bbox 764 2111 833 2139; x_wconf 79' lang='lat' dir='ltr'><strong>quod</strong></span> <span class='ocrx_word' id='word_1_416' title='bbox 855 2111 879 2137; x_wconf 94' lang='lat' dir='ltr'><strong>in</strong></span> <span class='ocrx_word' id='word_1_417' title='bbox 897 2111 979 2139; x_wconf 80' lang='lat' dir='ltr'><strong>priori</strong></span> <span class='ocrx_word' id='word_1_418' title='bbox 999 2112 1048 2137; x_wconf 87' lang='lat' dir='ltr'><strong>ad-</strong></span> 
     </span>
    </p>
   </div>
   <div class='ocr_carea' id='block_1_60' title="bbox 273 2118 1049 2180">
    <p class='ocr_par' dir='ltr' id='par_1_60' title="bbox 273 2118 1049 2180">
     <span class='ocr_line' id='line_1_61' title="bbox 273 2118 1048 2146; baseline -0.004 -7"><span class='ocrx_word' id='word_1_419' title='bbox 273 2118 303 2139; x_wconf 87' lang='lat' dir='ltr'><strong>ne</strong></span> <span class='ocrx_word' id='word_1_420' title='bbox 320 2118 477 2139; x_wconf 71' lang='lat' dir='ltr'><strong>honslallllo</strong></span> <span class='ocrx_word' id='word_1_421' title='bbox 486 2118 582 2139; x_wconf 87' lang='lat' dir='ltr'><strong>scrmu</strong></span> <span class='ocrx_word' id='word_1_422' title='bbox 594 2118 748 2146; x_wconf 58' lang='lat' dir='ltr'><strong>Gregorius,</strong></span> <span class='ocrx_word' id='word_1_423' title='bbox 764 2118 833 2145; x_wconf 79' lang='lat' dir='ltr'><strong>quod</strong></span> <span class='ocrx_word' id='word_1_424' title='bbox 855 2119 879 2137; x_wconf 90' lang='lat' dir='ltr'><strong>In</strong></span> <span class='ocrx_word' id='word_1_425' title='bbox 897 2118 979 2142; x_wconf 86' lang='lat' dir='ltr'><strong>priori</strong></span> <span class='ocrx_word' id='word_1_426' title='bbox 999 2118 1048 2137; x_wconf 86' lang='lat' dir='ltr'><strong>au-</strong></span> 
     </span>
     <span class='ocr_line' id='line_1_62' title="bbox 273 2145 1049 2180; baseline -0.004 -6"><span class='ocrx_word' id='word_1_427' title='bbox 273 2154 365 2174; x_wconf 72' lang='lat' dir='ltr'><strong>Versus</strong></span> <span class='ocrx_word' id='word_1_428' title='bbox 375 2147 511 2174; x_wconf 75' lang='lat' dir='ltr'><strong>lulianum</strong></span> <span class='ocrx_word' id='word_1_429' title='bbox 527 2146 660 2174; x_wconf 88' lang='lat' dir='ltr'><strong>lnvcctiva</strong></span> <span class='ocrx_word' id='word_1_430' title='bbox 676 2153 728 2172; x_wconf 92' lang='lat' dir='ltr'><strong>non</strong></span> <span class='ocrx_word' id='word_1_431' title='bbox 744 2145 850 2172; x_wconf 80' lang='lat' dir='ltr'><strong>dixerit.</strong></span> <span class='ocrx_word' id='word_1_432' title='bbox 866 2145 959 2172; x_wconf 84' lang='lat' dir='ltr'><strong>Dillius</strong></span> <span class='ocrx_word' id='word_1_433' title='bbox 972 2150 1049 2180; x_wconf 91' lang='lat' dir='ltr'><strong>putat</strong></span> 
     </span>
    </p>
   </div>
   <div class='ocr_carea' id='block_1_61' title="bbox 271 2180 1048 2223">
    <p class='ocr_par' dir='ltr' id='par_1_61' title="bbox 271 2180 1048 2223">
     <span class='ocr_line' id='line_1_63' title="bbox 271 2180 1048 2223; baseline -0.001 -15"><span class='ocrx_word' id='word_1_434' title='bbox 271 2181 402 2223; x_wconf 76' lang='lat' dir='ltr'><strong>glossema</strong></span> <span class='ocrx_word' id='word_1_435' title='bbox 425 2188 494 2214; x_wconf 76' lang='lat' dir='ltr'><strong>esse,</strong></span> <span class='ocrx_word' id='word_1_436' title='bbox 514 2181 585 2217; x_wconf 89' lang='lat' dir='ltr'><strong>quod</strong></span> <span class='ocrx_word' id='word_1_437' title='bbox 603 2180 730 2216; x_wconf 87' lang='lat' dir='ltr'><strong>temporis</strong></span> <span class='ocrx_word' id='word_1_438' title='bbox 743 2185 830 2208; x_wconf 86' lang='lat' dir='ltr'><strong>tractu</strong></span> <span class='ocrx_word' id='word_1_439' title='bbox 846 2181 872 2206; x_wconf 91' lang='lat' dir='ltr'><strong>in</strong></span> <span class='ocrx_word' id='word_1_440' title='bbox 890 2185 991 2208; x_wconf 83' lang='lat' dir='ltr'><strong>textum</strong></span> <span class='ocrx_word' id='word_1_441' title='bbox 1009 2181 1048 2207; x_wconf 91' lang='lat' dir='ltr'><strong>ir-</strong></span> 
     </span>
    </p>
   </div>
   <div class='ocr_carea' id='block_1_62' title="bbox 271 2222 1054 2286">
    <p class='ocr_par' dir='ltr' id='par_1_62' title="bbox 271 2222 1054 2286">
     <span class='ocr_line' id='line_1_64' title="bbox 271 2222 1054 2286; baseline -0.001 -8"><span class='ocrx_word' id='word_1_442' title='bbox 271 2222 363 2286; x_wconf 56' lang='grc' dir='ltr'><strong>Γθιίῖἓ)</strong></span> <span class='ocrx_word' id='word_1_443' title='bbox 387 2250 508 2285; x_wconf 72' lang='grc' dir='ltr'><strong>Ἀπλῆν.</strong></span> <span class='ocrx_word' id='word_1_444' title='bbox 526 2251 591 2279; x_wconf 84' lang='lat' dir='ltr'><strong>Mss.</strong></span> <span class='ocrx_word' id='word_1_445' title='bbox 613 2250 794 2286; x_wconf 75' lang='lat' dir='ltr'><strong>communius</strong></span> <span class='ocrx_word' id='word_1_446' title='bbox 811 2249 926 2285; x_wconf 83' lang='grc' dir='ltr'>ἁπαλήν,</span> <span class='ocrx_word' id='word_1_447' title='bbox 940 2258 961 2286; x_wconf 23' lang='grc' dir='ltr'><strong>ν(</strong></span> <span class='ocrx_word' id='word_1_448' title='bbox 984 2255 1054 2277; x_wconf 86' lang='lat' dir='ltr'><strong>tene-</strong></span> 
     </span>
    </p>
   </div>
   <div class='ocr_carea' id='block_1_63' title="bbox 271 2285 1002 2320">
    <p class='ocr_par' dir='ltr' id='par_1_63' title="bbox 271 2285 1002 2320">
     <span class='ocr_line' id='line_1_65' title="bbox 271 2285 1002 2320; baseline -0.003 -7"><span class='ocrx_word' id='word_1_449' title='bbox 271 2285 338 2317; x_wconf 85' lang='lat' dir='ltr'><strong>ram,</strong></span> <span class='ocrx_word' id='word_1_450' title='bbox 354 2287 472 2316; x_wconf 86' lang='lat' dir='ltr'><strong>mollem,</strong></span> <span class='ocrx_word' id='word_1_451' title='bbox 490 2295 499 2312; x_wconf 76' lang='grc' dir='ltr'><strong>ι</strong></span> <span class='ocrx_word' id='word_1_452' title='bbox 517 2290 581 2316; x_wconf 83' lang='lat' dir='ltr'><strong>etc..</strong></span> <span class='ocrx_word' id='word_1_453' title='bbox 597 2285 668 2320; x_wconf 90' lang='lat' dir='ltr'><strong>quod</strong></span> <span class='ocrx_word' id='word_1_454' title='bbox 680 2285 855 2320; x_wconf 72' lang='lat' dir='ltr'><strong>Cpmbeﬁsius</strong></span> <span class='ocrx_word' id='word_1_455' title='bbox 871 2285 1002 2320; x_wconf 62' lang='lat' dir='ltr'><strong>sequitur.</strong></span> 
     </span>
    </p>
   </div>
   <div class='ocr_carea' id='block_1_64' title="bbox 306 2319 1055 2356">
    <p class='ocr_par' dir='ltr' id='par_1_64' title="bbox 306 2319 1055 2356">
     <span class='ocr_line' id='line_1_66' title="bbox 306 2319 1055 2356; baseline -0.004 -8"><span class='ocrx_word' id='word_1_456' title='bbox 306 2321 361 2356; x_wconf 78' lang='lat' dir='ltr'><strong>(l9)</strong></span> <span class='ocrx_word' id='word_1_457' title='bbox 386 2321 553 2355; x_wconf 81' lang='grc' dir='ltr'>Ἀκριϐείας.</span> <span class='ocrx_word' id='word_1_458' title='bbox 569 2319 636 2355; x_wconf 76' lang='lat' dir='ltr'><strong>Reg.</strong></span> <span class='ocrx_word' id='word_1_459' title='bbox 651 2320 669 2353; x_wconf 91' lang='lat' dir='ltr'><strong>l,</strong></span> <span class='ocrx_word' id='word_1_460' title='bbox 685 2319 799 2347; x_wconf 82' lang='lat' dir='ltr'><strong>Montac.</strong></span> <span class='ocrx_word' id='word_1_461' title='bbox 823 2324 849 2346; x_wconf 89' lang='lat' dir='ltr'><strong>et</strong></span> <span class='ocrx_word' id='word_1_462' title='bbox 868 2319 961 2346; x_wconf 90' lang='lat' dir='ltr'><strong>Comb.</strong></span> <span class='ocrx_word' id='word_1_463' title='bbox 979 2319 1055 2346; x_wconf 83' lang='grc' dir='ltr'>εὐσε-</span> 
     </span>
    </p>
   </div>
   <div class='ocr_carea' id='block_1_65' title="bbox 271 2356 1054 2431">
    <p class='ocr_par' dir='ltr' id='par_1_65' title="bbox 271 2356 1054 2431">
     <span class='ocr_line' id='line_1_67' title="bbox 271 2356 1054 2431; baseline 0.01 0"><span class='ocrx_word' id='word_1_464' title='bbox 271 2356 362 2431; x_wconf 54' lang='grc' dir='ltr'><strong>ῗεὶἷῗὺ</strong></span> <span class='ocrx_word' id='word_1_465' title='bbox 385 2391 444 2431; x_wconf 68' lang='lat' dir='ltr'><strong>ur,</strong></span> <span class='ocrx_word' id='word_1_466' title='bbox 464 2389 691 2431; x_wconf 46' lang='grc' dir='ltr'><strong>ζῆλονμιριᾱξν-</strong></span> <span class='ocrx_word' id='word_1_467' title='bbox 721 2389 762 2416; x_wconf 70' lang='lat' dir='ltr'><strong>Ita</strong></span> <span class='ocrx_word' id='word_1_468' title='bbox 784 2389 911 2431; x_wconf 62' lang='grc' dir='ltr'>,ριβτῖιιιιο</span> <span class='ocrx_word' id='word_1_469' title='bbox 938 2388 1054 2431; x_wconf 69' lang='grc' dir='ltr'><strong>οοίέἑθεεο</strong></span> 
     </span>
    </p>
   </div>
   <div class='ocr_carea' id='block_1_66' title="bbox 271 2422 1057 2459">
    <p class='ocr_par' dir='ltr' id='par_1_66' title="bbox 271 2422 1057 2459">
     <span class='ocr_line' id='line_1_68' title="bbox 271 2422 1057 2459; baseline -0.003 -7"><span class='ocrx_word' id='word_1_470' title='bbox 271 2422 358 2459; x_wconf 63' lang='grc' dir='ltr'>ΕιΙίιί,</span> <span class='ocrx_word' id='word_1_471' title='bbox 378 2422 493 2458; x_wconf 59' lang='grc' dir='ltr'>κακίας,</span> <span class='ocrx_word' id='word_1_472' title='bbox 511 2425 581 2453; x_wconf 89' lang='lat' dir='ltr'><strong>unde</strong></span> <span class='ocrx_word' id='word_1_473' title='bbox 601 2424 704 2455; x_wconf 86' lang='lat' dir='ltr'><strong>Billius,</strong></span> <span class='ocrx_word' id='word_1_474' title='bbox 730 2433 740 2450; x_wconf 86' lang='grc'><em>‹</em></span> <span class='ocrx_word' id='word_1_475' title='bbox 765 2422 821 2450; x_wconf 84' lang='lat' dir='ltr'><strong>vitii</strong></span> <span class='ocrx_word' id='word_1_476' title='bbox 850 2424 936 2450; x_wconf 83' lang='lat' dir='ltr'><strong>zelum</strong></span> <span class='ocrx_word' id='word_1_477' title='bbox 958 2422 1057 2459; x_wconf 67' lang='lat' dir='ltr'><strong>eﬂece-</strong></span> 
     </span>
    </p>
   </div>
   <div class='ocr_carea' id='block_1_67' title="bbox 272 2458 1056 2493">
    <p class='ocr_par' dir='ltr' id='par_1_67' title="bbox 272 2458 1056 2493">
     <span class='ocr_line' id='line_1_69' title="bbox 272 2458 1056 2493; baseline -0.004 -6"><span class='ocrx_word' id='word_1_478' title='bbox 272 2458 349 2488; x_wconf 55' lang='lat' dir='ltr'><strong>runt.</strong></span> <span class='ocrx_word' id='word_1_479' title='bbox 363 2470 372 2487; x_wconf 77' lang='grc' dir='ltr'><strong>ι</strong></span> <span class='ocrx_word' id='word_1_480' title='bbox 388 2460 626 2488; x_wconf 84' lang='lat' dir='ltr'><strong>ObservatComb.</strong></span> <span class='ocrx_word' id='word_1_481' title='bbox 648 2460 689 2486; x_wconf 89' lang='lat' dir='ltr'><strong>his</strong></span> <span class='ocrx_word' id='word_1_482' title='bbox 702 2459 790 2486; x_wconf 87' lang='lat' dir='ltr'><strong>verbis</strong></span> <span class='ocrx_word' id='word_1_483' title='bbox 801 2458 933 2493; x_wconf 83' lang='lat' dir='ltr'><strong>Gregorii,</strong></span> <span class='ocrx_word' id='word_1_484' title='bbox 953 2467 962 2483; x_wconf 80' lang='grc' dir='ltr'><strong>ι</strong></span> <span class='ocrx_word' id='word_1_485' title='bbox 983 2458 1056 2485; x_wconf 84' lang='lat' dir='ltr'><strong>Con-</strong></span> 
     </span>
    </p>
   </div>
   <div class='ocr_carea' id='block_1_68' title="bbox 272 2494 1056 2528">
    <p class='ocr_par' dir='ltr' id='par_1_68' title="bbox 272 2494 1056 2528">
     <span class='ocr_line' id='line_1_70' title="bbox 272 2494 1056 2528; baseline -0.003 -7"><span class='ocrx_word' id='word_1_486' title='bbox 272 2496 400 2523; x_wconf 85' lang='lat' dir='ltr'><strong>stantium</strong></span> <span class='ocrx_word' id='word_1_487' title='bbox 418 2495 539 2523; x_wconf 85' lang='lat' dir='ltr'><strong>nonnihil</strong></span> <span class='ocrx_word' id='word_1_488' title='bbox 555 2503 570 2522; x_wconf 87' lang='lat' dir='ltr'><strong>a</strong></span> <span class='ocrx_word' id='word_1_489' title='bbox 583 2494 659 2528; x_wconf 88' lang='lat' dir='ltr'><strong>culpa</strong></span> <span class='ocrx_word' id='word_1_490' title='bbox 672 2495 792 2527; x_wconf 83' lang='lat' dir='ltr'><strong>liberari,</strong></span> <span class='ocrx_word' id='word_1_491' title='bbox 811 2494 862 2521; x_wconf 83' lang='lat' dir='ltr'><strong>etsi</strong></span> <span class='ocrx_word' id='word_1_492' title='bbox 884 2501 935 2520; x_wconf 93' lang='lat' dir='ltr'><strong>uon</strong></span> <span class='ocrx_word' id='word_1_493' title='bbox 946 2495 1056 2520; x_wconf 90' lang='lat' dir='ltr'><strong>omnino</strong></span> 
     </span>
    </p>
   </div>
   <div class='ocr_carea' id='block_1_69' title="bbox 273 2535 1055 2599">
    <p class='ocr_par' dir='ltr' id='par_1_69' title="bbox 273 2535 1055 2599">
     <span class='ocr_line' id='line_1_71' title="bbox 273 2535 436 2564; baseline 0 -8"><span class='ocrx_word' id='word_1_494' title='bbox 273 2537 322 2564; x_wconf 85' lang='lat' dir='ltr'><strong>pur</strong></span> <span class='ocrx_word' id='word_1_495' title='bbox 340 2535 410 2558; x_wconf 85' lang='lat' dir='ltr'><strong>etur.</strong></span> <span class='ocrx_word' id='word_1_496' title='bbox 427 2540 436 2556; x_wconf 82' lang='grc' dir='ltr'><strong>ι</strong></span> 
     </span>
     <span class='ocr_line' id='line_1_72' title="bbox 308 2538 1055 2599; baseline -0.004 -7"><span class='ocrx_word' id='word_1_497' title='bbox 308 2538 364 2599; x_wconf 59' lang='grc' dir='ltr'>(ξι)</span> <span class='ocrx_word' id='word_1_498' title='bbox 383 2564 528 2599; x_wconf 80' lang='grc' dir='ltr'>Κρηπίδα.</span> <span class='ocrx_word' id='word_1_499' title='bbox 557 2563 603 2591; x_wconf 90' lang='lat' dir='ltr'><strong>Sic</strong></span> <span class='ocrx_word' id='word_1_500' title='bbox 627 2563 748 2599; x_wconf 85' lang='lat' dir='ltr'><strong>plerique</strong></span> <span class='ocrx_word' id='word_1_501' title='bbox 774 2563 891 2591; x_wconf 89' lang='lat' dir='ltr'><strong>codices.</strong></span> <span class='ocrx_word' id='word_1_502' title='bbox 919 2562 1055 2595; x_wconf 80' lang='lat' dir='ltr'><strong>Nonnulli,</strong></span> 
     </span>
    </p>
   </div>
   <div class='ocr_carea' id='block_1_70' title="bbox 273 2600 899 2669">
    <p class='ocr_par' dir='ltr' id='par_1_70' title="bbox 273 2600 899 2669">
     <span class='ocr_line' id='line_1_73' title="bbox 273 2600 899 2669; baseline -0.002 -8"><span class='ocrx_word' id='word_1_503' title='bbox 273 2600 429 2669; x_wconf 38' lang='lat' dir='ltr'><strong>“75:35am</strong></span> <span class='ocrx_word' id='word_1_504' title='bbox 439 2633 665 2669; x_wconf 79' lang='grc' dir='ltr'>Χριστιανισμῷ.</span> <span class='ocrx_word' id='word_1_505' title='bbox 680 2633 759 2661; x_wconf 87' lang='lat' dir='ltr'><strong>Deest</strong></span> <span class='ocrx_word' id='word_1_506' title='bbox 773 2635 800 2660; x_wconf 93' lang='lat' dir='ltr'><strong>in</strong></span> <span class='ocrx_word' id='word_1_507' title='bbox 812 2633 858 2661; x_wconf 89' lang='lat' dir='ltr'><strong>Or.</strong></span> <span class='ocrx_word' id='word_1_508' title='bbox 874 2634 899 2660; x_wconf 79' lang='lat' dir='ltr'><strong>l.</strong></span> 
     </span>
    </p>
   </div>
   <div class='ocr_carea' id='block_1_71' title="bbox 308 2668 1059 2705">
    <p class='ocr_par' dir='ltr' id='par_1_71' title="bbox 308 2668 1059 2705">
     <span class='ocr_line' id='line_1_74' title="bbox 308 2668 1059 2705; baseline -0.001 -10"><span class='ocrx_word' id='word_1_509' title='bbox 308 2668 364 2705; x_wconf 70' lang='lat'><strong>(25)</strong></span> <span class='ocrx_word' id='word_1_510' title='bbox 386 2669 442 2697; x_wconf 76' lang='grc' dir='ltr'><strong>Τοῦ</strong></span> <span class='ocrx_word' id='word_1_511' title='bbox 468 2669 578 2702; x_wconf 81' lang='grc' dir='ltr'>δικαίᾳ,</span> <span class='ocrx_word' id='word_1_512' title='bbox 601 2677 652 2705; x_wconf 81' lang='lat' dir='ltr'><strong>etc.</strong></span> <span class='ocrx_word' id='word_1_513' title='bbox 683 2668 783 2705; x_wconf 87' lang='lat' dir='ltr'><strong>Comb._</strong></span> <span class='ocrx_word' id='word_1_514' title='bbox 802 2677 812 2694; x_wconf 74' lang='grc' dir='ltr'><strong>ι</strong></span> <span class='ocrx_word' id='word_1_515' title='bbox 836 2669 881 2705; x_wconf 83' lang='lat' dir='ltr'><strong>qui</strong></span> <span class='ocrx_word' id='word_1_516' title='bbox 898 2668 1008 2705; x_wconf 19' lang='lat' dir='ltr'><strong>Vjusti_tia</strong></span> <span class='ocrx_word' id='word_1_517' title='bbox 1032 2671 1059 2694; x_wconf 90' lang='lat' dir='ltr'><strong>et</strong></span> 
     </span>
    </p>
   </div>
   <div class='ocr_carea' id='block_1_72' title="bbox 274 2702 1058 2738">
    <p class='ocr_par' dir='ltr' id='par_1_72' title="bbox 274 2702 1058 2738">
     <span class='ocr_line' id='line_1_75' title="bbox 274 2702 1058 2738; baseline 0 -8"><span class='ocrx_word' id='word_1_518' title='bbox 274 2702 399 2738; x_wconf 40' lang='lat' dir='ltr'><strong>aequitate</strong></span> <span class='ocrx_word' id='word_1_519' title='bbox 425 2705 566 2738; x_wconf 85' lang='lat' dir='ltr'><strong>imperium</strong></span> <span class='ocrx_word' id='word_1_520' title='bbox 589 2704 714 2731; x_wconf 84' lang='lat' dir='ltr'><strong>rexisset.</strong></span> <span class='ocrx_word' id='word_1_521' title='bbox 737 2712 746 2729; x_wconf 74' lang='grc' dir='ltr'><strong>ι</strong></span> <span class='ocrx_word' id='word_1_522' title='bbox 764 2702 932 2730; x_wconf 80' lang='lat' dir='ltr'><strong>Crediderim</strong></span> <span class='ocrx_word' id='word_1_523' title='bbox 957 2703 1058 2737; x_wconf 83' lang='lat' dir='ltr'><strong>Grego—</strong></span> 
     </span>
    </p>
   </div>
   <div class='ocr_carea' id='block_1_73' title="bbox 275 2738 1059 2773">
    <p class='ocr_par' dir='ltr' id='par_1_73' title="bbox 275 2738 1059 2773">
     <span class='ocr_line' id='line_1_76' title="bbox 275 2738 1059 2773; baseline 0 -8"><span class='ocrx_word' id='word_1_524' title='bbox 275 2739 342 2766; x_wconf 83' lang='lat' dir='ltr'><strong>rium</strong></span> <span class='ocrx_word' id='word_1_525' title='bbox 357 2739 423 2766; x_wconf 89' lang='lat' dir='ltr'><strong>nihil</strong></span> <span class='ocrx_word' id='word_1_526' title='bbox 438 2739 509 2766; x_wconf 84' lang='lat' dir='ltr'><strong>aliud</strong></span> <span class='ocrx_word' id='word_1_527' title='bbox 521 2739 683 2773; x_wconf 80' lang='lat' dir='ltr'><strong>signiﬁcare,</strong></span> <span class='ocrx_word' id='word_1_528' title='bbox 700 2745 780 2773; x_wconf 87' lang='lat' dir='ltr'><strong>quam</strong></span> <span class='ocrx_word' id='word_1_529' title='bbox 796 2738 944 2772; x_wconf 79' lang='lat' dir='ltr'><strong>legitimum</strong></span> <span class='ocrx_word' id='word_1_530' title='bbox 963 2745 995 2765; x_wconf 87' lang='lat' dir='ltr'><strong>ac</strong></span> <span class='ocrx_word' id='word_1_531' title='bbox 1007 2745 1059 2765; x_wconf 89' lang='lat' dir='ltr'><strong>non</strong></span> 
     </span>
    </p>
   </div>
   <div class='ocr_carea' id='block_1_74' title="bbox 275 2774 596 2807">
    <p class='ocr_par' dir='ltr' id='par_1_74' title="bbox 275 2774 596 2807">
     <span class='ocr_line' id='line_1_77' title="bbox 275 2774 596 2807; baseline 0.003 -8"><span class='ocrx_word' id='word_1_532' title='bbox 275 2780 431 2807; x_wconf 88' lang='lat' dir='ltr'><strong>usurpatum</strong></span> <span class='ocrx_word' id='word_1_533' title='bbox 446 2774 596 2807; x_wconf 88' lang='lat' dir='ltr'><strong>imperium.</strong></span> 
     </span>
    </p>
   </div>
   <div class='ocr_carea' id='block_1_75' title="bbox 309 2807 1058 2844">
    <p class='ocr_par' dir='ltr' id='par_1_75' title="bbox 309 2807 1058 2844">
     <span class='ocr_line' id='line_1_78' title="bbox 309 2807 1058 2844; baseline 0 -9"><span class='ocrx_word' id='word_1_534' title='bbox 309 2809 365 2844; x_wconf 76' lang='lat' dir='ltr'><strong>(2t)</strong></span> <span class='ocrx_word' id='word_1_535' title='bbox 384 2807 425 2841; x_wconf 81' lang='grc' dir='ltr'><strong>Τῷ</strong></span> <span class='ocrx_word' id='word_1_536' title='bbox 441 2810 524 2844; x_wconf 74' lang='grc' dir='ltr'><strong>ὁσίῳ.</strong></span> <span class='ocrx_word' id='word_1_537' title='bbox 539 2809 577 2835; x_wconf 82' lang='lat' dir='ltr'><strong>Ita</strong></span> <span class='ocrx_word' id='word_1_538' title='bbox 592 2808 711 2844; x_wconf 86' lang='lat' dir='ltr'><strong>plerique</strong></span> <span class='ocrx_word' id='word_1_539' title='bbox 721 2808 799 2836; x_wconf 84' lang='lat' dir='ltr'><strong>codd.</strong></span> <span class='ocrx_word' id='word_1_540' title='bbox 820 2807 884 2844; x_wconf 74' lang='lat' dir='ltr'><strong>Reg.</strong></span> <span class='ocrx_word' id='word_1_541' title='bbox 906 2807 926 2842; x_wconf 91' lang='lat' dir='ltr'><strong>l,</strong></span> <span class='ocrx_word' id='word_1_542' title='bbox 944 2808 1058 2835; x_wconf 76' lang='grc' dir='ltr'>ὁσιωτά-</span> 
     </span>
    </p>
   </div>
   <div class='ocr_carea' id='block_1_76' title="bbox 274 2843 588 2879">
    <p class='ocr_par' dir='ltr' id='par_1_76' title="bbox 274 2843 588 2879">
     <span class='ocr_line' id='line_1_79' title="bbox 274 2843 588 2879; baseline 0.006 -10"><span class='ocrx_word' id='word_1_543' title='bbox 274 2851 322 2879; x_wconf 82' lang='grc' dir='ltr'><strong>τῳ.</strong></span> <span class='ocrx_word' id='word_1_544' title='bbox 340 2844 418 2872; x_wconf 81' lang='lat' dir='ltr'><strong>Deest</strong></span> <span class='ocrx_word' id='word_1_545' title='bbox 432 2843 470 2878; x_wconf 81' lang='grc' dir='ltr'>τῷ</span> <span class='ocrx_word' id='word_1_546' title='bbox 485 2844 511 2871; x_wconf 92' lang='lat' dir='ltr'><strong>in</strong></span> <span class='ocrx_word' id='word_1_547' title='bbox 525 2844 588 2872; x_wconf 86' lang='lat' dir='ltr'><strong>edit.</strong></span> 
     </span>
    </p>
   </div>
   <div class='ocr_carea' id='block_1_77' title="bbox 1067 2208 1184 2250">
    <p class='ocr_par' dir='ltr' id='par_1_77' title="bbox 1067 2208 1184 2250">
     <span class='ocr_line' id='line_1_80' title="bbox 1067 2208 1184 2250; baseline 0.009 -9"><span class='ocrx_word' id='word_1_548' title='bbox 1067 2208 1090 2235; x_wconf 87' lang='lat' dir='ltr'><strong>D</strong></span> <span class='ocrx_word' id='word_1_549' title='bbox 1139 2208 1184 2250; x_wconf 64' lang='lat'><strong>{29</strong></span> 
     </span>
    </p>
   </div>
   <div class='ocr_carea' id='block_1_78' title="bbox 1095 910 1879 948">
    <p class='ocr_par' dir='ltr' id='par_1_78' title="bbox 1095 910 1879 948">
     <span class='ocr_line' id='line_1_81' title="bbox 1095 910 1879 948; baseline 0.001 -10"><span class='ocrx_word' id='word_1_550' title='bbox 1095 913 1155 947; x_wconf 88' lang='lat' dir='ltr'><strong>pius</strong></span> <span class='ocrx_word' id='word_1_551' title='bbox 1174 913 1298 946; x_wconf 81' lang='lat' dir='ltr'><strong>accessit,</strong></span> <span class='ocrx_word' id='word_1_552' title='bbox 1318 913 1380 948; x_wconf 87' lang='lat' dir='ltr'><strong>quid</strong></span> <span class='ocrx_word' id='word_1_553' title='bbox 1402 914 1484 940; x_wconf 87' lang='lat' dir='ltr'><strong>totius</strong></span> <span class='ocrx_word' id='word_1_554' title='bbox 1504 913 1639 940; x_wconf 79' lang='lat' dir='ltr'><strong>exercitus</strong></span> <span class='ocrx_word' id='word_1_555' title='bbox 1660 910 1830 945; x_wconf 81' lang='lat' dir='ltr'><strong>satellitium,</strong></span> <span class='ocrx_word' id='word_1_556' title='bbox 1851 917 1879 939; x_wconf 86' lang='lat' dir='ltr'><strong>et</strong></span> 
     </span>
    </p>
   </div>
   <div class='ocr_carea' id='block_1_79' title="bbox 1096 958 1876 993">
    <p class='ocr_par' dir='ltr' id='par_1_79' title="bbox 1096 958 1876 993">
     <span class='ocr_line' id='line_1_82' title="bbox 1096 958 1876 993; baseline 0 -9"><span class='ocrx_word' id='word_1_557' title='bbox 1096 963 1263 985; x_wconf 89' lang='lat' dir='ltr'><strong>armatorum</strong></span> <span class='ocrx_word' id='word_1_558' title='bbox 1279 959 1388 986; x_wconf 90' lang='lat' dir='ltr'><strong>ordines</strong></span> <span class='ocrx_word' id='word_1_559' title='bbox 1405 962 1464 986; x_wconf 83' lang='lat' dir='ltr'><strong>seSe</strong></span> <span class='ocrx_word' id='word_1_560' title='bbox 1482 958 1655 993; x_wconf 87' lang='lat' dir='ltr'><strong>imperatori,</strong></span> <span class='ocrx_word' id='word_1_561' title='bbox 1673 962 1799 993; x_wconf 87' lang='lat' dir='ltr'><strong>tanquam</strong></span> <span class='ocrx_word' id='word_1_562' title='bbox 1813 959 1876 985; x_wconf 73' lang='lat' dir='ltr'><strong>vita:</strong></span> 
     </span>
    </p>
   </div>
   <div class='ocr_carea' id='block_1_80' title="bbox 1097 1003 1880 1036">
    <p class='ocr_par' dir='ltr' id='par_1_80' title="bbox 1097 1003 1880 1036">
     <span class='ocr_line' id='line_1_83' title="bbox 1097 1003 1880 1036; baseline 0.001 -7"><span class='ocrx_word' id='word_1_563' title='bbox 1097 1012 1177 1031; x_wconf 89' lang='lat' dir='ltr'><strong>usura</strong></span> <span class='ocrx_word' id='word_1_564' title='bbox 1194 1003 1303 1035; x_wconf 79' lang='lat' dir='ltr'><strong>fruenti,</strong></span> <span class='ocrx_word' id='word_1_565' title='bbox 1315 1004 1472 1031; x_wconf 81' lang='lat' dir='ltr'><strong>exhibentes</strong></span> <span class='ocrx_word' id='word_1_566' title='bbox 1488 1011 1699 1031; x_wconf 86' lang='lat' dir='ltr'><strong>commemorare</strong></span> <span class='ocrx_word' id='word_1_567' title='bbox 1713 1005 1819 1036; x_wconf 82' lang='lat' dir='ltr'><strong>attinet,</strong></span> <span class='ocrx_word' id='word_1_568' title='bbox 1833 1009 1880 1031; x_wconf 84' lang='lat' dir='ltr'><strong>aut</strong></span> 
     </span>
    </p>
   </div>
   <div class='ocr_carea' id='block_1_81' title="bbox 1097 1049 1875 1084">
    <p class='ocr_par' dir='ltr' id='par_1_81' title="bbox 1097 1049 1875 1084">
     <span class='ocr_line' id='line_1_84' title="bbox 1097 1049 1875 1084; baseline 0 -8"><span class='ocrx_word' id='word_1_569' title='bbox 1097 1049 1241 1084; x_wconf 69' lang='lat' dir='ltr'><strong>splendidae</strong></span> <span class='ocrx_word' id='word_1_570' title='bbox 1258 1051 1376 1078; x_wconf 83' lang='lat' dir='ltr'><strong>civitatis</strong></span> <span class='ocrx_word' id='word_1_571' title='bbox 1395 1050 1553 1078; x_wconf 80' lang='lat' dir='ltr'><strong>effusionem</strong></span> <span class='ocrx_word' id='word_1_572' title='bbox 1565 1071 1572 1083; x_wconf 91' lang='lat'><strong>,</strong></span> <span class='ocrx_word' id='word_1_573' title='bbox 1591 1051 1730 1083; x_wconf 87' lang='lat' dir='ltr'><strong>omnium,</strong></span> <span class='ocrx_word' id='word_1_574' title='bbox 1749 1058 1809 1084; x_wconf 79' lang='lat' dir='ltr'><strong>quac</strong></span> <span class='ocrx_word' id='word_1_575' title='bbox 1827 1058 1875 1077; x_wconf 90' lang='lat' dir='ltr'><strong>un-</strong></span> 
     </span>
    </p>
   </div>
   <div class='ocr_carea' id='block_1_82' title="bbox 1098 1095 1882 1130">
    <p class='ocr_par' dir='ltr' id='par_1_82' title="bbox 1098 1095 1882 1130">
     <span class='ocr_line' id='line_1_85' title="bbox 1098 1095 1882 1130; baseline 0 -8"><span class='ocrx_word' id='word_1_576' title='bbox 1098 1104 1176 1130; x_wconf 74' lang='lat' dir='ltr'><strong>quam</strong></span> <span class='ocrx_word' id='word_1_577' title='bbox 1193 1095 1318 1130; x_wconf 80' lang='lat' dir='ltr'><strong>fuerunt,</strong></span> <span class='ocrx_word' id='word_1_578' title='bbox 1336 1100 1382 1123; x_wconf 87' lang='lat' dir='ltr'><strong>aut</strong></span> <span class='ocrx_word' id='word_1_579' title='bbox 1400 1095 1495 1123; x_wconf 68' lang='lat' dir='ltr'><strong>futui-re</strong></span> <span class='ocrx_word' id='word_1_580' title='bbox 1511 1101 1589 1128; x_wconf 89' lang='lat' dir='ltr'><strong>sunt,</strong></span> <span class='ocrx_word' id='word_1_581' title='bbox 1604 1096 1832 1124; x_wconf 83' lang='lat' dir='ltr'><strong>celeberrimam?</strong></span> <span class='ocrx_word' id='word_1_582' title='bbox 1846 1096 1882 1122; x_wconf 86' lang='lat' dir='ltr'><strong>At</strong></span> 
     </span>
    </p>
   </div>
   <div class='ocr_carea' id='block_1_83' title="bbox 1098 1141 1878 1178">
    <p class='ocr_par' dir='ltr' id='par_1_83' title="bbox 1098 1141 1878 1178">
     <span class='ocr_line' id='line_1_86' title="bbox 1098 1141 1878 1178; baseline 0.001 -10"><span class='ocrx_word' id='word_1_583' title='bbox 1098 1141 1175 1169; x_wconf 80' lang='lat' dir='ltr'><strong>fortis</strong></span> <span class='ocrx_word' id='word_1_584' title='bbox 1195 1141 1238 1169; x_wconf 90' lang='lat' dir='ltr'><strong>ille</strong></span> <span class='ocrx_word' id='word_1_585' title='bbox 1255 1147 1282 1169; x_wconf 87' lang='lat' dir='ltr'><strong>et</strong></span> <span class='ocrx_word' id='word_1_586' title='bbox 1300 1143 1396 1174; x_wconf 83' lang='lat' dir='ltr'><strong>audax,</strong></span> <span class='ocrx_word' id='word_1_587' title='bbox 1413 1150 1537 1178; x_wconf 88' lang='lat' dir='ltr'><strong>novaque</strong></span> <span class='ocrx_word' id='word_1_588' title='bbox 1555 1150 1675 1178; x_wconf 85' lang='lat' dir='ltr'><strong>purpura</strong></span> <span class='ocrx_word' id='word_1_589' title='bbox 1692 1147 1815 1173; x_wconf 83' lang='lat' dir='ltr'><strong>ornatus.</strong></span> <span class='ocrx_word' id='word_1_590' title='bbox 1832 1151 1878 1170; x_wconf 89' lang='lat' dir='ltr'><strong>ea-</strong></span> 
     </span>
    </p>
   </div>
   <div class='ocr_carea' id='block_1_84' title="bbox 1098 1188 1880 1223">
    <p class='ocr_par' dir='ltr' id='par_1_84' title="bbox 1098 1188 1880 1223">
     <span class='ocr_line' id='line_1_87' title="bbox 1098 1188 1880 1223; baseline 0.001 -9"><span class='ocrx_word' id='word_1_591' title='bbox 1098 1195 1151 1222; x_wconf 79' lang='lat' dir='ltr'><strong>que</strong></span> <span class='ocrx_word' id='word_1_592' title='bbox 1162 1188 1194 1215; x_wconf 86' lang='lat' dir='ltr'><strong>de</strong></span> <span class='ocrx_word' id='word_1_593' title='bbox 1205 1195 1298 1221; x_wconf 85' lang='lat' dir='ltr'><strong>causa,</strong></span> <span class='ocrx_word' id='word_1_594' title='bbox 1308 1194 1336 1215; x_wconf 92' lang='lat' dir='ltr'><strong>ut</strong></span> <span class='ocrx_word' id='word_1_595' title='bbox 1347 1189 1486 1223; x_wconf 88' lang='lat' dir='ltr'><strong>probabile</strong></span> <span class='ocrx_word' id='word_1_596' title='bbox 1496 1194 1548 1222; x_wconf 90' lang='lat' dir='ltr'><strong>est,</strong></span> <span class='ocrx_word' id='word_1_597' title='bbox 1558 1189 1644 1216; x_wconf 84' lang='lat' dir='ltr'><strong>elatus</strong></span> <span class='ocrx_word' id='word_1_598' title='bbox 1657 1194 1737 1223; x_wconf 87' lang='lat' dir='ltr'><strong>atque</strong></span> <span class='ocrx_word' id='word_1_599' title='bbox 1749 1189 1880 1221; x_wconf 85' lang='lat' dir='ltr'><strong>insolens,</strong></span> 
     </span>
    </p>
   </div>
   <div class='ocr_carea' id='block_1_85' title="bbox 1100 1233 1879 1268">
    <p class='ocr_par' dir='ltr' id='par_1_85' title="bbox 1100 1233 1879 1268">
     <span class='ocr_line' id='line_1_88' title="bbox 1100 1233 1879 1268; baseline 0.001 -9"><span class='ocrx_word' id='word_1_600' title='bbox 1100 1233 1200 1260; x_wconf 80' lang='lat' dir='ltr'><strong>funeris</strong></span> <span class='ocrx_word' id='word_1_601' title='bbox 1221 1233 1278 1267; x_wconf 89' lang='lat' dir='ltr'><strong>ipse</strong></span> <span class='ocrx_word' id='word_1_602' title='bbox 1293 1241 1400 1268; x_wconf 88' lang='lat' dir='ltr'><strong>quoque</strong></span> <span class='ocrx_word' id='word_1_603' title='bbox 1419 1234 1547 1261; x_wconf 87' lang='lat' dir='ltr'><strong>honorem</strong></span> <span class='ocrx_word' id='word_1_604' title='bbox 1563 1234 1587 1261; x_wconf 92' lang='lat' dir='ltr'><strong>ei</strong></span> <span class='ocrx_word' id='word_1_605' title='bbox 1604 1241 1653 1268; x_wconf 88' lang='lat' dir='ltr'><strong>pro</strong></span> <span class='ocrx_word' id='word_1_606' title='bbox 1667 1238 1744 1268; x_wconf 88' lang='lat' dir='ltr'><strong>parte</strong></span> <span class='ocrx_word' id='word_1_607' title='bbox 1759 1241 1807 1261; x_wconf 86' lang='lat' dir='ltr'><strong>sua</strong></span> <span class='ocrx_word' id='word_1_608' title='bbox 1827 1234 1879 1261; x_wconf 93' lang='lat' dir='ltr'><strong>im-</strong></span> 
     </span>
    </p>
   </div>
   <div class='ocr_carea' id='block_1_86' title="bbox 1099 1278 1882 1314">
    <p class='ocr_par' dir='ltr' id='par_1_86' title="bbox 1099 1278 1882 1314">
     <span class='ocr_line' id='line_1_89' title="bbox 1099 1278 1882 1314; baseline 0 -9"><span class='ocrx_word' id='word_1_609' title='bbox 1099 1278 1201 1312; x_wconf 88' lang='lat' dir='ltr'><strong>pendit,</strong></span> <span class='ocrx_word' id='word_1_610' title='bbox 1209 1278 1331 1305; x_wconf 88' lang='lat' dir='ltr'><strong>eamdem</strong></span> <span class='ocrx_word' id='word_1_611' title='bbox 1342 1278 1455 1313; x_wconf 81' lang='lat' dir='ltr'><strong>gratiam</strong></span> <span class='ocrx_word' id='word_1_612' title='bbox 1465 1279 1541 1312; x_wconf 90' lang='lat' dir='ltr'><strong>dans,</strong></span> <span class='ocrx_word' id='word_1_613' title='bbox 1549 1278 1724 1313; x_wconf 88' lang='lat' dir='ltr'><strong>vicissimque</strong></span> <span class='ocrx_word' id='word_1_614' title='bbox 1734 1279 1882 1314; x_wconf 85' lang='lat' dir='ltr'><strong>accipiens,</strong></span> 
     </span>
    </p>
   </div>
   <div class='ocr_carea' id='block_1_87' title="bbox 1100 1323 1882 1359">
    <p class='ocr_par' dir='ltr' id='par_1_87' title="bbox 1100 1323 1882 1359">
     <span class='ocr_line' id='line_1_90' title="bbox 1100 1323 1882 1359; baseline 0.003 -9"><span class='ocrx_word' id='word_1_615' title='bbox 1100 1323 1198 1358; x_wconf 87' lang='lat' dir='ltr'><strong>partim</strong></span> <span class='ocrx_word' id='word_1_616' title='bbox 1209 1323 1234 1350; x_wconf 94' lang='lat' dir='ltr'><strong>vi</strong></span> <span class='ocrx_word' id='word_1_617' title='bbox 1249 1327 1277 1351; x_wconf 87' lang='lat' dir='ltr'><strong>et</strong></span> <span class='ocrx_word' id='word_1_618' title='bbox 1288 1324 1459 1358; x_wconf 88' lang='lat' dir='ltr'><strong>necessitate,</strong></span> <span class='ocrx_word' id='word_1_619' title='bbox 1472 1325 1569 1359; x_wconf 87' lang='lat' dir='ltr'><strong>partim</strong></span> <span class='ocrx_word' id='word_1_620' title='bbox 1582 1331 1688 1359; x_wconf 87' lang='lat' dir='ltr'><strong>sponte,</strong></span> <span class='ocrx_word' id='word_1_621' title='bbox 1702 1329 1730 1352; x_wconf 89' lang='lat' dir='ltr'><strong>ut</strong></span> <span class='ocrx_word' id='word_1_622' title='bbox 1743 1324 1813 1351; x_wconf 83' lang='lat' dir='ltr'><strong>fama</strong></span> <span class='ocrx_word' id='word_1_623' title='bbox 1829 1332 1882 1352; x_wconf 87' lang='lat' dir='ltr'><strong>est.</strong></span> 
     </span>
    </p>
   </div>
   <div class='ocr_carea' id='block_1_88' title="bbox 1100 1369 1883 1406">
    <p class='ocr_par' dir='ltr' id='par_1_88' title="bbox 1100 1369 1883 1406">
     <span class='ocr_line' id='line_1_91' title="bbox 1100 1369 1883 1406; baseline 0.003 -10"><span class='ocrx_word' id='word_1_624' title='bbox 1100 1370 1243 1398; x_wconf 81' lang='lat' dir='ltr'><strong>Exercitus</strong></span> <span class='ocrx_word' id='word_1_625' title='bbox 1255 1370 1326 1396; x_wconf 88' lang='lat' dir='ltr'><strong>enim</strong></span> <span class='ocrx_word' id='word_1_626' title='bbox 1339 1369 1493 1403; x_wconf 86' lang='lat' dir='ltr'><strong>universus,</strong></span> <span class='ocrx_word' id='word_1_627' title='bbox 1507 1371 1613 1397; x_wconf 91' lang='lat' dir='ltr'><strong>tametsi</strong></span> <span class='ocrx_word' id='word_1_628' title='bbox 1629 1371 1752 1405; x_wconf 71' lang='lat' dir='ltr'><strong>prmsenti</strong></span> <span class='ocrx_word' id='word_1_629' title='bbox 1769 1371 1883 1406; x_wconf 88' lang='lat' dir='ltr'><strong>imperio</strong></span> 
     </span>
    </p>
   </div>
   <div class='ocr_carea' id='block_1_89' title="bbox 1100 1416 1883 1450">
    <p class='ocr_par' dir='ltr' id='par_1_89' title="bbox 1100 1416 1883 1450">
     <span class='ocr_line' id='line_1_92' title="bbox 1100 1416 1883 1450; baseline 0 -5"><span class='ocrx_word' id='word_1_630' title='bbox 1100 1425 1160 1445; x_wconf 88' lang='lat' dir='ltr'><strong>sese</strong></span> <span class='ocrx_word' id='word_1_631' title='bbox 1177 1417 1362 1449; x_wconf 86' lang='lat' dir='ltr'><strong>submitteret,</strong></span> <span class='ocrx_word' id='word_1_632' title='bbox 1385 1416 1478 1450; x_wconf 86' lang='lat' dir='ltr'><strong>majori</strong></span> <span class='ocrx_word' id='word_1_633' title='bbox 1497 1422 1584 1444; x_wconf 88' lang='lat' dir='ltr'><strong>tamen</strong></span> <span class='ocrx_word' id='word_1_634' title='bbox 1606 1418 1708 1445; x_wconf 86' lang='lat' dir='ltr'><strong>honore</strong></span> <span class='ocrx_word' id='word_1_635' title='bbox 1728 1418 1883 1445; x_wconf 80' lang='lat' dir='ltr'><strong>defunctum</strong></span> 
     </span>
    </p>
   </div>
   <div class='ocr_carea' id='block_1_90' title="bbox 1101 1462 1884 1498">
    <p class='ocr_par' dir='ltr' id='par_1_90' title="bbox 1101 1462 1884 1498">
     <span class='ocr_line' id='line_1_93' title="bbox 1101 1462 1884 1498; baseline -0.003 -8"><span class='ocrx_word' id='word_1_636' title='bbox 1101 1470 1266 1497; x_wconf 89' lang='lat' dir='ltr'><strong>prosequens</strong></span> <span class='ocrx_word' id='word_1_637' title='bbox 1284 1462 1517 1498; x_wconf 87' lang='lat' dir='ltr'><strong>(quandoquidem</strong></span> <span class='ocrx_word' id='word_1_638' title='bbox 1538 1464 1691 1490; x_wconf 81' lang='lat' dir='ltr'><strong>recentibus</strong></span> <span class='ocrx_word' id='word_1_639' title='bbox 1706 1463 1795 1491; x_wconf 86' lang='lat' dir='ltr'><strong>adhuc</strong></span> <span class='ocrx_word' id='word_1_640' title='bbox 1811 1464 1884 1490; x_wconf 79' lang='lat' dir='ltr'><strong>cala-</strong></span> 
     </span>
    </p>
   </div>
   <div class='ocr_carea' id='block_1_91' title="bbox 1103 1506 1886 1541">
    <p class='ocr_par' dir='ltr' id='par_1_91' title="bbox 1103 1506 1886 1541">
     <span class='ocr_line' id='line_1_94' title="bbox 1103 1506 1886 1541; baseline 0 -7"><span class='ocrx_word' id='word_1_641' title='bbox 1103 1507 1241 1534; x_wconf 87' lang='lat' dir='ltr'><strong>mitatibus</strong></span> <span class='ocrx_word' id='word_1_642' title='bbox 1269 1506 1397 1540; x_wconf 85' lang='lat' dir='ltr'><strong>majorem</strong></span> <span class='ocrx_word' id='word_1_643' title='bbox 1413 1506 1557 1541; x_wconf 84' lang='lat' dir='ltr'><strong>quamdam</strong></span> <span class='ocrx_word' id='word_1_644' title='bbox 1590 1507 1806 1534; x_wconf 85' lang='lat' dir='ltr'><strong>benevolentiam</strong></span> <span class='ocrx_word' id='word_1_645' title='bbox 1830 1511 1886 1541; x_wconf 78' lang='lat' dir='ltr'><strong>pra:</strong></span> 
     </span>
    </p>
   </div>
   <div class='ocr_carea' id='block_1_92' title="bbox 1101 1552 1889 1588">
    <p class='ocr_par' dir='ltr' id='par_1_92' title="bbox 1101 1552 1889 1588">
     <span class='ocr_line' id='line_1_95' title="bbox 1101 1552 1889 1588; baseline 0 -8"><span class='ocrx_word' id='word_1_646' title='bbox 1101 1553 1177 1580; x_wconf 88' lang='lat' dir='ltr'><strong>nobis</strong></span> <span class='ocrx_word' id='word_1_647' title='bbox 1191 1552 1262 1580; x_wconf 79' lang='lat' dir='ltr'><strong>ferre</strong></span> <span class='ocrx_word' id='word_1_648' title='bbox 1274 1552 1411 1588; x_wconf 88' lang='lat' dir='ltr'><strong>solemus),</strong></span> <span class='ocrx_word' id='word_1_649' title='bbox 1425 1560 1456 1579; x_wconf 90' lang='lat' dir='ltr'><strong>ac</strong></span> <span class='ocrx_word' id='word_1_650' title='bbox 1472 1559 1519 1586; x_wconf 92' lang='lat' dir='ltr'><strong>pro</strong></span> <span class='ocrx_word' id='word_1_651' title='bbox 1536 1552 1637 1587; x_wconf 77' lang='lat' dir='ltr'><strong>ingenti</strong></span> <span class='ocrx_word' id='word_1_652' title='bbox 1650 1560 1698 1580; x_wconf 90' lang='lat' dir='ltr'><strong>suo</strong></span> <span class='ocrx_word' id='word_1_653' title='bbox 1713 1560 1805 1580; x_wconf 87' lang='lat' dir='ltr'><strong>amore</strong></span> <span class='ocrx_word' id='word_1_654' title='bbox 1820 1554 1889 1580; x_wconf 71' lang='lat' dir='ltr'><strong>mit:-</strong></span> 
     </span>
    </p>
   </div>
   <div class='ocr_carea' id='block_1_93' title="bbox 1099 1598 1888 1633">
    <p class='ocr_par' dir='ltr' id='par_1_93' title="bbox 1099 1598 1888 1633">
     <span class='ocr_line' id='line_1_96' title="bbox 1099 1598 1888 1633; baseline 0 -8"><span class='ocrx_word' id='word_1_655' title='bbox 1099 1599 1173 1626; x_wconf 88' lang='lat' dir='ltr'><strong>stitia</strong></span> <span class='ocrx_word' id='word_1_656' title='bbox 1182 1598 1304 1632; x_wconf 69' lang='lat' dir='ltr'><strong>allectus,</strong></span> <span class='ocrx_word' id='word_1_657' title='bbox 1316 1604 1343 1626; x_wconf 92' lang='lat' dir='ltr'><strong>et</strong></span> <span class='ocrx_word' id='word_1_658' title='bbox 1354 1598 1539 1626; x_wconf 87' lang='lat' dir='ltr'><strong>misericordia</strong></span> <span class='ocrx_word' id='word_1_659' title='bbox 1554 1602 1715 1631; x_wconf 85' lang='lat' dir='ltr'><strong>commotus,</strong></span> <span class='ocrx_word' id='word_1_660' title='bbox 1729 1605 1760 1625; x_wconf 87' lang='lat' dir='ltr'><strong>ac</strong></span> <span class='ocrx_word' id='word_1_661' title='bbox 1775 1598 1888 1633; x_wconf 90' lang='lat' dir='ltr'><strong>proinde</strong></span> 
     </span>
    </p>
   </div>
   <div class='ocr_carea' id='block_1_94' title="bbox 1100 1641 1888 1679">
    <p class='ocr_par' dir='ltr' id='par_1_94' title="bbox 1100 1641 1888 1679">
     <span class='ocr_line' id='line_1_97' title="bbox 1100 1641 1888 1679; baseline -0.001 -7"><span class='ocrx_word' id='word_1_662' title='bbox 1100 1652 1162 1672; x_wconf 85' lang='lat' dir='ltr'><strong>eum</strong></span> <span class='ocrx_word' id='word_1_663' title='bbox 1171 1644 1282 1671; x_wconf 90' lang='lat' dir='ltr'><strong>minime</strong></span> <span class='ocrx_word' id='word_1_664' title='bbox 1291 1648 1319 1671; x_wconf 93' lang='lat' dir='ltr'><strong>ut</strong></span> <span class='ocrx_word' id='word_1_665' title='bbox 1327 1644 1516 1678; x_wconf 85' lang='lat' dir='ltr'><strong>imperatorem</strong></span> <span class='ocrx_word' id='word_1_666' title='bbox 1525 1641 1736 1678; x_wconf 79' lang='lat' dir='ltr'><strong>honorari159</strong></span> <span class='ocrx_word' id='word_1_667' title='bbox 1747 1651 1778 1671; x_wconf 88' lang='lat' dir='ltr'><strong>ac</strong></span> <span class='ocrx_word' id='word_1_668' title='bbox 1787 1644 1888 1679; x_wconf 88' lang='lat' dir='ltr'><strong>suscipi</strong></span> 
     </span>
    </p>
   </div>
   <div class='ocr_carea' id='block_1_95' title="bbox 1102 1689 1886 1724">
    <p class='ocr_par' dir='ltr' id='par_1_95' title="bbox 1102 1689 1886 1724">
     <span class='ocr_line' id='line_1_98' title="bbox 1102 1689 1886 1724; baseline -0.003 -6"><span class='ocrx_word' id='word_1_669' title='bbox 1102 1698 1155 1718; x_wconf 87' lang='lat' dir='ltr'><strong>non</strong></span> <span class='ocrx_word' id='word_1_670' title='bbox 1169 1690 1268 1722; x_wconf 80' lang='lat' dir='ltr'><strong>ferens,</strong></span> <span class='ocrx_word' id='word_1_671' title='bbox 1280 1694 1441 1724; x_wconf 83' lang='lat' dir='ltr'><strong>apostatam,</strong></span> <span class='ocrx_word' id='word_1_672' title='bbox 1455 1695 1484 1717; x_wconf 90' lang='lat' dir='ltr'><strong>ut</strong></span> <span class='ocrx_word' id='word_1_673' title='bbox 1496 1689 1612 1717; x_wconf 79' lang='lat' dir='ltr'><strong>exanimi</strong></span> <span class='ocrx_word' id='word_1_674' title='bbox 1626 1690 1733 1724; x_wconf 85' lang='lat' dir='ltr'><strong>corpori</strong></span> <span class='ocrx_word' id='word_1_675' title='bbox 1748 1697 1808 1716; x_wconf 90' lang='lat' dir='ltr'><strong>cum</strong></span> <span class='ocrx_word' id='word_1_676' title='bbox 1822 1691 1886 1717; x_wconf 80' lang='lat' dir='ltr'><strong>cun-</strong></span> 
     </span>
    </p>
   </div>
   <div class='ocr_carea' id='block_1_96' title="bbox 1104 1735 1888 1771">
    <p class='ocr_par' dir='ltr' id='par_1_96' title="bbox 1104 1735 1888 1771">
     <span class='ocr_line' id='line_1_99' title="bbox 1104 1735 1888 1771; baseline 0 -8"><span class='ocrx_word' id='word_1_677' title='bbox 1104 1736 1209 1771; x_wconf 77' lang='lat' dir='ltr'><strong>gruenti</strong></span> <span class='ocrx_word' id='word_1_678' title='bbox 1222 1736 1315 1763; x_wconf 84' lang='lat' dir='ltr'><strong>habitu</strong></span> <span class='ocrx_word' id='word_1_679' title='bbox 1327 1735 1433 1763; x_wconf 87' lang='lat' dir='ltr'><strong>obviam</strong></span> <span class='ocrx_word' id='word_1_680' title='bbox 1446 1735 1585 1770; x_wconf 87' lang='lat' dir='ltr'><strong>procedat,</strong></span> <span class='ocrx_word' id='word_1_681' title='bbox 1599 1736 1718 1769; x_wconf 86' lang='lat' dir='ltr'><strong>monent,</strong></span> <span class='ocrx_word' id='word_1_682' title='bbox 1730 1740 1810 1770; x_wconf 84' lang='lat' dir='ltr'><strong>atque</strong></span> <span class='ocrx_word' id='word_1_683' title='bbox 1821 1736 1888 1763; x_wconf 87' lang='lat' dir='ltr'><strong>adeo</strong></span> 
     </span>
    </p>
   </div>
   <div class='ocr_carea' id='block_1_97' title="bbox 1104 1779 1888 1815">
    <p class='ocr_par' dir='ltr' id='par_1_97' title="bbox 1104 1779 1888 1815">
     <span class='ocr_line' id='line_1_100' title="bbox 1104 1779 1888 1815; baseline 0.003 -8"><span class='ocrx_word' id='word_1_684' title='bbox 1104 1785 1204 1815; x_wconf 76' lang='lat' dir='ltr'><strong>cogunt</strong></span> <span class='ocrx_word' id='word_1_685' title='bbox 1221 1789 1228 1807; x_wconf 78' lang='grc' dir='ltr'><strong>ι</strong></span> <span class='ocrx_word' id='word_1_686' title='bbox 1247 1781 1297 1808; x_wconf 92' lang='lat' dir='ltr'><strong>hoc</strong></span> <span class='ocrx_word' id='word_1_687' title='bbox 1314 1785 1373 1811; x_wconf 82' lang='lat' dir='ltr'><strong>est,</strong></span> <span class='ocrx_word' id='word_1_688' title='bbox 1393 1781 1422 1807; x_wconf 82' lang='lat' dir='ltr'><strong>at</strong></span> <span class='ocrx_word' id='word_1_689' title='bbox 1440 1779 1562 1807; x_wconf 88' lang='lat' dir='ltr'><strong>detracto</strong></span> <span class='ocrx_word' id='word_1_690' title='bbox 1580 1788 1595 1806; x_wconf 80' lang='grc' dir='ltr'><strong>ιι</strong></span> <span class='ocrx_word' id='word_1_691' title='bbox 1614 1780 1701 1815; x_wconf 81' lang='lat' dir='ltr'><strong>capite</strong></span> <span class='ocrx_word' id='word_1_692' title='bbox 1718 1780 1888 1814; x_wconf 84' lang='lat' dir='ltr'><strong>diademate,</strong></span> 
     </span>
    </p>
   </div>
   <div class='ocr_carea' id='block_1_98' title="bbox 1105 1826 1887 1862">
    <p class='ocr_par' dir='ltr' id='par_1_98' title="bbox 1105 1826 1887 1862">
     <span class='ocr_line' id='line_1_101' title="bbox 1105 1826 1887 1862; baseline 0 -8"><span class='ocrx_word' id='word_1_693' title='bbox 1105 1827 1285 1861; x_wconf 82' lang='lat' dir='ltr'><strong>demisseque,</strong></span> <span class='ocrx_word' id='word_1_694' title='bbox 1299 1831 1328 1853; x_wconf 91' lang='lat' dir='ltr'><strong>ut</strong></span> <span class='ocrx_word' id='word_1_695' title='bbox 1341 1827 1463 1859; x_wconf 87' lang='lat' dir='ltr'><strong>decebat,</strong></span> <span class='ocrx_word' id='word_1_696' title='bbox 1479 1831 1544 1853; x_wconf 87' lang='lat' dir='ltr'><strong>ante</strong></span> <span class='ocrx_word' id='word_1_697' title='bbox 1560 1826 1751 1861; x_wconf 79' lang='lat' dir='ltr'><strong>imperatorem</strong></span> <span class='ocrx_word' id='word_1_698' title='bbox 1765 1831 1887 1862; x_wconf 87' lang='lat' dir='ltr'><strong>aspectu,</strong></span> 
     </span>
    </p>
   </div>
   <div class='ocr_carea' id='block_1_99' title="bbox 1106 1871 1888 1906">
    <p class='ocr_par' dir='ltr' id='par_1_99' title="bbox 1106 1871 1888 1906">
     <span class='ocr_line' id='line_1_102' title="bbox 1106 1871 1888 1906; baseline 0.001 -7"><span class='ocrx_word' id='word_1_699' title='bbox 1106 1873 1142 1899; x_wconf 91' lang='lat' dir='ltr'><strong>ita</strong></span> <span class='ocrx_word' id='word_1_700' title='bbox 1164 1872 1262 1900; x_wconf 86' lang='lat' dir='ltr'><strong>deinde</strong></span> <span class='ocrx_word' id='word_1_701' title='bbox 1282 1880 1344 1899; x_wconf 87' lang='lat' dir='ltr'><strong>eum</strong></span> <span class='ocrx_word' id='word_1_702' title='bbox 1368 1872 1446 1899; x_wconf 87' lang='lat' dir='ltr'><strong>simul</strong></span> <span class='ocrx_word' id='word_1_703' title='bbox 1468 1879 1528 1900; x_wconf 92' lang='lat' dir='ltr'><strong>cum</strong></span> <span class='ocrx_word' id='word_1_704' title='bbox 1550 1872 1583 1898; x_wconf 90' lang='lat' dir='ltr'><strong>iis</strong></span> <span class='ocrx_word' id='word_1_705' title='bbox 1603 1872 1646 1906; x_wconf 92' lang='lat' dir='ltr'><strong>qui</strong></span> <span class='ocrx_word' id='word_1_706' title='bbox 1671 1871 1834 1906; x_wconf 71' lang='lat' dir='ltr'><strong>efferebant,</strong></span> <span class='ocrx_word' id='word_1_707' title='bbox 1855 1875 1888 1900; x_wconf 91' lang='lat' dir='ltr'><strong>ad</strong></span> 
     </span>
    </p>
   </div>
   <div class='ocr_carea' id='block_1_100' title="bbox 1107 1916 1888 1952">
    <p class='ocr_par' dir='ltr' id='par_1_100' title="bbox 1107 1916 1888 1952">
     <span class='ocr_line' id='line_1_103' title="bbox 1107 1916 1888 1952; baseline -0.001 -8"><span class='ocrx_word' id='word_1_708' title='bbox 1107 1917 1258 1952; x_wconf 89' lang='lat' dir='ltr'><strong>sepulcrum</strong></span> <span class='ocrx_word' id='word_1_709' title='bbox 1277 1916 1419 1952; x_wconf 89' lang='lat' dir='ltr'><strong>nobileque</strong></span> <span class='ocrx_word' id='word_1_710' title='bbox 1436 1917 1501 1944; x_wconf 91' lang='lat' dir='ltr'><strong>illud</strong></span> <span class='ocrx_word' id='word_1_711' title='bbox 1518 1917 1706 1950; x_wconf 82' lang='lat' dir='ltr'><strong>Apostolorum</strong></span> <span class='ocrx_word' id='word_1_712' title='bbox 1724 1918 1827 1951; x_wconf 85' lang='lat' dir='ltr'><strong>fanum,</strong></span> <span class='ocrx_word' id='word_1_713' title='bbox 1844 1919 1888 1952; x_wconf 82' lang='lat' dir='ltr'><strong>qui</strong></span> 
     </span>
    </p>
   </div>
   <div class='ocr_carea' id='block_1_101' title="bbox 1107 1963 1891 1998">
    <p class='ocr_par' dir='ltr' id='par_1_101' title="bbox 1107 1963 1891 1998">
     <span class='ocr_line' id='line_1_104' title="bbox 1107 1963 1891 1998; baseline -0.001 -8"><span class='ocrx_word' id='word_1_714' title='bbox 1107 1968 1231 1990; x_wconf 83' lang='lat' dir='ltr'><strong>sanctum</strong></span> <span class='ocrx_word' id='word_1_715' title='bbox 1253 1970 1347 1998; x_wconf 74' lang='lat' dir='ltr'><strong>genus,</strong></span> <span class='ocrx_word' id='word_1_716' title='bbox 1367 1970 1459 1998; x_wconf 76' lang='lat' dir='ltr'><strong>aequos</strong></span> <span class='ocrx_word' id='word_1_717' title='bbox 1477 1963 1669 1998; x_wconf 89' lang='lat' dir='ltr'><strong>propemodum</strong></span> <span class='ocrx_word' id='word_1_718' title='bbox 1693 1964 1809 1990; x_wconf 88' lang='lat' dir='ltr'><strong>honores</strong></span> <span class='ocrx_word' id='word_1_719' title='bbox 1831 1972 1891 1990; x_wconf 84' lang='lat' dir='ltr'><strong>car-</strong></span> 
     </span>
    </p>
   </div>
   <div class='ocr_carea' id='block_1_102' title="bbox 1150 2040 1888 2074">
    <p class='ocr_par' dir='ltr' id='par_1_102' title="bbox 1150 2040 1888 2074">
     <span class='ocr_line' id='line_1_105' title="bbox 1150 2040 1888 2074; baseline 0.001 -7"><span class='ocrx_word' id='word_1_720' title='bbox 1150 2040 1195 2074; x_wconf 72' lang='lat'><strong>25)</strong></span> <span class='ocrx_word' id='word_1_721' title='bbox 1204 2041 1391 2073; x_wconf 79' lang='grc' dir='ltr'>Ἀντιδιδούς.</span> <span class='ocrx_word' id='word_1_722' title='bbox 1398 2040 1510 2068; x_wconf 86' lang='lat' dir='ltr'><strong>Codices</strong></span> <span class='ocrx_word' id='word_1_723' title='bbox 1518 2048 1569 2067; x_wconf 91' lang='lat' dir='ltr'><strong>non</strong></span> <span class='ocrx_word' id='word_1_724' title='bbox 1581 2041 1658 2074; x_wconf 87' lang='lat' dir='ltr'><strong>pauci</strong></span> <span class='ocrx_word' id='word_1_725' title='bbox 1670 2046 1695 2067; x_wconf 90' lang='lat' dir='ltr'><strong>et</strong></span> <span class='ocrx_word' id='word_1_726' title='bbox 1704 2040 1782 2068; x_wconf 78' lang='lat' dir='ltr'><strong>ilerv.</strong></span> <span class='ocrx_word' id='word_1_727' title='bbox 1790 2041 1888 2073; x_wconf 81' lang='grc' dir='ltr'>διδούς.</span> 
     </span>
    </p>
   </div>
   <div class='ocr_carea' id='block_1_103' title="bbox 1151 2075 1889 2109">
    <p class='ocr_par' dir='ltr' id='par_1_103' title="bbox 1151 2075 1889 2109">
     <span class='ocr_line' id='line_1_106' title="bbox 1151 2075 1889 2109; baseline 0.001 -7"><span class='ocrx_word' id='word_1_728' title='bbox 1151 2075 1196 2109; x_wconf 77' lang='lat'><strong>‘26)</strong></span> <span class='ocrx_word' id='word_1_729' title='bbox 1208 2076 1327 2102; x_wconf 78' lang='grc' dir='ltr'><strong>Πλεῖον.</strong></span> <span class='ocrx_word' id='word_1_730' title='bbox 1340 2076 1405 2109; x_wconf 77' lang='lat' dir='ltr'><strong>Reg.</strong></span> <span class='ocrx_word' id='word_1_731' title='bbox 1418 2075 1520 2104; x_wconf 85' lang='lat' dir='ltr'><strong>I.Colb.</strong></span> <span class='ocrx_word' id='word_1_732' title='bbox 1529 2076 1555 2107; x_wconf 81' lang='lat'><strong>5,</strong></span> <span class='ocrx_word' id='word_1_733' title='bbox 1567 2075 1695 2107; x_wconf 83' lang='grc' dir='ltr'>πλείονος.</span> <span class='ocrx_word' id='word_1_734' title='bbox 1711 2077 1784 2102; x_wconf 84' lang='lat' dir='ltr'><strong>Pass.</strong></span> <span class='ocrx_word' id='word_1_735' title='bbox 1793 2076 1889 2104; x_wconf 84' lang='grc' dir='ltr'>πλείω.</span> 
     </span>
    </p>
   </div>
   <div class='ocr_carea' id='block_1_104' title="bbox 1138 2109 1889 2173">
    <p class='ocr_par' dir='ltr' id='par_1_104' title="bbox 1138 2109 1889 2173">
     <span class='ocr_line' id='line_1_107' title="bbox 1138 2109 1889 2173; baseline 0.003 -37"><span class='ocrx_word' id='word_1_736' title='bbox 1217 2111 1312 2172; x_wconf 54' lang='grc' dir='ltr'>Ίίρύτῳ</span> <span class='ocrx_word' id='word_1_737' title='bbox 1326 2109 1561 2144; x_wconf 75' lang='grc' dir='ltr'>προσάπτοντες.</span> <span class='ocrx_word' id='word_1_738' title='bbox 1585 2111 1685 2137; x_wconf 84' lang='lat' dir='ltr'><strong>Desunt</strong></span> <span class='ocrx_word' id='word_1_739' title='bbox 1708 2111 1732 2138; x_wconf 91' lang='lat' dir='ltr'><strong>in</strong></span> <span class='ocrx_word' id='word_1_740' title='bbox 1751 2111 1818 2146; x_wconf 77' lang='lat' dir='ltr'><strong>Reg.</strong></span> <span class='ocrx_word' id='word_1_741' title='bbox 1834 2112 1889 2144; x_wconf 86' lang='lat' dir='ltr'><strong>bin,</strong></span> 
     </span>
     <span class='ocr_line' id='line_1_108' title="bbox 1163 2153 1799 2173; baseline 0.005 -1"><span class='ocrx_word' id='word_1_742' title='bbox 1163 2153 1178 2172; x_wconf 91' lang='grc' dir='ltr'><strong>ο</strong></span> <span class='ocrx_word' id='word_1_743' title='bbox 1197 2154 1215 2172; x_wconf 74' lang='grc' dir='ltr'>ι.</span> <span class='ocrx_word' id='word_1_744' title='bbox 1240 2153 1258 2173; x_wconf 87' lang='grc'><strong>-.</strong></span> <span class='ocrx_word' id='word_1_745' title='bbox 1797 2156 1799 2158; x_wconf 89' lang='grc'>·</span> 
     </span>
    </p>
   </div>
   <div class='ocr_carea' id='block_1_105' title="bbox 1103 2146 1799 2174">
    <p class='ocr_par' dir='ltr' id='par_1_105' title="bbox 1103 2146 1799 2174">
     <span class='ocr_line' id='line_1_109' title="bbox 1103 2146 1799 2174; baseline 0.003 -2"><span class='ocrx_word' id='word_1_746' title='bbox 1103 2150 1129 2172; x_wconf 89' lang='lat' dir='ltr'><strong>et</strong></span> <span class='ocrx_word' id='word_1_747' title='bbox 1141 2146 1215 2173; x_wconf 76' lang='lat' dir='ltr'><strong>Coll).</strong></span> <span class='ocrx_word' id='word_1_748' title='bbox 1232 2146 1258 2174; x_wconf 86' lang='lat' dir='ltr'><strong>k.</strong></span> <span class='ocrx_word' id='word_1_749' title='bbox 1797 2156 1799 2158; x_wconf 79' lang='lat'><strong><em>‘</em></strong></span> 
     </span>
    </p>
   </div>
   <div class='ocr_carea' id='block_1_106' title="bbox 1140 2179 1719 2216">
    <p class='ocr_par' dir='ltr' id='par_1_106' title="bbox 1140 2179 1719 2216">
     <span class='ocr_line' id='line_1_110' title="bbox 1140 2179 1719 2216; baseline -0.002 -9"><span class='ocrx_word' id='word_1_750' title='bbox 1140 2180 1196 2216; x_wconf 68' lang='grc' dir='ltr'><strong>(ἳὸ)</strong></span> <span class='ocrx_word' id='word_1_751' title='bbox 1213 2180 1247 2206; x_wconf 89' lang='grc' dir='ltr'><strong>Τὸ</strong></span> <span class='ocrx_word' id='word_1_752' title='bbox 1257 2179 1301 2216; x_wconf 78' lang='grc' dir='ltr'><strong>μὴ</strong></span> <span class='ocrx_word' id='word_1_753' title='bbox 1313 2181 1369 2214; x_wconf 81' lang='grc' dir='ltr'><strong>οὐχ</strong></span> <span class='ocrx_word' id='word_1_754' title='bbox 1379 2179 1496 2216; x_wconf 56' lang='grc' dir='ltr'><strong>ἀπε-,ΝΜ</strong></span> <span class='ocrx_word' id='word_1_755' title='bbox 1512 2180 1598 2214; x_wconf 86' lang='lat' dir='ltr'><strong>pauci,</strong></span> <span class='ocrx_word' id='word_1_756' title='bbox 1614 2180 1656 2216; x_wconf 78' lang='grc' dir='ltr'>μὴ</span> <span class='ocrx_word' id='word_1_757' title='bbox 1673 2180 1719 2212; x_wconf 86' lang='grc' dir='ltr'><strong>ὡς.</strong></span> 
     </span>
    </p>
   </div>
   <div class='ocr_carea' id='block_1_107' title="bbox 1105 2214 1891 2276">
    <p class='ocr_par' dir='ltr' id='par_1_107' title="bbox 1105 2214 1891 2276">
     <span class='ocr_line' id='line_1_111' title="bbox 1105 2214 1891 2276; baseline 0.001 -35"><span class='ocrx_word' id='word_1_758' title='bbox 1105 2214 1195 2276; x_wconf 31' lang='lat' dir='ltr'><strong>dxi?)</strong></span> <span class='ocrx_word' id='word_1_759' title='bbox 1215 2215 1332 2242; x_wconf 84' lang='grc' dir='ltr'>Τοῦτον.</span> <span class='ocrx_word' id='word_1_760' title='bbox 1347 2217 1418 2242; x_wconf 72' lang='lat' dir='ltr'><strong>Edit.</strong></span> <span class='ocrx_word' id='word_1_761' title='bbox 1433 2214 1494 2243; x_wconf 87' lang='lat' dir='ltr'><strong>Par.</strong></span> <span class='ocrx_word' id='word_1_762' title='bbox 1508 2215 1629 2248; x_wconf 67' lang='lat' dir='ltr'><strong>additéé,</strong></span> <span class='ocrx_word' id='word_1_763' title='bbox 1641 2214 1711 2249; x_wconf 76' lang='lat' dir='ltr'><strong>quod</strong></span> <span class='ocrx_word' id='word_1_764' title='bbox 1727 2215 1803 2242; x_wconf 86' lang='lat' dir='ltr'><strong>abest</strong></span> <span class='ocrx_word' id='word_1_765' title='bbox 1816 2223 1830 2242; x_wconf 92' lang='lat' dir='ltr'><strong>a</strong></span> <span class='ocrx_word' id='word_1_766' title='bbox 1848 2224 1891 2243; x_wconf 89' lang='lat' dir='ltr'><strong>co-</strong></span> 
     </span>
     <span class='ocr_line' id='line_1_112' title="bbox 1124 2257 1219 2276; baseline 0 0"><span class='ocrx_word' id='word_1_767' title='bbox 1124 2258 1156 2276; x_wconf 86' lang='lat' dir='ltr'><strong>lCI</strong></span> <span class='ocrx_word' id='word_1_768' title='bbox 1178 2257 1219 2276; x_wconf 83' lang='lat' dir='ltr'><strong>US.</strong></span> 
     </span>
    </p>
   </div>
   <div class='ocr_carea' id='block_1_108' title="bbox 1124 2250 1219 2277">
    <p class='ocr_par' dir='ltr' id='par_1_108' title="bbox 1124 2250 1219 2277">
     <span class='ocr_line' id='line_1_113' title="bbox 1124 2250 1219 2277; baseline 0 0"><span class='ocrx_word' id='word_1_769' title='bbox 1124 2250 1219 2277; x_wconf 85' lang='lat' dir='ltr'><strong>icibus.</strong></span> 
     </span>
    </p>
   </div>
   <div class='ocr_carea' id='block_1_109' title="bbox 1141 2284 1891 2319">
    <p class='ocr_par' dir='ltr' id='par_1_109' title="bbox 1141 2284 1891 2319">
     <span class='ocr_line' id='line_1_114' title="bbox 1141 2284 1891 2319; baseline 0.001 -7"><span class='ocrx_word' id='word_1_770' title='bbox 1141 2284 1330 2319; x_wconf 79' lang='grc' dir='ltr'><strong>(50),Καὶτὸν</strong></span> <span class='ocrx_word' id='word_1_771' title='bbox 1343 2284 1486 2319; x_wconf 80' lang='grc' dir='ltr'>ἀοίδιμον.</span> <span class='ocrx_word' id='word_1_772' title='bbox 1515 2285 1553 2312; x_wconf 89' lang='lat' dir='ltr'><strong>De</strong></span> <span class='ocrx_word' id='word_1_773' title='bbox 1574 2285 1697 2319; x_wconf 88' lang='lat' dir='ltr'><strong>sepulcro</strong></span> <span class='ocrx_word' id='word_1_774' title='bbox 1720 2286 1891 2313; x_wconf 82' lang='lat' dir='ltr'><strong>Constantini</strong></span> 
     </span>
    </p>
   </div>
   <div class='ocr_carea' id='block_1_110' title="bbox 1106 2319 1891 2355">
    <p class='ocr_par' dir='ltr' id='par_1_110' title="bbox 1106 2319 1891 2355">
     <span class='ocr_line' id='line_1_115' title="bbox 1106 2319 1891 2355; baseline 0.001 -9"><span class='ocrx_word' id='word_1_775' title='bbox 1106 2319 1205 2354; x_wconf 81' lang='lat' dir='ltr'><strong>Magni,</strong></span> <span class='ocrx_word' id='word_1_776' title='bbox 1226 2320 1283 2346; x_wconf 84' lang='lat' dir='ltr'><strong>sive</strong></span> <span class='ocrx_word' id='word_1_777' title='bbox 1299 2319 1491 2355; x_wconf 85' lang='lat' dir='ltr'><strong>imperatorum</strong></span> <span class='ocrx_word' id='word_1_778' title='bbox 1506 2319 1647 2354; x_wconf 85' lang='lat' dir='ltr'><strong>sepulcris,</strong></span> <span class='ocrx_word' id='word_1_779' title='bbox 1660 2321 1891 2355; x_wconf 76' lang='lat' dir='ltr'><strong>celeberrintoque</strong></span> 
     </span>
    </p>
   </div>
   <div class='ocr_carea' id='block_1_111' title="bbox 1105 2354 1891 2389">
    <p class='ocr_par' dir='ltr' id='par_1_111' title="bbox 1105 2354 1891 2389">
     <span class='ocr_line' id='line_1_116' title="bbox 1105 2354 1891 2389; baseline 0.001 -8"><span class='ocrx_word' id='word_1_780' title='bbox 1105 2355 1293 2388; x_wconf 85' lang='lat' dir='ltr'><strong>Apostolorum</strong></span> <span class='ocrx_word' id='word_1_781' title='bbox 1312 2354 1419 2388; x_wconf 90' lang='lat' dir='ltr'><strong>templo,</strong></span> <span class='ocrx_word' id='word_1_782' title='bbox 1444 2355 1527 2389; x_wconf 74' lang='lat' dir='ltr'><strong>legas,</strong></span> <span class='ocrx_word' id='word_1_783' title='bbox 1552 2355 1574 2381; x_wconf 93' lang='lat' dir='ltr'><strong>si</strong></span> <span class='ocrx_word' id='word_1_784' title='bbox 1588 2354 1671 2387; x_wconf 85' lang='lat' dir='ltr'><strong>lubet,</strong></span> <span class='ocrx_word' id='word_1_785' title='bbox 1688 2356 1752 2388; x_wconf 88' lang='lat' dir='ltr'><strong>quid</strong></span> <span class='ocrx_word' id='word_1_786' title='bbox 1774 2354 1891 2389; x_wconf 76' lang='lat' dir='ltr'><strong>scripse-</strong></span> 
     </span>
    </p>
   </div>
   <div class='ocr_carea' id='block_1_112' title="bbox 1106 2388 1892 2424">
    <p class='ocr_par' dir='ltr' id='par_1_112' title="bbox 1106 2388 1892 2424">
     <span class='ocr_line' id='line_1_117' title="bbox 1106 2388 1892 2424; baseline 0.001 -8"><span class='ocrx_word' id='word_1_787' title='bbox 1106 2390 1141 2416; x_wconf 89' lang='lat' dir='ltr'><strong>rit</strong></span> <span class='ocrx_word' id='word_1_788' title='bbox 1152 2389 1261 2420; x_wconf 80' lang='lat' dir='ltr'><strong>Euseb.,</strong></span> <span class='ocrx_word' id='word_1_789' title='bbox 1277 2389 1321 2416; x_wconf 88' lang='lat' dir='ltr'><strong>lib.</strong></span> <span class='ocrx_word' id='word_1_790' title='bbox 1336 2397 1361 2415; x_wconf 87' lang='lat' dir='ltr'><strong>iv</strong></span> <span class='ocrx_word' id='word_1_791' title='bbox 1373 2389 1410 2416; x_wconf 88' lang='lat' dir='ltr'><strong>De</strong></span> <span class='ocrx_word' id='word_1_792' title='bbox 1424 2390 1476 2416; x_wconf 85' lang='lat' dir='ltr'><strong>vim</strong></span> <span class='ocrx_word' id='word_1_793' title='bbox 1487 2388 1590 2422; x_wconf 86' lang='lat' dir='ltr'><strong>Const.,</strong></span> <span class='ocrx_word' id='word_1_794' title='bbox 1603 2397 1660 2424; x_wconf 85' lang='lat' dir='ltr'><strong>cap.</strong></span> <span class='ocrx_word' id='word_1_795' title='bbox 1684 2391 1717 2417; x_wconf 81' lang='lat'><strong>59</strong></span> <span class='ocrx_word' id='word_1_796' title='bbox 1731 2396 1757 2417; x_wconf 90' lang='lat' dir='ltr'><strong>et</strong></span> <span class='ocrx_word' id='word_1_797' title='bbox 1774 2388 1892 2423; x_wconf 40' lang='lat'><strong>60(80-</strong></span> 
     </span>
    </p>
   </div>
   <div class='ocr_carea' id='block_1_113' title="bbox 1108 2423 1893 2457">
    <p class='ocr_par' dir='ltr' id='par_1_113' title="bbox 1108 2423 1893 2457">
     <span class='ocr_line' id='line_1_118' title="bbox 1108 2423 1893 2457; baseline 0.001 -6"><span class='ocrx_word' id='word_1_798' title='bbox 1108 2429 1187 2456; x_wconf 84' lang='lat' dir='ltr'><strong>crat.,</strong></span> <span class='ocrx_word' id='word_1_799' title='bbox 1203 2424 1249 2451; x_wconf 93' lang='lat' dir='ltr'><strong>lib.</strong></span> <span class='ocrx_word' id='word_1_800' title='bbox 1264 2432 1281 2456; x_wconf 83' lang='lat' dir='ltr'><strong>i,</strong></span> <span class='ocrx_word' id='word_1_801' title='bbox 1297 2431 1323 2450; x_wconf 90' lang='lat' dir='ltr'><strong>c.</strong></span> <span class='ocrx_word' id='word_1_802' title='bbox 1339 2423 1405 2456; x_wconf 83' lang='lat' dir='ltr'><strong>ult.;</strong></span> <span class='ocrx_word' id='word_1_803' title='bbox 1421 2424 1544 2456; x_wconf 84' lang='lat' dir='ltr'><strong>Sozom.,</strong></span> <span class='ocrx_word' id='word_1_804' title='bbox 1558 2424 1576 2450; x_wconf 91' lang='lat' dir='ltr'><strong>l.</strong></span> <span class='ocrx_word' id='word_1_805' title='bbox 1593 2423 1656 2457; x_wconf 85' lang='lat' dir='ltr'><strong>u,c.</strong></span> <span class='ocrx_word' id='word_1_806' title='bbox 1674 2426 1739 2454; x_wconf 83' lang='lat' dir='ltr'><strong>ult.:</strong></span> <span class='ocrx_word' id='word_1_807' title='bbox 1752 2430 1778 2452; x_wconf 86' lang='lat' dir='ltr'><strong>et</strong></span> <span class='ocrx_word' id='word_1_808' title='bbox 1798 2431 1893 2452; x_wconf 87' lang='lat' dir='ltr'><strong>auctor</strong></span> 
     </span>
    </p>
   </div>
   <div class='ocr_carea' id='block_1_114' title="bbox 1108 2458 1889 2493">
    <p class='ocr_par' dir='ltr' id='par_1_114' title="bbox 1108 2458 1889 2493">
     <span class='ocr_line' id='line_1_119' title="bbox 1108 2458 1889 2493; baseline 0.001 -8"><span class='ocrx_word' id='word_1_809' title='bbox 1108 2466 1257 2493; x_wconf 87' lang='lat' dir='ltr'><strong>anonytnus</strong></span> <span class='ocrx_word' id='word_1_810' title='bbox 1287 2458 1324 2484; x_wconf 81' lang='lat' dir='ltr'><strong>De</strong></span> <span class='ocrx_word' id='word_1_811' title='bbox 1356 2458 1651 2493; x_wconf 77' lang='lat' dir='ltr'><strong>Constantinopolitam‘s</strong></span> <span class='ocrx_word' id='word_1_812' title='bbox 1680 2461 1889 2492; x_wconf 70' lang='lat' dir='ltr'><strong>antiquitatibus,</strong></span> 
     </span>
    </p>
   </div>
   <div class='ocr_carea' id='block_1_115' title="bbox 1107 2493 1892 2526">
    <p class='ocr_par' dir='ltr' id='par_1_115' title="bbox 1107 2493 1892 2526">
     <span class='ocr_line' id='line_1_120' title="bbox 1107 2493 1892 2526; baseline 0.001 -6"><span class='ocrx_word' id='word_1_813' title='bbox 1107 2493 1196 2520; x_wconf 80' lang='lat' dir='ltr'><strong>editus</strong></span> <span class='ocrx_word' id='word_1_814' title='bbox 1208 2493 1331 2526; x_wconf 88' lang='lat' dir='ltr'><strong>notisque</strong></span> <span class='ocrx_word' id='word_1_815' title='bbox 1346 2493 1495 2520; x_wconf 87' lang='lat' dir='ltr'><strong>illustratus</strong></span> <span class='ocrx_word' id='word_1_816' title='bbox 1509 2502 1523 2520; x_wconf 77' lang='grc' dir='ltr'><strong>ιι</strong></span> <span class='ocrx_word' id='word_1_817' title='bbox 1540 2494 1570 2520; x_wconf 91' lang='lat' dir='ltr'><strong>D.</strong></span> <span class='ocrx_word' id='word_1_818' title='bbox 1590 2494 1723 2522; x_wconf 86' lang='lat' dir='ltr'><strong>Bandurio</strong></span> <span class='ocrx_word' id='word_1_819' title='bbox 1739 2495 1892 2521; x_wconf 81' lang='lat' dir='ltr'><strong>Benedicti-</strong></span> 
     </span>
    </p>
   </div>
   <div class='ocr_carea' id='block_1_116' title="bbox 1109 2527 1893 2563">
    <p class='ocr_par' dir='ltr' id='par_1_116' title="bbox 1109 2527 1893 2563">
     <span class='ocr_line' id='line_1_121' title="bbox 1109 2527 1893 2563; baseline 0 -9"><span class='ocrx_word' id='word_1_820' title='bbox 1109 2536 1154 2555; x_wconf 94' lang='lat' dir='ltr'><strong>no.</strong></span> <span class='ocrx_word' id='word_1_821' title='bbox 1169 2527 1253 2555; x_wconf 81' lang='lat' dir='ltr'><strong>Porro</strong></span> <span class='ocrx_word' id='word_1_822' title='bbox 1262 2528 1385 2561; x_wconf 85' lang='lat' dir='ltr'><strong>sepulcra</strong></span> <span class='ocrx_word' id='word_1_823' title='bbox 1402 2536 1453 2555; x_wconf 89' lang='lat' dir='ltr'><strong>non</strong></span> <span class='ocrx_word' id='word_1_824' title='bbox 1467 2529 1492 2554; x_wconf 93' lang='lat' dir='ltr'><strong>in</strong></span> <span class='ocrx_word' id='word_1_825' title='bbox 1509 2529 1566 2562; x_wconf 88' lang='lat' dir='ltr'><strong>ipso</strong></span> <span class='ocrx_word' id='word_1_826' title='bbox 1585 2530 1690 2563; x_wconf 84' lang='lat' dir='ltr'><strong>templo,</strong></span> <span class='ocrx_word' id='word_1_827' title='bbox 1704 2531 1749 2556; x_wconf 88' lang='lat' dir='ltr'><strong>sed</strong></span> <span class='ocrx_word' id='word_1_828' title='bbox 1769 2539 1778 2555; x_wconf 72' lang='grc' dir='ltr'><strong>ι</strong></span> <span class='ocrx_word' id='word_1_829' title='bbox 1789 2531 1815 2556; x_wconf 92' lang='lat' dir='ltr'><strong>in</strong></span> <span class='ocrx_word' id='word_1_830' title='bbox 1830 2537 1893 2562; x_wconf 81' lang='lat' dir='ltr'><strong>por—</strong></span> 
     </span>
    </p>
   </div>
   <div class='ocr_carea' id='block_1_117' title="bbox 1109 2563 1891 2599">
    <p class='ocr_par' dir='ltr' id='par_1_117' title="bbox 1109 2563 1891 2599">
     <span class='ocr_line' id='line_1_122' title="bbox 1109 2563 1891 2599; baseline 0 -10"><span class='ocrx_word' id='word_1_831' title='bbox 1109 2563 1163 2589; x_wconf 91' lang='lat' dir='ltr'><strong>ticu</strong></span> <span class='ocrx_word' id='word_1_832' title='bbox 1177 2563 1328 2599; x_wconf 38' lang='lat' dir='ltr'><strong>templinae</strong></span> <span class='ocrx_word' id='word_1_833' title='bbox 1345 2563 1483 2599; x_wconf 49' lang='lat' dir='ltr'><strong>vestibqu</strong></span> <span class='ocrx_word' id='word_1_834' title='bbox 1499 2573 1507 2588; x_wconf 85' lang='lat' dir='ltr'><strong>I</strong></span> <span class='ocrx_word' id='word_1_835' title='bbox 1525 2564 1622 2599; x_wconf 65' lang='lat' dir='ltr'><strong>tuere,</strong></span> <span class='ocrx_word' id='word_1_836' title='bbox 1652 2565 1681 2590; x_wconf 83' lang='grc' dir='ltr'>ἐν</span> <span class='ocrx_word' id='word_1_837' title='bbox 1706 2566 1761 2596; x_wconf 85' lang='grc' dir='ltr'>τοῖς</span> <span class='ocrx_word' id='word_1_838' title='bbox 1789 2563 1891 2599; x_wconf 79' lang='grc' dir='ltr'>προθύ-</span> 
     </span>
    </p>
   </div>
   <div class='ocr_carea' id='block_1_118' title="bbox 1111 2597 1890 2633">
    <p class='ocr_par' dir='ltr' id='par_1_118' title="bbox 1111 2597 1890 2633">
     <span class='ocr_line' id='line_1_123' title="bbox 1111 2597 1890 2633; baseline 0 -9"><span class='ocrx_word' id='word_1_839' title='bbox 1111 2606 1175 2633; x_wconf 78' lang='grc' dir='ltr'>ροις,</span> <span class='ocrx_word' id='word_1_840' title='bbox 1193 2603 1222 2624; x_wconf 86' lang='grc' dir='ltr'><strong>ιιι</strong></span> <span class='ocrx_word' id='word_1_841' title='bbox 1235 2597 1327 2633; x_wconf 83' lang='lat' dir='ltr'><strong>scribit</strong></span> <span class='ocrx_word' id='word_1_842' title='bbox 1338 2597 1480 2633; x_wconf 53' lang='lat' dir='ltr'><strong>Chrys-ost.</strong></span> <span class='ocrx_word' id='word_1_843' title='bbox 1490 2597 1617 2625; x_wconf 74' lang='lat' dir='ltr'><strong>Aduersus</strong></span> <span class='ocrx_word' id='word_1_844' title='bbox 1629 2599 1744 2633; x_wconf 73' lang='lat' dir='ltr'><strong>gentiles,</strong></span> <span class='ocrx_word' id='word_1_845' title='bbox 1759 2597 1830 2626; x_wconf 84' lang='lat' dir='ltr'><strong>hom.</strong></span> <span class='ocrx_word' id='word_1_846' title='bbox 1844 2599 1890 2626; x_wconf 72' lang='grc'><strong>26.</strong></span> 
     </span>
    </p>
   </div>
   <div class='ocr_carea' id='block_1_119' title="bbox 1112 2632 1893 2668">
    <p class='ocr_par' dir='ltr' id='par_1_119' title="bbox 1112 2632 1893 2668">
     <span class='ocr_line' id='line_1_124' title="bbox 1112 2632 1893 2668; baseline 0.004 -10"><span class='ocrx_word' id='word_1_847' title='bbox 1112 2642 1126 2668; x_wconf 71' lang='grc' dir='ltr'><strong>ι</strong></span> <span class='ocrx_word' id='word_1_848' title='bbox 1138 2632 1249 2668; x_wconf 89' lang='lat' dir='ltr'><strong>Locum</strong></span> <span class='ocrx_word' id='word_1_849' title='bbox 1261 2632 1332 2659; x_wconf 87' lang='lat' dir='ltr'><strong>hunc</strong></span> <span class='ocrx_word' id='word_1_850' title='bbox 1348 2632 1405 2666; x_wconf 84' lang='lat' dir='ltr'><strong>ipse</strong></span> <span class='ocrx_word' id='word_1_851' title='bbox 1432 2632 1565 2668; x_wconf 29' lang='lat' dir='ltr'><strong>sibiipost</strong></span> <span class='ocrx_word' id='word_1_852' title='bbox 1580 2632 1692 2660; x_wconf 81' lang='lat' dir='ltr'><strong>mortem</strong></span> <span class='ocrx_word' id='word_1_853' title='bbox 1707 2635 1893 2668; x_wconf 71' lang='lat' dir='ltr'><strong>designaverat</strong></span> 
     </span>
    </p>
   </div>
   <div class='ocr_carea' id='block_1_120' title="bbox 1110 2667 1892 2701">
    <p class='ocr_par' dir='ltr' id='par_1_120' title="bbox 1110 2667 1892 2701">
     <span class='ocr_line' id='line_1_125' title="bbox 1110 2667 1892 2701; baseline 0.003 -7"><span class='ocrx_word' id='word_1_854' title='bbox 1110 2667 1314 2698; x_wconf 88' lang='lat' dir='ltr'><strong>Constantinus,</strong></span> <span class='ocrx_word' id='word_1_855' title='bbox 1333 2676 1342 2692; x_wconf 71' lang='grc' dir='ltr'><strong>ι</strong></span> <span class='ocrx_word' id='word_1_856' title='bbox 1368 2667 1456 2701; x_wconf 88' lang='lat' dir='ltr'><strong>inquit</strong></span> <span class='ocrx_word' id='word_1_857' title='bbox 1480 2667 1622 2700; x_wconf 81' lang='lat' dir='ltr'><strong>Eusebius,</strong></span> <span class='ocrx_word' id='word_1_858' title='bbox 1648 2668 1695 2694; x_wconf 89' lang='lat' dir='ltr'><strong>lib.</strong></span> <span class='ocrx_word' id='word_1_859' title='bbox 1709 2676 1744 2700; x_wconf 80' lang='lat' dir='ltr'><strong>tv,</strong></span> <span class='ocrx_word' id='word_1_860' title='bbox 1767 2667 1831 2701; x_wconf 69' lang='lat' dir='ltr'><strong>cap.</strong></span> <span class='ocrx_word' id='word_1_861' title='bbox 1849 2668 1892 2700; x_wconf 83' lang='lat'><strong>60,</strong></span> 
     </span>
    </p>
   </div>
   <div class='ocr_carea' id='block_1_121' title="bbox 1113 2701 1897 2737">
    <p class='ocr_par' dir='ltr' id='par_1_121' title="bbox 1113 2701 1897 2737">
     <span class='ocr_line' id='line_1_126' title="bbox 1113 2701 1897 2737; baseline 0.004 -10"><span class='ocrx_word' id='word_1_862' title='bbox 1113 2701 1284 2729; x_wconf 68' lang='lat' dir='ltr'><strong>«incredibili</strong></span> <span class='ocrx_word' id='word_1_863' title='bbox 1301 2702 1361 2728; x_wconf 87' lang='lat' dir='ltr'><strong>tidei</strong></span> <span class='ocrx_word' id='word_1_864' title='bbox 1378 2702 1517 2728; x_wconf 84' lang='lat' dir='ltr'><strong>alacritate</strong></span> <span class='ocrx_word' id='word_1_865' title='bbox 1579 2711 1633 2736; x_wconf 85' lang='lat' dir='ltr'><strong>quo</strong></span> <span class='ocrx_word' id='word_1_866' title='bbox 1644 2703 1747 2730; x_wconf 77' lang='lat' dir='ltr'><strong>scilicet</strong></span> <span class='ocrx_word' id='word_1_867' title='bbox 1762 2704 1897 2737; x_wconf 79' lang='lat' dir='ltr'><strong>precatio-</strong></span> 
     </span>
    </p>
   </div>
   <div class='ocr_carea' id='block_1_122' title="bbox 1110 2737 1896 2772">
    <p class='ocr_par' dir='ltr' id='par_1_122' title="bbox 1110 2737 1896 2772">
     <span class='ocr_line' id='line_1_127' title="bbox 1110 2737 1896 2772; baseline 0.003 -9"><span class='ocrx_word' id='word_1_868' title='bbox 1110 2745 1186 2769; x_wconf 90' lang='lat' dir='ltr'><strong>num,</strong></span> <span class='ocrx_word' id='word_1_869' title='bbox 1203 2744 1262 2772; x_wconf 85' lang='lat' dir='ltr'><strong>quae</strong></span> <span class='ocrx_word' id='word_1_870' title='bbox 1276 2737 1302 2762; x_wconf 92' lang='lat' dir='ltr'><strong>in</strong></span> <span class='ocrx_word' id='word_1_871' title='bbox 1320 2737 1448 2763; x_wconf 88' lang='lat' dir='ltr'><strong>honorem</strong></span> <span class='ocrx_word' id='word_1_872' title='bbox 1464 2737 1646 2770; x_wconf 90' lang='lat' dir='ltr'><strong>apostolorum</strong></span> <span class='ocrx_word' id='word_1_873' title='bbox 1667 2738 1703 2764; x_wconf 91' lang='lat' dir='ltr'><strong>ibi</strong></span> <span class='ocrx_word' id='word_1_874' title='bbox 1728 2739 1896 2772; x_wconf 66' lang='lat' dir='ltr'><strong>celebranda)</strong></span> 
     </span>
    </p>
   </div>
   <div class='ocr_carea' id='block_1_123' title="bbox 1111 2771 1702 2805">
    <p class='ocr_par' dir='ltr' id='par_1_123' title="bbox 1111 2771 1702 2805">
     <span class='ocr_line' id='line_1_128' title="bbox 1111 2771 1702 2805; baseline 0 -6"><span class='ocrx_word' id='word_1_875' title='bbox 1111 2776 1198 2804; x_wconf 84' lang='lat' dir='ltr'><strong>erant,</strong></span> <span class='ocrx_word' id='word_1_876' title='bbox 1218 2771 1299 2798; x_wconf 87' lang='lat' dir='ltr'><strong>etiam</strong></span> <span class='ocrx_word' id='word_1_877' title='bbox 1315 2776 1437 2798; x_wconf 86' lang='lat' dir='ltr'><strong>mortuus</strong></span> <span class='ocrx_word' id='word_1_878' title='bbox 1449 2772 1582 2805; x_wconf 85' lang='lat' dir='ltr'><strong>particeps</strong></span> <span class='ocrx_word' id='word_1_879' title='bbox 1596 2773 1681 2799; x_wconf 84' lang='lat' dir='ltr'><strong>ﬁeret.</strong></span> <span class='ocrx_word' id='word_1_880' title='bbox 1693 2782 1702 2798; x_wconf 86' lang='grc'><strong>›</strong></span> 
     </span>
    </p>
   </div>
   <div class='ocr_carea' id='block_1_124' title="bbox 1147 2806 1897 2841">
    <p class='ocr_par' dir='ltr' id='par_1_124' title="bbox 1147 2806 1897 2841">
     <span class='ocr_line' id='line_1_129' title="bbox 1147 2806 1897 2841; baseline 0.005 -10"><span class='ocrx_word' id='word_1_881' title='bbox 1147 2807 1203 2841; x_wconf 76' lang='grc'>(51)</span> <span class='ocrx_word' id='word_1_882' title='bbox 1231 2806 1429 2835; x_wconf 76' lang='grc' dir='ltr'>’Υπεδέξαντο</span> <span class='ocrx_word' id='word_1_883' title='bbox 1459 2807 1508 2833; x_wconf 79' lang='grc' dir='ltr'>καὶ</span> <span class='ocrx_word' id='word_1_884' title='bbox 1537 2806 1782 2841; x_wconf 59' lang='grc' dir='ltr'>διαφυλάττουσι,</span> <span class='ocrx_word' id='word_1_885' title='bbox 1819 2807 1897 2836; x_wconf 62' lang='lat' dir='ltr'><strong>Pass.</strong></span> 
     </span>
    </p>
   </div>
   <div class='ocr_carea' id='block_1_125' title="bbox 1112 2840 1484 2876">
    <p class='ocr_par' dir='ltr' id='par_1_125' title="bbox 1112 2840 1484 2876">
     <span class='ocr_line' id='line_1_130' title="bbox 1112 2840 1484 2876; baseline 0 -9"><span class='ocrx_word' id='word_1_886' title='bbox 1112 2841 1257 2875; x_wconf 78' lang='grc' dir='ltr'>ὑπεδέξατο</span> <span class='ocrx_word' id='word_1_887' title='bbox 1274 2841 1320 2867; x_wconf 64' lang='grc' dir='ltr'><strong>καὶ</strong></span> <span class='ocrx_word' id='word_1_888' title='bbox 1334 2840 1484 2876; x_wconf 67' lang='grc' dir='ltr'>διεφύλαξε.</span> 
     </span>
    </p>
   </div>
  </div>
