2071 3133
230 178 281 206 689

729 181 858 209 ORATIO
878 183 910 211 V.
931 198 965 202 —
984 181 1125 210 CONTRA
1143 181 1319 210 JULIANUM
1339 181 1372 208 11.

1808 181 1865 209 660

227 235 277 270 τῆς
292 235 377 270 αὐτῆς
395 237 512 272 φατρίας
530 246 560 263 τε
578 238 623 265 καὶ
639 238 753 271 τάξεως.
778 240 826 266 Ἔν
840 240 895 266 τῶν
916 241 1020 268 ἐκείνου

1082 249 1124 270 icc
1138 249 1180 275 ea,
1194 249 1245 276 qua
1259 241 1314 268 illic
1324 240 1549 268 Rhadamanthus
1564 240 1673 272 fruitur,
1690 239 1774 275 gloria
1790 248 1797 266 :
1811 246 1868 274 ([ιιιιι

228 279 378 315 Θαυμάζειν
393 280 462 316 ἔχω·
480 282 594 314 πολλοὺς
611 283 665 319 γάρ
681 284 736 311 τῶν
754 285 830 321 αὐτῷ
851 286 974 322 συνήθων
990 295 1020 313 τε

229 327 274 353 κα)¹
288 327 450 362 γνωρίμων,
473 329 505 355 ἐκ
520 328 574 356 τῶν
592 330 662 357 κατὰ
684 330 734 366 τὴν
761 331 853 358 Ἀσίαν
875 332 1023 369 διατριϐῶν

229 372 355 407 μάλιστα,
370 373 462 401 ἐκάλει
486 375 536 410 μὲν
550 376 622 403 κατὰ
643 377 734 404 πᾶσαν
754 378 882 413 σπουδὴν,
901 379 938 411 ὡς
959 380 1024 415 δρά-

229 425 283 445 σων
299 418 447 454 θαυμάσια,
461 418 505 447 οἷα
521 421 567 448 κα).
578 423 638 453 ταῖς
651 422 757 449 ὲλπίσιν
773 423 901 459 ὲπτέρου,
917 433 1022 460 μεμνη-

230 463 328 499 μένους
355 465 408 492 τῶν
435 466 625 502 ὑποσχέσεων·
651 468 712 494 ἐπεὶ
742 468 770 495 δὲ
795 471 918 505 παρεῖεν,
944 470 1024 497 τοῦτο

229 509 314 536 ἐκεῖνο
326 509 379 544 (51)
390 511 417 536 αἱ
437 510 490 537 τῶν
504 510 601 546 ψήφων
617 512 727 543 κλοπαὶ,
743 513 852 539 καὶτῶν
865 513 953 548 ὄψεων
968 514 1023 549 (52)

228 555 348 582 ἀπάται·
366 556 429 588 τοὺς
448 557 497 592 μὲν
517 558 581 589 τοὺς
596 557 624 584 δὲ
644 558 690 585 τὸν
706 558 763 594 (55)
783 560 894 595 τρόπον,
910 561 973 592 τοὺς
996 560 1024 587 δὲ

229 600 274 628 τὸν
288 601 454 634 διαπαίζων·
471 603 529 630 ἔστι
542 604 570 630 δὲ
583 603 630 636 οὓς
646 605 692 631 καὶ
706 605 831 641 τραπέζῃ
847 606 1025 642 φιλοφρονού-

231 655 320 682 μενος,
335 648 382 674 καὶ
409 649 477 676 πολὺ
499 649 529 675 τὸ
554 649 669 684 Ἑταῖρε
685 651 842 686 προπίνων,
861 652 909 679 κα).
924 652 1026 688 λαρυγ-

229 691 313 726 γίζων
331 693 386 728 (54)
403 694 459 721 ἀντ’
471 694 550 721 ἄλλου
565 695 637 727 τινος
651 695 834 731 δελεάσματος
849 696 918 731 (55),
936 697 1025 732 ἀπρά-

229 745 311 769 κτους
334 738 509 774 ἀπέπεμπεν,
527 740 576 767 οὐκ
595 739 706 775 ἔχοντας
728 740 782 776 ὅτῳ
799 741 954 776 μέμφονται
970 742 1025 778 (56)

230 783 321 816 πλέον,
337 785 434 821 ἐκείνῳ
449 787 498 821 τῆς
515 786 623 821 ἀπάτης
639 786 655 822 ἢ
680 786 772 822 σφίσιν
792 788 884 820 αὐτοῖς
900 789 948 824 τῆς
963 797 1026 815 κου-

231 828 354 865 φότητος.

1073 293 1149 323 parte
1163 288 1271 323 dignum
1285 294 1346 314 eum
1363 290 1490 318 censent,
1509 285 1556 320 qui
1567 284 1687 320 ejusdem
1704 290 1768 312 sunt
1786 285 1871 311 soda-

1074 334 1122 361 litii
1134 338 1215 368 atque
1226 332 1329 361 ordinis
1339 332 1372 359 ⁵⁷.
1387 331 1443 359 Hoc
1456 338 1539 358 unum
1553 338 1586 358 ex
1600 330 1673 358 illius
1685 331 1723 358 re‘.
1735 338 1766 357 us
1779 330 1872 356 habeo

1074 379 1147 414 quod
1163 378 1304 406 admirer:
1320 385 1382 404 nam
1397 377 1499 404 mullos
1519 376 1626 411 quidem
1641 383 1734 403 eorum
1751 375 1796 410 qui
1815 375 1872 409 ipsi

1077 425 1132 452 noti
1149 432 1180 452 ac
1195 424 1344 451 familiares
1356 422 1479 456 fuerant,
1498 430 1529 450 ac
1550 422 1700 457 praesertim
1716 429 1750 448 ex
1764 421 1856 448 Asiati
1870 437 1875 441 -

1076 472 1115 499 cis
1128 471 1239 504 scholis,
1257 477 1364 498 summo
1383 470 1489 502 studio,
1513 469 1591 505 quasi
1613 468 1734 496 mirificis
1755 468 1877 502 quibnsv

1077 518 1138 546 dam
1156 517 1296 544 beneficiis
1315 523 1362 544 eos
1380 520 1544 548 ornaturus,
1564 516 1739 547 accersebat,
1763 521 1795 540 ac
1820 521 1876 548 spe

1078 563 1183 590 animos
1204 569 1296 589 eorum
1319 560 1458 595 erigebat,
1472 565 1565 587 vetera
1585 559 1669 594 ipsius
1692 559 1826 594 promissa
1843 558 1870 585 in

1078 607 1237 636 memoriam
1253 611 1423 634 revocantes.
1449 606 1484 633 At
1501 613 1562 633 cum
1575 605 1718 636 adessent.
1735 610 1787 631 iioc
1802 603 1869 630 illuil

1080 653 1214 686 videlicet,
1229 653 1397 681 calculorum
1407 652 1563 687 praestigiae,
1579 656 1607 678 et
1620 651 1760 678 oculorum
1779 649 1870 676 luditi-

1079 698 1218 731 cationes;
1235 698 1286 726 hos
1299 698 1371 726 enim
1386 698 1438 725 hoc
1455 696 1550 730 modo,
1577 696 1637 724 illos
1663 695 1715 724 alio
1738 695 1869 728 eludens;

1080 745 1208 778 quosdam
1225 744 1308 771 etiam
1327 751 1421 771 mensa
1439 743 1554 771 comiter
1571 742 1728 777 accipiens;
1745 749 1778 768 ac
1801 740 1871 768 ntul-

1081 794 1135 816 tum
1151 789 1214 817 illud
1226 810 1233 822 ,
1251 789 1358 817 Sodali:
1370 810 1377 822 ,
1393 789 1561 824 propinans,
1580 793 1608 815 et
1624 795 1673 823 pro
1687 788 1740 815 alia
1754 787 1870 822 quadam

1081 835 1208 863 illecebra
1224 835 1335 863 diducto
1348 839 1457 870 gutture
1468 834 1621 868 clamitans,
1637 833 1746 861 infectis
1763 831 1870 859 tandem

231 876 312 903 rebus
329 876 491 910 dimittebat,
507 877 579 905 haud
596 878 664 907 satis
678 879 854 907 constitutum
871 879 1013 915 habentes,
1039 880 1146 909 illiusiie
1172 882 1295 910 fraudein
1313 882 1410 917 magis.
1426 889 1460 909 an
1484 888 1562 909 suam
1588 881 1706 915 ipsorum
1735 879 1870 907 levitatem

232 926 406 950 accuraarent.

266 967 329 995 ΚΜ.
353 968 456 996 Ἐκεῖνο
479 967 509 996 δὲ
532 969 591 1001 πῶς
614 969 666 996 οὐκ
683 969 825 997 ἐπαινετὸν
841 970 897 1006 (57)
913 971 964 1006 τῆς
980 971 1028 998 τοῦ

1114 970 1184 998 XM.
1206 969 1273 997 Illud
1293 976 1357 998 vero
1378 976 1411 997 an
1429 976 1483 997 non
1500 968 1526 996 in
1541 968 1695 1004 pbilosOphi
1720 968 1799 1004 hujus
1818 969 1868 996 do-

231 1014 377 1049 φιλοσόφου
400 1015 586 1049 παιδεύσεως,
608 1016 649 1043 ὅτι
674 1016 801 1043 τοσοῦτον
824 1016 960 1052 ἁόργητος
982 1015 1027 1053 ἦν,

231 1060 344 1088 καὶτῶν
359 1061 452 1088 παθῶν
468 1061 634 1097 ὑψηλότερος
644 1083 650 1091 .
667 1061 739 1088 κατὰ
755 1062 818 1094 τοὺς
840 1062 952 1090 πώποτε
973 1063 1028 1090 τῶν

233 1105 362 1140 βασιλέων
378 1106 531 1142 ἀτρέπτους
548 1107 595 1133 καὶ
612 1107 768 1142 ἀκινήτους,
785 1108 832 1134 καὶ
848 1109 910 1144 μηδ’
933 1109 983 1139 ἂν.
1004 1108 1032 1135 εἴ

232 1160 258 1178 τι
278 1151 393 1186 γένοιτο,
418 1152 464 1179 τοῦ
489 1153 637 1188 προσώπου
665 1161 692 1180 τι
715 1155 946 1189 παρατρέψαντας
961 1154 1028 1190 (58),

233 1198 367 1233 ῆπάθους
389 1199 461 1234 ἴχνος
485 1199 719 1235 ὲπισημαίνοντας
735 1201 809 1236 (59)·
828 1200 892 1227 ὥσθ’
913 1201 955 1227 ὅτι
981 1202 1039 1237 μὲν.

233 1243 303 1278 βοῶν
327 1244 374 1271 καὶ
396 1244 517 1280 σεισμῶν
537 1245 659 1282 ἐπλήρου
684 1246 717 1273 τὰ
746 1246 871 1281 βασίλεια
897 1246 1029 1279 δικάζων.

233 1288 327 1326 ὥσπερ
344 1290 424 1321 αὐτὸς
441 1289 478 1317 ὢν
494 1291 507 1316 ὁ
531 1291 749 1327 τυραννούμενος
767 1293 814 1319 καὶ
834 1292 1029 1328 ζημιούμενος,

233 1335 284 1361 οὐκ
295 1335 386 1367 ἄλλοις
399 1335 487 1362 ταῦτα
502 1336 650 1371 πάσχουσιν
660 1357 667 1370 ,
685 1337 848 1373 ὲπαμύνων;
867 1338 960 1365 Ταῦτα
982 1338 1035 1373 μὲν

233 1381 293 1408 οὐδὲ
305 1381 384 1416 λόγου
397 1381 470 1413 τινὸς
486 1381 653 1418 ἀξιώσομεν·
670 1383 749 1410 τοῦτο
763 1384 791 1410 δὲ
809 1384 851 1416 τίς
872 1385 966 1418 ἀγνοεῖ
977 1385 1031 1412 τῶν

235 1427 373 1459 ἁπάντων,
393 1428 434 1454 ὅτι
457 1428 572 1461 πολλοὺς
595 1430 758 1465 προσιόντας
782 1427 809 1457 οἶ
832 1430 887 1465 (60)
913 1428 1031 1467 δημοσίᾳ

235 1474 281 1500 καὶ
295 1474 349 1500 τῶν
367 1474 581 1510 ἁγροικοτέρων,
598 1475 669 1502 ὥστε
685 1477 777 1511 τυχεῖν
789 1484 863 1507 τινος
874 1473 911 1502 ὧν
927 1476 1033 1512 ἅνθρω-

235 1528 280 1546 ποι
300 1519 433 1554 βασιλέων
453 1520 567 1553 δέονται,
590 1522 678 1549 παίων
694 1522 749 1555 πὺξ
771 1522 888 1558 δημοσίᾳ
911 1523 958 1549 καὶ
983 1523 1032 1556 λὰξ

234 1566 411 1601 ἑναλλόμενος
426 1566 497 1593 οὕτω
511 1567 621 1594 διετίθει
636 1568 739 1601 κακῶς,
754 1568 818 1595 ὥστ’
833 1569 942 1605 ἀγαπᾷν
961 1570 1033 1596 ὲκεί-

235 1620 296 1644 νους
309 1612 338 1639 τὸ
350 1613 386 1648 μή
401 1621 426 1639 τι
442 1613 539 1640 παθεῖν
558 1613 766 1650 χαλεπώτερονς

1079 1016 1164 1043 ctrina
1181 1009 1334 1048 laudabile,
1351 1015 1422 1050 quod
1436 1014 1503 1042 adeo
1518 1015 1552 1043 ab
1564 1015 1604 1042 ira
1617 1014 1722 1042 alienus
1738 1019 1814 1047 erat,
1834 1022 1866 1042 ac

1081 1062 1244 1089 turbulentis
1266 1061 1349 1089 animi
1372 1061 1587 1096 permotionibus
1611 1061 1769 1094 sublimior;
1785 1061 1873 1088 instar

1079 1107 1208 1134 nimirum
1221 1114 1316 1134 eorum
1330 1114 1424 1142 regum
1440 1114 1472 1134 ac
1484 1106 1676 1142 imperatorum
1689 1106 1734 1141 qui
1746 1106 1875 1141 tranquil-

1080 1153 1165 1181 litatis
1180 1158 1207 1180 et
1222 1153 1384 1181 constantia:
1396 1153 1475 1180 laude
1490 1153 1627 1187 quondam
1643 1151 1794 1184 ﬂorebant,
1813 1159 1872 1184 nec,

1080 1201 1162 1227 etiam
1175 1199 1196 1226 si
1210 1199 1274 1233 quid
1286 1198 1415 1226 molestiae
1430 1197 1496 1233 ipsis
1505 1197 1660 1229 accidisset,
1670 1197 1772 1223 vultum
1784 1200 1873 1223 tamen

1081 1246 1136 1274 ullo
1161 1246 1240 1273 modo
1264 1245 1461 1276 immutabant,
1482 1249 1528 1271 aut
1551 1242 1765 1278 perturbationis
1787 1241 1873 1269 vesti-

1081 1293 1153 1328 gium
1178 1291 1375 1324 ostendebant;
1402 1295 1430 1317 ut
1447 1290 1535 1325 quod,
1560 1290 1621 1317 dum
1643 1289 1742 1323 jiiilicis
1763 1296 1875 1316 munere

1083 1339 1256 1374 fungeretur,
1273 1338 1361 1365 aulam
1375 1337 1539 1365 clamoribus
1555 1343 1587 1364 ac
1601 1336 1716 1371 strepitu
1731 1335 1873 1370 impleret,

1083 1393 1135 1412 non
1152 1385 1230 1412 aliter
1244 1391 1276 1411 ac
1290 1384 1312 1411 si
1329 1384 1386 1418 ipse
1400 1387 1474 1411 esset
1488 1382 1531 1410 cui
1545 1382 1586 1409 vis
1601 1387 1628 1410 et
1641 1382 1769 1409 damnum
1789 1381 1874 1409 infer-

1083 1437 1167 1462 retur,
1178 1438 1210 1459 ac
1226 1438 1278 1458 non
1295 1430 1356 1457 aliis
1369 1429 1459 1464 potius
1475 1429 1532 1456 haec
1554 1428 1719 1463 patientibus
1733 1435 1876 1456 succurre-

1083 1478 1143 1505 ret?
1163 1477 1227 1504 Ilaic
1243 1482 1317 1505 certe
1330 1484 1364 1504 nc
1377 1476 1503 1503 oratione
1518 1474 1628 1510 quidem
1647 1474 1791 1509 complecti
1811 1474 1877 1502 veli—

1084 1530 1154 1550 mus.
1176 1522 1232 1549 Hoc
1255 1526 1345 1549 autem
1375 1521 1450 1549 eccni
1475 1529 1509 1548 ex
1532 1520 1658 1548 omnibus
1682 1520 1803 1555 ignotum
1823 1525 1875 1552 est,

1083 1570 1154 1604 quod
1170 1570 1270 1597 multos
1283 1570 1393 1597 etiame
1407 1568 1610 1600 rusticioribus,
1622 1567 1666 1603 qui
1678 1568 1711 1595 ad
1723 1575 1783 1595 eum
1798 1567 1875 1602 161

1084 1616 1192 1651 publice
1206 1616 1384 1649 accedebant,
1403 1619 1432 1642 ut
1445 1623 1550 1649 eorum,
1562 1622 1622 1650 quae
1638 1613 1729 1649 populi
1744 1613 1778 1641 ab
1792 1613 1878 1648 impe-

236 1661 372 1688 ratoribus
389 1666 480 1695 petere
495 1661 594 1694 solent,
609 1662 710 1697 aliquid
727 1667 968 1698 consequerentur,
991 1663 1027 1689 ita
1053 1663 1211 1697 mulctabat,
1241 1663 1329 1698 palam
1359 1670 1448 1698 pugno
1475 1662 1589 1695 feriens,
1604 1662 1778 1696 calcibusque
1794 1661 1878 1696 impe-

237 1713 306 1739 iens,
319 1712 347 1733 iit
358 1708 488 1742 praeclare
503 1716 594 1735 secum
607 1713 697 1736 actum
713 1714 851 1742 putarent,
865 1710 936 1744 quod
949 1711 1070 1738 atrocius
1088 1711 1191 1745 aliquid
1206 1711 1318 1739 minime
1337 1710 1407 1746 passi
1424 1711 1538 1738 essent?

271 1756 335 1783 KB’.
347 1756 403 1788 Τὰς
423 1756 452 1782 δὲ
476 1757 608 1792 φυσήσεις
632 1766 661 1783 τε
688 1759 736 1784 καὶ
753 1758 957 1794 ἁντιφυσὴσεις,
974 1758 1006 1790 ἃς
1021 1759 1030 1784 ἐ

1123 1759 1206 1786 XXII.
1228 1758 1287 1786 Jam
1301 1758 1467 1786 suillutiones
1483 1761 1510 1784 et
1522 1756 1692 1788 rellationcs,
1706 1763 1774 1790 quas
1792 1755 1877 1782 admi-

236 1801 387 1836 Θαυμάσιος
408 1802 522 1834 ἐκεῖνος,
542 1804 590 1831 καὶ
606 1803 639 1829 τὰ
656 1803 779 1839 ἡμέτερα
806 1803 953 1838 διασύρων,
976 1805 1032 1835 τοῖς

237 1848 369 1883 γραῖδίοις
380 1849 615 1881 ὰντεπεδείκνυτο,
624 1850 655 1876 τὸ
665 1850 817 1885 ἐπιϐώμιον
827 1850 883 1886 πῦρ
893 1850 1031 1881 ἀνάπτων,

237 1893 288 1920 ποῦ
304 1893 384 1928 λόγου
401 1894 521 1930 θήσομεν
536 1894 610 1929 (61);
629 1895 663 1921 Ἢ
677 1895 759 1922 καλόν
775 1895 830 1930 (6'2)
851 1904 882 1930 γε
898 1895 944 1922 τοῦ
967 1895 1035 1922 Ῥωρ

240 1940 327 1975 μαίων
357 1939 488 1975 βασιλέως
510 1940 560 1972 τὰς
587 1940 703 1975 γνάθους
729 1942 795 1977 όρᾷν
812 1940 1032 1977 ἀσχημονούσας,

239 1987 285 2013 καὶ
296 1986 403 2021 γέλωτα
416 1987 499 2014 πολὺν
511 1987 694 2023 παρεχούσας,
707 1988 737 2014 οὺ
754 1989 811 2019 τοῖς
825 1987 924 2021 ἔξωθεν
943 1987 1032 2023 μόνον,

239 2032 306 2059 ἀλλὰ
320 2033 366 2060 καὶ
376 2033 478 2066 αὐτοῖς,
492 2031 534 2065 οἷς
543 2033 630 2061 ταῦτα
644 2033 728 2060 ποιῶν
742 2034 870 2070 ἀρέσκειν
886 2033 963 2069 ᾣετο.
980 2033 1035 2069 Τὴν

247 2079 361 2115 Ἀθηνᾶν
374 2080 402 2107 δὲ
416 2080 466 2106 οὐκ
482 2081 578 2116 ἤκουε,
597 2080 646 2116 τὴν
664 2079 763 2108 ἑαυτοῦ
776 2080 836 2107 θεὸν
850 2079 918 2115 (65),
929 2081 970 2106 ὅτι
987 2080 1036 2106 καὶ

240 2127 295 2157 τοῖς
320 2126 376 2160 (64)
402 2126 494 2158 αὐλοῖς
518 2126 712 2163 κατηράσατο,
735 2124 776 2159 οἷς
798 2126 1038 2162 ὲνασχημονοῦσαν

241 2172 339 2208 ἑαυτὴν
363 2173 569 2208 κατεμάνθανεν
596 2173 664 2209 (65),
691 2174 749 2201 ἀντ’
773 2173 907 2209 ἐσόπτρου
932 2182 1038 2209 χρησα-

243 2218 307 2255 μένη
330 2219 384 2255 (66)
403 2219 442 2255 τῷ
463 2218 551 2246 ὕδατι.
569 2220 624 2252 Τὰς
642 2219 671 2246 δὲ
689 2219 838 2255 προπόσεις
858 2228 887 2246 τε
901 2219 949 2246 καὶ
963 2219 1038 2254 φιλο-

275 2266 296 2283 ⁶⁷
311 2266 534 2301 Ἣι-ςηνΕηεὶά,
551 2274 588 2294 Vl.

277 2315 318 2345 (51

276 2350 322 2385 (52

277 2385 322 2420 (55

241 2421 295 2447 τόν.

278 2455 332 2491 (54)
346 2456 544 2492 Λαρυγιτίζων.
573 2455 695 2484 Combef.
716 2457 807 2489 vertit,
833 2460 966 2492 μειλίνη-ιι
989 2462 1034 2483 ac—

244 2491 372 2527 clamans,
388 2493 508 2527 suaviter
522 2500 537 2519 e
552 2497 661 2527 gutture
677 2491 803 2519 fundens.
816 2501 829 2527 ν»

289 2526 332 2560 55)
346 2526 562 2561 Δελεάσματος.
577 2526 633 2554 Duo
647 2526 731 2561 Ἆρες.
746 2526 922 2562 δελεάματος.

290 2561 323 2588 56
354 2562 538 2596 Μέμξεοντιιι.
556 2563 621 2589 Sav.
637 2562 809 2597 μέμφωνται.

290 2563 334 2632 57)
356 2598 538 2625 Ἐπαινετόν.
567 2598 623 2625 Duo
655 2604 721 2624 mss.
746 2603 773 2625 et
803 2598 809 2625 Ι

279 2596 334 2632 (57)
356 2598 538 2625 Ἐπαινετόν.
567 2598 623 2625 Duo
639 2596 721 2624 'iiiss.
746 2603 773 2625 et
803 2598 880 2625 Pass.
912 2597 1034 2624 ἐπαινεῖ-

242 2639 297 2659 ται.

291 2666 334 2704 58)
354 2667 615 2702 Παρατρέψαντας.
633 2667 696 2695 Sav.
713 2667 949 2704 παρατρέποντας.

291 2703 345 2764 59).
359 2703 637 2738 Ἐπισημαίνοντας.
657 2703 718 2744 _Duo
739 2702 818 2744 codd.
847 2702 1037 2744 ὲπισημῄναν-

295 2738 324 2764 ,1
341 2746 364 2764 tc
385 2739 581 2764 observandum
598 2738 713 2764 Remum
741 2739 863 2764 codicem
886 2739 892 2764 1
910 2742 1036 2764 omittere

242 2738 364 2769 τας.111(;
385 2739 581 2765 observandum
598 2738 713 2773 Regium
741 2739 863 2766 codicem
886 2739 892 2764 1
910 2740 1036 2765 omittere

245 2773 425 2809 distinctionis
449 2778 550 2806 notam,
581 2781 641 2807 qua:
666 2774 738 2802 inter
764 2773 981 2809 ἐπισημαίνοντα
1008 2777 1036 2800 et

245 2807 314 2835 ὥστε
325 2810 492 2842 subsequens
505 2810 649 2843 reperitur.

281 2841 527 2884 (60)11ροᾴιόντας
538 2841 585 2884 :01;
591 2843 733 2884 Par._edit.
742 2844 905 2884 προσιόντας
916 2843 990 2884 αὐτῷ
998 2844 1033 2870 οἱ.

334 2879 496 2914 προσιόντας
516 2879 602 2914 αὐτῷ,
618 2879 664 2907 sed
686 2878 922 2915 αὺτῷὐιτοὺὶίιμθ
940 2878 1035 2908 redun-

353 2316 443 2342 Τοῦτο
456 2315 564 2343 ἐκεῖνο.
578 2315 656 2343 Colit.
675 2314 702 2347 k,
716 2315 796 2341 τοῦτο
808 2315 915 2350 ἐκείνῳ.

347 2351 400 2378 Καὶ
413 2350 480 2377 τῶν.
499 2351 565 2385 Reg.
578 2351 586 2378 l
599 2357 627 2378 et
642 2350 737 2383 Mont.,
757 2351 804 2376 καὶ
815 2351 843 2376 αἱ
859 2350 922 2377 τῶν.

340 2385 423 2418 Τοὺς
434 2385 468 2412 δὲ
479 2384 597 2413 τόνξ1ιιι
612 2394 678 2414 mss.
694 2391 721 2412 et
741 2386 784 2412 ed.
802 2385 865 2412 Par.
881 2385 931 2412 Ed.
945 2385 991 2411 τὸν
1005 2384 1034 2411 δὲ

324 2315 333 2421 ξ

1089 1806 1189 1833 randus
1203 1805 1247 1832 ille
1260 1804 1313 1837 vir,
1324 1804 1508 1838 doctrinaeque
1524 1807 1624 1830 nostra:
1638 1801 1788 1836 sugillator,
1805 1804 1878 1828 vetu-

1088 1852 1122 1879 lis
1150 1851 1319 1879 mulierculis
1343 1850 1368 1877 in
1394 1850 1562 1878 contrarium
1589 1848 1762 1880 ostentabat,
1784 1847 1879 1875 altaris

1089 1899 1177 1934 ignem
1194 1899 1346 1926 accendens
1358 1918 1365 1930 ,
1384 1905 1440 1932 quo
1451 1896 1559 1924 tandem
1574 1895 1706 1923 oratiunis
1722 1894 1781 1921 loco
1795 1901 1879 1928 pone-

1089 1945 1170 1972 mus?
1184 1944 1347 1972 Prteclarum
1362 1944 1435 1971 enim
1449 1941 1573 1977 profecto
1585 1945 1655 1973 erat,
1667 1947 1780 1968 cernere
1794 1940 1880 1974 impe-

1089 1991 1188 2019 ratoris
1202 1991 1316 2018 Romani
1335 1991 1434 2018 buccas
1447 1989 1575 2017 indecore
1589 1992 1725 2014 tumentes
1736 2006 1744 2019 ,
1760 1993 1793 2013 ac
1805 1985 1879 2013 esci-

1087 2042 1176 2064 tantes
1198 2037 1334 2072 ingentem
1360 2036 1442 2062 risum
1454 2054 1462 2066 ,
1489 2041 1542 2061 non
1559 2031 1679 2061 externis
1695 2035 1815 2063 tantum,
1832 2031 1879 2058 sed

1088 2083 1120 2110 iis
1134 2082 1214 2109 etiam
1229 2102 1236 2115 ,
1256 2082 1356 2117 quibus
1381 2081 1433 2108 hac
1458 2080 1565 2108 ratione
1584 2078 1692 2114 placere
1710 2084 1739 2105 se
1756 2076 1879 2112 putabat.

1088 2129 1234 2157 Minervam
1258 2132 1348 2156 autem
1374 2128 1451 2155 deam
1479 2133 1555 2154 suam
1581 2132 1634 2152 non
1658 2123 1804 2154 audiebat,
1820 2129 1880 2156 qum

1090 2175 1170 2202 tibias
1187 2179 1328 2202 exsecrata
1343 2173 1453 2204 dicitur,
1468 2177 1647 2207 posteaquam
1658 2191 1665 2202 ,
1683 2169 1761 2204 aquis
1777 2167 1878 2203 speculi

1089 2220 1151 2248 vice
1164 2227 1223 2252 usa,
1236 2226 1283 2246 eas
1299 2218 1425 2246 dedecori
1442 2217 1494 2245 sibi
1510 2224 1571 2245 esse
1585 2214 1733 2251 perspexit.
1747 2213 1879 2248 Propina-

1047 2314 1071 2344 D
1121 2311 1177 2348 (61)
1196 2310 1344 2345 ϐήσομεν.
1361 2308 1419 2336 Duo
1431 2308 1516 2343 Regg.
1532 2312 1558 2335 et
1574 2305 1621 2335 Or.
1640 2306 1666 2338 1,
1683 2305 1709 2331 iii
1727 2313 1813 2341 marg.
1830 2305 1879 2342 θή-

1087 2356 1153 2379 σεις.

1123 2375 1179 2419 (ἱίῖ)
1195 2382 1229 2410 Ἡ
1239 2381 1344 2419 ξιαιλόν2
1358 2379 1476 2419 Montac_.
1491 2388 1502 2405 ι
1513 2379 1593 2419 forte,
1605 2387 1614 2403 ι
1626 2375 1666 2407 Ἦ
1676 2377 1767 2419 ξιίξλόν.
1779 2377 1879 2419 Deinde

1087 2411 1216 2446 observat
1240 2417 1311 2444 hunc
1336 2415 1424 2442 locum
1450 2416 1488 2442 sic
1507 2415 1539 2442 ab
1553 2414 1610 2440 Elia
1625 2414 1722 2448 accipi,
1738 2413 1816 2447 quasi
1832 2411 1878 2448 1η-

1088 2455 1176 2481 lianus
1193 2457 1305 2484 tantum,
1334 2451 1385 2478 hac
1403 2450 1566 2482 imitatione,
1595 2448 1813 2484 Christianorum
1836 2447 1879 2474 in-

1088 2488 1255 2516 snlllatioiies
1270 2481 1482 2521 in'baptismatis
1500 2481 1598 2521 ritibus
1610 2481 1878 2521 irriderevoluisset.

1091 2524 1188 2552 Verum
1203 2526 1296 2550 censet
1309 2517 1353 2548 vir
1367 2521 1473 2553 doctus,
1496 2520 1631 2547 Julianuin
1649 2518 1784 2553 praecipue
1802 2517 1846 2544 hic
1862 2525 1877 2544 a

1089 2559 1221 2592 Gregorio
1233 2557 1367 2592 redargui,
1384 2557 1464 2590 quod,
1484 2564 1546 2592 cuin
1564 2556 1807 2592 essetiinperator,
1825 2560 1878 2592 non

1090 2588 1228 2622 erubuerit
1243 2600 1271 2619 se
1282 2588 1342 2618 cuin
1354 2588 1519 2618 mulierculis
1532 2591 1565 2618 de
1581 2590 1666 2617 triviis
1684 2593 1710 2616 et
1721 2588 1829 2620 scortis,
1844 2588 1877 2614 ad

1089 2630 1152 2656 vilia
1167 2633 1194 2656 et
1211 2627 1368 2659 deridenda,
1384 2628 1455 2654 circa
1477 2633 1554 2653 sacra
1582 2633 1640 2655 sua.
1667 2623 1817 2659 ministeria
1831 2623 1878 2650 de-

1091 2665 1209 2693 mittere.
1223 2662 1280 2690 Non
1295 2657 1366 2690 male
1376 2661 1500 2696 quidem;
1522 2660 1631 2696 ειεξιιὶωᾷ
1640 2657 1805 2696 Montacutii
1815 2665 1879 2685 sen-

1091 2692 1181 2728 tentiae
1202 2699 1294 2726 favent
1311 2692 1452 2733 Chrysost.
1470 2698 1497 2722 in
1518 2694 1746 2733 geniauPrudciit.
1767 2692 1875 2726 Libait.,

1084 2743 1126 2763 or.
1162 2743 1194 2767 x;
1213 2729 1423 2765 Ammian.,'lib.
1439 2739 1506 2767 xxiii,
1520 2729 1545 2765 p.
1562 2729 1625 2767 225,
1640 2737 1692 2757 etc.

1120 2769 1175 2806 (65)
1188 2765 1275 2806 ’Θεόκ
1293 2768 1413 2806 C9isl._2,
1424 2772 1455 2806 et_
1468 2766 1555 2806 Pass.,
1573 2765 1648 2806 θεάν.

1120 2799 1176 2841 (ei)
1195 2804 1249 2832 Καὶ
1275 2803 1347 2836 τοῖς.
1372 2802 1410 2829 Ita
1432 2802 1553 2838 plerique
1572 2801 1651 2828 codd.
1671 2800 1752 2829 Deest
1776 2799 1823 2827 καί
1848 2799 1876 2827 in

1085 2842 1149 2871 edit.

1132 2876 1177 2910 65)
1191 2875 1429 2910 Karsydroarey.
1447 2872 1516 2910 Reg.
1526 2872 1582 2906 bm,
1600 2871 1756 2910 κατέμαθεν

1132 2877 1177 2910 65)
1191 2877 1429 2910 Κατεμάνθανεν.
1447 2877 1516 2908 Reg.
1526 2877 1582 2906 bin,
1600 2877 1714 2908 κατεμαι

1121 2877 1175 2949 (66)
1191 2910 1382 2946 ΧίηΊσαμένη.
1398 2909 1465 2945 Reg.
1486 2908 1513 2941 b,
1526 2907 1714 2944 χρησαμένην.
