2071 3133
205 198 253 227 69!

806 196 834 223 S.
856 195 1019 223 CREGORll
1039 194 1211 224 TIIEOLOGI

1772 195 1824 223 692

205 262 292 283 tiones
315 262 398 287 vero,
424 259 450 281 et
471 255 582 289 pocula,
602 255 698 289 quibus
723 256 878 282 meretrices
901 255 986 290 palam

1042 255 1150 290 τησίας,
1167 253 1200 284 ἂς
1216 251 1332 287 δημοσίᾳ
1352 251 1411 282 ταῖς
1438 251 1549 287 πόρναις
1572 252 1704 287 προῦπινέ
1727 261 1756 279 τε
1779 253 1825 279 καὶ

206 300 365 335 publiceque
387 300 567 334 provocabat,
586 300 760 336 vicissimque
780 301 986 335 provocabatur,

205 346 329 382 mystcrii
357 345 467 371 obtentu
493 345 655 379 petulantem
679 345 816 373 libidinem
841 345 987 378 olwelans,

205 391 267 425 quis
282 399 334 417 non
349 390 427 417 laude
440 394 467 416 et
478 390 657 416 admiratione
676 391 874 424 prosequatur?

242 434 340 462 XXlll.
361 435 422 462 Hice
439 435 501 463 aliis
513 436 622 470 quidem
637 437 800 470 experientia
822 437 889 472 ipsa,
903 441 929 463 ct
941 437 989 463 do-

205 481 316 508 minatio
331 481 467 508 licentiam
482 482 576 516 adepta
587 502 594 514 ,
615 483 781 515 declaravit;
803 491 817 509 a
843 490 885 510 me
900 488 988 510 autem

205 526 284 561 longe
296 531 359 554 ante
375 531 515 561 perspecta
532 528 729 562 quodammodo
747 528 871 559 fuerunt.
889 537 920 556 ex
937 537 989 564 quo

205 572 319 599 Athenis
334 580 394 599 eum
408 580 441 600 eo
455 578 577 601 versatus
596 581 680 600 eram.
705 574 770 600 Nam
796 575 859 602 illuc
883 583 989 610 quoque

205 618 299 644 statim
317 622 377 652 post
397 625 428 645 ea
443 626 501 652 qua:
516 619 646 646 adversus
659 619 771 646 fratrem
785 620 922 655 designata
937 620 991 647 fue-

206 668 281 695 runt,
299 663 436 697 profectus
449 670 500 694 est,
515 665 548 690 ab
559 665 721 699 imperatore
733 665 784 692 hoc
801 666 885 700 ipsum
897 666 990 700 depre-

207 713 296 735 catus.
310 707 447 742 Duplicem
462 714 551 736 autem
567 718 598 736 eo
613 710 798 744 proﬁciscendi
815 719 924 739 causam
941 713 989 739 ha-

207 754 310 781 bebat:
338 762 419 781 unam
445 756 638 789 honestiorem,
665 762 695 783 ut
721 757 852 784 Graeciam
880 758 991 793 ejusque

206 800 314 827 scholas
329 801 448 833 viseret;
466 802 576 828 alteram
602 803 757 836 tectiorem,
777 803 924 838 paucisque
946 813 992 832 no-

208 851 275 878 tam,
292 849 322 872 ttt
338 846 455 881 regionis
470 847 555 881 ipsius
572 847 711 882 aruspices
726 852 754 875 et
770 849 930 883 impostores
946 850 991 883 qui

209 891 264 918 illic
279 896 357 919 erant
370 891 403 919 de
418 891 499 919 rebus
513 893 569 920 suis
588 893 752 924 consuleret.
770 895 908 928 impietate
922 895 992 922 vide-

207 936 270 963 licet
289 937 408 973 nondnm
429 937 579 972 libertatem
596 946 627 966 ac
645 939 770 966 fiduciam
793 940 899 976 adepta.
917 940 991 975 Tunc
1008 929 1028 956 Β

207 982 289 1017 igitur
313 990 356 1009 me
382 990 434 1010 non
461 983 560 1010 malum
589 984 620 1011 de
648 984 698 1012 hoc
724 985 784 1013 viro
810 986 991 1021 c0njectorem

208 1026 292 1054 fuisse
318 1027 446 1060 memini,
465 1035 619 1063 quanquam
643 1029 743 1064 alioqui
768 1038 822 1057 non
843 1038 874 1058 ex
897 1038 991 1058 eorum

208 1079 325 1099 numero
340 1072 401 1104 sim,
417 1074 462 1107 qni
477 1073 503 1100 in
520 1073 672 1107 hujusmodi
689 1075 770 1103 rebus
786 1076 845 1103 sciti
859 1081 938 1111 atque
953 1077 994 1104 in-

208 1117 310 1152 geniosi
334 1122 406 1145 sttnt.
432 1118 485 1146 Sed
500 1126 542 1146 me
557 1126 660 1146 morum
675 1127 706 1146 ac
719 1125 811 1155 gestus
826 1121 910 1156 ipsius
927 1122 993 1150 inae-

207 1163 374 1198 quabilitas,
397 1168 478 1198 atque
500 1165 594 1199 ingens
614 1164 736 1199 quaedam
762 1167 860 1194 mentis
881 1169 992 1200 emotio,

207 1214 297 1236 vatem
311 1209 461 1242 elliciebat;
481 1210 559 1246 162
572 1211 594 1238 si
607 1212 715 1246 quidem
730 1217 804 1239 vates
818 1213 864 1240 ille
875 1214 993 1247 optimus

206 1261 267 1288 est,
291 1257 336 1291 qui
363 1261 437 1284 recte
455 1258 591 1292 conjicere
616 1259 699 1286 novit.
716 1258 810 1294 Neque
831 1260 902 1287 enim
927 1261 992 1287 mihi

207 1303 270 1330 boni
287 1303 432 1338 quidquam
446 1303 601 1338 signiﬁcare
615 1305 788 1338 videbantur,
803 1307 894 1332 cervix
912 1306 990 1333 mini-

207 1356 251 1375 me
266 1348 342 1384 firma
353 1346 369 1381 ,’
380 1350 485 1376 humeri
502 1357 569 1384 quos
584 1351 699 1378 subinde
713 1351 833 1386 agitabat
846 1357 873 1379 et
885 1352 992 1380 attolle-

207 1394 264 1428 bat,
278 1396 371 1422 oculus
389 1403 472 1430 vagus
491 1400 518 1423 et
533 1397 675 1429 oberrans,
694 1405 724 1423 ac
737 1397 858 1425 furiosus
871 1399 992 1432 obtutus,

207 1440 290 1474 pedes
305 1440 444 1468 instabiles
461 1446 489 1468 et
506 1442 669 1474 titubantes,
695 1450 776 1470 nasus
801 1443 991 1471 contumeliam

207 1489 235 1513 et
249 1490 430 1520 contemptum
445 1487 569 1522 spirans,
585 1488 676 1515 vultus
690 1489 916 1524 conligurationes
932 1491 994 1518 ridi-

207 1530 275 1566 culae
291 1531 362 1558 idem
377 1531 565 1570 signiﬁcantes
577 1553 585 1566 ,
603 1533 675 1560 risus
689 1534 882 1562 immoderatus
900 1541 927 1562 et
945 1543 994 1563 ex-

1039 295 1262 335 ἁντιπροὺπίνετο
1277 298 1344 332 (67).
1360 297 1535 324 ὑποκλὲπτων
1549 297 1580 324 τὸ
1594 298 1705 333 ἀσελγὲς
1722 307 1823 334 μυστικ-

1041 347 1098 381 pinu
1116 345 1300 380 προσχήματι,
1315 344 1374 375 πῶς
1389 344 1420 370 οὐ
1435 343 1584 379 θαυμάζειν
1604 344 1696 377 ἄξιον;

1074 437 1138 463 ΚΓ’.
1152 436 1244 463 Ταῦτα
1265 437 1321 467 τοῖς
1341 435 1389 470 μὲν
1412 434 1502 466 ἄλλοις
1520 435 1536 471 ἡ
1555 436 1638 470 πεῖρα
1661 435 1824 470 παρέστησε,

1040 482 1086 508 καὶ
1100 484 1116 518 ἡ
1129 483 1274 509 δυναστεία
1287 481 1459 517 προλαϐοῦσα
1475 480 1530 516 (68)
1546 481 1596 516 τὴν
1610 481 1732 514 ἐξουσίαν
1742 490 1749 496 ·
1765 482 1826 516 ἐμοὶ

1039 528 1067 555 δὲ
1079 529 1126 555 καὶ
1140 528 1279 564 πόρρωθεν
1296 528 1394 562 τρόπον
1412 526 1473 553 τινὰ
1489 527 1603 562 ἑωρᾶτο,
1618 527 1647 559 ἐξ
1659 525 1688 554 οὗ
1699 527 1738 563 τῷ
1749 527 1827 563 ἀνδρὶ

1042 575 1223 610 συνεγενόμην
1256 574 1409 609 Ἀθήνῃσιν,
1428 571 1514 599 Ἦλθε
1542 572 1596 608 γὰρ
1623 572 1679 609 (69)
1705 574 1826 605 κάκεῖσε,

1041 620 1102 656 άρτι
1129 620 1183 646 τῶν
1205 620 1274 646 κατὰ
1292 619 1337 646 τὸν
1357 618 1470 652 ἀδελφὺν
1487 617 1569 644 αὑτοῦ
1585 619 1826 654 νεωτερισθέντων,

1040 666 1084 692 τὸν
1105 665 1215 700 βασιλέα
1238 664 1316 691 τοῦτο
1333 664 1398 691 αὐτὸ
1419 663 1667 699 παραιτησάμενος.
1691 664 1783 695 Διττὸς
1798 664 1827 690 δὲ

1041 711 1123 738 αὑτοῦ
1141 711 1191 746 τῆς
1207 710 1353 745 ἐπιδημίας
1373 710 1386 735 ὁ
1401 709 1480 744 λόγος
1490 718 1496 724 ·
1512 710 1526 736 ὁ
1542 710 1590 745 μὲν
1601 710 1826 745 εὐπρεπέστερος,

1041 757 1102 784 καθ’
1122 757 1242 792 ἱστορίαν
1260 755 1309 791 τῆς
1335 755 1459 786 Ἐλλάδος
1477 755 1525 782 καὶ
1547 755 1601 782 τῶν
1615 756 1703 782 ἐκεῖσε
1721 755 1829 782 παιδευ-

1042 802 1141 838 τηρίων
1152 809 1159 816 ⁸
1177 802 1191 827 ό
1208 801 1236 828 δὲ
1252 800 1480 836 ἀποῤῥητότερος,
1503 801 1551 827 καὶ
1565 801 1596 827 οὐ
1613 801 1719 832 πολλοῖς
1731 801 1828 836 γνώρι-

1043 856 1103 883 μος,
1119 847 1190 873 ὥστε
1205 848 1260 878 τοῖς
1272 847 1331 872 ἐκεῖ
1347 846 1402 881 (70)
1423 845 1518 877 θύταις
1534 847 1581 873 καὶ
1603 846 1741 873 ἀπατεῶσι
1765 847 1829 882 περὶ

1042 893 1096 920 τῶν
1109 892 1168 919 καθ’
1182 892 1277 919 ἑαυτὸν
1291 891 1479 926 συγγενέσθαι,
1496 890 1572 918 οὔπω
1584 892 1739 927 παρρησίαν
1751 891 1828 927 ἐχού-

1044 948 1093 974 σης
1110 939 1160 974 τῆς
1182 937 1318 969 ἀσεϐείας.
1337 937 1404 964 Τότε
1425 937 1514 964 τοίνυν
1531 937 1561 963 οὐ
1585 938 1686 972 φαῦλος
1708 937 1763 972 ἐγὼ
1781 937 1828 964 τοῦ

1043 985 1139 1021 ἀνδρὸς
1152 984 1281 1019 είκαστὴς
1293 981 1353 1010 οἶδα
1366 983 1520 1019 γενόμενος,
1538 983 1625 1010 καίτοι
1639 993 1670 1017 γε
1684 985 1713 1010 οὐ
1728 983 1782 1010 τῶν
1799 982 1828 1011 εὖ

1042 1031 1202 1065 πεφυκότων
1215 1030 1279 1065 περὶ
1293 1029 1378 1055 ταῦτα
1394 1026 1435 1061 εἷς
1453 1028 1500 1056 ὧν.
1521 1029 1582 1055 Ἀλλ
1605 1030 1691 1056 ἐποίει
1709 1039 1741 1065 με
1763 1039 1830 1066 μαν-

1042 1077 1116 1112 τικὸν
1138 1077 1154 1111 ἡ
1175 1075 1220 1103 τοῦ
1239 1075 1320 1112 ἤθους
1342 1074 1500 1110 ἀνωμαλία,
1517 1075 1564 1102 καὶ
1584 1075 1613 1102 τὸ
1634 1075 1759 1111 περιττὸν
1780 1076 1830 1110 τῆς

1044 1124 1196 1155 ἐκστάσεως
1213 1123 1285 1159 (Ἠ)”
1306 1123 1384 1158 εἴπερ
1408 1122 1504 1158 μάντις
1521 1123 1640 1158 ἄριστος,
1666 1123 1739 1152 ὅστις
1756 1123 1830 1150 εἰκά-

1044 1170 1100 1202 ζειν
1123 1169 1179 1206 (72)
1207 1168 1261 1196 οἶδε
1286 1169 1386 1200 καλῶς.
1405 1169 1518 1200 Οὐδενὸς
1533 1168 1588 1204 γὰρ
1608 1169 1694 1196 ἐδόκει
1716 1179 1760 1204 μοι
1780 1179 1829 1205 ση-

1045 1213 1204 1251 μεῖον.εἶναι
1217 1214 1335 1250 χρηστοῦ
1348 1214 1434 1249 αὐχὴν
1449 1213 1570 1250 ἀπαγὴς,
1583 1211 1654 1249 ὦμοι
1669 1214 1829 1249 παλλόμενοι

1044 1260 1092 1288 καὶ
1112 1260 1325 1295 ἀνασηκούμενοι
1347 1259 1419 1295 (75),
1441 1259 1579 1294 ὀφθαλμὸς
1602 1259 1764 1294 σοῧούμενος
1784 1260 1831 1286 καὶ

1045 1307 1276 1342 περιφερόμενος,
1301 1306 1348 1341 καὶ
1371 1306 1483 1341 μανικὸν
1501 1306 1623 1341 βλέπων,
1647 1306 1727 1337 πόδες
1749 1307 1831 1332 ἀστα-

1044 1351 1154 1382 τοῦντες
1166 1351 1212 1377 καὶ
1229 1350 1454 1386 μετοκλάζοντες,
1469 1351 1575 1386 μυκτὴρ
1589 1351 1665 1386 ὕϐριν
1677 1351 1764 1377 πνέων
1785 1351 1832 1377 καὶ

1044 1397 1250 1432 περιφρόνησιν,
1266 1395 1412 1432 προσώπου
1432 1396 1618 1431 σχηματισμοὶ
1636 1396 1830 1430 καταγέλαστοι

1044 1443 1074 1469 τὸ
1100 1443 1165 1469 αὐτὸ
1192 1443 1320 1478 φέροντες
1347 1442 1413 1478 (74),
1440 1442 1556 1476 γέλωτες
1579 1443 1708 1478 ἀκρατεῖς
1732 1451 1761 1468 τε
1784 1443 1831 1469 καὶ

1046 1487 1266 1524 βρασματώδεις,
1290 1488 1396 1519 νεύσεις
1420 1489 1467 1514 καὶ
1489 1488 1646 1520 ἁνανεύσεις
1672 1489 1719 1515 σὺν
1744 1490 1831 1515 οὐδενὶ

1045 1535 1127 1569 λόγῳ,
1149 1534 1227 1568 λόγος
1246 1534 1389 1569 ἱστάμενος
1412 1535 1459 1561 καὶ
1478 1534 1644 1569 κοπτόμενος
1670 1534 1727 1570 (75)
1751 1535 1832 1561 τινεὺ-

206 1581 339 1608 ιιεειυοηε,
364 1582 446 1615 putus
468 1583 496 1605 et
520 1584 630 1606 renutus
649 1579 722 1606 omni
739 1580 842 1608 ratione
856 1586 989 1614 carentes,

1047 1589 1121 1617 ματι,
1142 1580 1290 1616 ἐρωτήσεις
1311 1580 1422 1606 ἄτακτοι
1447 1581 1493 1606 καὶ
1509 1580 1648 1613 ἀσύνετοι,
1672 1582 1832 1617 ἀποκρίσεις

207 1629 298 1649 sermo
314 1622 418 1650 haerens
431 1623 582 1658 spirituque
595 1624 748 1656 interciSus,
764 1625 991 1660 interrogationes

206 1667 367 1695 inordinata;
380 1673 407 1696 et
422 1668 561 1703 imperitae,
578 1670 767 1704 responsiones
782 1669 823 1697 his
837 1670 921 1697 nihilo
934 1678 988 1698 me-

207 1713 301 1747 liores,
317 1713 378 1741 aliae
392 1715 419 1741 in
431 1714 498 1742 alias
510 1715 683 1748 insultantes,
697 1723 749 1742 non
763 1715 814 1743 sibi
826 1720 990 1750 constantes,

208 1767 258 1787 nec
270 1760 432 1789 eruditionis
446 1762 540 1790 ordine
553 1763 766 1797 progredientes.

242 1806 338 1834 XXIV.
358 1807 429 1840 Quid
444 1808 549 1843 singula
567 1809 721 1836 describere
737 1817 846 1837 necesse
867 1811 928 1837 est?
943 1809 993 1837 Ta-

208 1852 259 1879 lem
272 1856 335 1880 ante
344 1859 425 1886 opera
438 1853 612 1888 conspicatus
622 1861 693 1887 sum,
707 1853 814 1888 qualern
828 1853 854 1880 in
866 1854 992 1888 operibus

241 1941 298 1976 (67)
317 1941 580 1978 Ἀιςτιπροῠπίνετο.
595 1942 666 1978 Reg.
686 1941 988 1978 Ι),((>οῐί).4,ὰντεπροι)-

207 1976 310 2007 πίνετο.
347 1976 481 2010 Quidquid
505 1977 538 2003 de
559 1977 655 2004 Iuliani
683 1978 806 2004 casﬁtate
830 1976 991 2011 dicanleius

207 2012 363 2038 adulatores
388 2012 557 2045 Ammianus,
585 2012 692 2044 Liban.,
711 2017 775 2044 etc.,
801 2012 857 2046 ipse
879 2020 909 2039 se
929 2020 991 2046 pro-

207 2047 246 2073 dit
262 2047 368 2078 Misop.,
393 2053 419 2080 p.
438 2046 483 2079 69,
502 2051 528 2073 ct
542 2048 620 2079 epist.
637 2046 680 2073 40.
701 2046 767 2074 Nam
788 2047 836 2073 etsi
855 2047 990 2082 legitimos

208 2089 261 2108 non
278 2082 401 2122 habuerit
415 2082 523 2114 liberos,
541 2082 694 2116 illegitimos
712 2086 799 2109 tamen
822 2089 874 2109 non
889 2089 992 2116 paucos

218 2122 370 2149 trocreavtt.

208 2126 539 2187 |’r?§§§a‘;1lpo.laﬁoﬁaa.
569 2151 635 2187 Reg.
665 2152 682 2187 l,
718 2150 834 2179 Montac.
866 2151 989 2179 Combef.

207 2187 406 2224 προσλαξοῦσα.

243 2222 299 2258 (69)
314 2220 409 2250 *Ηλθε
424 2222 500 2258 γάρ,
515 2227 566 2248 etc.
588 2221 649 2250 llazc
664 2232 678 2250 a
694 2222 772 2251 Billio
795 2221 991 2258 male_reddita

207 2256 346 2294 contendit
358 2257 546 2294 Combelisins,
568 2262 596 2284 et
609 2259 648 2286 sic
661 2259 719 2294 ipse
736 2257 836 2294 vertit:
853 2266 861 2282 ‹
872 2256 939 2294 Nam
955 2257 989 2283 il-

206 2293 251 2328 ,luc
264 2299 372 2326 quoque
395 2299 424 2319 se
437 2292 558 2324 contulit,
577 2292 775 2328 statim-atque
787 2292 871 2318 frater
891 2292 984 2326 ipsius,

207 2327 252 2361 qui
268 2328 359 2355 Caesar
371 2332 477 2354 creatus
491 2328 587 2360 fuerat,
607 2327 755 2361 rebellavit,
771 2327 822 2354 hoc
836 2327 923 2361 ipsum
937 2328 985 2354 de-

206 2366 342 2396 precatus,
359 2362 410 2394 vel,
439 2363 522 2396 ipsius
547 2363 627 2396 petita
648 2364 790 2395 facultate;
808 2372 816 2388 ι
841 2369 936 2396 nempe
957 2366 987 2389 ut

205 2396 280 2432 paris
302 2397 455 2424 rebellionis
473 2405 487 2423 a
512 2405 541 2425 se
561 2399 741 2432 suspicionem
765 2402 910 2424 amoveret.
930 2396 986 2424 Vox

205 2431 277 2464 enim
290 2431 344 2466 illa,
358 2432 535 2468 νεωτερίζειν,
550 2440 601 2459 non
611 2431 716 2461 videtur
730 2433 893 2468 Combeiisio
903 2432 986 2465 signi-

206 2468 297 2501 ﬁcare,
316 2477 325 2493 ‹
339 2467 509 2495 rebellionem
531 2468 671 2501 cohibere;
685 2479 694 2495 ι
711 2469 766 2500 sed,
791 2477 799 2492 ι
812 2467 917 2494 rebellis
941 2474 986 2494 es-

204 2511 235 2533 se
248 2511 256 2535 ;
271 2512 281 2528 ι
309 2503 378 2530 sicut
399 2510 448 2530 nec
463 2503 524 2534 ista,
541 2502 662 2536 βασιλέα,
679 2505 711 2531 ad
725 2502 923 2533 Constantium,
937 2503 984 2529 sed

205 2538 239 2564 ad
254 2537 360 2565 Gallum
377 2539 521 2572 pertinere.
537 2537 635 2565 Verum
652 2540 707 2566 haec
722 2537 907 2571 interpretatio
923 2544 984 2563 cum

204 2573 318 2601 historia
331 2574 486 2601 consentire
501 2574 604 2606 nequit.
617 2573 675 2601 Non
693 2574 764 2601 enim
778 2572 911 2604 Julianus,
928 2577 985 2599 sta-

206 2610 253 2634 tim
270 2613 351 2642 atque
373 2616 516 2643 germanus
534 2609 617 2635 frater
639 2617 683 2636 res
704 2617 789 2635 novas
806 2607 913 2643 molitus
930 2612 981 2643 est,

203 2651 253 2670 seu
280 2641 426 2676 rebellavit,
448 2644 570 2670 Athenas
585 2651 614 2670 se
629 2644 761 2675 contulit;
781 2651 830 2670 nec
848 2641 939 2669 Gallus
952 2642 985 2668 il-

205 2678 250 2705 luc
262 2679 341 2706 eundi
353 2679 509 2706 facultatem
525 2679 608 2706 dedit.
631 2679 658 2705 id
675 2683 780 2706 constat
805 2685 837 2704 ex
863 2678 921 2711 ipso
937 2676 984 2703 Ju—

204 2712 287 2748 liano,
300 2713 346 2740 0r.
359 2714 392 2742 ad
408 2714 515 2747 Athen.,
528 2721 553 2748 p.
565 2713 628 2746 501,
643 2719 713 2747 etc.;
730 2721 764 2741 ex
775 2713 921 2748 Ammiam,
935 2712 981 2739 lib.

205 2756 250 2784 xv,
266 2757 293 2784 p.
306 2749 350 2780 54,
367 2756 400 2776 ex
413 2747 577 2779 Libanuror.
593 2757 648 2782 xu;
666 2756 700 2775 et
713 2749 866 2779 Snzotnen.,
883 2747 900 2773 Ι.
915 2754 982 2784 vtc.

204 2783 233 2821 2,
245 2781 298 2811 etc.
311 2783 394 2821 igitur
403 2784 479 2821 gallo
494 2785 601 2811 Caesare
623 2789 809 2821 esanctorato,
837 2789 907 2809 anno
919 2781 981 2821 δξι,

204 2816 298 2846 inense
309 2816 428 2852 Uctobri,
447 2823 477 2845 ut
489 2824 620 2846 testantur
648 2819 762 2850 ldacins,
778 2818 913 2849 Socrates,
937 2816 984 2852 So-

205 2860 344 2885 zomenus,
361 2854 502 2886 Eusebius,
522 2854 685 2888 Scaligerns,
710 2854 845 2885 Petavius,
864 2856 917 2888 etc.
937 2851 983 2888 Ju—

214 2889 304 2922 iauus,
321 2888 444 2916 Eusebia:
467 2887 646 2922 imperatrieis
668 2896 728 2922 ope,
750 2889 862 2915 crimine
876 2887 983 2913 absolu-

217 2921 257 2965 ξμς,
274 2931 305 2952 ac
321 2923 399 2957 liber,
422 2921 540 2952 Athenas
562 2925 637 2959 petiit
671 2921 759 2951 modio
785 2922 894 2950 circiter
912 2928 981 2950 anno

1043 1627 1119 1654 οὐδὲν
1132 1626 1233 1653 τούτων
1249 1626 1387 1662 ἀμείνους,
1404 1626 1530 1661 ἀλλήλαις
1551 1626 1764 1662 ὲπεμϐαίνουσαι
1784 1628 1830 1654 καὶ

1044 1674 1093 1700 οὐκ
1113 1672 1263 1706 εὐσταθεῖς,
1278 1672 1337 1698 οὐδὲ
1353 1673 1426 1706 τάξει
1443 1673 1584 1708 προϊοῦσαι
1601 1673 1776 1706 παιδεύσεως.

1080 1807 1144 1832 ΚΔ’.
1159 1806 1190 1831 Τί
1203 1806 1235 1832 ἂν
1249 1813 1283 1831 τα
1299 1807 1358 1832 καθ’
1377 1806 1489 1833 ἕκαστον
1504 1806 1652 1842 γράφοιμι;
1667 1805 1765 1832 Τοῦτον
1775 1806 1830 1841 (76)

1046 1853 1098 1888 πρὸ
1120 1852 1173 1878 τῶν
1196 1852 1283 1886 ἔργων
1303 1851 1473 1888 ἐθεασάμην,
1488 1853 1518 1880 ὃν
1537 1853 1584 1879 καὶ
1600 1853 1647 1878 ἐπὶ
1669 1852 1724 1878 τῶν
1742 1852 1830 1887 ἔργων

1046 1941 1108 1973 555,
1127 1949 1198 1974 cum,
1216 1948 1277 1968 mox
1295 1948 1309 1967 a
1332 1940 1424 1968 fratris
1445 1942 1528 1973 czede,
1552 1948 1643 1968 coram
1671 1941 1830 1968 CGnslanlio

1046 1977 1217 2037 impegatore.
1237 1977 1270 2003 ad
1290 1976 1396 2011 objecta
1417 1977 1467 2004 sibi
1487 1976 1602 2004 crimina
1626 1975 1770 2003 Mediolani
1788 1984 1830 2003 re-

1046 2019 1110 2037 snon
1132 2017 1205 2037 isset.

1044 2017 1205 2038 SDOHGISSGI.

1058 2019 1205 2046 ponutsset.

1080 2046 1135 2080 (70)
1155 2045 1243 2073 Ἐκεῖ.
1260 2045 1328 2080 Reg.
1347 2046 1392 2078 hu,
1419 2046 1438 2080 l,
1454 2046 1554 2081 aliique
1570 2046 1702 2079 nonnulli,
1726 2047 1826 2072 ἐκεῖσε.

1079 2081 1134 2115 (71)
1145 2081 1201 2108 Καὶ
1218 2081 1251 2107 τὸ
1279 2082 1417 2115 περιττὸν
1442 2081 1497 2116 τῆς
1509 2081 1689 2113 ἐκστάσεως.
1718 2090 1727 2107 ι
1740 2081 1773 2108 Et
1789 2082 1830 2107 in—

1043 2117 1207 2149 compositus
1219 2118 1339 2151 corporis
1367 2116 1505 2144 habitus»
1530 2116 1640 2144 Rectius
1655 2123 1746 2150 quam,
1765 2125 1774 2141 ι
1791 2116 1829 2142 itt-

1046 2151 1183 2178 credibilis
1211 2152 1308 2179 mentis
1329 2158 1490 2182 excessus,»
1516 2156 1547 2177 ut
1579 2151 1661 2178 vertit
1686 2151 1826 2182 Valesius;

1048 2192 1103 2219 aut,
1120 2196 1129 2211 ‹
1143 2186 1253 2218 emutio,
1266 2195 1274 2211 ι
1301 2191 1331 2213 ut
1353 2186 1441 2213 reddit
1456 2186 1559 2213 Billius.
1575 2185 1680 2213 Etenim
1693 2186 1826 2213 exteriora

1045 2227 1122 2248 erant
1134 2229 1164 2247 ea
1188 2229 1220 2248 ex
1236 2221 1333 2253 quibus
1344 2221 1377 2248 de
1399 2221 1507 2249 Juliano
1525 2221 1565 2247 sic
1583 2220 1825 2254 conjiciebatGre—

1046 2257 1138 2289 gorins
1155 2255 1231 2290 juxta
1247 2257 1303 2282 hzec
1326 2255 1472 2290 Scripturae
1489 2256 1718 2283 verbazAmictus
1736 2264 1826 2287 corpo-

1042 2292 1086 2323 ris,
1107 2296 1130 2317 et
1155 2292 1221 2318 risus
1246 2291 1374 2325 dentium.
1394 2295 1417 2318 et
1441 2292 1574 2325 ingressus
1605 2291 1718 2317 hominis
1744 2298 1826 2317 emtu-

1040 2326 1153 2362 tiantide
1167 2324 1324 2362 illartEco/i.
1340 2333 1396 2362 XIX:
1413 2325 1468 2362 27).

1041 2396 1054 2406 ν
1074 2361 1129 2396 (72)
1147 2359 1289 2390 Εικάζειν.
1308 2361 1363 2388 Duo
1377 2359 1460 2395 Regg’.
1482 2360 1528 2388 0r.
1546 2360 1571 2395 1,
1585 2360 1667 2388 Mont.
1685 2369 1732 2396 γρ.
1748 2360 1825 2387 είκὰ-

1038 2405 1088 2427 gat.

1073 2431 1129 2467 (Ἐξ)
1158 2431 1420 2467 Ἀνασηκορμενοι.
1451 2430 1534 2467 Μοηῑ.
1561 2439 1607 2466 γρ.
1636 2430 1824 2465 ἀνακοπτόμε-

1037 2465 1087 2494 vat.
1103 2465 1147 2493 Sic
1164 2467 1299 2493 Socrates.
1312 2465 1438 2493 Valesius
1456 2465 1658 2500 interpretatur,
1677 2476 1687 2492 ‹
1698 2467 1825 2493 lmmeros

1038 2501 1159 2528 libratos.
1174 2511 1183 2527 ι
1198 2501 1320 2534 Budmus,
1348 2510 1358 2526 ‹
1369 2501 1467 2529 vibrati
1490 2501 1523 2535 ad
1539 2501 1645 2527 modum
1660 2501 1746 2531 librze,
1761 2509 1823 2528 cum

1037 2536 1128 2563 lances
1151 2536 1270 2563 vicissim
1296 2536 1412 2563 subeunt
1437 2541 1464 2562 et
1490 2543 1597 2570 pessum
1615 2541 1689 2563 eunt.
1706 2546 1715 2562 ι
1739 2535 1822 2563 Μοηι.

1037 2572 1174 2604 putathoc
1184 2578 1244 2598 esse
1259 2571 1330 2607 quod
1355 2571 1392 2607 ait
1403 2570 1508 2601 Cicero.
1528 2580 1537 2597 ι
1553 2575 1657 2607 gestum
1675 2579 1756 2605 agere
1772 2572 1823 2607 liu-

1037 2607 1128 2639 meris,
1147 2612 1175 2633 et
1195 2606 1393 2641 quodammodo
1409 2607 1442 2633 de
1464 2607 1544 2633 lintre
1558 2606 1629 2640 loqui
1643 2611 1753 2633 exserto
1771 2606 1822 2632 hu-

1036 2649 1121 2675 mero,
1147 2646 1175 2669 et
1199 2640 1306 2668 rursum
1341 2641 1419 2676 quasi
1444 2642 1477 2668 ad
1507 2640 1687 2676 aequilibrium
1714 2641 1824 2676 depres~

1036 2683 1074 2703 St).
1089 2687 1098 2702 ν

1071 2711 1128 2746 (74)
1142 2711 1295 2746 Φέρογτες.
1317 2711 1400 2739 Mont.
1419 2720 1464 2747 γρ,
1483 2710 1656 2748 φρονοῦντες,
1673 2718 1704 2738 ac
1723 2711 1760 2738 ita
1775 2710 1823 2738 So-

1035 2752 1132 2774 Cl'ﬂlQS.
1511 2754 1513 2756 ’

1075 2782 1343 2840 (ἓῖὶιξρῇτόμενος,
1363 2781 1446 2809 Μοηῑ.
1465 2790 1511 2817 γρ.
1532 2780 1773 2817 περικοπτόμενος,
1796 2785 1824 2808 et

1035 2818 1070 2845 ita
1087 2818 1223 2844 Socrates.

1071 2852 1126 2888 (76)
1151 2852 1270 2880 Τοῦτον.
1294 2852 1376 2880 Μοηι.
1397 2861 1442 2887 γρ.
1467 2851 1596 2885 τοιοῦτον,
1620 2858 1650 2881 ac
1670 2851 1706 2878 ita
1722 2851 1821 2879 Socra-

1035 2892 1083 2915 lCS.
