2071 3133
198 188 251 218 693

698 193 828 221 ORATIO
849 193 881 222 ν.
910 211 935 215 ——
957 196 1095 224 CONTRA
1117 197 1289 226 JL'LIANUM
1307 196 1338 225 ll.

1758 220 1760 223 .
1779 197 1832 226 691

199 249 344 285 ἐγνώρισα.
363 250 419 277 Καὶ
436 251 463 278 εἷ
481 259 525 286 μοι
537 253 664 288 παρῆσάν
682 262 754 285 τινες
767 254 820 282 τῶν
841 255 990 290 τηνικαῦτα

1043 262 1135 292 postea
1152 257 1327 293 deprehendi.
1344 256 1420 290 Quod
1436 256 1458 283 si
1475 255 1520 292 qui
1537 263 1569 283 ex
1589 256 1640 289 iis,
1658 256 1702 291 qui
1723 261 1778 284 tum
1796 258 1833 284 si-

198 296 331 323 συνόντων
337 298 384 324 καὶ
390 298 572 330 ἀκουσάντων,
579 298 608 325 οὐ
615 299 741 334 χαλεπῶς
749 299 782 326 ἂν
788 300 800 326 ὲ
804 300 892 336 μαρτύ
897 309 928 336 ρη
933 309 980 328 σαν
985 310 991 316 ·

196 339 247 374 οἷς,
260 343 358 378 ἐπειδὴ
367 342 453 370 ταῦτα
461 343 627 380 ἐθεασάμην,
639 344 719 376 εὐθὺς
727 345 912 381 ἐφθεγξάμην·
925 345 994 373 07m-

198 389 292 415 κακὸν
301 389 320 422 ἡ
328 389 432 423 Ῥωμαί
433 397 474 416 ων
480 389 536 425 (77)
543 390 654 424 τρέφει]
660 391 706 417 κα)¹
712 391 864 427 προαγορεύ
869 400 917 424 σας
925 392 990 428 (78),

199 434 245 460 καὶ
256 433 382 468 γενέσθαι
393 434 573 470 ψευδόμαντις
583 436 701 471 ἐμαυτοῦ
715 437 916 473 κατευξάμενος
923 439 989 474 (79).

197 479 331 514 Κρεῖσσον
344 479 399 515 γὰρ
410 480 536 515 ἢτούτων
551 481 606 516 (80)
613 481 766 517 πλησθῆναι
775 484 824 518 τὴν
830 484 992 520 οἰκουμένην

198 525 307 557 κακῶν,
324 525 372 552 καὶ
393 526 513 553 τοιοῦτον
533 527 702 562 ἀναφανῆναι
721 528 819 564 τέρας,
840 527 895 556 οἷον
914 529 991 557 οΰπω

198 570 330 606 πρότερον
348 570 404 606 (81)
415 580 421 586 ·
438 571 544 599 πολλῶν
562 573 610 608 μὲν
627 573 804 609 ἑπικλυσμῶν
825 575 990 610 ορυλλουμέ-

197 626 260 648 νων,
277 617 382 644 πολλῶν
396 617 424 644 δὲ
441 619 624 654 έμπρησμῶν,
642 620 689 646 καὶ
705 619 837 656 βρασμῶν
852 621 908 656 (82)
925 621 988 656 γῆς,

198 663 244 690 καὶ
260 663 409 698 χασμάτων
419 683 426 695 ,
440 663 480 690 ἔτι
497 664 526 690 δὲ
541 664 646 700 ἀνδρῶν
660 665 917 702 ἀπανθρωποτάτων
933 666 988 701 (85)

197 709 244 735 καὶ
263 709 366 744 θηρίων
380 709 532 737 ἀλλοκότων
552 719 582 737 τε
603 711 650 737 καὶ
664 711 808 742 συνθέτων,
822 709 859 739 ὧν
874 713 890 747 ἡ
909 712 990 746 φύσις

197 753 392 789 ἐκαινοτόμησε
406 754 473 788 (84).
491 755 583 791 Ταύτῃ
597 764 638 782 τοι
655 755 702 782 καὶ
719 756 796 788 τέλος
814 756 889 790 ἀξιον
905 756 988 792 ἠνέγ-

198 808 264 826 κατο
276 800 326 835 τῆς
341 800 469 832 ἀπονοίας
479 809 486 816 ·
501 800 619 828 ἐνταῦθα
642 801 722 837 μόνον
736 801 786 828 οὐκ
805 802 988 837 ἀνασχομένου

196 845 244 872 τοῦ
258 845 332 882 ,Θεοῦ
347 846 397 881 τῆς
418 845 549 882 συνήθους
572 847 773 882 μακροθυμίας,
797 847 861 875 ἔνθα
883 848 989 879 πολλοῖς

196 891 280 918 κακὸν
295 889 330 927 ἦν
348 892 379 918 τὸ
398 891 604 929 φιλάνθρωπον,
628 892 676 920 καὶ
697 893 797 929 πολλὴν
818 893 868 928 μὲν
891 893 986 929 ἔμελλε

197 937 326 973 παρέξειν
347 937 466 974 ἀθυμίαν
483 927 539 970 τοῖς
559 937 740 974 κατορθοῦσι,
763 927 864 975 πολλὴν
884 927 913 965 δέ
932 941 989 971 τοῖς
1005 927 1025 956 Β

197 983 383 1019 ἁμαρτάνουσι
404 984 623 1020 καταφρόνησιν
639 985 677 1017 ὠς
696 985 745 1012 οὐκ
759 985 911 1020 ἐφορῶντος
933 985 988 1021 (85)

195 1029 301 1062 οὐδενὸς
313 1030 348 1057 τὰ
363 1029 486 1066 ἡμέτερα
496 1049 504 1063 ,
518 1030 578 1057 οὐδὲ
597 1029 680 1067 οὔσης
702 1030 775 1062 τινὸς
797 1031 990 1066 κυϐερνήσεως

196 1075 213 1111 ἢ
232 1075 392 1108 ἀντιδόσεως
410 1075 477 1112 (86),
497 1076 565 1102 ἀλλά
579 1076 624 1103 τοῦ
639 1076 794 1112 αὐτομάτου
818 1076 848 1103 τὸ
864 1077 917 1103 πᾶν
941 1076 990 1111 φέ-

197 1122 289 1157 ροντός
307 1131 336 1148 τε
356 1122 403 1148 καὶ
426 1122 652 1158 περιτρέποντος·
667 1122 681 1148 ὃ
700 1122 818 1154 διανοίας
834 1123 892 1148 ἐστὶ
907 1131 989 1157 πονη-

198 1166 246 1201 ρᾶς
264 1167 312 1193 xui.
328 1167 390 1194 λίαν
408 1167 564 1202 ἐπισφαλῶς
584 1168 649 1194 πετὴ⁸
670 1167 724 1194 τῶν
739 1168 874 1203 μεγίστων
889 1160 988 1194 διακειέ

198 1211 292 1247 μένης-

1046 305 1101 332 ntul
1114 308 1193 332 erant
1205 323 1213 336 .
1234 309 1315 338 atque
1331 303 1491 336 audiebant,
1509 302 1573 329 mihi
1591 309 1662 330 nunc
1676 307 1774 338 prmsto
1790 309 1832 329 es-

1044 355 1114 381 sent,
1128 349 1199 377 haud
1213 356 1284 383 aegre
1299 348 1483 375 testimonium
1502 346 1672 374 exhiberent.
1690 347 1730 374 Ad
1747 355 1814 382 quos
1825 368 1831 377 .

1044 400 1073 422 ut
1086 395 1142 422 hare
1152 394 1295 428 conspexi,
1309 394 1400 419 statim
1416 392 1458 420 his
1471 392 1562 419 verbis
1574 398 1638 418 usus
1651 398 1729 418 sunt:
1745 391 1833 423 Quan-

1043 444 1098 467 tum
1112 440 1210 466 malum
1231 439 1280 466 sibi
1293 439 1341 466 alit
1360 438 1507 465 Romanum
1524 436 1683 471 imperium!
1705 436 1832 470 praefatus

1043 485 1120 518 licet,
1136 491 1168 512 ac
1188 485 1252 511 mihi
1264 505 1271 517 ,
1286 489 1315 511 ut
1338 483 1422 511 falsus
1439 487 1515 510 vates
1535 489 1638 513 essem,
1656 481 1830 516 imprecatus.

1042 529 1225 557 Prwstabilius
1241 529 1314 556 enim
1330 528 1356 555 id
1372 528 1461 555 fueral
1472 547 1480 559 ,
1498 527 1678 577 quatltautis
1694 526 1771 554 malis
1790 535 1831 554 or.-

1042 574 1100 601 beut
1117 579 1251 601 terrarum
1270 572 1387 608 impleri,
1404 572 1509 606 taleque
1523 572 1672 598 mo'r't‘strum
1687 573 1830 602 exsistere,

1041 619 1121 654 quale
1138 627 1276 654 nunquam
1292 624 1373 646 antea
1388 618 1478 645 visum
1491 617 1594 648 fuerat;
1609 617 1716 645 etiamsi
1731 617 1829 650 alioqui

1041 666 1140 692 diluvia
1164 665 1246 692 multa
1259 685 1266 697 ,
1289 669 1316 692 et
1336 663 1461 691 incendia
1489 663 1572 690 tuulta
1584 684 1592 696 ,
1609 669 1740 697 terraeque
1758 663 1831 690 velut

1040 712 1210 739 ehnllitiones
1222 731 1229 743 ,
1247 716 1270 738 et
1287 711 1391 743 hiatus,
1409 717 1440 736 ac
1456 709 1532 736 multi
1553 709 1662 743 insuper
1677 707 1830 735 crudelissi-

1042 758 1076 783 mi
1094 757 1229 788 homines,
1246 755 1394 790 bellurcque
1409 754 1585 789 prodigiosae,
1598 759 1624 780 et
1639 760 1672 781 ex
1686 753 1768 780 variis
1787 760 1831 787 ge-

1041 804 1149 830 neribus
1167 802 1298 835 conﬂatm,
1313 809 1382 837 quas
1397 804 1494 827 natura
1510 807 1578 827 novo
1597 807 1672 826 more
1690 798 1826 834 produxit,

1040 856 1166 877 sermone
1178 848 1328 883 iactantur.
1344 848 1382 875 Ae
1395 847 1506 882 proinde
1520 847 1599 874 linem
1615 853 1721 881 quoque
1737 852 1828 873 anten-

1041 894 1076 920 tia
1091 901 1139 920 sua
1155 893 1264 928 dignum
1284 892 1344 919 tulit
1361 901 1368 919 :
1386 892 1441 919 Deo
1462 891 1506 919 hic
1528 891 1613 919 solum
1636 895 1764 919 consueta
1779 899 1826 918 sua

1041 947 1072 966 ae
1094 939 1173 974 longa
1188 939 1319 974 patientia
1341 937 1379 966 uti
1404 946 1458 965 non
1483 937 1650 969 sustinente,
1670 937 1714 964 ubi
1738 936 1830 964 ntultis

1040 985 1191 1020 perniciosa
1207 985 1296 1012 futura
1314 989 1372 1013 erat
1386 988 1528 1019 prorogata
1544 983 1706 1018 benignitas,
1722 991 1754 1010 ac
1771 988 1827 1010 tum

1041 1033 1074 1060 iis
1086 1033 1130 1067 qui
1145 1032 1259 1060 honeste
1272 1037 1297 1060 et
1308 1039 1340 1059 ex
1352 1031 1439 1059 ofﬁcio
1452 1030 1545 1058 vivunt
1555 1030 1636 1057 animi
1652 1029 1828 1064 dejectionem

1041 1078 1163 1110 multam,
1184 1083 1239 1104 tum
1260 1077 1434 1112 peccantibus
1449 1079 1633 1109 contemptum
1656 1080 1683 1101 et
1706 1074 1827 1108 petulan-

1041 1124 1105 1151 tiam
1124 1131 1177 1151 mn
1191 1131 1302 1158 parvam
1317 1123 1430 1150 allatura
1444 1133 1451 1149 :
1469 1126 1596 1157 tanquam
1613 1121 1737 1148 videlicet
1751 1127 1829 1148 nemo

1040 1175 1112 1198 esset
1127 1170 1172 1204 qui
1189 1177 1232 1197 res
1253 1175 1362 1197 nostras
1377 1168 1540 1204 inspiceret,
1555 1167 1720 1203 praemiaque
1733 1172 1760 1195 et
1778 1175 1830 1202 pm-

1040 1223 1089 1243 nas
1100 1215 1196 1250 cuique
1207 1222 1256 1250 pro
1266 1215 1362 1243 nterito
1379 1213 1545 1249 rependeret,
1555 1213 1602 1241 sed
1621 1218 1721 1240 temere
1731 1220 1763 1240 ac
1773 1212 1829 1239 for-

197 1258 265 1285 tuito
275 1259 392 1287 mundus
403 1258 529 1291 ferretur,
539 1263 566 1286 et
576 1260 744 1295 volveretur;
756 1262 826 1296 quod
838 1269 926 1296 pravae
936 1262 1035 1290 mentis
1046 1267 1098 1294 est,
1109 1261 1239 1296 valdeque
1251 1261 1400 1296 periculose
1411 1260 1443 1287 de
1456 1260 1579 1288 maximis
1589 1261 1668 1288 rebus
1678 1260 1827 1287 sentientis.

231 1302 296 1330 KE'.
305 1305 398 1332 Ταῦτα
415 1305 469 1332 τῶν
483 1305 632 1332 Γαλιλαίων
649 1306 738 1342 ἡμῶν,
762 1307 846 1334 ταῦτα
860 1307 914 1334 τῶν
929 1308 988 1334 ἀτί-

199 1358 256 1384 μων
269 1349 304 1377 τά
314 1351 480 1387 διηγήματα·
493 1353 580 1380 ταῦτα
592 1353 616 1378 οἱ
627 1352 672 1379 τὸν
691 1353 898 1389 ἐσταυρωμένον
911 1361 990 1390 προσ-

197 1394 341 1428 κυνοῦντες
362 1398 442 1432 ἡμεῖς
452 1418 459 1430 ,
485 1398 572 1425 ταῦτα
589 1399 614 1425 οξ
627 1398 681 1425 τῶν
694 1398 793 1425 ἀλιέων
809 1399 929 1435 μαθηταὶ
944 1400 990 1427 καὶ

196 1441 251 1468 τῶν
273 1442 461 1476 ἀπαιδεύτων,
477 1444 515 1475 ὠς
532 1444 608 1471 αὐτοὶ
624 1444 751 1478 λέγουσι·
775 1445 861 1471 ταῦτα
885 1446 909 1471 οἱ
935 1447 990 1477 τοῖς

196 1488 330 1523 γραῖδίοις
345 1489 587 1525 συγκαθεζόμενοι,
604 1491 650 1517 καὶ
668 1490 883 1526 συμψάλλοντες·
900 1491 989 1519 ταῦτα

197 1533 222 1559 οἱ
236 1535 296 1566 ταῖς
312 1537 430 1570 μακραῖς
446 1536 587 1571 νηστείαις
603 1537 796 1572 ἐκτετηγμένοι
811 1538 858 1564 καὶ
871 1537 987 1573 ἡμιθνῆ-

197 1587 242 1611 τες
251 1579 317 1615 (87)·
326 1580 414 1608 ταῦτα
423 1582 446 1608 οἱ
457 1582 544 1618 μάτην
553 1583 853 1619 ἅγρυπνοῦντεςὴμεῖς,
870 1583 916 1610 καὶ
929 1585 987 1616 ταῖς

198 1625 344 1662 παννύχοις
367 1627 479 1655 στάσεσι
505 1628 748 1665 παραληροῦντες,
772 1630 819 1656 καὶ
846 1630 918 1666 ὑμᾶς
931 1629 987 1665 (88)

198 1672 422 1706 καταϐάλλοπες.
435 1675 490 1701 Ποῦ
502 1675 570 1703 εἰσιν
578 1677 601 1702 οἱ
612 1677 815 1712 γραμματικοί;
826 1676 876 1703 ποῦ
887 1677 955 1703 εἰσιν
965 1676 988 1702 οἱ

199 1717 344 1753 σύμϐουλοι
354 1720 418 1751 ςἘκ
430 1721 484 1747 τῶν
502 1721 566 1757 παρ’
579 1722 644 1756 ἡμῖν
660 1730 731 1753 τινος
741 1722 859 1756 ἀσόφων,
874 1721 912 1753 ὡς
925 1721 991 1755 γοῦν

199 1762 263 1797 ὑμῖν
284 1763 368 1796 δοκεῖ,
386 1765 517 1800 λαμϐάνω
536 1767 581 1793 τὸν
607 1765 749 1793 ἐπινίκιον.
766 1765 822 1792 Ποῦ
840 1766 867 1791 αἱ
889 1765 989 1796 Θυσῐαι.

198 1807 246 1833 καὶ
261 1808 384 1840 τελεταὶ,
403 1810 450 1836 καὶ
471 1811 624 1846 μυστήρια;
644 1811 695 1837 ποῦ
717 1811 820 1845 σφάγια
842 1810 947 1846 φανερά
962 1819 992 1836 τε

200 1853 247 1879 κα)⁵
265 1853 376 1889 ἀφανῆ;
393 1855 444 1881 ποῦ
461 1855 541 1892 τέχνη
558 1857 631 1883 κατὰ
647 1856 702 1883 τῶν
723 1857 843 1891 ὲντόμων
863 1856 991 1882 ἐπαινου-

201 1898 268 1934 μένη
296 1899 370 1935 (89);
396 1901 446 1927 ποῦ
467 1902 595 1938 τερατεία
611 1901 793 1938 προγνώσεως
814 1902 861 1928 καὶ
891 1903 992 1937 σημεῖα

199 1942 437 1979 ὲγγαστριμύθων;
450 1946 500 1972 ποῦ
510 1946 638 1973 Βαϐυλὼν
649 1948 665 1982 ἡ
676 1946 782 1979 ἔνδοξος
793 1946 991 1982 ορυλλουμένη,

201 1987 249 2014 καὶ
258 1989 404 2025 οἰκουμένη
418 1992 492 2017 πᾶσα
512 1992 709 2027 περινοουμὲνη
726 1992 781 2026 (90)
793 1991 826 2018 δι’
836 1991 928 2026 ὀλίγου
945 1991 992 2018 καὶ

201 2034 316 2068 ἐναγοῦς
331 2036 464 2071 αῖματος;
480 2037 531 2064 ποῦ
550 2038 578 2064 δὲ
593 2039 617 2064 οἱ
634 2039 663 2065 ὲν
677 2039 708 2073 τῇ
724 2038 796 2073 χειρὶ
811 2037 990 2074 κρατούμενοι

200 2079 302 2115 Πέρσαι
324 2083 372 2109 καὶ
389 2083 492 2118 Μῆδοι;
519 2083 571 2110 ποῦ
594 2084 622 2110 δὲ
642 2085 667 2110 οί
689 2083 919 2118 προπεμπόμενοι
944 2083 990 2111 καὶ

199 2126 430 2163 παραπέμποντες
445 2129 500 2163 (91)
512 2149 519 2161 ,
535 2129 582 2156 καὶ
597 2128 833 2165 προπολεμοῦντες
851 2129 900 2156 καὶ
919 2137 988 2164 συμο

236 2182 259 2198 ⁸⁸
275 2182 327 2210 lsa.
353 2191 450 2218 χχχιιι,
465 2185 513 2218 18;
534 2185 542 2212 1
557 2184 618 2212 Cor.
637 2192 656 2216 ι,
672 2184 717 2212 20.
757 2184 779 2200 θ’
794 2183 803 2210 1
817 2183 881 2211 Cor.
901 2192 926 2215 ς,
939 2184 984 2211 20.

237 2239 349 2276 (Ήλᾙ
371 2241 468 2276 Ῥωμα

200 2273 270 2315 λεία.
294 2275 397 2315 Bittius.
416 2273 723 2314 {Itontanoruut'regio,
737 2289 746 2304 ι
769 2273 839 2314 quod
854 2273 985 2306 Cdoibeli-

201 2310 243 2336 sio
256 2317 307 2336 non
324 2310 420 2342 placet.

237 2344 542 2387 (78),Hpoa1vaaa¢.
557 2348 595 2376 Ita
606 2349 726 2384 plerique
737 2349 890 2377 codd.Edit.
904 2358 987 2385 προσ-

201 2387 362 2413 αγορευσας.

254 2388 362 2414 ρευσας.

329 2417 535 2438 ἷιιηιίιέἡηιινηι-
560 2419 630 2438 ιῐηιιι
656 2427 692 2438 vn
718 2419 883 2438 νη-ειιε-ιηιω

217 2450 223 2457 η
240 2415 545 2476 (79).Κατευξάμενος.
560 2419 702 2460 Μοιιμγρ.
718 2419 902 2455 κατευξάμην.
912 2419 988 2446 Unde

202 2450 240 2477 Va
253 2458 343 2478 esms:
370 2451 515 2489 «_Cutttque
532 2454 557 2480 td
575 2455 770 2489 praedtxtssem,
792 2454 876 2482 Deum
893 2462 987 2487 preca-

203 2491 246 2513 tus
262 2493 319 2512 sum
333 2490 362 2512 Ill
372 2487 456 2514 falsus
467 2493 542 2516 vates
557 2487 654 2516 essem.
668 2499 678 2515 ὶ

238 2519 296 2554 (80)
314 2522 439 2549 Τούτων.
454 2523 516 2550 MSS.
529 2525 699 2552 eommunius
709 2525 846 2552 τοιούτοιν.

237 2555 294 2595 (gl)
307 2556 463 2595 Ιζρότερογ.
476 2558 570 2595 Plures
582 2567 645 2586 mss.
664 2561 773 2592 addunt,
787 2558 832 2595 ἦν.

237 2590 294 2625 (89.)
318 2590 476 2626 Βραάιιῶν.
508 2594 594 2621 Vertit
622 2595 709 2622 Vales.
735 2590 837 2622 «terra:
864 2599 984 2628 motus,»

202 2632 330 2666 instatque,
348 2635 371 2666 _t
386 2628 419 2654 ad
434 2628 491 2666 inec
507 2630 645 2656 hominum
665 2631 819 2658 inhttmante
835 2631 938 2665 species
955 2640 986 2658 ac

203 2660 336 2698 bellium},
347 2661 409 2688 ferae
427 2663 550 2698 denique,
567 2673 576 2690 ι
593 2670 643 2692 etc;

239 2695 296 2731 (85)
317 2695 608 2731 Ἀπανθρωπότάὲων.
625 2699 662 2727 Ita
686 2708 780 2727 omnes
798 2700 913 2728 codices.
933 2701 986 2728 Ln-

203 2730 254 2791 aus,
274 2730 317 2758 hic
332 2730 442 2760 munitio
458 2739 603 2769 corruptus
634 2735 659 2762 itt
674 2736 787 2764 Socrate
818 2735 880 2763 Par.
898 2736 986 2764 ἀπαν-

221 2773 328 2791 οωπων.

238 2773 328 2792 ωπων.

361 2802 453 2835 φύσις
465 2803 687 2843 ἐκᾳιγοτόμησε.
699 2806 824 2842 Quinque
840 2807 922 2843 Regg.
939 2807 986 2835 0r.

204 2834 231 2866 1',
241 2834 597 2879 ἓῇσεξςὶιέαινοτομηθεῖσαι.

240 2869 295 2932 (85)
316 2871 365 2904 Ὠς
388 2873 444 2899 οὐκ
459 2869 635 2914 ξςὲορῶντος,
663 2881 714 2904 etc.
735 2875 899 2907 Claudianus
911 2886 984 2906 eam~

241 2912 265 2931 In
290 2913 336 2932 ere
349 2913 510 2932 scnlenltam
526 2909 605 2932 Italmt
623 2920 628 2925 -

205 2903 265 2933 dein
281 2903 336 2934 fere
349 2903 605 2938 sententia'nt'ltabet
614 2903 628 2938 ’;

470 2242 531 2270 ίων.
556 2243 666 2279 Nempe,
685 2243 817 2275 πολιτεία,
839 2243 891 2275 vel,
909 2243 985 2278 βασι-
1000 2237 1023 2264 D

1078 1307 1156 1342 163
1172 1305 1255 1333 XXV.
1272 1305 1318 1332 lla:
1331 1313 1442 1338 n05trae,
1460 1306 1511 1332 hoc
1523 1310 1575 1336 est,
1591 1305 1773 1337 Galilmorum,
1789 1305 1830 1331 Ita:

1040 1355 1256 1386 contemploruut
1282 1354 1309 1377 et
1339 1350 1503 1385 abjectorutn
1528 1351 1668 1377 hominum
1696 1350 1829 1376 narratio-

1040 1407 1098 1426 ttes.
1115 1398 1177 1425 "ac
1204 1405 1265 1429 nos,
1285 1397 1329 1431 qui
1346 1396 1514 1424 Crtteilixttm
1531 1396 1676 1423 adoramus
1692 1405 1698 1422 :
1714 1397 1770 1422 hate
1790 1396 1830 1430 ιιί-

1039 1449 1186 1477 scatorum,
1202 1447 1239 1475 et,
1257 1448 1286 1470 ut
1304 1443 1353 1475 ipsi
1368 1443 1455 1474 aittnt,
1480 1442 1667 1476 imperitorum
1692 1441 1827 1475 discipuli.

1041 1491 1103 1518 "me
1120 1497 1179 1523 nos,
1203 1489 1249 1524 qui
1274 1497 1335 1515 cttttt
1361 1490 1460 1515 vetulis
1476 1489 1604 1515 sedemus
1632 1492 1658 1514 et
1675 1487 1828 1522 psallimus.

1041 1537 1104 1564 [hec
1130 1543 1179 1564 nos
1206 1534 1417 1570 longisjejuniis
1434 1534 1561 1565 confecti,
1588 1541 1619 1560 ac
1643 1534 1828 1561 semianimes.

1042 1584 1104 1611 llzec
1120 1590 1181 1616 nos,
1203 1581 1248 1616 qui
1273 1582 1376 1609 frustra
1402 1581 1556 1616 vigilamus,
1571 1585 1653 1615 atque
1677 1581 1702 1607 in
1723 1585 1831 1607 noctur-

1042 1629 1085 1657 nis
1103 1628 1266 1656 stationibus
1289 1634 1433 1661 nugamur,
1449 1631 1475 1652 et
1503 1630 1593 1652 tamen
1611 1632 1660 1652 vos
1676 1624 1828 1659 prosterni-

1042 1682 1112 1702 mus.
1129 1673 1178 1701 Ubi
1197 1677 1262 1700 sunt
1278 1672 1467 1707 grammatici?
1481 1671 1525 1698 ubi
1543 1670 1688 1698 consiliarii
1699 1670 1739 1696 ‘3?
1752 1669 1830 1697 Libet

1040 1720 1112 1747 enim
1128 1719 1161 1746 ab
1173 1718 1343 1746 indoctorum
1362 1717 1523 1745 nostratium
1540 1716 1667 1750 quodam,
1681 1720 1710 1742 ut
1721 1715 1828 1750 quidem

1040 1766 1117 1793 vobis
1131 1765 1248 1796 videtur,
1265 1763 1456 1798 triumphalem
1478 1763 1609 1798 hymnum
1624 1762 1756 1789 mutuari.
1779 1761 1827 1789 Ubi

1041 1811 1184 1841 sacriﬁcia,
1200 1814 1226 1835 et
1240 1816 1327 1840 sacra,
1343 1813 1371 1835 et
1380 1808 1506 1843 mysteria
1517 1809 1560 1834 ‘9?
1573 1807 1617 1835 ubi
1631 1808 1755 1840 victimae,
1773 1812 1828 1835 tam

1049 1860 1149 1890 aperta:
1167 1862 1248 1890 quant
1274 1853 1406 1881 occultae?
1434 1854 1478 1880 ubi
1503 1854 1663 1888 aruSpicinze
1693 1861 1748 1886 ars,
1770 1861 1829 1888 qua:

1044 1901 1121 1928 laude
1147 1908 1178 1928 ac
1207 1899 1398 1934 prtedicationc
1425 1899 1552 1926 cll'ertttr?
1578 1899 1622 1925 tibi
1651 1899 1828 1934 prazseientitn

1041 1946 1158 1978 vanitas,
1186 1951 1213 1972 et
1240 1944 1472 1978 vetttriloquorttm
1499 1944 1596 1979 signa?
1619 1944 1663 1971 ubi
1689 1944 1761 1971 clara
1784 1943 1828 1970 illa

1041 1991 1158 2027 Babylon
1176 1999 1301 2018 sermone
1313 1990 1462 2021 celebrata,
1479 1995 1506 2016 et
1522 1990 1666 2025 universus
1693 1994 1828 2018 terrarum

1039 2036 1114 2063 orbis
1127 2043 1176 2071 per
1189 2036 1317 2071 exiguum
1333 2041 1361 2063 et
1374 2035 1572 2063 exsecrandum
1585 2036 1745 2071 sanguinem
1756 2035 1830 2070 cogi-

1041 2082 1142 2108 tatione
1160 2082 1323 2117 perceptus?
1340 2082 1384 2110 ubi
1402 2082 1492 2109 Persa:
1507 2082 1544 2110 illi
1564 2088 1590 2110 et
1606 2083 1686 2116 Medi,
1704 2083 1749 2118 qui
1769 2090 1827 2110 ma—

1044 2127 1124 2154 nibus
1145 2127 1331 2156 tenebantur?
1349 2127 1393 2155 ttbi
1413 2128 1450 2156 dii
1473 2129 1523 2162 illi,
1537 2129 1582 2164 qui
1598 2129 1730 2164 praibant
1742 2134 1770 2156 et
1782 2129 1829 2163 qui

1109 2234 1185 2265 Str-pe
1202 2234 1266 2260 mihi
1280 2235 1384 2261 dubium
1401 2235 1481 2262 traxit
1496 2236 1624 2262 sententia
1637 2241 1753 2262 mentem.

1110 2269 1238 2295 (Iurat-em
1251 2269 1347 2303 Superi
1366 2275 1460 2302 terms,
1475 2279 1510 2297 an
1527 2270 1614 2297 nullus
1629 2271 1723 2297 inesset

1108 2303 1211 2336 ﬂector,
1227 2310 1248 2330 et
1262 2305 1360 2332 incerto
1373 2306 1483 2340 [luerent
1497 2306 1620 2332 mortalia
1632 2314 1721 2332 cursu.

1075 2359 1130 2394 (86)
1159 2360 1357 2394 Ἀντιδόσεως.
1393 2361 1460 2396 Reg.
1492 2361 1538 2393 hu,
1572 2362 1649 2389 Pass.
1680 2362 1829 2390 ἀνταποδό-

1039 2403 1116 2422 σεως.

1151 2430 1333 2468 ᾚμιρνῆζες.
1351 2431 1426 2458 Colb.
1446 2431 1474 2465 ιι,
1495 2431 1649 2468 ἡμιθνῆτοι.

1074 2465 1130 2501 (88)
1151 2465 1252 2501 Ὑμᾶς.
1266 2465 1345 2494 llerv.
1360 2467 1444 2501 ἡμᾶς.

1074 2500 1129 2535 (89)
1147 2499 1437 2537 Ἐπαινουμένηῖὸίο
1449 2501 1533 2537 Regg.
1545 2507 1657 2537 septem,
1670 2503 1745 2530 Colb.
1760 2507 1824 2535 tres,

1039 2535 1116 2577 Pass.
1133 2536 1294 2577 ete.'l’att_e-i,
1311 2535 1501 2577 ὲπινοουμένηῖ
1509 2535 1531 2563 ἰ
1552 2535 1604 2565 Ars
1623 2546 1683 2572 qua:
1703 2539 1736 2565 de
1749 2538 1825 2566 caesis

1038 2570 1322 2608 extisacgviseet‘ibus»
1336 2570 1490 2608 excogitata
1500 2577 1550 2599 est.
1575 2582 1583 2598 ι

1073 2605 1129 2641 (90)
1143 2606 1371 2641 Περινοουμένη.
1389 2605 1497 2634 (Orbis
1512 2608 1654 2634 universus
1674 2607 1757 2635 animi
1780 2608 1814 2636 de

1038 2641 1183 2678 stipatione
1206 2646 1365 2678 praeceptus.
1384 2651 1393 2668 ν
1409 2642 1454 2678 Sic
1475 2641 1548 2678 Plut:
1564 2643 1589 2669 in
1606 2641 1756 2675 Phocione,
1779 2652 1822 2678 με·

1038 2675 1108 2710 γάλα
1119 2676 1184 2712 ⁸ταῖς
1206 2675 1300 2702 ἐλπίσι
1319 2676 1462 2712 περινοῶν·
1496 2685 1505 2702 ι
1532 2676 1585 2712 Spe
1611 2685 1708 2712 magna
1735 2675 1821 2706 animt

1038 2710 1204 2744 complexus.
1216 2720 1225 2736 ›

1074 2746 1129 2780 (91)
1146 2747 1179 2772 Ol
1186 2747 1436 2782 προπεμπόμενα,
1443 2746 1491 2774 καὶ
1497 2747 1821 2782 παραπέμποντεςλεάἱϋ

1038 2781 1140 2807 addunt
1153 2789 1161 2807 :
1177 2781 1226 2817 καὶ
1240 2781 1459 2817 προπέμποντες,
1474 2784 1546 2816 quod
1568 2781 1715 2810 delevitnus
1736 2788 1822 2810 aucto-

1038 2817 1117 2842 ritate
1131 2823 1176 2843 sex
1200 2816 1282 2851 Regg.
1304 2816 1351 2844 οι.
1371 2818 1397 2847 1,
1417 2822 1469 2844 etc.
1489 2818 1618 2851 Agnoscit
1635 2822 1723 2845 tamen
1744 2818 1823 2846 Cont-

1041 2851 1093 2878 ιιεΓ.
1116 2856 1142 2877 et
1158 2852 1247 2882 vertit,
1277 2861 1286 2878 (
1313 2851 1353 2878 Dii
1369 2852 1406 2878 illi
1428 2852 1538 2880 honoris
1558 2860 1636 2882 causa
1653 2853 1772 2886 deducti,
1797 2857 1826 2881 et

1038 2887 1198 2914 deducentes
1215 2894 1244 2914 ac
1259 2887 1381 2915 comites.
1405 2897 1413 2912 ι
