2071 3133
187 157 239 188 699

787 161 815 188 S.
837 158 1001 188 GREGORII
1022 158 1200 188 THEOLOGI

1726 178 1733 185 .
1757 161 1810 189 700

188 219 276 246 dinem
287 218 416 254 gentibus,
440 219 466 246 in
493 219 575 246 risum
593 219 711 246 omnibus
727 219 903 247 hominibus"
918 227 924 246 :
938 219 976 247 vi-

1036 219 1097 250 ρίαν
1113 219 1161 246 καὶ
1181 220 1266 255 ὓϐριν
1280 220 1340 252 τοῖς
1362 220 1492 254 γείτοσιν
1517 219 1601 254 ἡβῶν
1613 240 1620 252 ,
1638 221 1811 253 παραϐολήν

189 272 268 292 neam
305 264 387 292 etiam
425 265 571 299 quamdam
615 266 914 297 commcmorabamus,
941 273 973 292 ex

189 309 317 345 .Egypto,
332 310 382 337 hoc
396 314 448 342 est,
464 317 498 337 ex
530 309 673 337 tenebrosa
697 310 846 345 impietate,
863 310 977 337 transla-

191 360 248 382 tam
260 355 294 388 ⁷⁸,
309 360 391 389 atque
419 354 446 382 in
471 354 532 382 ﬁdei
557 355 785 389 pulchritudinem
816 355 976 390 magnitudi-

191 408 307 436 nemque
331 405 451 432 auctam,
466 408 498 428 ac
526 401 624 428 deinde
650 402 779 433 maceria,
805 401 832 428 id
862 406 914 433 est,
929 401 976 428 Dei

193 447 368 482 inspectione,
380 454 434 482 qua
446 447 520 481 prius
535 446 730 478 muniebamur,
743 446 877 481 privatam
889 452 916 474 et
931 454 977 473 nu-

194 493 293 525 datam,
304 492 452 520 viateribus
462 491 598 524 omnibus.
608 492 661 519 hoc
669 498 719 525 est,
732 492 869 520 sceleratis
877 492 978 527 princi-

194 539 273 574 pibus
290 539 319 566 in
336 539 455 574 pratdam
465 539 612 573 obiectam,
626 543 706 573 atque
717 539 884 566 devastatam
897 545 911 564 a
921 537 978 565 fero

192 588 221 612 et
235 583 336 618 agresti
349 591 425 619 apro,
440 584 491 619 qui'
510 583 647 618 propriam
671 583 722 611 sibi
746 583 810 610 fecit
836 583 977 615 malitiam,

193 629 328 665 huiusque
345 637 425 657 caeno
442 629 618 664 singulariter
637 634 679 656 est
695 629 855 656 refertus".

229 674 352 702 XXVIII.
373 674 436 702 Haec
453 675 561 710 quidem
575 674 632 709 ipse
647 674 721 710 prius
739 679 766 701 et
788 674 939 710 cogitabam
954 678 981 701 et

193 721 228 749 ad
244 721 330 748 Deum
354 720 516 748 clamabam.
544 719 622 747 Nunc
647 724 737 747 autem
759 727 840 754 quam
858 719 979 747 diversas

193 774 276 795 voces
292 766 419 794 assumo!
439 766 585 800 impiorum
605 765 719 793 exitium
742 765 869 800 deinceps
890 765 979 798 lugeo,

195 813 294 848 iisque,
310 812 356 847 qui
375 819 424 839 nos
438 811 500 838 odio
517 811 627 843 habent,
643 811 788 846 benignum
805 818 847 838 me
859 809 978 845 praebeo,

194 863 275 894 atque
292 857 448 893 hujusmodi
470 855 560 884 verbis
583 860 646 882 utor
662 863 670 883 :
685 855 821 888 Quomodo
837 854 903 889 {acti
919 859 979 881 sunt

194 906 223 932 in
242 904 453 931 desolationem?
468 903 555 930 subito
580 902 741 936 defecerunt,
760 902 894 935 perierunt
918 908 979 935 pro-
997 894 1018 921 Β

194 955 252 984 pler
265 949 429 984 iniquitatem
442 947 559 980 suam",
575 951 698 981 tanquam
716 945 801 981 pulvis
816 954 891 981 quem
905 946 980 972 turbo

195 995 324 1022 abstraxit
333 995 366 1026 ",
376 999 500 1028 tanquam
514 993 610 1027 lanugo
621 1000 680 1027 qua:
688 1001 703 1018 ιι
719 996 791 1018 uento
804 991 935 1026 disjicilur
945 991 978 1023 θ’,

195 1045 320 1075 tanquam
343 1047 386 1066 ros
402 1039 546 1065 matutinus
557 1038 590 1071 ⁸³,
609 1042 737 1073 tanquam
758 1037 864 1064 emissa:
877 1037 981 1072 sagittae

196 1086 310 1118 stridor,
327 1090 456 1119 tanquam
474 1083 585 1111 tonitrui
601 1083 729 1118 impetus,
746 1087 875 1117 tanquam
894 1082 982 1117 fulgur

195 1131 327 1160 emicans.
347 1130 423 1164 Quod
438 1130 461 1158 si
476 1137 547 1157 nunc
561 1129 656 1157 saltem
683 1129 844 1156 sententiam
866 1132 980 1160 mutent,

197 1182 224 1206 et
238 1177 272 1205 ad
291 1177 429 1204 meliorem
449 1180 566 1203 mentem
589 1175 773 1206 traducantur,
788 1178 868 1210 atque
881 1173 982 1208 ingenti

197 1224 285 1253 errori
305 1231 337 1251 ac
353 1222 516 1250 temulentiae
533 1222 613 1257 166
628 1222 707 1248 linem
721 1221 899 1255 imponentes,
913 1219 984 1246 veri-

198 1275 281 1299 tatem
296 1272 496 1300 consectentur,
515 1267 630 1294 fortasse
653 1274 685 1294 ex
711 1266 767 1299 ipsa
786 1273 892 1300 quoque
907 1265 980 1292 cala-

200 1317 294 1345 mitate
311 1315 435 1344 nonnihil
451 1314 555 1342 fruetus
584 1313 618 1341 ad
648 1321 696 1341 eos
716 1312 826 1340 redierit
843 1312 984 1346 :quando-

200 1363 308 1398 quidem
327 1362 385 1397 ipsa
401 1361 556 1396 castigatio.
573 1360 606 1388 iis
623 1360 668 1394 qui
681 1358 752 1386 malo
764 1358 854 1393 aliquo
863 1352 985 1386 alliciun-

200 1414 255 1441 tur,
267 1408 410 1436 commodo
433 1414 504 1442 saepe
525 1411 606 1441 atque
631 1405 742 1432 utilitati
760 1409 812 1437 est,
834 1405 876 1431 sin
895 1409 985 1431 autem

199 1455 229 1482 in
259 1454 353 1482 eadem
379 1453 512 1481 sententia
540 1452 717 1484 manserint,
745 1456 828 1485 atque
850 1450 984 1477 idolorum

201 1499 305 1528 cultum
324 1499 412 1527 adhuc
427 1499 625 1532 amplexentur,
640 1505 672 1524 ne
687 1497 743 1532 ipsa
756 1497 863 1531 quidem
876 1495 987 1523 calami-

203 1551 269 1579 tate,
282 1553 343 1581 quae
356 1545 400 1573 vel
421 1545 531 1573 stolidos
546 1544 655 1571 erudire
670 1543 748 1575 solet,
764 1543 891 1570 meliores
910 1542 985 1569 ﬁent.

203 1590 415 1627 Hierosolymam
432 1589 539 1625 quidem
553 1588 685 1615 Jeremias
710 1594 794 1622 usque
811 1587 879 1614 adeo
903 1586 986 1622 luget,

202 1641 233 1664 ut
247 1636 329 1663 rebus
342 1641 449 1670 quoque
463 1633 589 1660 inanimis
605 1632 705 1659 luctum
716 1631 840 1666 imperet.
852 1639 885 1658 ae
895 1638 987 1658 muros

204 1683 237 1710 ad
254 1683 387 1717 lacrymas
409 1680 545 1708 invitet”.
571 1679 618 1706 His
634 1685 699 1705 vero
724 1678 786 1713 quis
807 1678 872 1705 satis
891 1677 987 1712 dignus

203 1729 292 1756 luctus
309 1727 478 1755 invenietur?
492 1726 545 1753 Aut
562 1726 623 1760 quis
653 1730 801 1760 prmsentes
819 1731 914 1751 eorum
931 1733 989 1760 pat-

206 1781 255 1802 nas
270 1773 376 1806 deﬂeat,
393 1780 426 1800 ac
443 1780 495 1800 non
518 1771 608 1805 potius
624 1770 744 1797 futurum
768 1770 917 1797 cruciatum
943 1771 989 1798 dc-

207 1821 303 1856 ploret.
315 1827 364 1855 pro
376 1827 409 1848 eo
424 1820 495 1855 quod
512 1819 595 1847 stulte
612 1822 735 1852 egerunt,
753 1821 780 1844 et
792 1818 887 1852 procul
900 1826 989 1846 reces-

204 1865 343 1898 serunt",
361 1872 394 1892 ac
405 1868 557 1891 creaturam
571 1870 628 1898 prae
650 1862 780 1890 Crcatore
797 1862 989 1891 coluerunt“:

1026 274 1058 291 τε
1076 265 1137 298 τοῖς
1161 267 1278 298 ἔθνεσι,
1297 266 1345 292 καὶ
1370 267 1483 301 γέλωτα
1509 264 1603 292 πᾶσιν
1631 265 1809 299 ἀνθρώποις·

1026 311 1149 346 ἅμπελόν
1169 311 1200 338 τέ
1218 320 1278 338 τινα
1301 311 1445 347 ἐλέγομεν,
1468 311 1514 338 καὶ
1540 311 1569 344 ἐξ
1589 311 1726 345 Αἰγύπτου
1748 320 1812 346 μετ-

1027 357 1213 393 ενηνεγμένην
1237 358 1286 393 τῆς
1302 358 1442 392 σκοτεινῆς
1463 357 1568 389 ἀοεῒας,
1584 357 1630 384 καὶ
1651 358 1691 388 εἰς
1715 357 1812 388 κάλλος

1028 404 1146 436 πίστεως
1163 403 1326 439 αὑξηθεῖσαν
1341 403 1388 430 καὶ
1409 403 1533 439 μέγεθος,
1549 401 1609 431 εἶτα
1624 403 1669 430 τὸν
1687 403 1812 440 φραγμὸν

1028 449 1244 484 περιῃρημένην,
1262 448 1310 484 τὴν
1336 448 1506 484 φρουροῦσαν
1520 449 1593 483 ἡμᾶς
1613 448 1682 480 τέως
1701 450 1812 474 ἐπισκο-

1029 494 1083 530 πὴν
1099 493 1145 520 τοῦ
1162 493 1228 520 Θεοῦ
1238 515 1246 527 ,
1259 495 1305 520 καὶ
1318 495 1385 520 πᾶσι
1397 495 1454 526 τοῖς
1473 493 1636 520 διοδεύουσιν
1652 494 1813 529 ἐκκειμένην

1029 542 1156 575 πονηροῖς
1176 539 1330 572 δυνάσταις,
1348 539 1395 566 καὶ
1418 539 1624 575 λελυμασμένην
1647 539 1702 574 (16)
1726 540 1814 575 ἀγρίῳ

1031 584 1074 611 συῒ
1086 584 1124 620 τῷ
1138 584 1186 620 τὴν
1198 585 1296 611 κακίαν
1311 583 1437 617 ἰδιάζοντι
1451 585 1570 620 πονηρῷ,
1584 585 1630 611 καὶ
1640 585 1737 617 κακίας
1750 585 1814 621 βορ-

1030 631 1110 667 ϐόρου
1126 631 1158 665 γέ
1163 639 1248 666 μοντι.

1065 677 1131 703 Kll’.
1149 676 1240 703 Ταῦτα
1254 677 1304 712 μὲν
1319 675 1366 704 οὖν
1387 677 1519 713 πρότερον
1533 677 1581 704 καὶ
1595 677 1752 713 διενοούμην
1768 678 1815 704 καὶ

1031 722 1152 749 ἀνεϐόων
1166 722 1235 757 πρὸς
1255 722 1301 748 τὸν
1315 722 1391 749 Θεὸν·
1409 723 1468 749 νυνὶ
1483 722 1510 748 δὲ
1530 723 1589 754 οἵας
1610 722 1668 749 ἀνθ’
1683 722 1745 748 οἵων
1766 731 1815 757 με·

1031 768 1195 803 ταλαμῦάνω
1211 768 1318 802 φωνάςῐ
1344 767 1435 803 θρηνῶ
1455 768 1546 794 λοιπὸν
1563 768 1618 794 τῶν
1641 767 1747 795 ἀσεϐῶν
1767 767 1816 803 τὴν

1031 813 1184 845 ἀπώλειαν,
1210 813 1258 840 καὶ
1275 813 1388 848 γίνομαι
1409 812 1598 849 φιλάνθρωπος
1621 814 1677 844 τοῖς
1697 812 1815 848 μισοῦσι,

1032 859 1079 886 καὶ
1093 859 1205 886 τοιαῦτα
1220 859 1374 894 φθέγγομαι
1385 867 1392 874 ·
1409 859 1476 892 Πῶς
1491 858 1630 894 ἐγένοντο
1645 860 1687 891 εις
1706 858 1817 893 ἐρήμω-

1032 912 1100 936 σιν;
1114 904 1241 937 ἐξάπινα
1254 903 1412 937 ἐξέλιπον,
1429 903 1585 931 ἀπώλοντο
1608 902 1656 929 διὰ
1672 901 1729 936 τὴν
1749 902 1818 929 ἀνο-

1030 951 1103 985 μίαν
1123 949 1231 981 αὐτῶν,
1252 950 1292 983 ὡς
1311 948 1461 984 κονιορτὸς
1476 947 1512 975 ὃν
1529 949 1668 982 ὑφείλετο
1684 946 1740 983 (l7)
1753 947 1819 974 λαί-

1033 998 1108 1031 λαψ,
1122 997 1161 1029 ὡς
1176 996 1271 1030 χνοῦς
1287 995 1338 1023 ὑπ’
1356 994 1467 1028 ἀνέμου
1485 993 1755 1028 διαῤῥιπτούμενος,
1779 992 1819 1025 ὡς

1033 1041 1140 1076 ἑωθινὴ
1161 1041 1281 1076 δρόσος,
1297 1041 1335 1072 ὡς
1359 1038 1447 1075 ῥοῖζος
1466 1038 1636 1073 πεμφθέντος
1662 1037 1765 1072 βέλους,
1780 1036 1818 1067 ὡς

1035 1087 1172 1123 crpus-60):};
1185 1087 1315 1123 βροντῆς,
1334 1085 1372 1118 ὡς
1392 1085 1519 1121 ἀστραπὴ
1543 1085 1697 1120 διᾴττουσα.
1720 1083 1751 1108 El
1769 1081 1819 1116 μὲν

1035 1133 1081 1162 οὖν
1096 1134 1143 1161 νῦν
1156 1133 1212 1168 (18)
1228 1131 1443 1168 μεταπεισθεῐεν,
1459 1131 1521 1165 καὶ,
1534 1131 1584 1165 τῆς
1599 1129 1697 1164 πολλῆς
1711 1127 1819 1155 παυσά-

1037 1189 1113 1216 μενοι
1126 1179 1182 1216 (19)
1197 1179 1301 1214 πλάνης
1319 1178 1366 1205 καὶ
1384 1177 1480 1214 μέθης,
1495 1175 1685 1213 μεταδιώξαιεν
1698 1175 1747 1210 τὴν
1758 1173 1820 1208 ἀλή-

1037 1227 1123 1258 θειαν,
1133 1225 1248 1260 τάχαίᾶν
1261 1233 1288 1250 τι
1301 1224 1405 1259 γένοιτο
1419 1223 1514 1260 κέρδος
1524 1223 1614 1253 αὐτοῖς
1628 1221 1674 1248 καὶ
1688 1221 1734 1247 τοῦ
1750 1219 1821 1246 πτώ-

1039 1280 1121 1307 ματος
1131 1280 1138 1286 ⁸
1155 1269 1250 1306 ἐπειδὴ
1266 1269 1313 1296 καὶ
1327 1269 1357 1296 τὸ
1379 1268 1554 1303 παιδευθῆναι
1570 1268 1624 1302 (ΞΟ)
1640 1267 1768 1298 πολλάκις
1781 1267 1821 1297 εἰς

1037 1317 1118 1343 καλὸν
1132 1317 1188 1348 τοῖς
1206 1315 1354 1350 πάσχουσιν
1365 1323 1372 1330 ·
1394 1316 1418 1342 εἰ
1435 1315 1456 1341 δ’
1480 1314 1526 1340 ἐπὶ
1541 1314 1590 1348 τῆς
1609 1313 1692 1348 αὐτῆς
1717 1312 1822 1347 μένοιεν

1038 1361 1160 1398 γνώμης,
1177 1361 1225 1388 καὶ
1241 1361 1409 1396 περιέχοιντο
1429 1360 1483 1386 τῶν
1501 1359 1616 1386 εἰδώλων
1640 1358 1679 1384 ἔτι
1690 1378 1697 1389 ,
1714 1357 1795 1392 μηδὲ,
1809 1357 1823 1383 ὃ

1038 1408 1084 1435 καὶ
1107 1408 1170 1439 τοὺς
1195 1406 1315 1442 ἠλιθίους
1335 1405 1457 1433 παιδεύει
1477 1405 1551 1441 (21),
1569 1403 1775 1440 σωφρονισθεῖεν
1789 1403 1822 1437 τῇ

1041 1454 1176 1489 συμφορᾷ.
1192 1453 1247 1488 Τὴν
1266 1452 1314 1487 μὲν
1333 1451 1511 1488 Ἰερουσαλὴμ
1523 1451 1617 1487 θρηνεί
1632 1448 1758 1476 τοσοῦτον
1776 1448 1825 1474 Ἰε-

1041 1498 1139 1534 ρεμίας
1149 1518 1156 1530 ,
1172 1498 1241 1524 ὥστε
1258 1497 1305 1525 καὶ
1321 1499 1376 1530 τοῖς
1392 1497 1506 1532 ἀψύχοις
1518 1496 1700 1523 διακελεύεται
1715 1495 1823 1531 θρῆνον,

1040 1545 1087 1571 καὶ
1101 1543 1154 1570 τῶν
1173 1543 1270 1579 τειχῶν
1285 1543 1461 1579 προκαλεῖται
1475 1542 1601 1578 δάκρυον.
1617 1541 1728 1572 Τούτοις
1742 1540 1770 1567 δὲ
1784 1539 1825 1571 τίς

1039 1590 1214 1626 εὑρεθήσεται
1234 1589 1331 1625 θρῆνος
1347 1589 1471 1622 ἐπάξιος;
1494 1589 1530 1615 Ἢ
1545 1588 1587 1620 τίς
1602 1587 1633 1615 ἃν
1657 1587 1780 1623 ὀδύραιτο
1792 1586 1826 1612 τὰ

1040 1636 1161 1672 παρόντα
1179 1635 1246 1671 (2'2),
1262 1636 1340 1670 ἀφεὶς
1357 1636 1390 1662 τὰ
1408 1636 1456 1670 τῆς
1473 1634 1621 1670 μελλούσης
1638 1633 1765 1669 δακρύειν
1780 1641 1825 1658 κο-

1036 1683 1151 1713 λάσεως,
1167 1681 1226 1708 ἀνθ’
1249 1678 1286 1708 ὧν
1312 1681 1524 1717 ἡφρονεύσαντο,
1542 1680 1589 1706 καὶ
1606 1678 1825 1715 ὲμακρύνοησαν.

1038 1729 1084 1755 καὶ
1106 1727 1271 1762 ἐλάτρευσαν
1293 1728 1327 1761 τῇ
1352 1726 1441 1753 κτίσει
1465 1725 1539 1762 παρὰ
1563 1725 1608 1751 τὸν
1629 1724 1774 1751 κτίσαντα*
1796 1724 1827 1749 ού

1040 1775 1119 1810 μόνον
1135 1774 1181 1806 δὲ,
1207 1773 1275 1800 ἀλλὰ
1297 1773 1343 1799 καὶ
1359 1774 1414 1804 τοῖς
1436 1771 1598 1807 λατρεύουσι
1614 1771 1652 1815 τῷ
1667 1770 1726 1805 Θεῷ
1746 1770 1829 1796 ἐπαν-

1041 1820 1176 1856 έστησαν,
1203 1820 1250 1846 καὶ
1281 1820 1360 1854 χεῖρα
1400 1817 1607 1845 ἐπανετείναντο
1637 1815 1753 1850 δυσσεεῆ
1782 1817 1828 1842 και¹

1040 1866 1171 1893 τοιούτων
1185 1865 1277 1892 κακῶν
1294 1864 1370 1908 ἀξίαν
1381 1873 1388 1897 ;

204 1919 256 1939 nec
277 1918 310 1939 eo
332 1910 464 1943 contenti,
486 1910 615 1937 adversus
634 1909 716 1937 etiam
748 1909 794 1936 Dei
826 1910 943 1938 cultores
977 1912 1105 1948 impetum
1141 1913 1283 1946 fecerunt,
1306 1919 1468 1947 manumque
1497 1911 1605 1946 impiam
1631 1915 1708 1944 atque
1735 1909 1827 1942 lttljllS-

207 1959 279 1986 modi
295 1958 373 1991 malis
388 1958 507 1992 dignam,
523 1958 708 1985 intentarunt?

241 2005 338 2034 ΧΧΙἏ.
363 2006 462 2034 Verum
482 2006 545 2039 hoc,
562 2005 790 2040 quemadmodum
807 2005 863 2033 Deo
881 2010 987 2041 gratum

206 2053 273 2086 erit,
294 2053 331 2080 ita
359 2059 389 2079 se
412 2052 520 2079 habeat.
542 2051 642 2085 Ecquis
659 2051 735 2078 novit
761 2059 824 2078 num
849 2051 930 2084 Deus,
944 2052 988 2086 qui

205 2098 287 2127 solvit
301 2098 467 2133 compeditos
479 2097 513 2131 ⁸⁷,
529 2104 693 2132 gravemque
703 2100 729 2124 et
745 2096 819 2123 humi
836 2102 989 2131 vergentem

206 2152 222 2172 ιι
241 2144 327 2180 portis
343 2142 475 2171 mortisin
489 2142 574 2169 altum
600 2141 768 2174 subvehit",
781 2142 826 2176 qui
842 2143 992 2176 peccatoris

208 2195 323 2219 mortem
345 2198 398 2218 non
422 2189 523 2222 vult”,
542 2189 589 2216 sed
615 2188 743 2221 reditum,
772 2188 817 2223 qui
846 2195 895 2216 nos
910 2190 991 2216 etiam

208 2236 281 2270 ipsos
297 2236 324 2263 in
337 2235 457 2263 tenebris
472 2239 500 2262 et
515 2234 610 2261 umbra
634 2233 729 2260 mortis
744 2233 880 2266 sedentes,
892 2233 993 2260 illumi-

209 2281 326 2316 navit”,
342 2289 375 2309 ac
390 2281 522 2315 sapientia
538 2279 677 2313 instruxit,
699 2280 748 2308 hos
761 2287 868 2315 quoque
886 2280 993 2308 tandem

243 2363 266 2379 ⁷⁷
282 2362 354 2390 Psel.
365 2370 457 2394 Lxxrx,
478 2362 510 2393 7;
523 2361 595 2389 Psal.
607 2360 737 2395 xLIIt,15.

207 2398 231 2414 ¹¹
247 2397 310 2432 Sap.
326 2405 352 2430 ν,
367 2397 412 2424 15.

209 2441 265 2466 IV],
284 2431 328 2460 15.
365 2432 388 2448 ⁵⁹
402 2432 501 2460 Ezech.
512 2439 610 2465 xum,
623 2431 668 2459 Η.
718 2431 740 2446 ¹¹⁰
756 2431 821 2459 Luc.
835 2439 854 2463 ι,
868 2431 913 2458 79.

242 2499 299 2536 (16)
317 2499 565 2535 Λελυμασμένην.
584 2498 648 2526 Sav.
667 2499 694 2527 in
706 2506 793 2535 marg.
811 2503 838 2527 et
858 2498 935 2526 Pass.
950 2498 995 2525 λυ-
1010 2497 1033 2524 D

209 2536 384 2572 μαινομένην.

244 2568 301 2606 (17)
320 2568 484 2606 Ὺφείλετο.
513 2570 559 2598 Sic
581 2570 659 2599 Pass.
679 2570 778 2604 aliique
799 2568 908 2597 codices
921 2575 995 2596 com-

208 2607 328 2634 munius.
343 2606 426 2638 Editi,
441 2606 579 2640 ὑφείλατο.
765 2639 770 2640 γ
840 2620 849 2628 ο

242 2641 298 2676 (18)
306 2641 341 2668 El
344 2641 403 2675 μὲν
410 2638 542 2669 οὖννῦν.
554 2641 632 2669 Pass.
640 2640 739 2676 aliique
746 2639 848 2676 plures,
855 2638 996 2676 γοβνλαιοι

209 2674 384 2711 Passim“.
401 2676 511 2704 etColb.
524 2677 625 2711 plures,
642 2674 837 2711 μεταϐληοεῖεν
853 2674 900 2700 καὶ
913 2681 995 2711 μετα-

209 2709 422 2738 πεισθεῖενΪΑιίὶ
439 2719 491 2738 non
505 2709 582 2744 pauci
601 2709 702 2738 habent
726 2709 840 2741 tantum,
857 2709 995 2744 μεταδλη-

208 2746 291 2777 θεῖεν,
306 2753 354 2780 pro
364 2743 579 2780 μεταπεισθεῖεν.
591 2743 870 2780 Eteertealterutrum
887 2743 993 2780 suﬂicit.

245 2778 514 2816 «ﬂmmeum.
529 2782 611 2816 Regg.
627 2785 752 2816 quatuor,
769 2779 845 2807 Colb.
859 2778 887 2816 ιι,
903 2778 950 2806 Or.
965 2779 991 2811 1,

210 2814 274 2847 etc},
291 2814 490 2850 ἂνανήψαντες,
515 2826 524 2842 ι
549 2814 581 2844 ad
589 2814 653 2844 sese
673 2815 833 2847 redeuntes,
855 2814 886 2841 ad
902 2821 994 2841 sanam

212 2854 338 2877 ruentem.
364 2849 377 2876 »⁷
398 2850 523 2885 Vaquerii
545 2851 641 2885 codex,
664 2849 859 2885 ἀνακύψαντες,
878 2858 886 2875 ι
907 2856 995 2877 emer-

212 2891 315 2920 gentes.
335 2894 344 2911 ι
362 2885 455 2915 Cteteri
472 2890 500 2913 ut
515 2887 589 2914 editi.

775 2361 798 2377 ’⁷⁸
811 2360 883 2388 Psal.
896 2368 993 2394 Lxxtx,
1006 2361 1034 2389 9.
1071 2360 1093 2376 ⁷³
1110 2359 1175 2387 ibid.
1190 2359 1233 2386 14.
1271 2359 1294 2374 ⁸⁰
1309 2357 1485 2394 ΡςιιιΙχιέιιιιΞ
1499 2355 1543 2394 19.

459 2397 481 2413 ⁸³
495 2390 563 2425 Osee
576 2404 614 2428 v1,
629 2398 657 2423 4.
677 2390 684 2395 ’
695 2395 826 2424 ⁸⁵Τ1ιτοιι.
839 2404 868 2428 ιι,
887 2396 914 2424 8.
952 2396 986 2422 ⁸⁵.

1036 2402 1083 2423 ειη.
1100 2403 1127 2427 x,
1143 2395 1186 2422 2i.
1225 2395 1248 2410 ⁸⁸
1256 2394 1333 2422 Rom.
1349 2401 1369 2426 ι,
1381 2393 1426 2420 25.
1463 2392 1485 2408 ⁸⁷
1499 2391 1570 2419 Psal.
1583 2399 1660 2423 cm,
1674 2391 1699 2418 7.
1736 2390 1830 2425 “Sep.

1073 2006 1137 2033 ΚΘ.
1148 2004 1233 2031 Τοῦτο
1244 2004 1292 2039 μὲν
1301 2000 1358 2036 οὖν,
1367 2002 1420 2037 ὅπη
1432 2001 1469 2036 τῷ
1480 2000 1538 2036 Θεῷ
1546 1999 1723 2035 φίλον,οὗτως
1733 1999 1827 2034 ἐχέτω.

1039 2052 1086 2083 Τίς
1096 2050 1165 2078 οἶδεν
1176 2051 1200 2076 εἰ
1211 2051 1225 2075 6
1235 2049 1305 2076 λύων
1311 2049 1373 2079 τοὺς
1380 2046 1581 2082 πεπεδημένους
1587 2045 1662 2076 Θεὸς,
1669 2045 1715 2071 καὶ
1721 2044 1829 2078 ἀνάγων

1041 2099 1073 2125 ἐκ
1087 2097 1141 2124 τῶν
1158 2095 1249 2123 πυλῶν
1269 2094 1316 2121 τοῦ
1334 2093 1448 2120 θανάτου
1467 2091 1512 2118 τὸν
1536 2090 1621 2126 βαρύν
1643 2099 1671 2116 τε
1689 2090 1737 2116 καὶ
1756 2089 1831 2116 κάτω

1045 2144 1166 2174 νεύοντα,
1181 2143 1195 2169 ὁ
1209 2142 1246 2177 μὴ
1265 2140 1425 2176 βουλόμενος
1443 2138 1490 2165 τοῦ
1506 2136 1667 2172 ἁμαρτωλοῦ
1686 2136 1731 2162 τὸν
1747 2128 1830 2162 θάνα-

1045 2198 1101 2222 τον,
1115 2188 1182 2215 ἀλλὰ
1195 2188 1245 2223 τὴν
1259 2185 1398 2216 ἐπάνοδον,
1412 2185 1426 2211 6
1440 2184 1487 2211 καὶ
1500 2184 1574 2219 ἡμᾶς
1590 2181 1758 2217 καθημένους
1773 2180 1830 2214 (25)

1047 2235 1075 2261 ὲν
1099 2234 1190 2261 σκότει
1214 2232 1260 2260 καὶ
1284 2232 1348 2267 σκιᾷ
1373 2229 1487 2257 θανάτου
1516 2228 1636 2263 φωτισας
1661 2227 1707 2254 καὶ
1729 2226 1831 2253 συνετί-

1049 2289 1097 2313 σας
1107 2280 1176 2317 (24),
1194 2280 1241 2306 καὶ
1255 2278 1366 2310 τούτους
1378 2276 1443 2304 ποτὲ
1453 2275 1631 2311 ἀναλήψεται,
1644 2275 1691 2300 καὶ
1704 2273 1832 2307 ποιμανεῖ

1593 2356 1614 2372 ⁸⁸
1626 2355 1675 2383 Joh
1703 2363 1760 2383 ut.
1786 2355 1830 2382 18.

1083 2497 1142 2558 (22g
1154 2494 1364 2530 Παιδευθῆναι.
1377 2494 1422 2523 Sic
1433 2501 1527 2523 omnes
1539 2499 1605 2521 mss.
1625 2491 1674 2518 Eu.
1685 2497 1758 2521 vero.
1771 2498 1818 2516 mu

1083 2541 1108 2558 λε
1145 2541 1182 2558 αι.

1048 2541 1182 2559 οευεσυαι.

1084 2567 1142 2630 δῇ)
1153 2565 1235 2600 Μηδὲ
1281 2564 1330 2592 καὶ
1344 2565 1415 2598 τοὺς
1427 2563 1563 2599 ἠλιθίους
1579 2560 1720 2604 παιδεύει.
1733 2559 1833 2602 Omnes

1103 2609 1156 2630 tces
1178 2605 1272 2630 nostri.
1297 2605 1324 2627 et
1343 2600 1419 2628 Pass.
1443 2600 1490 2626 καὶ
1512 2599 1526 2625 6
1547 2598 1614 2630 μηδὲ
1636 2604 1699 2627 τους
1714 2594 1832 2629 ἡλιθιους

1050 2594 1156 2630 codices
1178 2594 1272 2633 nostri,
1297 2605 1324 2627 et
1343 2594 1419 2628 Pass.
1439 2594 1490 2626 ’καὶ
1512 2599 1526 2625 6
1547 2594 1614 2634 μηδὲ
1632 2596 1699 2634 ’τοὺς
1714 2594 1832 2634 ἠλιθίους

1050 2637 1184 2664 παιδεύει.
1210 2631 1288 2662 Deest
1312 2635 1337 2662 in
1354 2634 1480 2662 omnibus
1505 2631 1553 2670 μή,
1568 2632 1639 2668 quod
1661 2631 1783 2665 sequitur
1804 2631 1832 2655 in

1049 2672 1139 2703 editis,
1155 2679 1188 2698 ac
1203 2671 1309 2697 videtur
1324 2670 1485 2697 redundare.

1082 2700 1139 2742 (22)
1157 2707 1194 2733 Τὰ
1210 2704 1437 2742 παράπαῬιιεε,
1451 2708 1478 2742 et
1492 2703 1536 2731 alii
1551 2702 1683 2738 plerique,
1695 2700 1749 2740 τῷν
1764 2707 1833 2742 παρι

1046 2734 1140 2774 όντων,
1161 2742 1241 2775 ἀφεὶς
1250 2734 1294 2767 ’τὰ
1311 2741 1365 2776 ,τῆς
1382 2738 1542 2774 μελλούσης,
1552 2734 1657 2770 ὀιο.,ἰ
1675 2735 1774 2763 omissa
1789 2734 1834 2761 lu-

1047 2778 1098 2804 turi
1119 2776 1241 2811 supplicii
1259 2775 1452 2811 deploratione:
1472 2783 1481 2800 ι

1084 2806 1360 2844 (Ξδηῖαθημένους.
1386 2810 1413 2837 In
1436 2810 1502 2844 Reg.
1524 2809 1569 2837 bm
1594 2812 1621 2836 et
1650 2806 1764 2834 Montac.
1785 2811 1821 2839 γρ

1049 2846 1256 2882 καθεζομένους.

1084 2882 1139 2918 (ΕΜ)
1151 2878 1330 2915 ’Σοί-δήσας.
1351 2881 1430 2909 Deest
1451 2880 1477 2908 in
1495 2879 1560 2914 Reg.
1578 2878 1595 2905 l.
