2071 3133
190 205 238 235 ’101

672 207 803 237 ORATIO
823 210 854 238 V.
878 226 910 230 ——-
929 210 1068 239 CONTRA
1084 187 1258 239 JULlA'NUM
1276 211 1308 239 ll.

1766 213 1818 242 702

190 265 223 299 τῇ
240 265 406 300 ποιμαντικῇ
422 264 522 301 ῥάϐδῳ,
539 265 588 301 τὴν
605 265 716 301 βαρεῖαν
731 268 778 294 καὶ
800 267 914 303 σιδηρᾶν
934 277 984 294 κα-

1038 269 1157 303 recipiet,
1182 269 1360 304 depositaque
1383 269 1458 304 gravi
1485 269 1529 296 illa
1543 273 1571 297 et
1584 269 1672 298 ferrea
1699 270 1817 306 virga",

190 309 355 345 ταθέμενος;
379 310 456 345 Ἐμοὶ
470 310 498 337 δὲ
514 311 594 338 πάλιν
611 312 680 348 πρὸς
691 312 737 340 τὸν
750 313 831 340 αὐτὸν
846 313 978 340 ἐπινίκιον

191 355 388 391 ἀναδραμεῖται
401 357 416 384 ό
429 356 508 391 λόγος
519 366 526 373 ·
545 358 657 386 Ἔπεσε
668 359 745 394 Βὴλ,
757 361 916 394 συνετρίϐη
930 362 980 386 Aa-

192 401 262 436 τὼν,
276 402 331 437 ἕλη
351 401 470 438 ἐγένετο
486 405 503 431 ὁ
516 404 635 438 Σαρὼν,
656 406 849 440 κατῃσχύνθη
863 407 880 433 ὁ
896 406 980 433 Λιϐα-

191 456 254 480 νος.
267 448 325 475 οὐκ
344 448 385 475 ἔτι
400 448 458 484 (25)
474 449 572 477 εἴπωσι
592 450 631 486 τῷ
651 450 734 487 μωρῷ
747 451 852 486 ἄρχειν,
866 450 906 487 τῷ
919 452 980 478 ἀκι-

191 493 264 529 νήτῳ
279 494 326 521 καὶ
341 494 497 532 ἀναισθήτῳ
511 496 566 524 τῶν
586 496 702 524 εἰδώλων
718 498 900 533 συντάγματι·
919 497 979 524 οὐδὲ

191 540 340 576 ζητήσουσι
362 542 444 577 μυῖαν
467 542 528 569 θεὸν
562 542 720 579 Ἀκκαρὼν,
744 544 762 580 ἢ
787 543 854 570 εἴτι
879 543 980 579 ταύτης

192 585 250 612 ἐστὶ
265 586 434 623 γελοιότερον
444 595 451 602 ·
472 587 522 614 οὐκ
537 587 577 614 ἔτι
595 587 629 614 τὰ
644 588 713 623 ἄλση
727 589 920 624 περινοήσουσι
933 589 980 616 καὶ

191 630 226 657 τὰ
238 631 337 667 ὑψηλὰ,
349 633 397 659 καὶ
411 633 466 660 πᾶν
480 632 543 669 ὅρος
560 633 677 669 εὔχυμον
691 634 738 661 καὶ
751 634 897 662 κατάσκιον
907 642 915 650 ⁸
930 634 980 661 οὐκ

191 678 231 705 ἔτι
242 678 354 706 Θύσουσι
366 679 430 711 τοὺς
447 679 523 711 υἱοὺς
533 679 623 706 αὐτῶν
637 679 684 707 καὶ
697 679 746 710 τὰς
759 679 912 716 Θυγατέρας
925 681 981 712 τοῖς

191 724 350 761 δαιμονίοις,
365 725 434 761 ὅπερ
446 726 529 753 πάλαι
544 726 558 752 ὁ
579 726 687 762 Ἰσραὴλ
699 726 752 753 ὑπὸ
766 726 819 753 τῶν
834 726 980 763 προφητῶν

192 769 353 802 ὠνειδίζετο.
380 770 461 796 Ἀλλὰ
474 770 501 797 τί
513 769 616 797 τούτων
632 771 710 806 ὲμοί;
725 770 799 806 Πρὸς
812 770 846 797 τὰ
859 770 980 806 παρόντα

192 815 239 841 καὶ
257 815 378 851 ἡμέτερα
396 815 543 851 τρέψομαι.
568 817 625 843 Οὐκ
647 816 687 842 ἔτι
709 817 766 848 τοῖς
791 817 873 852 ἱεροῖς
896 816 980 848 οἴκοις

193 860 270 895 ἡμῶν
292 861 409 897 πονηρὸν
427 861 482 896 (26)
500 861 696 897 ὲμὸλέψουσιν·
713 861 764 888 οὐκ
779 861 818 888 ἔτι
841 861 980 897 μιανοῦσιν

193 905 289 941 αἵματι
308 906 399 942 μιαρῷ
416 906 472 942 (‘27)
494 906 529 933 τὰ
547 907 597 942 τῆς
618 907 816 942 καθαρωτάτης
837 907 886 934 καὶ
906 907 982 934 ἀναι-

1031 314 1158 349 pastorali
1173 315 1247 349 virga
1260 315 1374 349 pascet?
1391 315 1454 341 Mihi
1479 322 1545 342 vero
1560 323 1656 342 rursus
1675 316 1708 344 ad
1726 315 1819 343 trium—

1031 359 1113 394 phale
1138 359 1274 386 canticum
1301 367 1361 387 sese
1389 360 1489 387 referet
1503 361 1592 387 oratio
1611 369 1618 388 :
1636 359 1736 387 Cecidit
1759 359 1818 392 Bel,

1032 406 1160 432 contritus
1181 411 1217 432 est
1237 405 1342 440 Dayan,
1359 406 1436 440 palus
1460 406 1547 440 factus
1569 410 1607 433 eu
1624 405 1817 440 Saron,pude-

1033 451 1120 485 (actu:
1136 455 1173 478 est
1194 450 1353 478 Libanus".
1377 450 1432 478 Nec
1453 451 1526 478 ultra
1549 451 1640 479 dicent
1665 451 1759 484 stulto,
1788 456 1818 478 ut

1032 498 1156 532 princeps
1185 497 1231 529 sit,
1249 496 1300 525 hoc
1323 501 1375 531 est,
1395 497 1528 524 idolorum
1553 497 1653 532 agmini
1683 503 1772 524 motus
1790 503 1818 524 et

1032 551 1128 570 sensus
1154 544 1256 578 experti
1272 550 1279 569 :
1295 551 1345 571 nec
1371 551 1491 571 muscam
1516 549 1647 578 quaerent,
1668 543 1748 571 deum
1765 543 1818 571 Ac-

1033 597 1112 616 earon
1125 589 1158 622 “,
1177 595 1224 616 aut
1238 589 1261 616 si
1278 589 1341 624 quid
1367 596 1398 616 ea
1423 589 1510 625 magis
1533 594 1574 617 est
1589 589 1744 617 ridiculum.
1758 588 1816 616 Non

1030 634 1085 670 jam
1108 635 1183 662 lucos
1203 640 1231 662 et
1251 635 1358 663 excelsa
1381 635 1439 662 loca
1463 640 1553 663 mente
1568 636 1731 671 concipient,
1744 643 1818 663 mon-

1034 685 1142 716 temque
1159 689 1266 709 onmem
1302 681 1458 709 frondosum
1486 687 1514 709 et
1543 681 1700 710 umbrosum
1713 681 1817 710 ".NOn

1031 727 1085 762 jam
1113 727 1183 754 ﬁlios
1213 735 1276 755 suos
1287 732 1314 754 et
1330 727 1399 755 lllias
1424 728 1565 755 daemoniis
1590 729 1817 761 immolabunt”,

1033 772 1103 808 quod
1134 772 1196 799 olim
1223 772 1315 800 lsraeli
1342 780 1357 799 a
1383 772 1522 807 prophetis
1548 772 1735 807 objiciebatur.
1765 772 1818 799 Sed

1033 817 1097 852 quid
1111 817 1169 844 haec
1186 817 1303 851 colligo?
1319 816 1359 844 Ad
1377 817 1519 851 praesentia
1541 822 1567 845 et
1590 822 1682 845 nostra
1696 824 1740 843 me
1751 825 1817 844 con-

1033 868 1148 891 vertam.
1170 863 1228 891 Non
1241 863 1297 897 jam
1323 863 1349 890 in
1365 871 1458 891 sacras
1490 869 1596 891 nostras
1628 863 1699 891 aedes
1721 871 1820 898 pravos

1033 910 1127 938 oculos
1151 909 1283 942 injicient.
1304 909 1364 937 Non
1390 909 1446 943 jam
1470 917 1532 936 aras
1546 917 1560 937 a
1576 909 1723 944 purissimo
1736 913 1762 936 et
1777 909 1819 936 in-

197 952 300 988 μάκτου
334 952 429 984 θυσίας
460 952 591 988 ἐπώνυμα
622 953 812 990 ουσιαστήρια·
842 953 902 980 οὐδὲ
930 953 983 989 βω-

1038 960 1146 982 cruento
1170 955 1305 982 sacriﬁcio
1335 963 1433 982 nomen
1459 955 1591 983 habentes
1618 955 1731 983 scelesto
1756 962 1821 982 san-

197 998 256 1033 μοῖς
271 998 327 1034 (28)
343 998 435 1031 ἀθέοις
453 998 487 1025 τὰ
512 999 601 1027 ἄϐατα
617 999 862 1035 καταισχυνοῦσιψ
877 999 928 1026 οὐκ
942 998 982 1025 ἔτι

195 1043 339 1080 συλήσουσι
353 1045 400 1072 καὶ
415 1045 614 1081 βεϐηλώσουσιν
628 1045 801 1081 ἀναθήματα,
825 1045 982 1079 πλεονεξίαν

194 1089 308 1125 ἀσεὸείᾳ
339 1089 480 1125 μίξαντες·
509 1090 561 1117 οὐκ
588 1089 629 1116 ἔτι
662 1090 858 1126 καθυϐρίσουσι
888 1089 983 1116 πολιὰν

197 1135 289 1171 ἱερέων
311 1135 379 1171 (29),
400 1136 552 1173 σεμνότητα
574 1135 720 1169 διακόνων,
735 1135 801 1163 αίδὼ
824 1135 981 1172 παρθένων·

196 1184 244 1210 οὐκ
263 1183 303 1210 ἔτι
320 1183 484 1219 σπλάγχνοις
509 1183 566 1219 (50)
585 1183 671 1217 ἁγίων
689 1182 900 1218 ἀνατμηθέντων
936 1183 985 1209 ἐπ-

196 1230 328 1265 αφήσουσι
346 1229 417 1255 συῶν
433 1229 555 1265 μιαρίαν,
567 1229 600 1256 ἵν’
615 1228 682 1265 ὁμοῦ
697 1238 728 1255 τε
743 1229 793 1264 τῆς
812 1229 916 1264 τροφῆς
937 1228 984 1255 καὶ

196 1276 248 1302 τῶν
269 1275 431 1311 σπλάγχνων
453 1274 662 1311 ἐμφορηθῶσιν
686 1275 736 1302 οὐκ
753 1274 793 1301 ἔτι
819 1274 985 1310 προσάξουσι

197 1321 251 1357 πῦρ
276 1321 423 1357 μαρτύρων
439 1322 595 1357 μνήμασιν,
608 1321 646 1353 ὡς
664 1321 751 1349 ἄλλων
768 1320 823 1356 (51)
845 1320 985 1355 ὲφέξοντες

196 1365 307 1400 ἄθλησιν
320 1367 380 1398 ταῖς
394 1367 455 1392 κατ’
467 1366 556 1393 αὐτῶν
568 1365 707 1401 ἀτιμίαιςθ
721 1365 772 1392 οὐκ
782 1365 823 1392 ἔτι
838 1365 904 1401 πυρὶ
921 1374 986 1392 κατ-

197 1411 378 1439 αναλώσουσιν
415 1412 500 1446 ἁγίων
534 1411 668 1447 λείψανα,
697 1412 786 1444 ὀστοῖς
812 1412 986 1447 ἀτιμοτάτοις

198 1457 442 1493 συνατιμάσαντες,
459 1458 508 1484 καὶ
524 1458 581 1490 τοῖς
598 1458 709 1493 ἀνέμοις
722 1457 853 1484 δώσουσιν
864 1477 872 1490 ,
884 1457 927 1484 ἵνα
939 1457 986 1484 καὶ

197 1506 245 1540 τῆς
262 1504 440 1540 ὀφειλομένης
462 1504 546 1540 τιμῆς
564 1505 620 1536 τοῖς
636 1503 768 1535 τοιούτοις
793 1503 986 1540 ἀποστερήσω-

199 1560 239 1577 σιν
264 1550 336 1585 (52)·
359 1551 411 1577 οὐκ
437 1550 478 1577 ἐτι
500 1550 634 1586 καθέδραν
654 1550 756 1585 λοιμῶν
782 1550 981 1586 συγκροτήσαν-

198 1606 241 1629 τες
258 1598 325 1633 (35),
341 1598 403 1629 ταῖς
428 1596 488 1624 κατ’
513 1597 687 1629 ἐπισκόπων,
709 1596 756 1623 καὶ
781 1595 986 1632 πρεσϐυτέρων,

1034 1002 1113 1036 guine
1134 1001 1358 1028 contaminabunt
1374 1009 1380 1027 :
1399 1008 1448 1028 nec
1475 1001 1532 1028 loca
1566 1008 1655 1033 sacra,
1674 1007 1721 1034 per
1738 1000 1820 1035 impia

1034 1046 1142 1078 altaria,
1157 1046 1257 1081 probro
1285 1053 1317 1072 ae
1338 1046 1470 1072 dedecore
1490 1044 1617 1072 aﬂicient.
1632 1043 1690 1071 Non
1702 1044 1757 1077 jam
1774 1051 1818 1070 sa-

1034 1093 1132 1129 crilega
1149 1101 1228 1119 tnanu
1247 1092 1336 1118 veliva
1359 1092 1428 1119 dona
1453 1091 1581 1126 diripicnt
1593 1096 1618 1118 et
1631 1090 1820 1126 profanahunt,

1034 1139 1200 1173 impietatem
1215 1138 1329 1165 avaritia
1355 1137 1534 1167 cmnulantes.
1556 1136 1613 1164 Non
1623 1135 1680 1171 jam
1696 1135 1822 1163 sacerdo-

1036 1189 1091 1211 tum
1115 1184 1253 1216 caniticm,
1278 1184 1454 1211 diaconorum
1473 1183 1659 1214 sanctitatem,
1681 1182 1816 1217 virginum

1035 1229 1164 1264 pudorem
1186 1228 1349 1256 contumelia
1369 1228 1542 1263 perfundcnt.
1562 1227 1619 1254 Non
1643 1227 1698 1260 jam
1714 1227 1739 1253 in
1756 1234 1820 1253 san-

1036 1281 1140 1303 ctorum
1164 1275 1308 1303 incisorum
1334 1276 1438 1303 viscera
1457 1274 1543 1302 foedos
1569 1279 1596 1300 et
1611 1274 1730 1308 impuros
1744 1273 1822 1308 167

1035 1328 1134 1356 porcos
1149 1321 1308 1353 immittent,
1323 1325 1353 1347 ut
1371 1319 1450 1347 simul
1468 1324 1495 1346 et
1518 1319 1616 1354 pabulo
1633 1324 1661 1347 et
1675 1319 1822 1346 visceribus

1038 1371 1203 1394 saturentur.
1229 1365 1288 1394 Non
1317 1366 1372 1401 jam
1399 1370 1547 1401 martyrum
1574 1365 1707 1400 sepulcris
1732 1365 1821 1398 ignem

1036 1421 1050 1440 a
1064 1412 1229 1445 Intovebunt,
1244 1416 1272 1439 ut
1286 1419 1333 1446 per
1351 1419 1444 1439 eorum
1460 1411 1635 1446 ignominiam
1651 1409 1718 1438 alios
1734 1418 1747 1437 ιι
1763 1418 1823 1437 cer-

1038 1459 1138 1485 tamine
1164 1459 1328 1485 deterreant.
1347 1456 1404 1484 Non
1431 1457 1488 1492 jam
1508 1461 1664 1484 sanctorum
1692 1455 1822 1490 reliquias

1037 1513 1097 1532 cum
1110 1505 1248 1533 vilissimis
1269 1505 1377 1533 ossibus
1395 1512 1443 1539 per
1465 1509 1649 1539 contemptum
1668 1503 1824 1538 permistas,

1037 1550 1155 1577 llammis
1173 1551 1334 1582 absument,
1359 1553 1387 1576 et
1407 1549 1433 1576 in
1456 1553 1552 1576 ventos
1573 1553 1710 1583 spargent,
1733 1552 1763 1574 ut
1792 1554 1826 1574 co

1038 1596 1153 1630 honore,
1170 1597 1216 1631 qui
1233 1595 1365 1631 ejusmodi
1377 1594 1532 1623 hominibus
1544 1594 1667 1626 debetur,
1684 1593 1757 1628 ipsos
1767 1593 1824 1628 pri-

199 1644 238 1671 Ξτι
253 1632 341 1671 δὲκαὶ
360 1643 519 1680 προφητῶν,
535 1643 583 1670 καὶ
603 1642 769 1675 ἀποστόλων,
785 1642 832 1669 καὶ
846 1641 926 1669 αὐτοῦ
939 1641 985 1668 τοῦ

1039 1646 1111 1668 vent.
1125 1641 1182 1669 Non
1195 1641 1251 1676 jam
1261 1640 1419 1669 cathedram
1429 1639 1619 1675 pestilentiae“
1627 1642 1824 1669 construentes,

199 1689 316 1726 Χριστοῦ
332 1689 518 1725 βλασφημίαις
531 1689 745 1725 ὲντρυφήσουσιν
756 1697 763 1703 ·
784 1688 833 1715 οὐκ
848 1687 888 1714 ἔτι
900 1696 987 1723 πανη-

199 1736 340 1772 γυρίσουσι
352 1735 415 1763 καθ’
426 1736 514 1772 ἡμῶν.
530 1736 606 1771 νόμῳ
617 1735 667 1769 τῆς
681 1734 806 1766 κιϐδήλου
821 1734 989 1765 παιδεύσεως

200 1782 429 1815 ἀποκλείσαντες,
451 1783 490 1814 ὡς
513 1782 580 1818 ὁμοῦ
605 1781 692 1817 τούτῳ
715 1781 764 1808 καὶ
788 1781 838 1812 τὰς
863 1779 987 1815 γλώσσας

201 1825 277 1861 ἡμῶν
291 1826 487 1862 ὲμφράξοντες.

1036 1686 1180 1714 maledicta
1207 1692 1234 1714 et
1259 1687 1382 1714 convicia
1405 1685 1536 1713 adversus
1556 1685 1708 1720 episcopos,
1720 1688 1747 1711 et
1762 1691 1826 1718 pre-

1038 1731 1181 1766 sbyteros,
1207 1737 1289 1766 atque
1315 1733 1397 1758 etiam
1431 1730 1588 1765 prophetas,
1616 1734 1642 1757 et
1673 1729 1821 1764 apostolos,

1040 1777 1231 1812 Christumque
1242 1777 1308 1804 adeo
1318 1777 1415 1811 ipsum,
1428 1776 1560 1811 conjecta,
1569 1783 1619 1811 pro
1630 1775 1733 1803 deliciis
1743 1775 1826 1802 habe-

1041 1824 1118 1851 bunt.
1143 1823 1201 1852 Non
1226 1824 1282 1858 jam
1312 1823 1455 1850 adversum
1473 1831 1521 1851 nos
1536 1822 1619 1850 festos
1631 1829 1662 1848 ac
1676 1821 1751 1848 lmtos
1769 1821 1827 1848 dies

200 1877 290 1906 agent,
304 1873 371 1909 legis
389 1874 532 1901 interdicto
558 1873 591 1900 ab
619 1873 771 1901 adulterina
797 1873 920 1900 doctrina
947 1879 996 1900 nos
1015 1871 1203 1906 excludentes,
1231 1871 1344 1906 perinde
1370 1876 1451 1906 atque
1486 1868 1581 1896 eadem
1611 1874 1693 1902 opera
1720 1866 1828 1900 linguas

203 1927 309 1956 quoque
325 1924 432 1947 nostras
448 1919 585 1946 obstructa
591 1918 623 1945 ri.

236 1966 276 1992 A'.
288 1964 338 1996 Δός
354 1973 399 2000 μοι
409 1965 472 1996 τοὺς
485 1964 580 1998 λόγους
592 1972 637 1990 σου
650 1963 713 1995 τοὺς
730 1962 886 1998 βασιλικούς
901 1971 930 1989 τε
943 1962 990 1990 καὶ

204 2011 386 2046 σοφιστικοὺς,
400 2011 463 2042 τοὺς
473 2010 610 2045 ἀφύκτους
629 2008 823 2044 συλλογισμούς
840 2017 886 2035 σου
899 2009 946 2035 καὶ
955 2009 991 2034 τὰ

204 2057 383 2093 ἐνθυμήματα
393 2064 400 2071 '
414 2057 512 2092 ι’ὂωμεν
527 2054 570 2083 οἷα
583 2056 629 2083 καὶ
641 2057 705 2091 παρ’
714 2056 780 2091 ἡμῖν
804 2055 828 2081 οἱ
844 2055 929 2087 ἁλιεῖς
943 2055 990 2082 καὶ

204 2102 327 2138 ἄγροικοι
341 2102 507 2137 φθέγγονται
519 2101 588 2137 (54).
606 2100 633 2128 Μ
637 2100 809 2135 ετάστησον
818 2099 896 2135 ἦχον
908 2099 992 2133 ᾠδῶν

241 2181 258 2197 ³¹
272 2180 343 2208 Psal.
357 2188 387 2212 ιι,
403 2182 428 2208 9.
468 2181 490 2196 9’
503 2179 554 2207 lsa.
571 2187 643 2212 XLVI,
659 2187 793 2212 t;xxxnt,
806 2179 832 2206 9.

1081 1961 1165 1989 XXX.
1182 1961 1247 1999 Age,
1265 1959 1453 1995 imperatorias
1472 1965 1533 1987 tuas
1545 1963 1573 1986 et
1588 1956 1751 1992 sophisticas
1766 1963 1829 1982 ora-

1045 2009 1148 2041 tiones,
1166 2012 1247 2042 atqne
1275 2006 1445 2034 inevitabiles
1469 2011 1529 2033 tuos
1551 2004 1723 2040 syllogismos
1738 2006 1763 2028 ct
1781 2009 1829 2028 en-

1045 2055 1208 2089 thymemata
1230 2053 1358 2087 deprome
1374 2062 1380 2080 τ
1404 2052 1544 2079 videamus
1556 2071 1562 2083 ,
1578 2049 1667 2084 qualia
1693 2048 1772 2074 etiam
1789 2046 1830 2079 pi-

1045 2106 1164 2127 scatores
1191 2105 1219 2126 ct
1242 2098 1336 2126 rustici
1353 2099 1422 2133 apud
1452 2105 1501 2125 nos
1517 2097 1673 2131 loquantur.
1703 2092 1831 2126 Transfer

893 2177 986 2205 ’δινι

1038 2198 1041 2204 .
1060 2186 1077 2210 ι,
1090 2178 1117 2205 ‘2.
1158 2177 1245 2204 ".lcr.
1259 2185 1289 2210 ιι,
1303 2175 1348 2203 20.
1386 2176 1408 2192 ⁸³
1421 2174 1492 2203 Psal.
1507 2183 1548 2208 ev,
1563 2173 1608 2201 57.
1646 2172 1668 2189 ⁹⁵
1680 2171 1751 2199 Psal.
1769 2179 1787 2204 ι,
1807 2172 1829 2198 1.

242 2260 296 2294 (9.5]
312 2262 373 2288 Οὐκ
388 2260 442 2287 ἔτι.
461 2258 588 2288 Nonnulli
602 2259 680 2287 codd.
703 2251 805 2286 efPar.
820 2257 862 2284 ed.
878 2257 990 2290 addunt,
1007 2256 1029 2284 D
1045 2256 1070 2294 in
1086 2254 1366 2294 sanetorumtempla,
1377 2259 1439 2294 tum
1455 2255 1481 2281 in
1496 2253 1553 2287 ipsa
1571 2253 1671 2294 divina.
1685 2252 1766 2294 adyta
1784 2252 1831 2279 de-

207 2297 236 2323 οὖ
256 2297 302 2323 μή.

316 2331 464 2365 Πονηρόν.
479 2331 518 2358 lta
541 2330 662 2365 plerique
681 2328 758 2356 codd.
779 2328 906 2355 Nonnulli
929 2336 995 2356 vero

208 2372 233 2394 cl
249 2366 310 2402 lfar.
325 2368 369 2394 ed.
383 2366 518 2402 πονηρῶς.

245 2401 301 2436 (27)
324 2402 429 2436 Αἵματι
446 2398 554 2436 λιιαρῷ.
580 2400 701 2434 Quatuor
721 2398 804 2433 Regg.
818 2398 866 2426 0r.
890 2398 915 2429 l,
930 2403 995 2432 etc.,

209 2436 396 2473 ἀκαθᾴρτῳηι
413 2437 561 2473 immundo.
580 2445 589 2461 ι

247 2469 304 2507 (28)
324 2469 400 2499 Οὐδὲ
415 2471 540 2506 βωμοῖς,
555 2475 608 2498 etc.
626 2469 738 2498 Comhel
751 2491 757 2502 ,
775 2479 784 2494 ι
800 2476 887 2507 neque
898 2475 996 2507 graeca-

211 2505 277 2534 hirta
293 2505 495 2542 superstitionis
519 2507 575 2533 aris
593 2513 671 2533 sacra
693 2505 842 2540 penetralia
865 2505 996 2531 dedecore

211 2543 335 2569 allicient.
352 2553 362 2569 ι

247 2577 303 2613 (29)
324 2577 444 2612 Ἰερέων.
463 2576 531 2611 Reg.
548 2576 605 2608 btn,
618 2575 689 2608 Bill.,
708 2574 824 2602 Monlac.
843 2573 996 2610 πρεσϐυτέ-

213 2622 276 2648 ρων,
296 2622 305 2638 ι
331 2613 561 2648 presbyterorum.
582 2621 591 2637 ι

245 2644 372 2682 (sm-oin
385 2644 428 2674 sit
439 2646 639 2682 σπλάγχνοις,
653 2649 704 2672 etc.
721 2654 730 2670 ι
745 2644 822 2682 Apud
838 2644 996 2672 Ascalonem

212 2689 240 2710 et
250 2680 364 2716 Gaiam,
379 2683 467 2715 inquit
481 2680 563 2713 Elias,
582 2681 700 2708 virorum
715 2686 742 2707 et
753 2680 923 2712 feminarum,
938 2688 998 2715 qua:

213 2724 348 2752 perpetuae
364 2718 528 2752 virginitatis
541 2721 602 2744 voto
617 2716 873 2752 se_obstrinxerant,
887 2721 997 2742 ventres

214 2750 387 2785 lacerarunt,
408 2750 568 2786 hordeoque
597 2750 722 2785 impletos
747 2751 837 2784 porcis
861 2751 997 2778 vorandos

213 2788 385 2823 ohjecerunt;
402 2795 515 2822 quorum
530 2788 613 2814 etiam
629 2787 733 2823 viscera
747 2790 774 2812 et
790 2792 924 2823 cruorem_
933 2792 997 2823 sce-

215 2819 372 2851 leratissimi
386 2819 423 2850 illi
438 2825 624 2857 degustatum.
644 2820 743 2857 Eodem
759 2821 840 2857 modo
865 2820 891 2846 in
909 2819 998 2857 Seba-

215 2859 267 2887 stia
292 2857 360 2886 urbe
377 2855 554 2892 prmcursoris
578 2856 696 2883 loculum
727 2855 998 2892 aperientes,»_ipsius

217 2893 342 2928 reliquias
353 2890 407 2928 ig'ni
420 2892 596 2928 tradiderunt,
608 2897 754 2928 earumque
765 2890 871 2917 cineres
883 2890 998 2923 dissipa-

217 2925 290 2962 rant,
310 2925 546 2963 aliaﬁueplurima
558 2925 781 2954 contumeliarum
807 2932 916 2960 genera,
941 2929 996 2952 tum

1048 2292 1201 2326 signarunt.
1221 2287 1691 2326 trHazc‘conlirtnantur_testimonio
1708 2287 1831 2326 Sozomz,

1048 2323 1126 2357 L71”,
1136 2333 1161 2353 ο.
1179 2326 1195 2352 6
1211 2334 1219 2358 ;
1233 2325 1308 2357 Rull,
1324 2326 1343 2351 l.
1361 2332 1398 2356 χι,
1413 2332 1437 2351 c.
1452 2324 1503 2354 28;
1521 2323 1646 2356 Philost.,
1664 2323 1681 2349 l.
1696 2330 1743 2354 vn,
1756 2331 1781 2349 c.
1804 2323 1832 2349 4.

1047 2362 1117 2394 Quid
1134 2368 1226 2388 autem
1249 2365 1322 2388 esset
1341 2360 1464 2386 dicturus
1486 2358 1644 2393 Gregorius,
1674 2358 1697 2385 si
1714 2365 1746 2384 eo
1766 2362 1834 2394 tent-

1047 2391 1113 2431 pore
1131 2396 1253 2427 vixisset,
1266 2403 1321 2430 quo
1333 2395 1383 2421 viri
1399 2391 1656 2431 Cltrisrtiani’eadem
1672 2401 1703 2420 ac
1729 2391 1830 2431 majora

1047 2427 1129 2459 ctiam
1152 2427 1371 2464 facinora—quam
1401 2430 1516 2463 gentiles
1541 2432 1741 2464 perpetrarunt,
1768 2427 1836 2464 sub-

1048 2467 1134 2494 versis
1149 2467 1252 2493 :edibus
1267 2462 1364 2497 sacris,
1381 2462 1510 2492 reseratis
1523 2462 1554 2490 ac
1571 2462 1834 2498 prolanatisrsanrcti-

1047 2502 1204 2529 monialium
1230 2501 1415 2531 monasteriis,
1447 2505 1596 2536 martyru_m
1625 2497 1748 2536 reliquiis
1776 2497 1837 2536 igne

1048 2537 1207 2571 absumptis,
1223 2542 1277 2563 etc.
1295 2536 1401 2563 Etenim
1413 2543 1445 2562 eo
1461 2533 1545 2568 usque
1563 2533 1662 2571 luroris
1673 2538 1698 2571 et
1714 2533 1837 2571 amentiae

1049 2578 1104 2599 tum
1119 2567 1301 2606 proruperunt
1315 2570 1481 2606 Calvinistze,
1502 2567 1618 2595 maxime
1636 2567 1662 2594 in
1675 2567 1772 2606 Gallia.

1084 2601 1141 2643 (δι)
1160 2601 1209 2640 Ὠςῖ
1223 2606 1335 2643 ἄλλων,
1352 2612 1405 2632 etc.
1420 2605 1512 2643 licius.
1535 2606 1632 2643 codex,
1652 2612 1661 2628 ι
1681 2607 1711 2643 ut.
1728 2601 1836 2643 illorum

1048 2636 1238 2672 contumeliis,
1269 2636 1384 2667 altorum
1413 2640 1446 2667 ad
1474 2639 1634 2674 martyrium
1666 2636 1838 2664 subeundum

1048 2678 1175 2712 impetum
1191 2676 1374 2712 retunderet“.
1391 2685 1400 2701 ι

1085 2710 1141 2748 (5⁵2)
1159 2712 1221 2739 "Ira
1238 2711 1287 2737 καί
1305 2710 1360 2748 τῆς
1387 2711 1595 2748 (τρειλομετςης,
1624 2713 1698 2748 σιω,
1711 2715 1726 2748 ι.
1744 2711 1773 2733 ιιι
1787 2741 1793 2747 ’
1806 2713 1840 2746 eo

1048 2741 1250 2776 etiam'honore
1274 2741 1457 2780 privenlfqui
1484 2741 1523 2771 ιῖυι
1544 2742 1700 2777 hujusmodi
1721 2741 1840 2768 hornini—

1049 2783 1109 2814 bus,
1131 2793 1139 2808 ι
1154 2791 1249 2816 nempe
1265 2781 1414 2811 vilissimis,
1431 2790 1440 2806 ι
1458 2781 1579 2816 debetur.
1600 2788 1609 2803 ι

1086 2818 1143 2854 (55)
1156 2814 1431 2854 Συτξίροτήσαντες.
1449 2826 1457 2841 ι
1477 2814 1669 2846 Cathedram,»
1683 2820 1729 2840 seu
1748 2821 1758 2838 ι
1775 2819 1841 2839 con-

1049 2854 1139 2882 cilium
1157 2853 1314 2885 eonllantes,
1333 2857 1472 2884 cogentes.
1491 2860 1500 2875 ι

1087 2889 1142 2924 (54)
1159 2881 1556 2924 Kaldrpotkoeédén‘ortm.
1573 2884 1630 2912 Non
1648 2883 1725 2920 pauci
1736 2903 1744 2916 ,
1762 2881 1840 2916 φθέγ-

1051 2922 1150 2959 eumn.
1168 2923 1246 2951 Deest
1258 2923 1303 2949 καί
1316 2924 1340 2949 in
1357 2922 1418 2950 l‘at'.
1437 2923 1501 2950 edit.
