2071 3133
184 157 236 187 699

784 160 812 188 S.
834 158 998 188 GREGORII
1019 158 1196 188 THEOLOGI

1723 179 1730 185 -
1755 162 1807 190 700

185 218 273 246 dinem
284 217 413 253 gentibus,
436 218 463 245 in
490 218 572 246 risum
590 219 708 246 omnibus
724 219 900 247 hominibus"
914 227 921 246 :
934 219 973 246 vi-

1032 220 1094 253 rt'ar
1110 219 1157 246 καὶ
1178 220 1262 254 ὓϐριν
1276 220 1337 252 τοῖς
1358 220 1489 255 γείτοσιν
1514 220 1598 255 ἡμῶν
1610 240 1617 252 ,
1635 221 1808 254 παραϐολὴν

186 271 265 291 neam
302 264 383 291 etiam
422 264 567 298 quamdam
612 265 911 297 commemorabamus,
938 273 969 292 ex

186 308 314 344 .Egypto,
329 309 379 336 hoc
393 313 445 341 est,
461 316 494 336 ex
527 308 670 336 tenebrosa
694 310 842 344 impietate,
860 309 973 337 transla—

188 360 244 381 tam
257 355 291 387 ",
305 359 388 388 atque
416 354 443 381 in
468 353 529 381 fidei
554 354 782 389 pulchritudinem
813 355 973 389 magnitudi-

187 407 304 435 nemque
328 404 448 432 auctam,
462 407 495 428 ac
523 400 620 428 deinde
646 401 775 432 maceria,
802 401 829 428 id
858 406 910 434 est,
925 401 973 428 Dei

189 446 365 481 inspeCtione,
377 453 430 481 qua
443 446 516 480 prius
532 446 727 478 muniebamur,
740 446 874 481 privatam
885 452 913 473 et
927 454 974 473 nu-

190 493 290 524 datam,
301 492 449 519 viatoribus
459 491 595 524 omnibus,
605 492 657 519 hoc
665 497 716 524 est,
729 492 866 520 sceleratis
874 492 975 526 princi-

190 538 269 574 pibus
287 539 316 565 in
333 538 451 574 pmdam
461 538 608 572 objectam,
622 543 703 573 atque
714 538 880 565 devastatam
894 537 975 565 afero

188 587 218 611 et
232 582 333 618 agresti
345 590 422 619 apro,
436 583 488 618 qui‘
507 583 643 618 propriam
668 583 719 611 sibi
743 583 807 610 fecit
833 583 974 615 malitiam,

189 629 324 664 hujusque
341 636 421 657 coeno
438 628 614 663 singulariter
633 633 676 656 est
691 629 808 656 refertus
818 629 852 656 "’.

225 674 348 702 XXVIII.
369 673 433 702 Ilmc
449 674 557 709 quidem
571 673 628 709 ipse
644 674 718 709 prius
735 679 762 701 et
785 673 936 709 cogitabant
950 678 977 701 et

190 720 224 748 ad
241 720 326 748 Deum
350 719 512 747 clamabam.
541 719 619 746 Nunc
643 724 734 746 autem
756 727 837 754 quam
855 719 976 747 diversas

189 774 272 794 voces
289 766 415 793 assumo!
436 765 581 800 impiorttm
602 765 715 792 exitium
739 765 865 800 deinceps
887 764 975 798 lugeo.

191 812 290 847 iisque,
307 812 353 846 qui
371 818 420 838 nos
434 810 497 838 odio
513 811 623 843 habent,
640 810 785 846 benignum
801 818 843 838 me
856 809 975 845 praebeo,

190 862 272 893 atque
289 856 445 892 hujusmodi
467 855 557 883 verbis
580 859 642 882 utor
658 862 667 882 :
681 855 817 888 Quomodo
833 855 899 888 [acti
915 859 976 881 sunt

191 905 220 931 in
239 903 450 930 desolationem?
464 902 551 929 subito
577 901 738 936 defecerunt,
756 901 890 935 perierunt
914 908 975 935 pro-
993 894 1014 921 Β

190 954 248 983 pler
261 948 425 983 iniquitatem
438 946 555 979 suam",
572 951 694 980 tanquam
713 945 797 980 pulvis
813 953 888 980 quem
901 945 975 972 turbo

191 994 320 1021 abstraxit
329 994 362 1025 ⁸³,
373 998 496 1028 tanquam
510 992 607 1027 lanugo
617 999 676 1026 qua
684 1000 700 1017 α
715 996 787 1018 vento
800 991 931 1026 disjicitur
941 991 974 1023 3',

191 1044 316 1074 tanquam
339 1046 382 1066 ro:
399 1038 542 1065 matutinus
553 1038 587 1070 ⁸³,
606 1042 734 1072 tanquam
755 1037 860 1064 emissa:
873 1036 977 1071 sagittae

192 1085 306 1118 stridor,
324 1089 452 1118 tanquam
469 1083 581 1110 tonitrui
597 1083 725 1117 impetus,
742 1087 871 1117 tanquam
890 1081 978 1116 fulgur

191 1131 323 1159 emicans.
343 1129 419 1163 Quod
434 1129 457 1157 si
472 1136 543 1156 nunc
556 1128 652 1157 saltem
680 1129 840 1156 sententiam
862 1132 977 1160 mutent,

193 1182 220 1205 et
234 1177 268 1204 ad
287 1176 425 1204 meliorem
445 1179 562 1202 mentem
585 1174 769 1207 traducantur,
784 1178 864 1209 atque
878 1174 978 1208 ingenti

193 1223 281 1252 errori
300 1230 333 1250 ac
349 1222 512 1249 temulentize
528 1221 609 1256 166
624 1221 703 1248 tinem
717 1220 895 1254 imponentes,
909 1219 979 1246 veri-

194 1274 277 1298 tatem
292 1272 491 1299 consectentur,
511 1267 626 1294 fortasse
649 1273 681 1294 ex
706 1266 763 1298 ipsa
781 1272 888 1300 quoque
903 1265 976 1292 cala-

197 1316 290 1344 mitate
307 1314 430 1343 nonnihil
447 1313 551 1341 fruetus
580 1313 614 1340 ad
644 1320 691 1340 eos
712 1312 822 1339 redierit
838 1320 845 1338 :
859 1312 980 1346 quando-

196 1362 304 1397 quidem
323 1362 381 1396 ipsa
397 1361 552 1395 castigatio,
569 1359 602 1387 iis
619 1359 664 1393 qui
678 1358 747 1385 malo
760 1358 850 1393 aliquo
858 1352 981 1385 alliciun-

196 1413 251 1440 tur,
263 1408 405 1436 commodo
428 1414 500 1441 saepe
521 1410 601 1440 atque
626 1404 737 1432 utilitati
755 1409 808 1436 est,
830 1405 871 1430 sin
891 1408 980 1430 autem

195 1454 224 1482 in
255 1453 348 1482 eadem
375 1453 508 1481 sententia
536 1452 712 1484 manserint,
741 1455 824 1485 atque
846 1450 980 1477 idolorum

197 1499 300 1527 cultum
320 1499 407 1526 adhuc
422 1499 621 1532 amplexcntur,
635 1505 668 1524 ne
682 1497 738 1531 ipsa
752 1497 859 1531 quidem
872 1495 982 1523 calami-

198 1550 265 1578 tate,
278 1552 339 1581 quat
352 1545 396 1572 vel
416 1544 526 1572 stolidos
541 1543 650 1571 erudire
665 1542 744 1575 solet,
760 1543 887 1570 meliores
906 1542 980 1569 ﬁent.

198 1589 411 1626 Hierosolymam
428 1589 534 1624 quidem
548 1587 680 1615 Jeremias
705 1594 789 1621 usque
807 1587 874 1614 adeo
898 1587 981 1622 luget,

198 1640 228 1663 ut
242 1635 324 1662 rebus
337 1641 444 1670 quoque
458 1632 585 1660 inanimis
600 1632 700 1659 luctum
711 1631 836 1666 imperet,
848 1638 880 1658 ac
890 1638 982 1658 mttros

199 1682 233 1709 ad
249 1682 382 1716 lacrymas
405 1679 540 1707 invitet“.
567 1678 615 1706 llis
629 1685 695 1706 vero
720 1678 781 1713 quis
802 1677 868 1705 satis
887 1677 983 1712 dignus

199 1728 287 1755 luctus
305 1726 474 1754 invenietur?
487 1726 540 1753 Aut
558 1726 619 1759 quis
648 1729 796 1759 prresentes
814 1731 909 1752 eorum
926 1732 984 1760 poe-

201 1781 250 1801 nas
265 1772 372 1805 deﬂeat,
389 1779 421 1799 ac
439 1780 490 1799 non
514 1771 604 1805 potius
619 1769 739 1796 futurum
764 1770 912 1797 cruciatum
938 1771 985 1798 dc-

202 1821 299 1855 ploret,
311 1826 360 1854 pro
372 1827 404 1847 eo
419 1819 490 1854 quod
508 1818 591 1846 stulte
607 1822 730 1852 egerunt,
748 1821 775 1844 et
788 1817 882 1852 procul
895 1825 985 1846 reces-

199 1869 295 1892 serunt
303 1864 338 1896 ³⁵,
356 1871 389 1892 ac
400 1868 552 1890 creaturam
567 1870 623 1898 pra:
646 1861 775 1889 Creatore
792 1862 984 1891 coluerunt“:

1023 274 1054 291 τε
1073 265 1134 297 τοῖς
1157 267 1275 298 ἔθνεσι,
1293 266 1342 292 καὶ
1367 268 1480 301 γέλωτα
1505 265 1600 293 πᾶσιν
1627 266 1806 300 ἀνθρώποις·

1023 311 1145 346 ἄμπελόν
1165 311 1196 338 τέ
1215 320 1275 339 τινα
1297 311 1442 347 ἐλέγομεν,
1465 311 1511 338 καὶ
1537 311 1565 345 ἐξ
1586 311 1723 346 Αἰγύπτου
1745 321 1808 346 μετ-

1024 357 1210 393 ενηνεγμένην
1234 359 1283 393 τῆς
1299 358 1439 392 σκοτεινῆς
1459 357 1565 390 ἀθεῖας,
1581 358 1626 384 καὶ
1648 358 1688 389 εἰς
1713 358 1809 388 κάλλος

1025 403 1143 436 πίστεως
1159 403 1322 439 αὐξηθεῖσαν
1337 404 1385 431 καὶ
1406 404 1530 439 μέγεθος,
1546 402 1606 431 εἶτα
1621 404 1666 431 τὸν
1684 404 1809 440 φραγμὸν

1025 449 1241 484 περιῃρημὲνην,
1258 449 1307 484 τὴν
1333 449 1502 484 φρουροῦσαν
1516 449 1589 483 ἡμᾶς
1610 449 1678 480 τέως
1698 450 1808 475 ἐπισκο-

1026 494 1079 530 πὴν
1095 494 1141 520 τοῦ
1159 494 1224 520 θεοῦ
1235 515 1242 526 ,
1255 495 1301 521 καὶ
1314 495 1382 521 πᾶσι
1393 495 1451 526 τοῖς
1469 494 1632 520 διοδεύουσιν
1649 494 1809 529 ἐκκειμένην

1026 541 1153 575 πονηροῖς
1173 540 1327 572 δυνάσταις,
1345 540 1392 566 καὶ
1414 539 1620 576 λελυμασμένην
1643 540 1699 574 (16)
1723 541 1810 576 ἀγρίῳ

1027 585 1071 611 συῖ
1082 584 1121 620 τῷ
1134 585 1183 620 τὴν
1194 585 1293 612 κακίαν
1307 584 1433 617 ἰδιάζοντι
1447 585 1566 621 πονηρῷ,
1581 586 1626 612 καὶ
1636 585 1733 617 κακίας
1747 586 1810 622 βορ-

1027 631 1106 667 ϐόρου
1123 630 1244 666 γέμοντι.

1061 677 1128 703 ΚΗ¹.
1145 676 1237 703 Ταῦτα
1251 677 1300 712 μὲν
1315 675 1362 704 οὖν
1383 677 1515 713 πρότερον
1529 678 1577 704 καὶ
1591 677 1749 713 διενοούμην
1764 679 1811 705 καὶ

1028 722 1148 749 ἀνεϐόων
1163 722 1231 757 πρὸς
1251 722 1297 749 ’τὸν
1311 722 1388 749 Θεὸν
1405 723 1464 749 νυνὶ
1479 722 1507 748 δὲ
1526 723 1585 754 οἵας
1607 722 1664 749 ἀνθ’
1679 723 1741 749 οἴων
1763 731 1811 758 με-

1027 768 1192 803 ταλαμϐάνει)
1207 768 1314 802 φωνάςι
1340 768 1431 804 θρηνῶ
1451 768 1542 795 λοιπὸν
1559 768 1614 795 τῶν
1638 767 1744 795 ἀσεϐῶν
1764 768 1812 804 τὴν

1027 813 1181 845 ἀπώλειαν,
1206 813 1254 840 καὶ
1271 814 1383 849 γίνομαι
1405 813 1594 849 φιλάνθρωπος
1617 814 1673 844 τοῖς
1694 813 1811 848 μισοῦσι,

1028 859 1075 886 καὶ
1089 859 1201 886 τοιαῦτα
1217 859 1370 894 φθέγγομαι
1381 867 1389 875 ι
1405 859 1472 892 Πῶς
1487 858 1626 894 ἐγένοντο
1641 860 1684 892 εὶς
1702 858 1812 893 ἐρήμω-

1028 912 1096 936 σιν;
1110 904 1237 936 ἐξάπινα
1250 903 1408 937 ἐξέλιπον,
1425 903 1581 931 ἀπώλοντο
1604 903 1652 929 διὰ
1669 902 1726 936 τὴν
1745 903 1814 929 ἀνο-

1026 951 1099 985 μίαν
1119 949 1227 981 αὐτῶν,
1248 950 1288 983 ὡς
1307 949 1457 983 κονιορτὸς
1473 948 1508 975 ὃν
1526 949 1664 983 ὑφείλετο
1680 947 1736 984 (I7)
1749 947 1814 974 λαί-

1029 998 1104 1031 λαψ,
1118 997 1157 1029 ὡς
1172 996 1267 1030 χνοῦς
1283 995 1335 1023 ὑπ’
1352 994 1463 1029 ἀνέμου
1481 994 1752 1028 διαῤῥιπτούμενος,
1775 993 1815 1026 ὡς

1030 1041 1136 1075 ἑωθινὴ
1157 1041 1277 1076 δρόσος,
1293 1041 1331 1072 ὡς
1354 1038 1443 1076 ῥοῖζος
1462 1038 1633 1073 πεμφθέντος
1658 1037 1761 1072 βέλους,
1777 1036 1814 1068 ὡς

1031 1087 1168 1123 προσϐολὴ
1181 1087 1311 1122 βροντῆς,
1330 1086 1368 1118 ὼς
1388 1085 1515 1121 ἀστραπὴ
1539 1085 1693 1120 διᾴττουσα.
1716 1083 1748 1110 El
1766 1082 1815 1117 μὲν

1030 1133 1077 1162 οὖν
1092 1133 1140 1161 νῦν
1153 1133 1209 1168 (18)
1224 1132 1439 1168 μεταπεισϐεἶεν,
1454 1131 1517 1165 καὶ,
1530 1131 1580 1166 τῆς
1595 1129 1693 1165 πολλῆς
1708 1128 1815 1156 παυσά-

1034 1189 1109 1216 μενοι
1122 1179 1178 1215 (19)
1193 1179 1297 1214 πλάνης
1315 1179 1362 1204 καὶ
1380 1177 1476 1214 μέθης,
1491 1175 1681 1212 μεταδιιῦξαιεν
1694 1175 1743 1211 τὴν
1753 1174 1816 1209 ἀλή-

1033 1227 1119 1258 θειαν,
1129 1225 1244 1260 τάχαςᾶν
1257 1233 1284 1251 τι
1297 1224 1401 1259 γένοιτο
1415 1223 1509 1260 κέρδος
1520 1223 1610 1253 αὐτοῖς
1624 1222 1670 1249 καὶ
1684 1221 1730 1248 τοῦ
1746 1220 1817 1247 πτώ-

1034 1280 1134 1307 ματος·
1151 1270 1245 1306 ἐπειδὴ
1262 1270 1309 1296 καὶ
1323 1270 1353 1296 τὸ
1375 1268 1550 1303 παιδευθῆναι
1566 1268 1620 1302 (Ξο)
1637 1267 1765 1298 πολλάκις
1777 1267 1816 1298 εἰς

1032 1316 1114 1343 καλὸν
1128 1317 1184 1348 τοῖς
1201 1316 1350 1350 πάσχουσιν
1361 1324 1368 1330 ·
1390 1316 1414 1341 εἰ
1431 1316 1453 1342 δ’
1476 1314 1522 1341 ἐπὶ
1537 1314 1587 1348 τῆς
1605 1314 1689 1348 αὐτῆς
1713 1313 1818 1348 μένοιεν

1033 1361 1156 1398 γνώμης,
1173 1361 1220 1388 καὶ
1237 1361 1404 1396 περιέχοιντο
1425 1360 1479 1386 τῶν
1497 1359 1612 1386 εἰδώλων
1636 1358 1693 1389 ἔτι,
1711 1358 1791 1393 μηδὲ,
1804 1357 1819 1383 ὅ

1034 1408 1079 1434 καὶ
1103 1408 1166 1439 τοὺς
1191 1406 1311 1441 ἠλιθίους
1331 1406 1453 1433 παιδεύει
1473 1405 1547 1441 (21),
1565 1403 1771 1440 σωφρονισθεῖεν
1785 1404 1818 1438 τῇ

1036 1453 1172 1489 συμφορᾷ.
1188 1452 1243 1488 Τὴν
1261 1453 1310 1487 μὲν
1329 1451 1507 1488 Ἰερουσαλὴμ.
1519 1451 1613 1487 θρηνεῖ
1628 1449 1754 1477 τοσοῦτον
1772 1448 1820 1475 Ἱε-

1036 1498 1134 1534 ρεμίας
1144 1518 1152 1530 ,
1167 1497 1237 1524 ὥστε
1253 1498 1301 1524 καὶ¹
1316 1499 1372 1530 τοῖς
1387 1497 1502 1532 ἀψύχοις
1513 1496 1696 1523 διακελεύεται
1711 1495 1818 1531 θρῆνον.

1036 1545 1082 1571 καὶ
1097 1543 1150 1570 τῶν
1169 1543 1266 1578 τειχῶν
1281 1543 1456 1579 προκαλεῖται
1470 1543 1597 1578 δάκρυον.
1613 1541 1724 1573 Τούτοις
1738 1541 1766 1567 δὲ
1779 1540 1820 1572 τίς

1035 1590 1209 1626 εὑρεθήσεται
1230 1589 1327 1625 θρῆνος
1343 1589 1467 1622 ὲπάξιος;
1490 1589 1525 1615 ’Ἡ
1541 1589 1583 1621 τίς
1598 1588 1629 1615 ἂν
1653 1588 1776 1624 ὀδύραιτο
1788 1587 1821 1613 τὰ

1035 1636 1157 1672 παρόντα
1174 1635 1242 1671 (22),
1257 1636 1336 1670 ἀφεὶς
1353 1636 1386 1662 τὰ
1403 1636 1452 1670 τῆς
1469 1635 1618 1671 μελλούσης
1634 1633 1761 1669 δακρύειν
1775 1642 1820 1659 κο-

1031 1683 1146 1714 λάσεως,
1163 1682 1222 1708 ἀνθ’
1245 1678 1282 1708 ὧν
1307 1681 1520 1717 ἡφρονεύσαντο,
1538 1681 1584 1707 καὶ
1601 1679 1820 1716 ὲμακρύνοησαν,

1033 1729 1080 1756 καὶ
1101 1727 1267 1762 ἐλάτρευσαν
1289 1728 1322 1762 τῇ
1348 1726 1436 1753 κτίσει
1460 1725 1535 1762 παρὰ
1559 1725 1604 1751 τὸν
1625 1724 1769 1751 κτίσαντα·
1791 1724 1822 1749 οὺ

1036 1775 1114 1810 μόνον
1131 1774 1177 1806 δὲ,
1202 1773 1270 1800 ἀλλὰ
1293 1773 1339 1800 καὶ
1355 1774 1410 1804 τοῖς
1432 1772 1593 1808 λατρεύουσι
1609 1771 1647 1816 τῷ
1663 1770 1722 1805 Θεῷ
1742 1771 1824 1797 ἐπαν-

1036 1820 1172 1856 έστησαν,
1198 1820 1246 1846 καὶ
1277 1821 1356 1855 χεῖρα
1396 1818 1603 1846 ἐπανετείναντο
1632 1816 1749 1851 δυσσεϐῆ
1777 1817 1824 1842 καὶ

1036 1866 1167 1893 τοιούτων
1180 1865 1272 1893 κακῶν
1289 1865 1366 1897 ἀξίαν
1376 1873 1383 1898 ;

199 1918 252 1939 nec
273 1918 306 1938 eo
327 1909 459 1942 contenti,
482 1909 611 1937 adversus
629 1909 711 1936 etiam
743 1909 789 1936 Dei
822 1910 938 1938 cultores
972 1912 1100 1947 impetum
1137 1913 1278 1946 fecerunt,
1301 1900 1464 1947 manumque
1492 1911 1600 1946 impiam
1626 1916 1703 1945 atque
1730 1909 1822 1943 hujus-

202 1958 274 1986 modi
291 1957 369 1990 malis
384 1957 502 1992 dignam,
518 1957 703 1984 intentarunt?

237 2004 333 2034 XXI}.
358 2005 458 2034 Verum
478 2005 541 2038 hoc,
558 2005 784 2040 quemadmodum
803 2005 858 2032 Deo
876 2010 983 2040 gratum

201 2052 269 2085 erit,
289 2052 326 2079 ita
354 2059 383 2079 se
407 2051 515 2078 habeat.
537 2051 637 2085 Ecquis
655 2051 730 2078 novit
756 2059 819 2078 num
844 2051 925 2085 Deus,
939 2052 984 2086 qui

201 2097 283 2126 solvit
296 2097 462 2132 compeditos
474 2097 508 2130 ⁸⁷,
524 2103 688 2132 gravemque
699 2100 724 2124 et
741 2096 814 2123 hinni
831 2102 984 2131 vergentem

201 2135 217 2171 ει
236 2143 322 2179 portis
339 2142 434 2170 mortis
445 2142 471 2169 in
485 2141 570 2169 altum
595 2141 762 2174 subvehit",
775 2142 821 2176 qui
837 2143 987 2176 peccatoris

203 2195 318 2219 mortem
340 2197 393 2217 non
417 2189 518 2222 vult”,
537 2189 584 2216 sed
611 2188 738 2221 reditum,
766 2188 812 2222 qui
841 2195 889 2215 nos
905 2190 986 2216 etiam

203 2235 277 2270 ipsos
292 2235 319 2262 in
332 2235 452 2263 tenebris
467 2239 495 2261 et
510 2234 605 2261 umbra
628 2233 724 2260 mortis
739 2233 875 2266 sedentes,
887 2233 988 2260 illumi~

203 2281 278 2309 navit
287 2281 321 2316 '°,
337 2289 370 2309 ac
385 2281 517 2314 sapientia
533 2279 672 2313 instruxit,
693 2280 743 2307 hos
756 2286 862 2315 quoque
881 2280 988 2308 tandem

238 2363 261 2379 ⁷⁷
278 2362 349 2390 Psal.
359 2369 452 2395 Lxxtx,
473 2361 504 2393 7;
517 2360 590 2389 Psal.
602 2368 679 2395 xuu,
690 2360 732 2387 I5.

202 2398 226 2414 ⁸¹
241 2397 305 2431 Sap.
320 2405 347 2430 v,
363 2397 406 2424 15.

204 2441 260 2465 nt,
279 2432 323 2460 I5.
359 2432 383 2448 ⁸’
397 2431 495 2459 Ezeclt.
507 2439 605 2464 xuttt,
618 2431 662 2459 Il.
713 2431 735 2446 '°
751 2431 816 2458 Luc.
830 2439 849 2463 ι,
863 2431 908 2458 79.

237 2499 294 2536 (I6)
312 2499 560 2536 Λελυμασμένην.
579 2498 644 2526 Sav.
661 2499 688 2527 in
701 2507 788 2535 marg.
806 2503 833 2526 et
853 2497 930 2526 Pass.
945 2498 990 2525 λυ-
1005 2497 1027 2524 D

204 2535 380 2572 μαιγρμένην·

238 2544 380 2597 ιινομειφν.
815 2545 819 2549 ~

238 2571 295 2606 (I7)
315 2570 321 2580 '
338 2571 478 2606 yﬁllﬂo.
501 2569 554 2606 rSic
575 2571 654 2598 Pass.
674 2569 772 2604 aliique
794 2568 902 2597 codices
915 2575 990 2595 eom-

203 2606 323 2633 munius.
338 2605 420 2638 Editi,
427 2605 574 2640 posita-ro.
760 2639 765 2640 γ
835 2619 843 2628 .

236 2640 292 2676 (I8)
301 2641 336 2667 El
338 2640 397 2675 μὲν
404 2638 537 2669 οὖνίνῦν.
549 2641 627 2668 Pass.
634 2640 734 2676 aliique
741 2639 843 2676 plures,
850 2638 990 2676 γούνΜοι

204 2674 506 2711 Ρλεεείἰεςκηειοοὼ.
519 2677 620 2711 plures,
637 2674 831 2710 μεταϐληθεῖεν
847 2674 894 2700 καὶ
908 2681 989 2711 μετα-

204 2709 416 2738 πισθεῖενζᾏιίἱ
434 2719 485 2737 non
500 2709 576 2744 pauci
596 2709 697 2738 habent
721 2714 835 2741 tantum,
852 2709 989 2744 μεταβλη-

203 2746 285 2777 ὒεῐεν,
300 2753 348 2780 pro
358 2746 574 2780 μεταπεισθεῖεν,
586 2743 865 2780 Ειίτθηρειιοι-ιηιζυιι)
882 2743 986 2780 sufﬁcit.

240 2778 509 2817 (ιω-Παυσάμενοι.
524 2782 606 2817 Regg.
621 2785 747 2817 quatuor,
764 2779 839 2806 Coll).
853 2778 882 2817 k,
897 2778 944 2806 Or.
959 2779 985 2811 I,

205 2814 268 2847 etc.,
286 2814 484 2850 ἀνανήψαντες,
510 2826 519 2842 ι
543 2814 576 2844 ad
584 2814 647 2843 sese
668 2815 827 2847 redeuntes,
849 2814 881 2841 ad
896 2821 988 2841 sanam

206 2853 332 2879 uteiitem.
358 2849 372 2876 i
392 2849 517 2884 Vaquerii
540 2852 636 2885 codex,
658 2850 853 2885 ἀνακύψαντες,
872 2858 881 2875 ‹
902 2856 989 2877 emer-

206 2890 308 2920 gentes.
328 2894 338 2911 )
355 2885 450 2914 (ἐπιειὶ
467 2889 495 2912 ιιι
510 2887 584 2914 editi.

770 2361 793 2377 ⁷⁸
806 2360 878 2388 Psal.
891 2368 987 2393 Lxxtx,
1001 2361 1028 2388 9.
1066 2360 1088 2375 ⁷⁹
1105 2359 1170 2387 ibid.
1185 2360 1229 2386 Η.
1266 2359 1289 2375 ⁸⁰
1304 2358 1375 2386 Psal.
1393 2365 1479 2386 uxtt.
1494 2355 1538 2393 I9.

454 2397 476 2412 ⁸³
490 2391 558 2425 OSee
570 2404 609 2429 vr,
625 2398 652 2423 4.
672 2391 678 2395 ’
690 2395 821 2423 “Thren.
833 2404 863 2428 tt,
881 2396 908 2423 8.
947 2396 981 2422 ⁸⁵.

1032 2402 1078 2423 3m.
1095 2403 1122 2428 x,
1138 2395 1181 2421 2L
1220 2395 1243 2410 ⁸⁸
1251 2394 1328 2422 Rom.
1344 2393 1421 2427 1,25.
1458 2393 1480 2408 ⁸⁷
1493 2391 1564 2419 Psal.
1577 2399 1655 2424 cnv,
1668 2392 1694 2418 7.
1730 2391 1824 2426 “Sap.

1068 2006 1132 2032 KG’.
1143 2004 1228 2031 Τοῦτο
1239 2004 1287 2039 μὲν
1297 2000 1353 2036 οὖν,
1363 2002 1415 2037 ὅπη
1427 2001 1465 2036 τῷ
1475 2001 1534 2036 Θεῷ
1541 2000 1626 2035 φίλον,
1633 2000 1718 2031 οὕτως
1729 1999 1822 2035 ἐχέτω.

1034 2051 1081 2083 Τίς
1091 2050 1160 2078 οἶδεν
1171 2051 1195 2076 εἰ
1206 2050 1220 2075 ὁ
1231 2049 1301 2076 λύων
1306 2049 1368 2079 τοὺς
1375 2047 1476 2082 πεπεδη
1482 2046 1576 2082 μένους
1582 2045 1657 2076 Θεὸς,
1664 2045 1710 2071 καὶ
1716 2045 1824 2078 ἀνάγων

1036 2100 1068 2125 ἐκ
1082 2097 1136 2124 ’τῶν
1153 2095 1244 2123 πυλῶν
1264 2094 1311 2121 τοῦ
1329 2093 1443 2120 θανάτου
1462 2092 1507 2118 τὸν
1531 2091 1616 2127 βαρύν
1638 2099 1667 2116 τε
1684 2090 1732 2116 καὶ
1751 2089 1825 2132 κάτῳ

1040 2144 1161 2174 νεύοντα,
1176 2143 1190 2170 ὀ
1204 2142 1241 2178 μὴ
1260 2140 1420 2176 βουλόμενος
1438 2138 1485 2165 τοῦ
1501 2136 1662 2173 ἁμαρτωλοῢ
1681 2136 1726 2163 τὸν
1741 2135 1825 2162 θάνα-

1040 2198 1096 2223 τον,
1110 2188 1177 2215 ἀλλὰ
1190 2188 1240 2223 τὴν
1254 2186 1393 2217 ἐπάνοδον,
1408 2186 1421 2212 ὁ
1435 2185 1482 2211 καὶ⁸
1495 2184 1569 2219 ἡμᾶς
1585 2181 1753 2218 καθημένους
1768 2181 1825 2216 (23)

1041 2236 1070 2261 ὲν
1093 2234 1184 2260 σκότει
1209 2233 1255 2260 καὶ
1279 2232 1343 2267 σκιᾷ
1368 2230 1482 2257 θανάτου
1511 2229 1631 2264 φωτίσας
1656 2228 1702 2254 καὶ
1725 2227 1825 2253 συνετί-

1044 2290 1092 2313 σας
1102 2280 1171 2317 (‘24),
1189 2280 1236 2306 καὶ
1250 2279 1361 2310 τούτους
1373 2276 1438 2304 ποτὲ
1448 2275 1626 2311 ἀναλήψεται,
1639 2275 1686 2301 καὶ
1699 2274 1826 2308 ποιμανεί

1588 2356 1609 2372 ⁸¹
1621 2355 1670 2384 Job
1698 2364 1756 2384 ut.
1781 2356 1825 2382 I8.

1077 2497 1136 2558 (22)
1149 2494 1359 2530 Hat8w0ﬁrat.
1371 2494 1417 2523 Sic
1428 2501 1522 2523 omnes
1534 2500 1600 2521 mss.
1620 2491 1669 2519 Eu.
1680 2498 1753 2522 vero,
1766 2499 1813 2516 παι

1077 2541 1103 2558 υε
1139 2541 1177 2558 αι.

1043 2541 1177 2559 οευεσυαι.

1079 2567 1136 2602 (21)
1148 2565 1230 2600 Μηδὲ
1244 2566 1261 2592 ὃ
1275 2565 1324 2592 καὶ
1339 2565 1409 2602 τοὺς
1421 2564 1558 2602 ἠλιθίους
1573 2561 1718 2602 παιδεύειζ
1727 2560 1828 2602 promes

1045 2595 1151 2630 codices
1173 2595 1267 2633 nostri,
1291 2605 1319 2627 et
1337 2595 1413 2628 Pass.
1434 2595 1485 2627 καὶ
1506 2599 1520 2625 ὃ
1541 2595 1609 2634 μηδὲ
1626 2597 1693 2635 τοὺς
1708 2595 1827 2635 ἠλιθίους

1045 2637 1179 2664 παιδεύει.
1204 2632 1284 2663 Deest
1306 2636 1332 2663 in
1349 2635 1474 2662 omnibus
1500 2632 1548 2670 μή,
1563 2633 1633 2668 quod
1656 2632 1778 2665 sequitur
1799 2632 1826 2656 in

1043 2673 1134 2703 editis,
1150 2679 1183 2698 ac
1198 2671 1303 2697 videtur
1319 2671 1480 2698 redundare.

1077 2701 1133 2742 (Ξὲ)
1151 2707 1189 2733 Τὰ
1205 2705 1432 2742 aapdrmfass.
1446 2709 1473 2742 et
1487 2704 1531 2731 alii
1546 2702 1677 2738 plerique,
1690 2701 1744 2741 τῷν
1759 2708 1816 2742 παρ

1041 2735 1135 2775 όντων,
1156 2742 1235 2775 ἀφεὶς
1245 2735 1289 2767 ’τὰ
1306 2741 1360 2776 ντῆς
1376 2739 1536 2774 μελλούσης,
1547 2735 1632 2770 ὀιο,
1643 2746 1652 2762 ι
1670 2736 1769 2763 omissa
1784 2735 1828 2761 Iu-

1041 2778 1093 2804 turi
1114 2776 1235 2811 supplicii
1253 2775 1446 2811 deploratione.
1466 2784 1475 2800 ι

1079 2806 1354 2845 (25)”Καθημένὶ>υς.
1380 2811 1408 2838 In
1431 2810 1497 2844 Reg.
1519 2809 1564 2837 bm
1588 2813 1615 2836 et
1645 2806 1758 2835 Montac.
1780 2812 1816 2840 γρ

1043 2846 1250 2882 καθεζομένους.

1078 2878 1324 2918 ((24)”Σιννετίσας.
1346 2881 1424 2909 Deest
1446 2879 1471 2908 in
1489 2879 1554 2914 Reg.
1573 2878 1590 2905 1.
