2071 3133
205 137 258 166 705

699 136 829 165 ORATIO
847 137 880 165 V.
900 152 935 158 ——
954 136 1095 165 CONTRA
1114 137 1288 166 JULIANUM
1308 137 1342 166 11.

1780 139 1834 167 706

202 206 297 234 μενον⁸
313 197 394 225 πάλιν
406 197 567 234 ἀνδρόγυνος
582 198 596 225 6
615 199 751 230 Διόνυσος,
765 198 813 225 καὶ
827 198 905 234 χορὸν
933 197 988 233 (48)

1041 205 1135 225 rursus
1150 199 1325 233 androgynos
1339 197 1472 231 Bacchus,
1486 200 1567 231 atque
1576 195 1712 223 ebriorum
1721 194 1832 222 chorum

201 244 354 280 μεθυόντων
365 243 559 280 ἐξηρτημένος,
577 244 624 271 καὶ
638 244 667 271 τὸ
685 245 755 280 μέγα
771 253 818 271 σου
842 244 989 280 μυστήριον

199 290 214 316 ό
227 288 337 324 φαλλὸς,
349 289 396 315 καὶ
410 288 562 324 Προσύμνῳ
579 289 634 325 (49)
647 289 686 325 τῷ
702 289 777 325 καλῷ
792 289 852 320 θεὸς
863 288 992 316 παθαινό-

201 342 281 369 μενος
291 342 298 349 ι
313 333 393 360 πάλιν
409 334 513 370 Σεμέλη
529 334 656 370 κεραυνῷ
677 333 802 370 βάλλεται
815 342 822 350 ·
839 333 921 361 πάλιν
937 334 992 368 ἀμ-

200 380 325 416 φιγυήεις
340 380 503 414 Ἥφαιστος,
523 380 590 407 ἀλλὰ
603 380 688 415 ταχὺς
701 381 741 411 είς
754 379 857 416 μοιχῶν
870 379 990 415 εὕρεσιν,

199 426 246 452 καὶ
275 425 336 457 θεὸς
358 425 598 461 κατῃθαλωμένος,
626 427 650 452 εἰ
671 426 718 452 καὶ
733 426 924 461 κλυτοτέχνης,
945 425 1009 456 καὶ,

199 470 330 506 Θερσίτης
361 470 523 506 Ὀλύμπιος·
553 470 634 497 πάλιν
660 469 804 506 δεσμώτης
834 471 920 505 Ἀρης
947 469 991 496 διὰ

201 516 320 552 μοιχείαν
331 516 400 552 μετὰ
411 516 458 543 τοῦ
473 517 566 552 δείμου
579 517 645 552 (50),
659 515 760 543 καὶτοῦ
773 516 866 550 φόϐου,
880 516 927 542 καὶ
936 515 990 542 τῶν

199 563 342 598 κυδοιμῶν,
371 562 418 589 καὶ
441 562 611 598 τραυματίας
635 562 679 589 διὰ
704 561 879 597 Θρασύτητα·
909 562 991 588 παλιν

204 609 345 646 Ἀφροδίτη
361 609 448 644 πόρνη
465 609 598 644 γενομένη
616 617 646 635 τε
671 608 801 643 αἰσχρῶς,
826 608 873 635 καὶ
894 608 991 643 γάμων

199 656 319 691 αἰσχρῶν
334 655 466 691 ὑπηρέτις
476 663 482 670 ·
503 655 584 681 πάλιν
610 654 711 690 Ἀθηνᾶ
726 653 861 690 παρθένος
872 654 902 679 τέ
921 655 990 685 ἐστι,

199 702 245 728 καὶ
271 702 356 728 τίκτει
382 701 534 737 δράκοντα·
565 700 646 727 πάλιν
682 699 819 735 Ἡρακλῆς
847 699 989 734 μαίνεται,

200 746 300 782 μᾶλλον
316 746 344 773 δὲ
361 747 521 782 μαινόμενος
550 746 706 773 πέπαυται’
730 746 811 772 πάλιν
837 745 872 772 τὰ
899 746 990 773 πάντα

198 792 301 826 γίνεται
314 792 348 818 δι’
361 792 504 826 ἀσέλγειαν
521 792 568 818 καὶ
589 791 759 826 ἀκαθαρσίαν
776 793 790 818 6
813 791 896 824 Ζεὺς,
908 792 922 818 6
937 791 991 818 τῶν

1043 251 1135 271 secum
1150 244 1272 278 trahens,
1291 248 1318 271 et
1347 251 1476 279 magnum
1493 247 1568 270 tuum
1587 242 1652 270 illud
1673 241 1833 277 mysterium

1041 289 1160 324 Phallns,
1173 290 1276 318 deusin
1292 289 1395 325 pulchri
1409 289 1570 324 Proshymni
1583 295 1704 315 amorem
1717 293 1834 322 propen-
1858 316 1861 321 η

1040 345 1097 366 ειη.
1112 337 1217 365 Rursus
1229 337 1336 365 Semele
1351 337 1463 364 fulmine
1483 335 1588 363 feritur.
1604 334 1706 362 Rursus
1718 340 1833 368 utroque
1860 334 1867 346 ἠ

1040 384 1107 418 pede
1130 383 1243 411 claudus
1266 382 1413 414 Vulcanus,
1428 389 1521 408 verum
1542 381 1570 408 in
1599 380 1833 415 deprehendendis

1041 429 1170 456 adulteris
1188 429 1258 456 ident
1279 428 1362 461 celer,
1383 433 1411 455 et
1426 430 1492 456 deus
1509 427 1620 462 fuligine
1635 426 1748 459 obsitus,
1766 430 1834 454 tam-

1040 475 1090 502 etsi
1107 475 1197 502 clarus
1213 473 1323 506 artifex,
1340 481 1371 501 ac
1389 473 1529 500 Thersites
1556 471 1707 507 Olympius.
1724 471 1831 499 Rursus

1040 520 1112 547 Mars
1124 528 1184 547 cum
1200 527 1250 547 suo
1275 519 1373 548 timore
1397 524 1424 546 et
1442 523 1547 546 terrore
1565 526 1598 545 ac
1617 517 1776 545 tumultibus
1796 518 1831 545 ob

1040 566 1201 594 adulterium
1229 567 1355 599 vinctus,
1377 571 1404 593 et
1432 566 1466 593 oh
1495 566 1676 592 temeritatem
1709 564 1830 592 saucius.

1041 611 1144 638 Rursus
1160 611 1288 639 meretrix
1302 611 1403 643 Venus,
1420 614 1476 637 ttun
1493 610 1606 644 turpiter
1618 610 1763 644 progenita,
1775 613 1830 637 tum

1041 657 1158 691 turpium
1186 657 1340 691 nuptiarum
1375 656 1546 684 administra.
1576 656 1682 684 Rursus
1710 655 1830 683 Minerva

1039 702 1117 737 virgo
1131 706 1183 734 est,
1196 707 1223 729 et
1235 703 1380 729 draconem
1397 703 1479 737 parit.
1490 701 1593 729 Rursus
1607 695 1736 729 Hercules
1753 702 1828 734 furit.

1042 749 1097 777 imo
1115 749 1204 777 furere
1228 749 1319 777 desiit.
1338 749 1443 776 Rursus
1464 747 1569 782 Jupiter
1594 747 1628 776 ob
1648 747 1786 775 libidinem
1803 752 1831 775 et

1040 795 1197 830 spurcitiem
1223 795 1330 830 quidvis
1350 794 1475 828 eﬂicitur,
1494 794 1556 828 ille,
1573 793 1683 829 inquam
1694 814 1702 826 ,
1717 795 1829 822 deorum

199 840 267 867 θεῶν
281 840 394 875 μήστωρ
408 839 464 872 (5i)
478 839 524 865 καὶ
539 838 652 871 ὕπατος,
668 839 715 865 καὶ
728 838 807 874 μόνος
825 837 873 873 μὲν
888 837 991 869 πάντας

1041 841 1213 870 consiliarius
1228 846 1256 869 et
1269 841 1406 876 princeps,
1423 849 1538 876 camque
1547 841 1600 868 vim
1618 841 1731 873 habens,
1745 846 1774 867 ut
1787 848 1831 868 so-

199 887 247 914 οὺν
273 887 338 912 πᾶσι
354 886 408 917 τοῖς
423 883 498 911 οὖσιν
515 884 635 911 ἀνέλκων
660 884 748 917 θεοὺς,
775 883 857 916 αὐτὸς
882 884 911 910 δὲ
940 884 991 910 ὑπὸ

1042 888 1084 915 lus
1101 888 1166 915 deos
1179 895 1273 914 omnes
1288 895 1349 914 cum
1374 887 1500 914 omnibus
1515 887 1596 922 169
1612 887 1692 914 rebus
1717 895 1826 914 sursum

196 933 306 961 πάντων
318 933 348 959 οὗ
362 931 571 966 καθελκόμενος.
581 931 666 958 Πάλιν
680 931 725 958 τοῦ
741 931 802 963 Διὸς
820 930 905 966 τάφος
916 931 946 958 έν
958 932 990 967 τῇ

196 979 294 1014 Κρήτῃ
309 978 456 1004 δείκνυται.
478 976 525 1002 Ἂν
542 976 588 1002 ῐδω
604 984 650 1003 σου
667 975 713 1002 τὸν
725 975 862 1011 Κερδῷον,
876 976 923 1002 καὶ
945 975 991 1002 τδν

197 1024 305 1058 Λόγιον,
331 1024 378 1050 καὶ
401 1023 446 1049 τὸν
469 1021 630 1056 Ἐναγώνιον
657 1021 722 1057 (52),
749 1021 915 1056 συγκρύπτω
934 1020 990 1056 (55)

195 1070 260 1101 τοὺς
273 1068 442 1103 ὀφθαλμοὺς,
462 1067 509 1093 καὶ
525 1066 690 1102 παρατρέχω
704 1074 752 1092 σου
771 1066 816 1092 τὸν
836 1065 896 1092 θεὸν
920 1065 991 1092 αίδοῖ

196 1116 244 1143 τοῦ
261 1116 412 1151 θεάματος·
428 1115 459 1141 σὺ
477 1113 505 1140 δέ
524 1121 569 1148 μοι
588 1112 735 1148 προσκύνει
751 1112 781 1138 τὸ
801 1112 924 1138 σύντονον
942 1111 990 1138 τοῦ

197 1162 275 1196 λόγου
286 1161 333 1187 καὶ
348 1160 379 1186 τὸ
397 1159 553 1186 σακέλλιονν
574 1158 604 1184 ἓν
624 1166 670 1184 σου
693 1158 772 1192 μόνον
789 1158 939 1192 αἰδέσιμον,
962 1158 990 1184 αἱ

199 1208 263 1244 παρ’
273 1206 431 1241 Αἰγυπτίοις
450 1205 484 1232 δι’
497 1205 669 1240 ἀνδρογύνων
683 1204 761 1239 τιμαὶ
775 1204 821 1230 τοῦ
838 1204 946 1236 Νείλου,
962 1203 992 1230 αἰ

197 1260 227 1277 τε
240 1251 350 1282 Ἴσιδες,
371 1249 419 1276 καὶ
431 1250 455 1275 οἱ
476 1249 622 1284 Μενδήσιοι
640 1248 697 1274 θεοὶ
716 1248 782 1283 (54),
803 1248 850 1274 καὶ
866 1249 890 1275 οἱ
909 1249 991 1274 ’Δπι-

197 1297 251 1328 δες,
263 1294 347 1323 τᾶλλά
356 1304 385 1321 τε
399 1296 448 1321 ὃσα
461 1294 599 1325 πλάττεις,
611 1294 628 1328 ἢ
644 1294 771 1329 γράφεις,
783 1293 864 1329 θηρία
876 1293 991 1320 σύνθετα

198 1342 247 1369 καὶ
271 1341 414 1368 ἀλλόκοτα.
432 1340 506 1366 Γελῶ
527 1348 574 1366 σου
594 1339 639 1366 τὸν
662 1340 750 1371 Πᾶνα,
774 1339 821 1366 καὶ
843 1339 888 1365 τὸν
906 1339 990 1375 Πρία-

197 1394 248 1412 πον
262 1385 328 1421 (55),
339 1386 386 1412 καὶ
395 1385 440 1411 τὸν
458 1384 682 1420 Ἐρμαῳρόδιτον,
694 1383 816 1416 καὶτοὺς
828 1384 880 1410 ὑπὸ
892 1385 991 1420 μανίας

197 1429 476 1465 περικεκομμένουςῆ
493 1428 709 1464 διεσπασμένους
726 1428 782 1464 (56)
793 1428 882 1461 θεούς.
909 1429 990 1456 Ἀλλὰ

196 1476 284 1504 ταῦτα
295 1476 343 1512 μὲν
356 1477 390 1511 τῇ
407 1476 492 1510 σκηνῇ
504 1474 559 1510 (57)
577 1475 702 1510 παρήσω,
716 1475 763 1502 καὶ
775 1476 831 1507 τοῖς
843 1475 989 1510 κοσμοῦσιν

198 1521 295 1553 αὐτοὺς
308 1522 433 1555 ποιηταῖς
445 1527 452 1534 ·
471 1520 526 1554 ἐγὼ
543 1520 572 1546 δὲ
587 1521 628 1552 είς
641 1519 802 1556 παραίνεσίν
822 1529 883 1547 τινα
905 1529 989 1549 κατα-

197 1567 270 1594 λύσω
286 1567 332 1593 τὸν
343 1567 431 1600 λόγον.

233 1656 410 1692 ΔΙΤ¹.”Λνδρες
420 1654 488 1691 όμοῦ
499 1655 546 1682 καὶ
559 1656 694 1690 γυναῖκες,
705 1656 760 1682 νέοι
773 1664 802 1682 τε
811 1656 857 1683 καὶ
872 1656 990 1692 πρεσϐύ-

1042 933 1174 964 attrahat,
1192 933 1249 967 ipse
1272 937 1363 959 autem
1379 933 1412 959 ab
1433 933 1559 960 omnibus
1574 932 1680 960 detrahi
1701 937 1828 967 nequeat.

1043 977 1147 1004 Rursus
1157 976 1230 1004 Jovis
1241 977 1395 1012 sepulcrum
1408 977 1434 1004 in
1446 977 1526 1004 Creta
1541 978 1704 1004 ostenditur.
1716 977 1828 1010 Quoties

1041 1023 1169 1050 Lucrium
1189 1027 1275 1054 tuum,
1290 1027 1316 1050 et
1330 1022 1441 1058 Logium
1453 1042 1461 1055 ,
1478 1029 1505 1050 et
1524 1023 1690 1056 Enagoniuut
1712 1024 1828 1055 intueor.

1041 1069 1136 1096 oculos
1158 1070 1268 1103 olrtcgo,
1291 1077 1323 1096 ac
1348 1069 1496 1104 spectaculi
1518 1070 1619 1104 pudore
1645 1070 1726 1096 deum
1753 1074 1829 1097 tuttur

1041 1121 1181 1149 praetereo.
1198 1114 1257 1142 Tibi
1277 1122 1341 1142 vero
1366 1122 1415 1149 per
1438 1122 1480 1141 me
1499 1122 1564 1142 sane
1591 1114 1669 1142 liceat
1695 1115 1830 1142 sermonis

1040 1161 1241 1188 contentionem
1254 1165 1281 1187 et
1293 1160 1430 1187 sacculum
1458 1161 1581 1187 adorare.
1601 1160 1688 1188 Unum
1704 1161 1789 1188 solum
1803 1161 1829 1187 in

1042 1207 1094 1233 tuis
1111 1206 1191 1232 rebus
1204 1211 1255 1237 est,
1272 1206 1342 1240 quod
1367 1205 1570 1232 venerationem
1589 1211 1736 1237 mereatur,
1752 1207 1831 1233 nimi-

1041 1260 1100 1279 rum
1113 1252 1231 1278 houores
1244 1251 1274 1282 ii,
1288 1251 1334 1286 qui
1357 1251 1427 1285 apud
1442 1250 1584 1287 Egyptios
1598 1251 1658 1278 Nilo
1672 1260 1719 1286 per
1730 1253 1830 1279 andro-

1040 1305 1124 1333 gynos
1140 1298 1284 1329 habentur,
1300 1302 1327 1324 et
1345 1297 1444 1329 lsides,
1458 1302 1485 1324 et
1507 1297 1636 1324 Mendesii
1658 1298 1705 1330 dii,
1728 1304 1754 1325 et
1771 1298 1830 1333 api-

1041 1344 1096 1374 des,
1115 1348 1271 1377 ceteraeque
1281 1349 1375 1370 omnes
1395 1342 1486 1370 bestia:
1510 1350 1542 1370 ex
1557 1343 1673 1371 diversis
1686 1345 1830 1378 generibus

1040 1389 1162 1417 conﬂata:
1189 1393 1217 1415 et
1235 1388 1396 1423 prodigiosae
1409 1407 1416 1420 ,
1436 1396 1503 1422 quas
1531 1389 1662 1423 contingis
1678 1394 1706 1416 et
1729 1390 1830 1424 pingis.

1039 1434 1112 1462 Pana
1134 1437 1256 1466 tuum,et
1271 1433 1409 1468 Priapum,
1426 1438 1453 1461 et
1472 1433 1731 1467 Hermaphroditum
1745 1435 1831 1469 rideo,

1039 1481 1157 1515 deosque
1176 1481 1245 1514 illos,
1260 1480 1304 1515 qui
1323 1488 1378 1515 pra:
1397 1480 1488 1508 furore
1505 1480 1634 1508 membris
1648 1482 1768 1509 truncati
1785 1488 1832 1510 aut

1041 1526 1168 1561 discerpti
1182 1530 1255 1554 sunt.
1276 1524 1372 1552 Verum
1394 1525 1451 1552 hazc
1465 1525 1574 1561 quidem
1597 1533 1697 1559 secure,
1715 1534 1747 1554 ac
1768 1535 1833 1562 poe-

1045 1573 1079 1599 tis
1094 1580 1141 1600 eos
1163 1573 1368 1604 exornantibus,
1386 1572 1536 1606 relinquam
1550 1581 1556 1598 :
1571 1580 1620 1608 ego
1634 1578 1722 1601 autem
1738 1575 1833 1602 admo-

1043 1617 1145 1645 nitione
1161 1619 1276 1653 quadam
1287 1618 1439 1645 orationem
1454 1619 1624 1646 concludam.

1079 1663 1199 1691 XXXIII.
1214 1663 1272 1691 Viri
1294 1664 1373 1691 simul
1395 1668 1422 1691 et
1445 1664 1571 1698 feminae,
1589 1664 1700 1699 juvenes
1716 1665 1780 1693 item
1804 1671 1830 1694 et

199 1712 255 1736 ται,
281 1703 337 1729 ὅσοι
353 1711 384 1729 τε
398 1703 437 1734 είς
455 1702 485 1728 τὸ
506 1701 582 1736 βῆμα
605 1700 685 1727 τοῦτο
709 1701 822 1733 τελεῖτε,
853 1701 900 1727 καὶ
932 1702 990 1728 ὅσοι

1043 1716 1134 1740 senes,
1153 1714 1207 1735 tam
1229 1709 1274 1743 qui
1289 1709 1322 1735 ad
1335 1708 1386 1735 hoc
1403 1709 1551 1736 sacrarium
1568 1710 1646 1736 asciti
1658 1711 1733 1743 estis,
1751 1718 1830 1745 quam

200 1750 250 1786 τὴν
267 1750 342 1776 κάτω
353 1747 467 1783 τέταχθε
484 1748 587 1784 χώραν,
617 1748 716 1779 πάντες
742 1747 820 1779 ὅσου,
847 1747 902 1782 (58)
931 1747 991 1773 ἐλυ-

1043 1755 1089 1789 qui
1105 1754 1261 1782 inferiorem
1280 1754 1369 1780 locum
1387 1755 1496 1787 tenetis,
1515 1762 1611 1782 omnes
1628 1756 1755 1791 denique,
1765 1764 1833 1791 quos

201 1795 323 1832 τρώσατο
331 1795 442 1830 Κύριος,
455 1794 586 1830 πρότερον
602 1794 651 1829 μὲν
662 1795 694 1820 ὲκ
703 1794 752 1829 τῆς
762 1793 866 1828 πλάνης
880 1793 927 1820 καὶ
941 1793 990 1829 τῆς

1044 1800 1183 1833 Dominus,
1198 1804 1226 1827 ut
1238 1800 1313 1834 prius
1333 1799 1368 1826 ab
1385 1807 1479 1827 errore
1497 1805 1524 1827 et
1540 1801 1690 1835 impietate,
1706 1803 1743 1829 ita
1762 1810 1834 1830 nunc

200 1841 303 1872 ἀθετας,
320 1841 377 1867 νυνὶ
393 1840 421 1866 δὲ
445 1840 496 1875 τῆς
512 1839 724 1871 ἐπαναστάσεως
745 1839 799 1866 τῶν
820 1838 915 1872 ἐθνῶν,
944 1839 990 1866 καὶ

1043 1853 1058 1873 a
1074 1846 1194 1881 gentium
1223 1845 1322 1873 insultu
1339 1849 1366 1872 et
1384 1845 1576 1880 impressione.
1604 1847 1745 1882 malisque,
1770 1856 1833 1882 par-

200 1888 254 1914 τῶν
269 1889 318 1924 ἤδη
332 1897 364 1923 γε
389 1887 530 1923 παρόντων
555 1888 648 1914 κακῶν
673 1888 720 1914 κα)⁵
747 1886 988 1923 προσδοκωμένων,

1046 1892 1093 1919 tim
1116 1891 1172 1927 jam
1199 1891 1376 1926 urgentibus,
1410 1891 1509 1925 partim
1542 1891 1746 1920 imminentibus
1767 1893 1834 1920 libe-

199 1933 334 1961 ἁκούσατε
345 1934 424 1969 λόγον
440 1934 537 1970 ἀνδρὸς
550 1934 580 1960 οὐ
590 1933 709 1969 μετρίως
721 1933 756 1960 τὰ
769 1932 881 1960 τοιαῦτα
895 1941 991 1959 πεπαι-

1044 1937 1126 1969 ravit,
1151 1937 1243 1965 audite
1271 1938 1422 1965 orationem
1444 1937 1496 1965 viri
1516 1945 1595 1972 quem
1613 1943 1668 1965 tum
1684 1940 1832 1973 quotidiani

174 1980 179 2019 ς
199 1977 339 2014 δευμένου,
355 1978 387 2005 ἐκ
399 1987 429 2005 τε
443 1978 496 2006 τῶν
507 1979 643 2015 ὁσημέραι
651 1978 861 2014 συμϐαινόντων,
875 1977 924 2005 καὶ
936 1977 990 2006 τῶν

1045 1991 1136 2012 rerum
1162 1988 1289 2018 eventus,
1326 1988 1381 2010 tum
1410 1988 1518 2011 veteres
1554 1983 1677 2011 historiae
1706 1989 1733 2012 et
1759 1985 1833 2018 libri,

172 2033 175 2083 ἱ
200 2025 324 2054 παλαιῶν
348 2026 484 2062 ἱστοριῶν,
509 2027 558 2053 καὶ
575 2025 675 2061 βίϐλων
693 2025 760 2061 (59),
786 2025 835 2052 καὶ
851 2024 989 2060 πράξεων.

199 2072 279 2083 ιηη-
359 2072 384 2083 ,ι
398 2071 509 2083 μρμλ-
520 2080 560 2083 ___
571 2071 681 2083 __A=.._.
694 2071 747 2083 __-,__
761 2071 837 2083 θη-.-
845 2070 895 2083 _.-...
905 2078 912 2083 .
926 2070 991 2083 μμ-

1044 2035 1072 2058 et
1103 2037 1148 2058 res
1183 2034 1285 2065 gestae,
1317 2038 1371 2057 non
1406 2030 1582 2058 mediocriter
1611 2031 1637 2058 in
1679 2030 1832 2065 huiusmodi

173 2073 176 2107 ξ
199 2072 280 2106 Μέγα
296 2072 345 2107 μὲν
357 2072 387 2099 τὺ
397 2071 509 2107 μηδενὸς
519 2071 682 2107 πειραθῆναι
693 2071 747 2098 τῶν
759 2070 896 2107 δυσχερῶν
905 2078 912 2085 ·
926 2070 991 2102 ἴσως

1044 2075 1126 2102 rebus
1160 2075 1329 2102 erudierunt.
1369 2074 1496 2110 Magnum
1529 2075 1639 2111 quidem
1679 2081 1740 2108 est.
1766 2077 1834 2104 nihil

176 2115 181 2151 ί
200 2118 228 2145 δὲ
243 2119 305 2145 οὐδὲ
320 2119 402 2154 μέγα,
418 2119 498 2155 εἴπερ
509 2119 612 2156 ἀληθὴς
626 2121 640 2147 6
653 2119 744 2154 λόγος,
758 2119 800 2146 ὅτι
818 2120 873 2145 ὀν
888 2117 991 2154 ἀταπᾷ

1045 2120 1151 2148 molesti
1184 2120 1351 2156 degustasse,
1379 2121 1435 2148 imo
1471 2129 1522 2149 nec
1554 2129 1680 2156 magnum
1703 2121 1833 2156 fortasse,

201 2165 308 2199 Κύριος
326 2165 468 2198 παιδεύει,
480 2165 624 2200 μαστιγοῖ
635 2165 668 2192 δὲ
683 2165 781 2192 πάντα
796 2165 864 2192 υἱὸν
884 2164 920 2192 ὃν
934 2172 991 2192 πα-

1044 2166 1067 2193 si
1091 2167 1170 2194 modo
1189 2174 1271 2194 verus
1293 2167 1338 2194 hic
1362 2174 1453 2194 sermo
1473 2172 1536 2194 est:
1554 2167 1636 2199 Quem
1658 2167 1727 2194 Deus
1748 2174 1832 2200 amat,

190 2208 365 2246 ξραδέχεται,
377 2210 426 2238 καὶ
442 2208 478 2239 οὗ
491 2210 625 2244 κήδεται.
648 2210 728 2237 Ἀλλὰ
741 2210 813 2245 μέγα
826 2210 874 2245 μὲν
884 2209 915 2236 τὺ
925 2209 991 2245 μηδὲ

1045 2212 1156 2246 castigat
1170 2220 1179 2244 ;
1194 2217 1218 2238 et
1229 2212 1346 2247 ﬂagellat
1368 2220 1471 2240 omnem
1497 2213 1583 2247 ﬁlium
1599 2221 1674 2247 quem
1689 2214 1794 2248 recipit,
1807 2219 1832 2240 ει

185 2257 250 2310 ἔτην
270 2257 356 2294 ἀρχὴν
383 2259 474 2293 τυχεῖν
495 2257 692 2294 διαμαρτόντας
713 2257 780 2293 (60),
801 2257 817 2293 ἤ
836 2257 874 2293 μὴ
896 2256 930 2283 τὰ
945 2256 991 2291 μέ-

1047 2257 1123 2292 cujus
1140 2265 1230 2284 curam
1242 2258 1317 2285 habet
1331 2257 1426 2286 '.lllud
1439 2265 1504 2286 vero
1518 2266 1657 2293 magnum,
1669 2267 1703 2286 ne
1721 2259 1833 2286 omnino

237 2315 248 2330 ί
262 2313 342 2341 Prov.
355 2313 433 2346 in,”
445 2322 452 2346 ;
463 2312 545 2341 Hebr.
557 2321 607 2346 xu,
621 2313 648 2340 6.

238 2359 473 2396 (48)]ςορόνζ1ιο
495 2359 577 2396 Regg.
603 2362 730 2396 quatuor,
756 2357 834 2396 Cplb.
863 2357 894 2396 2,
909 2357 988 2390 Sav.,

1071 2354 1136 2396 ’(54)
1157 2354 1326 2396 Μενξήσιοι
1346 2355 1419 2383 θεοί.
1439 2366 1448 2382 ι
1467 2356 1595 2396 Mendesii
1689 2365 1699 2382 ι
1723 2356 1832 2384 Hircum

204 2389 263 2423 Alb.
280 2389 308 2421 et
319 2389 399 2421 Herv.
417 2394 479 2421 Par.
493 2389 619 2422 edi-cum-
631 2393 724 2428 paucis
734 2393 815 2419 codd.
830 2392 921 2428 χορός.
982 2389 986 2390 ⁷
1043 2389 1194 2428 adurabant.
1204 2389 1338 2428 Egypt“,
1357 2395 1490 2428 eteorum
1506 2392 1595 2428 lingua
1614 2392 1706 2419 hircus
1722 2401 1732 2418 ι
1757 2401 1833 2419 ruen-

240 2429 305 2465 (49),
316 2430 491 2464 Προσύμνῳ.
507 2438 516 2455 ι
537 2426 715 2465 Prosumnnm
731 2426 845 2465 r_vocat'
864 2426 988 2455 Clemens

1042 2426 1088 2465 diu
1107 2434 1117 2450 ι
1132 2426 1303 2465 vocabatur:
1321 2427 1475 2465 un_de_vox,
1505 2427 1680 2465 Μενδήσιος,
1711 2428 1832 2465 derivata

204 2460 443 2492 Alex.'Pausanias
458 2460 521 2491 vero
531 2469 559 2491 et
572 2463 692 2494 Nonnus,
709 2472 719 2488 ι
740 2462 909 2497 Polymnum.
922 2471 931 2487 ι
1041 2461 1169 2497 videtur;
1185 2460 1335 2497 vel_forst_tn
1354 2461 1404 2488 loci
1432 2470 1531 2489 nomen
1555 2460 1607 2489 est.
1638 2462 1772 2490 Caeterum
1789 2463 1833 2489 bro

241 2500 296 2535 (50)
311 2499 427 2534 Δείμου.
445 2499 528 2534 Regg.
541 2499 595 2535 hm,
612 2499 658 2529 hu,
674 2498 750 2525 Colb.
766 2495 796 2535 k,
812 2498 869 2531 ipse
884 2497 987 2531 Billius,
1042 2495 1146 2535 iro_r_t_i_c_e
1163 2495 1284 2535 loquitur
1297 2495 1457 2535 Gregorius.

205 2530 302 2571 δήμου,
320 2544 329 2560 ι
342 2530 403 2571 eum
417 2530 552 2571 populo,»
570 2534 596 2561 id
608 2539 659 2565 est,
680 2530 835 2571 iexercitu’.
853 2541 862 2557 )

1080 2530 1137 2566 (55)
1161 2531 1307 2564 Πρίαπον.
1329 2530 1392 2559 Mss.
1411 2540 1464 2559 non
1489 2531 1567 2568 pauci
1592 2532 1725 2563 scribunt,
1746 2531 1833 2567 Πρίη-

242 2568 447 2612 i§1W1imP-
463 2569 614 2612 Suessa:
632 2573 659 2612 εξ
669 2568 754 2612 ,ιζεξεξ-
769 2568 912 2612 auitae
1043 2574 1103 2612 πογς

318 2600 506 2639 Ἐγανῶγιοκ
520 2600 613 2631 ΒίΙΙῖιῖε
630 2603 725 2640 reddit,
738 2611 747 2628 ι
759 2600 796 2640 _a_c
804 2600 890 2640 veluti"
901 2601 988 2640 Lugii,

1079 2600 1136 2640 (56)
1152 2602 1428 2640 Περικεκομμένους
1443 2601 1463 2636 ἢ
1478 2601 1761 2640 διεσπασμένους-..ι
1778 2600 1832 2628 Le-

208 2636 253 2668 seti
266 2636 401 2672 Mercurii,
419 2647 515 2666 nomen
527 2637 742 2666 esset.rGornb.r
758 2636 856 2664 Mentis
866 2636 987 2669 anximn,

1043 2637 1158 2672 gebatur
1175 2636 1250 2667 olim,
1269 2646 1279 2662 ι
1297 2639 1385 2672 inquit
1409 2638 1530 2665 Combef.
1558 2636 1808 2672 περιπλεκομένους
1822 2655 1831 2668 ,

207 2683 260 2703 non
271 2675 357 2702 solum
373 2670 506 2702 sermonis
520 2674 705 2704 contentione,
725 2673 773 2700 sed
786 2673 878 2707 etiam
901 2675 987 2700 turto-

1046 2670 1056 2698 ἱ
1070 2671 1256 2707 σοιιιριίείιῑοε.
1271 2681 1280 2697 ι
1298 2670 1421 2707 ΙῗιιήΡειεε.
1440 2673 1526 2705 deest,
1540 2672 1557 2707 ἢ
1573 2670 1803 2706 διεσπασμένους.

209 2718 267 2737 rum
277 2709 427 2744 disciplina.
443 2719 452 2735 ι
463 2708 547 2737 Mont.
567 2707 737 2742 Ἐναγώνιος,
754 2706 964 2744 t_Palzestrite_s;
977 2717 986 2734 ι

1082 2705 1139 2744 (by
1152 2705 1196 2744 ᾖ
1214 2706 1327 2744 σκηνῇ.
1340 2705 1574 2744 Deestinduobus
1591 2707 1683 2742 Regiis
1694 2705 1778 2734 codd.

209 2752 270 2771 nam
288 2741 436 2771 Mercurius
455 2744 587 2778 palaestris
610 2741 748 2778 praeerath
761 2741 850 2778 Quare
877 2743 903 2778 in
932 2742 990 2776 ipso
1081 2741 1137 2778 (ᾅξ)
1151 2741 1275 2778 ’ρσοιξςτ
1293 2742 1434 2778 Reg._bm,
1450 2742 1508 2774 οὖς.

209 2781 330 2812 ingressu
348 2780 428 2806 stadii
444 2776 575 2814 Olympici
599 2776 646 2805 ara
660 2777 711 2805 fuit
724 2776 857 2804 Mercurio
877 2777 980 2811 Ἐναγω

210 2814 259 2849 νίῳ
275 2815 374 2844 dicata,
390 2819 419 2840 ut
434 2813 529 2849 scribit
541 2813 700 2841 Pausanias.

247 2846 504 2884 (53)Συτκρύπτω.
519 2848 583 2884 Reg.
597 2849 689 2882 bm,et
705 2846 770 2876 Sav.
785 2846 977 2881 συγκαλύπτω.

1093 2775 1138 2811 59)
1154 2776 1209 2802 Καὶ
1221 2775 1349 2808 ﬁlium-1
1367 2776 1446 2804 Deest
1459 2778 1486 2804 in
1500 2777 1618 2812 quinque
1630 2776 1724 2812 Regg.,
1739 2775 1788 2804 Or.
1805 2777 1831 2810 Ι,

1043 2811 1136 2882 Pastilli
1220 2846 1319 2882 ἀρχὴν
1327 2846 1430 2882 τυχεῖν
1442 2846 1667 2882 διαμαρτόντας.
1684 2856 1692 2874 ι
1708 2847 1832 2883 Magnum
