2071 3133
277 127 327 155 7H

877 125 905 153 S.
927 125 1093 154 GREGORII
1113 125 1288 154 THEOLOGI

1852 125 1902 153 712

276 194 336 213 rum
349 188 485 212 amantem
500 183 600 212 saltare
614 188 730 218 oportet,
747 183 815 210 salta
838 187 866 210 tu
882 184 1002 218 quidem,
1014 185 1061 212 sed

1117 185 1146 220 ἣν
1159 184 1279 220 ἠγοῦμαι
1302 183 1353 218 τῆς
1375 183 1518 219 εὐκινήτου
1545 183 1591 209 καὶ
1615 182 1804 218 πολυστρόφου
1832 191 1902 210 κατα

276 240 329 259 non
358 231 507 258 inhonestae
536 230 607 257 illius
631 230 790 257 Hcrodiadis
808 229 988 262 saltationem,
1002 237 1062 264 qua:

275 275 404 311 Baptista:
424 283 515 303 necem
538 275 646 302 attnlit'
663 283 670 302 :
685 283 777 302 verum
796 275 905 302 Davidis
930 276 965 302 ob
993 283 1062 303 arcae

1114 229 1178 256 Θεὺν
1190 227 1244 264 (91)
1262 228 1374 263 πορείας
1399 225 1469 254 εἶναι
1497 227 1658 262 μυστήριον.
1676 227 1787 262 Πρῶτον
1806 227 1857 262 μὲν
1872 227 1902 264 δὴ

1115 274 1193 301 τοῦτο
1208 274 1254 300 καὶ
1273 273 1399 308 μέγιστον
1408 274 1458 308 τῆς
1468 273 1537 308 ὲμῆς
1551 272 1739 308 παραινέσεως

276 323 398 357 requiem
408 322 441 355 ιο,
461 328 513 355 qua
533 321 641 355 quidem
665 321 720 348 Deo
743 325 847 356 gratam
874 321 1065 353 incessionem,
1086 320 1207 354 agilitate
1227 319 1366 354 praeditam
1393 324 1420 346 et
1442 318 1596 346 versatilem
1621 319 1734 353 mystice
1766 318 1902 354 designari

276 372 413 398 existimo.
431 370 518 404 Atque
535 370 593 396 haec
617 369 724 404 quidem
744 369 830 404 prima
844 373 871 396 et
885 369 1002 397 maxima
1019 374 1120 396 nostrae
1131 367 1324 396 admonitionis
1340 375 1403 402 pars
1419 371 1470 394 est.

311 414 432 444 XXXVI.
449 415 524 448 Quod
540 420 629 442 autem
653 415 686 442 ad
709 417 858 442 secundam
885 415 993 448 attinet,
1013 423 1065 442 non

277 463 402 497 equidem
418 461 524 493 dubito,
540 461 605 495 quin
620 461 750 495 plerique,
762 461 841 496 172
856 461 927 496 quod
945 462 1066 489 dicturus

277 516 347 538 sum,
363 515 415 534 non
444 507 562 534 libenter
587 507 722 541 accipiant
749 507 864 542 (etenim
889 507 924 534 ita
948 507 1066 534 moribus

276 557 463 587 comparatum
483 553 625 584 videmus,
652 557 680 579 ut
709 553 753 586 qui
785 552 935 580 referendze
962 553 1066 587 injuria:

279 604 439 634 potestatem
459 602 555 625 nactus
568 597 613 630 sit,
633 598 784 632 praesertim
802 598 824 624 si
834 598 868 625 ob
881 606 912 625 ea
932 606 991 634 quae
1006 606 1068 632 pcr-

278 653 376 680 pcssus
393 649 434 672 est
461 644 563 678 justam
588 644 724 671 irascendi
750 651 859 672 causam
884 645 993 677 habeat,
1010 652 1068 672 ser-

281 690 380 722 monis,
399 690 468 717 iram
502 690 684 724 reprimentis,
715 689 792 717 freno
817 691 928 718 minime
948 689 1066 725 pareat),

279 737 389 772 dignum
410 741 500 763 tamen
526 739 578 768 est,
609 736 680 770 quod
700 735 828 762 audiatur
853 740 880 762 et
897 736 1066 763 admittatur.

279 781 320 809 Ne
337 781 482 808 immodice
497 784 578 814 atque
604 779 751 807 insolenter
774 784 894 814 tempore
906 780 1063 811 abutamur;

279 836 315 855 ne
330 827 356 855 in
373 831 506 862 potestate
521 825 632 853 licentia
650 826 834 859 luxuriemus;
865 834 899 853 ne
915 827 957 859 iis,
974 834 988 853 a
1003 827 1064 861 qui-

281 876 331 902 bus
346 874 401 901 lzesi
419 881 524 905 sumus,
544 874 658 899 acerbos
681 877 708 899 et
737 872 922 900 amarulentus
938 880 986 900 nos
1000 881 1065 907 prte-

280 920 407 952 heamus;
422 927 458 946 ne
468 940 475 952 .
493 926 551 953 qua:
566 919 641 953 prius
666 918 929 953 reprehcmlebamus
940 939 947 951 ,
972 926 1002 945 ea
1017 919 1065 953 ipsi

278 967 421 994 faciamus.
436 965 536 993 Verum
551 965 602 992 hoc
617 972 671 992 uno
687 964 775 992 fructu
799 972 833 991 ex
858 972 948 991 rerum
978 971 1067 992 muta-

280 1013 357 1040 tione
367 1016 508 1047 percepto,
525 1011 597 1046 quod
610 1010 749 1038 molestias
772 1015 798 1037 et
823 1011 985 1038 acerbitates
1000 1011 1067 1038 ell‘u-

283 1059 381 1093 gimus,
399 1057 529 1092 quidquid
540 1056 572 1083 ad
586 1056 756 1083 referendam
781 1056 868 1083 vicem
893 1061 1005 1090 spectat,
1021 1057 1067 1084 dc-

282 1109 424 1131 testcmur.
441 1103 514 1130 Satis
530 1103 602 1130 enim
627 1109 724 1137 magna
754 1109 832 1135 paena
850 1103 956 1129 censeri
976 1103 1066 1135 debet,

281 1149 438 1176 hominibus
451 1147 545 1181 utique
558 1147 653 1182 probis
671 1154 703 1174 ac
721 1147 877 1178 moderatis,
904 1155 965 1174 cum
984 1147 1002 1173 ii
1021 1147 1066 1181 qui

282 1194 432 1222 molestiam
460 1193 620 1225 intulerunt,
648 1197 720 1220 metu
745 1193 936 1220 concutiuntur
953 1214 960 1226 ,
988 1194 1068 1219 meri-

282 1245 376 1275 tasque
390 1247 485 1275 poenas
498 1243 668 1273 exspectant,
698 1240 867 1274 propriaeque
894 1240 1067 1267 conscientia:

279 1286 401 1313 cruciatu
416 1285 580 1312 afficiuntur.
595 1284 662 1311 Nam
676 1292 735 1320 quae
751 1286 878 1320 qttisque,
902 1290 931 1311 ut
955 1286 1066 1320 jamjam

281 1338 471 1366 perpessurus,
484 1330 572 1362 timet,
587 1330 645 1357 hac
659 1337 755 1364 passus
767 1335 818 1362 est,
832 1330 939 1358 etiamsi
956 1338 1008 1358 non
1022 1339 1069 1365 pa-

282 1382 385 1410 tiatur;
402 1377 568 1411 graviusque
581 1383 596 1402 a
610 1382 640 1403 se
653 1376 711 1410 ipso
734 1375 861 1408 fortasse,
884 1383 965 1411 quam
983 1378 1016 1404 ab
1036 1377 1068 1404 iis

279 1425 326 1458 qui
343 1423 504 1458 supplicium
522 1422 624 1449 illaturi
636 1426 710 1454 sunt,
734 1427 887 1457 torquetur.
906 1421 1023 1449 Proinde
1035 1429 1068 1449 ne

283 1471 350 1496 iram
368 1469 457 1496 metiri
480 1469 507 1496 in
533 1468 651 1495 animam
675 1469 852 1500 inducamus,
874 1476 925 1496 nec
941 1469 1067 1500 leviores,

1151 415 1221 447 AG’.
1241 412 1372 448 Δεύτερον
1395 412 1423 439 δὲ
1448 412 1564 447 χαλεπὸν
1587 412 1636 448 μὲν
1661 413 1716 448 (92)
1739 410 1799 439 οἶδα
1826 413 1903 448 λόγον

1115 460 1186 496 ἐρῶν
1201 460 1250 487 καὶ
1265 459 1486 494 δυσπαράδεκτον
1506 460 1561 491 τοῖς
1578 459 1702 490 πολλοῖς·
1720 458 1792 493 φιλεῖ
1805 459 1860 495 γὰρ
1875 461 1904 486 ἐν

1115 506 1223 542 ἐξουσίᾳ
1248 506 1294 533 τοῦ
1315 505 1440 541 ἀντιδρᾷν
1464 505 1558 537 κακῶς
1580 506 1723 542 γενόμενος
1751 506 1902 543 ἅνθρωπος,

1115 551 1203 584 ἄλλως
1223 561 1253 578 τε
1271 551 1322 578 κᾶν
1339 550 1447 578 δικαίαν
1471 550 1540 585 ἔχων
1555 550 1611 587 (95)
1636 551 1684 586 τὴν
1708 552 1791 587 ὀργὴν
1815 552 1845 585 ἐξ
1867 549 1904 578 ὧν

1116 598 1259 630 πέπονθεν,
1276 598 1376 633 ἥκιστα
1392 597 1471 631 λόγου
1490 597 1629 624 πείθεσθαι
1653 597 1771 632 χαλινοῖς
1792 598 1838 624 τὸν
1855 599 1903 625 θυ-

1117 643 1166 678 μὸν
1191 643 1401 673 ἀνακόπτοντος·
1418 641 1585 676 ἀκουσθῆναι
1603 641 1630 668 δὲ
1647 642 1720 676 ὅμως
1738 642 1786 669 καὶ
1811 651 1905 678 προσ-

1115 688 1242 723 δεχθῆναι
1255 687 1338 720 ἄξιον.
1353 688 1399 722 Μὴ
1414 688 1558 723 ἀπλήστως
1571 687 1737 723 χρησώμεθα.
1803 688 1902 724 καιρῷ,

1118 733 1155 769 μὴ
1168 733 1422 769 κατατρυφήσωμεν
1436 733 1486 767 τῆς
1502 733 1634 765 ἐξουσίας,
1651 733 1688 769 μὴ
1711 734 1804 769 πικροὶ
1818 734 1904 768 γενώ-

1118 778 1187 813 μεθα
1199 779 1254 809 τοίς
1270 777 1423 812 ἠδικηκόσι,
1442 778 1478 813 μὴ
1495 775 1532 803 ὧν
1546 777 1720 813 κατέγνωμεν
1734 778 1800 813 (94),
1817 778 1910 805 ταῦτα.

1118 824 1265 859 πράξωμεν
1275 832 1281 838 ·
1297 823 1354 850 ἀλλ’
1371 824 1430 849 ὅσον
1442 825 1537 857 φυγεῖν
1551 822 1585 849 τὰ
1600 823 1673 850 δεινὰ
1688 823 1737 858 τῆς
1756 823 1909 858 μεταϐολῆς

1116 869 1319 901 ἀπολαύσαντες
1339 869 1412 905 (95).
1432 870 1494 896 ὅσον
1510 870 1550 900 εἰς
1573 869 1706 895 ἀντίδοσιν
1732 870 1804 904 ἥκει,
1825 871 1907 905 μισή-

1118 923 1218 950 σωμεν.
1242 915 1386 950 Αὐτάρκης
1400 915 1462 949 δίκη
1479 916 1535 946 τοῖς
1550 923 1582 949 γε
1607 915 1728 950 μετρίοις
1745 915 1775 941 τὸ
1791 915 1843 942 τῶν
1861 916 1905 942 λε-

1116 961 1276 996 λυπηκότων
1291 961 1361 992 δέος,
1379 961 1425 987 καὶ
1445 961 1475 987 τὸ
1492 960 1675 996 προσδοκῆσαι
1695 960 1781 987 ταῦτα
1797 961 1902 993 παθεῖν,

1116 1004 1153 1033 ὦν
1169 1008 1236 1033 εἰσιν
1254 1006 1340 1039 ἄξιοι,
1367 1007 1413 1034 καὶ
1429 1007 1520 1042 οἰκείῳ
1542 1007 1671 1033 συνειδότι
1691 1006 1902 1042 βασανισθῆναυ

1116 1052 1134 1079 ἃ
1151 1053 1204 1088 γὰρ
1220 1061 1262 1084 τις
1283 1053 1320 1084 ὡς
1348 1053 1507 1088 πεισόμενος
1526 1053 1638 1084 δέδοικε,
1666 1053 1752 1079 ταῦτα
1777 1053 1900 1084 πέπονθε,

1117 1099 1169 1125 κᾶν
1186 1099 1222 1135 μὴ
1243 1099 1334 1136 πάθῃ,
1361 1100 1406 1126 καὶ
1421 1100 1505 1126 πλείω
1529 1100 1592 1135 παρ’
1609 1100 1705 1126 ἑαυτοῦ
1723 1100 1801 1135 τυχὸν
1816 1100 1832 1134 ἦ
1850 1100 1900 1126 τῶν

1117 1144 1270 1179 δρασόντων
1286 1145 1437 1177 κολάζεται.
1457 1146 1502 1182 Μὴ
1518 1147 1608 1174 τοίνυν
1625 1148 1780 1183 Θελήσωμεν
1794 1148 1842 1183 τὴν
1859 1149 1900 1183 ὀρ-

1118 1191 1169 1225 γὴν
1191 1191 1376 1226 μετρηθῆναι,
1395 1192 1461 1227 μηδὲ
1483 1193 1610 1228 φανῶμεν
1625 1194 1752 1226 ἐλάττους
1776 1195 1899 1221 κολασταὶ

1117 1236 1165 1271 τῆς
1178 1235 1269 1268 ἀξίας·
1288 1236 1344 1262 ἀλλ’
1359 1237 1452 1272 ἐπειδὴ
1468 1237 1499 1263 τὺ
1513 1239 1566 1264 πᾶν
1586 1239 1783 1274 εἰσπράξασθαι
1799 1239 1835 1275 μὴ
1851 1239 1899 1265 δυ-

1117 1281 1232 1316 νάμεθα,
1260 1282 1290 1308 τὸ
1313 1283 1367 1308 πᾶν
1391 1284 1626 1319 συγχωρήσωμεν·
1654 1285 1796 1320 γενώμεθα
1817 1285 1897 1319 τούτῳ

1118 1327 1258 1361 κρείττους
1271 1327 1325 1354 τῶν
1339 1328 1508 1363 ἠδικηκότων
1525 1330 1571 1356 καὶ
1585 1330 1759 1366 ὑψηλότεροι·
1775 1331 1896 1366 δείξωμεν

1118 1372 1143 1398 τί
1164 1372 1213 1407 μὲν
1228 1373 1396 1400 διδάσκουσιν
1410 1374 1530 1406 ἐκείνους
1546 1377 1570 1401 οἱ
1585 1376 1720 1411 δαίμονες,
1744 1377 1771 1403 τί
1784 1377 1827 1404 δαὶ
1847 1376 1895 1412 (96)

1118 1419 1192 1453 ἡμᾶς
1205 1419 1360 1445 ὲκπαιδεύει
1375 1420 1504 1456 Χριστὸς,
1514 1420 1554 1452 ὃς,
1569 1418 1610 1452 οἷς
1626 1422 1741 1448 πέπονθε
1756 1424 1786 1448 τὸ
1800 1423 1895 1449 εὐδόκι-

1121 1473 1169 1500 μον
1187 1465 1243 1499 (97)
1268 1465 1346 1500 ἔχον,
1364 1466 1413 1500 οὐχ
1432 1464 1511 1502 ἧττον
1528 1467 1669 1502 νενίκηκεν
1695 1466 1735 1500 οἷς
1759 1468 1895 1504 δυνάμενος

281 1522 362 1549 quam
379 1521 428 1548 pro
440 1513 585 1541 criminum
599 1513 752 1544 atrocitate,
763 1519 858 1547 pcenas
867 1512 965 1539 inferre
977 1513 1066 1538 videa-

1119 1511 1149 1537 οὐ
1165 1511 1323 1546 πεποίηκεν.
1347 1513 1394 1538 Ἓν
1409 1513 1558 1548 ἀντιδῶμεν
1572 1513 1611 1548 τῷ
1631 1514 1689 1548 Θεῷ
1710 1516 1893 1550 χαριστήριον·

283 1567 358 1586 mur:
381 1566 474 1585 verum
500 1557 628 1592 quoniam
656 1563 752 1591 poenas
778 1563 873 1582 omnes
890 1556 998 1588 exigere
1012 1562 1064 1581 non

282 1612 435 1639 possumus,
451 1611 545 1631 omnes
561 1603 764 1630 condonemus:
781 1603 832 1628 hac
856 1602 965 1628 ratione
989 1601 1032 1634 iis,
1049 1608 1064 1628 τι

1119 1556 1280 1592 αὐξήσωμεν
1302 1559 1464 1594 χρηστότητι
1485 1559 1516 1585 τὸ
1534 1560 1682 1595 μυστήριον
1693 1567 1699 1575 ·
1716 1562 1755 1592 εἰς
1770 1560 1845 1587 τοῦτο
1861 1559 1894 1594 τῷ

1119 1601 1206 1637 καιρῷ
1219 1603 1385 1638 χρησώμεθα
1399 1604 1466 1639 (98).

281 1652 379 1687 quibus
395 1649 508 1684 injurias
523 1649 689 1684 accepimus,
708 1648 834 1676 meliores
851 1656 882 1674 ac
914 1647 1087 1674 sublimiores
1107 1655 1156 1676 nos
1191 1655 1360 1682 praestemus.
1391 1649 1580 1682 Ostendaums,
1609 1651 1673 1686 quid
1698 1652 1756 1678 illos
1771 1651 1894 1679 daemones

281 1699 407 1729 doceant,
425 1695 489 1730 quid
519 1703 626 1722 rursum
657 1695 783 1722 Christus
806 1702 856 1722 nos
881 1695 997 1727 erudiat,
1021 1694 1068 1729 qui
1087 1702 1148 1721 cum
1162 1702 1208 1729 per
1236 1703 1268 1723 ea
1293 1704 1352 1731 qum
1365 1703 1460 1731 passus
1482 1700 1534 1728 est,
1552 1697 1665 1731 gloriam
1686 1706 1718 1725 ac
1733 1698 1894 1733 splendorem

281 1745 391 1777 habeat,
411 1752 463 1771 non
486 1744 575 1770 minus
593 1747 682 1769 tamen
694 1749 742 1777 per
758 1742 784 1768 id
811 1742 961 1776 superavit,
995 1742 1066 1775 quod
1085 1749 1128 1774 ea,
1145 1749 1205 1776 qua;
1220 1748 1336 1777 poterat,
1352 1751 1404 1770 non
1440 1743 1513 1771 fecit.
1538 1744 1625 1772 Unum
1649 1746 1700 1772 hoc
1717 1745 1779 1777 Deo,
1794 1746 1818 1772 in
1834 1743 1895 1779 grati

281 1789 363 1817 animi
382 1788 607 1823 significationem
638 1785 811 1813 referamur
848 1787 1007 1821 mysterium
1032 1786 1199 1821 benignitate
1229 1795 1387 1823 augeamus,
1412 1791 1444 1816 ad
1462 1797 1522 1816 eam
1546 1798 1602 1817 rem
1631 1791 1759 1825 temporis
1781 1798 1899 1818 commo-

281 1837 364 1864 ditate
379 1840 497 1861 utamur.

315 1880 449 1910 XXXVII.
465 1880 527 1913 Eos,
542 1888 555 1906 a
569 1880 667 1914 quibus
677 1884 821 1914 tyrannide
830 1879 952 1914 oppressi
962 1887 1067 1912 sumus,

280 1927 490 1957 mansuetudine
505 1928 665 1960 vincamus;
690 1934 723 1953 ac
746 1927 864 1953 maxime
893 1926 1000 1960 quidem
1021 1932 1069 1951 nos

280 1976 435 2011 benignitas
451 1975 485 2001 ad
508 1974 702 2009 ignoscendum
727 1973 856 2005 adducat,
878 1973 976 2007 visque
992 1979 1069 1999 man-

280 2023 346 2054 dati,
360 2021 482 2049 eamdem
503 2019 698 2054 benignitatem
726 2020 804 2046 nobis
824 2020 851 2046 in
881 2019 916 2046 iis
932 2019 1024 2048 rebus.
1042 2019 1067 2046 in

282 2069 378 2105 quibus
407 2074 439 2094 ea
459 2074 527 2102 opus
553 2066 696 2098 habemus,
731 2066 885 2093 remetiens.
916 2065 973 2098 Qua
995 2065 1066 2092 enim

1158 1879 1219 1905 AZ'.
1228 1877 1394 1913 Νικήσωμεν
1402 1879 1537 1915 ἐπιεικείᾳ
1548 1880 1611 1911 τοὺς
1617 1881 1842 1916 τυραννήσαντας,
1854 1879 1895 1905 καὶ

1122 1924 1240 1960 μάλιστα
1258 1924 1307 1959 μὲν
1324 1924 1512 1960 φιλανθρωπία
1531 1925 1601 1952 ἔστω
1621 1926 1652 1953 τὸ
1668 1927 1837 1962 συγχωροῦν,
1853 1925 1894 1951 καὶ

1120 1971 1137 2005 ἡ
1153 1969 1202 2004 τῆς
1219 1969 1328 2004 ἐντολῆς
1344 1970 1467 2005 δύναμις,
1487 1971 1535 2006 τὴν
1554 1971 1613 2006 ἴσην
1631 1971 1797 1998 ἀντιδιδοῦσα
1811 1970 1894 2004 φιλαν-

1120 2015 1244 2051 θρωπίαν
1257 2017 1333 2051 ἡμῖν,
1351 2017 1380 2041 ἐν
1395 2013 1435 2047 οἷς
1449 2017 1525 2042 αὐτοὶ
1541 2016 1692 2052 χρῄζομεν·
1707 2014 1728 2051 ᾧ
1745 2017 1796 2052 γὰρ
1813 2015 1895 2050 μέτρῳ

1121 2061 1290 2097 μετροῦμεν,
1320 2062 1538 2097 ἀπιμετρείσθαι
1567 2062 1753 2099 γινώσκομεν·
1774 2063 1798 2089 εἱ
1813 2062 1839 2087 δὲ
1855 2060 1897 2086 καὶ

282 2120 407 2141 mensura
422 2111 574 2144 metiemur,
585 2111 679 2139 eadem
704 2117 811 2145 quoque
823 2109 900 2138 nobis
916 2117 1066 2137 remensum

1118 2106 1179 2134 λίαν
1193 2115 1236 2138 τις
1256 2106 1362 2142 πικρῶς
1377 2107 1449 2143 ἔχει,
1466 2108 1580 2143 ἀφῶμεν
1599 2108 1659 2144 Θεῷ
1675 2110 1737 2141 τοὺς
1752 2105 1898 2141 λελυπηκό-

282 2160 315 2188 iri
335 2163 508 2195 perspectum
525 2157 654 2184 habemus
667 2157 700 2183 “.
711 2156 787 2189 Quod
804 2156 826 2184 si
839 2156 899 2191 quis
911 2156 1002 2182 animo
1017 2155 1065 2183 ad-

282 2205 390 2232 modum
406 2204 504 2231 acerbo
518 2207 598 2238 atque
615 2203 772 2237 importuno
786 2207 839 2234 est,
856 2202 922 2234 Deo,
934 2209 965 2229 ac
975 2201 1066 2228 futuro

283 2249 409 2277 tribunali
427 2257 473 2276 eos
487 2249 533 2283 qui
549 2255 599 2275 nos
611 2248 751 2280 laeserunt,
776 2248 981 2282 relinquamus:
999 2248 1067 2275 nihil

1118 2161 1177 2185 τας.
1194 2153 1240 2179 καὶ
1253 2153 1291 2188 τῷ
1308 2154 1411 2180 ἐκεῖθεν
1427 2154 1608 2189 δικαστηρίῳ·
1626 2155 1709 2190 μηδὲν
1727 2155 1776 2190 τῆς
1793 2149 1898 2189 μελλού-

1121 2208 1169 2235 σης
1188 2199 1272 2235 ὀργῆς
1296 2199 1340 2226 διὰ
1357 2199 1407 2235 τῆς
1425 2200 1561 2235 ἡμετέρας
1584 2201 1675 2236 χειρὸς
1700 2199 1896 2232 ὲλαττὼσωμεν.

1119 2243 1165 2279 Μὴ
1186 2244 1315 2279 δήμευσιν
1331 2245 1518 2279 ἐννοήσωμεν,
1537 2245 1574 2281 μὴ
1601 2244 1703 2280 βήμασι
1725 2242 1898 2280 παραστήσω·

281 2295 315 2321 de
328 2293 416 2321 futura
433 2299 512 2328 paena
536 2299 585 2327 per
611 2297 732 2320 nostram
754 2299 863 2319 manum
880 2291 1065 2319 detrahamus.

1123 2298 1181 2325 μεν,
1201 2290 1238 2325 μὴ
1255 2290 1384 2326 πατρίδος
1399 2289 1616 2325 ὑπερορίσωμεν,
1636 2290 1673 2326 μὴ
1694 2289 1815 2326 μάστιξιν
1831 2286 1896 2312 αἰκι-

282 2338 320 2366 Ne
332 2338 463 2366 bonorum
480 2337 702 2373 proscriptionem
715 2337 875 2372 cogitemus,
892 2344 925 2364 ne
939 2337 972 2363 ad
994 2336 1067 2372 judi-

281 2392 342 2412 cum
358 2383 485 2411 subsellia
501 2383 651 2416 trahamus,
675 2390 709 2410 ne
734 2382 832 2417 patriis
851 2382 961 2410 sedibus
983 2381 1066 2417 pella-

1120 2382 1222 2416 τὸμως,
1237 2381 1389 2417 δράσωμεν.
1408 2383 1568 2417 Ποιήσωμεν
1585 2382 1725 2414 κάκείνους
1739 2382 1831 2415 ὲπιειμ

317 2473 327 2488 ⁹
351 2471 447 2498 Matth.
480 2478 536 2505 xiv,
552 2472 565 2498 I
584 2475 611 2498 et
627 2478 685 2506 seq.
697 2479 704 2504 ;
718 2470 802 2498 Marc.
821 2478 858 2503 vr,
875 2471 909 2498 14
919 2474 947 2499 et
960 2477 1017 2505 seq.
1057 2471 1079 2486 '°
1093 2470 1116 2498 II
1133 2470 1199 2506 Reg.
1211 2477 1249 2502 v1,
1265 2470 1309 2497 I4.
1346 2470 1367 2486 “
1384 2469 1480 2497 Matth.
1494 2477 1543 2502 nt,
1556 2470 1574 2497 ἓ
1585 2478 1592 2503 ;
1605 2469 1687 2497 Marc.
1703 2477 1739 2502 iv,

1221 2591 1424 2631 Ιςατέγῖνῳμεν.
1437 2592 1518 2631 Coll)._
1527 2593 1555 2631 lt,
1573 2565 1731 2631 x_a‘:s_~{vrim‘

1154 2628 1210 2664 (95)
1232 2628 1484 2664 Ἀεςολιιιίγιγιιντιεςἶ
1500 2628 1574 2655 Colit.
1587 2628 1613 2660 k,
1627 2628 1683 2653 ἀποζ

1155 2662 1211 2698 (96)
1231 2663 1329 2698 neat.
1341 2664 1404 2694 mu,
1419 2663 1445 2688 τί
1453 2662 1496 2698 ξε.

1154 2696 1209 2733 (97)
1227 2697 1262 2724 Τὸ
1273 2697 1443 2732 εὐδόκιμον.
1452 2697 1518 2725 Tres
1526 2697 1608 2733 Regg.
1622 2702 1648 2723 et
1663 2696 1678 2733 it

1119 2734 1253 2769 δοκιμεῖν,
1272 2742 1281 2758 ι
1302 2733 1352 2769 Qui
1366 2734 1463 2767 quibus
1474 2734 1564 2760 ulcisci
1580 2734 1661 2769 ltgeba

1155 2767 1210 2804 (98)
1219 2768 1410 2804 Χρησὼμεθᾳ.
1421 2769 1476 2796 Duo
1487 2769 1584 2803 Iiegg.,
1597 2767 1647 2804 Pas

1121 2802 1168 2839 79;
1184 2802 1432 2839 καταχρησώμεθα.
1446 2804 1470 2831 Is
1486 2802 1575 2836 addit,
1593 2812 1602 2828 ι
1624 2802 1648 2829 fo

1123 2846 1207 2874 μενοι.
1226 2847 1236 2863 ι
1635 2846 1703 2874 -
1903 2856 1915 2872 J

1544 2884 1903 3079 [tl

317 2592 370 2628 (91)
396 2591 454 2626 Τῆς
476 2591 635 2626 εὐκινήτου
660 2593 710 2620 καὶ
746 2593 961 2627 πολυστρόφου
989 2594 1063 2621 κατὰ

282 2628 365 2657 Θεόν.
379 2634 431 2654 etc.
451 2637 460 2653 ι
479 2628 537 2660 Qua
550 2629 657 2662 quidem
676 2636 707 2656 ex
731 2628 777 2655 Dei
795 2629 944 2655 rationibus
963 2628 1065 2656 insutu-

282 2671 335 2690 tam
352 2663 530 2690 incessionem
549 2663 668 2696 agilitate
684 2663 797 2690 celerem
809 2663 953 2697 significari
971 2670 1063 2697 puto.»

318 2698 373 2734 (92)
385 2697 523 2725 Χαλεπὸν
530 2698 597 2732 μέν.
607 2698 644 2725 Ita
655 2703 770 2733 quatuor
781 2697 875 2733 Regg.,
891 2697 937 2725 Or.
950 2699 975 2731 I,
988 2699 1062 2726 Pass.

281 2733 333 2759 etc.
355 2734 433 2760 Deest
449 2733 508 2768 μέν,
524 2733 550 2759 in
565 2734 607 2760 ed.

317 2768 372 2804 (95)
385 2767 504 2804 Ἄλλως
516 2776 546 2794 τε
558 2768 615 2795 κᾶν
629 2769 748 2796 δικαίαν
759 2768 847 2802 ἔχων.
861 2767 896 2795 Ita
912 2767 995 2803 Regg.
1008 2767 1065 2804 plu-

282 2810 335 2863 res‘,
352 2803 396 2852 0:.
416 2803 441 2836 l,
457 2809 482 2831 et
496 2803 569 2832 Pass.
588 2804 656 2832 Editi
674 2812 746 2837 vero,
758 2803 844 2836 ἄλλως
854 2812 884 2831 τε
903 2804 940 2838 δὲ,
961 2804 1011 2831 κᾶν
1025 2803 1065 2830 δι-

282 2846 316 2863 κα
328 2846 360 2863 αν
375 2846 433 2863 an.

281 2846 360 2865 καιαν
375 2846 433 2872 εχῃ.

1122 2336 1242 2372 σώμεθα,
1259 2336 1326 2372 μηδέ
1341 2345 1368 2362 τι
1383 2337 1437 2362 τῶν
1450 2336 1500 2362 ὅσα
1514 2336 1696 2371 πεπόνθαμεν,
1711 2336 1742 2362 ἵν’
1754 2334 1822 2361 εἴπω
1838 2338 2011 2372 avre-41’

1809 2343 1822 2360 υ
1838 2343 1913 2369 ουν-ι.
2023 2343 2024 2395 ‘

1739 2447 2023 3079 II
