2071 3133
244 110 294 138 7H

844 110 872 138 S.
894 109 1061 139 GREGORIl
1081 110 1255 139 TllEOLOGl

1817 112 1869 141 712

244 177 303 196 1¹ιιιιι
316 171 452 196 amantem
466 167 566 196 saltare
581 172 698 202 oportet,
715 168 782 195 salta
805 172 832 194 tu
849 168 969 203 quidem,
982 169 1028 197 sed

1082 170 1113 206 ἣν
1126 169 1247 205 ἠγοῦμαι
1269 169 1320 204 τῆς
1343 169 1486 206 εὖκινήτου
1512 169 1558 196 καὶ
1583 169 1771 205 πολυστρόφου
1797 179 1869 198 κατα

243 223 296 242 non
325 215 473 242 inhonestae
503 214 573 241 illius
599 214 757 242 Hcrodiadis
775 214 955 246 saltationem,
970 222 1029 250 quas

242 259 370 294 Baptistae
390 267 482 286 necem
505 258 613 285 attulit’
629 267 637 286 :
652 267 744 286 verum
763 259 872 287 Davidis
897 261 932 287 ob
959 268 1029 288 arca:

1081 214 1146 241 Θεὸν
1157 213 1211 249 (91)
1230 214 1341 248 πορείας
1367 211 1436 240 εἶναι
1464 214 1624 249 μυστήριον.
1643 213 1753 249 Πρῶτον
1772 214 1821 250 μὲν
1836 215 1869 252 δὴ

1082 259 1160 286 τοῦτο
1175 259 1222 286 καὶ
1239 259 1366 294 μέγιστον
1375 261 1425 294 τῆς
1435 259 1504 294 ἐμῆς
1518 259 1706 294 παραινέσεως

243 306 364 340 requiem
375 305 407 338 ’°,
428 312 479 339 qua
500 304 608 339 quidem
632 305 686 332 Deo
710 310 815 340 gratam
840 306 1032 338 incessiunem,
1052 306 1174 340 agilitate
1194 305 1333 340 praeditam
1360 310 1387 332 et
1409 304 1563 332 versatilem
1588 305 1701 340 mystice
1733 305 1868 341 designari

243 355 380 382 existimo.
397 353 485 387 Atque
502 353 559 380 haec
584 353 691 388 quidem
711 354 797 388 prima
811 357 838 381 et
851 354 968 382 maxima
986 359 1087 382 nostrae
1098 353 1291 382 admonitionis
1307 361 1370 388 pars
1386 358 1437 380 est.

277 398 398 427 XXXVI.
416 399 491 432 Quod
507 404 596 426 autem
619 399 653 426 ad
676 401 824 426 secundam
851 400 960 433 attinet,
979 409 1032 428 non

243 446 368 480 equidem
384 445 490 477 dubito,
506 445 571 479 quin
586 445 717 480 plerique,
728 446 808 481 172
823 446 894 481 quod
911 447 1033 474 dicturus

243 499 313 522 sum,
329 499 381 518 non
410 491 528 518 libenter
553 491 689 526 accipiant
716 491 830 526 (etenim
855 492 891 519 ita
914 492 1033 520 moribus

243 540 429 570 comparatum
449 537 591 568 videmus,
618 541 646 564 ut
675 538 719 570 qui
751 536 902 565 referendae
928 537 1033 573 injurize

245 587 405 617 potestatem
425 586 521 609 nactus
534 581 579 614 sit,
599 582 750 616 praesertim
769 583 790 609 si
800 583 834 610 ob
847 591 878 610 ea
898 591 957 618 qua:
972 591 1034 618 per-

244 636 342 664 pessus
359 633 400 656 est
427 628 528 662 justam
554 628 690 656 irascendi
716 636 826 656 causam
851 630 959 662 habeat,
975 637 1033 657 ser-

247 674 346 705 monis,
366 674 434 700 iram
467 674 650 708 reprimentis,
681 673 758 702 freno
783 675 894 702 minime
914 675 1032 710 pareat),

245 721 355 755 dignum
375 724 465 746 tamen
491 723 544 752 est,
575 720 646 754 quod
665 720 793 747 audiatur
819 725 846 747 et
862 721 1032 748 admittatur.

245 764 286 792 Ne
303 764 447 792 immodice
462 769 544 798 atque
569 764 717 791 insolenter
739 769 859 799 tempore
871 764 1029 796 abutamur;

244 819 281 839 ne
296 811 322 838 in
338 815 472 846 potestate
486 809 597 837 licentia
615 810 800 843 luxuriennts;
830 819 865 838 ne
881 811 922 844 iis,
940 819 953 837 a
968 811 1030 846 qui-

246 859 296 885 bus
311 858 366 885 Iasi
384 865 490 889 sumus,
509 858 623 884 acerbos
647 862 674 883 et
703 857 886 884 amarulentus
903 865 951 885 nos
965 866 1030 892 prte-

245 904 372 936 beamtts;
387 910 423 930 ne
433 924 440 936 ,
458 910 517 937 qua:
531 903 606 938 prius
631 903 894 937 reprehendebamus
905 924 912 936 ,
937 912 967 930 ea
982 904 1030 938 ipsi

245 950 386 978 faciamus.
401 949 501 977 Verum
516 949 566 976 hoc
582 957 636 976 uno
652 948 740 976 fructu
763 957 797 976 ex
823 957 913 976 rerum
943 955 1032 977 muta-

244 997 322 1023 tione
333 1000 473 1031 percepto,
490 995 562 1030 quod
575 995 714 1022 molestias
737 1000 763 1022 et
788 995 950 1023 acerbitates
965 996 1032 1023 ellu-

247 1043 345 1077 gimus,
363 1041 493 1076 quidquid
504 1041 537 1067 ad
550 1040 720 1068 referendam
746 1041 832 1068 vicem
857 1046 970 1075 spectat,
986 1042 1032 1069 de-

246 1092 388 1115 testctnur.
405 1086 478 1114 Satis
494 1086 566 1114 enim
592 1094 688 1121 magna
719 1094 797 1120 paena
815 1088 921 1114 censeri
941 1088 1031 1120 debet,

245 1132 402 1159 hominibus
415 1131 509 1166 utique
522 1131 617 1166 probis
635 1139 668 1158 ac
685 1132 842 1163 moderatis,
868 1140 930 1159 cum
949 1132 966 1158 ii
985 1132 1031 1166 qui

246 1177 397 1205 molestiam
424 1177 585 1209 intulerunt,
612 1181 685 1204 metu
709 1178 901 1205 concutiuntur
917 1199 924 1211 ,
953 1179 1032 1204 meri-

245 1228 340 1258 tasque
354 1230 449 1259 pmnas
463 1228 632 1258 exspectant,
662 1224 832 1259 propriazque
858 1225 1032 1252 conscientia:

243 1270 365 1297 cruciatu
381 1269 544 1296 afﬁciuntur.
560 1268 626 1296 Nam
640 1277 699 1304 qua:
716 1271 843 1304 quisque,
866 1275 895 1296 ut
919 1271 1030 1306 jamjatn

245 1322 436 1350 perpessurus,
449 1314 536 1346 timet,
551 1314 609 1341 haec
624 1322 719 1349 passus
732 1319 783 1346 cst,
796 1315 903 1342 etiatnsi
920 1324 972 1343 non
986 1324 1033 1350 pa-

246 1357 349 1394 tiatur;
366 1360 532 1395 graviusque
544 1367 560 1387 a
575 1367 604 1388 se
617 1361 675 1395 ipso
699 1359 826 1393 fortasse,
849 1368 929 1396 quam
947 1363 980 1389 ab
1000 1362 1032 1390 iis

243 1408 290 1442 qui
306 1407 468 1442 supplicium
486 1407 587 1433 illaturi
600 1411 674 1438 sunt,
698 1411 851 1442 torquetur.
870 1407 987 1435 Proinde
998 1415 1032 1434 ne

246 1455 313 1480 iram
331 1453 421 1480 metiri
444 1453 471 1480 in
496 1453 615 1480 animam
639 1454 816 1485 inducamus,
838 1461 889 1480 nec
904 1454 1030 1486 leviores,

1117 400 1188 433 aqu
1207 398 1338 434 Δεύτερον
1361 398 1390 425 δὲ
1415 398 1530 434 χαλεπὸν
1554 399 1603 434 μὲν
1627 399 1683 435 (92)
1706 397 1765 426 οἶδα
1791 400 1869 435 λόγον

1082 445 1152 481 ὲρῶν
1168 446 1217 473 καὶ
1232 445 1453 480 δυσπαράδεκτον
1472 447 1527 478 τοῖς
1545 445 1669 477 πολλοῖς·
1686 445 1758 480 φιλεῖ
1771 447 1825 482 γὰρ
1840 448 1869 473 ὲν

1082 492 1190 528 ἐξουσίᾳ.
1215 492 1261 519 τοῦ
1282 492 1407 527 ἀντιδρᾷν
1431 491 1524 524 κακῶς
1547 493 1690 528 γενόμενος
1717 493 1868 530 ἄνθρωπος.

1081 537 1169 570 ἄλλως
1189 546 1219 564 τε
1237 537 1289 564 κᾶν
1305 536 1413 564 δικαίαν
1438 536 1507 572 ἔχων
1522 537 1577 573 (95)
1603 538 1651 573 τὴν
1675 539 1758 574 ὀργὴν
1781 539 1810 572 ἐξ
1832 536 1869 566 ὧν

1083 584 1226 615 πέπονθεν,
1242 585 1342 619 ἥκιστα
1358 583 1437 617 λόγου
1456 583 1595 610 πείθεσθαι
1619 585 1737 620 χαλινοῖς
1759 585 1803 612 τὸν
1821 586 1869 612 θυ-

1083 628 1133 664 μὸν
1157 629 1367 659 ἁνακόπτοντος“
1385 627 1551 663 ἀκουσθῆναι
1569 628 1596 654 δὲ
1613 629 1686 664 ὅμως
1704 629 1751 656 καὶ
1777 639 1870 665 προσ-

1081 673 1208 709 δεχθῆναι
1221 674 1304 706 ἄξιον.
1320 673 1365 708 Μὴ
1379 674 1524 709 ἀπλήστως
1537 673 1703 710 χρησώμεθα
1718 675 1756 710 τῷ
1769 675 1867 711 καιρῷ,

1083 719 1120 754 μὴ
1134 720 1388 754 κατατρυφήσωμεν
1402 719 1452 754 τῆς
1467 719 1600 751 ἐξουσίας,
1616 720 1654 756 μὴ
1677 721 1769 756 πικροὶ
1784 721 1868 755 γενώ-

1083 763 1153 798 μεθα
1164 764 1220 795 τοῖς
1235 764 1388 799 ἠδικηκόσι,
1408 765 1444 799 μὴ
1461 761 1498 790 ὧν
1512 763 1686 800 κατέγνωμεν
1700 765 1766 800 (94),
1783 766 1869 792 ταῦτα

1083 809 1230 844 πράξωμεν
1241 817 1247 824 ³
1263 809 1320 835 ἀλλ’
1336 810 1396 836 ὅσον
1408 811 1503 844 φυγεῖν
1517 809 1550 836 τὰ
1566 809 1639 836 δεινὰ
1654 810 1703 846 τῆς
1721 811 1870 846 μεταδολῆς

1082 855 1285 886 ἀπολαύσαντες
1305 855 1378 890 (95),
1398 856 1460 882 ὅσον
1476 857 1515 886 εἰς
1538 855 1672 882 ἀντίδοσιν
1698 857 1770 891 ἥκει,
1791 859 1870 892 μισή-

1083 909 1183 935 σωμεν.
1207 901 1351 936 Αὐτάρκης
1366 901 1427 936 δίκη
1444 903 1500 933 τοῖς
1515 910 1547 935 γε
1572 902 1694 937 μετρίοις
1710 903 1740 928 τὸ
1756 903 1809 929 τῶν
1826 903 1870 930 λε-

1082 946 1242 982 λυπηκότων
1257 947 1326 978 δέος,
1344 947 1390 973 καὶ
1410 947 1441 973 τὸ
1457 947 1640 983 προσδοκῆσαι
1660 948 1746 975 ταῦτα
1762 949 1868 981 παθεῖν,

1081 989 1118 1018 ὧν
1134 993 1202 1018 εἰσιν
1219 992 1305 1024 ἄξιοι,
1332 994 1378 1019 καὶ
1394 994 1486 1028 οἰκείῳ
1506 993 1636 1020 συνειδότι
1656 993 1868 1029 βασανισθῆναι·

1081 1037 1099 1064 ἃ.
1116 1038 1168 1073 γάρ
1185 1047 1227 1069 τις
1248 1039 1285 1070 ὡς
1313 1039 1473 1074 πεισόμενος
1491 1039 1603 1071 δέδοικε,
1631 1040 1716 1066 ταῦτα
1742 1041 1868 1072 πέπονθε,

1082 1084 1133 1111 κᾶν
1151 1084 1187 1120 μὴ
1208 1085 1298 1122 πάθῃ,
1326 1086 1372 1112 καὶ
1386 1086 1470 1112 πλείω
1494 1087 1557 1122 παρ’
1574 1086 1670 1113 ἑαυτοῦ
1687 1087 1766 1122 τυχὸν
1782 1088 1798 1122 ἦ
1816 1088 1869 1113 τῶν

1081 1129 1235 1165 δρασάντων
1251 1131 1402 1164 κολάζεται.
1422 1132 1467 1168 Μὴ
1484 1134 1572 1160 τοίνυν
1590 1135 1745 1170 θελήσωμεν
1759 1135 1808 1171 τὴν
1825 1136 1869 1171 ὀρ-

1083 1176 1133 1211 γὴν
1155 1177 1340 1212 μετρηθῆναι,
1360 1178 1426 1213 μηδὲ
1447 1179 1575 1215 φανῶμεν
1589 1181 1716 1213 ἐλάττους
1740 1182 1870 1208 κολασταὶ

1082 1222 1130 1256 τῆς
1143 1220 1234 1254 ἀξίας⁸
1252 1221 1309 1248 ἀλλ’
1324 1223 1416 1258 ἐπειδὴ
1433 1223 1463 1250 τὸ
1478 1225 1531 1251 πᾶν
1551 1225 1748 1260 εἰσπράξασθαι
1764 1227 1800 1262 μὴ
1817 1227 1871 1253 δυ-

1082 1266 1196 1301 νάμεθα.
1225 1267 1255 1293 τὸ
1278 1269 1331 1294 πᾶν
1356 1270 1590 1305 συγχωρήσωμεν·
1618 1271 1760 1307 γενώμεθα
1783 1273 1870 1308 τούτῳ

1082 1312 1222 1347 κρείττους
1235 1313 1289 1339 τῶν
1304 1314 1472 1349 ὴδικηκότων
1489 1317 1535 1342 καὶ
1549 1316 1724 1353 ὑψηλότερον
1739 1318 1869 1354 δείξωμεν

1082 1357 1108 1383 τί
1129 1358 1177 1392 μὲν
1191 1358 1360 1386 διδάσκουσιν
1374 1360 1495 1393 ἐκείνους
1511 1363 1534 1388 οἱ
1549 1362 1684 1397 δαίμονες,
1708 1365 1734 1390 τί
1749 1365 1792 1391 δαὶ
1813 1365 1868 1400 (96)

1082 1405 1156 1439 ἡμᾶς
1169 1405 1324 1432 ὲκπαιδεύει
1340 1406 1468 1442 Χριστὸς,
1478 1407 1518 1438 ὃς,
1533 1405 1574 1439 οἷς
1590 1409 1705 1435 πέπονθε
1720 1411 1750 1436 τὸ
1765 1411 1869 1437 εὐδόκι-

1085 1459 1133 1485 μον
1152 1451 1206 1485 (97)
1232 1451 1310 1486 ἔχον,
1328 1452 1377 1487 οὐχ
1396 1451 1476 1488 ἦττον
1492 1454 1633 1489 νενίκηκεν
1658 1452 1699 1487 οἷς
1723 1455 1870 1491 δυνάμενος

244 1505 326 1533 quam
343 1505 391 1532 pro
404 1498 548 1525 criminum
563 1498 716 1529 atrocitate,
727 1504 821 1532 poenas
830 1497 929 1524 inferre
940 1498 1030 1524 videa-

1083 1497 1113 1522 οὐ
1129 1497 1286 1532 πεποίηκεν.
1311 1499 1358 1524 Ἓν
1373 1499 1521 1534 ἀντιδῶμεν
1536 1500 1574 1534 τῷ
1594 1500 1652 1535 Θεῴ
1673 1503 1868 1537 χαριστήριον·

246 1551 321 1570 mur:
344 1550 437 1569 verum
463 1542 591 1576 quoniam
619 1548 715 1576 poenas
741 1547 836 1567 omnes
853 1541 961 1574 exigere
976 1548 1028 1567 non

1083 1542 1243 1578 αὐξήσωμεν
1266 1545 1428 1580 χρηστότητι
1449 1545 1480 1571 τὸ
1497 1547 1662 1581 μυστήριον·
1679 1549 1718 1578 είς
1734 1547 1813 1574 τοῦτο
1831 1549 1870 1584 τῷ

244 1597 398 1623 possumus,
414 1595 509 1615 omnes
524 1587 726 1615 condenemus:
744 1587 796 1614 hac
820 1587 928 1614 ratione
953 1587 996 1620 iis,
1013 1594 1027 1613 a

1082 1587 1170 1623 καιρῷ
1182 1589 1348 1624 χρησώμεθα
1362 1590 1429 1624 (98).

244 1636 342 1671 quibus
357 1634 472 1669 injurias
486 1634 652 1668 accepimus,
671 1633 798 1660 meliores
814 1641 846 1660 ac
877 1633 1050 1660 sublimiores
1071 1642 1119 1662 nos
1154 1641 1323 1668 praestemus.
1353 1635 1543 1668 Ostendamus,
1571 1638 1635 1671 quid
1660 1638 1719 1665 illos
1734 1637 1870 1666 daemones

244 1683 370 1713 doceant,
387 1680 453 1715 quid
482 1687 589 1707 rursum
620 1679 746 1707 Christus
770 1688 819 1707 nos
844 1681 960 1712 erudiat,
984 1680 1031 1714 qui
1051 1688 1111 1707 cum
1125 1688 1171 1715 per
1199 1689 1231 1709 ea
1256 1690 1316 1717 qua
1329 1689 1423 1717 passus
1445 1686 1496 1715 est,
1515 1683 1628 1717 gloriam
1649 1693 1680 1712 ac
1696 1685 1869 1719 splendorem

244 1729 354 1761 habeat,
373 1737 426 1756 non
449 1729 538 1754 minus
556 1732 645 1754 tamen
657 1734 705 1762 per
721 1727 747 1753 id
775 1728 923 1761 superavit,
958 1727 1029 1761 quod
1048 1735 1091 1760 ea,
1109 1736 1168 1762 quae
1183 1734 1299 1763 poterat,
1315 1737 1367 1756 non
1402 1729 1475 1757 fecit.
1500 1730 1588 1758 Unum
1611 1732 1663 1759 hoc
1679 1732 1743 1764 Deo,
1758 1733 1783 1759 in
1799 1734 1868 1767 grati

244 1773 326 1801 animi
345 1772 570 1807 significationem
601 1770 774 1798 referamuS'
811 1773 970 1806 mysterium
995 1771 1161 1807 benignitate
1192 1781 1351 1810 augeamus,
1375 1777 1408 1803 ad
1425 1783 1485 1803 eam
1509 1784 1565 1804 rem
1595 1778 1723 1812 temporis
1745 1787 1868 1805 commo-

244 1821 327 1848 ditate
343 1824 460 1845 utamur.

278 1864 412 1894 XXXVII.
427 1864 490 1897 Eos,
505 1872 519 1891 a
532 1865 630 1898 quibus
640 1869 784 1899 tyranntue
793 1863 916 1899 oppressi
924 1872 1030 1897 sutnus,

243 1912 452 1942 mansuetudine
468 1912 628 1945 vincamus;
654 1919 685 1938 ac
710 1912 827 1938 maxime
856 1911 963 1946 quidem
983 1918 1032 1937 nos

243 1960 398 1996 benignitas
414 1959 448 1986 ad
471 1958 665 1994 ignoscendum
689 1959 818 1991 adducat,
841 1958 938 1992 visque
955 1965 1031 1985 man-

242 2008 308 2037 dati,
323 2006 445 2033 eamdem
466 2004 660 2039 benignitatem
688 2005 767 2032 nobis
787 2005 814 2031 in
844 2004 878 2031 iis
895 2005 987 2034 rebus.
1004 2005 1029 2031 in

244 2054 341 2089 quibus
369 2059 401 2079 ea
421 2059 490 2086 opus
516 2051 658 2083 habemus,
693 2051 848 2078 remeticns.
879 2050 935 2084 Qua
957 2051 1029 2078 enim

1121 1864 1182 1891 AZ'.
1192 1864 1357 1899 Νικήσωμεν
1365 1865 1501 1902 ἐπιεικείᾳ
1511 1867 1574 1898 τοὺς
1580 1868 1809 1903 τυραννήσαντας,
1822 1870 1869 1896 καὶ

1085 1910 1203 1946 μάλιστα
1220 1910 1270 1945 μὲν
1287 1911 1476 1947 φιλανθρωπία
1494 1912 1564 1939 ἔστω
1585 1913 1615 1940 τὸ
1631 1914 1805 1949 συγχωροῦν,
1822 1915 1869 1942 καὶ

1083 1956 1099 1991 ὴ
1116 1955 1165 1990 τῆς
1181 1955 1291 1990 ἐντολῆς
1307 1956 1430 1991 δύναμις,
1450 1957 1498 1993 τὴν
1517 1957 1576 1993 ἴσην
1594 1958 1761 1985 ἀντιδιδοῦσα
1777 1960 1869 1994 φιλαν-

1083 2000 1206 2037 θρωπίαν
1220 2002 1296 2036 ἡμῖν,
1313 2003 1342 2028 ἐν
1357 2000 1397 2034 οἷς
1411 2004 1488 2029 αὐτοὶ
1504 2003 1655 2038 χρῄζομεν·
1669 2001 1691 2037 ᾧ
1707 2004 1761 2040 γὰρ
1778 2005 1869 2040 μέτρῳ

1083 2047 1253 2082 μετροῦμεν,
1282 2048 1501 2083 ἁντιμετρεῐσθαι
1529 2048 1715 2085 γινώσκομεν·
1738 2051 1761 2076 εί
1777 2051 1804 2078 δὲ
1823 2053 1869 2078 καὶ

244 2105 369 2126 mensura
385 2096 536 2129 metiemur,
548 2095 641 2124 eadem
666 2103 773 2130 quoque
785 2095 863 2123 nobis
878 2103 1030 2123 remensum

1082 2092 1141 2120 λίαν
1156 2101 1198 2125 τις
1218 2092 1324 2129 πικρῶς
1340 2093 1395 2129 ἔχει
1405 2115 1412 2127 ,
1428 2094 1542 2129 ἀφῶμεν
1561 2094 1620 2130 Θεῷ
1636 2096 1699 2128 τοὺς
1714 2096 1870 2133 λελυπηκό-

244 2145 278 2172 iri
298 2148 470 2179 perspectum
487 2142 617 2169 habemus
629 2142 662 2168 “.
673 2141 749 2175 Quod
766 2141 788 2170 si
801 2142 861 2176 quis
873 2142 964 2168 animo
980 2141 1028 2169 ad-

245 2190 353 2216 modum
368 2188 466 2215 acerbo
479 2192 560 2222 atque
578 2187 734 2222 importuno
748 2192 801 2220 est,
818 2187 884 2220 Deo,
896 2195 927 2215 ac
937 2187 1029 2214 futuro

245 2234 371 2262 tribunali
388 2241 435 2261 eos
449 2233 495 2268 qui
511 2241 561 2261 nos
573 2233 714 2266 laeserunt,
739 2233 943 2267 relinquamus:
961 2234 1028 2260 nihil

244 2280 277 2306 de
291 2278 379 2305 futura
395 2284 474 2312 paena
497 2285 547 2312 per
573 2282 694 2305 nostram
715 2285 825 2304 manum
842 2277 1027 2305 detrahamus.

243 2323 282 2350 Ne
294 2323 425 2350 bonorum
442 2322 664 2358 proscriptionem
677 2323 837 2357 cogitemus,
853 2329 887 2350 ne
901 2322 934 2349 ad
956 2322 1029 2357 judi-

243 2377 304 2396 cutn
320 2368 448 2396 subsellia
463 2368 613 2400 trahantus,
637 2375 671 2395 ne
696 2367 794 2402 patriis
813 2367 923 2396 sedibus
945 2367 1028 2402 pella-

1080 2147 1139 2171 τας.
1156 2139 1202 2165 καὶ
1215 2138 1254 2174 τῷ
1270 2140 1374 2166 ἐκεῖθεν
1389 2139 1570 2175 δικαστηρίῳ⁴
1588 2141 1670 2176 μηδὲν
1689 2141 1739 2176 τῆς
1757 2142 1868 2178 μελλού-

1083 2194 1131 2220 σης
1150 2186 1235 2221 ὀργῆς
1258 2185 1302 2212 διὰ
1320 2185 1370 2221 τῆς
1388 2186 1523 2221 ἡμετέρας
1545 2186 1636 2222 χειρὸς
1661 2187 1866 2224 ὲλαττώεωμεν.

1082 2230 1127 2265 Μὴ
1148 2229 1277 2265 δήμευσιν
1293 2231 1480 2265 ἐννοήσωμεν,
1499 2231 1536 2266 μὴ
1562 2230 1665 2266 βήμασι
1687 2234 1868 2268 παραστήσω-

1085 2284 1144 2311 μεν,
1163 2276 1200 2311 μὴ
1218 2275 1345 2312 πατρίδος
1361 2276 1577 2311 ὑπερορίσωμεν,
1598 2276 1635 2312 μὴ
1656 2278 1779 2312 μάστιξιν
1795 2279 1867 2304 αίκι-

1084 2322 1204 2357 σώμεθα,
1221 2322 1288 2358 μηδέ
1303 2330 1330 2348 τι
1345 2322 1398 2348 τῶν
1411 2322 1461 2348 ὅσα
1476 2322 1659 2358 πετώνθαμεν,
1673 2323 1706 2349 ἵν’
1719 2323 1788 2351 εἴπω
1804 2332 1867 2350 συν-

1082 2367 1184 2402 τόμως,
1199 2367 1351 2403 δράσωμεν.
1369 2368 1530 2403 Ποιήσωμεν
1547 2369 1687 2401 κάκείνους
1703 2369 1868 2397 ἐπιεικεστέ-

278 2457 289 2472 ⁹
313 2455 409 2484 Matth.
441 2463 498 2490 xtv,
514 2457 527 2483 l
545 2461 572 2484 et
588 2463 646 2491 seq.
659 2465 666 2489 ;
680 2456 764 2484 Marc.
782 2463 820 2489 vr,
837 2456 870 2483 14
881 2460 909 2484 et
921 2463 978 2491 seq.
1019 2457 1041 2472 '°
1055 2455 1078 2483 ll
1095 2455 1161 2492 Reg.
1173 2463 1211 2488 vr,
1227 2455 1271 2483 16.
1308 2456 1328 2472 ¹¹
1346 2455 1441 2483 Matth.
1455 2464 1505 2488 vn,
1518 2456 1649 2490 2;Marc.
1666 2465 1704 2490 iv,
1723 2457 1767 2485 24.

278 2577 331 2612 (91)
358 2576 416 2611 Τῆς
437 2576 596 2611 εὐκινήτου
622 2578 671 2605 καί
707 2579 922 2613 πολυστρὸςρου
950 2579 1024 2606 κατὰ

243 2613 327 2642 Θεόν.
340 2618 393 2639 etc.
412 2621 421 2638 ι
440 2613 498 2645 Qua
511 2613 618 2647 quidem
637 2621 668 2641 ex
692 2613 739 2641 Dei
756 2614 905 2640 rationibus
924 2614 1027 2642 institu-

244 2656 296 2674 tam
314 2648 491 2674 incessionctn
510 2648 629 2683 agilitate
645 2648 758 2676 celerem
771 2649 915 2682 significari
933 2655 1024 2683 potoJ

279 2682 334 2719 (θὲ)
346 2682 558 2719 Χαλεπὸνμέν.
569 2684 605 2710 Ita
616 2689 731 2719 quatuor
742 2682 836 2719 Regg.,
852 2683 898 2711 0r.
911 2682 939 2717 l,
949 2684 1023 2712 Pass.

242 2718 294 2744 etc.
316 2719 394 2745 Deest
410 2718 469 2753 μέν,
485 2718 511 2744 in
526 2718 568 2753 ed.

278 2753 333 2790 (95)
346 2752 469 2790 Ἄλλως
477 2761 507 2780 τε
519 2752 709 2790 κᾷννδικαίαν
721 2753 808 2788 ἔχων.
822 2754 858 2781 lta
868 2753 956 2790 Vchg.
970 2753 1026 2790 plu-

243 2795 297 2817 res.
313 2788 357 2814 Or.
377 2789 402 2821 l,
418 2793 444 2816 et
457 2788 530 2816 Pass.
549 2789 617 2818 Editi
635 2797 707 2822 vero,
719 2789 805 2821 ἄλλως
816 2798 845 2816 τε
864 2789 902 2823 δὲ,
918 2788 976 2818 κᾶν
986 2790 1026 2816 δι-

243 2822 321 2847 καίαν
336 2821 395 2847 Evn.

242 2830 321 2849 καιαν
336 2830 395 2857 εχῃ.

1115 2578 1171 2614 (94)
1183 2577 1386 2613 Κατέγννωμεν.
1398 2578 1474 2605 Coll).
1489 2579 1516 2610 lt,
1534 2579 1756 2614 κατεγνώκαμεν.

1115 2614 1171 2649 (95)
1193 2614 1446 2650 Ἀεισνίοιύσαντη·ἶ
1461 2614 1535 2641 Colb.
1549 2614 1574 2647 k,
1589 2614 1796 2650 ἀπολαύσωμεν.

1116 2649 1172 2684 (se)
1192 2648 1290 2684 naui.
1302 2650 1365 2681 Alii,
1381 2649 1406 2674 τί
1414 2649 1458 2684 ras.

1115 2682 1171 2719 (97)
1188 2682 1223 2710 Τὸ
1234 2683 1404 2718 εὐδόκιμον.
1413 2683 1480 2712 Tres
1488 2683 1570 2719 Regg.
1583 2689 1610 2711 et
1627 2684 1708 2712 Mont.
1724 2692 1769 2719 γρ.
1783 2684 1867 2711 cas-3.

1080 2719 1214 2755 δοκιμεῖν,
1233 2728 1242 2744 ι
1263 2719 1313 2755 Qui
1327 2720 1424 2753 quibus
1435 2720 1525 2746 ulcisci
1541 2721 1648 2755 licebat,
1668 2730 1677 2746 ι
1694 2726 1746 2747 etc.

1116 2753 1171 2790 (98)
1180 2754 1371 2790 Χρησώμεθα.
1382 2755 1437 2782 Duo
1448 2755 1545 2789 liegg.,
1559 2754 1649 2786 Pass.,
1661 2755 1766 2787 (ἷοιιιιι,⁷
1784 2753 1865 2790 Mout.

1082 2798 1129 2826 γρ.
1145 2789 1393 2825 καταχρησώμεθα.
1408 2790 1431 2818 Is
1447 2791 1536 2823 addit,
1555 2799 1564 2815 t
1586 2790 1653 2818 forte
1669 2791 1760 2822 etiam,
1771 2789 1865 2824 χρησόρ

1083 2833 1168 2860 μενοι.
1187 2833 1197 2850 ι
