2071 3133
298 130 352 170 ἦν]

792 131 921 168 emno
944 140 974 168 v.
996 156 1030 160 —
1049 128 1187 167 CONTRA
1205 128 1380 167 tumultu
1402 135 1433 167 ll.

1868 131 1933 184 mf

300 197 406 234 εἰσῆλθε
426 189 525 232 (31)δὲ
544 198 581 230 ὡς
604 194 768 235 νικηφόρος,
794 200 842 227 καὶ
864 199 950 226 πολλὰ
972 208 1018 226 σου
1041 199 1091 233 τῆς

1148 199 1250 226 meliam
1278 199 1424 232 intulisset,
1453 203 1534 233 atque
1566 199 1650 234 ipsius
1674 206 1750 226 aram
1778 198 1928 232 dlruisset,'

300 244 456 280 ἁλουργίδος
473 244 520 271 καὶ
535 244 588 271 τῶν
603 244 691 279 λόγων
706 245 908 279 καταγελάσας,
924 246 962 277 ὡς
972 245 1090 280 ψηφολο-

300 290 386 324 γικῶν
403 290 449 316 καὶ
463 289 584 324 γελοίων,
600 290 668 325 μετὰ
681 290 802 322 πλείονος
813 290 910 325 ἐξῆλθε
925 291 975 326 τῆς
987 292 1090 328 παρῤηι

301 335 373 369 σίας,
390 335 428 366 ὡς
444 335 524 366 εἴτις
546 335 601 371 (5‘2)
622 336 795 366 ἀπὸδείπνου
813 337 1026 371 ὲπαναστρέφων
1043 339 1090 365 καὶ

301 381 429 416 λαμπρᾶς
454 381 616 413 ἑστιάσεως·
633 383 647 408 ὁ
663 381 691 408 δὲ
708 382 762 408 πᾶν
778 382 834 415 (35)
851 383 881 408 τὸ
898 383 978 418 σῶμα
993 383 1092 419 δορκα-

300 427 355 453 λίσι
372 426 549 459 καταξανθεὶς
571 428 610 458 εἰς
632 428 722 462 βάθος,
747 429 793 454 καὶ
824 428 909 463 μικρὰ
937 428 1025 455 πνέων
1052 429 1092 456 ἔτι

301 474 357 504 τοῖς
374 471 530 507 τραύμασι,
544 473 672 499 τοσοῦτον
686 473 798 508 ἀπεῖχεν
812 473 940 500 ἐνδιδόναι
959 474 1026 509 πρὸς
1044 474 1092 506 τὰς

302 517 447 553 βασάνους,
462 516 478 552 ἦ
492 516 577 544 δεινόν
589 526 615 544 τι
632 518 686 543 τῶν
700 519 841 553 παρόντων
859 519 979 554 νομίζειν
989 540 996 551 ,
1011 519 1092 551 ὥστε,

302 562 396 600 ἐπειδή
413 573 438 591 τι
452 564 498 591 τοῦ
515 563 639 599 σώματος
654 564 722 590 εἶδεν
735 565 938 599 ἀνεπηρέαστον
953 567 1013 597 ταῖς
1029 565 1094 601 πλη-

302 607 379 644 γαῖς,
398 610 446 636 καὶ
461 610 627 645 προσῃτιᾶτο
638 610 700 641 τοὺς
713 609 888 644 βασανιστάς,
901 611 938 641 ὡς
952 611 1092 646 ὑϐριστὰς,

303 657 350 683 καὶ
363 656 393 682 οὐ
411 656 464 681 πᾶν
479 655 509 681 τὺ
532 655 612 690 σῶμα
627 655 814 690 τιμήσαντας,
838 655 906 683 ἁλλὰ
918 665 943 682 τι
958 656 1095 691 παρέντας

302 697 415 735 ἅξαντον
430 701 478 727 καὶ
493 701 599 735 ἀνίερον
612 709 618 715 “
636 701 818 736 παραδεικνὺς
834 702 891 737 ἅμα
908 702 956 738 τὴν
970 704 1093 738 κνήμην,

303 747 341 778 ὡς
358 746 442 781 μόνην
456 745 640 780 διαφυγοῦσαν
654 747 715 778 τοὺς
730 741 839 782 ὄνυχας,
854 748 900 774 καὶ
915 747 981 783 μηδὲ
994 748 1096 783 ταύτης

305 792 444 828 φείδεσθαι
460 792 693 827 διακελευόμενος.

1145 245 1276 272 adductus
1292 245 1400 280 quidem
1416 249 1459 273 est
1473 250 1612 273 utuocens
1627 253 1659 273 ac
1673 245 1855 277 facinorosus,
1877 245 1920 273 ine

1143 297 1253 326 gressus
1266 296 1306 318 est
1319 295 1409 318 autem
1426 296 1456 319 ut
1467 290 1611 322 laureatas,
1629 298 1660 319 ac
1677 298 1822 326 purpuram
1836 295 1920 322 tuam,

1143 342 1170 363 et
1196 344 1356 369 sermones,
1391 341 1420 363 ut
1434 336 1530 364 inanes
1557 341 1584 363 et
1604 336 1704 369 futiles,
1735 336 1836 371 ingenti
1864 336 1922 363 risu

1143 387 1311 417 prosecuttts,
1330 389 1390 409 cum
1412 381 1507 416 majori
1522 381 1646 409 libertate
1676 389 1708 408 ac
1731 381 1828 408 ﬁducia
1845 381 1921 411 exiit,

1146 435 1200 454 non
1223 435 1301 454 secus
1331 435 1362 457 ac
1374 427 1395 454 si
1413 428 1473 461 quis
1500 435 1514 454 a
1530 434 1606 454 coena
1631 431 1657 453 et
1684 426 1823 459 splendido
1844 426 1923 461 epulo

1144 473 1261 501 rediret:
1280 472 1358 504 alter,
1375 471 1440 499 loris
1461 475 1516 498 toto
1538 478 1651 505 corpore
1666 470 1697 496 ad
1715 470 1825 497 intimas
1838 476 1924 503 usque

1144 524 1235 556 partes
1249 519 1392 550 laceratus,
1404 526 1436 545 ac
1450 525 1505 553 prae
1529 517 1685 544 vulneribus
1703 517 1829 551 exiguum
1843 516 1924 551 quid-

1144 566 1206 593 dam
1220 565 1336 599 spirans,
1351 568 1454 591 tantum
1467 568 1556 590 tamen
1568 562 1602 589 ab
1617 570 1648 590 eo
1661 562 1746 589 abfuit
1762 567 1791 588 ut
1806 567 1925 590 tormen-

1150 613 1185 639 tis
1198 611 1396 643 succumberet,
1422 616 1467 638 aut
1493 610 1662 645 praesentium
1678 610 1824 645 quidquam
1842 607 1926 645 grave

1145 662 1225 691 atque
1237 657 1365 683 acerbum
1376 655 1556 687 existimaret,
1571 659 1611 688 ut,
1625 662 1687 682 cum
1700 654 1842 689 quamdam
1864 662 1926 681 cor-

1148 702 1221 737 poris
1232 705 1334 736 partem
1355 708 1369 727 a
1385 700 1472 735 plagis
1497 699 1627 726 intactam
1645 704 1672 725 et
1695 698 1853 726 inoﬁeusam
1883 697 1926 724 vi-

1146 748 1241 780 disset,
1253 752 1368 774 tortores
1375 747 1457 773 etiam
1470 746 1553 781 ipsos,
1567 750 1695 780 tanquam
1705 743 1924 774 contumeliosos,

1147 797 1297 825 accusaret,
1315 797 1344 819 ut
1359 792 1403 826 qui
1431 796 1517 819 totum
1540 791 1623 826 ipsius
1645 797 1743 825 corpus
1758 790 1862 816 honore
1876 789 1928 815 tui-

309 839 382 865 nime
397 838 561 871 effecissent,
578 839 790 873 verum-aliquid
808 846 860 866 non
878 839 1024 867 laceratum
1056 846 1106 867 nec
1125 838 1268 866 sanctitate
1300 837 1425 865 allectum
1442 837 1616 872 reliquissent
1631 845 1637 863 :
1661 836 1754 863 tibiam
1782 834 1861 862 simul
1877 834 1926 862 de-

307 888 473 914 monstrans,
489 889 518 910 ut
530 891 590 918 qua:
606 883 661 911 sola
674 885 785 919 ungulas
804 885 950 920 elittgisset.
966 894 1077 920 eosque,
1098 891 1128 913 ιιι
1142 893 1175 912 ne
1186 885 1248 912 huic
1259 892 1366 919 quoque
1377 889 1530 919 parcerent,
1551 884 1702 911 inhortans.

308 931 318 935 '
339 931 406 958 MA’.
427 927 510 963 Οὗτος
533 933 547 958 ὁ
573 930 651 965 λόγος
691 930 747 966 ('54)
775 939 816 956 σοι
845 930 899 957 τῶν
935 931 1090 967 Πορφυρὶου

1177 929 1245 956 XLI.
1261 929 1324 956 Haec
1336 929 1433 961 oratio,
1452 928 1596 963 Porphyrii
1629 927 1776 955 mendaciis
1790 931 1818 953 et
1830 925 1929 953 delira-

305 976 467 1011 ψευσμάτων
495 977 543 1003 καὶ
567 976 745 1012 ληρημάτων,
770 974 811 1008 οἷς
838 977 918 1012 ὑμεῖς
947 977 985 1009 ὡς
1009 976 1094 1008 θείαις

307 1023 409 1057 φωναῖς
424 1022 583 1057 ἀγάλλεσθε,
597 1021 668 1057 ἢτοῦ
686 1022 732 1049 σοῦ
743 1022 971 1057 Μισοπώγωνος,
986 1023 1035 1049 εἰτ’
1050 1021 1095 1049 οὖν

312 1068 491 1102 Ἀντιοχικσῦ
510 1069 662 1104 (ἀμφότερα
682 1069 735 1104 γὰρ
760 1068 922 1104 ὲπιγράφεις
952 1068 1094 1104 τῷλόγῳ),

306 1111 336 1144 οὗ
355 1123 381 1141 τι
405 1114 467 1149 (55)
484 1115 655 1150 Χριστιανοῖς
678 1115 855 1150 ἀτιμότερον
872 1115 901 1141 ὃν
926 1115 986 1141 τότε
1014 1115 1063 1150 μὲν
1078 1116 1095 1149 ἠ

308 1160 442 1196 πορφυρὶς
460 1159 546 1195 μέγαν
566 1160 663 1191 ἐποίει,
676 1160 724 1186 καὶ
738 1160 763 1186 οἱ
779 1161 867 1187 πάντα
884 1160 919 1186 τὰ
936 1160 970 1186 σὰ
992 1160 1098 1195 θαυμά·

308 1207 399 1238 ζοντες
422 1206 551 1238 κόλακες·
577 1207 623 1233 νῦν
651 1206 680 1233 δὲ
706 1206 807 1241 πώγων
830 1207 888 1233 ἐστὶ
915 1207 1097 1242 περιφερόμε-

307 1259 352 1281 νος
386 1251 440 1286 (56)
465 1252 512 1278 καὶ
537 1252 766 1287 περισυράμενος,
790 1252 907 1283 καὶτοῖς
926 1260 1099 1286 συμπεπονη-

308 1294 383 1322 κόσιν
396 1296 440 1331 (57
457 1296 524 1330 ὁμοῦ
540 1296 703 1331 γελώμενος,
716 1297 745 1322 ὲν
758 1293 780 1330 ᾧ
794 1297 825 1322 σὺ
845 1297 893 1331 μὲν
903 1297 1040 1332 ἀπερίττῳ
1053 1296 1099 1323 τοῦ

310 1341 444 1377 σώματος,
466 1342 569 1377 καὶτῷ
586 1341 765 1378 μηδεπώποτε
783 1342 838 1378 (58)
864 1344 955 1378 τυχεῖν
979 1343 1100 1378 ἀπεπτή-

312 1395 362 1418 σας
377 1387 407 1419 ἐξ
422 1387 585 1423 ἀπληστίας,
604 1388 674 1422 μέγα
695 1388 782 1423 φυσᾷς
797 1387 864 1422 (59).
884 1388 921 1420 ὡς
943 1388 973 1424 δή
990 1397 1016 1414 τι
1031 1388 1098 1414 θαυ-

311 1434 407 1468 μάσιον
419 1433 522 1468 λέγων’
538 1434 578 1460 ὅτι
597 1434 625 1460 δὲ
644 1433 825 1469 Χριστιανοὺς
847 1434 949 1469 ἦλασας
969 1434 1039 1460 οὕτω
1059 1443 1102 1460 πι-

310 1479 393 1514 κρῶς,
409 1479 455 1505 καὶ
475 1479 600 1506 τοσοῦτον
619 1479 694 1511 ἔθνος
715 1480 761 1506 καὶ
777 1479 863 1510 οὕτως
881 1480 952 1515 ἱερὸν
976 1481 1101 1517 παρανά-

311 1525 410 1556 λωσας,
434 1524 504 1552 ἑκὼν
528 1525 720 1563 παρατρέχεις.
741 1525 838 1552 Καίτοι
852 1535 883 1560 γε
901 1526 960 1558 ἑνὸς
978 1527 1027 1562 μὲν
1054 1528 1102 1554 ἁν-

310 1568 372 1605 δρὸς
392 1571 609 1606 ἀπεπτήσαντος,
629 1571 646 1607 ἥ
671 1571 773 1606 ὲρυγὰς
788 1572 905 1604 φυσικὰς
927 1573 1055 1606 ἀφέντος,
1076 1573 1103 1599 τί

1145 977 1256 1008 mentis,
1281 975 1377 1011 quibus
1389 982 1436 1002 vos
1451 979 1579 1009 tanquam
1596 973 1693 1006 divinis
1718 973 1829 1000 vocibus
1838 971 1929 998 exsul-

1147 1021 1219 1054 tatis,
1237 1020 1375 1048 autetiam
1390 1027 1438 1054 pro
1459 1019 1627 1053 Mis‘opogone
1644 1023 1699 1050 tuo,
1717 1025 1764 1045 seu
1775 1017 1928 1043 Antiochiae

1146 1068 1224 1102 (nam
1253 1071 1367 1100 utroque
1393 1065 1472 1092 tnodo
1499 1064 1649 1092 orationem
1674 1062 1926 1104 inscribis),‘apud

1151 1112 1319 1139 Christianos
1331 1111 1538 1145 haudquaquam
1553 1110 1631 1137 vilior
1642 1115 1684 1137 est
1697 1114 1724 1136 et
1739 1109 1928 1143 contemptior.

1148 1157 1234 1190 Quam
1260 1161 1332 1183 tuam
1351 1156 1499 1183 orationettt
1518 1163 1633 1190 purpura
1652 1161 1705 1183 tum
1722 1162 1844 1189 magnam
1872 1155 1931 1181 red-

1149 1202 1239 1234 debat,
1255 1206 1282 1229 et
1296 1201 1450 1229 adulatores
1465 1201 1513 1234 illi,
1535 1202 1580 1236 qui
1599 1206 1643 1228 tua
1660 1201 1751 1228 omnia
1770 1201 1893 1228 laudibus
1904 1201 1931 1228 in

1149 1247 1245 1275 ctelum
1263 1248 1399 1275 vehebant
1413 1257 1419 1274 :
1435 1255 1507 1275 nunc
1520 1253 1609 1275 autem
1626 1255 1657 1274 ea
1678 1255 1753 1275 mera
1780 1247 1864 1274 barba
1879 1252 1931 1279 est,

1149 1301 1209 1328 qua:
1227 1293 1411 1328 corrumpitur
1435 1298 1462 1320 et
1483 1298 1616 1328 raptatur,
1641 1301 1673 1320 ac
1688 1293 1769 1320 simul
1792 1301 1852 1321 cum
1869 1294 1902 1321 iis
1917 1302 1932 1321 a

1150 1340 1249 1374 quibus
1263 1339 1400 1366 elaborata
1419 1342 1470 1371 est,
1489 1339 1628 1372 irridetur,
1656 1340 1681 1366 in
1709 1346 1761 1373 qua
1781 1343 1808 1366 tu
1822 1340 1933 1374 quidem

1151 1385 1186 1412 ob
1206 1385 1336 1420 frugalem
1364 1385 1527 1419 minimeque
1555 1392 1784 1419 supervacaneum
1810 1386 1933 1420 corporis

1151 1430 1250 1456 victum
1269 1429 1435 1463 cultumque,
1451 1435 1478 1456 et
1494 1429 1564 1463 quod
1581 1436 1718 1463 nunquam
1744 1436 1777 1455 ex
1796 1429 1878 1456 niutia
1893 1436 1934 1456 sa-

1153 1476 1263 1503 turitate
1278 1476 1438 1504 cruditatem
1453 1476 1634 1508 contraxeris,
1653 1483 1821 1511 jmagnopere
1851 1479 1878 1503 te
1893 1477 1933 1503 in-

1152 1522 1210 1556 llas,
1222 1527 1348 1557 tanquam
1361 1523 1464 1550 scilicet
1477 1522 1664 1550 admirandum
1674 1522 1798 1557 quiddam
1809 1531 1932 1551 narrans:

1156 1570 1228 1604 quod
1243 1574 1333 1596 autent
1350 1569 1519 1596 Christianos
1535 1573 1588 1595 tam
1603 1568 1699 1595 acerbe
1714 1569 1866 1602 vexaveris,
1880 1573 1933 1596 tan-

312 1615 387 1651 παρὰ
404 1616 481 1642 τοῦτο
493 1616 532 1652 τῷ
546 1616 627 1652 κοινῷ
643 1616 757 1651 βλάϐος
783 1617 912 1644 τοσούτου
931 1617 959 1643 δὲ
979 1618 1096 1653 διωγμοῐ

1159 1621 1267 1649 tamque
1282 1619 1390 1650 gentem
1411 1619 1519 1648 tamque
1532 1621 1638 1641 sacram
1650 1614 1793 1641 oblriveris
1821 1622 1852 1642 ac
1867 1623 1935 1648 pene

312 1660 483 1696 κινηθέντος,
507 1662 554 1688 καὶ
580 1661 723 1697 τοσαύτηςι
736 1663 976 1697 καινοτομηθείσης
1000 1663 1100 1698 συγχύ-

313 1713 397 1737 σεως,
420 1706 479 1737 πῶς
506 1706 556 1733 οὐκ
582 1706 688 1741 ἀνάγκη
717 1706 772 1740 (40)
806 1707 881 1733 πᾶσα
903 1706 937 1733 τὰ
956 1707 1099 1742 Ῥωμαίων

311 1751 384 1786 ἔχειν
415 1751 520 1783 κακῶς,
552 1751 645 1787 ὥσπερ
679 1749 725 1778 οὖν
750 1752 797 1778 καὶ
835 1752 971 1787 ἐσχηκότα
1005 1753 1097 1786 φαίνε-

312 1804 358 1823 ται
372 1805 379 1829 ;

312 1876 402 1910 qttitur
412 1874 513 1907 Bilutts,
532 1882 556 1902 et
572 1879 660 1908 vertit,
677 1884 686 1901 α
702 1880 747 1902 aut
766 1877 807 1903 his
818 1876 932 1909 scilicet,
943 1877 987 1912 qui
1007 1883 1032 1904 te
1045 1878 1095 1904 im-

313 1915 428 1945 perante
441 1916 579 1936 strenuum
597 1912 715 1937 :Illllllllm
737 1912 929 1944 praestiterunt.
950 1922 959 1937 ι
978 1912 1092 1945 Quinam

314 1951 402 1971 autent
418 1944 516 1971 fuerint
530 1945 564 1970 illi
582 1945 633 1970 duo
643 1945 755 1979 juvenes
770 1946 926 1979 Christiani,
942 1944 1092 1980 ignoratur.

314 1980 393 2006 Putat
412 1980 544 2006 Elias-hic
565 1981 726 2007 mentionem
749 1981 805 2007 lieri
827 1981 860 2007 de
876 1981 1094 2009 MarcoArethu-

314 2015 364 2045 sio,
386 2020 413 2041 et
430 2016 462 2041 de
475 2014 588 2041 Eusebio
605 2015 803 2042 Samosalettse.
819 2014 930 2047 Verum.
953 2022 982 2043 ut
1000 2023 1097 2044 cattera

313 2050 415 2081 omnia,
441 2056 499 2083 quae
526 2050 587 2075 huic
613 2050 731 2083 opinioni
753 2051 939 2083 adversantur,
964 2053 1096 2084 omittam,

315 2092 450 2117 nunquam
475 2083 620 2118 Gregorius
642 2092 698 2115 eos,
722 2085 889 2118 νεανίσκους,
911 2095 920 2111 ι
942 2087 1065 2119 juvenes,
1086 2083 1095 2112 ί

315 2120 488 2153 appellasset.
516 2118 685 2146 Probabilius
707 2126 749 2146 est
770 2120 883 2147 forsitan
907 2118 986 2148 unum
1005 2130 1037 2148 ex
1059 2122 1100 2149 ltis

316 2154 399 2180 fuisse
413 2153 596 2185 Theodorum,
617 2162 696 2187 quem
713 2162 784 2182 anno
805 2154 857 2181 562
873 2156 1023 2183 Antiochia:
1049 2156 1099 2183 .Iu-

317 2189 405 2215 liattus
423 2189 543 2215 Salustio
557 2189 682 2223 praelecto
694 2189 867 2216 cruciaudunt
881 2191 1000 2217 tradidit.
1016 2191 1099 2218 Favet

316 2224 492 2257 Augustinus,
506 2224 552 2259 qui
568 2224 612 2250 lib.
632 2231 697 2251 xvttt
714 2224 751 2250 De
766 2225 814 2251 civ.
836 2224 893 2256 Dei,
912 2233 937 2252 c.
957 2226 1001 2259 52,
1025 2228 1096 2253 ltunc

318 2264 465 2292 martyrem
483 2258 627 2291 «juvenem
643 2269 652 2283 ι
672 2259 798 2292 appellat.

352 2293 409 2327 (5|)
425 2292 568 2327 Εἰσῆλθες.
588 2292 741 2320 Lectionem
757 2294 826 2327 hanc
844 2298 952 2321 tuentur
963 2303 1027 2322 mss.
1045 2303 1097 2322 non

317 2326 491 2388 pattci_._g‘res
503 2334 589 2355 tamett
606 2328 688 2363 llegg.
705 2329 805 2356 habent
819 2326 894 2364 ἦλθε.
910 2329 938 2356 lu
954 2330 1036 2357 Savil.
1050 2339 1096 2365 γρ.

318 2370 423 2388 πηοσ-ηλ
442 2371 465 2388 ε.

318 2371 406 2389 πηοστι
410 2370 453 2388 λυε
458 2382 465 2388 .

341 2372 483 2432 ρῖὣμζδς
494 2396 522 2423 ει
534 2405 587 2432 τις,
605 2396 640 2423 Ita
658 2397 777 2426 melioris
799 2403 868 2426 nota:
887 2398 1001 2427 codices.
1027 2399 1107 2427 Nou—r

319 2432 382 2459 nulli
399 2437 426 2458 el
437 2432 497 2458 Par.
512 2434 554 2458 ed.
572 2431 587 2466 ἢ
603 2432 628 2457 εἴ
643 2441 697 2464 τις.

317 2501 336 2528 ἆ
354 2467 409 2501 (55)
428 2466 503 2494 Πᾶν.
522 2467 566 2494 Sic
583 2473 637 2493 tres
649 2468 732 2502 llegg.
747 2472 773 2494 et
788 2467 834 2495 0r.
848 2467 875 2501 l,
887 2468 967 2496 llerv.
983 2473 1009 2497 et
1022 2469 1097 2502 Par.,

338 2510 401 2528 παν.

338 2510 401 2528 παν.

354 2536 409 2571 (54)
420 2534 525 2572 Ῠοῦτος
542 2538 558 2563 o'
569 2537 669 2571 λόγος,
687 2543 738 2565 etc.
757 2546 766 2563 ι
782 2536 905 2572 Epilogus
921 2538 977 2566 hzec
995 2544 1067 2571 sunt,
1087 2550 1096 2565 ι

317 2571 405 2605 inquit
419 2571 500 2602 Elias,
525 2581 534 2596 ε
555 2580 586 2598 ac
604 2573 691 2600 brevis
711 2573 831 2606 quaedam
850 2571 878 2598 et
895 2574 1039 2599 summaria
1054 2583 1099 2602 eo-

318 2613 392 2644 rum,
402 2613 465 2644 qua;
475 2607 545 2644 dicta
559 2612 631 2638 sunt,
645 2608 783 2644 collectio.
795 2616 805 2633 ι
822 2606 920 2644 Juliani
931 2615 964 2634 ac
980 2608 1100 2644 Porphy-

318 2641 352 2677 rii
367 2641 448 2667 libros
460 2641 503 2667 hic
516 2642 662 2668 insectatur
673 2642 828 2677 Gregorius.
841 2642 1005 2677 Porphyrius
1015 2641 1098 2675 enim,

318 2676 352 2701 de
364 2683 416 2709 quo
430 2682 500 2709 saepe
514 2676 678 2710 Augustinus
692 2677 739 2703 lib.
755 2676 791 2703 De
802 2677 852 2703 civ.
868 2677 925 2709 Dei,
939 2676 1101 2706 Christianae

318 2710 391 2747 liuei,
408 2716 437 2736 ut
453 2710 585 2747 lulianus,
600 2713 723 2738 desertor
738 2716 765 2747 et
786 2711 870 2747 hostis
891 2713 1099 2747 inleusissiutus,

319 2744 401 2772 libros
419 2745 571 2779 quindecim
589 2747 716 2772 adversus
733 2745 913 2773 Christianam
936 2744 1099 2780 doctrinam,

321 2780 465 2806 mendaciis
485 2785 511 2806 et
529 2780 628 2807 deliriis
649 2781 752 2814 plenos,
773 2780 809 2806 ita
831 2789 878 2808 ore
896 2782 1022 2815 pestifero
1037 2791 1101 2810 evo-

324 2819 434 2844 atuerat,
456 2819 484 2851 ut
500 2815 713 2847 praestantissimi
728 2815 836 2848 pietatis
855 2816 932 2851 laude
956 2817 1102 2851 imperato-

324 2854 365 2876 tes
388 2855 434 2877 eos
459 2849 512 2883 igni
538 2850 705 2878 concremari
726 2851 866 2883 iusserint.
890 2849 1010 2880 Julianus
1026 2860 1099 2887 Vero,

1153 1662 1313 1694 confeceris,
1332 1661 1458 1689 consulto
1472 1661 1606 1695 pmteris.
1623 1660 1721 1687 Verum
1732 1668 1794 1688 eum
1807 1661 1849 1688 vir
1866 1669 1934 1690 unus

1153 1708 1285 1735 cruditate
1310 1706 1452 1738 laboravit,
1479 1710 1526 1733 aut
1553 1706 1691 1733 naturales
1718 1711 1812 1735 ructus
1834 1708 1934 1740 emisit,

1151 1753 1214 1787 quid
1230 1753 1290 1780 ittde
1309 1752 1459 1787 respublica
1474 1751 1629 1779 detrimenti
1643 1753 1760 1786 accipit?
1770 1761 1830 1780 cum
1845 1759 1934 1780 autent

1153 1798 1233 1834 176
1243 1802 1316 1826 tattta
1330 1798 1482 1833 persecutio
1498 1802 1630 1825 commota
1640 1802 1693 1831 est,
1709 1803 1837 1826 tantauue
1845 1807 1934 1827 rerum

1148 1885 1208 1905 cum
1228 1879 1357 1906 adversus
1379 1877 1475 1906 Persas
1499 1878 1635 1913 profectus
1656 1881 1823 1908 Antiocniant
1847 1884 1935 1912 venis-

1148 1919 1201 1944 set,
1216 1915 1369 1940 orationent
1388 1921 1437 1939 uua
1455 1921 1515 1940 cuttt
1534 1915 1663 1948 magistro
1681 1924 1729 1942 suo
1741 1917 1850 1945 Libanio
1864 1921 1936 1946 scri-

1148 1948 1201 1986 psit
1220 1954 1315 1986 contra
1329 1949 1534 1986 Aqtioehenscs,
1550 1949 1595 1986 q_u_i
1614 1950 1745 1977 hircinam
1766 1953 1850 1986 ipsius
1872 1953 1935 1980 bar-

1148 1983 1209 2021 bam
1225 1984 1328 2021 cavillis
1360 1984 1539 2021 incesserant.
1566 1983 1811 2021 llane‘orationém
1837 1988 1935 2021 duplici

1147 2017 1242 2056 titulo,
1260 2018 1432 2056 _Misopogon
1466 2023 1493 2056 et
1520 2018 1703 2056 duligchicum
1731 2017 1934 2056 ittscripsit.'.\d

1147 2052 1204 2079 hac
1232 2053 1312 2086 igitur
1335 2053 1437 2091 scripta
1455 2053 1549 2080 alludit
1568 2053 1730 2091 pregorius,
1759 2052 1834 2091 quasi
1862 2057 1936 2085 dice-

1147 2093 1198 2120 ret,
1213 2093 1241 2114 ut
1260 2096 1321 2114 cum
1335 2088 1391 2125 [illia
1407 2087 1501 2125 loquar
1515 2096 1522 2114 :
1537 2097 1546 2113 ε
1564 2087 1667 2125 Oratio,
1687 2087 1775 2125 nuper
1790 2099 1805 2118 a
1823 2100 1865 2120 me
1877 2094 1937 2120 edi-

1148 2127 1185 2153 ta,
1201 2126 1308 2160 tuaque
1332 2122 1431 2160 ﬂagitia
1449 2125 1608 2160 traducens,
1623 2122 1764 2160 Porphyrii
1787 2128 1935 2156 mendaciis

1147 2162 1174 2196 et
1190 2157 1305 2196 delirus,
1321 2156 1377 2196 aut
1390 2156 1573 2196 Misopogone,
1591 2156 1804 2188 Citristiaitorurtt
1827 2163 1934 2196 quidem

1148 2191 1259 2231 indicio,
1290 2193 1444 2226 neutiquam
1456 2191 1576 2231 inferior
1595 2199 1695 2231 esttet
1718 2191 1906 2231 contemptior.
1923 2208 1931 2223 ι

1151 2227 1228 2254 Hunc
1243 2227 1330 2253 locmtt
1345 2235 1396 2253 nott
1410 2227 1479 2254 ntale
1497 2228 1583 2254 reddit
1596 2229 1775 2257 Pirchinterus
1788 2239 1795 2257 :
1817 2227 1833 2257 ι’
1846 2231 1887 2259 Sit
1901 2234 1918 2259 ti
1929 2249 1936 2254 -

1149 2262 1174 2288 bi
1193 2261 1236 2288 ltic
1246 2269 1335 2288 sermo
1348 2269 1395 2300 pro
1410 2260 1551 2300 Porphyrii
1566 2264 1746 2291 mendaciis...
1767 2273 1817 2300 pro
1830 2274 1933 2294 sermo-

1149 2303 1182 2322 ne
1194 2300 1239 2323 tuo
1256 2296 1461 2332 queutrosorem
1476 2296 1602 2324 barba)...
1620 2306 1675 2332 quo
1691 2296 1934 2330 nihil-Christianis

1149 2336 1189 2357 est
1201 2331 1438 2372 contemptibilius,
1455 2341 1464 2357 ι
1482 2331 1661 2372 etc._\’idetitr
1673 2335 1778 2372 legisse,
1792 2336 1852 2363 ἀντὶ
1862 2337 1933 2372 Πορ-

1149 2365 1244 2427 (ςυρίω
1261 2365 1434 2400 ψευσμάτων,
1458 2374 1517 2400 qua:
1537 2366 1617 2394 lectio
1636 2365 1786 2403 commoda,
1801 2377 1829 2398 et
1844 2365 1933 2399 acrius

1169 2402 1287 2427 ulianutn
1307 2402 1378 2427 l'ertt.
1393 2401 1559 2427 utobservat
1576 2402 1678 2427 Billius.

1169 2402 1287 2427 ulianutn
1307 2402 1378 2427 l'ertt.
1393 2401 1559 2428 utobservat
1576 2402 1678 2429 Billius.

1185 2434 1241 2471 (5:3)
1260 2433 1302 2463 Οὗ
1320 2444 1357 2462 τι.
1372 2434 1442 2463 tilias
1458 2436 1532 2470 legit,
1549 2436 1580 2463 οὗ
1600 2446 1637 2469 τι,
1652 2438 1723 2472 quod
1738 2439 1831 2468 Billius
1843 2442 1933 2476 sequi-

1151 2475 1204 2496 tur.

1186 2504 1242 2545 (Ξρϐ)
1259 2505 1499 2545 Περιςξερόμεχος.
1515 2505 1659 2545 SickEAlias,
1674 2508 1759 2542 Pass.,
1772 2515 1836 2542 etc.,
1851 2518 1931 2545 quam

1150 2539 1292 2578 lectionem
1310 2540 1419 2578 exhibet
1432 2540 1492 2578 Par.
1507 2543 1550 2567 ed.
1562 2541 1654 2569 Btltius
1667 2539 1765 2575 tamen,
1780 2552 1810 2571 ea
1823 2539 1932 2578 postha-

1150 2574 1306 2613 bita_,_leg£t,
1323 2575 1578 2613 naptpestpopavog,
1595 2585 1605 2602 ε
1624 2585 1683 2612 quas
1706 2574 1896 2613 corrumpitur.
1920 2591 1929 2607 t

1186 2609 1242 2647 @7)
1262 2609 1545 2647 ξυιιπεῖςονηκόςιν.
1563 2609 1641 2639 Pass.
1661 2609 1851 2647 namvnxdaiv.

1262 2644 1471 2683 Ιξιηδεξπώπρτε.
1488 2645 1570 2681 Regg.
1587 2654 1614 2683 a,
1631 2648 1684 2680 bm,
1695 2644 1843 2683 μηδέποτε.

1186 2679 1241 2714 (59)
1254 2679 1374 2715 φυσᾷς.
1393 2680 1436 2707 Sic
1448 2680 1514 2715 lleg.
1527 2679 1581 2715 bitt,
1591 2681 1677 2714 Pass.,
1691 2679 1753 2710 Sai'.
1770 2689 1797 2710 et
1809 2685 1932 2714 Cornbel.

1151 2713 1212 2749 Par.
1220 2714 1269 2749 red.
1286 2715 1419 2749 (ευσήσας.

1186 2748 1241 2783 (40)
1261 2748 1392 2789 nomen
1407 2749 1534 2785 ἀνάγκη,
1547 2756 1621 2789 etc._«
1636 2751 1729 2781 Nonne
1738 2759 1796 2781 erat
1811 2763 1932 2789 necesse,

1151 2788 1180 2809 ut
1191 2791 1241 2818 ires
1254 2791 1346 2810 ontnes
1362 2785 1542 2812 Romanorum
1556 2787 1624 2814 male
1639 2795 1667 2814 se
1686 2789 1840 2818 haberent.)
1860 2785 1932 2818 llill.§

1155 2827 1163 2843 ι
1183 2817 1416 2859 ρυὶάιιδηιιίῐειτὶ
1433 2825 1529 2854 potest,
1538 2824 1604 2859 quin
1615 2817 1807 2859 ﬂomanorum~
1821 2817 1934 2856 rescin-

1152 2859 1200 2881 nes
1213 2853 1283 2882 male
1297 2858 1377 2889 atque
1391 2853 1559 2885 incommode
1571 2864 1601 2885 se
1615 2857 1741 2888 habeant.
1758 2869 1769 2887 ι
