2069 3131
162 150 220 179 ’719

764 153 792 180 S.
813 153 977 182 GREGORII
998 154 1170 184 THEOLOGI

1734 159 1786 188 720

171 208 337 242 perturbatio
354 209 473 244 Inducta,
487 210 531 246 qui
544 210 601 238 fieri
613 215 711 246 potest,
737 217 766 239 ut
794 213 975 241 Romanorum
997 223 1039 243 res
1054 223 1148 243 omnes
1177 222 1227 244 non
1247 215 1317 242 male
1345 222 1374 243 se
1400 214 1529 249 habeant,
1559 218 1786 251 quemadmodum

170 255 253 282 etiam
265 262 296 282 se
311 255 436 283 habuisse
452 262 601 284 cernuntur

205 300 287 328 XLII.
309 301 371 329 Haec
387 302 434 328 tibi
461 309 476 329 a
493 304 571 330 nobis
590 303 726 336 columna,
741 304 881 334 Herculeis
901 314 949 333 co-
965 316 987 340 Α

169 346 269 374 lamnis
285 347 425 376 sublimior
438 354 465 375 et
476 349 650 383 splendidior.
661 350 728 378 Nam
745 351 797 378 ill-.c
813 360 866 379 uno
892 357 950 380 tan-

169 393 308 420 tummodo
325 393 383 420 loco
398 394 456 420 line
469 399 541 426 sunt,
555 395 588 422 ab
600 395 686 431 iisque
704 396 836 424 duntaxat
856 398 900 432 qui
916 406 949 425 eo

169 445 199 466 se
210 438 364 471 conferunt,
385 440 506 473 conspici
535 446 670 474 possunt;
695 442 753 469 bzcc
781 448 870 470 autem
892 444 948 471 fieri

169 491 222 511 non
236 488 324 518 potest
343 484 406 518 quin
421 490 494 512 motu
509 485 621 520 praedita
639 486 738 521 ubique
754 492 835 522 atque
859 489 948 515 omni—

168 527 220 555 bus
233 533 296 554 nota
312 532 338 555 et
355 528 427 555 clara
442 529 494 556 sit:
506 537 586 563 quam
601 529 683 557 etiam
696 529 816 557 futurum
833 535 949 565 tempus,

167 573 235 600 mihi
252 574 341 606 crede,
357 574 496 609 suscipiet,
510 579 535 601 te
549 579 649 610 tuaque
660 575 762 603 scelera
776 576 950 610 proscinden-

166 623 232 651 tem,
247 624 412 653 ceterosque
436 627 545 653 omnes,
575 627 609 648 ne
634 620 786 655 hujusmodi
804 621 949 655 quamdam

166 665 297 692 adversus
311 666 395 693 Deum
411 666 575 694 rebellionen
599 667 802 702 aggrediantur,
819 667 947 694 crudien~

168 715 221 738 tem
235 716 261 738 et
274 711 475 745 admonentem,
490 720 524 740 ne
550 712 650 748 alioqui
676 713 771 740 eadem
791 718 949 747 pcroetran-

1044 306 1109 333 MB’.
1128 306 1201 341 Αὕτη
1227 315 1267 332 σοι
1294 306 1357 341 παρ’
1381 306 1458 341 ἡμῶν
1489 307 1591 342 στήλη,
1617 308 1671 334 τῶν
1699 308 1785 343 ’Πρα-

1000 352 1096 378 κλειων
1120 351 1224 387 στηλῶν
1250 352 1402 388 ὑψηλοτέρα
1423 361 1453 378 τε
1477 353 1523 379 καὶ
1551 355 1783 390 περιφανεστέρα·

999 398 1025 424 αἱ
1045 398 1094 432 μὲν
1119 397 1172 433 γὰρ
1197 398 1238 432 ἐφ’
1261 398 1319 429 ἐνὸς
1346 398 1427 424 τόπου
1450 399 1601 433 πεπήγασι,
1623 400 1669 426 καὶ
1694 400 1785 432 μόνοις

998 444 1051 469 εἰσὶ
1070 443 1163 470 θεαταὶ
1179 445 1234 474 τοῖς
1256 444 1344 470 ἐκεῖσε
1369 444 1592 479 ἁφικνῡυμένοις’
1615 445 1663 480 τὴν
1682 446 1710 472 δὲ
1735 446 1785 472 οὐκ

997 489 1054 514 ἔστι
1074 488 1109 524 μὴ
1125 488 1260 523 πανταχοῦ
1276 490 1322 516 κῖιί
1334 489 1390 523 (Η)
1411 491 1475 516 πᾶσι
1493 490 1673 526 γνωρίζεσθαι
1698 500 1785 518 κινου-

1000 534 1095 569 μένην,
1111 534 1144 569 ἣν
1163 535 1210 560 καὶ
1227 536 1240 560 ὁ
1258 534 1361 569 μέλλων
1376 535 1543 570 ὑπολήψεταί
1559 535 1615 572 (ﬂ)
1635 538 1738 571 χρόνος,
1753 535 1783 564 εὖ

996 576 1064 611 οἶδα,
1080 579 1108 606 σέ
1123 588 1153 605 τε
1170 579 1260 606 καὶτὰ
1271 579 1304 606 σὰ
1317 580 1535 614 στηλιτεύουσαν,
1548 581 1593 607 καὶ
1603 582 1665 613 τοὺς
1675 581 1784 614 λοιποὺς

997 625 1101 656 πάντας
1123 624 1312 658 παιδεύουσαν,
1337 626 1372 661 μή
1393 635 1452 652 τινα
1475 627 1603 662 τοιαύτην
1626 627 1695 654 κατὰ
1715 626 1783 654 Θεοῦ

996 670 1098 705 τολμᾷν
1119 670 1311 701 ἐπανάστασιν,
1334 671 1376 697 ἵνα
1395 671 1442 707 μὴ,
1462 671 1496 698 τὰ
1515 672 1595 707 ὅμοια
1617 672 1782 708 δράσαντες,

997 716 1051 742 τῶν
1065 715 1129 742 ἴσων
1146 716 1193 742 καὶ
1206 716 1394 751 ἁντιτύχωσιν.

167 759 221 789 tes,
237 757 330 784 eadem
347 765 453 793 quoque
471 758 614 794 recipiant.

201 826 259 887 (ἔσῃ
275 827 432 862 Harmon
443 828 502 854 καί.
516 827 646 864 Reg.bm,
661 827 756 861 Savil.,
770 827 845 867 Pass.
860 827 946 863 πάντη

1036 827 1092 864 (42)
1117 827 1330 863 ’Υπολήψεταμ
1342 827 1408 864 Reg.
1421 826 1476 860 bm,
1495 827 1675 862 ὑποιιειψεται.

165 868 244 889 seu

269 927 1778 941 —_—————_—————————————

442 979 521 1014 177
563 987 853 1033 MONI'I‘UM
893 986 955 1030 IN
993 984 1349 1032 ORATIONEM
1385 988 1469 1035 Vl.

947 1077 984 1084 .-

207 1119 229 1150 l.
245 1119 429 1157 Gregorius,
446 1118 598 1157 Theologi
614 1116 715 1148 nostri
732 1119 830 1157 pater,
845 1117 893 1147 vir
907 1117 1027 1157 alioqut
1048 1117 1200 1155 optimus,
1216 1120 1246 1148 et
1272 1126 1354 1148 vera:
1370 1118 1596 1157 catholicmque
1611 1118 1776 1157 religionis

163 1156 592 1191 oelensm‘studiosissimus.
611 1157 799 1187 Arianorum
816 1156 954 1192 fraudes,
972 1156 1033 1196 qua
1054 1162 1119 1187 erat
1137 1156 1349 1196 simplicitate.
1376 1158 1483 1188 minus
1510 1156 1776 1195 animadverteris,

165 1198 319 1237 quosdam
340 1197 399 1237 hoc
416 1205 538 1228 veneno
559 1197 694 1237 amatos
706 1195 844 1237 benigne
860 1195 1055 1237 susceperat,
1073 1199 1103 1225 et
1117 1197 1240 1237 cuidam
1264 1196 1371 1234 impia;
1386 1205 1495 1237 eorum
1520 1198 1687 1237 Sententiae
1702 1198 1777 1228 sub-

164 1235 345 1274 scripserat.
362 1236 439 1272 Quae
463 1245 512 1266 res
529 1240 609 1266 tanta
629 1235 850 1273 indignatione
875 1236 1101 1266 monachorum
1133 1235 1256 1265 animos
1282 1236 1451 1273 permovit,
1480 1240 1514 1266 ut
1543 1236 1707 1266 confestim
1737 1238 1776 1268 ab

163 1276 267 1314 ipsius
289 1276 514 1306 communione
536 1283 606 1305 sese
631 1274 834 1308 removerint,
851 1282 977 1312 suoque
1005 1275 1150 1314 exemplo
1177 1283 1318 1312 magnam
1337 1275 1444 1313 populi
1466 1279 1584 1312 partem
1601 1275 1637 1304 ad
1656 1283 1690 1305 se
1707 1285 1777 1314 per-

163 1312 329 1346 traxerint.
355 1315 438 1345 Hinc
460 1314 612 1346 latissima
628 1313 755 1353 Arianis
772 1314 808 1353 ad
828 1313 1060 1353 oppugnandos
1085 1312 1264 1343 Calholicos
1295 1312 1399 1351 aperta
1425 1317 1472 1344 est
1498 1314 1564 1349 via;
1594 1312 1776 1353 malumque

164 1354 267 1384 multo
288 1354 411 1392 longius
425 1354 606 1392 serpsisset,
626 1352 687 1382 nisi
707 1352 861 1390 Theologi
879 1353 981 1382 nostri
1005 1361 1078 1383 cura
1111 1353 1292 1389 restitisset,
1312 1353 1472 1391 ﬁdemque
1490 1361 1580 1392 suam
1602 1353 1704 1391 ipsius
1719 1352 1777 1392 pa-

163 1397 212 1423 ter
231 1391 404 1431 Gregorius
425 1391 530 1429 aperte
561 1392 722 1430 professus
741 1395 837 1426 esset,
865 1392 1072 1430 peliissetque
1092 1392 1153 1422 sibi
1184 1391 1356 1422 condonari
1377 1391 1532 1431 quidquid
1556 1393 1588 1422 in
1608 1400 1643 1422 ea
1662 1401 1694 1422 re
1719 1391 1777 1430 per

165 1431 416 1470 imprudentiam
436 1432 626 1469 deliquerat.
649 1431 729 1460 Tum
758 1431 902 1460 monachi
921 1440 992 1461 cum
1012 1431 1161 1469 episc0p0
1184 1438 1244 1461 suo
1269 1431 1360 1461 facile
1391 1433 1423 1460 in
1447 1431 1577 1470 gratiam
1599 1431 1774 1463 redierunt.

163 1470 244 1502 Pace
260 1471 358 1509 igitur
376 1471 565 1510 composita,
584 1471 664 1500 hanc
678 1469 850 1510 Gregorius
874 1474 991 1510 noster,
1012 1470 1188 1500 oralionem
1210 1470 1330 1510 habuit,
1347 1479 1409 1509 qua
1438 1469 1574 1508 primum
1601 1471 1694 1500 oilicii
1724 1471 1776 1502 sui

165 1508 402 1543 causas'reddit,
419 1508 465 1545 ac,
481 1509 649 1539 occasione
666 1509 748 1543 data,
769 1508 841 1538 vitae
858 1508 1040 1538 monasticae
1068 1509 1198 1539 formam
1215 1508 1450 1546 elegantissime
1470 1510 1640 1546 descﬂbit;
1660 1510 1776 1540 deinde

164 1557 222 1588 pro
241 1552 367 1586 accepto
384 1548 538 1588 beneficio
557 1548 673 1586 gratias
689 1548 755 1577 Deo
767 1548 854 1588 agit;
884 1551 926 1581 et,
945 1547 982 1578 ad
996 1548 1248 1588 inflammandos
1269 1549 1376 1586 majori
1397 1549 1573 1588 concordiae
1591 1549 1697 1578 studio
1713 1549 1777 1578 Na-

165 1586 348 1624 aianzenos,
367 1587 451 1626 pacis
477 1587 586 1617 laudes
602 1592 697 1625 atque
715 1587 867 1626 uti‘itates
884 1586 1030 1624 eXponit,
1046 1595 1165 1626 easque
1181 1596 1251 1618 cum
1275 1588 1441 1618 discordiae
1463 1587 1674 1618 incommodis
1697 1596 1776 1617 con-

162 1627 309 1663 ferendo,
330 1624 444 1656 mirum
461 1626 495 1656 in
519 1624 651 1656 modum
667 1624 849 1664 ampliﬁcat.
871 1626 982 1656 Postea
1007 1634 1062 1656 eos
1086 1624 1240 1661 hortatur,
1258 1635 1297 1657 ne
1312 1628 1464 1664 deinceps
1481 1631 1540 1656 tam
1562 1627 1654 1656 facile
1671 1627 1709 1656 ab
1725 1636 1775 1657 er-

165 1667 302 1697 rantium
321 1666 452 1696 I'ratrum
478 1666 627 1696 societate
640 1673 678 1705 se
705 1668 864 1705 separent.
881 1665 936 1695 sed
954 1673 1009 1694 eos
1026 1665 1134 1703 potius
1153 1666 1288 1695 humana
1313 1666 1516 1705 fraternaque
1542 1666 1694 1695 charitate
1707 1674 1777 1696 cor-

164 1706 277 1743 rigant.
298 1706 431 1735 Domum
459 1705 537 1742 patri
554 1713 614 1734 suo
628 1704 668 1734 de
692 1703 921 1734 monachorum
945 1704 1050 1735 reditu
1066 1705 1255 1742 gratulatus,
1268 1705 1445 1736 orationem
1465 1703 1621 1736 Catholica
1637 1705 1774 1735 Trinitao

164 1745 206 1775 tis
222 1744 420 1775 confessione
438 1744 608 1774 concludit.

204 1784 244 1814 ll.
261 1784 349 1814 Hanc
368 1787 473 1813 autem
494 1783 670 1813 orationem
690 1781 736 1812 sic
751 1782 933 1820 auspicatur
949 1782 1122 1820 Gregorius
1142 1794 1150 1814 :
1180 1794 1193 1810 ‹‹
1210 1783 1364 1821 Linguam
1381 1791 1483 1814 meam
1497 1784 1589 1813 solvit
1616 1784 1774 1820 alacritas,

165 1822 332 1862 legemque
349 1821 517 1862 humanam
538 1825 665 1862 propter
685 1821 821 1862 Spiritus
838 1823 937 1859 legem
954 1826 1143 1862 contemno;
1170 1831 1204 1853 ac
1221 1831 1413 1858 sermonem,
1433 1831 1529 1860 quem
1550 1823 1688 1852 nonduin
1718 1823 1775 1853 ulli

165 1861 322 1896 concessi,
346 1861 413 1899 paci
438 1861 522 1891 dono
540 1861 651 1900 offero.
672 1871 687 1889 ιι
718 1861 878 1891 Postrema
895 1862 960 1891 haec
991 1861 1106 1891 verba:
1125 1873 1139 1889 α
1155 1871 1249 1900 quem
1269 1862 1409 1892 nondum
1439 1862 1495 1892 ulli
1525 1863 1680 1895 concessi,
1700 1873 1715 1890 »
1741 1862 1774 1892 in

166 1909 303 1931 errorem
321 1900 474 1930 induxere
496 1899 598 1930 virum
615 1899 734 1939 alioqui
750 1908 812 1930 non
837 1900 1031 1930 ineruditum
1049 1899 1122 1939 (ἰώ),
1147 1899 1179 1931 ut
1195 1901 1274 1931 hanc
1287 1909 1358 1930 esse
1381 1902 1524 1930 omnium
1543 1901 1687 1938 Gregorii
1706 1910 1775 1930 nra-

165 1940 288 1970 tionum
316 1940 446 1978 primam
463 1939 615 1973 crederet,
630 1940 776 1977 quamvis
791 1943 912 1970 certum
935 1939 981 1978 sit
991 1940 1135 1977 geminas
1153 1939 1307 1969 Adversus
1323 1939 1487 1971 lulianum
1505 1941 1678 1970 invectivas
1694 1939 1774 1970 fuis-

165 1988 200 2009 se
229 1977 417 2009 Nazianzeni
434 1978 612 2009 schismalis
630 1982 769 2018 tempore
793 1979 926 2018 scriptas
942 1977 1013 2018 (ab).
1041 1978 1191 2018 Prtelcrea
1211 1979 1388 2009 orationem
1419 1980 1462 2008 De
1495 1979 1612 2008 Pascha
1627 1983 1653 2008 et
1670 1978 1774 2009 tardi-

165 2022 238 2051 tate.
260 2022 289 2048 et
313 2018 440 2048 alteram
473 2018 515 2047 De
532 2018 610 2057 fuga
640 2017 676 2057 in
695 2016 851 2052 Pontum,
877 2016 1025 2057 jaiu'tum
1044 2016 1164 2047 habitas
1187 2018 1297 2053 fuisse,
1316 2018 1453 2053 invictis,
1484 2018 1517 2048 ni
1545 2018 1694 2057 fallimur,
1720 2026 1773 2048 ar-

165 2056 326 2096 gumentis
348 2055 647 2096 demonstravimus,
669 2055 766 2095 idque
790 2055 938 2095 ipsze’per
955 2064 988 2086 se
1013 2057 1172 2086 orationes
1202 2058 1388 2096 loquuntur.
1414 2058 1523 2096 Itaque
1549 2065 1620 2086 cum
1651 2056 1773 2094 Grego-

166 2094 234 2126 rius
259 2096 302 2126 ait
316 2104 350 2126 se
369 2108 382 2123 α
400 2096 538 2126 nondum
556 2094 611 2126 ulli
634 2094 814 2126 sermonem
835 2094 1043 2130 concessisse,
1061 2105 1076 2123 κ
1102 2103 1164 2125 non
1182 2094 1252 2126 nisi'
1263 2096 1301 2126 de
1318 2105 1355 2126 eo
1385 2094 1526 2135 loquitur
1540 2099 1693 2133 tempore,
1709 2104 1774 2134 quo

167 2146 182 2163 α
205 2135 336 2165 discissa
353 2134 469 2165 Christi
499 2135 616 2169 tunica,
634 2144 648 2162 ι»
673 2138 707 2164 ut
724 2135 792 2173 ejus
809 2135 912 2164 verbis
936 2138 1017 2170 utar,
1043 2134 1108 2164 imo
1125 2145 1139 2162 ιι
1158 2135 1290 2165 lacerato
1310 2134 1454 2174 corpore,
1483 2135 1639 2164 sermonis
1670 2134 1773 2172 ipsius

165 2175 282 2210 radios,
299 2175 399 2205 veluti
421 2174 521 2204 nubes
540 2175 697 2212 quasdam,
722 2174 813 2203 dolor
844 2174 1029 2213 obtegebat;
1046 2184 1060 2201 »
1087 2174 1182 2210 unde,
1213 2175 1332 2205 reddita
1359 2176 1442 2213 pacis
1468 2174 1650 2212 serenitate,
1671 2174 1773 2204 silen-

165 2213 243 2244 tium
261 2214 360 2247 exuit.
381 2217 474 2252 atque
488 2213 663 2242 orationem
684 2221 786 2242 coram
805 2213 921 2252 populo
948 2212 1068 2243 habuit.

203 2252 260 2282 Ill.
289 2253 384 2283 Paulo
403 2251 493 2282 aliter
509 2255 617 2282 censet
644 2251 848 2291 doctissimus
879 2252 1114 2285 Tillemoutius.
1139 2252 1194 2291 qui
1221 2256 1323 2283 tamen
1349 2252 1417 2291 ipse
1447 2251 1505 2282 hoc
1538 2251 1631 2282 etiam
1662 2251 1773 2282 ordine

164 2293 353 2327 orationem,
372 2292 411 2322 de
437 2300 500 2330 qua
517 2291 633 2329 agitur,
660 2290 804 2322 collocat.
825 2291 949 2321 Etenim
972 2291 1091 2321 veritus
1114 2290 1346 2322 Naziarizenum
1364 2290 1511 2321 schisma
1541 2291 1672 2329 rejiccre
1704 2294 1773 2329 post

164 2331 310 2368 Gregorii
329 2331 554 2365 sacerdotium,
570 2329 632 2360 huc
645 2338 726 2368 pene
744 2330 888 2365 inclinat,
903 2334 935 2359 ut
953 2341 967 2357 α
981 2338 1158 2360 sermonem
1173 2332 1312 2361 nondum
1330 2330 1386 2360 ulli
1405 2341 1419 2357 io
1440 2331 1575 2369 priorem
1593 2330 1654 2360 isto
1671 2341 1685 2357 α
1698 2338 1774 2360 con-

164 2378 289 2401 cessum
311 2381 324 2398 in
341 2379 357 2400 a
374 2369 528 2408 Gregorio
544 2369 646 2399 fuiSSe
670 2370 787 2399 credat.
805 2369 901 2399 Nobis
918 2377 991 2399 vero
1011 2369 1129 2400 nullam
1148 2370 1197 2399 hic
1218 2378 1286 2399 esse
1302 2369 1519 2400 difﬁcultatem
1537 2369 1673 2404 videtur,
1686 2377 1772 2404 cum,

163 2408 196 2438 in
229 2409 292 2439 l'ila
313 2409 473 2448 Gregorii.
494 2408 635 2448 nonnisi
652 2412 816 2448 postquam
833 2408 999 2448 ordinatus
1024 2411 1070 2438 est
1103 2410 1266 2448 presbyter
1284 2409 1478 2447 Theologus,
1495 2413 1599 2438 ortum
1627 2417 1696 2438 esse
1714 2408 1773 2437 Na-

163 2448 325 2479 zianzenae
341 2448 490 2478 Ecclesiae
505 2447 656 2483 schisma,
672 2447 880 2486 validissimis
896 2448 1092 2485 argumentis
1120 2448 1374 2486 probaverimus.
1403 2450 1473 2483 Quo
1498 2455 1572 2477 vero
1602 2450 1773 2486 1⁷81611]-

161 2488 353 2528 porefuerit
368 2487 462 2528 istius
479 2486 618 2528 luctuosi
636 2485 815 2528 schismatis
828 2487 1007 2528 exordium,
1030 2485 1162 2517 delinire
1180 2495 1241 2517 non
1258 2486 1350 2517 facile
1366 2492 1426 2528 est.
1439 2487 1568 2528 Constat
1582 2485 1684 2528 tameji
1703 2486 1773 2515 uul-

162 2524 228 2557 Ium
247 2527 278 2557 in
310 2527 507 2557 Nazianzena
528 2524 669 2555 Ecclesia
694 2525 794 2556 fuisse
821 2525 1005 2560 dissidium,
1022 2534 1093 2555 cum
1113 2530 1176 2556 tres
1192 2534 1308 2564 primas
1333 2527 1494 2557 orationes
1519 2526 1630 2556 habuit
1653 2526 1773 2563 Grego-

162 2566 244 2596 rius.
262 2566 352 2596 Felix
384 2573 521 2601 namque
547 2568 578 2595 et
600 2564 854 2604 amantissimum
880 2564 965 2603 pacis
986 2565 1226 2604 concordiaeque
1256 2565 1375 2595 donum
1406 2565 1532 2603 vigebat
1551 2565 1662 2604 adhuc
1687 2571 1771 2604 anno

161 2605 233 2642 362,
250 2613 427 2643 omnesque
445 2608 564 2635 mutuae
586 2603 748 2643 charitatis
773 2602 900 2634 vinculo
923 2604 1153 2642 jungebantur.
1171 2602 1290 2634 Prodiit
1306 2605 1403 2643 igitur
1434 2602 1660 2634 monachorum
1688 2602 1773 2633 schi-

161 2652 230 2675 sma
260 2645 342 2674 intra
366 2641 445 2674 ﬁnes
470 2643 545 2674 anni
569 2642 628 2673 363
659 2641 731 2682 (1:5).
753 2644 877 2673 Etenim
906 2641 1044 2673 exeunte
1075 2643 1136 2673 hoc
1170 2644 1282 2674 eodem
1309 2641 1405 2680 anno,
1433 2643 1499 2681 jam
1526 2648 1591 2672 tum
1608 2646 1769 2682 eruperat,

160 2691 234 2715 cum
260 2683 294 2714 in
320 2683 451 2715 Pontica
469 2682 642 2713 solitudine
662 2681 793 2720 primam
816 2682 1005 2712 invectivam
1032 2684 1183 2712 scriberet
1198 2682 1383 2721 Gregorius,
1402 2687 1432 2713 et
1458 2683 1496 2712 ad
1513 2682 1676 2721 sequentis
1693 2681 1770 2710 anni

161 2722 221 2754 36!.
249 2722 419 2761 primordia
435 2729 655 2760 perseverasse
680 2720 818 2762 videtur.
844 2721 978 2762 Duravit
1003 2722 1169 2762 perbreve
1185 2720 1384 2762 et_exiguum
1403 2725 1540 2762 tempus,
1560 2720 1624 2755 vel,
1644 2725 1677 2750 ut
1698 2727 1771 2762 cum

163 2758 316 2801 Gregorio
335 2758 458 2802 loquar,
477 2772 491 2789 ιι
507 2765 665 2791 quatenus
681 2769 736 2800 per
752 2761 933 2796 dissidium,
947 2758 1034 2799 pacis
1060 2761 1179 2791 bonum
1211 2760 1405 2791 dissidentes
1437 2761 1665 2798 intelligerent.
1684 2770 1712 2799 ιι-
1727 2758 1769 2788 Hi

196 2843 252 2879 με)
271 2843 340 2879 Bibl.
354 2844 437 2879 ante,
449 2847 512 2879 tom.
525 2841 614 2874 XVIII,
628 2850 673 2870 an.
686 2843 764 2878 l690,
777 2847 828 2871 art.
843 2843 868 2870 l.

1030 2841 1085 2878 (l5)
1107 2842 1164 2871 Vid.
1177 2841 1223 2870 0r.
1241 2850 1277 2876 tv,
1294 2850 1321 2869 n.
1339 2842 1380 2870 IO.

196 2879 253 2916 th)
273 2878 331 2907 για.
343 2878 413 2906 non.
431 2878 459 2906 in
473 2878 547 2906 Orat.
562 2885 570 2905 l
586 2883 612 2906 et
629 2886 670 2905 ιιι.
