2069 3131
174 160 225 191 ΊΞΞ

781 163 809 191 ὃ.
830 161 997 190 GREGORll
1016 161 1185 190 THEOLOGI

1748 165 1804 194 'm

171 220 319 256 suspirium
331 229 365 249 ex
380 221 435 250 imo
452 229 576 255 manans,
592 228 694 257 pernox
713 223 804 254 statio,
819 222 916 250 mentis
925 223 955 249 ad

1010 223 1185 258 ἐπιτιμήσεις
1208 221 1274 257 (58),
1297 221 1450 258 στεναγμὸς
1471 223 1504 249 ἐκ
1519 222 1619 258 βάθους
1635 222 1806 259 ’ἀναπεμπό-

171 268 257 295 Deum
279 268 473 303 peregrinatio,
501 266 590 296 tenuis
621 269 693 296 inter
723 270 854 297 orandum
869 268 956 299 ﬂetus.

171 314 340 342 audientium
371 315 478 342 animos
505 315 538 342 ad
567 315 802 349 eompunctionem
831 315 958 348 incitans,

170 359 329 394 psallentes,
348 360 393 387 Dei
409 360 523 395 gloriam
543 359 724 394 celebrantes,
749 361 834 396 legem
854 360 958 388 Domini

171 406 216 432 diu
249 411 386 440 noctuque
413 407 575 434 meditantes
587 407 621 439 '°,
650 407 832 434 exultationes
860 406 906 434 Dei
931 407 958 433 in

171 451 327 486 gutturibus
341 453 363 468 ¹¹
389 452 507 481 ferentes
522 461 530 479 :
550 458 633 488 atque
650 453 708 481 haac
727 453 809 480 etiam
826 453 888 479 vitae
906 453 960 480 Deo

171 503 256 533 grata
267 498 344 533 puleh
351 507 378 525 ra
397 499 496 526 indicia
511 504 540 527 et
555 504 712 534 argumenta
724 520 731 531 ,
747 500 875 534 tacitique
890 507 959 534 pra:-

171 551 264 577 concs,
280 545 393 572 sordida
415 545 542 572 nimirum
572 550 600 572 et
626 545 747 580 squalida
774 553 862 578 coma,
879 546 959 580 pedes

170 589 248 622 nudi,
264 595 292 617 et
307 591 470 624 apostolicos
487 591 644 623 imitantes,
670 591 738 618 nihil
765 595 900 618 mortuum
921 591 959 618 1e-

174 640 278 669 rentes,
295 642 356 671 apta
373 641 400 665 et
427 638 565 665 moderata
588 643 711 669 tonsura,
730 638 844 665 amictus
860 637 958 664 fastum

172 682 320 717 castigans,
348 691 416 710 zona
442 683 476 711 ob
494 684 684 719 inelegantiam
700 684 821 717 elegans,
840 685 958 710 tunicam

169 728 291 755 nonnihil
305 729 486 763 restringens,
507 730 543 756 ita
559 735 588 757 ut
604 730 769 765 restringere
792 729 903 756 minime
915 729 958 758 vi-

170 775 267 801 deatur
280 793 288 807 ,
312 782 421 809 gressus
441 782 582 808 constans,
605 777 701 802 oculus
720 775 832 802 minime
862 782 957 810 vagus,

169 821 295 850 subrisus
311 822 437 856 blandus,
453 824 494 850 vel
509 825 598 856 potius
617 823 780 851 snbrisionis
794 829 882 851 motus
896 824 958 858 qui-

168 867 230 894 dam
260 868 332 896 risus
347 869 521 902 petulantiam
540 870 689 904 castigans,
715 877 806 897 sermo
821 877 834 896 a
851 870 957 897 ratione

168 913 320 948 profectus,
338 914 476 940 silentium
492 922 617 941 sermone
638 915 823 948 praestantius,
836 914 957 942 laudatio

172 958 229 984 sale
245 958 364 991 condita,
379 966 430 986 non
446 959 479 986 ad
505 959 650 987 blanditias
678 965 844 994 comparata,
861 960 907 988 sed
923 961 956 988 ad

171 1004 283 1031 meliora
300 1004 430 1040 dirigens,
448 1005 603 1040 obiurgatio
620 1007 774 1033 laudatione
795 1007 951 1041 optabilior.

169 1051 268 1077 modus
283 1051 402 1078 tristitia:
427 1056 455 1079 et
483 1052 635 1080 animorum
662 1053 848 1086 relaxationis,
873 1058 956 1088 atque

166 1095 309 1129 utriusque
336 1096 478 1130 permistio
506 1101 530 1123 et
547 1102 790 1132 temperamentum
806 1107 814 1130 ;
830 1099 956 1127 mollities

167 1140 338 1173 fortitudine,
356 1143 502 1170 austeritas
518 1144 680 1170 verecundia
694 1148 842 1179 temperata
860 1145 901 1172 sic
927 1149 957 1172 ιιι

170 1192 265 1214 neutra
281 1187 315 1215 ab
328 1187 413 1215 altera
426 1188 549 1221 lzedatur,
561 1189 607 1216 sed
624 1195 737 1224 utraque
752 1191 863 1218 alterius
874 1198 955 1225 opera

168 1232 275 1260 laudem
292 1239 493 1268 consequatur;
509 1235 604 1262 modus
619 1236 710 1262 tumin
725 1243 866 1263 commune
875 1236 956 1271 prod-

167 1279 259 1312 eundi,
289 1283 343 1306 tum
362 1280 517 1312 secedendi,
544 1280 607 1307 illud
631 1281 665 1308 ad
681 1281 748 1308 alios
762 1282 955 1314 instituendos,

167 1325 219 1352 hoc
231 1330 261 1352 ut
276 1325 324 1360 ipsi
342 1325 459 1361 Spiritus
475 1327 611 1362 mysteriis
623 1327 798 1360 imbuanlur;
821 1333 902 1362 atque
918 1328 954 1356 ita

167 1374 321 1405 utrumque,
339 1375 378 1402 ut.
391 1375 418 1398 et
433 1371 459 1398 in
472 1372 607 1398 communi
623 1372 795 1398 solitudinem
812 1391 818 1403 ,
831 1378 857 1398 et
872 1372 897 1398 in
912 1380 956 1398 so-

169 1415 281 1443 litudine
298 1417 444 1444 fraternam
459 1417 674 1444 benevolentiam
690 1418 955 1444 eteharitatcmscr-

167 1466 252 1496 vent;
269 1466 305 1493 et,
319 1469 379 1496 qua:
393 1461 434 1488 his
449 1463 537 1489 adlmc
551 1463 651 1497 majora
665 1468 690 1489 ct
708 1462 866 1490 sublimiora
879 1467 953 1496 sunt,

167 1515 233 1542 opes
260 1508 287 1534 in
316 1513 486 1542 paupertate,
514 1509 648 1542 possessio
679 1508 705 1535 in
726 1509 954 1543 peregrinatione,

168 1553 251 1587 gloria
269 1553 295 1579 in
311 1556 477 1586 contemptu,
490 1554 608 1586 potentia
626 1553 652 1579 in
672 1553 839 1583 inﬁrmitate,
860 1553 953 1583 fecun-

168 1600 239 1626 ditas
255 1599 283 1625 in
299 1598 422 1626 cazhbatu
448 1599 594 1633 (siquidem
610 1600 811 1633 praestantiores
831 1599 902 1627 fetus
915 1600 952 1627 illi

167 1649 242 1676 sunt,
255 1644 302 1679 qui
315 1644 463 1671 secundum
483 1645 564 1672 Deum
592 1645 741 1676 exsistunt,
759 1653 840 1679 quam
866 1646 911 1679 qui
938 1653 953 1672 a

168 1698 250 1717 carne
265 1690 496 1725 ortumdncnnt):
519 1691 566 1724 qui
589 1691 693 1717 deliciis
709 1691 821 1718 minime
846 1692 954 1718 studere

167 1743 217 1770 pro
231 1735 312 1770 180
327 1735 431 1763 deliciis
446 1736 557 1769 habent,
579 1736 625 1770 qui
642 1737 715 1769 regni
739 1736 858 1764 caelestis
873 1744 954 1764 causa

168 1783 285 1809 humiles
298 1787 372 1814 sunt,
386 1782 432 1816 qui
447 1782 585 1808 inmundo
603 1782 669 1808 nihil
701 1781 812 1814 habent,
833 1787 861 1809 et
874 1790 954 1818 supra

168 1828 297 1855 mundum
313 1828 511 1862 exsistunt,qui
528 1827 608 1854 etiam
620 1828 645 1854 in
661 1835 742 1854 carne
751 1832 826 1854 extra
846 1835 954 1855 carnem

168 1875 273 1907 vivunt,
298 1875 343 1907 qui
374 1882 423 1908 pro
453 1874 576 1908 portione
603 1873 747 1900 Dominum
778 1874 887 1908 habent,
909 1875 954 1909 qui

167 1924 278 1954 propter
293 1927 406 1955 regnum
421 1920 510 1955 inopia
523 1920 660 1952 laborant,
674 1926 702 1947 et
715 1926 825 1954 propter
838 1921 955 1956 inopiam

168 1972 293 2002 regnant.

205 2013 248 2040 Ill.
271 2012 303 2040 lli
320 2020 373 2045 me,
404 2020 479 2048 opes,
506 2014 627 2047 inquam.
647 2021 679 2040 ae
700 2013 838 2048 praeclarze
853 2013 956 2040 delicia:

167 2067 246 2092 mem,
281 2063 308 2087 et
337 2066 483 2094 prtesenles
519 2060 689 2094 splendidum
718 2065 797 2094 atque
823 2059 955 2087 illustrem

169 2107 328 2138 reddebant,
346 2111 374 2133 et
388 2106 514 2134 absentes
539 2113 656 2133 maerore
669 2106 877 2133 contrahebant.
893 2105 956 2133 "me

169 2151 234 2178 mihi
258 2146 377 2177 animum
401 2151 570 2185 premebant,
595 2155 620 2178 et
648 2151 856 2177 conturbabant.
888 2149 956 2177 llinc

168 2205 215 2231 ego
230 2195 320 2231 lugens
338 2196 549 2230 et‘conlrislatns
576 2195 743 2230 ingrediebar
767 2195 801 2222 ".
828 2194 868 2222 Ob
895 2202 954 2222 eam

1011 277 1100 303 μενος,
1133 268 1226 299 στάσις
1249 267 1396 303 πάννυχος,
1422 269 1468 295 νοῦ
1490 269 1560 303 πρὸς
1583 268 1649 295 Θεὸν
1671 269 1800 304 ἐκδημία,

1010 315 1108 350 θρῆνος
1133 315 1162 341 ἐν
1179 314 1270 350 δεήσει
1295 315 1402 346 λεπτὸς,
1421 315 1567 350 φάρμακον
1594 315 1651 346 τοῖς
1673 315 1801 342 ἀκούουσι

1010 359 1192 393 κατανύξεως,
1212 361 1236 386 οἱ
1256 360 1413 395 ψάλλοντες,
1441 362 1466 387 οἱ
1494 361 1662 394 δοξάζοντες,
1679 361 1706 387 οί
1723 361 1802 396 μελε-

1009 405 1109 437 τῶντες
1127 405 1172 432 τὸν
1185 406 1267 441 νόμον
1284 407 1388 442 Κυρίου
1405 407 1511 442 ἡμέρας
1525 407 1570 434 καὶ
1590 407 1696 439 νυκτὸς,
1711 407 1736 433 οἱ
1751 399 1801 438 τάς

1010 450 1128 485 ὑψώσεις
1140 451 1186 477 τοῦ
1205 451 1271 478 Θεοῦ
1287 453 1315 478 ὲν
1327 454 1382 484 τοῖς
1398 452 1512 488 λάρυγξι
1522 453 1659 488 φέροντες·
1675 454 1721 480 καὶ
1735 453 1801 479 ταῦ-

1008 504 1044 522 τα
1056 495 1087 531 δὴ
1103 496 1137 523 τὰ
1150 496 1220 523 καλὰ
1230 497 1276 523 τοῦ
1286 498 1356 534 κατὰ
1372 498 1438 524 Θεὸν
1452 498 1510 534 βίου
1526 498 1580 534 (59)
1594 499 1800 534 προγράμματα

1009 542 1056 568 καὶ
1074 542 1230 578 μηνύματα,
1249 545 1272 570 οἱ
1287 536 1589 579 σιωπῶντεςκήρυκες,
1607 545 1740 580 αὑχμῶσα
1754 545 1800 572 καὶ

1010 587 1110 623 πιναρὰ
1130 588 1214 624 κόμη.
1240 589 1319 620 πόδες
1335 590 1433 624 γυμνοὶ
1463 590 1509 616 καὶ
1534 591 1590 622 τοῖς
1613 591 1800 622 ἁποστολικοῖς

1009 633 1148 668 ἑπόμενοι,
1166 634 1249 669 μηδὲν
1264 635 1359 669 νεκρὸν
1374 636 1513 672 φέροντες,
1529 636 1616 672 κουρὰ
1632 636 1797 672 σύμμετρος,

1010 679 1141 714 περιϐολὴ
1175 679 1260 715 τύφου
1295 680 1464 713 κολάζουσα,
1501 681 1572 717 ζώνη
1608 681 1647 717 τῷ
1684 682 1798 717 ἀκόσμῳ

1009 724 1111 759 κοσμία
1126 723 1191 758 (60),
1213 725 1312 760 μικρόν
1323 734 1350 751 τι
1363 724 1410 751 τοῦ
1425 725 1538 760 χιτῶνος
1554 725 1609 760 (61)
1627 725 1799 752 ἀναστέλλου-

1009 778 1054 801 σα,
1076 770 1124 796 καὶ
1153 770 1214 796 ὅσον
1236 771 1272 806 μὴ
1300 771 1487 802 ἀναστέλλειν.
1515 771 1633 806 βάδισμα
1657 771 1796 805 εὐσταθὲς,

1007 815 1145 851 ὀφθαλμὸς
1167 817 1197 843 οὐ
1219 816 1403 852 πλανώμενος,
1425 817 1556 852 μειδίαμα
1568 818 1713 853 προσηνὲς,
1731 817 1799 853 μᾶλ-

1007 862 1053 889 λον
1073 862 1101 888 δὲ
1118 863 1191 899 ὁρμὴ
1211 864 1399 899 μειδιάματος,
1413 864 1548 900 ἀκρασίαν
1562 864 1680 898 γέλωτος
1694 873 1799 900 σωφρο-

972 899 993 925 B
1008 909 1129 941 νίζουσα,
1155 910 1234 944 λόγος
1248 910 1287 945 τῷ
1313 910 1385 946 λόγῳ
1413 911 1583 946 κινούμενος,
1610 912 1698 946 σιωπὴ
1718 911 1798 945 λόγου

1006 956 1167 991 τιμιωτέρα,
1194 956 1305 988 ἔπαινος
1322 957 1400 984 ἆλατι
1423 957 1587 992 ἠρτυμένος,
1611 958 1642 984 οὐ
1664 958 1732 993 πρὸς
1746 957 1798 984 Θω-

1008 1000 1090 1026 πείαν
1106 1000 1173 1036 (62),
1197 1001 1255 1027 ἀλλ’
1269 1002 1382 1036 ὁδηγίαν
1396 1003 1443 1029 τοῦ
1462 1004 1628 1038 κρείττονος,
1654 1003 1798 1039 ἐπίπληξις

1006 1046 1145 1082 εὐφημίας
1156 1047 1340 1084 ποθεινοτέρα,
1356 1049 1442 1084 μέτρα
1452 1050 1603 1085 κατηφείας
1614 1051 1661 1077 καὶ
1668 1051 1796 1083 ἀνέσεως,

1007 1093 1055 1119 καὶ
1070 1094 1086 1128 ἡ
1101 1093 1135 1120 δι’
1149 1094 1312 1130 ἀμφοτέρων
1339 1095 1412 1130 μίξις
1428 1096 1475 1122 καὶ
1498 1098 1607 1131 κρᾶσις,
1635 1097 1666 1123 τὸ
1695 1097 1797 1124 ἁπαλὸν

1006 1139 1045 1174 τῷ
1061 1140 1177 1174 γενναίῳ
1201 1140 1267 1175 (65),
1282 1141 1312 1167 τὸ
1333 1141 1470 1176 αὐστηρὸν
1485 1142 1554 1168 αἰδοῖ
1580 1142 1744 1178 σύγκρατον,
1759 1143 1797 1174 ὡς

1008 1184 1069 1219 μηδ’
1085 1185 1178 1220 ἕτερον
1204 1185 1257 1211 ὑπὸ
1283 1186 1330 1212 τοῦ
1349 1187 1444 1222 ἑτέρου
1463 1187 1706 1223 παραελάπτεσθαι
1729 1188 1795 1223 (64),

1006 1231 1064 1258 ἀλλ’
1085 1231 1227 1267 ἀμφότερα
1250 1232 1284 1258 δι’
1304 1232 1426 1267 ἀλλήλων
1450 1234 1618 1269 εὐδοκιμεῖν·
1641 1234 1728 1270 μέτρα
1746 1234 1798 1269 τῆς

1006 1277 1046 1307 είς
1062 1276 1092 1302 τὸ
1106 1277 1194 1303 κοινὸν
1210 1277 1351 1312 ἐπιμιξίας
1367 1278 1422 1311 (65)
1439 1279 1486 1306 καὶ
1504 1280 1715 1315 ὑποχωρήσεως,
1746 1280 1798 1315 τῆς

1008 1322 1058 1356 μὲν
1072 1323 1135 1353 τοὺς
1146 1322 1243 1354 ἄλλους
1257 1323 1495 1360 παιδαγωγούσης,
1507 1325 1558 1360 τῆς
1568 1325 1596 1351 δὲ
1608 1325 1646 1360 τῷ
1658 1326 1795 1361 Πνεύματι

1009 1369 1255 1405 μυσταγωγούσης,
1274 1370 1321 1397 καὶ
1332 1371 1381 1406 τῆς
1393 1371 1443 1406 μὲν
1460 1372 1488 1397 ἐν
1500 1371 1539 1406 τῷ
1551 1371 1632 1407 κοινῷ
1643 1371 1673 1398 τὸ
1687 1372 1794 1399 ἄκοινον

1006 1415 1204 1451 φυλαττούσης,
1221 1417 1270 1452 τῆς
1284 1417 1312 1443 δὲ
1328 1417 1357 1443 ὲν
1371 1417 1410 1452 τῷ
1426 1417 1569 1453 ἁμίκτῳτὸ
1581 1418 1741 1453 φιλάδελφον
1748 1419 1794 1446 καὶ

1006 1462 1206 1498 φιλάνθρωπον·
1224 1464 1270 1489 καὶ
1281 1463 1298 1489 ἃ
1307 1463 1392 1498 μείζω
1403 1464 1505 1490 τούτων
1518 1464 1561 1491 ἔτι
1570 1465 1617 1491 καὶ
1631 1465 1793 1501 ὐᾷηλότερα,

1006 1509 1020 1534 ὁ
1031 1509 1060 1534 ἐν
1073 1510 1153 1544 πενίᾳ
1169 1508 1323 1544 πλοῦτος.ή
1343 1511 1372 1535 ἐν
1393 1509 1524 1545 παροικίᾳ
1541 1510 1714 1545 κατάσχεσις,
1732 1511 1749 1546 ἡ
1768 1511 1797 1535 ὲν

1007 1555 1105 1590 ἀτιμίᾳ
1133 1555 1206 1588 δόξα,
1232 1556 1248 1590 ἡ
1271 1556 1300 1581 ὲν
1319 1555 1448 1591 ἀσθενείᾳ
1466 1556 1621 1592 δύναμις,ἡ
1643 1557 1672 1582 ὲν
1691 1556 1798 1591 ἁγαμίᾳ

1005 1601 1176 1627 καλλιτεκνία
1191 1600 1281 1636 (εἴπερ
1308 1601 1450 1636 κρείττονα
1465 1602 1518 1628 τῶν
1529 1602 1582 1629 ἀπὸ
1599 1602 1700 1638 σαρκὸς
1721 1603 1799 1637 ἀρχο-

1006 1647 1094 1682 μένων
1109 1647 1164 1683 (66)
1183 1647 1218 1674 τὰ
1236 1647 1306 1674 κατὰ
1323 1647 1388 1674 Θεὸν
1402 1649 1580 1684 γεννήματα)·
1594 1650 1618 1675 οί
1640 1648 1798 1684 τρυφῶντες

1005 1693 1043 1728 τῷ
1060 1693 1097 1729 μὴ
1116 1694 1171 1728 (67)
1190 1695 1306 1729 τρυφᾷν,
1322 1696 1345 1721 οἱ
1357 1695 1480 1721 ταπεινοὶ
1498 1695 1567 1730 ὑπὲρ
1579 1695 1633 1721 τῶν
1645 1695 1699 1726 (68)
1716 1695 1794 1728 οὐρα-

1004 1740 1079 1767 νίωψ
1097 1741 1121 1767 οἱ
1138 1741 1220 1776 μηδὲν
1240 1742 1269 1767 ὲν
1291 1742 1396 1776 κόσμῳ,
1417 1742 1463 1768 καὶ
1484 1742 1554 1777 ὑπὲρ
1564 1742 1609 1768 τὸν
1631 1741 1742 1777 κόσμον·
1768 1740 1794 1767 οἱ

1007 1786 1106 1822 σαρκὸς
1130 1786 1181 1818 ἔξω
1208 1786 1254 1812 καὶ
1281 1786 1310 1812 ἐν
1344 1789 1436 1823 σαρκὶ,
1464 1785 1501 1814 ὧν
1535 1789 1612 1823 μερὶς
1643 1787 1755 1823 Κύριος,
1771 1787 1797 1813 οἱ

1007 1832 1110 1866 πτωχοὶ
1139 1832 1183 1859 διὰ
1213 1832 1363 1867 βασιλείαν,
1396 1835 1442 1861 καὶ
1468 1833 1513 1861 διὰ
1545 1833 1681 1869 πτωχείαν
1714 1832 1798 1868 βασι-

1005 1878 1140 1910 λεὺοντες.

1041 2010 1079 2036 Γ’.
1098 2007 1178 2037 Οὗτοί
1204 2019 1237 2046 με
1255 2012 1302 2037 καὶ
1327 2011 1458 2046 παρόντες
1486 2010 1609 2047 λαμπρὸν
1635 2011 1755 2043 ἐποίουν,
1777 2011 1795 2047 ἠ

1006 2058 1060 2092 ὲμὴ
1076 2057 1232 2093 περιουσία,
1248 2057 1278 2084 τὺ
1291 2058 1357 2093 ἐμὸν
1374 2057 1474 2091 ἀγαθὸν
1487 2057 1542 2091 (69)
1557 2058 1728 2093 ἐντρύφημᾳ,
1748 2058 1797 2084 καὶ

1006 2103 1121 2135 ἀπόντες
1132 2103 1317 2129 συνέστελλον.
1335 2103 1428 2130 Ταῦτά
1445 2112 1490 2138 μοι
1508 2104 1614 2139 συνεῖχε
1633 2104 1682 2139 τὴν
1708 2103 1798 2139 ψυχὴν

1006 2150 1091 2176 ταῦτα
1103 2150 1261 2185 ἔτάρασσεν.
1277 2151 1323 2176 Ἐκ
1338 2149 1439 2176 τούτων
1454 2149 1510 2184 ἐγὼ
1528 2150 1646 2177 πενθῶν
1658 2150 1708 2177 καὶ
1726 2157 1797 2177 σκυ-

1007 2195 1165 2231 θρωπάζων
1181 2197 1377 2230 ἐπορευόμην·
1393 2195 1438 2222 διὰ
1460 2196 1547 2223 ταῦτα
1561 2196 1629 2232 μετὰ
1645 2197 1698 2223 τῶν
1709 2196 1796 2223 ἄλλων

168 2251 279 2270 causam
292 2250 353 2270 cum
367 2242 564 2276 aliisjucundis
583 2242 662 2268 rebus
673 2249 826 2268 sermonem
837 2233 955 2276 quoque

1007 2242 1129 2276 τερπνῶν
1150 2242 1196 2269 καὶ
1210 2242 1256 2269 τὸν
1281 2243 1360 2276 λόγον
1389 2242 1579 2278 ἁπεσεισάμην
1597 2242 1664 2277 (70)·
1679 2243 1720 2269 ὃτι
1741 2243 1793 2269 ἀπ-

169 2289 256 2324 abjcei
272 2298 279 2316 :
296 2289 424 2323 quoniam
454 2289 546 2316 dilecti
576 2289 782 2315 recaleitrarunt
795 2287 828 2320 ³³,
847 2292 874 2314 et
894 2295 955 2314 ver-

169 2339 262 2363 terunt
275 2336 309 2362 ad
328 2342 372 2362 me
387 2339 459 2368 terga
475 2340 502 2362 et
519 2343 571 2361 non
586 2334 669 2362 facies
685 2334 718 2366 “,
746 2333 864 2368 factique
891 2338 954 2360 sunt

189 2406 212 2423 ιο
230 2404 301 2433 Psal.
318 2413 338 2437 I,
353 2405 380 2431 2.
419 2405 440 2420 ²¹
456 2403 527 2432 Psal.
544 2412 635 2436 (τηις,
651 2404 677 2432 6.

205 2465 262 2499 (58)
287 2464 494 2498 Ἐπιτιμήσεις.
516 2463 582 2497 Reg.
595 2471 619 2495 ο,
637 2463 804 2499 ἐπιτίμησις.

204 2500 260 2533 (59)
283 2500 338 2526 Τοῦ
357 2499 432 2526 κατὰ
455 2499 530 2525 Θεὸν
549 2499 632 2530 ⁴βίου.
660 2498 803 2527 Leuvcnkl.
819 2507 828 2524 ‹
847 2498 908 2525 vim!
921 2505 953 2534 ex

168 2535 215 2562 Dei
232 2535 387 2566 prmsrrip'o
401 2535 538 2562 instituta'.
557 2544 565 2559 I

206 2570 261 2605 (60)
286 2570 417 2606 Ὰκόοῖμῳ
434 2571 555 2604 κοσμία,
573 2574 626 2596 etc.
643 2569 748 2606 Billins,
768 2577 777 2594 ί
794 2568 829 2596 ob
844 2573 954 2596 ornatus

169 2606 319 2640 neglectum
332 2605 403 2640 culta
419 2609 446 2632 et
462 2610 567 2631 ornata.
584 2614 593 2630 ι

206 2638 420 2674 (61)Χιτῶνος.
442 2649 451 2664 ‹
480 2640 620 2667 Tunicam.
644 2649 653 2664 ι
683 2638 738 2665 Nec
768 2638 836 2666 bene
865 2638 956 2665 Billins

172 2685 182 2700 ‹
201 2676 329 2708 pallium;
350 2683 359 2700 ι
381 2675 512 2708 siquidem
533 2675 622 2701 brevia
644 2674 750 2708 palliola
768 2674 894 2701 humeros
917 2678 956 2700 te-

170 2709 345 2745 gentiajquae
358 2710 466 2744 cingulo
485 2710 598 2744 astringi
615 2709 680 2736 nihil
695 2717 762 2743 opus
777 2713 846 2741 erat,
862 2713 955 2743 gesta~

170 2746 236 2773 bant
251 2745 384 2771 monachi.

205 2780 262 2815 (62)
284 2780 325 2806 Οὺ
349 2779 423 2813 πρὸς
439 2780 578 2811 θωπείαν,
593 2783 645 2815 etc.
667 2787 676 2803 ι
697 2777 814 2815 Nonad
834 2781 955 2805 assenta-

171 2812 271 2844 tionem
285 2812 378 2848 compa
385 2820 452 2845 rata,
467 2815 513 2841 sed
528 2814 561 2840 ad
577 2814 703 2840 virtutem
722 2812 850 2848 dirigens.
871 2822 880 2838 ι

207 2850 262 2884 (65)
283 2848 325 2881 Τῷ
336 2847 470 2883 γενναίῳ.
485 2849 551 2876 Tres
571 2848 658 2881 Colb.,
681 2847 785 2879 Oxon,
798 2847 844 2875 0r.
859 2848 885 2880 1,
900 2847 954 2875 Jes.

172 2884 220 2914 σὺν
236 2884 275 2919 τῷ
287 2884 412 2918 γενναίῳ.

207 2917 266 2952 (64)
283 2917 558 2954 Πηρώιῖάπτεσθαι.
577 2919 640 2955 Reg.
662 2926 686 2959 a,
707 2923 762 2947 tres
778 2918 852 2946 Colb.
866 2919 910 2946 0r.
931 2917 955 2950 1,

717 2405 738 2420 ’τ
753 2403 823 2431 Psal.
838 2411 929 2437 nxw,
939 2404 982 2431 Μ.

1010 2288 1155 2315 ελάκτισαν
1167 2289 1191 2314 οἱ
1202 2288 1387 2323 ὴγατημένοι,
1404 2288 1592 2324 καὶὲστρεψαν
1601 2289 1642 2314 ἐπ’
1659 2289 1709 2324 ἐμὲ
1724 2287 1795 2315 νῶτα.

1010 2334 1099 2362 αὐτῶν
1111 2336 1157 2361 καὶ
1171 2335 1202 2361 οὐ
1217 2335 1372 2370 πρόσωπον,
1385 2334 1431 2360 καὶ
1443 2335 1571 2368 γεγόνασι
1585 2335 1709 2370 ποίμνιον
1721 2334 1795 2360 ἐλευ-

1010 2403 1033 2420 ²³
1044 2404 1122 2430 Deut.
1135 2411 1222 2435 xxx",
1237 2403 1280 2430 15.
1319 2403 1341 2420 "
1355 2402 1411 2430 Jer.
1425 2411 1455 2435 ll,
1468 2403 1512 2430 27.

1009 2461 1248 2488 καταϐλάπτεσθαι
1253 2481 1259 2487 .

1045 2498 1101 2532 (65)
1121 2498 1173 2529 Εἰς
1190 2496 1222 2522 τὸ
1241 2496 1343 2523 κοινὸν
1358 2496 1519 2531 ἐπιμιξίας.
1543 2494 1687 2532 Leuvonkl.
1706 2504 1716 2521 ί
1732 2494 1797 2531 (mo:

1008 2534 1057 2560 dus
1069 2532 1282 2559 conversationis
1299 2532 1325 2558 in
1343 2532 1459 2564 publico.
1474 2537 1501 2558 et
1516 2531 1686 2558 secessionis.
1702 2540 1711 2556 ι

1044 2567 1099 2601 (66)
1127 2566 1316 2601 Ἀρχομένων.
1334 2565 1401 2601 Reg.
1426 2567 1472 2599 hu,
1496 2566 1579 2594 Coisl.
1601 2566 1691 2598 1,duo
1705 2565 1792 2600 Colb.,

1009 2603 1063 2631 Jes.
1070 2625 1077 2635 ,
1085 2603 1130 2630 0r.
1144 2602 1169 2633 1,
1183 2601 1347 2637 ἐρχομένων.

1046 2638 1102 2674 (οἵ)
1175 2635 1231 2674 ,μή-⁷
1245 2637 1312 2674 ljeg.
1326 2638 1370 2674 hui.
1382 2636 1508 2674 C9isl._5,
1523 2635 1571 2674 0r_.
1586 2636 1611 2668 1,
1631 2635 1661 2674 τὸ
1675 2635 1724 2674 μη.

1046 2645 1102 2674 (bl)
1125 2645 1227 2671 ιῳμιι.
1247 2645 1312 2675 ιξρε.
1326 2645 1370 2666 ιιιι.
1382 2645 1464 2664 hmsl.
1482 2645 1508 2669 ο,
1523 2645 1571 2664 ur.
1586 2645 1611 2668 1,
1631 2645 1661 2662 το
1675 2645 1724 2698 μηδ

1046 2673 1101 2707 (68)
1127 2671 1210 2705 Ὑπὲρ
1230 2681 1321 2699 των...
1339 2673 1375 2699 οἱ.
1400 2673 1444 2698 Sic
1464 2671 1546 2706 Ἆρες.
1562 2672 1618 2707 lin],
1633 2671 1678 2703 hu,
1724 2678 1746 2698 r.
1767 2671 1792 2702 ί,

1009 2708 1063 2736 Jes.
1077 2717 1086 2733 ι
1100 2707 1214 2735 humiles
1224 2708 1269 2741 qui
1285 2714 1365 2740 supra
1380 2707 1473 2741 corios,
1483 2707 1528 2741 qui
1541 2706 1607 2733 nihil
1620 2711 1692 2739 sunt,
1712 2715 1722 2733 ι
1738 2711 1791 2733 etc.

1011 2744 1083 2771 Elliti
1101 2750 1174 2774 vero,
1191 2739 1259 2777 ὑπὲρ
1278 2739 1359 2771 τοῦ...
1372 2739 1421 2773 οἷς.

1045 2778 1100 2812 (69)
1126 2775 1254 2811 Ἁναθόνζ
1290 2786 1300 2802 ‹
1325 2777 1472 2812 Praeclara;
1487 2776 1599 2812 delicia;
1626 2784 1636 2802 ι
1664 2775 1744 2812 Deest
1765 2776 1792 2803 in

1010 2809 1096 2848 chg.
1112 2809 1166 2844 bm,
1183 2813 1228 2845 hu,
1248 2812 1332 2839 tribus
1348 2812 1437 2848 Cplb.,
1457 2811 1504 2840 0r.
1528 2812 1554 2845 1,
1577 2811 1631 2839 Jes.
1656 2816 1683 2838 et
1703 2809 1790 2839 Oxon.

1010 2846 1222 2875 l‘raaiermissum
1233 2848 1315 2875 etiam
1333 2855 1347 2873 a
1363 2846 1451 2874 Billio.

1046 2883 1101 2918 (70)
1127 2883 1357 2916 Ἀπεσεισάμην,
1373 2886 1426 2910 etc.
1447 2891 1456 2908 ι
1475 2881 1643 2916 Abjeceram,
1664 2881 1792 2918 quoniam

1011 2919 1100 2947 dilecti
1118 2919 1355 2947 rccalcitraverant
1371 2921 1398 2953 et
1409 2921 1555 2949 verterant,
1577 2926 1587 2943 i
1603 2921 1655 2944 etc.
