2069 3131
195 173 248 200 729

800 170 926 200 ORATIO
945 171 989 199 Vl.
1009 186 1041 192 —-
1060 171 1104 198 DE
1123 171 1210 199 PACE
1229 171 1250 199 l.

1767 171 1818 201 730

196 234 324 260 πίπτοντι
348 223 573 268 χεῖραᾋρέγειν,
601 231 648 258 καὶ
673 230 831 258 ἀσθενοῦντι
857 231 982 258 συνασοε-

1040 232 1153 258 nimum.
1170 230 1219 258 llic
1236 230 1311 263 mihi,
1328 235 1356 257 ut
1370 234 1468 258 etcum
1483 237 1526 262 eo,
1547 230 1592 264 qui
1608 229 1726 258 secundo
1736 237 1818 258 cursu

195 279 250 304 νεῖν
262 277 328 313 (9i),
340 277 387 303 καὶ
400 276 517 311 ἰσχύοντι
532 276 784 312 συνευφραίνεσθαι.
796 277 873 303 Μετὰ
887 277 980 303 τούτου

195 323 295 357 πατρὶς
308 322 354 348 καὶ
374 321 436 357 ξένη
449 322 479 348 τὸ
493 322 549 348 ἴσον
561 322 632 357 ἐμοὶ,
647 322 694 348 καὶ
709 322 799 348 τόπων
817 323 981 357 μετάστασις

194 368 341 404 ἀλλοτρίων
362 368 472 403 ὁμοίως,
499 367 555 394 ἀλλ’
572 368 622 394 οὑκ
639 368 712 402 ἐμῶν
738 367 806 402 (95).
828 364 913 399 Οὗτός
937 376 982 403 μοι

193 415 294 450 διαιρεῖ
307 415 436 449 κόσμους,
452 414 498 440 καὶ
513 413 559 440 τοῦ
576 413 625 449 μὲν
640 414 753 448 ἀπάγει,
769 414 808 449 τῷ
823 414 851 440 δὲ
871 415 981 449 προστί»

195 459 273 496 θησιν
283 468 289 474 “
310 456 387 490 οὗτός
402 467 434 494 με
450 459 498 485 καὶ
522 459 566 485 διὰ
580 459 634 486 τῶν
647 459 742 492 δεξιῶν
758 459 848 485 ὅπλων
864 458 981 493 διεξάγει

193 503 243 538 τῆς
255 502 425 537 δικαιοσύνης
438 502 488 528 οὐκ
500 502 690 536 ἐπαιρόμενον,
705 502 756 528 κᾶν
763 502 819 532 τοῖς
829 502 981 537 ἀριστεροῖς

193 549 240 575 καὶ
256 548 432 584 τριχυτέροις
450 548 519 583 (96)¹
536 547 739 583 συμφιλοσοφεῖ,
756 547 804 582 τὴν
827 547 857 573 οὑ
885 555 981 573 καται-

195 593 345 629 σχύνουσαν
365 592 461 619 ἐλπίδα
480 591 669 628 παραζευγνὺς
681 593 727 618 καὶ
740 592 770 618 τὸ
784 591 870 626 παρὸν
886 591 982 626 κουφί-

195 640 249 672 ζων
264 639 304 674 τῷ
319 639 440 674 μέλλοντι
459 638 524 673 (9η.
537 638 631 674 Τούτῳ
648 638 693 664 καὶ
705 638 752 664 νῦν
766 637 853 669 δεξιοῦ
858 646 906 672 μαι
919 638 980 669 τοὺς

194 685 278 720 ἐμοὺς
288 685 380 719 φίλους
393 685 440 710 καὶ
456 684 596 718 ἀδελφοὺς,
615 684 661 710 καὶ
683 683 831 718 προτίθημι
846 683 900 718 (98)
916 683 981 718 τρά-

194 729 280 762 πεζαν
293 729 415 764 λογικὴν,
431 729 477 756 καὶ
493 730 617 765 κρατῆρα
642 729 825 764 πνευματικὸν
849 730 895 756 καὶ
920 729 981 755 ἀέν-

193 784 257 802 ναον
274 775 327 810 (99)
338 783 345 790 ·
358 776 406 810 οὐχ
418 772 458 806 οἷς
472 776 488 810 ἡ
502 775 578 802 κάτω
589 776 626 810 (l)
637 775 760 810 τράπεζα
775 775 917 802 κολακεύει
931 775 980 810 τὴν

193 819 418 856 καταργουμένην
436 821 568 856 γαστέρα,
582 822 630 848 καὶ
645 820 840 856 ἀθεράπευτον.

229 980 266 1007 Z'.
285 978 453 1014 Ἐσιώπησα,
470 979 507 1015 μὴ
522 980 568 1006 κα).
587 979 631 1006 ἀεὶ
641 979 832 1015 σιωπῆσομαις
853 979 982 1015 Ἐκαρτέ-

195 1033 266 1059 ρησα
283 1024 349 1051 ὡσεὶ
367 1025 495 1051 τίκτουσα
515 1024 564 1059 (‘2),
582 1024 619 1060 μὴ
634 1025 795 1061 καρτερήσω
817 1025 979 1056 διαπαντός;

193 1069 239 1104 Τῷ
265 1069 315 1104 μὲν
341 1069 396 1104 γὰρ
417 1069 539 1105 Ζαχαρία
556 1069 612 1095 λύει
627 1069 676 1104 τὴν
698 1069 802 1104 σιωπὴν
815 1069 954 1104 γεννηθεὶς
968 1070 982 1095 ὁ

199 1114 340 1149 Ἰωάννης·
352 1114 399 1140 καὶ
413 1113 467 1148 γὰρ
477 1115 526 1140 οὐκ
538 1114 640 1149 ἔπρεπε
654 1114 700 1141 τὸν
709 1114 814 1149 πατέρα
825 1114 874 1149 τῆς
889 1113 982 1148 φωνῆς

195 1160 310 1195 σιωπᾷν,
330 1159 432 1194 ταύτης
456 1159 653 1194 προελθούσηςο
675 1159 732 1186 ἀλλ’
749 1159 844 1195 ὥσπερ
863 1160 982 1194 ἀπιστη-

194 1205 271 1233 Θεῖοα
280 1206 331 1242 τὴν
345 1205 470 1240 γλῶσσαν
488 1205 594 1240 ἔδησεν,
609 1205 680 1231 οὕτω
694 1204 881 1241 φανερωθεῖσα
891 1204 982 1230 δοῦναι

193 1252 233 1288 τῷ
246 1254 331 1289 πατρῖ
353 1253 403 1288 τὴν
428 1252 596 1287 ἐλευθερίαν,
663 1251 710 1278 καὶ
725 1249 917 1286 εὐηγγελίσθη,
934 1249 982 1276 καὶ

194 1299 325 1334 ἐγεννήθη
345 1298 420 1333 φωνὴ
438 1298 486 1324 καὶ
514 1297 622 1332 λύχνος,
648 1296 735 1330 Λόγου
760 1296 799 1330 (5)
823 1296 870 1322 καὶ
894 1296 982 1330 φωτὸς

194 1344 346 1380 πρόδρομος
359 1352 366 1358 ·
384 1344 446 1377 ἐμοὶ
461 1343 490 1369 δὲ
505 1342 562 1369 λύει
572 1342 621 1378 τὴν
636 1341 772 1376 γλῶσσαν,
789 1342 836 1368 καὶ
854 1341 917 1376 ὐψοῖ
933 1341 983 1376 τὴν

195 1391 297 1425 φωνὴν,
313 1390 350 1422 ὡς
367 1390 527 1423 σάλπιγγος,
544 1389 561 1424 ἡ
576 1388 701 1424 παροῦσα
717 1387 868 1423 εὐεργεσία,
886 1387 932 1414 καὶ
953 1387 984 1413 τὸ

193 1437 338 1464 κάλλιπον
347 1435 426 1463 τοῦτο
441 1435 563 1471 θέατρον,
574 1435 608 1461 τὰ
620 1434 705 1461 τέκνα
717 1434 764 1460 τοῦ
778 1433 845 1460 Θεοῦ
859 1433 982 1470 διεσκορ-

193 1478 313 1518 πισμένα
329 1482 378 1516 (πί).
401 1481 557 1517 συνηγμένα
582 1481 621 1512 είς
637 1480 678 1512 ἓν,
693 1480 740 1506 καὶ
755 1479 808 1506 ὑπὸ
824 1479 873 1510 τὰς
896 1479 982 1511 αὑτὰς

194 1528 390 1561 ἁναπαυόμενα
412 1527 562 1562 πτέρυγας,
580 1527 628 1552 καὶ
642 1526 682 1557 εἰς
700 1525 746 1552 τὸν
760 1523 832 1552 οἷκον
847 1524 894 1551 τοῦ
913 1524 981 1551 Θεοῦ

193 1573 363 1610 πορευόμενα
371 1574 400 1598 ὲν
413 1571 534 1607 ὁμονοίᾳ,
546 1571 592 1598 κα)¹
604 1571 666 1606 μίαν
676 1570 808 1606 ἁρμονίαν
819 1569 980 1606 ἡρμοσμένα

193 1619 241 1656 τὴν
255 1619 302 1646 τοῦ
317 1618 398 1645 καλοῦ
414 1618 460 1644 καὶ
473 1617 521 1644 τοῦ
536 1617 707 1652 Πνεύματος·
720 1617 764 1643 ὅτε
776 1616 826 1642 οὐκ
840 1615 880 1642 ἐτι
895 1616 980 1651 φέρο-

196 1675 245 1703 μεν
261 1665 392 1701 ἀλλήλους
408 1665 455 1691 xui.
476 1664 590 1700 ἄγομεν,
617 1663 745 1689 τοσοῦτον
763 1662 816 1689 ὑπὸ
831 1662 878 1688 τοῦ
896 1670 980 1697 πονη-

195 1710 242 1746 ροῦ
255 1711 414 1743 κλαπέντες,
424 1710 441 1745 ἢ
455 1709 621 1743 βιασθέντες,
630 1709 676 1734 καὶ
690 1707 931 1740 κατατοξευθέντες
942 1708 981 1741 (5)

191 1758 222 1786 ἰν
250 1757 405 1792 σκοτομήνῃ
433 1757 478 1782 τὸν
494 1754 567 1787 νοῦν¹
584 1755 617 1790 ἢν
631 1754 712 1786 αὐτὸς
733 1755 799 1789 ἡμῖν
816 1754 980 1789 ἐπήγειρεν·

192 1803 241 1831 καὶ
256 1804 307 1830 οὐκ
322 1800 369 1829 οἷδ’
387 1802 426 1828 ὅτι
449 1801 501 1837 χρὴ
513 1801 610 1836 λέγειν,
624 1800 695 1827 ὥστε
714 1801 762 1827 καὶ
782 1802 838 1831 τοῖς
860 1799 981 1835 ἀλλήλων

193 1851 288 1882 κακοῖς
304 1848 545 1885 ὲπευφραίνεσθαι,
563 1848 609 1874 καὶ
627 1848 664 1882 μὴ
680 1846 802 1882 νομίζειν
818 1846 864 1873 τοῦ
881 1846 981 1878 παντὸς

193 1894 263 1924 εἶναι
277 1897 379 1932 ζημίαν
392 1896 442 1932 τὴν
457 1895 579 1931 ἀλλήλων
589 1895 750 1921 κατάλυσιν·
761 1895 805 1921 ὅτε
825 1894 924 1926 Ἰούδας
934 1895 981 1922 καὶ

199 1942 306 1978 Ἰσραὴλ
320 1942 438 1969 τίθενται
466 1942 570 1973 ἑαυτοῖς
587 1940 674 1976 ἀρχὴν
692 1940 767 1975 μίαν,
783 1940 832 1967 καὶ
847 1940 982 1976 Ἰερουσα-

193 1988 248 2024 λὴμ
260 1988 307 2015 καὶ
323 1988 467 2024 Σαμάρεια
488 1987 555 2023 πρὸς
572 1987 637 2022 μίαν
661 1986 710 2022 τὴν
728 1986 784 2013 ἄνω
805 1986 982 2022 Ἰερουσαλὴμ

193 2036 366 2070 συνάγονται,
381 2035 430 2061 καὶ
450 2035 500 2061 οὐκ
523 2033 562 2060 ἔτι
586 2033 704 2064 Παύλου,
726 2033 773 2060 καὶ
793 2032 923 2065 Ἀπολλὼ,
935 2032 982 2061 καὶ

193 2082 285 2117 Κηφᾶ,
298 2082 368 2117 ὑπὲρ
380 2077 428 2112 ὧν,
443 2081 488 2108 καὶ
505 2080 567 2107 καθ’
586 2077 623 2107 ὢν
636 2081 653 2116 ἡ
668 2079 801 2115 φυσίωσις
816 2079 865 2115 (6),
881 2079 981 2111 πάντες

192 2127 220 2154 δὲ
239 2126 356 2154 Χριστοῦ
372 2127 470 2160 γεγόνα
475 2135 533 2161 μεν.

228 2321 282 2348 “ll
305 2323 369 2350 Cor.
394 2330 431 2354 vr,
453 2322 480 2349 7.
519 2322 540 2338 ³⁷
564 2322 641 2349 Rom.
657 2329 683 2353 v,
708 2321 734 2348 5.
773 2322 795 2337 ⁸⁸
819 2321 899 2348 Prov.
924 2329 961 2353 nt,
988 2320 1016 2347 2.

1033 277 1130 309 fertur,
1144 283 1264 308 curram,
1277 280 1304 303 et
1318 275 1419 303 labenti
1447 283 1555 303 manum
1569 276 1745 310 porrigam,et
1757 283 1818 302 cum

1034 322 1144 350 inﬁrmo
1159 322 1319 349 inﬁrmitate
1336 321 1447 353 alliciar.
1460 325 1488 349 et
1502 329 1563 348 cum
1582 320 1660 348 ﬁrmo
1671 326 1699 348 et
1713 321 1819 348 valente

1033 369 1178 403 gaudeam,
1191 367 1343 402 persuadet.
1360 367 1426 394 Cum
1443 367 1493 394 hoe
1509 367 1578 393 idem
1598 366 1663 393 mihi
1693 367 1779 400 patria
1791 371 1819 394 et

1033 419 1144 442 externa
1160 413 1234 448 regio
1256 417 1309 446 est,
1335 420 1367 439 ac
1392 412 1512 439 locorum
1528 412 1653 444 mutatio,
1668 412 1817 439 alienorum

1033 467 1120 494 aeque,
1135 468 1189 486 non
1209 465 1297 486 autem
1316 466 1450 486 meorum.
1474 458 1523 486 Hic
1547 458 1612 485 mihi
1635 459 1749 485 mundos
1761 458 1818 485 dis-

1034 507 1142 541 tinguit,
1160 511 1241 541 alque
1255 506 1289 532 ab
1306 505 1392 532 altero
1415 505 1560 532 abductum
1584 505 1663 531 alteri
1687 504 1817 539 adjungit.

1031 551 1081 578 Hie
1097 559 1139 579 Ine
1151 557 1178 578 et
1193 558 1239 586 per
1258 550 1355 578 dextra
1378 549 1490 584 iustitia:
1515 556 1590 576 arma
1607 550 1630 565 "
1656 549 1749 584 dirigit
1768 550 1818 576 mi-

1032 598 1104 624 nime
1117 604 1160 624 me
1179 597 1356 629 ell‘erentem,
1371 601 1398 623 et
1426 597 1452 623 in
1474 596 1593 623 sinistris
1608 600 1635 622 et
1651 596 1755 630 asperis
1775 604 1819 622 ret

1031 643 1082 670 bus
1099 650 1202 669 mecum
1220 641 1435 677 philosophatur,
1461 648 1535 676 spem
1557 648 1617 675 quae
1633 648 1685 668 non
1705 640 1819 668 confun-

1030 688 1070 715 dit
1088 688 1120 720 ν’,
1133 688 1292 719 adnectens,
1317 695 1349 714 ac
1369 694 1488 721 praesens
1514 694 1561 722 per
1577 687 1696 714 futurum
1713 686 1816 714 levans.

1032 731 1087 759 Hoc
1099 740 1170 759 nune
1183 733 1265 759 etiam
1281 733 1383 759 amicos
1400 739 1475 759 meos
1499 736 1526 760 et
1541 732 1640 759 fratres
1656 732 1772 766 excipio,
1786 739 1818 760 ac

1031 776 1191 804 rationalem
1221 784 1343 804 mensam
1371 784 1492 812 propono
1516 777 1549 810 ³⁸,
1570 781 1596 804 et
1623 777 1762 811 spirituale
1785 784 1818 804 ac

1031 830 1152 858 perenne
1172 823 1298 858 poculum
1321 826 1429 855 statuo;
1452 831 1504 850 non
1527 830 1558 850 ea
1589 823 1686 857 quibus
1709 828 1816 850 terrena

1033 870 1090 896 haec
1107 877 1200 896 mensa
1216 869 1315 902 ventri,
1328 869 1373 904 qui
1386 869 1533 896 destruitur
1549 869 1582 901 ",
1596 876 1645 896 nec
1669 869 1757 896 curari
1774 876 1818 904 po-

993 914 1015 942 Β
1030 919 1093 948 test,
1108 915 1256 942 blanditur.

1067 982 1122 1010 Vll.
1144 983 1239 1015 Tacui,
1254 990 1317 1009 num
1333 983 1413 1010 etiam
1435 989 1542 1017 semper
1559 981 1673 1010 tacebo?
1695 982 1816 1009 Sustinui

1031 1029 1100 1056 sicut
1117 1030 1224 1062 pariens
1240 1029 1278 1061 ‘°,
1294 1037 1356 1055 nttm
1369 1030 1396 1055 in
1413 1034 1573 1063 perpetuum
1586 1029 1744 1056 sustinebo?
1760 1029 1819 1056 Ete-

1032 1075 1086 1102 nim
1104 1075 1243 1102 Zaeharia:
1261 1075 1370 1109 quidem
1394 1075 1532 1102 silentium
1559 1075 1647 1102 editus
1673 1075 1699 1101 in
1729 1075 1817 1103 lucem

1031 1119 1148 1147 Joannes
1162 1119 1243 1146 solvit
1257 1120 1291 1150 δ’,
1304 1126 1354 1145 nec
1370 1119 1441 1146 enim
1465 1118 1547 1146 Vocis
1565 1123 1721 1153 patretn,ea
1737 1119 1819 1153 prod-

1031 1171 1123 1199 eunte,
1143 1166 1226 1193 silere
1248 1165 1457 1198 conveniebat;
1474 1172 1567 1192 verum
1591 1169 1621 1192 ut
1646 1173 1697 1191 non
1714 1166 1817 1193 credita

1031 1211 1150 1246 linguam
1164 1211 1376 1242 constrinxerat,
1392 1210 1427 1237 ita
1437 1210 1518 1238 etiam
1536 1219 1641 1245 mqnum
1655 1216 1725 1243 erat,
1737 1211 1816 1247 183

1032 1261 1062 1285 ut
1075 1257 1210 1285 declarata
1225 1257 1376 1284 libertatem
1393 1258 1464 1291 patri
1477 1257 1564 1290 daret,
1588 1257 1631 1284 cui
1656 1260 1817 1284 annuutiata

1032 1302 1131 1334 fuerat,
1146 1307 1263 1336 nataque
1279 1306 1320 1329 est
1334 1309 1386 1329 vox
1403 1306 1429 1328 et
1443 1301 1563 1335 lucerna,
1588 1302 1666 1328 Verbi
1684 1301 1818 1336 Lucisque

1032 1349 1141 1385 praevia.
1156 1348 1218 1375 Mihi
1235 1356 1298 1375 vero
1313 1348 1410 1383 linguae
1422 1348 1558 1375 vinculum
1571 1349 1700 1381 solvit,ac
1714 1356 1816 1380 vocem,

1033 1393 1103 1420 tuba:
1130 1392 1227 1424 instar,
1259 1391 1356 1418 attollit
1382 1399 1501 1426 prazscns
1519 1393 1692 1425 beneﬁcium,
1709 1398 1736 1420 et
1761 1393 1818 1428 pul-

1033 1438 1198 1466 cherrimum
1212 1438 1263 1465 hoc
1291 1438 1436 1470 theatrum,
1454 1437 1500 1464 Dei
1522 1438 1581 1471 lilii,
1606 1439 1653 1473 qui
1675 1440 1749 1473 prius
1762 1439 1818 1467 dis-

1032 1485 1104 1519 persi
1125 1490 1296 1517 erant,nuue
1323 1485 1349 1512 in
1376 1492 1458 1511 unttm
1487 1485 1642 1520 congregati
1668 1485 1702 1516 δ’,
1721 1491 1747 1512 et
1767 1487 1817 1513 sub

1033 1531 1129 1558 iisdem
1148 1531 1198 1558 alis
1214 1531 1427 1564 requiescentes,
1439 1535 1521 1566 atque
1533 1531 1559 1558 iu
1575 1531 1684 1558 domum
1701 1532 1747 1559 Dei
1756 1540 1818 1560 con-

997 1583 1020 1612 ο
1037 1577 1217 1606 sentientibus
1241 1577 1340 1604 animis
1358 1577 1527 1605 ambulantes
1536 1577 1570 1609 “,
1585 1585 1693 1611 unoque
1710 1578 1818 1606 virtutis

1032 1631 1064 1651 ac
1081 1624 1199 1658 Spiritus
1211 1627 1342 1650 concentu
1366 1623 1438 1650 inter
1466 1631 1495 1650 se
1511 1625 1660 1650 concordes
1682 1633 1689 1652 :
1705 1626 1814 1658 quando

1032 1679 1086 1698 non
1097 1670 1152 1704 jam
1173 1670 1217 1697 alii
1230 1672 1361 1697 adversus
1388 1670 1456 1697 alios
1472 1669 1553 1697 dictis
1581 1669 1694 1696 factisve
1715 1678 1817 1704 pugna-

1033 1724 1103 1748 mus,
1127 1724 1142 1742 a
1162 1723 1246 1751 pravo
1267 1716 1312 1743 illo
1333 1715 1489 1750 usqueach
1517 1716 1634 1750 decepti,
1661 1716 1702 1742 vel
1715 1716 1815 1748 coacti,

1033 1768 1114 1797 atque
1131 1763 1156 1789 iu
1172 1770 1203 1789 ea
1222 1762 1355 1797 caligine,
1376 1770 1457 1796 quam
1486 1762 1543 1796 ipse
1570 1762 1647 1789 nobis
1675 1762 1815 1794 excitavit,

1033 1813 1122 1836 mente
1137 1813 1265 1843 tanquam
1279 1808 1384 1842 sagittis
1414 1807 1577 1841 quihusdam
1594 1807 1712 1840 conﬁxi;
1736 1811 1817 1842 atque

1032 1861 1085 1889 quo
1099 1854 1180 1880 verbo
1193 1854 1321 1880 utendum
1340 1853 1384 1883 sit,
1410 1852 1512 1885 nescio,
1534 1852 1653 1879 utetiam
1666 1860 1698 1879 ex
1713 1853 1816 1880 mutuis

1033 1898 1111 1924 malis
1128 1897 1292 1930 voluptatem
1310 1904 1481 1931 caperemus,
1500 1904 1588 1930 neque
1600 1897 1665 1923 illud
1675 1897 1815 1923 existima-

1032 1949 1132 1974 remus,
1149 1947 1268 1968 mutuam
1279 1941 1459 1973 eversionem,
1482 1942 1564 1969 totius
1589 1943 1710 1976 corporis
1732 1941 1800 1968 detri

1033 1993 1152 2015 mentum
1168 1995 1200 2014 ac
1215 1987 1363 2022 perniciem
1379 1994 1439 2014 esse
1454 1996 1461 2014 :
1478 1987 1586 2022 quando
1603 1986 1686 2014 Judas
1699 1987 1816 2015 ctlsrael

1032 2033 1213 2070 principatum
1235 2041 1317 2060 unum
1331 2034 1382 2061 sibi
1398 2039 1499 2068 ponunt
1511 2033 1544 2066 “,
1563 2042 1593 2061 ac
1608 2033 1774 2061 Hierusalem
1788 2039 1816 2061 et

1033 2079 1156 2106 Samaria
1169 2080 1203 2106 ad
1221 2086 1302 2106 unatn
1327 2086 1473 2114 supernam
1500 2079 1666 2106 Hierusalem
1685 2079 1815 2115 colligunt-

1034 2130 1089 2157 tur,
1107 2133 1157 2152 nec
1168 2124 1224 2158 jam
1246 2124 1332 2156 Pauli,
1345 2129 1373 2151 et
1397 2125 1502 2159 Apollo,
1515 2131 1542 2152 et
1556 2125 1655 2159 (Iephte
1668 2125 1690 2141 "
1709 2130 1815 2160 propter

1033 2179 1112 2206 quos,
1130 2176 1156 2198 et
1170 2172 1203 2198 de
1214 2172 1313 2206 quibus
1326 2171 1489 2198 inﬂabantur
1508 2171 1603 2205 animi,
1616 2171 1814 2199 verumChristi

1034 2225 1129 2246 omnes
1140 2217 1204 2245 facti
1216 2225 1321 2245 sumus.

1055 2320 1096 2347 ³⁸1
1117 2320 1180 2348 Cor.
1204 2328 1241 2352 Vl,
1255 2319 1299 2347 15.
1338 2320 1413 2347 “lsa.
1431 2328 1497 2353 xut,
1511 2320 1555 2347 14.
1594 2320 1615 2336 ⁸·
1633 2320 1698 2347 Luc.
1727 2329 1746 2352 ι,
1767 2320 1812 2349 20.

194 2358 217 2374 “
239 2356 316 2384 JOan.
331 2366 367 2390 χι,
384 2358 428 2385 52.
465 2357 488 2373 "
502 2356 573 2385 Psal.
592 2365 646 2389 LIV,
660 2357 703 2383 l5.
742 2356 765 2376 ⁸⁸
780 2356 841 2384 05c.
857 2365 877 2389 ι,
897 2357 939 2383 ll.
979 2359 982 2369 λ

1044 2355 1106 2384 Cor.
1134 2363 1175 2387 ιιι,
1191 2355 1216 2382 4.

231 2438 287 2474 (94)
306 2438 517 2474 Συνασθενεῖν.
538 2447 548 2464 ι
566 2437 632 2466 Cum
650 2437 755 2465 inﬁrmo
773 2437 894 2465 inﬁrmus
910 2437 961 2465 sim

195 2473 330 2500 inﬁrmum
343 2481 386 2500 me
403 2473 554 2500 exhibeam.
576 2483 585 2498 ι

230 2508 286 2544 (95)
312 2509 388 2544 Ἀλλ’
405 2509 460 2535 οὐκ
473 2506 560 2544 ἐμῶν.
578 2507 644 2541 Reg.
661 2508 707 2544 hu,
720 2507 843 2544 καὶούκ.

230 2543 286 2577 (96)
305 2543 360 2570 Καὶ
374 2543 572 2577 τραχυτέροις.
589 2543 668 2569 Deest
687 2543 713 2570 in
728 2543 810 2569 Coisl.
826 2543 852 2570 l.

207 2577 286 2617 _(97)
308 2578 350 2611 Τῷ
372 2577 527 2613 μέλλοντι.
555 2586 565 2604 ι
589 2577 684 2604 Futuri
708 2584 756 2611 spe
783 2582 810 2605 et
835 2582 976 2614 exspecta-

193 2616 275 2639 tione.
293 2623 303 2640 ι

229 2647 286 2683 (98)
307 2648 478 2683 Προτίθημι,
503 2653 556 2676 etc.
579 2647 776 2683 «VSermonum
808 2648 973 2682 spiritualem

195 2690 315 2718 [neltsam
345 2691 460 2718 appono.
486 2693 496 2710 ι
525 2684 570 2711 Sic
595 2682 715 2710 Nobilius
742 2690 776 2710 ex
803 2684 977 2716 Symmacho,

195 2717 276 2754 Prov.
302 2726 339 2749 ιχ.
361 2719 457 2754 2,]ώί
475 2719 556 2746 semel
578 2723 610 2754 et,
627 2718 722 2754 iterum
743 2718 907 2754 προσέθηκε,
932 2726 981 2753 pro

195 2752 341 2788 προέθηκε.
360 2753 387 2781 lu
402 2753 467 2788 Reg.
482 2761 506 2786 a.
519 2755 593 2782 deest
605 2753 726 2788 λογικήν.

242 2787 297 2823 99)
310 2787 460 2815 Ἀἐνναοφί
474 2788 539 2822 Reg.
553 2789 610 2821 bm,
625 2794 650 2814 et
664 2787 748 2814 Coisl.
764 2787 790 2819 1,
803 2788 909 2815 ἀέναον.

246 2823 271 2856 l)
294 2823 326 2850 Ἡ
337 2823 424 2850 κάτω.
440 2833 449 2848 ι
468 2823 597 2851 Terrena.
615 2833 624 2849 I
645 2822 749 2853 Dillius,
772 2833 781 2848 ι
798 2824 916 2852 inferior.
934 2833 942 2848 ι

205 2857 271 2928 illi)
295 2857 372 2886 Ὠσεὶ
383 2859 535 2886 τίκτουσα.
552 2858 764 2894 ηεε.,ίιυ.(;οἱει.
783 2858 808 2892 l,
824 2859 909 2887 Oxon.
933 2859 979 2887 0r.

276 2511 286 2614 ξ

231 2787 241 2891 ἓ

1027 2438 1040 2443 ”
1062 2438 1100 2473 (5)
1119 2438 1226 2473 Λόγου.
1244 2438 1367 2473 Reggaa,
1385 2442 1410 2463 et
1423 2438 1471 2473 bu,
1486 2437 1533 2463 τοῦ
1551 2437 1649 2471 Λόγου.

1064 2471 1102 2508 (4)
1122 2471 1386 2507 Διέσκορπισμένα.
1421 2471 1489 2499 Tres
1517 2472 1605 2506 Colb.,
1637 2473 1685 2500 0r.
1712 2478 1767 2501 etc.
1782 2473 1816 2499 τὰ

1027 2508 1265 2542 διεσκορπισμένα.

1064 2543 1102 2578 (5)
1122 2544 1177 2570 Kal
1194 2542 1472 2575 κατατοξευθέντες.
1482 2542 1556 2578 illam
1570 2547 1597 2568 ct
1619 2543 1757 2576 sequentia
1769 2551 1816 2571 ns—

1027 2577 1125 2641 qptbad
1141 2578 1222 2609 ὥστε,
1246 2583 1310 2611 etc.,
1323 2579 1418 2605 desunt
1438 2579 1463 2605 in
1481 2577 1546 2611 Reg.
1569 2578 1625 2609 bm,
1637 2578 1721 2605 tribus
1738 2578 1814 2606 Colb.

1027 2621 1040 2641 e
1094 2621 1115 2640 r.

1026 2618 1052 2641 et
1069 2618 1115 2641 Ut‘.

1064 2648 1102 2682 (6)
1128 2647 1218 2681 ’Υπὲρ
1229 2644 1283 2680 ὧν,
1299 2649 1348 2674 καὶ
1362 2648 1425 2674 καθ’
1440 2645 1493 2678 ὧν,
1512 2652 1566 2674 etc.
1584 2656 1593 2672 ι
1610 2647 1646 2674 De
1664 2647 1760 2682 quibus
1773 2648 1815 2674 in-

1031 2681 1113 2715 ﬂatio,
1130 2688 1156 2709 et
1175 2684 1251 2717 cujus
1270 2682 1417 2710 inﬂationis
1441 2683 1477 2709 illi
1502 2681 1618 2709 occasio.
1638 2692 1646 2707 ι
1665 2681 1721 2709 Hoc
1743 2682 1814 2709 enim

1032 2725 1111 2745 sensu
1127 2717 1271 2745 IEseltines
1285 2722 1311 2745 et
1330 2718 1523 2745 Demosthenes
1538 2717 1577 2743 usi
1590 2721 1662 2748 sunt,
1679 2717 1814 2751 etpassim

1034 2757 1144 2780 utuntur
1159 2753 1301 2788 dialectici.
1312 2751 1368 2780 Non
1379 2753 1458 2788 igitur
1469 2752 1537 2779 bene
1549 2751 1669 2782 Billius.«
1684 2752 1816 2788 adversus

1032 2796 1109 2823 quos,
1126 2797 1135 2813 ι
1153 2795 1201 2814 nec
1214 2786 1418 2819 Lenvenklain's,
1433 2797 1443 2812 ι
1457 2791 1548 2814 eontra
1563 2786 1811 2823 quos.»—tNam,:

1031 2820 1062 2887 lljl.
1080 2824 1115 2850 ait
1131 2823 1210 2857 Elias,
1227 2833 1235 2849 ι
1255 2830 1317 2858 pars
1333 2823 1457 2858 quaelibet
1479 2830 1528 2856 pro
1545 2820 1593 2850 suo
1609 2820 1812 2852 doctore"inﬂa-

1050 2865 1117 2886 :itur.
1136 2868 1145 2884 ι

1050 2865 1117 2886 :itur.
1136 2868 1145 2884 ι
