2069 3131
287 159 341 188 ’158

886 156 914 183 S.
937 156 1103 185 GREGORH
1122 156 1298 185 THEOLOGI

1854 158 1907 186 756

289 220 358 244 tura:
368 220 410 242 est
423 218 451 242 et
467 213 592 241 humana:
604 212 852 248 inﬁrmitatis,qute
867 220 974 247 omnes,
989 215 1071 242 etiam
1087 239 1089 245 ,

1141 215 1217 250 οινῆς
1245 214 1369 248 φύσεως,
1394 213 1503 249 καὶτῆς
1529 213 1670 245 ἀσθενείας
1696 214 1746 250 τῆς
1769 215 1905 251 ἀνθρωπίσ

290 262 380 289 animo
392 264 420 288 et
435 267 549 294 corpore
562 259 870 294 valentissimos,attigit
883 268 890 292 ;
901 261 971 294 quod
982 265 1071 287 autem

292 306 415 334 morbum
429 305 620 339 depulerimus,
638 308 727 339 {atque
745 305 779 331 ad
810 306 982 332 concordiam
1004 306 1074 332 inter

291 358 342 378 nos
357 350 528 382 redierimus,
554 350 581 376 id
595 350 706 376 rationis
734 357 832 377 munus
861 354 913 382 est,
929 351 1074 385 gratiaque

292 396 399 428 divinte,
410 404 471 431 qua:
491 395 601 430 pulchre
611 400 638 422 et
650 402 736 429 teque,
749 403 780 422 ac
794 395 888 423 melius
901 403 980 430 quam
996 401 1073 430 opta-

293 441 389 468 bamus
414 445 460 468 aut
471 441 518 468 alii
534 440 653 468 futurum
669 440 827 476 sperabant,
839 446 1075 468 causamuostram

293 487 464 522 disceptavit.

328 531 374 559 XI.
397 531 464 559 Nam
480 536 506 559 et
522 539 571 559 nos
584 532 646 558 data
662 532 781 567 praecisa:
807 531 877 566 parti
892 531 990 566 capita,
1005 531 1078 559 velut

293 585 344 613 pro
358 578 468 612 pietate,
495 582 577 611 atque
603 577 636 604 ad
662 583 743 604 rectae
779 577 907 604 doctrinae
932 577 1079 604 laborantis

295 623 443 650 subsidium
456 623 609 657 designata,
625 630 687 650 cum
713 622 810 658 gaudio
837 624 1016 657 suscepimus,
1031 630 1080 650 nec

295 671 326 694 ut
341 667 432 695 hostes
443 667 608 702 defugimus,
624 675 718 694 verum
734 673 762 694 ut
774 667 884 700 fratres,
898 668 943 702 qui
962 667 1081 696 fraterne

297 713 419 748 quidem,
432 721 485 741 non
503 721 566 741 vero
580 714 714 741 malitiose
728 722 777 748 pro
794 719 908 748 paterna
925 714 1082 741 haereditate

298 757 436 793 paululum
452 759 665 791 contendissent,
683 759 801 794 amplexi
816 766 929 786 sumus:
957 764 1039 792 atque
1053 762 1083 786 ut

298 803 406 831 illorum
421 803 616 831 dissensionem
631 804 838 838 haudquaquam
856 804 1034 836 laudavimus,
1047 804 1082 830 ita

1123 270 1182 296 νης,
1199 261 1217 295 ἠ
1233 260 1289 295 (55)
1306 260 1414 286 πάντων
1430 260 1556 292 ἅπτεται,
1574 261 1621 287 καὶ
1639 261 1691 287 τῶν
1713 261 1772 288 λίαν
1791 262 1908 298 ἰσχυρῶν

1123 307 1154 333 τὸ
1171 307 1250 341 σῶμα
1265 307 1312 332 καὶ
1332 305 1380 341 τὴν
1394 305 1529 332 διάνοιαν·
1546 306 1576 333 τὸ
1589 307 1618 333 δὲ
1635 307 1844 342 θεραπευθῆναι,
1861 309 1909 336 καὶ

1126 353 1194 388 πρὸς
1222 352 1353 383 ἀλλήλους
1374 352 1531 378 ἐπανελθεῖν
1554 352 1622 387 (56),
1642 353 1689 379 τοῦ
1710 353 1839 388 λογισμοῦ
1862 355 1909 380 καὶ

1125 399 1175 433 τῆς
1191 398 1310 434 χάριτος,
1331 398 1348 432 ῆ
1367 397 1456 429 καλῶς
1477 399 1542 433 ἡμῖν
1558 398 1613 433 (57)
1631 400 1679 425 κει)¹
1697 399 1910 434 δικαίωςὲϐρά-

1127 444 1222 475 ΰευσε,
1247 444 1295 470 καὶ
1311 445 1435 478 κρεῖττον
1454 444 1471 478 ἢ
1489 444 1559 470 κατὰ
1579 444 1628 476 τὰς
1650 444 1786 480 ἡμετέρας
1810 445 1909 480 εὐχὰς,

1127 491 1174 517 κα).
1187 490 1237 522 τὰς
1251 490 1305 516 τῶν
1319 490 1406 516 ἄλλων
1422 490 1540 522 ἐλπίδας.

1164 537 1216 565 lA’.
1241 538 1336 572 Ἡμεῖς
1362 545 1391 562 τε
1418 535 1473 572 γὰρ
1502 536 1552 568 τὰς
1577 536 1702 568 δοθείσας
1725 537 1764 572 τῷ
1789 537 1912 572 τμήματι

1129 582 1260 617 κεφαλὰς,
1281 583 1319 613 ὡς
1337 582 1408 618 ὑπὲρ
1428 581 1568 612 εὐσεῦεἱας
1595 581 1848 617 καινοτομηθείσας,
1866 582 1913 608 καὶ

1130 630 1170 660 εἰς
1185 628 1310 664 βοήθειαν
1324 627 1370 654 τοῦ
1389 627 1469 664 ὀρθοῦ
1490 628 1569 661 λόγου
1591 628 1756 662 κάμνοντος,
1776 628 1804 654 ὲν
1823 629 1913 663 χάριτι

1131 672 1344 708 προσηκάμεθα,
1366 673 1412 699 καὶ
1436 673 1485 707 οὐχ
1500 673 1536 703 ὡς
1559 672 1672 707 ἐχθροὺς
1689 672 1913 708 ἀπεστράφημεν,

1131 718 1188 744 ἀλλ’
1211 718 1248 749 ὡς
1282 717 1412 751 ἀδελφοὺς
1451 717 1688 753 περιεπτυξὰμεθα
1721 717 1817 753 μικρὸν
1845 718 1915 753 ὑπὲρ

1133 763 1233 799 κλήρου
1255 763 1388 798 πατρικοῦ
1409 763 1606 794 στασιάσαντας
1632 763 1790 797 ἀδελφικῶς,
1812 763 1870 790 ἀλλ’
1885 764 1915 789 οὐ

1133 808 1274 844 πονηρῶς·
1293 809 1340 836 καί¹
1358 809 1408 844 τῆς
1425 808 1473 844 μὲν
1488 808 1587 844 ἔχθρας
1605 809 1654 835 οὐκ
1669 808 1850 844 ἐπῃνέσαμεν,
1868 809 1912 835 τοῐ

298 856 408 876 rursum
422 856 514 876 eorum
532 850 618 877 zelum
633 850 881 884 comprobavimus;
899 850 994 877 melior
1009 851 1081 877 enim

1140 853 1215 889 ζήλου
1236 854 1265 880 δὲ
1293 854 1501 889 ἀπεδεξάμεθα’
1526 854 1660 889 κρείσσων
1688 854 1743 889 γὰρ
1777 854 1916 889 ὲμπαθοῦς.

299 898 340 921 est
352 895 488 921 contentio
502 895 608 929 pietatis
623 902 702 922 causa
715 899 850 929 suscepta,
877 903 957 930 quam
981 896 1079 923 vitiosa

1140 899 1261 934 ὃμονοίας
1283 900 1300 934 ἡ
1316 899 1386 934 ὑπὲρ
1402 899 1457 934 (58)
1480 899 1618 931 εὐσεϐείας
1636 899 1774 932 διάστασις
1785 906 1792 912 ·
1808 900 1855 926 καὶ
1874 900 1910 926 διὶ

301 941 457 968 concordia.
474 941 513 968 Ac
528 941 641 974 proinde
667 941 873 968 subductionem
899 942 980 977 186
996 949 1085 969 acces-

302 986 406 1014 sionem
423 991 544 1013 nostram
557 986 680 1019 fecimus,
707 987 850 1014 consilium
880 988 1021 1014 adversum
1038 995 1087 1014 nos

301 1032 397 1059 initum
412 1031 546 1059 charitale
558 1032 770 1065 dissimulantes,
796 1038 877 1066 atque
903 1034 1025 1060 ordinem
1042 1041 1088 1060 ea-

302 1082 379 1104 tenus
405 1078 590 1109 immutantes,
616 1083 644 1105 ut
671 1086 722 1105 non
753 1079 913 1106 electionem
929 1079 1087 1112 gratimscd

301 1122 417 1157 gratiam
431 1123 529 1150 electio
543 1129 714 1158 sequeretur.
739 1131 854 1158 eamque
871 1124 904 1151 ad
921 1131 975 1150 rem
992 1124 1088 1150 alienis

302 1168 429 1195 manibus
454 1173 602 1202 uteremur,
631 1169 767 1203 paululum
791 1169 919 1204 quiddam
945 1177 959 1196 a
985 1169 1087 1203 Spiritu

301 1214 440 1250 praeventi.
454 1213 488 1241 Et
500 1221 557 1247 vos,
571 1222 688 1246 rursum,
699 1215 803 1249 ahjecta
821 1215 932 1241 sinistra
953 1221 984 1241 ea
1000 1215 1089 1248 suspi-

304 1262 392 1294 cione,
409 1268 491 1296 quam
506 1262 636 1296 scriptum
654 1261 720 1288 illud
743 1261 840 1288 afferre
857 1262 953 1295 potuit,
974 1262 1006 1288 ad
1035 1262 1088 1295 spi-

304 1307 386 1335 ritum
399 1308 670 1342 accurristis;atqne
693 1312 722 1334 ut
746 1307 947 1342 simplicitatem
970 1312 1088 1334 nostram

305 1353 340 1381 ob
355 1360 416 1380 eum
428 1360 551 1385 sensum,
562 1361 643 1387 quem
657 1354 739 1380 verba
758 1360 812 1386 pra:
838 1360 867 1379 se
885 1352 1016 1385 ferebant,
1041 1353 1090 1379 mio

306 1399 381 1427 nime
394 1399 540 1435 probastis,
555 1399 590 1426 ita
608 1400 772 1434 impietatem
799 1399 877 1426 nobis
894 1407 1030 1433 nunquam
1043 1400 1091 1426 ob-

303 1444 426 1480 iecistis:
453 1453 546 1472 verum
575 1451 743 1480 perspectum
761 1445 901 1477 habuistis,
925 1445 1086 1472 Trinitatem

306 1491 378 1525 apud
391 1498 440 1518 nos
455 1491 558 1518 firmam
574 1496 601 1518 et
617 1492 766 1524 immotam,
782 1499 835 1517 non
856 1492 945 1518 minus
967 1499 1047 1526 quam
1063 1492 1089 1517 in

307 1543 356 1563 sua
367 1540 462 1563 natura
473 1544 593 1569 manere,
609 1545 641 1564 ac
656 1537 733 1564 nobis
751 1538 820 1564 idem
830 1537 907 1571 plane
919 1545 988 1570 esse,
998 1537 1090 1564 Trium

307 1581 404 1609 borum
418 1581 519 1617 aliquid
536 1583 694 1616 praecidere,
721 1587 768 1609 ant
784 1583 951 1615 ahalienare,
964 1583 1034 1617 quod
1054 1588 1091 1610 to-

298 1623 366 1654 'tum
379 1628 549 1661 submovere,
566 1637 597 1655 ac
612 1629 645 1655 de
660 1629 749 1655 medio
778 1629 880 1661 tollere,
910 1629 1035 1663 nudoque
1049 1636 1092 1656 ca-

310 1672 367 1708 pite
381 1673 510 1700 adversus
526 1673 696 1700 divinitatem
712 1674 844 1708 grassari.
869 1675 958 1708 Atque
973 1674 1040 1706 hare,
1051 1674 1091 1700 vi-

311 1723 392 1753 gente
404 1719 486 1746 etiam
502 1719 560 1754 ipso
576 1719 687 1746 dissidio
704 1724 796 1747 muttto
816 1720 849 1747 de
865 1720 955 1752 nobis,
969 1720 1090 1754 quando-

300 1770 366 1809 Ique
378 1768 406 1791 et
419 1764 488 1799 apud
501 1764 631 1799 quosdam
641 1765 775 1797 homines,
788 1765 1011 1798 pra-dicabamns,
1021 1765 1091 1799 quod

300 1809 417 1837 'scilicet
430 1809 577 1837 maximum
588 1811 670 1837 etiam
686 1810 810 1837 veritatis
825 1815 1012 1844 argumentum
1025 1815 1095 1842 erat;

312 1855 411 1891 quippe
421 1863 482 1883 cum
499 1856 554 1891 ipsa
567 1863 600 1883 ne
613 1864 628 1883 a
645 1862 766 1891 tempore
792 1856 900 1890 quidem
930 1856 1095 1889 vinceretur,

314 1908 365 1929 nec
379 1901 530 1933 inimicitia,
551 1901 692 1928 charitatis
701 1901 769 1934 ejus,
790 1908 850 1935 quae
879 1900 907 1927 in
934 1901 1011 1928 nobis
1028 1905 1096 1933 erat,

315 1947 460 1983 igniculum
483 1955 594 1982 prorsus
620 1948 830 1982 exstingueret:
859 1951 1000 1980 propterea
1027 1948 1097 1982 quod

316 1993 404 2026 nobis,
418 1993 499 2021 etiam
513 1994 718 2026 dissidentibus,
735 1994 772 2026 id,
789 1993 860 2028 quod
873 1993 1019 2020 maximum
1029 1997 1097 2025 erat,

315 2037 443 2066 nimirum
459 2039 553 2068 eadem
568 2040 600 2067 de
613 2040 666 2068 ﬁde
681 2039 815 2067 sententia
830 2039 941 2066 suberat
955 2047 962 2071 ;
974 2039 1100 2074 illiusque

314 2085 393 2114 nobis
409 2087 511 2114 conscii
529 2094 648 2120 eramus,
665 2094 714 2114 nos
732 2087 758 2114 in
788 2086 910 2113 veritatis
924 2086 1031 2120 negotio
1049 2086 1098 2113 ini-

1136 945 1214 972 τοῦτο
1240 946 1398 981 προσθήκην
1421 945 1522 972 ἑαυτῶν
1545 946 1600 980 (59)
1628 946 1677 981 τὴν
1701 945 1844 981 ὑφαίρεσιν
1871 954 1906 972 πε

1136 991 1288 1026 ποιήμεθα,
1315 990 1460 1025 κλέψαντες
1485 990 1581 1025 ἀγάπῃ
1602 990 1652 1025 τὴν
1679 990 1738 1016 καθ’
1755 990 1833 1025 ἡμῶν
1858 990 1904 1016 ὲπί

1137 1045 1209 1063 νοιαν
1224 1036 1289 1072 (40),
1312 1036 1359 1062 καὶ
1381 1035 1506 1063 τοσοῦτον
1527 1036 1577 1070 τῆς
1599 1035 1700 1068 τάξεως
1716 1035 1920 1068 ἐναλλάξαντες,

1137 1083 1198 1108 ὅσον
1217 1082 1252 1117 μὴ
1269 1083 1301 1117 τῇ
1327 1082 1408 1116 ψήφῳ
1431 1081 1480 1116 τὴν
1504 1081 1584 1116 χάριν
1605 1080 1801 1115 ἀκολουθῆσαι,
1823 1080 1871 1115 τὴν
1892 1080 1921 1106 δὲ

1137 1127 1227 1162 ψῆφον
1240 1128 1273 1162 τῇ
1291 1126 1393 1162 χάριτι,
1414 1126 1461 1152 καὶ
1482 1126 1575 1161 χερσὶν
1591 1125 1742 1160 ἀλλοτρίαις
1760 1126 1799 1157 εἰς
1820 1124 1922 1160 ταύτην

1139 1173 1372 1209 προσχρήσασθαι,
1397 1172 1494 1208 μικρόν
1519 1180 1545 1198 τι
1570 1171 1773 1207 προληφθέντες
1799 1171 1851 1197 ὑπὸ
1874 1171 1921 1197 τοῦ

1140 1220 1313 1254 Πνεύματος·
1329 1220 1408 1253 ὑμεῖς
1422 1227 1461 1251 τε,
1475 1218 1524 1254 τὴν
1539 1217 1609 1244 κατὰ
1625 1217 1671 1244 τοῦ
1689 1217 1850 1252 γράμματος
1865 1216 1921 1252 (ιι)

1139 1264 1252 1299 ἀφέντες
1274 1264 1412 1294 ὑπόνοιαν,
1431 1262 1470 1298 τῷ
1490 1263 1624 1298 πνεύματι
1639 1262 1855 1298 πῳσεδράμετε·
1872 1263 1922 1297 τῆς

1141 1310 1190 1345 μὲν
1202 1309 1353 1343 ἁπλότητος
1365 1309 1414 1335 οὐκ
1434 1309 1625 1340 ἐπαινέσαντες
1644 1308 1690 1334 ἐπὶ
1708 1307 1746 1343 τῷ
1767 1307 1922 1343 φαινομένῳ

1139 1356 1192 1382 τῶν
1209 1356 1348 1390 ῥημάτων,
1370 1355 1498 1382 ἀσέϐειαν
1523 1355 1555 1381 δὲ
1575 1355 1624 1381 οὐκ
1650 1355 1825 1390 ὲννοήσαντες
1844 1353 1920 1388 (42)-

1140 1400 1196 1427 ἀλλ’
1219 1400 1329 1432 εἰδότες,
1353 1400 1393 1426 ὃτι
1410 1400 1534 1431 ἀπτωτος
1552 1400 1618 1435 παρ’
1639 1400 1705 1435 ἡμῖν
1729 1400 1745 1434 ἡ
1766 1399 1851 1434 Τριὰς
1877 1398 1923 1425 καὶ

1141 1447 1297 1478 ἀσάλευτος,
1313 1446 1389 1473 οὐδέν
1404 1454 1436 1480 γε
1449 1444 1530 1482 ἦττον
1543 1446 1559 1481 ἢ
1579 1445 1634 1480 (45)
1651 1446 1680 1471 ὲν
1696 1445 1765 1480 αὐτῇ
1783 1446 1816 1480 τῇ
1831 1444 1923 1479 φύσει,

1141 1493 1188 1519 καὶ
1209 1492 1240 1518 τὸ
1256 1492 1402 1527 περικόψαι
1417 1500 1444 1518 τι
1470 1491 1523 1518 τῶν
1545 1491 1626 1527 τριῶν
1641 1491 1658 1526 ἢ
1674 1490 1842 1524 ἀποξενῶσαι
1868 1491 1924 1517 ἴσον

1141 1539 1206 1573 ἡμῖν
1227 1538 1273 1564 καὶ
1290 1537 1320 1564 τὸ
1336 1538 1389 1563 πᾶν
1407 1538 1521 1569 ἀνελεῖν,
1544 1537 1674 1564 καὶκατὰ
1690 1536 1780 1571 πάσης
1801 1536 1926 1571 χωρῆσαι

1142 1585 1231 1618 γυμνῇ
1253 1591 1283 1609 τε
1312 1583 1367 1618 (ΑΗ)
1396 1583 1500 1619 κεφαλῇ
1523 1583 1572 1618 τῆς
1598 1582 1733 1617 θεότητος.
1760 1582 1815 1608 Καὶ
1839 1581 1926 1608 ταῦτα

1142 1630 1207 1664 παρ’
1233 1628 1316 1664 αὐτὴν
1341 1629 1463 1664 ἀλλήλων
1493 1626 1770 1664 ὑπεραπολογούμεθα
1795 1626 1850 1662 (45)
1877 1626 1926 1661 τὴν

1141 1675 1290 1706 διάστασιν,
1321 1674 1394 1701 ἐστιν
1427 1675 1471 1701 ὅτε
1503 1674 1549 1701 καὶ
1584 1674 1648 1710 παρ’
1679 1671 1720 1705 οἷς
1761 1671 1926 1708 ἀνθρώπων,

1144 1721 1211 1754 ὅπερ
1231 1719 1287 1754 (ἄϐ)
1307 1720 1339 1754 δὴ
1359 1719 1405 1746 καὶ
1436 1720 1563 1754 μέγιστος
1584 1719 1633 1754 τῆς
1652 1718 1780 1754 ἀληθείας
1805 1718 1926 1753 ἐλεγχος,

1144 1766 1204 1792 οὐδὲ
1225 1765 1276 1792 ὑπὸ
1300 1764 1348 1791 τοῦ
1369 1765 1466 1800 καιροῦ
1493 1764 1657 1800 νικωμένης,
1677 1765 1737 1791 οὐδὲ
1758 1764 1807 1799 τῆς
1829 1762 1929 1798 ἔχθρας

1146 1810 1285 1842 παντελῶς
1303 1810 1349 1837 τὸν
1375 1809 1509 1845 σπινθῆρα
1525 1810 1574 1845 τῆς
1592 1811 1620 1836 ἐν
1636 1810 1699 1845 ἡμῖν
1718 1809 1826 1843 ἀγάπης
1843 1816 1928 1834 κατα-

1145 1857 1278 1892 λυούσης’
1302 1857 1342 1883 ὅτι
1361 1857 1391 1882 τὸ
1411 1855 1539 1892 μέγιστον
1563 1856 1633 1890 ὑπῆν
1657 1856 1723 1890 ἡμῖν
1748 1855 1794 1881 καὶ
1819 1854 1930 1880 στασιά-

1146 1903 1237 1936 ζουσιν
1256 1903 1430 1939 ὴὸμοδοξία,
1449 1903 1496 1929 καὶ
1517 1903 1547 1928 τὸ
1572 1902 1720 1928 συνειδέναι
1745 1902 1782 1937 μὴ
1806 1900 1931 1936 ἑτεροζυ-

1146 1949 1223 1983 γοῦσι
1245 1949 1308 1985 περ).
1325 1949 1380 1984 (47)
1407 1949 1456 1984 τὴν
1478 1948 1615 1984 ἀλήθειαν,
1646 1947 1706 1983 μηδ’
1730 1947 1785 1982 (48)
1802 1946 1930 1978 ἐναντίως

1146 1993 1343 2029 διακειμένοις,
1369 1993 1436 2020 ἀλλά
1460 1993 1499 2028 τῷ
1525 1992 1599 2028 αὐτῷ
1633 1993 1789 2028 χαρακτῆρι
1825 2000 1929 2027 μεμορν

1149 2040 1282 2076 φωμὲνοις
1297 2040 1345 2076 τῆς
1373 2040 1503 2072 πίστεως,
1518 2039 1564 2066 καὶ
1587 2041 1636 2075 τῆς
1659 2039 1769 2074 πρώτης
1793 2038 1873 2074 ἡμῶν
1888 2038 1932 2064 ὲλ-

1149 2086 1235 2117 πίδος.

351 2177 407 2213 (55)
432 2178 636 2213 Ἀνθρῳπίνης,
654 2178 682 2211 ἦ.
700 2178 746 2206 Sic
760 2178 842 2213 ﬂegg.
860 2185 887 2210 a,
898 2177 954 2211 bm,
971 2182 998 2206 et
1010 2176 1057 2205 0r.
1074 2177 1086 2205 l

1153 2177 1298 2212 Gregorius
1323 2177 1422 2213 senior,
1441 2176 1654 2213 subscripserat;
1680 2183 1772 2203 verum
1796 2175 1930 2213 subtiliori

315 2211 386 2248 Εὐίιὶ
398 2211 471 2248 vero,
488 2212 668 2248 ἀνθρωπίνης,
683 2213 711 2248 ἥ.

352 2247 480 2309 (ξφῦζιῐρὶ
495 2247 569 2282 πρὸς
586 2247 741 2282 ἀλλήλους
758 2247 945 2275 ἐπανελθεῖν.
970 2247 1032 2275 llaec
1047 2255 1099 2274 non

352 2291 383 2309 I'I
433 2292 438 2308 Ι
462 2303 469 2309 .

316 2283 397 2310 vertit
411 2283 469 2309 Bill.

351 2317 410 2353 (57)
428 2318 462 2344 Ἦ
472 2317 571 2350 καλῶς
587 2318 668 2353 ἡμῖν,
683 2323 734 2346 etc.
751 2319 796 2346 Sic
811 2319 892 2353 llegg.
908 2319 996 2351 a,hm,
1010 2317 1060 2346 0r.
1071 2316 1099 2343 ln

316 2352 413 2389 βάξικῇ
431 2352 520 2389 καλῶς
535 2353 582 2389 καὶ
591 2352 702 2389 δικαίως
712 2355 786 2389 ἡμῖν.

350 2386 412 2424 (58)
427 2387 595 2424 νὈμοκοιας,
609 2388 628 2421 ὴ
639 2386 727 2424 ὺπέρξ
734 2386 784 2416 ’διο
794 2389 860 2424 Reg.
874 2389 919 2421 hu,
935 2393 962 2415 et
974 2387 1020 2416 0r.
1034 2388 1059 2414 Ι.
1072 2386 1100 2414 ln

317 2422 406 2458 editis,
421 2423 546 2458 ὁμονοίας
559 2423 576 2457 ἦ
593 2423 672 2458 ὑπέρ.

351 2456 407 2492 (59)
424 2456 604 2491 Προσθήκὴν
611 2456 735 2490 ἐαὺτῶν,
746 2463 797 2486 etc.
813 2458 1014 2485 decessionem
1025 2465 1100 2485 suam

317 2491 401 2520 fec’iti
420 2492 566 2527 Gregorius
580 2493 680 2525 senior,
693 2500 754 2520 cum
770 2494 929 2520 dissidentes
944 2494 1099 2523 monachos,

317 2532 344 2555 et
355 2534 402 2555 eos
417 2535 450 2554 ex
470 2527 545 2561 ipsis,
564 2528 621 2561 qni,
649 2535 746 2562 praeter
773 2529 856 2561 ipsius
883 2529 1057 2558 voluntatem,
1075 2532 1102 2554 et

317 2565 412 2590 contra
436 2562 613 2590 ecclesiastici
633 2563 744 2590 canonis
765 2563 965 2597 praescriptum,
989 2563 1102 2589 alterius

317 2597 435 2632 episcopi
450 2597 579 2632 suffragio
599 2599 754 2625 sacerdotes
779 2598 897 2624 ordinati
918 2597 1035 2630 fuerant,
1052 2597 1100 2625 be-

319 2632 400 2673 nigne
418 2632 595 2673 lubenterque
608 2636 668 2673 post
691 2633 805 2673 reditum
829 2633 856 2659 in
869 2633 1040 2673 concordiam
1057 2639 1103 2673 re-

318 2666 401 2701 cepit,
420 2671 501 2702 atque
524 2666 648 2694 etiamin
664 2668 815 2695 sacerdotes
830 2668 948 2702 agnovit.
963 2667 1100 2700 Quamob-

321 2709 378 2729 rem
406 2711 415 2728 ι
439 2701 493 2730 non
507 2702 665 2730 electionem
678 2702 774 2737 gratia,
801 2701 857 2729 sed
870 2704 983 2736 gratiam
1006 2701 1102 2730 electio

320 2742 411 2772 secuta
430 2743 492 2770 est;
510 2746 519 2762 ι
536 2737 598 2772 quia
622 2738 760 2770 nimirum,
779 2745 830 2764 nou
854 2737 954 2772 proprii
981 2737 1100 2771 episcopi

321 2771 450 2808 suffragio
460 2771 555 2808 delecti
578 2772 693 2808 fuerant,
709 2772 770 2800 licet
786 2777 888 2807 postea,
906 2771 1016 2799 reddita
1037 2779 1102 2806 pace

322 2806 569 2842 perindulgentiam
588 2807 702 2842 probati.

358 2841 413 2875 (ιο)
438 2841 600 2869 Ἐπινοιανζ
624 2851 632 2867 ι
650 2841 791 2869 Sinistram
809 2841 998 2875 suspicionem.
1020 2852 1028 2868 I

356 2875 414 2912 (ιι)
432 2877 511 2904 Κατὰ
527 2876 579 2904 τοῦ
596 2876 771 2912 γράμματος.
787 2877 908 2910 lntelligit
918 2877 1047 2910 scriptum
1058 2877 1101 2904 cui

1154 2210 1234 2239 sensu
1253 2212 1347 2239 alludit
1364 2212 1397 2239 ad
1417 2212 1474 2239 haec
1489 2210 1570 2239 verba
1588 2220 1594 2238 :
1617 2210 1718 2238 Littera
1747 2211 1852 2243 occidit,
1879 2215 1930 2237 etc.

1154 2247 1194 2281 (II
1211 2247 1273 2275 Cor.
1300 2255 1340 2279 Ill,
1356 2247 1394 2282 6),
1425 2247 1544 2280 adeoque
1566 2246 1734 2282 vertendum.
1763 2253 1837 2282 «vos
1852 2253 1931 2282 vero,

1151 2280 1232 2309 missa
1249 2282 1349 2311 littera.
1365 2280 1424 2316 qua:
1440 2289 1549 2316 pravam
1575 2281 1753 2316 suspicionem
1780 2280 1882 2314 injecit,
1898 2281 1932 2305 ad

1151 2317 1273 2351 spiritum
1286 2315 1459 2351 conliigistis;
1480 2325 1489 2341 ι
1508 2316 1534 2343 id
1548 2320 1598 2348 est,
1616 2325 1625 2341 ε
1641 2316 1674 2343 ad
1686 2315 1814 2342 latentem
1829 2315 1878 2342 sub
1893 2315 1934 2341 lit-

1151 2356 1206 2379 tera
1221 2352 1355 2384 pietatem.
1371 2361 1380 2376 ι

1186 2387 1243 2421 (42)
1269 2386 1495 2419 Ἑννοήσαντες.
1511 2395 1521 2412 ι
1543 2384 1698 2418 Cogitastis.
1715 2395 1724 2411 ι
1738 2385 1820 2412 Coisl.
1844 2384 1870 2414 l,
1889 2386 1934 2421 ἐν·

1152 2419 1323 2453 καλέσαντες.
1347 2421 1413 2456 Reg.
1437 2422 1489 2453 hu,
1513 2422 1547 2448 ad
1573 2429 1658 2456 marg.
1676 2429 1721 2455 no.
1747 2421 1793 2447 καὶ
1819 2419 1933 2454 ἐγκαλέ-

1152 2465 1257 2488 σαντες.

1186 2492 1241 2527 (45)
1262 2488 1367 2519 Ἠττον
1387 2491 1417 2525 ἤ.
1434 2490 1479 2518 Sic
1496 2491 1580 2526 Regg.
1598 2497 1624 2524 a,
1641 2491 1697 2523 bm,
1713 2490 1760 2522 hu,
1773 2489 1819 2518 οι.
1835 2490 1862 2517 ιιι
1877 2489 1935 2517 edi-

1151 2528 1243 2597 mli?)
1253 2561 1358 2597 Γυμνῇ
1365 2570 1405 2589 τε.
1417 2561 1536 2595 Rngiu,
1552 2566 1606 2597 tres
1618 2561 1708 2593 Colb.,
1719 2561 1778 2597 Οι·.ἓ
1792 2561 1880 2597 γυμνῇ
1889 2561 1933 2597 τῇ.

1186 2595 1241 2634 (45)
1259 2595 1578 2634 Ὑπὶερὰπρλοτςύμεθα.
1590 2596 1638 2634 Qr.
1647 2595 1934 2634 ὑπεραπελογούμζεθατ

1186 2630 1242 2668 (46)
1263 2630 1360 2667 Ὅπερ.
1386 2630 1567 2667 Οι-ᾘῶσπερ.
1591 2631 1672 2659 Herv.
1699 2630 1794 2665 ὅσπερ.
1824 2640 1832 2655 ‹
1859 2630 1935 2662 Quod

1153 2669 1298 2695 maximum
1312 2668 1367 2702 jam
1385 2672 1439 2694 tum
1459 2672 1646 2700 argumentum
1665 2671 1734 2698 erat,
1755 2672 1804 2692 nec
1816 2673 1852 2702 Va;
1866 2671 1935 2702 tem-

1153 2711 1217 2736 pore
1231 2700 1339 2737 quidem
1356 2703 1454 2730 victam
1475 2709 1536 2729 esse
1551 2702 1702 2731 veritatem,
1724 2707 1773 2737 nec
1798 2700 1937 2737 abininii-
1979 2711 1984 2717 -

1153 2735 1213 2764 citia
1225 2735 1484 2772 eistinctospenitus
1498 2744 1557 2764 esse
1569 2737 1649 2768 illius,
1662 2743 1722 2770 qua:
1735 2736 1761 2762 in
1775 2735 1852 2763 nobis
1866 2739 1935 2765 crat,

1153 2773 1292 2799 charitatis
1310 2772 1451 2806 igniculos.
1469 2781 1478 2797 ι

1187 2808 1243 2842 (Π)
1262 2808 1342 2841 Περί.
1358 2807 1425 2842 Reg.
1442 2807 1557 2838 hu,0r.,
1574 2806 1660 2834 Oxon.
1672 2806 1753 2842 77196;.

1188 2843 1243 2878 (48)
1263 2842 1347 2876 Μηδ”.
1366 2841 1449 2878 Roga.
1467 2850 1492 2875 a,
1509 2841 1608 2874 htt,0r.
1632 2841 1707 2876 μηδὲ.
