2069 3131
337 158 390 187 739

939 157 967 185 S.
989 157 1154 186 GBEGORH
1175 158 1344 188 TIIEOLOGI

1907 159 1961 190 7th

337 217 430 245 verius
441 216 545 255 loquar,
566 222 582 243 a
597 215 689 250 seipse
701 215 789 250 caligo
803 215 930 243 eﬂ'ectus.
945 216 1050 252 Reliqui
1063 225 1126 244 vero

1178 218 1272 244 ἑαυτοῦ
1299 218 1458 253 γενόμενος·
1476 219 1500 244 οἱ
1523 218 1551 244 δὲ
1576 218 1665 244 λοιποὶ
1692 218 1816 252 μένουσιν
1841 220 1887 246 ἐπὶ
1909 219 1961 257 τῆς

337 265 366 292 in
380 271 430 291 sua
443 263 572 298 dignitate
585 266 726 297 perstant,
744 262 821 296 cujus
847 263 965 297 primum
984 263 1047 290 illud
1071 269 1124 296 est,

337 310 409 345 quod
425 309 512 344 pacati
540 313 603 336 sunt
619 315 650 335 ac
664 309 770 335 dissidii
785 314 923 343 expertes,
939 309 1037 344 quippe
1052 310 1124 344 quia

338 358 434 382 sancta
459 357 486 381 et
509 351 642 382 laudanda
665 351 801 380 Triuitate
827 354 878 380 hoc
905 355 1079 388 acceperint,
1097 359 1126 381 ut

338 406 421 427 unum
437 398 502 431 sint,
517 398 742 433 quemadmodum
756 400 829 426 etab
839 399 933 426 eadem
952 399 1126 426 illumiuatio-

338 452 400 472 nem
412 449 587 480 acceperunt.
600 443 667 471 Nam
684 448 712 471 et
726 444 771 471 illa
788 444 858 472 Deus
871 452 940 472 unus
953 450 994 472 est
1005 466 1012 477 ,
1022 451 1050 472 et
1066 453 1126 473 esse

339 491 470 523 creditur,
485 497 537 518 non
549 490 639 517 minus
653 495 763 524 propter
774 491 958 522 concordiam,
973 499 1051 525 quam
1064 499 1126 526 pro—

339 540 397 571 pter
413 535 536 565 eamdem
548 535 710 574 essentiam.
726 535 819 570 Itaque
833 544 929 564 omnes
941 537 957 563 ii
969 557 976 568 ,
993 536 1038 571 qui
1053 536 1126 571 pacis

338 583 438 610 bonum
455 582 664 616 amplectuntur,
678 581 758 616 eique
775 582 940 609 contrariam
961 582 1125 611 discordiam

339 633 367 658 et
381 628 541 656 seditionem
555 627 661 655 infense
674 627 790 662 oderunt
803 647 810 660 ,
828 627 863 655 ad
881 628 963 655 Deum
979 633 1007 655 et
1021 628 1126 657 divinas

340 678 448 702 mentes
460 674 594 701 accedunt
610 683 616 700 :
630 673 675 708 qui
689 681 752 701 vero
770 674 906 702 bellicosis
917 679 979 702 sunt
993 675 1126 707 moribus,

340 725 368 748 et
381 721 479 748 famam
491 720 612 748 novitate
624 725 734 754 captant
746 740 754 753 ,
771 726 854 754 atque
877 720 1023 755 ignominia
1047 721 1128 755 188

341 773 389 794 sua
401 766 562 801 gloriantur,
579 766 720 792 adversam
735 770 838 800 partem
851 765 1047 799 amplexantur.
1061 765 1127 792 Nam

342 811 388 839 ille
400 818 507 846 quoque
521 815 546 838 et
564 818 655 838 secum
670 811 727 845 ipse
747 815 860 845 pugnat,
875 814 902 837 et
921 810 972 838 hoc
987 810 1075 844 ipsum
1099 811 1126 837 iu

342 857 413 889 aliis,
427 862 482 884 tum
500 856 641 891 multiplici
657 857 747 890 specie
760 875 767 888 ,
785 862 841 883 tum
861 856 965 883 vitiosis
984 858 1127 891 perturba-

1176 264 1278 290 ἑαυτῶν
1300 264 1387 297 ἀξίας,
1401 263 1434 301 ἧς
1453 265 1559 300 πρῶτον
1572 265 1602 292 τὸ
1618 266 1754 301 είρηναῑον
1769 267 1816 293 καὶ
1831 267 1962 296 ἀστασία-

1177 318 1250 341 στον,
1268 310 1298 336 τὸ
1312 310 1341 336 ἒν
1361 309 1429 337 εἶναι
1449 311 1577 342 λαϐόντες
1592 311 1667 346 παρὰ
1688 311 1738 345 τῆς
1754 312 1899 348 ἐπαινετῆς
1914 314 1961 341 καὶ

1176 356 1257 389 ἁγίας
1284 357 1414 392 Τριάδος,
1441 357 1505 392 παρ’
1522 355 1555 392 ἦς
1583 357 1630 383 καὶ
1656 357 1704 392 τὴν
1724 357 1865 392 ἓλλαμψιν.
1885 359 1962 386 Ἐπεὶ

1175 402 1289 436 κάκείνη
1309 399 1350 434 εἷς
1372 402 1436 434 Θεός
1455 402 1512 429 ἐστί
1527 411 1555 429 τε
1572 403 1619 429 καὶ
1634 400 1703 428 εἶναι
1727 403 1895 436 πιστεύεται,
1912 405 1962 440 οὐχ

1176 444 1257 482 ἦττον
1274 447 1317 474 διὰ
1340 447 1389 482 τὴν
1411 448 1537 482 ὁμόνοιαν
1561 448 1578 482 ἢ
1604 447 1653 482 τὴν
1678 449 1727 483 τῆς
1751 449 1844 480 οὐσίας
1864 450 1963 476 ταυτό-

1175 501 1244 528 τητα
1254 494 1309 529 (60)
1321 502 1327 509 ·
1338 494 1407 520 ὥστε
1415 494 1482 520 Θεοῦ
1497 495 1546 530 μὲν
1555 495 1601 521 κα).
1611 495 1664 522 τῶν
1674 495 1753 522 θείων
1762 496 1854 530 ἐγγὺς,
1861 489 1920 523 ὅσοι
1932 497 1963 523 τὸ

1175 539 1224 573 τῆς
1244 539 1355 575 εἰρήνης
1374 539 1475 574 ἀγαθὸν
1497 540 1680 575 ἀσπαζόμενοι
1694 542 1844 575 φαίνονται,
1861 543 1908 568 καὶ
1922 542 1963 578 τῷ

1176 584 1288 620 ἐναντίῳ
1304 587 1336 620 τῇ
1362 585 1454 612 στάσει
1471 585 1687 621 ἀπεχθανόμενοί
1702 595 1732 612 τε
1747 587 1794 613 καὶ
1819 587 1963 623 δυσχεραί-

1176 639 1283 662 νοντεςν
1299 631 1348 666 τῆς
1368 631 1389 657 δ’
1409 631 1464 667 (61)
1483 632 1673 667 ἀντικειμένης
1689 632 1796 668 μερίδος
1815 633 1871 659 ὅσοι
1889 634 1965 660 πολε⁴

1179 676 1253 710 μικοὶ
1273 676 1319 702 τὸν
1333 677 1443 712 τρόπον,
1460 677 1507 704 καὶ
1524 677 1554 704 τὸ
1568 677 1709 712 εὐδόκιμον
1721 678 1760 712 τῷ
1774 678 1859 713 καινῷ
1875 679 1964 714 θηρώ-

1179 730 1270 756 μενοι,
1296 723 1344 749 καὶ
1365 725 1397 758 τῇ
1427 723 1530 750 ἑαυτῶν
1565 723 1678 759 αἰσχύνῃ
1711 724 1962 760 καλλωπιζόμενοι·

1177 768 1239 794 ἐπεὶ
1257 767 1312 803 (62)
1330 770 1454 802 κάκεῖνος
1474 769 1554 801 αὑτός
1569 779 1598 796 τε
1614 770 1752 801 στασιάζει
1768 771 1835 806 πρὸς
1856 772 1962 804 ἑαυτὸ-ιε

1178 814 1225 840 καὶ
1240 814 1278 849 τῷ
1293 815 1434 847 πολυειδεῖ,
1449 816 1496 842 καὶ
1511 818 1568 848 τοῖς
1584 816 1692 848 πάθεσι,
1707 818 1758 844 κάν
1781 819 1838 849 τοῖς
1861 818 1962 850 ἄλλοις.

1177 860 1260 886 more
1283 860 1337 895 (65)
1359 861 1436 888 τοῦτο
1462 862 1584 897 ἐνεργεῖ,
1609 862 1646 893 ὡς
1668 862 1891 897 ἀνθρωποκτόνος
1914 864 1962 890 ἀπ’

343 903 462 931 tionibus
482 903 586 938 (utpote
597 903 632 930 ab
650 902 728 930 initio
739 907 766 929 et
784 902 918 930 homicida
931 922 939 934 ,
961 907 989 929 et
1002 902 1063 930 boni
1077 902 1128 929 iui-

1181 905 1266 940 ἀρχῆς
1282 907 1329 932 καὶ
1348 907 1501 941 μισόκαλος,
1517 907 1550 933 ἵν’
1566 907 1621 942 (64)
1638 909 1666 934 ἐν
1682 909 1835 944 σκοτομήνῃ
1849 917 1964 936 κατατο-

341 949 606 984 micus),operatur,
626 953 657 976 ut
669 955 812 975 commune
835 947 964 974 Ecclesia
979 955 1077 982 corpus
1102 948 1128 974 in

342 995 452 1023 occulto
469 995 590 1031 sagittet,
603 994 653 1022 sub
668 993 810 1022 seditionis
825 994 942 1028 caligine
957 1001 1019 1021 sese
1033 993 1128 1020 occul-

343 1046 402 1069 tans
413 1050 422 1074 ;
435 1041 661 1076 quemadmodum
675 1060 683 1073 ,
702 1040 729 1067 ni
743 1039 832 1071 lallor,
847 1039 881 1066 ad
911 1046 1130 1074 unumquemque

343 1092 465 1115 nostrum
483 1086 602 1121 captiose
616 1091 645 1113 ut
660 1086 806 1120 pluritnum
821 1093 852 1112 ac
869 1084 983 1112 subdole
1009 1085 1123 1117 accedit,

342 1141 375 1161 ac
394 1133 477 1160 velut.
502 1133 591 1160 locum
613 1131 719 1166 sibiipsi
735 1131 827 1158 l'urtitu
841 1131 976 1165 aperiens,
1000 1134 1030 1158 ut
1045 1135 1128 1164 totus,

343 1187 397 1207 non
416 1186 495 1207 secus
508 1185 539 1206 ac
552 1183 680 1205 strenuus
695 1177 830 1212 quispiam
842 1182 870 1204 et
882 1176 960 1204 fortis
976 1176 1090 1205 bellator
1101 1177 1128 1204 in

342 1225 570 1259 exercitumwet:
580 1222 723 1258 disjectatu
738 1222 808 1250 muri
822 1227 988 1257 pauenraut
1002 1223 1128 1250 hostilem

343 1271 441 1302 aciem,
457 1271 599 1304 irrumpat.

381 1316 451 1344 XIV.
463 1317 551 1350 Atque
568 1316 620 1343 hoc
631 1323 712 1342 unum
723 1319 775 1348 est,
789 1319 817 1343 et
832 1315 940 1351 quidem
956 1314 1021 1347 tale,
1037 1320 1064 1341 ut
1080 1321 1130 1342 nos

343 1363 378 1390 ad
401 1362 596 1390 benevolentiae
611 1362 820 1396 concordimque
839 1362 957 1389 studium
977 1362 1130 1388 necessario

345 1409 481 1436 adducere
498 1409 605 1441 debeat,
618 1409 744 1435 nimirum
759 1408 805 1435 Dei
820 1415 852 1435 ae
868 1415 1027 1442 superorum
1040 1407 1130 1434 imita-

345 1454 404 1488 (in,
423 1455 450 1482 in
469 1461 528 1489 qua:
545 1453 603 1481 sola
623 1454 723 1481 animae
738 1453 771 1480 ad
787 1454 833 1481 Dei
850 1454 994 1488 imaginem
1009 1459 1108 1481 creata.-
1120 1473 1129 1486 ,

344 1502 445 1530 intueri
474 1506 559 1528 ttttum
583 1505 637 1533 est,
652 1504 682 1528 ut
709 1507 758 1536 per
787 1500 993 1535 propensionem
1019 1500 1053 1527 ad
1080 1507 1129 1532 ca,

345 1553 475 1584 quantum
487 1547 538 1582 ipsi
552 1546 659 1581 assequi
678 1547 768 1579 datur,
784 1550 866 1580 atque
880 1553 973 1574 eorum
995 1546 1127 1573 imitatio-

345 1601 408 1621 nem
424 1614 432 1624 ,
455 1593 622 1620 nobilitatem
648 1592 705 1624 ipsa
733 1599 809 1619 suam
839 1595 940 1618 sariam
975 1595 1128 1624 tectumque

1181 1546 1251 1569 αυτά
1277 1546 1408 1574 νεύσεως,
1426 1546 1473 1569 καὶ
1499 1546 1537 1574 ὡς
1567 1546 1678 1577 ἐφικτὸν
1706 1546 1863 1579 ὁμοιώσεως
1887 1546 1914 1578 (6

1180 1588 1303 1624 δεύτερον
1322 1589 1349 1615 δὲ
1364 1589 1419 1624 (70)
1438 1589 1632 1624 ἀναϐλέψωμεν
1649 1591 1688 1622 εἰς
1704 1591 1748 1617 τὸν
1767 1590 1880 1624 οὐρανὸν
1897 1591 1914 1617 ἄ

1147 1591 1172 1620 (ί,
1180 1591 1303 1624 δεύτερον
1322 1591 1349 1615 δὲ
1364 1591 1419 1624 (70)
1438 1591 1632 1625 ἀναϐλέψωμεν
1649 1591 1688 1622 εἰς
1704 1591 1748 1617 τὸν
1767 1591 1880 1626 οὐρανὸν
1897 1591 1963 1622 ἄνω,

345 1601 408 1621 nem
424 1614 432 1626 ,
455 1593 622 1620 nobilitatem
648 1592 705 1627 ipsa
733 1599 809 1619 suam
839 1595 940 1618 sariam
975 1595 1129 1625 tectumque

345 1644 463 1667 tueatur.
473 1638 595 1665 Alterum
608 1642 660 1671 est,
674 1642 702 1664 ut
712 1637 809 1665 divinae
822 1638 882 1664 voci
899 1637 1128 1672 obtemperantes,

345 1686 372 1713 in
388 1684 486 1712 ctelum
504 1691 612 1711 sursum
626 1703 633 1716 ,
649 1688 678 1711 et
699 1683 727 1710 iu
743 1686 845 1710 terram
871 1682 995 1710 deorsum
1013 1683 1129 1717 aSpicia-

332 1735 406 1758 'mus
418 1730 452 1762 ",
467 1734 548 1764 atque
562 1729 732 1757 conditarum
745 1735 833 1755 rerum
846 1727 918 1762 leges
933 1727 1130 1754 animadverta-

344 1783 405 1803 mus
420 1783 428 1803 :
446 1775 670 1810 quemadmodum
689 1774 819 1801 videlicet
834 1773 943 1806 caelum,
965 1779 992 1800 et
1007 1777 1089 1805 terra,
1101 1777 1129 1800 et

344 1830 430 1856 mare,
447 1829 479 1850 ac
491 1822 608 1856 denique
630 1821 775 1848 universus
788 1820 833 1848 hic
851 1820 978 1853 mundus,
994 1827 1129 1854 magnum,

345 1869 467 1903 inquam,
481 1868 531 1896 hoc
543 1873 570 1895 et
584 1867 693 1896 celebre
716 1867 764 1894 Dei
786 1867 960 1899 elementum,
977 1874 1030 1900 quo
1048 1866 1130 1892 etiam

345 1914 416 1942 Deus
432 1914 596 1946 declaratur,
614 1913 752 1948 tacitaque
768 1921 833 1940 voce
851 1913 1026 1948 praedicatur,
1042 1919 1130 1946 quan-

345 1960 402 1993 diu,
418 1967 509 1987 secum
523 1965 634 1995 pacatus
647 1965 674 1987 et
688 1959 850 1994 tranquillus
864 1963 915 1989 est.
931 1966 1014 1992 seque
1028 1964 1132 1984 natura:

346 2013 404 2032 sua:
418 2005 517 2033 ﬁnibus
533 2006 655 2033 continet
665 2026 673 2037 ,
688 2012 738 2032 nec
752 2004 898 2038 quidquam
919 2004 1049 2030 adversus
1063 2001 1131 2029 alte-

347 2058 407 2078 rum
435 2051 562 2084 insurgit,
580 2055 663 2085 atque
677 2057 709 2077 ex
724 2050 758 2076 iis
773 2048 969 2076 benevolentia:
994 2048 1110 2075 vinculis
1123 2068 1130 2080 ,

347 2099 445 2133 quibus
473 2097 507 2124 ab
531 2097 635 2124 artiﬁce
654 2095 742 2123 Verbo
768 2103 857 2123 rerum
876 2095 1040 2122 universitas
1065 2102 1131 2122 con-

346 2144 440 2171 stricta
452 2148 502 2175 est,
518 2143 634 2171 excedit.
651 2142 766 2169 mundus
783 2148 846 2168 vere
859 2146 909 2172 est,
924 2145 951 2167 ut
966 2140 1129 2174 appellatur,

345 2195 373 2217 et
387 2188 604 2223 incomparabilis
619 2187 810 2222 pulchritudo.
826 2193 876 2214 nec
893 2186 998 2220 aliquid
1011 2193 1129 2221 unquam

1179 950 1243 986 ξεύῃ
1264 951 1294 977 τὸ
1307 952 1396 979 κοινὸν
1412 952 1492 988 σῶμα
1511 953 1559 988 τῆς
1579 953 1751 989 Ἐκκλησίας,
1765 955 1803 990 τῷ
1820 955 1893 990 ζόφῳ
1913 956 1963 990 τῆς

1180 996 1300 1028 στάσεως
1316 998 1410 1024 ἑαυτὸν
1427 998 1600 1034 ἑγκρύπτων,
1618 999 1712 1036 ὥσπερ
1728 997 1821 1035 οἶμαι,
1843 1001 1889 1027 καὶ
1907 1003 1964 1032 τοῖς

1179 1041 1238 1068 καθ’
1264 1042 1378 1069 ἕκαστον
1407 1044 1530 1079 πρόσεισι
1557 1045 1719 1079 σοφιστικῶς
1749 1045 1782 1072 τὰ
1806 1045 1890 1072 πολλά
1916 1049 1964 1072 καὶ

1179 1087 1356 1122 πανούργως,
1382 1089 1428 1115 καὶ
1459 1088 1515 1116 οἷον
1542 1090 1633 1125 χώραν
1658 1091 1686 1116 ἐν
1717 1091 1784 1125 ἡμῖν
1810 1090 1965 1124 ὑπανοίγιω

1179 1132 1267 1168 ἑαυτῷ
1288 1133 1333 1160 διὰ
1346 1134 1394 1169 τῆς
1412 1135 1519 1170 τέχνης,
1535 1135 1567 1161 ἵν’
1581 1135 1648 1166 ὅλως
1663 1135 1718 1171 (65)
1733 1136 1856 1171 εἰσπέσῃ,
1879 1137 1950 1162 καυά

1180 1186 1232 1213 περ
1248 1179 1376 1214 ἀριστεὺς
1391 1180 1497 1215 στρατῴ
1523 1180 1579 1216 (66)
1601 1181 1671 1207 κατὰ
1686 1181 1715 1207 τὸ
1733 1181 1964 1216 παραρρηγνύμε-

1180 1232 1224 1250 νον
1237 1224 1283 1251 τοῦ
1297 1225 1398 1260 τειχίου
1412 1225 1428 1261 ἢ
1444 1226 1493 1261 τῆς
1509 1226 1697 1261 παρατάξεως.

1146 1304 1178 1327 \
1215 1313 1264 1340 Μ’.
1287 1313 1334 1338 Ἓν
1368 1313 1417 1348 μὲν
1446 1313 1478 1348 δὴ
1504 1312 1592 1344 τοῦτο,
1620 1314 1667 1340 καὶ
1691 1313 1817 1340 τοσοῦτον
1846 1313 1886 1345 εἰς
1917 1315 1963 1340 εὑ-

1179 1358 1252 1390 νοίας
1275 1358 1330 1394 (67)
1347 1367 1376 1385 τε
1398 1359 1445 1385 καὶ
1465 1359 1623 1399 συμφωνίας
1648 1359 1810 1394 ἀνάγκην,ή
1832 1360 1899 1386 Θεοῦ
1917 1361 1964 1386 καὶ

1180 1405 1234 1431 τῶν
1260 1405 1339 1431 θείων
1365 1406 1421 1440 (68)
1446 1405 1575 1440 μίμησις·
1594 1405 1662 1441 πρὸς
1683 1406 1700 1432 ἃ
1721 1406 1829 1441 βλέπειν
1845 1406 1963 1440 ἀσφαλὲς

1182 1451 1250 1485 μόνα
1270 1451 1317 1485 τὴν
1334 1451 1394 1478 κατ’
1410 1452 1501 1477 εἰκόνα
1515 1451 1581 1478 Θεοῦ
1594 1452 1744 1487 γενομένην
1763 1451 1861 1486 ψυχὴν,
1882 1453 1914 1478 ἵν’
1926 1451 1964 1484 ὡς

1182 1497 1297 1532 μάλιστα
1313 1497 1344 1523 τὸ
1365 1497 1474 1532 εὐγενὲς
1494 1498 1561 1532 αὐτῇ
1582 1497 1746 1533 διισώζηται
1761 1498 1805 1525 διὰ
1821 1498 1871 1533 τῆς
1896 1499 1965 1533 πρὸς

1181 1542 1251 1569 αὑτά
1277 1542 1408 1574 νεύσεως,
1426 1543 1473 1569 καὶ
1499 1543 1537 1574 ὡς
1567 1544 1678 1577 ἐφικτὸν
1706 1543 1863 1579 ὁμοιώσεως
1887 1544 1962 1578 (69)-

1181 1635 1227 1660 καὶ
1241 1635 1281 1666 εἱς
1296 1634 1344 1669 τὴν
1359 1635 1409 1669 γῆν
1427 1636 1510 1669 κάτω,
1525 1635 1600 1667 Θείας
1615 1636 1705 1671 φωνῆς
1716 1637 1880 1669 ἀκούσαντες
1896 1637 1963 1671 (7i),

1181 1680 1228 1706 καὶ
1241 1680 1440 1716 καταμάθωμεν
1460 1681 1558 1715 νόμους
1577 1683 1704 1713 κτίσεως·
1723 1683 1764 1709 ὅτι
1777 1683 1902 1718 οὐρανὸς,
1917 1684 1965 1710 καὶ

1180 1726 1233 1761 γῆ,
1257 1727 1303 1753 καὶ
1319 1726 1449 1760 Θάλασσα,
1472 1727 1519 1754 καὶ
1538 1729 1552 1754 ό
1569 1727 1679 1762 σύμπας
1697 1725 1773 1760 οὗτος
1797 1729 1915 1763 κόσμος,
1935 1729 1965 1755 τὸ

1183 1773 1253 1807 μέγα
1269 1773 1315 1799 τοῦ
1335 1773 1402 1800 Θεοῦ
1422 1776 1550 1809 στοιχεῖον
1568 1775 1615 1801 καὶ
1635 1775 1804 1810 περιὸὁητον,
1822 1773 1844 1808 ᾧ
1858 1775 1904 1801 καὶ
1915 1775 1965 1810 δη-

1181 1817 1273 1845 λοῦται
1289 1819 1355 1850 Θεδς
1379 1821 1467 1855 σιωπῇ
1490 1819 1699 1855 κηρυττόμενος,
1723 1821 1774 1852 ἕως
1791 1821 1840 1855 μὲν
1865 1821 1964 1846 εὐστα-

1181 1866 1223 1891 θεί
1247 1865 1302 1900 (γε)
1325 1866 1372 1892 καὶ
1397 1866 1530 1901 sim-vadat
1552 1867 1618 1902 πρὸς
1640 1867 1745 1898 ἑαυτὸν,
1768 1867 1795 1892 ἐν
1815 1867 1870 1898 τοῖς
1889 1866 1965 1897 ἰδίοις

1181 1912 1254 1946 ὅροις
1274 1912 1362 1947 μένων
1382 1912 1431 1947 τῆς
1453 1912 1569 1947 φύσεως,
1585 1913 1631 1940 καὶ
1645 1913 1720 1939 οὐδὲν
1735 1913 1780 1939 τοῦ
1796 1913 1888 1948 ἑτέρου
1902 1922 1966 1940 κατ-

1183 1958 1365 1991 εξανίσταται,
1398 1959 1458 1985 οὐδὲ
1482 1959 1536 1986 τῶν
1552 1960 1601 1994 τῆς
1626 1959 1732 1991 εὐνοίας
1761 1959 1880 1985 ἐκϐαίνει
1910 1959 1965 1995 (75)

1182 2003 1299 2039 δεσμῶν,
1311 2002 1351 2035 οἷς
1364 2004 1378 2030 ὁ
1389 2004 1514 2039 τεχνίτης
1530 2005 1615 2038 Λόγος
1644 2005 1676 2032 τὸ
1691 2006 1744 2032 πᾶν
1766 2006 1904 2040 συνέδησε,
1921 2007 1967 2033 κό-

1185 2059 1252 2085 σμος
1262 2050 1291 2076 τέ
1305 2050 1389 2082 ἐστιν,
1400 2050 1492 2086 ὥσπερ
1501 2051 1619 2085 λέγεται,
1636 2052 1682 2078 καὶ
1699 2051 1794 2083 κάλλος
1809 2052 1965 2087 ἀπρόσιτον,

1184 2097 1230 2122 καὶ
1243 2096 1318 2122 οὐδὲν
1333 2097 1369 2132 μή
1382 2105 1445 2123 ποτε
1456 2097 1550 2123 τούτου
1561 2105 1603 2128 τις
1616 2098 1770 2132 ἐπινοήσειε
1782 2097 1839 2131 (74)
1848 2097 1967 2134 λαμπρό-

1182 2150 1260 2177 τερον
1278 2142 1362 2177 (75)ἥ
1379 2142 1676 2178 μεγαλοπρεπέστερον.
1692 2143 1774 2178 Ὀμοῦ
1791 2143 1819 2170 δὲ
1829 2143 1876 2170 τοῦ
1891 2145 1967 2179 εἰρη-

1183 2187 1270 2214 νεύειν
1284 2187 1432 2220 πέπαυται,
1460 2187 1567 2214 καὶτοῦ
1595 2185 1664 2214 εἶναι
1684 2188 1794 2224 κόσμος.
1813 2189 1848 2215 ’Ἡ
1858 2189 1916 2224 γὰρ,
1936 2191 1965 2216 οὐ

346 2242 424 2270 opus,
446 2234 517 2270 quod
531 2233 639 2269 quidem
666 2233 778 2260 materia
792 2237 908 2264 constet,
925 2232 1058 2259 illustrius
1084 2238 1128 2260 aut

1183 2233 1256 2259 δοκεῖ
1268 2241 1308 2258 σοι
1318 2232 1430 2268 οὐρανὸς
1448 2234 1496 2267 μὲν
1510 2233 1647 2265 εὑτάκτως
1663 2234 1725 2270 ἀέρι
1749 2235 1795 2262 καὶ
1814 2236 1848 2270 γῇ
1870 2244 1966 2262 κοινω-

375 2289 398 2306 ⁸⁹
408 2288 488 2316 Prov.
496 2296 559 2322 uv,
577 2288 604 2315 5.

381 2334 437 2370 (60)
459 2335 633 2370 Ταυτῄτητα.
652 2343 661 2360 ‹
679 2334 844 2362 ldentitatem
858 2334 1022 2362 substantiae.
1039 2344 1048 2360 ι

381 2369 437 2405 (61)
453 2369 510 2403 Τῆς
524 2369 561 2396 δ’.
579 2369 650 2405 Heg.
663 2370 717 2402 bm,
730 2370 779 2404 τῆς
793 2370 831 2396 δέ.

381 2404 544 2440 (62))Επεί,
571 2410 623 2431 etc.
641 2404 741 2436 Bivllius,
757 2415 766 2430 ‹
789 2405 853 2431 Nam
870 2404 914 2431 ille
927 2410 1046 2440 quoque,
1069 2408 1124 2431 tum

345 2438 486 2474 multiplici
516 2446 614 2473 specte,
642 2445 696 2465 lttttl
725 2440 828 2467 vitiosis
853 2438 1075 2473 permotionibus,
1099 2443 1128 2466 et

346 2482 436 2502 secum
452 2475 507 2508 ipse
521 2479 631 2507 pugnat,
649 2479 686 2505 et,
706 2479 735 2500 ut
748 2475 782 2502 ab
802 2475 877 2501 ittiuo
889 2474 1031 2505 homicida,
1046 2474 1126 2501 boni-

346 2517 398 2544 que
416 2509 477 2536 odio
497 2510 625 2544 percitus,
657 2508 709 2535 hoc
726 2509 811 2543 ipsum
834 2510 860 2536 in
879 2509 938 2535 aliis
959 2514 1096 2544 operatur.
1117 2517 1126 2534 ι

345 2543 374 2572 lu
392 2544 443 2570 hac
455 2544 586 2574 versione,
598 2543 704 2570 inverso
715 2546 856 2571 verborum
870 2544 974 2577 ordine,
988 2543 1131 2571 iuvertitur

347 2580 429 2607 etiam
441 2586 545 2605 sensus.

467 2613 570 2641 Ταυτό.
597 2612 642 2641 Sic
669 2613 776 2648 quidam
811 2613 889 2641 codd.
919 2617 947 2640 et
973 2612 1016 2640 ed.
1055 2612 1130 2645 Alii,

346 2651 452 2676 ταύτόν.

382 2684 437 2718 (64)
454 2683 513 2710 ”Ιν”.
530 2682 613 2718 chg.
634 2683 690 2718 bin,
702 2682 748 2717 ltu,
762 2683 814 2709 ἵνα.

394 2685 426 2710 64
454 2685 513 2710 "Ir'.
530 2685 613 2718 ltcgg.
634 2685 690 2714 bin,
703 2685 748 2717 ltu,
762 2685 814 2709 ἵνα.

394 2685 438 2752 65)
452 2719 615 2750 ”ολως.υι·.
630 2717 697 2748 ὅλος.
712 2718 756 2753 Sic
773 2719 835 2753 legit
849 2717 952 2745 Billitts.

394 2723 438 2752 65)
452 2723 615 2750 "amour.
630 2723 697 2748 οΛος.
712 2723 756 2745 διο
773 2723 835 2753 tegit
851 2723 952 2745 uultus.

381 2723 440 2788 (66)
461 2752 609 2787 Ἀριστεὺς
631 2751 757 2786 στρατῷ.
773 2753 810 2779 Ita
823 2753 888 2788 Reg.
904 2754 950 2783 bu,
966 2752 1010 2788 qui
1027 2751 1130 2778 omisso

346 2787 436 2820 me;
451 2789 490 2815 sic
516 2789 696 2822 prOSequitur,
720 2787 760 2822 τῷ
779 2787 1048 2823 παραρρηγνυμένῳ,
1071 2796 1081 2811 ί
1102 2791 1131 2823 ut

348 2823 427 2851 fortis
440 2821 562 2850 .bellator
587 2821 613 2849 in
637 2821 803 2857 exercitum,
820 2821 881 2857 'pe'r'
900 2821 1037 2856 ittsjectam
1061 2821 1130 2847 muri

347 2862 450 2893 partem
458 2877 467 2892 ,
488 2858 627 2891 irrumpat.
650 2866 659 2883 ›
682 2856 773 2886 Billius
798 2856 878 2893 legit,
894 2856 1020 2892 ἀριστεὺς
1045 2863 1129 2890 στρα-

1185 2333 1242 2364 τός,
1266 2341 1275 2357 ι
1294 2336 1420 2359 Strenuus
1445 2332 1589 2360 exercitus.
1607 2342 1616 2358 ι
1635 2332 1700 2366 Qum
1714 2331 1793 2359 lectio
1808 2332 1885 2359 nobis
1915 2341 1966 2359 nun

1183 2369 1281 2403 placet.
1306 2366 1398 2403 Neque
1414 2368 1483 2393 euitn
1496 2367 1643 2401 Gregorius
1663 2368 1796 2394 diabolum
1811 2376 1871 2394 cum
1891 2376 1900 2392 ι
1921 2376 1967 2394 cx-

1183 2402 1281 2434 ercilu,
1303 2411 1312 2426 I
1328 2402 1373 2428 sed
1390 2409 1449 2429 cum
1468 2411 1477 2427 ι
1498 2404 1559 2429 lorti
1575 2404 1704 2429 bellatore
1724 2412 1733 2427 ι
1748 2403 1862 2429 caulem.

1217 2437 1272 2472 (67)
1284 2438 1335 2473 ξὶς
1345 2437 1474 2473 εὐνοίας.
1488 2437 1531 2464 Sic
1549 2438 1631 2473 Regg.
1650 2445 1674 2470 a,
1694 2439 1749 2470 bm,
1766 2438 1811 2468 Itu,
1826 2436 1873 2464 0r.
1889 2437 1967 2463 Deest

1181 2471 1226 2504 είς
1241 2473 1266 2498 in
1282 2471 1342 2498 Par.
1354 2472 1418 2498 edit.

1215 2506 1270 2542 (68)
1292 2505 1352 2533 Τῶν
1364 2507 1460 2542 θείων.
1481 2506 1594 2533 «Rerum
1607 2507 1783 2535 divinarum.)

1214 2541 1270 2576 (69)
1297 2541 1487 2576 Ὀμοιώσεως.
1500 2551 1509 2566 ι
1529 2542 1749 2570 Sim-litudiuent.
1767 2552 1777 2569 ι

1215 2576 1269 2614 (79)
1282 2575 1327 2614 de.
1347 2577 1426 2614 Deest
1442 2577 1466 2602 itt
1479 2577 1544 2614 Reg.
1557 2577 1615 2614 but,
1629 2584 1654 2605 et
1665 2577 1712 2606 0r.

1218 2609 1271 2647 :71)
1288 2611 1494 2644 Ἀκούσαντες.
1516 2609 1598 2639 Cois].
1615 2615 1639 2646 l,
1664 2612 1816 2643 ἀκούοντες.
1827 2610 1875 2638 Or.
1890 2609 1965 2637 ἀκού-

1182 2655 1283 2677 σοντες.

1216 2681 1274 2718 (ξῐξξ)
1288 2681 1444 2718 Eum-adst".
1460 2681 1550 2718 _Coisl.
1581 2683 1607 2714 1,
1630 2682 1748 2718 εὐσταθῆ
1765 2681 1811 2708 καὶ
1825 2681 1965 2718 είρηνεὺῃ.

1289 2716 1443 2753 Ῐξκϐαίιςει.
1459 2716 1524 2750 Reg.
1545 2711 1748 2753 ι›ιιι,’ὲκ6αίνῃί’
1853 2711 1858 2716 ’
1880 2711 1886 2717 ’
1930 2711 1947 2733 ’³

1227 2751 1269 2788 Et!)
1290 2751 1482 2783 Ἐπινοήσειε.
1493 2753 1557 2787 lteg.
1575 2753 1620 2785 hu,
1634 2751 1773 2788 επινοῆσῃ.

1227 2755 1269 2785 74)
1293 2755 1482 2783 Ἐπινοῆσειε.
1493 2755 1557 2787 lieg.
1575 2755 1620 2785 hu,
1634 2755 1773 2788 ἐπινοήσῃ.

1214 2755 1273 2822 liii)
1287 2788 1508 2822 Λαμπρότερον.
1526 2788 1607 2814 Addit
1634 2787 1716 2814 Coisl.
1739 2791 1765 2819 1,
1793 2786 1859 2822 ὓλης
1875 2786 1964 2822 ἔργον.

1180 2820 1306 2883 ῗέἓίἓίξὶι
1319 2821 1423 2850 Btlltus.
1443 2821 1546 2850 Favent
1562 2823 1715 2851 scltoliastae
1731 2823 1829 2857 aliique
1837 2820 1964 2858 ‘uouuu‘lli

1180 2862 1296 2884 εοαιοιεε.

1380 2911 1414 2925 ..ὶ-
