  <div class='ocr_page' id='page_1' title='image "/cluster/home/n/w/nwhite01/storage/ocr_20150623/35/njp.32101077772554/385.png"; bbox 0 0 2069 3131; ppageno 0'>
   <div class='ocr_carea' id='block_1_1' title="bbox 295 164 348 190">
    <p class='ocr_par' dir='ltr' id='par_1_1' title="bbox 295 164 348 190">
     <span class='ocr_line' id='line_1_1' title="bbox 295 164 348 190; baseline 0.019 -1"><span class='ocrx_word' id='word_1_1' title='bbox 295 164 348 190; x_wconf 68' lang='grc'><strong>745</strong></span> 
     </span>
    </p>
   </div>
   <div class='ocr_carea' id='block_1_2' title="bbox 893 159 1302 187">
    <p class='ocr_par' dir='ltr' id='par_1_2' title="bbox 893 159 1302 187">
     <span class='ocr_line' id='line_1_2' title="bbox 893 159 1302 187; baseline -0.002 -1"><span class='ocrx_word' id='word_1_2' title='bbox 893 160 922 187; x_wconf 67' lang='grc' dir='ltr'><strong>ὅ.</strong></span> <span class='ocrx_word' id='word_1_3' title='bbox 941 159 1108 186; x_wconf 72' lang='grc' dir='ltr'>ωιιῖυυιιιι</span> <span class='ocrx_word' id='word_1_4' title='bbox 1128 159 1302 185; x_wconf 70' lang='grc' dir='ltr'><strong>ἸἩΕυΙιυϋΙ</strong></span> 
     </span>
    </p>
   </div>
   <div class='ocr_carea' id='block_1_3' title="bbox 1870 159 1924 184">
    <p class='ocr_par' dir='ltr' id='par_1_3' title="bbox 1870 159 1924 184">
     <span class='ocr_line' id='line_1_3' title="bbox 1870 159 1924 184; baseline 0.019 -1"><span class='ocrx_word' id='word_1_5' title='bbox 1870 159 1924 184; x_wconf 64' lang='grc' dir='ltr'>7η</span> 
     </span>
    </p>
   </div>
   <div class='ocr_carea' id='block_1_4' title="bbox 291 213 1090 253">
    <p class='ocr_par' dir='ltr' id='par_1_4' title="bbox 291 215 1076 253">
     <span class='ocr_line' id='line_1_4' title="bbox 291 215 1076 253; baseline -0.008 -6"><span class='ocrx_word' id='word_1_6' title='bbox 291 218 454 247; x_wconf 73' lang='lat' dir='ltr'><strong>ostenditur.</strong></span> <span class='ocrx_word' id='word_1_7' title='bbox 468 217 567 253; x_wconf 83' lang='lat' dir='ltr'><strong>Atque,</strong></span> <span class='ocrx_word' id='word_1_8' title='bbox 586 221 615 245; x_wconf 92' lang='lat' dir='ltr'><strong>ut</strong></span> <span class='ocrx_word' id='word_1_9' title='bbox 626 217 751 253; x_wconf 83' lang='lat' dir='ltr'><strong>populos,</strong></span> <span class='ocrx_word' id='word_1_10' title='bbox 769 222 796 244; x_wconf 86' lang='lat' dir='ltr'><strong>et</strong></span> <span class='ocrx_word' id='word_1_11' title='bbox 811 216 892 243; x_wconf 79' lang='lat' dir='ltr'><strong>urbes</strong></span> <span class='ocrx_word' id='word_1_12' title='bbox 902 235 910 247; x_wconf 87' lang='lat'><strong><em>.</em></strong></span> <span class='ocrx_word' id='word_1_13' title='bbox 923 220 950 242; x_wconf 89' lang='lat' dir='ltr'><strong>et</strong></span> <span class='ocrx_word' id='word_1_14' title='bbox 964 215 1076 249; x_wconf 87' lang='lat' dir='ltr'><strong>imperia</strong></span> 
     </span>
    </p>
   </div>
   <div class='ocr_carea' id='block_1_5' title="bbox 1140 213 1922 253">
    <p class='ocr_par' dir='ltr' id='par_1_5' title="bbox 1140 213 1922 250">
     <span class='ocr_line' id='line_1_5' title="bbox 1140 213 1922 250; baseline 0.001 -10"><span class='ocrx_word' id='word_1_15' title='bbox 1140 215 1155 240; x_wconf 65' lang='grc' dir='ltr'><strong>ξὲ</strong></span> <span class='ocrx_word' id='word_1_16' title='bbox 1167 215 1273 249; x_wconf 78' lang='grc' dir='ltr'>χοροὺς,</span> <span class='ocrx_word' id='word_1_17' title='bbox 1289 214 1336 241; x_wconf 72' lang='grc' dir='ltr'><strong>καὶ</strong></span> <span class='ocrx_word' id='word_1_18' title='bbox 1353 213 1494 249; x_wconf 76' lang='grc' dir='ltr'><strong>στρατοὺς,</strong></span> <span class='ocrx_word' id='word_1_19' title='bbox 1516 213 1562 240; x_wconf 74' lang='grc' dir='ltr'><strong>καὶ</strong></span> <span class='ocrx_word' id='word_1_20' title='bbox 1576 214 1678 244; x_wconf 82' lang='grc' dir='ltr'>οίκους,</span> <span class='ocrx_word' id='word_1_21' title='bbox 1702 213 1749 239; x_wconf 72' lang='grc' dir='ltr'>καὶ</span> <span class='ocrx_word' id='word_1_22' title='bbox 1765 213 1837 248; x_wconf 85' lang='grc' dir='ltr'><strong>νηῶν</strong></span> <span class='ocrx_word' id='word_1_23' title='bbox 1852 214 1922 250; x_wconf 88' lang='grc' dir='ltr'>πλη-</span> 
     </span>
    </p>
   </div>
   <div class='ocr_carea' id='block_1_6' title="bbox 293 261 1092 302">
    <p class='ocr_par' dir='ltr' id='par_1_6' title="bbox 293 261 1092 302">
     <span class='ocr_line' id='line_1_6' title="bbox 293 261 1092 302; baseline -0.009 -9"><span class='ocrx_word' id='word_1_24' title='bbox 293 271 466 302; x_wconf 64' lang='lat' dir='ltr'><strong>praeteream.</strong></span> <span class='ocrx_word' id='word_1_25' title='bbox 496 269 526 292; x_wconf 90' lang='lat' dir='ltr'><strong>ut</strong></span> <span class='ocrx_word' id='word_1_26' title='bbox 553 269 652 295; x_wconf 72' lang='lat' dir='ltr'><strong>coetus,</strong></span> <span class='ocrx_word' id='word_1_27' title='bbox 678 263 834 294; x_wconf 80' lang='lat' dir='ltr'><strong>exercitus,</strong></span> <span class='ocrx_word' id='word_1_28' title='bbox 856 261 982 293; x_wconf 75' lang='lat' dir='ltr'><strong>familias,</strong></span> <span class='ocrx_word' id='word_1_29' title='bbox 999 267 1092 287; x_wconf 88' lang='lat' dir='ltr'><strong>naves.</strong></span> 
     </span>
    </p>
   </div>
   <div class='ocr_carea' id='block_1_7' title="bbox 292 298 1093 344">
    <p class='ocr_par' dir='ltr' id='par_1_7' title="bbox 292 298 1093 344">
     <span class='ocr_line' id='line_1_7' title="bbox 292 298 1093 344; baseline -0.009 -6"><span class='ocrx_word' id='word_1_30' title='bbox 292 311 446 339; x_wconf 71' lang='lat' dir='ltr'><strong>vectoribus</strong></span> <span class='ocrx_word' id='word_1_31' title='bbox 465 310 569 344; x_wconf 82' lang='lat' dir='ltr'><strong>plenas,</strong></span> <span class='ocrx_word' id='word_1_32' title='bbox 584 309 709 344; x_wconf 78' lang='lat' dir='ltr'><strong>conjugia</strong></span> <span class='ocrx_word' id='word_1_33' title='bbox 720 329 727 341; x_wconf 91' lang='lat'><strong>,</strong></span> <span class='ocrx_word' id='word_1_34' title='bbox 743 308 867 334; x_wconf 91' lang='lat' dir='ltr'><strong>sodalitia</strong></span> <span class='ocrx_word' id='word_1_35' title='bbox 880 327 887 337; x_wconf 83' lang='lat'><strong>,</strong></span> <span class='ocrx_word' id='word_1_36' title='bbox 903 314 962 340; x_wconf 67' lang='lat' dir='ltr'><strong>quae</strong></span> <span class='ocrx_word' id='word_1_37' title='bbox 978 298 1093 335; x_wconf 60' lang='lat' dir='ltr'><strong>omnia.i</strong></span> 
     </span>
    </p>
   </div>
   <div class='ocr_carea' id='block_1_8' title="bbox 293 344 1089 390">
    <p class='ocr_par' dir='ltr' id='par_1_8' title="bbox 293 344 1089 390">
     <span class='ocr_line' id='line_1_8' title="bbox 293 344 1089 390; baseline -0.009 -6"><span class='ocrx_word' id='word_1_38' title='bbox 293 361 323 384; x_wconf 91' lang='lat' dir='ltr'><strong>ut</strong></span> <span class='ocrx_word' id='word_1_39' title='bbox 350 364 414 390; x_wconf 87' lang='lat' dir='ltr'><strong>pace</strong></span> <span class='ocrx_word' id='word_1_40' title='bbox 439 360 646 387; x_wconf 75' lang='lat' dir='ltr'><strong>conservantur,</strong></span> <span class='ocrx_word' id='word_1_41' title='bbox 671 354 708 380; x_wconf 86' lang='lat' dir='ltr'><strong>ita</strong></span> <span class='ocrx_word' id='word_1_42' title='bbox 727 353 839 380; x_wconf 83' lang='lat' dir='ltr'><strong>dissidio</strong></span> <span class='ocrx_word' id='word_1_43' title='bbox 865 352 944 387; x_wconf 81' lang='lat'><strong>190</strong></span> <span class='ocrx_word' id='word_1_44' title='bbox 963 344 1089 378; x_wconf 71' lang='lat' dir='ltr'><strong>funditus&#39;</strong></span> 
     </span>
    </p>
   </div>
   <div class='ocr_carea' id='block_1_9' title="bbox 294 399 1083 434">
    <p class='ocr_par' dir='ltr' id='par_1_9' title="bbox 294 399 1083 434">
     <span class='ocr_line' id='line_1_9' title="bbox 294 399 1083 434; baseline -0.01 -4"><span class='ocrx_word' id='word_1_45' title='bbox 294 406 462 434; x_wconf 81' lang='lat' dir='ltr'><strong>evertuntur,</strong></span> <span class='ocrx_word' id='word_1_46' title='bbox 484 401 518 428; x_wconf 83' lang='lat' dir='ltr'><strong>ad</strong></span> <span class='ocrx_word' id='word_1_47' title='bbox 545 400 683 427; x_wconf 86' lang='lat' dir='ltr'><strong>lsraelitas</strong></span> <span class='ocrx_word' id='word_1_48' title='bbox 699 399 847 426; x_wconf 84' lang='lat' dir='ltr'><strong>orationem</strong></span> <span class='ocrx_word' id='word_1_49' title='bbox 862 401 1030 426; x_wconf 78' lang='lat' dir='ltr'><strong>convertam,</strong></span> <span class='ocrx_word' id='word_1_50' title='bbox 1051 403 1083 423; x_wconf 85' lang='lat' dir='ltr'><strong>ac</strong></span> 
     </span>
    </p>
   </div>
   <div class='ocr_carea' id='block_1_10' title="bbox 293 441 1084 484">
    <p class='ocr_par' dir='ltr' id='par_1_10' title="bbox 293 441 1084 484">
     <span class='ocr_line' id='line_1_10' title="bbox 293 441 1084 484; baseline -0.01 -8"><span class='ocrx_word' id='word_1_51' title='bbox 293 453 472 484; x_wconf 79' lang='lat' dir='ltr'><strong>posteaquam</strong></span> <span class='ocrx_word' id='word_1_52' title='bbox 487 446 563 474; x_wconf 81' lang='lat' dir='ltr'><strong>vobis</strong></span> <span class='ocrx_word' id='word_1_53' title='bbox 577 453 671 473; x_wconf 87' lang='lat' dir='ltr'><strong>eorum</strong></span> <span class='ocrx_word' id='word_1_54' title='bbox 685 444 856 471; x_wconf 78' lang='lat' dir='ltr'><strong>calamitates</strong></span> <span class='ocrx_word' id='word_1_55' title='bbox 867 461 875 473; x_wconf 83' lang='lat'>.</span> <span class='ocrx_word' id='word_1_56' title='bbox 889 447 916 469; x_wconf 89' lang='lat' dir='ltr'><strong>et</strong></span> <span class='ocrx_word' id='word_1_57' title='bbox 935 441 1084 476; x_wconf 87' lang='lat' dir='ltr'><strong>dispersio-</strong></span> 
     </span>
    </p>
   </div>
   <div class='ocr_carea' id='block_1_11' title="bbox 294 488 1082 528">
    <p class='ocr_par' dir='ltr' id='par_1_11' title="bbox 294 488 1082 528">
     <span class='ocr_line' id='line_1_11' title="bbox 294 488 1082 528; baseline -0.013 -6"><span class='ocrx_word' id='word_1_58' title='bbox 294 502 368 526; x_wconf 88' lang='lat' dir='ltr'><strong>nem,</strong></span> <span class='ocrx_word' id='word_1_59' title='bbox 384 501 436 528; x_wconf 87' lang='lat' dir='ltr'><strong>qua</strong></span> <span class='ocrx_word' id='word_1_60' title='bbox 455 500 523 519; x_wconf 89' lang='lat' dir='ltr'><strong>ttunc</strong></span> <span class='ocrx_word' id='word_1_61' title='bbox 537 491 646 518; x_wconf 83' lang='lat' dir='ltr'><strong>sedibus</strong></span> <span class='ocrx_word' id='word_1_62' title='bbox 665 491 721 517; x_wconf 85' lang='lat' dir='ltr'><strong>suis</strong></span> <span class='ocrx_word' id='word_1_63' title='bbox 736 489 803 524; x_wconf 86' lang='lat' dir='ltr'><strong>pulsi</strong></span> <span class='ocrx_word' id='word_1_64' title='bbox 822 495 918 523; x_wconf 77' lang='lat' dir='ltr'><strong>vagam</strong></span> <span class='ocrx_word' id='word_1_65' title='bbox 944 491 972 513; x_wconf 90' lang='lat' dir='ltr'><strong>et</strong></span> <span class='ocrx_word' id='word_1_66' title='bbox 1000 488 1082 513; x_wconf 77' lang='lat' dir='ltr'><strong>mise-</strong></span> 
     </span>
    </p>
   </div>
   <div class='ocr_carea' id='block_1_12' title="bbox 295 532 1082 573">
    <p class='ocr_par' dir='ltr' id='par_1_12' title="bbox 295 532 1082 573">
     <span class='ocr_line' id='line_1_12' title="bbox 295 532 1082 573; baseline -0.013 -5"><span class='ocrx_word' id='word_1_67' title='bbox 295 549 354 569; x_wconf 79' lang='lat' dir='ltr'><strong>ram</strong></span> <span class='ocrx_word' id='word_1_68' title='bbox 382 541 465 566; x_wconf 85' lang='lat' dir='ltr'><strong>vitam</strong></span> <span class='ocrx_word' id='word_1_69' title='bbox 491 541 701 573; x_wconf 86' lang='lat' dir='ltr'><strong>persequuntur,</strong></span> <span class='ocrx_word' id='word_1_70' title='bbox 718 535 935 568; x_wconf 82' lang='lat' dir='ltr'><strong>diutissimeque.</strong></span> <span class='ocrx_word' id='word_1_71' title='bbox 963 537 993 559; x_wconf 90' lang='lat' dir='ltr'><strong>ut</strong></span> <span class='ocrx_word' id='word_1_72' title='bbox 1018 532 1082 559; x_wconf 89' lang='lat' dir='ltr'><strong>lltIIlI</strong></span> 
     </span>
    </p>
   </div>
   <div class='ocr_carea' id='block_1_13' title="bbox 295 580 1081 615">
    <p class='ocr_par' dir='ltr' id='par_1_13' title="bbox 295 580 1081 615">
     <span class='ocr_line' id='line_1_13' title="bbox 295 580 1081 615; baseline -0.014 0"><span class='ocrx_word' id='word_1_73' title='bbox 295 588 366 615; x_wconf 84' lang='lat' dir='ltr'><strong>edita</strong></span> <span class='ocrx_word' id='word_1_74' title='bbox 382 586 414 613; x_wconf 94' lang='lat' dir='ltr'><strong>de</strong></span> <span class='ocrx_word' id='word_1_75' title='bbox 431 585 482 612; x_wconf 91' lang='lat' dir='ltr'><strong>illis</strong></span> <span class='ocrx_word' id='word_1_76' title='bbox 502 583 628 610; x_wconf 88' lang='lat' dir='ltr'><strong>vaticinia</strong></span> <span class='ocrx_word' id='word_1_77' title='bbox 647 582 726 609; x_wconf 86' lang='lat' dir='ltr'><strong>tidem</strong></span> <span class='ocrx_word' id='word_1_78' title='bbox 751 580 854 607; x_wconf 84' lang='lat' dir='ltr'><strong>faciunt</strong></span> <span class='ocrx_word' id='word_1_79' title='bbox 874 582 1081 613; x_wconf 71' lang='lat' dir='ltr'><strong>persequentur,</strong></span> 
     </span>
    </p>
   </div>
   <div class='ocr_carea' id='block_1_14' title="bbox 295 624 1083 668">
    <p class='ocr_par' dir='ltr' id='par_1_14' title="bbox 295 624 1083 668">
     <span class='ocr_line' id='line_1_14' title="bbox 295 624 1083 668; baseline -0.014 -7"><span class='ocrx_word' id='word_1_80' title='bbox 295 639 455 668; x_wconf 82' lang='lat' dir='ltr'><strong>exposuero,</strong></span> <span class='ocrx_word' id='word_1_81' title='bbox 472 634 528 656; x_wconf 90' lang='lat' dir='ltr'><strong>tum</strong></span> <span class='ocrx_word' id='word_1_82' title='bbox 552 630 659 656; x_wconf 90' lang='lat' dir='ltr'><strong>demum</strong></span> <span class='ocrx_word' id='word_1_83' title='bbox 685 635 718 654; x_wconf 82' lang='lat' dir='ltr'><strong>ex</strong></span> <span class='ocrx_word' id='word_1_84' title='bbox 734 627 821 657; x_wconf 83' lang='lat' dir='ltr'><strong>vobis,</strong></span> <span class='ocrx_word' id='word_1_85' title='bbox 836 625 880 659; x_wconf 91' lang='lat' dir='ltr'><strong>qui</strong></span> <span class='ocrx_word' id='word_1_86' title='bbox 897 624 1016 659; x_wconf 84' lang='lat' dir='ltr'><strong>perfecte</strong></span> <span class='ocrx_word' id='word_1_87' title='bbox 1034 631 1083 650; x_wconf 90' lang='lat' dir='ltr'><strong>no-</strong></span> 
     </span>
    </p>
   </div>
   <div class='ocr_carea' id='block_1_15' title="bbox 1135 258 1924 296">
    <p class='ocr_par' dir='ltr' id='par_1_15' title="bbox 1135 258 1924 296">
     <span class='ocr_line' id='line_1_15' title="bbox 1135 258 1924 296; baseline 0.003 -12"><span class='ocrx_word' id='word_1_88' title='bbox 1135 259 1259 294; x_wconf 76' lang='grc' dir='ltr'>ρώματα,</span> <span class='ocrx_word' id='word_1_89' title='bbox 1278 260 1324 286; x_wconf 77' lang='grc' dir='ltr'>ναὶ</span> <span class='ocrx_word' id='word_1_90' title='bbox 1338 258 1478 293; x_wconf 79' lang='grc' dir='ltr'><strong>συζυγίας,</strong></span> <span class='ocrx_word' id='word_1_91' title='bbox 1492 258 1537 285; x_wconf 81' lang='grc' dir='ltr'><strong>καὶ</strong></span> <span class='ocrx_word' id='word_1_92' title='bbox 1550 258 1697 294; x_wconf 80' lang='grc' dir='ltr'><strong>ἑταιρείας,</strong></span> <span class='ocrx_word' id='word_1_93' title='bbox 1712 258 1764 285; x_wconf 81' lang='grc' dir='ltr'><strong>ὑπὸ</strong></span> <span class='ocrx_word' id='word_1_94' title='bbox 1782 259 1831 294; x_wconf 82' lang='grc' dir='ltr'>μὲν</span> <span class='ocrx_word' id='word_1_95' title='bbox 1849 260 1924 296; x_wconf 80' lang='grc' dir='ltr'>είρή-</span> 
     </span>
    </p>
   </div>
   <div class='ocr_carea' id='block_1_16' title="bbox 1134 304 1924 341">
    <p class='ocr_par' dir='ltr' id='par_1_16' title="bbox 1134 304 1924 341">
     <span class='ocr_line' id='line_1_16' title="bbox 1134 304 1924 341; baseline 0.003 -10"><span class='ocrx_word' id='word_1_96' title='bbox 1134 314 1182 340; x_wconf 81' lang='grc' dir='ltr'><strong>νης</strong></span> <span class='ocrx_word' id='word_1_97' title='bbox 1196 305 1387 340; x_wconf 78' lang='grc' dir='ltr'>συνεχομένας,</span> <span class='ocrx_word' id='word_1_98' title='bbox 1403 306 1455 331; x_wconf 79' lang='grc' dir='ltr'><strong>ὑπὸ</strong></span> <span class='ocrx_word' id='word_1_99' title='bbox 1468 305 1497 331; x_wconf 83' lang='grc' dir='ltr'>δὲ</span> <span class='ocrx_word' id='word_1_100' title='bbox 1512 304 1633 336; x_wconf 80' lang='grc' dir='ltr'>στάσεως</span> <span class='ocrx_word' id='word_1_101' title='bbox 1646 304 1862 341; x_wconf 76' lang='grc' dir='ltr'><strong>καταλυομένας,</strong></span> <span class='ocrx_word' id='word_1_102' title='bbox 1877 307 1924 333; x_wconf 77' lang='grc' dir='ltr'><strong>ἐπὶ</strong></span> 
     </span>
    </p>
   </div>
   <div class='ocr_carea' id='block_1_17' title="bbox 1133 351 1924 387">
    <p class='ocr_par' dir='ltr' id='par_1_17' title="bbox 1133 351 1924 387">
     <span class='ocr_line' id='line_1_17' title="bbox 1133 351 1924 387; baseline 0.003 -10"><span class='ocrx_word' id='word_1_103' title='bbox 1133 351 1178 377; x_wconf 79' lang='grc' dir='ltr'><strong>τὺν</strong></span> <span class='ocrx_word' id='word_1_104' title='bbox 1208 351 1314 386; x_wconf 78' lang='grc' dir='ltr'>Ἰσραὴλ</span> <span class='ocrx_word' id='word_1_105' title='bbox 1334 352 1392 387; x_wconf 87' lang='grc' dir='ltr'>εἶμι</span> <span class='ocrx_word' id='word_1_106' title='bbox 1408 351 1448 386; x_wconf 83' lang='grc' dir='ltr'>τῷ</span> <span class='ocrx_word' id='word_1_107' title='bbox 1469 351 1550 387; x_wconf 84' lang='grc' dir='ltr'>λόγῳ,</span> <span class='ocrx_word' id='word_1_108' title='bbox 1571 352 1617 378; x_wconf 84' lang='grc' dir='ltr'>καὶ</span> <span class='ocrx_word' id='word_1_109' title='bbox 1632 351 1687 378; x_wconf 89' lang='grc' dir='ltr'><strong>τῶν</strong></span> <span class='ocrx_word' id='word_1_110' title='bbox 1703 352 1807 379; x_wconf 81' lang='grc' dir='ltr'>ἐκείνου</span> <span class='ocrx_word' id='word_1_111' title='bbox 1829 352 1924 380; x_wconf 84' lang='grc' dir='ltr'>παθῶν</span> 
     </span>
    </p>
   </div>
   <div class='ocr_carea' id='block_1_18' title="bbox 1135 397 1924 434">
    <p class='ocr_par' dir='ltr' id='par_1_18' title="bbox 1135 397 1924 434">
     <span class='ocr_line' id='line_1_18' title="bbox 1135 397 1924 434; baseline 0.003 -11"><span class='ocrx_word' id='word_1_112' title='bbox 1135 397 1293 432; x_wconf 76' lang='grc' dir='ltr'><strong>ὑπομνήσας</strong></span> <span class='ocrx_word' id='word_1_113' title='bbox 1313 398 1395 432; x_wconf 72' lang='grc' dir='ltr'>ὑμᾶς,</span> <span class='ocrx_word' id='word_1_114' title='bbox 1419 398 1465 424; x_wconf 80' lang='grc' dir='ltr'>καὶ</span> <span class='ocrx_word' id='word_1_115' title='bbox 1482 398 1530 432; x_wconf 70' lang='grc' dir='ltr'><strong>τῆς</strong></span> <span class='ocrx_word' id='word_1_116' title='bbox 1544 398 1701 433; x_wconf 76' lang='grc' dir='ltr'>διασπορᾶς,</span> <span class='ocrx_word' id='word_1_117' title='bbox 1719 398 1765 424; x_wconf 79' lang='grc' dir='ltr'>καὶ</span> <span class='ocrx_word' id='word_1_118' title='bbox 1781 398 1831 434; x_wconf 77' lang='grc' dir='ltr'>τῆς</span> <span class='ocrx_word' id='word_1_119' title='bbox 1845 398 1924 434; x_wconf 75' lang='grc' dir='ltr'>ἄλης,</span> 
     </span>
    </p>
   </div>
   <div class='ocr_carea' id='block_1_19' title="bbox 1135 442 1922 478">
    <p class='ocr_par' dir='ltr' id='par_1_19' title="bbox 1135 442 1922 478">
     <span class='ocr_line' id='line_1_19' title="bbox 1135 442 1922 478; baseline 0.005 -11"><span class='ocrx_word' id='word_1_120' title='bbox 1135 442 1168 476; x_wconf 72' lang='grc' dir='ltr'>ἥν</span> <span class='ocrx_word' id='word_1_121' title='bbox 1193 451 1222 468; x_wconf 88' lang='grc' dir='ltr'><strong>τε</strong></span> <span class='ocrx_word' id='word_1_122' title='bbox 1240 442 1287 468; x_wconf 79' lang='grc' dir='ltr'>νῦν</span> <span class='ocrx_word' id='word_1_123' title='bbox 1307 443 1408 478; x_wconf 75' lang='grc' dir='ltr'>ἔχουσι,</span> <span class='ocrx_word' id='word_1_124' title='bbox 1427 444 1472 470; x_wconf 71' lang='grc' dir='ltr'><strong>καὶ</strong></span> <span class='ocrx_word' id='word_1_125' title='bbox 1495 443 1527 478; x_wconf 84' lang='grc' dir='ltr'>ἣν</span> <span class='ocrx_word' id='word_1_126' title='bbox 1553 444 1599 470; x_wconf 74' lang='grc' dir='ltr'><strong>ἐπὶ</strong></span> <span class='ocrx_word' id='word_1_127' title='bbox 1615 443 1737 470; x_wconf 83' lang='grc' dir='ltr'>πλεῖστον</span> <span class='ocrx_word' id='word_1_128' title='bbox 1759 443 1815 478; x_wconf 83' lang='lat'><strong>(9|)</strong></span> <span class='ocrx_word' id='word_1_129' title='bbox 1831 444 1922 478; x_wconf 75' lang='grc' dir='ltr'>ἕξωσι,</span> 
     </span>
    </p>
   </div>
   <div class='ocr_carea' id='block_1_20' title="bbox 1133 487 1924 526">
    <p class='ocr_par' dir='ltr' id='par_1_20' title="bbox 1133 487 1924 526">
     <span class='ocr_line' id='line_1_20' title="bbox 1133 487 1924 526; baseline 0.005 -13"><span class='ocrx_word' id='word_1_130' title='bbox 1133 487 1261 522; x_wconf 80' lang='grc' dir='ltr'>πείθομαι</span> <span class='ocrx_word' id='word_1_131' title='bbox 1279 489 1333 526; x_wconf 61' lang='grc' dir='ltr'>γὰρ</span> <span class='ocrx_word' id='word_1_132' title='bbox 1351 491 1411 521; x_wconf 79' lang='grc' dir='ltr'>ταῖς</span> <span class='ocrx_word' id='word_1_133' title='bbox 1428 490 1491 525; x_wconf 75' lang='grc' dir='ltr'>περὶ</span> <span class='ocrx_word' id='word_1_134' title='bbox 1508 490 1600 516; x_wconf 85' lang='grc' dir='ltr'>αὐτῶν</span> <span class='ocrx_word' id='word_1_135' title='bbox 1617 491 1924 526; x_wconf 71' lang='grc' dir='ltr'>προῤῥήσεσιν,·ἐπειτα</span> 
     </span>
    </p>
   </div>
   <div class='ocr_carea' id='block_1_21' title="bbox 1134 534 1924 573">
    <p class='ocr_par' dir='ltr' id='par_1_21' title="bbox 1134 534 1924 573">
     <span class='ocr_line' id='line_1_21' title="bbox 1134 534 1924 573; baseline 0.006 -14"><span class='ocrx_word' id='word_1_136' title='bbox 1134 534 1269 569; x_wconf 77' lang='grc' dir='ltr'>ἐρήσομαι</span> <span class='ocrx_word' id='word_1_137' title='bbox 1282 535 1402 570; x_wconf 72' lang='grc' dir='ltr'>ἀκριϐῶς</span> <span class='ocrx_word' id='word_1_138' title='bbox 1417 536 1520 568; x_wconf 79' lang='grc' dir='ltr'><strong>εἰδότας</strong></span> <span class='ocrx_word' id='word_1_139' title='bbox 1533 537 1614 571; x_wconf 83' lang='grc' dir='ltr'>ὑμᾶς,</span> <span class='ocrx_word' id='word_1_140' title='bbox 1630 537 1657 562; x_wconf 85' lang='grc' dir='ltr'><strong>τί</strong></span> <span class='ocrx_word' id='word_1_141' title='bbox 1669 537 1699 563; x_wconf 76' lang='grc' dir='ltr'>τὸ</span> <span class='ocrx_word' id='word_1_142' title='bbox 1708 537 1762 564; x_wconf 88' lang='grc' dir='ltr'><strong>τῶν</strong></span> <span class='ocrx_word' id='word_1_143' title='bbox 1777 537 1924 573; x_wconf 75' lang='grc' dir='ltr'>συμφορῶν</span> 
     </span>
    </p>
   </div>
   <div class='ocr_carea' id='block_1_22' title="bbox 1135 580 1926 618">
    <p class='ocr_par' dir='ltr' id='par_1_22' title="bbox 1135 580 1926 618">
     <span class='ocr_line' id='line_1_22' title="bbox 1135 580 1926 618; baseline 0.004 -12"><span class='ocrx_word' id='word_1_144' title='bbox 1135 580 1236 606; x_wconf 80' lang='grc' dir='ltr'>τούτων</span> <span class='ocrx_word' id='word_1_145' title='bbox 1254 581 1350 613; x_wconf 81' lang='grc' dir='ltr'>αἴτιον,</span> <span class='ocrx_word' id='word_1_146' title='bbox 1365 582 1407 608; x_wconf 77' lang='grc' dir='ltr'><strong>ἵνα</strong></span> <span class='ocrx_word' id='word_1_147' title='bbox 1426 582 1615 618; x_wconf 84' lang='grc' dir='ltr'>παιδευθῶμεν</span> <span class='ocrx_word' id='word_1_148' title='bbox 1628 584 1684 614; x_wconf 87' lang='grc' dir='ltr'>τοῖς</span> <span class='ocrx_word' id='word_1_149' title='bbox 1701 582 1756 609; x_wconf 84' lang='grc' dir='ltr'><strong>τῶν</strong></span> <span class='ocrx_word' id='word_1_150' title='bbox 1773 582 1860 609; x_wconf 73' lang='grc' dir='ltr'>ἄλλων</span> <span class='ocrx_word' id='word_1_151' title='bbox 1875 591 1926 609; x_wconf 75' lang='grc' dir='ltr'>κα-</span> 
     </span>
    </p>
   </div>
   <div class='ocr_carea' id='block_1_23' title="bbox 1137 627 1413 662">
    <p class='ocr_par' dir='ltr' id='par_1_23' title="bbox 1137 627 1413 662">
     <span class='ocr_line' id='line_1_23' title="bbox 1137 627 1413 662; baseline 0.007 -9"><span class='ocrx_word' id='word_1_152' title='bbox 1137 627 1196 658; x_wconf 82' lang='grc' dir='ltr'>κοῖς</span> <span class='ocrx_word' id='word_1_153' title='bbox 1211 627 1258 662; x_wconf 79' lang='grc' dir='ltr'>τὴν</span> <span class='ocrx_word' id='word_1_154' title='bbox 1275 628 1413 662; x_wconf 84' lang='grc' dir='ltr'>ὁμόνοιαν.</span> 
     </span>
    </p>
   </div>
   <div class='ocr_carea' id='block_1_24' title="bbox 296 670 1924 712">
    <p class='ocr_par' dir='ltr' id='par_1_24' title="bbox 296 670 1924 712">
     <span class='ocr_line' id='line_1_24' title="bbox 296 670 1924 712; baseline -0.002 -6"><span class='ocrx_word' id='word_1_155' title='bbox 296 680 349 707; x_wconf 82' lang='lat' dir='ltr'><strong>stis</strong></span> <span class='ocrx_word' id='word_1_156' title='bbox 380 683 502 712; x_wconf 77' lang='lat' dir='ltr'><strong>quamam</strong></span> <span class='ocrx_word' id='word_1_157' title='bbox 526 675 560 702; x_wconf 87' lang='lat' dir='ltr'><strong>sit</strong></span> <span class='ocrx_word' id='word_1_158' title='bbox 578 675 673 701; x_wconf 86' lang='lat' dir='ltr'><strong>barum</strong></span> <span class='ocrx_word' id='word_1_159' title='bbox 709 672 895 700; x_wconf 83' lang='lat' dir='ltr'><strong>calamitatum</strong></span> <span class='ocrx_word' id='word_1_160' title='bbox 929 677 1028 702; x_wconf 86' lang='lat' dir='ltr'><strong>causa,</strong></span> <span class='ocrx_word' id='word_1_161' title='bbox 1047 670 1241 706; x_wconf 39' lang='lat' dir='ltr'><strong>isciseitabor,</strong></span> <span class='ocrx_word' id='word_1_162' title='bbox 1267 679 1296 700; x_wconf 91' lang='lat' dir='ltr'><strong>ut</strong></span> <span class='ocrx_word' id='word_1_163' title='bbox 1317 673 1432 701; x_wconf 90' lang='lat' dir='ltr'><strong>aliorunt</strong></span> <span class='ocrx_word' id='word_1_164' title='bbox 1458 674 1536 702; x_wconf 87' lang='lat' dir='ltr'><strong>mal&#39;s</strong></span> <span class='ocrx_word' id='word_1_165' title='bbox 1556 674 1589 702; x_wconf 85' lang='lat' dir='ltr'><strong>ad</strong></span> <span class='ocrx_word' id='word_1_166' title='bbox 1615 675 1786 702; x_wconf 75' lang='lat' dir='ltr'><strong>concordiam</strong></span> <span class='ocrx_word' id='word_1_167' title='bbox 1814 674 1924 702; x_wconf 83' lang='lat' dir='ltr'><strong>erudia-</strong></span> 
     </span>
    </p>
   </div>
   <div class='ocr_carea' id='block_1_25' title="bbox 295 731 367 752">
    <p class='ocr_par' dir='ltr' id='par_1_25' title="bbox 295 731 367 752">
     <span class='ocr_line' id='line_1_25' title="bbox 295 731 367 752; baseline -0.042 0"><span class='ocrx_word' id='word_1_168' title='bbox 295 731 367 752; x_wconf 86' lang='lat' dir='ltr'><strong>mur.</strong></span> 
     </span>
    </p>
   </div>
   <div class='ocr_carea' id='block_1_26' title="bbox 333 762 1084 800">
    <p class='ocr_par' dir='ltr' id='par_1_26' title="bbox 333 762 1084 800">
     <span class='ocr_line' id='line_1_26' title="bbox 333 762 1084 800; baseline -0.011 -4"><span class='ocrx_word' id='word_1_169' title='bbox 333 768 418 797; x_wconf 75' lang='lat' dir='ltr'><strong>XVII.</strong></span> <span class='ocrx_word' id='word_1_170' title='bbox 433 766 557 800; x_wconf 83' lang='lat' dir='ltr'><strong>Quandiu</strong></span> <span class='ocrx_word' id='word_1_171' title='bbox 579 766 660 800; x_wconf 71' lang='lat' dir='ltr'><strong>igitur</strong></span> <span class='ocrx_word' id='word_1_172' title='bbox 675 764 712 790; x_wconf 84' lang='lat' dir='ltr'><strong>illi</strong></span> <span class='ocrx_word' id='word_1_173' title='bbox 728 771 834 798; x_wconf 84' lang='lat' dir='ltr'><strong>pacem.</strong></span> <span class='ocrx_word' id='word_1_174' title='bbox 861 767 886 790; x_wconf 87' lang='lat' dir='ltr'><strong>et</strong></span> <span class='ocrx_word' id='word_1_175' title='bbox 916 762 987 789; x_wconf 84' lang='lat' dir='ltr'><strong>inlct&#39;</strong></span> <span class='ocrx_word' id='word_1_176' title='bbox 1001 769 1042 792; x_wconf 83' lang='lat' dir='ltr'><strong>se,</strong></span> <span class='ocrx_word' id='word_1_177' title='bbox 1055 765 1084 788; x_wconf 88' lang='lat' dir='ltr'><strong>et</strong></span> 
     </span>
    </p>
   </div>
   <div class='ocr_carea' id='block_1_27' title="bbox 296 807 1083 845">
    <p class='ocr_par' dir='ltr' id='par_1_27' title="bbox 296 807 1083 845">
     <span class='ocr_line' id='line_1_27' title="bbox 296 807 1083 845; baseline -0.013 -2"><span class='ocrx_word' id='word_1_178' title='bbox 296 823 357 843; x_wconf 83' lang='lat' dir='ltr'><strong>cum</strong></span> <span class='ocrx_word' id='word_1_179' title='bbox 375 814 430 841; x_wconf 85' lang='lat' dir='ltr'><strong>Deo</strong></span> <span class='ocrx_word' id='word_1_180' title='bbox 446 814 602 840; x_wconf 82' lang='lat' dir='ltr'><strong>habuerunt</strong></span> <span class='ocrx_word' id='word_1_181' title='bbox 618 831 625 843; x_wconf 89' lang='lat'><strong>,</strong></span> <span class='ocrx_word' id='word_1_182' title='bbox 642 810 803 845; x_wconf 59' lang='lat' dir='ltr'><strong>[Egyptiaca</strong></span> <span class='ocrx_word' id='word_1_183' title='bbox 819 809 945 836; x_wconf 80' lang='lat' dir='ltr'><strong>videlicet</strong></span> <span class='ocrx_word' id='word_1_184' title='bbox 960 807 1083 843; x_wconf 82' lang='lat' dir='ltr'><strong>tyranni-</strong></span> 
     </span>
    </p>
   </div>
   <div class='ocr_carea' id='block_1_28' title="bbox 297 854 1121 897">
    <p class='ocr_par' dir='ltr' id='par_1_28' title="bbox 297 854 1121 897">
     <span class='ocr_line' id='line_1_28' title="bbox 297 854 1121 897; baseline -0.012 -9"><span class='ocrx_word' id='word_1_185' title='bbox 297 861 342 893; x_wconf 85' lang='lat' dir='ltr'><strong>de,</strong></span> <span class='ocrx_word' id='word_1_186' title='bbox 359 861 411 888; x_wconf 87' lang='lat' dir='ltr'><strong>hoc</strong></span> <span class='ocrx_word' id='word_1_187' title='bbox 429 864 480 891; x_wconf 82' lang='lat' dir='ltr'><strong>est,</strong></span> <span class='ocrx_word' id='word_1_188' title='bbox 507 857 596 885; x_wconf 80' lang='lat' dir='ltr'><strong>ferrea</strong></span> <span class='ocrx_word' id='word_1_189' title='bbox 620 856 730 883; x_wconf 80' lang='lat' dir='ltr'><strong>fornace</strong></span> <span class='ocrx_word' id='word_1_190' title='bbox 749 854 882 889; x_wconf 81' lang='lat' dir='ltr'><strong>oppressi.</strong></span> <span class='ocrx_word' id='word_1_191' title='bbox 901 862 932 880; x_wconf 86' lang='lat' dir='ltr'><strong>ac</strong></span> <span class='ocrx_word' id='word_1_192' title='bbox 947 861 996 886; x_wconf 87' lang='lat' dir='ltr'><strong>per</strong></span> <span class='ocrx_word' id='word_1_193' title='bbox 1008 860 1080 889; x_wconf 76' lang='lat' dir='ltr'><strong>cmq-</strong></span> <span class='ocrx_word' id='word_1_194' title='bbox 1100 870 1121 897; x_wconf 73' lang='grc' dir='ltr'><strong>Β</strong></span> 
     </span>
    </p>
   </div>
   <div class='ocr_carea' id='block_1_29' title="bbox 296 899 1084 936">
    <p class='ocr_par' dir='ltr' id='par_1_29' title="bbox 296 899 1084 936">
     <span class='ocr_line' id='line_1_29' title="bbox 296 899 1084 936; baseline -0.014 -1"><span class='ocrx_word' id='word_1_195' title='bbox 296 914 404 936; x_wconf 84' lang='lat' dir='ltr'><strong>munem</strong></span> <span class='ocrx_word' id='word_1_196' title='bbox 424 904 597 932; x_wconf 82' lang='lat' dir='ltr'><strong>alIIictionem</strong></span> <span class='ocrx_word' id='word_1_197' title='bbox 623 902 762 935; x_wconf 75' lang='lat' dir='ltr'><strong>conjuncti</strong></span> <span class='ocrx_word' id='word_1_198' title='bbox 788 905 870 934; x_wconf 89' lang='lat' dir='ltr'><strong>atque</strong></span> <span class='ocrx_word' id='word_1_199' title='bbox 886 899 990 926; x_wconf 80' lang='lat' dir='ltr'><strong>collecti</strong></span> <span class='ocrx_word' id='word_1_200' title='bbox 1007 899 1084 933; x_wconf 86' lang='lat' dir='ltr'><strong>(non-</strong></span> 
     </span>
    </p>
   </div>
   <div class='ocr_carea' id='block_1_30' title="bbox 296 945 1086 989">
    <p class='ocr_par' dir='ltr' id='par_1_30' title="bbox 296 945 1086 989">
     <span class='ocr_line' id='line_1_30' title="bbox 296 945 1086 989; baseline -0.014 -7"><span class='ocrx_word' id='word_1_201' title='bbox 296 961 432 989; x_wconf 84' lang='lat' dir='ltr'><strong>nunqnatn</strong></span> <span class='ocrx_word' id='word_1_202' title='bbox 446 952 517 979; x_wconf 91' lang='lat' dir='ltr'><strong>enim</strong></span> <span class='ocrx_word' id='word_1_203' title='bbox 534 950 649 978; x_wconf 81' lang='lat' dir='ltr'><strong>atllictio</strong></span> <span class='ocrx_word' id='word_1_204' title='bbox 662 955 771 984; x_wconf 90' lang='lat' dir='ltr'><strong>quoque</strong></span> <span class='ocrx_word' id='word_1_205' title='bbox 786 948 843 982; x_wconf 84' lang='lat' dir='ltr'><strong>ipsa</strong></span> <span class='ocrx_word' id='word_1_206' title='bbox 861 945 1032 974; x_wconf 89' lang='lat' dir='ltr'><strong>commodum</strong></span> <span class='ocrx_word' id='word_1_207' title='bbox 1044 949 1086 972; x_wconf 84' lang='lat' dir='ltr'><strong>est</strong></span> 
     </span>
    </p>
   </div>
   <div class='ocr_carea' id='block_1_31' title="bbox 295 991 1073 1033">
    <p class='ocr_par' dir='ltr' id='par_1_31' title="bbox 295 991 1073 1033">
     <span class='ocr_line' id='line_1_31' title="bbox 295 991 1073 1033; baseline -0.015 -5"><span class='ocrx_word' id='word_1_208' title='bbox 295 1001 328 1028; x_wconf 80' lang='lat' dir='ltr'><strong>ad</strong></span> <span class='ocrx_word' id='word_1_209' title='bbox 342 1001 455 1028; x_wconf 87' lang='lat' dir='ltr'><strong>salutem</strong></span> <span class='ocrx_word' id='word_1_210' title='bbox 472 995 671 1033; x_wconf 80' lang='lat' dir='ltr'><strong>pltarmacum),</strong></span> <span class='ocrx_word' id='word_1_211' title='bbox 691 995 765 1029; x_wconf 85' lang='lat' dir='ltr'><strong>plebs</strong></span> <span class='ocrx_word' id='word_1_212' title='bbox 787 999 880 1020; x_wconf 82' lang='lat' dir='ltr'><strong>sancta</strong></span> <span class='ocrx_word' id='word_1_213' title='bbox 893 991 1073 1022; x_wconf 88' lang='lat' dir='ltr'><strong>vocabantur,</strong></span> 
     </span>
    </p>
   </div>
   <div class='ocr_carea' id='block_1_32' title="bbox 295 1036 1085 1081">
    <p class='ocr_par' dir='ltr' id='par_1_32' title="bbox 295 1036 1085 1081">
     <span class='ocr_line' id='line_1_32' title="bbox 295 1036 1085 1081; baseline -0.015 -7"><span class='ocrx_word' id='word_1_214' title='bbox 295 1051 323 1074; x_wconf 89' lang='lat' dir='ltr'><strong>et</strong></span> <span class='ocrx_word' id='word_1_215' title='bbox 350 1045 438 1081; x_wconf 85' lang='lat' dir='ltr'><strong>portio</strong></span> <span class='ocrx_word' id='word_1_216' title='bbox 461 1043 579 1075; x_wconf 83' lang='lat' dir='ltr'><strong>Domini,</strong></span> <span class='ocrx_word' id='word_1_217' title='bbox 605 1049 637 1069; x_wconf 81' lang='lat' dir='ltr'><strong>ac</strong></span> <span class='ocrx_word' id='word_1_218' title='bbox 672 1040 762 1076; x_wconf 79' lang='lat' dir='ltr'><strong>regale</strong></span> <span class='ocrx_word' id='word_1_219' title='bbox 791 1038 971 1066; x_wconf 78' lang='lat' dir='ltr'><strong>sacerdotium</strong></span> <span class='ocrx_word' id='word_1_220' title='bbox 983 1037 1016 1063; x_wconf 78' lang='lat'><strong>“.</strong></span> <span class='ocrx_word' id='word_1_221' title='bbox 1030 1036 1085 1063; x_wconf 82' lang='lat' dir='ltr'><strong>Nec</strong></span> 
     </span>
    </p>
   </div>
   <div class='ocr_carea' id='block_1_33' title="bbox 296 1083 1087 1124">
    <p class='ocr_par' dir='ltr' id='par_1_33' title="bbox 296 1083 1087 1124">
     <span class='ocr_line' id='line_1_33' title="bbox 296 1083 1087 1124; baseline -0.014 -5"><span class='ocrx_word' id='word_1_222' title='bbox 296 1100 361 1119; x_wconf 84' lang='lat' dir='ltr'><strong>vero</strong></span> <span class='ocrx_word' id='word_1_223' title='bbox 376 1092 426 1118; x_wconf 85' lang='lat' dir='ltr'><strong>hoc</strong></span> <span class='ocrx_word' id='word_1_224' title='bbox 440 1090 492 1116; x_wconf 78' lang='lat' dir='ltr'><strong>dici</strong></span> <span class='ocrx_word' id='word_1_225' title='bbox 511 1093 611 1124; x_wconf 85' lang='lat' dir='ltr'><strong>potest,</strong></span> <span class='ocrx_word' id='word_1_226' title='bbox 628 1088 736 1115; x_wconf 84' lang='lat' dir='ltr'><strong>nomina</strong></span> <span class='ocrx_word' id='word_1_227' title='bbox 759 1085 870 1120; x_wconf 81' lang='lat' dir='ltr'><strong>quidem</strong></span> <span class='ocrx_word' id='word_1_228' title='bbox 886 1083 974 1118; x_wconf 80' lang='lat' dir='ltr'><strong>anipla</strong></span> <span class='ocrx_word' id='word_1_229' title='bbox 995 1087 1022 1110; x_wconf 89' lang='lat' dir='ltr'><strong>ct</strong></span> <span class='ocrx_word' id='word_1_230' title='bbox 1034 1090 1087 1109; x_wconf 84' lang='lat' dir='ltr'><strong>ma-</strong></span> 
     </span>
    </p>
   </div>
   <div class='ocr_carea' id='block_1_34' title="bbox 297 1128 1085 1172">
    <p class='ocr_par' dir='ltr' id='par_1_34' title="bbox 297 1128 1085 1172">
     <span class='ocr_line' id='line_1_34' title="bbox 297 1128 1085 1172; baseline -0.013 -8"><span class='ocrx_word' id='word_1_231' title='bbox 297 1137 394 1172; x_wconf 79' lang='lat' dir='ltr'><strong>gnifica</strong></span> <span class='ocrx_word' id='word_1_232' title='bbox 411 1136 504 1167; x_wconf 85' lang='lat' dir='ltr'><strong>fuisse,</strong></span> <span class='ocrx_word' id='word_1_233' title='bbox 517 1139 644 1162; x_wconf 66' lang='lat' dir='ltr'><strong>caeterum</strong></span> <span class='ocrx_word' id='word_1_234' title='bbox 662 1132 819 1160; x_wconf 87' lang='lat' dir='ltr'><strong>nominibus</strong></span> <span class='ocrx_word' id='word_1_235' title='bbox 839 1138 882 1157; x_wconf 90' lang='lat' dir='ltr'><strong>res</strong></span> <span class='ocrx_word' id='word_1_236' title='bbox 898 1130 971 1164; x_wconf 84' lang='lat' dir='ltr'><strong>ipsas</strong></span> <span class='ocrx_word' id='word_1_237' title='bbox 991 1128 1085 1165; x_wconf 40' lang='lat' dir='ltr'><strong>&#39;baud»</strong></span> 
     </span>
    </p>
   </div>
   <div class='ocr_carea' id='block_1_35' title="bbox 298 1173 1085 1218">
    <p class='ocr_par' dir='ltr' id='par_1_35' title="bbox 298 1173 1085 1218">
     <span class='ocr_line' id='line_1_35' title="bbox 298 1173 1085 1218; baseline -0.011 -8"><span class='ocrx_word' id='word_1_238' title='bbox 298 1190 432 1218; x_wconf 83' lang='lat' dir='ltr'><strong>quaquam</strong></span> <span class='ocrx_word' id='word_1_239' title='bbox 447 1181 628 1215; x_wconf 80' lang='lat' dir='ltr'><strong>respondisse.</strong></span> <span class='ocrx_word' id='word_1_240' title='bbox 643 1178 710 1205; x_wconf 79' lang='lat' dir='ltr'><strong>Nam</strong></span> <span class='ocrx_word' id='word_1_241' title='bbox 732 1182 759 1204; x_wconf 90' lang='lat' dir='ltr'><strong>et.</strong></span> <span class='ocrx_word' id='word_1_242' title='bbox 775 1177 889 1204; x_wconf 88' lang='lat' dir='ltr'><strong>ducibus</strong></span> <span class='ocrx_word' id='word_1_243' title='bbox 905 1183 920 1202; x_wconf 93' lang='lat' dir='ltr'><strong>a</strong></span> <span class='ocrx_word' id='word_1_244' title='bbox 933 1175 986 1201; x_wconf 88' lang='lat' dir='ltr'><strong>Deo</strong></span> <span class='ocrx_word' id='word_1_245' title='bbox 998 1173 1085 1201; x_wconf 89' lang='lat' dir='ltr'><strong>ductis</strong></span> 
     </span>
    </p>
   </div>
   <div class='ocr_carea' id='block_1_36' title="bbox 298 1219 1086 1261">
    <p class='ocr_par' dir='ltr' id='par_1_36' title="bbox 298 1219 1086 1261">
     <span class='ocr_line' id='line_1_36' title="bbox 298 1219 1086 1261; baseline -0.014 -5"><span class='ocrx_word' id='word_1_246' title='bbox 298 1230 455 1259; x_wconf 83' lang='lat' dir='ltr'><strong>utebantur,</strong></span> <span class='ocrx_word' id='word_1_247' title='bbox 475 1232 502 1254; x_wconf 90' lang='lat' dir='ltr'><strong>et</strong></span> <span class='ocrx_word' id='word_1_248' title='bbox 529 1233 577 1261; x_wconf 87' lang='lat' dir='ltr'><strong>per</strong></span> <span class='ocrx_word' id='word_1_249' title='bbox 603 1225 757 1252; x_wconf 86' lang='lat' dir='ltr'><strong>columnam</strong></span> <span class='ocrx_word' id='word_1_250' title='bbox 785 1222 854 1256; x_wconf 70' lang='lat' dir='ltr'><strong>ignis</strong></span> <span class='ocrx_word' id='word_1_251' title='bbox 884 1227 911 1249; x_wconf 91' lang='lat' dir='ltr'><strong>et</strong></span> <span class='ocrx_word' id='word_1_252' title='bbox 931 1220 1010 1247; x_wconf 89' lang='lat' dir='ltr'><strong>nubis</strong></span> <span class='ocrx_word' id='word_1_253' title='bbox 1040 1219 1086 1245; x_wconf 90' lang='lat' dir='ltr'><strong>diu</strong></span> 
     </span>
    </p>
   </div>
   <div class='ocr_carea' id='block_1_37' title="bbox 298 1265 1085 1309">
    <p class='ocr_par' dir='ltr' id='par_1_37' title="bbox 298 1265 1085 1309">
     <span class='ocr_line' id='line_1_37' title="bbox 298 1265 1085 1309; baseline -0.014 -6"><span class='ocrx_word' id='word_1_254' title='bbox 298 1281 433 1309; x_wconf 90' lang='lat' dir='ltr'><strong>noctuque</strong></span> <span class='ocrx_word' id='word_1_255' title='bbox 448 1272 650 1301; x_wconf 77' lang='lat' dir='ltr'><strong>deducebantur</strong></span> <span class='ocrx_word' id='word_1_256' title='bbox 662 1270 700 1303; x_wconf 82' lang='lat'><strong>“;</strong></span> <span class='ocrx_word' id='word_1_257' title='bbox 717 1274 744 1297; x_wconf 89' lang='lat' dir='ltr'><strong>et</strong></span> <span class='ocrx_word' id='word_1_258' title='bbox 768 1267 936 1303; x_wconf 80' lang='lat' dir='ltr'><strong>fugientibus</strong></span> <span class='ocrx_word' id='word_1_259' title='bbox 952 1274 1027 1293; x_wconf 87' lang='lat' dir='ltr'><strong>mare</strong></span> <span class='ocrx_word' id='word_1_260' title='bbox 1041 1265 1085 1292; x_wconf 84' lang='lat' dir='ltr'><strong>di-</strong></span> 
     </span>
    </p>
   </div>
   <div class='ocr_carea' id='block_1_38' title="bbox 298 1310 1086 1350">
    <p class='ocr_par' dir='ltr' id='par_1_38' title="bbox 298 1310 1086 1350">
     <span class='ocr_line' id='line_1_38' title="bbox 298 1310 1086 1350; baseline -0.016 -1"><span class='ocrx_word' id='word_1_261' title='bbox 298 1321 440 1348; x_wconf 78' lang='lat' dir='ltr'><strong>videbatur</strong></span> <span class='ocrx_word' id='word_1_262' title='bbox 458 1319 507 1350; x_wconf 77' lang='lat'><strong>“&#39;,</strong></span> <span class='ocrx_word' id='word_1_263' title='bbox 520 1322 547 1345; x_wconf 88' lang='lat' dir='ltr'><strong>et</strong></span> <span class='ocrx_word' id='word_1_264' title='bbox 574 1317 646 1343; x_wconf 89' lang='lat' dir='ltr'><strong>fame</strong></span> <span class='ocrx_word' id='word_1_265' title='bbox 675 1313 862 1342; x_wconf 82' lang='lat' dir='ltr'><strong>laborantibus</strong></span> <span class='ocrx_word' id='word_1_266' title='bbox 891 1311 987 1339; x_wconf 72' lang='lat' dir='ltr'><strong>cmlnm</strong></span> <span class='ocrx_word' id='word_1_267' title='bbox 1012 1310 1086 1337; x_wconf 81' lang='lat' dir='ltr'><strong>cibos</strong></span> 
     </span>
    </p>
   </div>
   <div class='ocr_carea' id='block_1_39' title="bbox 298 1355 1087 1394">
    <p class='ocr_par' dir='ltr' id='par_1_39' title="bbox 298 1355 1087 1394">
     <span class='ocr_line' id='line_1_39' title="bbox 298 1355 1087 1394; baseline -0.015 -1"><span class='ocrx_word' id='word_1_268' title='bbox 298 1363 521 1393; x_wconf 82' lang='lat' dir='ltr'><strong>subministrabat</strong></span> <span class='ocrx_word' id='word_1_269' title='bbox 539 1361 574 1394; x_wconf 82' lang='lat'><strong>“,</strong></span> <span class='ocrx_word' id='word_1_270' title='bbox 591 1365 618 1387; x_wconf 88' lang='lat' dir='ltr'><strong>et</strong></span> <span class='ocrx_word' id='word_1_271' title='bbox 639 1358 792 1386; x_wconf 88' lang='lat' dir='ltr'><strong>sitientibus</strong></span> <span class='ocrx_word' id='word_1_272' title='bbox 818 1362 891 1391; x_wconf 83' lang='lat' dir='ltr'><strong>petra</strong></span> <span class='ocrx_word' id='word_1_273' title='bbox 910 1363 986 1382; x_wconf 88' lang='lat' dir='ltr'><strong>usum</strong></span> <span class='ocrx_word' id='word_1_274' title='bbox 1006 1355 1087 1382; x_wconf 83' lang='lat' dir='ltr'><strong>fontis</strong></span> 
     </span>
    </p>
   </div>
   <div class='ocr_carea' id='block_1_40' title="bbox 297 1401 1087 1445">
    <p class='ocr_par' dir='ltr' id='par_1_40' title="bbox 297 1401 1087 1445">
     <span class='ocr_line' id='line_1_40' title="bbox 297 1401 1087 1445; baseline -0.013 -8"><span class='ocrx_word' id='word_1_275' title='bbox 297 1410 436 1445; x_wconf 68' lang='lat' dir='ltr'><strong>prmbebat</strong></span> <span class='ocrx_word' id='word_1_276' title='bbox 449 1408 483 1441; x_wconf 82' lang='lat'><strong>&quot;,</strong></span> <span class='ocrx_word' id='word_1_277' title='bbox 502 1411 529 1434; x_wconf 89' lang='lat' dir='ltr'><strong>et.</strong></span> <span class='ocrx_word' id='word_1_278' title='bbox 552 1406 735 1442; x_wconf 71' lang='lat' dir='ltr'><strong>pugnantibus</strong></span> <span class='ocrx_word' id='word_1_279' title='bbox 756 1411 883 1430; x_wconf 85' lang='lat' dir='ltr'><strong>manuum</strong></span> <span class='ocrx_word' id='word_1_280' title='bbox 908 1401 1030 1428; x_wconf 77' lang='lat' dir='ltr'><strong>extensio</strong></span> <span class='ocrx_word' id='word_1_281' title='bbox 1047 1401 1087 1428; x_wconf 89' lang='lat' dir='ltr'><strong>in-</strong></span> 
     </span>
    </p>
   </div>
   <div class='ocr_carea' id='block_1_41' title="bbox 298 1448 1086 1487">
    <p class='ocr_par' dir='ltr' id='par_1_41' title="bbox 298 1448 1086 1487">
     <span class='ocr_line' id='line_1_41' title="bbox 298 1448 1086 1487; baseline -0.014 -3"><span class='ocrx_word' id='word_1_282' title='bbox 298 1455 508 1484; x_wconf 85' lang='lat' dir='ltr'><strong>numerabilium</strong></span> <span class='ocrx_word' id='word_1_283' title='bbox 524 1453 663 1487; x_wconf 86' lang='lat' dir='ltr'><strong>copiarum</strong></span> <span class='ocrx_word' id='word_1_284' title='bbox 681 1451 778 1482; x_wconf 85' lang='lat' dir='ltr'><strong>instar,</strong></span> <span class='ocrx_word' id='word_1_285' title='bbox 792 1454 851 1475; x_wconf 83' lang='lat' dir='ltr'><strong>erat</strong></span> <span class='ocrx_word' id='word_1_286' title='bbox 861 1448 993 1476; x_wconf 83' lang='lat' dir='ltr'><strong>orationis</strong></span> <span class='ocrx_word' id='word_1_287' title='bbox 1005 1454 1086 1482; x_wconf 85' lang='lat' dir='ltr'><strong>opera</strong></span> 
     </span>
    </p>
   </div>
   <div class='ocr_carea' id='block_1_42' title="bbox 299 1493 1086 1535">
    <p class='ocr_par' dir='ltr' id='par_1_42' title="bbox 299 1493 1086 1535">
     <span class='ocr_line' id='line_1_42' title="bbox 299 1493 1086 1535; baseline -0.01 -8"><span class='ocrx_word' id='word_1_288' title='bbox 299 1505 398 1535; x_wconf 65' lang='lat' dir='ltr'><strong>tropaea</strong></span> <span class='ocrx_word' id='word_1_289' title='bbox 431 1499 539 1534; x_wconf 73' lang='lat' dir='ltr'><strong>erigens</strong></span> <span class='ocrx_word' id='word_1_290' title='bbox 560 1517 568 1530; x_wconf 91' lang='lat'><strong>,</strong></span> <span class='ocrx_word' id='word_1_291' title='bbox 599 1497 725 1529; x_wconf 82' lang='lat' dir='ltr'><strong>viamque</strong></span> <span class='ocrx_word' id='word_1_292' title='bbox 757 1495 871 1522; x_wconf 89' lang='lat' dir='ltr'><strong>ulterius</strong></span> <span class='ocrx_word' id='word_1_293' title='bbox 898 1494 1023 1528; x_wconf 78' lang='lat' dir='ltr'><strong>aperiens</strong></span> <span class='ocrx_word' id='word_1_294' title='bbox 1043 1493 1086 1525; x_wconf 68' lang='grc'><strong>⁸⁸;</strong></span> 
     </span>
    </p>
   </div>
   <div class='ocr_carea' id='block_1_43' title="bbox 299 1539 1124 1578">
    <p class='ocr_par' dir='ltr' id='par_1_43' title="bbox 299 1539 1124 1578">
     <span class='ocr_line' id='line_1_43' title="bbox 299 1539 1124 1578; baseline -0.011 -4"><span class='ocrx_word' id='word_1_295' title='bbox 299 1546 373 1574; x_wconf 81' lang='lat' dir='ltr'><strong>ﬂuvii</strong></span> <span class='ocrx_word' id='word_1_296' title='bbox 389 1546 468 1573; x_wconf 89' lang='lat' dir='ltr'><strong>ctiam</strong></span> <span class='ocrx_word' id='word_1_297' title='bbox 484 1564 492 1577; x_wconf 82' lang='lat'><strong>,</strong></span> <span class='ocrx_word' id='word_1_298' title='bbox 510 1548 654 1578; x_wconf 72' lang='lat' dir='ltr'><strong>cognatum</strong></span> <span class='ocrx_word' id='word_1_299' title='bbox 682 1548 757 1568; x_wconf 86' lang='lat' dir='ltr'><strong>mare</strong></span> <span class='ocrx_word' id='word_1_300' title='bbox 775 1541 931 1572; x_wconf 86' lang='lat' dir='ltr'><strong>imitantes,</strong></span> <span class='ocrx_word' id='word_1_301' title='bbox 946 1539 1087 1572; x_wconf 82' lang='lat' dir='ltr'><strong>cedebant,</strong></span> <span class='ocrx_word' id='word_1_302' title='bbox 1103 1547 1124 1576; x_wconf 73' lang='grc' dir='ltr'><strong>ο</strong></span> 
     </span>
    </p>
   </div>
   <div class='ocr_carea' id='block_1_44' title="bbox 300 1585 1088 1621">
    <p class='ocr_par' dir='ltr' id='par_1_44' title="bbox 300 1585 1088 1621">
     <span class='ocr_line' id='line_1_44' title="bbox 300 1585 1088 1621; baseline -0.011 -1"><span class='ocrx_word' id='word_1_303' title='bbox 300 1598 327 1621; x_wconf 85' lang='lat' dir='ltr'><strong>et</strong></span> <span class='ocrx_word' id='word_1_304' title='bbox 342 1593 474 1619; x_wconf 78' lang='lat' dir='ltr'><strong>elementa</strong></span> <span class='ocrx_word' id='word_1_305' title='bbox 488 1590 683 1621; x_wconf 63' lang='lat' dir='ltr'><strong>consiste-bant,</strong></span> <span class='ocrx_word' id='word_1_306' title='bbox 699 1595 730 1614; x_wconf 90' lang='lat' dir='ltr'><strong>ac</strong></span> <span class='ocrx_word' id='word_1_307' title='bbox 743 1588 812 1614; x_wconf 88' lang='lat' dir='ltr'><strong>mttri</strong></span> <span class='ocrx_word' id='word_1_308' title='bbox 839 1586 910 1613; x_wconf 87' lang='lat' dir='ltr'><strong>tubis</strong></span> <span class='ocrx_word' id='word_1_309' title='bbox 927 1585 1088 1620; x_wconf 76' lang='lat' dir='ltr'><strong>quatieban-</strong></span> 
     </span>
    </p>
   </div>
   <div class='ocr_carea' id='block_1_45' title="bbox 301 1631 1090 1670">
    <p class='ocr_par' dir='ltr' id='par_1_45' title="bbox 301 1631 1090 1670">
     <span class='ocr_line' id='line_1_45' title="bbox 301 1631 1090 1670; baseline -0.011 -5"><span class='ocrx_word' id='word_1_310' title='bbox 301 1644 345 1666; x_wconf 87' lang='lat' dir='ltr'><strong>tur</strong></span> <span class='ocrx_word' id='word_1_311' title='bbox 356 1638 388 1664; x_wconf 81' lang='lat'><strong>&quot;.</strong></span> <span class='ocrx_word' id='word_1_312' title='bbox 404 1636 472 1670; x_wconf 88' lang='lat' dir='ltr'><strong>Qttid</strong></span> <span class='ocrx_word' id='word_1_313' title='bbox 486 1636 556 1663; x_wconf 89' lang='lat' dir='ltr'><strong>enim</strong></span> <span class='ocrx_word' id='word_1_314' title='bbox 569 1634 759 1669; x_wconf 63' lang='lat' dir='ltr'><strong>Egyptiorum</strong></span> <span class='ocrx_word' id='word_1_315' title='bbox 779 1633 870 1667; x_wconf 78' lang='lat' dir='ltr'><strong>plagas</strong></span> <span class='ocrx_word' id='word_1_316' title='bbox 883 1631 910 1658; x_wconf 89' lang='lat' dir='ltr'><strong>in</strong></span> <span class='ocrx_word' id='word_1_317' title='bbox 924 1639 1015 1658; x_wconf 87' lang='lat' dir='ltr'><strong>eorum</strong></span> <span class='ocrx_word' id='word_1_318' title='bbox 1030 1638 1090 1666; x_wconf 77' lang='lat' dir='ltr'><strong>gra-</strong></span> 
     </span>
    </p>
   </div>
   <div class='ocr_carea' id='block_1_46' title="bbox 300 1676 1089 1712">
    <p class='ocr_par' dir='ltr' id='par_1_46' title="bbox 300 1676 1089 1712">
     <span class='ocr_line' id='line_1_46' title="bbox 300 1676 1089 1712; baseline -0.011 -1"><span class='ocrx_word' id='word_1_319' title='bbox 300 1685 365 1712; x_wconf 87' lang='lat' dir='ltr'><strong>tiam</strong></span> <span class='ocrx_word' id='word_1_320' title='bbox 391 1682 506 1710; x_wconf 81' lang='lat' dir='ltr'><strong>inﬂtctas</strong></span> <span class='ocrx_word' id='word_1_321' title='bbox 537 1685 752 1708; x_wconf 86' lang='lat' dir='ltr'><strong>commemorare</strong></span> <span class='ocrx_word' id='word_1_322' title='bbox 777 1677 934 1704; x_wconf 75' lang='lat' dir='ltr'><strong>attinet“?</strong></span> <span class='ocrx_word' id='word_1_323' title='bbox 956 1677 1024 1710; x_wconf 84' lang='lat' dir='ltr'><strong>Quid</strong></span> <span class='ocrx_word' id='word_1_324' title='bbox 1043 1676 1089 1703; x_wconf 87' lang='lat' dir='ltr'><strong>Dei</strong></span> 
     </span>
    </p>
   </div>
   <div class='ocr_carea' id='block_1_47' title="bbox 299 1720 1087 1758">
    <p class='ocr_par' dir='ltr' id='par_1_47' title="bbox 299 1720 1087 1758">
     <span class='ocr_line' id='line_1_47' title="bbox 299 1720 1087 1758; baseline -0.011 -1"><span class='ocrx_word' id='word_1_325' title='bbox 299 1736 382 1757; x_wconf 86' lang='lat' dir='ltr'><strong>voces</strong></span> <span class='ocrx_word' id='word_1_326' title='bbox 400 1736 414 1756; x_wconf 90' lang='lat' dir='ltr'><strong>e</strong></span> <span class='ocrx_word' id='word_1_327' title='bbox 434 1733 524 1755; x_wconf 85' lang='lat' dir='ltr'><strong>monte</strong></span> <span class='ocrx_word' id='word_1_328' title='bbox 539 1727 645 1753; x_wconf 88' lang='lat' dir='ltr'><strong>auditas</strong></span> <span class='ocrx_word' id='word_1_329' title='bbox 659 1726 703 1752; x_wconf 69' lang='lat'><strong>&quot;&#39;2</strong></span> <span class='ocrx_word' id='word_1_330' title='bbox 731 1724 799 1758; x_wconf 87' lang='lat' dir='ltr'><strong>Quid</strong></span> <span class='ocrx_word' id='word_1_331' title='bbox 828 1720 962 1758; x_wconf 83' lang='lat' dir='ltr'><strong>duplicem</strong></span> <span class='ocrx_word' id='word_1_332' title='bbox 983 1723 1068 1757; x_wconf 72' lang='lat' dir='ltr'><strong>legem</strong></span> <span class='ocrx_word' id='word_1_333' title='bbox 1080 1742 1087 1754; x_wconf 86' lang='lat'><strong>,</strong></span> 
     </span>
    </p>
   </div>
   <div class='ocr_carea' id='block_1_48' title="bbox 300 1769 1089 1806">
    <p class='ocr_par' dir='ltr' id='par_1_48' title="bbox 300 1769 1089 1806">
     <span class='ocr_line' id='line_1_48' title="bbox 300 1769 1089 1806; baseline -0.009 -4"><span class='ocrx_word' id='word_1_334' title='bbox 300 1775 412 1803; x_wconf 85' lang='lat' dir='ltr'><strong>alteram</strong></span> <span class='ocrx_word' id='word_1_335' title='bbox 431 1773 588 1805; x_wconf 85' lang='lat' dir='ltr'><strong>Iitteraletn,</strong></span> <span class='ocrx_word' id='word_1_336' title='bbox 605 1771 777 1806; x_wconf 83' lang='lat' dir='ltr'><strong>spiritualem</strong></span> <span class='ocrx_word' id='word_1_337' title='bbox 792 1769 905 1796; x_wconf 83' lang='lat' dir='ltr'><strong>alteram</strong></span> <span class='ocrx_word' id='word_1_338' title='bbox 920 1769 931 1795; x_wconf 90' lang='lat'><strong>?</strong></span> <span class='ocrx_word' id='word_1_339' title='bbox 954 1769 1023 1801; x_wconf 84' lang='lat' dir='ltr'><strong>Quid</strong></span> <span class='ocrx_word' id='word_1_340' title='bbox 1037 1776 1089 1795; x_wconf 63' lang='lat' dir='ltr'><strong>caa-</strong></span> 
     </span>
    </p>
   </div>
   <div class='ocr_carea' id='block_1_49' title="bbox 301 1814 1088 1853">
    <p class='ocr_par' dir='ltr' id='par_1_49' title="bbox 301 1814 1088 1853">
     <span class='ocr_line' id='line_1_49' title="bbox 301 1814 1088 1853; baseline -0.01 -4"><span class='ocrx_word' id='word_1_341' title='bbox 301 1826 374 1849; x_wconf 90' lang='lat' dir='ltr'><strong>teros</strong></span> <span class='ocrx_word' id='word_1_342' title='bbox 389 1822 517 1852; x_wconf 83' lang='lat' dir='ltr'><strong>honores,</strong></span> <span class='ocrx_word' id='word_1_343' title='bbox 532 1826 601 1853; x_wconf 89' lang='lat' dir='ltr'><strong>quos</strong></span> <span class='ocrx_word' id='word_1_344' title='bbox 621 1817 701 1845; x_wconf 83' lang='lat' dir='ltr'><strong>Israel</strong></span> <span class='ocrx_word' id='word_1_345' title='bbox 728 1817 833 1844; x_wconf 87' lang='lat' dir='ltr'><strong>meritis</strong></span> <span class='ocrx_word' id='word_1_346' title='bbox 857 1815 913 1842; x_wconf 90' lang='lat' dir='ltr'><strong>suis</strong></span> <span class='ocrx_word' id='word_1_347' title='bbox 937 1814 1015 1849; x_wconf 81' lang='lat' dir='ltr'><strong>longe</strong></span> <span class='ocrx_word' id='word_1_348' title='bbox 1033 1822 1088 1841; x_wconf 82' lang='lat' dir='ltr'><strong>am-</strong></span> 
     </span>
    </p>
   </div>
   <div class='ocr_carea' id='block_1_50' title="bbox 300 1863 1089 1903">
    <p class='ocr_par' dir='ltr' id='par_1_50' title="bbox 300 1863 1089 1903">
     <span class='ocr_line' id='line_1_50' title="bbox 300 1863 1089 1903; baseline -0.011 -8"><span class='ocrx_word' id='word_1_349' title='bbox 300 1868 402 1903; x_wconf 86' lang='lat' dir='ltr'><strong>pliores</strong></span> <span class='ocrx_word' id='word_1_350' title='bbox 416 1867 479 1894; x_wconf 91' lang='lat' dir='ltr'><strong>olim</strong></span> <span class='ocrx_word' id='word_1_351' title='bbox 491 1869 653 1893; x_wconf 85' lang='lat' dir='ltr'><strong>consecutus</strong></span> <span class='ocrx_word' id='word_1_352' title='bbox 666 1863 726 1890; x_wconf 87' lang='lat' dir='ltr'><strong>est?</strong></span> <span class='ocrx_word' id='word_1_353' title='bbox 742 1863 777 1889; x_wconf 83' lang='lat' dir='ltr'><strong>At</strong></span> <span class='ocrx_word' id='word_1_354' title='bbox 789 1867 931 1896; x_wconf 88' lang='lat' dir='ltr'><strong>postquam</strong></span> <span class='ocrx_word' id='word_1_355' title='bbox 945 1865 1089 1896; x_wconf 60' lang='lat' dir='ltr'><strong>aegrotare,</strong></span> 
     </span>
    </p>
   </div>
   <div class='ocr_carea' id='block_1_51' title="bbox 301 1906 1091 1946">
    <p class='ocr_par' dir='ltr' id='par_1_51' title="bbox 301 1906 1091 1946">
     <span class='ocr_line' id='line_1_51' title="bbox 301 1906 1091 1946; baseline -0.011 -5"><span class='ocrx_word' id='word_1_356' title='bbox 301 1918 328 1941; x_wconf 87' lang='lat' dir='ltr'><strong>et</strong></span> <span class='ocrx_word' id='word_1_357' title='bbox 343 1914 368 1941; x_wconf 92' lang='lat' dir='ltr'><strong>in</strong></span> <span class='ocrx_word' id='word_1_358' title='bbox 386 1913 490 1946; x_wconf 86' lang='lat' dir='ltr'><strong>seipsos</strong></span> <span class='ocrx_word' id='word_1_359' title='bbox 507 1915 600 1938; x_wconf 88' lang='lat' dir='ltr'><strong>mutuo</strong></span> <span class='ocrx_word' id='word_1_360' title='bbox 617 1910 707 1936; x_wconf 89' lang='lat' dir='ltr'><strong>furere</strong></span> <span class='ocrx_word' id='word_1_361' title='bbox 722 1929 730 1942; x_wconf 93' lang='lat'><strong>,</strong></span> <span class='ocrx_word' id='word_1_362' title='bbox 752 1913 833 1942; x_wconf 86' lang='lat' dir='ltr'><strong>atque</strong></span> <span class='ocrx_word' id='word_1_363' title='bbox 849 1908 875 1934; x_wconf 93' lang='lat' dir='ltr'><strong>in</strong></span> <span class='ocrx_word' id='word_1_364' title='bbox 890 1906 989 1934; x_wconf 90' lang='lat' dir='ltr'><strong>multas</strong></span> <span class='ocrx_word' id='word_1_365' title='bbox 1002 1910 1091 1941; x_wconf 81' lang='lat' dir='ltr'><strong>partes</strong></span> 
     </span>
    </p>
   </div>
   <div class='ocr_carea' id='block_1_52' title="bbox 302 1953 1091 1991">
    <p class='ocr_par' dir='ltr' id='par_1_52' title="bbox 302 1953 1091 1991">
     <span class='ocr_line' id='line_1_52' title="bbox 302 1953 1091 1991; baseline -0.01 -5"><span class='ocrx_word' id='word_1_366' title='bbox 302 1959 384 1986; x_wconf 90' lang='lat' dir='ltr'><strong>dividi</strong></span> <span class='ocrx_word' id='word_1_367' title='bbox 400 1961 545 1991; x_wconf 69' lang='lat' dir='ltr'><strong>cmperunt</strong></span> <span class='ocrx_word' id='word_1_368' title='bbox 561 1956 656 1991; x_wconf 86' lang='lat' dir='ltr'><strong>(cruce</strong></span> <span class='ocrx_word' id='word_1_369' title='bbox 672 1955 810 1987; x_wconf 84' lang='lat' dir='ltr'><strong>nimirum,</strong></span> <span class='ocrx_word' id='word_1_370' title='bbox 824 1958 852 1980; x_wconf 87' lang='lat' dir='ltr'><strong>et</strong></span> <span class='ocrx_word' id='word_1_371' title='bbox 869 1953 1013 1985; x_wconf 84' lang='lat' dir='ltr'><strong>dementia,</strong></span> <span class='ocrx_word' id='word_1_372' title='bbox 1039 1959 1091 1987; x_wconf 89' lang='lat' dir='ltr'><strong>qua</strong></span> 
     </span>
    </p>
   </div>
   <div class='ocr_carea' id='block_1_53' title="bbox 303 1998 1091 2033">
    <p class='ocr_par' dir='ltr' id='par_1_53' title="bbox 303 1998 1091 2033">
     <span class='ocr_line' id='line_1_53' title="bbox 303 1998 1091 2033; baseline -0.008 -1"><span class='ocrx_word' id='word_1_373' title='bbox 303 2006 432 2033; x_wconf 82' lang='lat' dir='ltr'><strong>adversus</strong></span> <span class='ocrx_word' id='word_1_374' title='bbox 445 2004 529 2031; x_wconf 82' lang='lat' dir='ltr'><strong>Deum</strong></span> <span class='ocrx_word' id='word_1_375' title='bbox 546 2007 573 2029; x_wconf 90' lang='lat' dir='ltr'><strong>et</strong></span> <span class='ocrx_word' id='word_1_376' title='bbox 587 2002 757 2030; x_wconf 79' lang='lat' dir='ltr'><strong>Salvatorem</strong></span> <span class='ocrx_word' id='word_1_377' title='bbox 770 2005 903 2032; x_wconf 86' lang='lat' dir='ltr'><strong>nostrum,</strong></span> <span class='ocrx_word' id='word_1_378' title='bbox 917 2000 976 2032; x_wconf 86' lang='lat' dir='ltr'><strong>ejus</strong></span> <span class='ocrx_word' id='word_1_379' title='bbox 992 1998 1091 2026; x_wconf 85' lang='lat' dir='ltr'><strong>divini-</strong></span> 
     </span>
    </p>
   </div>
   <div class='ocr_carea' id='block_1_54' title="bbox 304 2043 1090 2081">
    <p class='ocr_par' dir='ltr' id='par_1_54' title="bbox 304 2043 1090 2081">
     <span class='ocr_line' id='line_1_54' title="bbox 304 2043 1090 2081; baseline -0.009 -3"><span class='ocrx_word' id='word_1_380' title='bbox 304 2056 386 2078; x_wconf 88' lang='lat' dir='ltr'><strong>tatem</strong></span> <span class='ocrx_word' id='word_1_381' title='bbox 403 2051 428 2077; x_wconf 90' lang='lat' dir='ltr'><strong>in</strong></span> <span class='ocrx_word' id='word_1_382' title='bbox 446 2043 613 2076; x_wconf 77' lang='lat' dir='ltr'><strong>humanitate</strong></span> <span class='ocrx_word' id='word_1_383' title='bbox 627 2047 738 2074; x_wconf 88' lang='lat' dir='ltr'><strong>minime</strong></span> <span class='ocrx_word' id='word_1_384' title='bbox 756 2050 935 2081; x_wconf 80' lang='lat' dir='ltr'><strong>agnoscentes</strong></span> <span class='ocrx_word' id='word_1_385' title='bbox 947 2065 954 2077; x_wconf 94' lang='lat'><strong>,</strong></span> <span class='ocrx_word' id='word_1_386' title='bbox 970 2045 1090 2072; x_wconf 87' lang='lat' dir='ltr'><strong>insanie-</strong></span> 
     </span>
    </p>
   </div>
   <div class='ocr_carea' id='block_1_55' title="bbox 1172 760 1924 800">
    <p class='ocr_par' dir='ltr' id='par_1_55' title="bbox 1172 760 1924 800">
     <span class='ocr_line' id='line_1_55' title="bbox 1172 760 1924 800; baseline 0.005 -13"><span class='ocrx_word' id='word_1_387' title='bbox 1172 760 1223 788; x_wconf 87' lang='lat' dir='ltr'><strong>IZ&#39;.</strong></span> <span class='ocrx_word' id='word_1_388' title='bbox 1240 761 1296 796; x_wconf 70' lang='grc' dir='ltr'><strong>Οὐχ</strong></span> <span class='ocrx_word' id='word_1_389' title='bbox 1314 767 1369 797; x_wconf 58' lang='grc' dir='ltr'><strong>να)</strong></span> <span class='ocrx_word' id='word_1_390' title='bbox 1384 771 1435 793; x_wconf 78' lang='grc' dir='ltr'><strong>ιως</strong></span> <span class='ocrx_word' id='word_1_391' title='bbox 1449 770 1499 798; x_wconf 81' lang='grc' dir='ltr'><strong>μεν</strong></span> <span class='ocrx_word' id='word_1_392' title='bbox 1512 771 1624 799; x_wconf 79' lang='grc' dir='ltr'>ειρηνην</span> <span class='ocrx_word' id='word_1_393' title='bbox 1641 772 1713 799; x_wconf 80' lang='grc' dir='ltr'>ε.χον</span> <span class='ocrx_word' id='word_1_394' title='bbox 1729 764 1776 790; x_wconf 72' lang='grc' dir='ltr'><strong>καὶ</strong></span> <span class='ocrx_word' id='word_1_395' title='bbox 1793 764 1861 800; x_wconf 79' lang='grc' dir='ltr'>πρὸς</span> <span class='ocrx_word' id='word_1_396' title='bbox 1874 764 1924 791; x_wconf 80' lang='grc' dir='ltr'><strong>ἀλ-</strong></span> 
     </span>
    </p>
   </div>
   <div class='ocr_carea' id='block_1_56' title="bbox 1136 807 1924 845">
    <p class='ocr_par' dir='ltr' id='par_1_56' title="bbox 1136 807 1924 845">
     <span class='ocr_line' id='line_1_56' title="bbox 1136 807 1924 845; baseline 0.004 -12"><span class='ocrx_word' id='word_1_397' title='bbox 1136 807 1234 842; x_wconf 78' lang='grc' dir='ltr'>λήλους</span> <span class='ocrx_word' id='word_1_398' title='bbox 1250 808 1297 834; x_wconf 76' lang='grc' dir='ltr'><strong>καὶ</strong></span> <span class='ocrx_word' id='word_1_399' title='bbox 1311 808 1377 843; x_wconf 65' lang='grc' dir='ltr'>πρὸς</span> <span class='ocrx_word' id='word_1_400' title='bbox 1387 808 1464 839; x_wconf 80' lang='grc' dir='ltr'>Θεὸν,</span> <span class='ocrx_word' id='word_1_401' title='bbox 1478 808 1608 844; x_wconf 75' lang='grc' dir='ltr'><strong>Αἰγύπτῳ</strong></span> <span class='ocrx_word' id='word_1_402' title='bbox 1627 811 1659 845; x_wconf 83' lang='grc' dir='ltr'>τῇ</span> <span class='ocrx_word' id='word_1_403' title='bbox 1678 809 1785 845; x_wconf 78' lang='grc' dir='ltr'>καμίνῳ</span> <span class='ocrx_word' id='word_1_404' title='bbox 1797 811 1830 845; x_wconf 84' lang='grc' dir='ltr'>τῇ</span> <span class='ocrx_word' id='word_1_405' title='bbox 1849 810 1924 845; x_wconf 65' lang='grc' dir='ltr'>σιδηο</span> 
     </span>
    </p>
   </div>
   <div class='ocr_carea' id='block_1_57' title="bbox 1138 853 1926 891">
    <p class='ocr_par' dir='ltr' id='par_1_57' title="bbox 1138 853 1926 891">
     <span class='ocr_line' id='line_1_57' title="bbox 1138 853 1926 891; baseline 0.004 -11"><span class='ocrx_word' id='word_1_406' title='bbox 1138 855 1171 889; x_wconf 77' lang='grc' dir='ltr'><strong>ρᾷ</strong></span> <span class='ocrx_word' id='word_1_407' title='bbox 1187 853 1350 889; x_wconf 75' lang='grc' dir='ltr'><strong>πιεζόμενοι,</strong></span> <span class='ocrx_word' id='word_1_408' title='bbox 1372 855 1419 881; x_wconf 76' lang='grc' dir='ltr'><strong>καὶ</strong></span> <span class='ocrx_word' id='word_1_409' title='bbox 1436 855 1488 881; x_wconf 82' lang='grc' dir='ltr'><strong>ὑπὸ</strong></span> <span class='ocrx_word' id='word_1_410' title='bbox 1503 857 1551 891; x_wconf 79' lang='grc' dir='ltr'>τῆς</span> <span class='ocrx_word' id='word_1_411' title='bbox 1566 857 1658 891; x_wconf 80' lang='grc' dir='ltr'>κοινῆς</span> <span class='ocrx_word' id='word_1_412' title='bbox 1670 855 1713 890; x_wconf 80' lang='grc'><strong>(93</strong></span> <span class='ocrx_word' id='word_1_413' title='bbox 1728 856 1843 891; x_wconf 72' lang='grc' dir='ltr'>θλίψεως</span> <span class='ocrx_word' id='word_1_414' title='bbox 1863 865 1926 883; x_wconf 73' lang='grc' dir='ltr'>συν-</span> 
     </span>
    </p>
   </div>
   <div class='ocr_carea' id='block_1_58' title="bbox 1137 900 1925 936">
    <p class='ocr_par' dir='ltr' id='par_1_58' title="bbox 1137 900 1925 936">
     <span class='ocr_line' id='line_1_58' title="bbox 1137 900 1925 936; baseline 0.004 -11"><span class='ocrx_word' id='word_1_415' title='bbox 1137 900 1264 934; x_wconf 84' lang='grc' dir='ltr'>αγόμενοι</span> <span class='ocrx_word' id='word_1_416' title='bbox 1281 900 1350 935; x_wconf 80' lang='grc' dir='ltr'>(ἔστι</span> <span class='ocrx_word' id='word_1_417' title='bbox 1380 901 1433 935; x_wconf 78' lang='grc' dir='ltr'><strong>γὰρ</strong></span> <span class='ocrx_word' id='word_1_418' title='bbox 1447 901 1490 927; x_wconf 81' lang='grc' dir='ltr'>ὅτε</span> <span class='ocrx_word' id='word_1_419' title='bbox 1510 901 1556 927; x_wconf 73' lang='grc' dir='ltr'><strong>καὶ</strong></span> <span class='ocrx_word' id='word_1_420' title='bbox 1573 900 1651 927; x_wconf 79' lang='grc' dir='ltr'>τοῦτο</span> <span class='ocrx_word' id='word_1_421' title='bbox 1664 901 1809 936; x_wconf 78' lang='grc' dir='ltr'>φάρμακον</span> <span class='ocrx_word' id='word_1_422' title='bbox 1823 902 1925 936; x_wconf 79' lang='grc' dir='ltr'>ἀγαθὸν</span> 
     </span>
    </p>
   </div>
   <div class='ocr_carea' id='block_1_59' title="bbox 1137 945 1925 983">
    <p class='ocr_par' dir='ltr' id='par_1_59' title="bbox 1137 945 1925 983">
     <span class='ocr_line' id='line_1_59' title="bbox 1137 945 1925 983; baseline 0.004 -12"><span class='ocrx_word' id='word_1_423' title='bbox 1137 947 1176 977; x_wconf 83' lang='grc' dir='ltr'>εἰς</span> <span class='ocrx_word' id='word_1_424' title='bbox 1195 945 1331 981; x_wconf 75' lang='grc' dir='ltr'>σωτηρίαν</span> <span class='ocrx_word' id='word_1_425' title='bbox 1355 946 1371 981; x_wconf 84' lang='grc' dir='ltr'><strong>ἠ</strong></span> <span class='ocrx_word' id='word_1_426' title='bbox 1397 946 1508 980; x_wconf 74' lang='grc' dir='ltr'>θλίψις),</span> <span class='ocrx_word' id='word_1_427' title='bbox 1532 946 1594 978; x_wconf 79' lang='grc' dir='ltr'>λαός</span> <span class='ocrx_word' id='word_1_428' title='bbox 1611 956 1640 973; x_wconf 87' lang='grc' dir='ltr'><strong>τε</strong></span> <span class='ocrx_word' id='word_1_429' title='bbox 1661 948 1737 981; x_wconf 74' lang='grc' dir='ltr'>ἅγιος</span> <span class='ocrx_word' id='word_1_430' title='bbox 1750 948 1855 983; x_wconf 66' lang='grc' dir='ltr'>ἤκουον.</span> <span class='ocrx_word' id='word_1_431' title='bbox 1877 948 1925 975; x_wconf 80' lang='grc' dir='ltr'><strong>καὶ</strong></span> 
     </span>
    </p>
   </div>
   <div class='ocr_carea' id='block_1_60' title="bbox 1139 991 1925 1028">
    <p class='ocr_par' dir='ltr' id='par_1_60' title="bbox 1139 991 1925 1028">
     <span class='ocr_line' id='line_1_60' title="bbox 1139 991 1925 1028; baseline 0.005 -12"><span class='ocrx_word' id='word_1_432' title='bbox 1139 991 1216 1026; x_wconf 68' lang='grc' dir='ltr'>μερὶς</span> <span class='ocrx_word' id='word_1_433' title='bbox 1232 991 1343 1026; x_wconf 84' lang='grc' dir='ltr'>Κυρίου,</span> <span class='ocrx_word' id='word_1_434' title='bbox 1356 991 1403 1018; x_wconf 77' lang='grc' dir='ltr'>καὶ</span> <span class='ocrx_word' id='word_1_435' title='bbox 1419 991 1552 1026; x_wconf 81' lang='grc' dir='ltr'>βασίλειον</span> <span class='ocrx_word' id='word_1_436' title='bbox 1570 992 1729 1028; x_wconf 71' lang='grc' dir='ltr'>ἱεράτευμα.</span> <span class='ocrx_word' id='word_1_437' title='bbox 1750 993 1805 1020; x_wconf 77' lang='grc' dir='ltr'><strong>Καὶ</strong></span> <span class='ocrx_word' id='word_1_438' title='bbox 1822 994 1851 1020; x_wconf 83' lang='grc' dir='ltr'>οὐ</span> <span class='ocrx_word' id='word_1_439' title='bbox 1869 995 1925 1025; x_wconf 79' lang='grc' dir='ltr'>τοῖς</span> 
     </span>
    </p>
   </div>
   <div class='ocr_carea' id='block_1_61' title="bbox 1139 1037 1926 1075">
    <p class='ocr_par' dir='ltr' id='par_1_61' title="bbox 1139 1037 1926 1075">
     <span class='ocr_line' id='line_1_61' title="bbox 1139 1037 1926 1075; baseline 0.005 -13"><span class='ocrx_word' id='word_1_440' title='bbox 1139 1037 1188 1072; x_wconf 84' lang='grc' dir='ltr'>μὲν</span> <span class='ocrx_word' id='word_1_441' title='bbox 1204 1037 1332 1072; x_wconf 76' lang='grc' dir='ltr'>ὀνόμασιν</span> <span class='ocrx_word' id='word_1_442' title='bbox 1343 1037 1413 1063; x_wconf 70' lang='grc' dir='ltr'>οὕτω</span> <span class='ocrx_word' id='word_1_443' title='bbox 1430 1038 1496 1072; x_wconf 60' lang='grc'><strong>(94),</strong></span> <span class='ocrx_word' id='word_1_444' title='bbox 1509 1039 1564 1070; x_wconf 81' lang='grc' dir='ltr'>τοῖς</span> <span class='ocrx_word' id='word_1_445' title='bbox 1576 1038 1604 1064; x_wconf 82' lang='grc' dir='ltr'>δὲ</span> <span class='ocrx_word' id='word_1_446' title='bbox 1619 1038 1709 1074; x_wconf 73' lang='grc' dir='ltr'>ἔργοις</span> <span class='ocrx_word' id='word_1_447' title='bbox 1726 1039 1825 1075; x_wconf 78' lang='grc' dir='ltr'>ἑτέρως</span> <span class='ocrx_word' id='word_1_448' title='bbox 1836 1049 1842 1054; x_wconf 92' lang='grc'><strong>·</strong></span> <span class='ocrx_word' id='word_1_449' title='bbox 1857 1040 1926 1067; x_wconf 76' lang='grc' dir='ltr'>ἀλλὰ</span> 
     </span>
    </p>
   </div>
   <div class='ocr_carea' id='block_1_62' title="bbox 1138 1081 1926 1118">
    <p class='ocr_par' dir='ltr' id='par_1_62' title="bbox 1138 1081 1926 1118">
     <span class='ocr_line' id='line_1_62' title="bbox 1138 1081 1926 1118; baseline 0.006 -11"><span class='ocrx_word' id='word_1_450' title='bbox 1138 1081 1185 1107; x_wconf 70' lang='grc' dir='ltr'>καὶ</span> <span class='ocrx_word' id='word_1_451' title='bbox 1197 1083 1358 1117; x_wconf 68' lang='grc' dir='ltr'><strong>στρατηγοῖς</strong></span> <span class='ocrx_word' id='word_1_452' title='bbox 1373 1082 1469 1117; x_wconf 68' lang='grc' dir='ltr'>ἤγοντο</span> <span class='ocrx_word' id='word_1_453' title='bbox 1479 1083 1621 1118; x_wconf 84' lang='grc' dir='ltr'>ἀγομένοις</span> <span class='ocrx_word' id='word_1_454' title='bbox 1633 1084 1685 1110; x_wconf 74' lang='grc' dir='ltr'><strong>ὑπὸ</strong></span> <span class='ocrx_word' id='word_1_455' title='bbox 1701 1083 1779 1115; x_wconf 81' lang='grc' dir='ltr'>Θεοῦ,</span> <span class='ocrx_word' id='word_1_456' title='bbox 1801 1085 1847 1111; x_wconf 69' lang='grc' dir='ltr'>καὶ</span> <span class='ocrx_word' id='word_1_457' title='bbox 1866 1085 1926 1112; x_wconf 85' lang='grc' dir='ltr'>στύ-</span> 
     </span>
    </p>
   </div>
   <div class='ocr_carea' id='block_1_63' title="bbox 1138 1125 1922 1165">
    <p class='ocr_par' dir='ltr' id='par_1_63' title="bbox 1138 1125 1922 1165">
     <span class='ocr_line' id='line_1_63' title="bbox 1138 1125 1922 1165; baseline 0.008 -14"><span class='ocrx_word' id='word_1_458' title='bbox 1138 1125 1177 1161; x_wconf 87' lang='grc' dir='ltr'>λῳ</span> <span class='ocrx_word' id='word_1_459' title='bbox 1187 1126 1271 1162; x_wconf 79' lang='grc' dir='ltr'>πυρὸς</span> <span class='ocrx_word' id='word_1_460' title='bbox 1286 1128 1331 1154; x_wconf 74' lang='grc' dir='ltr'><strong>καὶ</strong></span> <span class='ocrx_word' id='word_1_461' title='bbox 1346 1127 1460 1163; x_wconf 76' lang='grc' dir='ltr'>νεφέλης</span> <span class='ocrx_word' id='word_1_462' title='bbox 1473 1128 1626 1163; x_wconf 78' lang='grc' dir='ltr'>ὼδηγοῦντο</span> <span class='ocrx_word' id='word_1_463' title='bbox 1636 1130 1732 1161; x_wconf 77' lang='grc' dir='ltr'>νυκτὸς</span> <span class='ocrx_word' id='word_1_464' title='bbox 1745 1130 1792 1156; x_wconf 76' lang='grc' dir='ltr'>καὶ</span> <span class='ocrx_word' id='word_1_465' title='bbox 1804 1130 1922 1165; x_wconf 69' lang='grc' dir='ltr'>ἡμέρας·</span> 
     </span>
    </p>
   </div>
   <div class='ocr_carea' id='block_1_64' title="bbox 1139 1171 1925 1210">
    <p class='ocr_par' dir='ltr' id='par_1_64' title="bbox 1139 1171 1925 1210">
     <span class='ocr_line' id='line_1_64' title="bbox 1139 1171 1925 1210; baseline 0.004 -10"><span class='ocrx_word' id='word_1_466' title='bbox 1139 1173 1185 1200; x_wconf 67' lang='grc' dir='ltr'><strong>καὶ</strong></span> <span class='ocrx_word' id='word_1_467' title='bbox 1203 1173 1324 1200; x_wconf 76' lang='grc' dir='ltr'><strong>Θάλασσα</strong></span> <span class='ocrx_word' id='word_1_468' title='bbox 1345 1174 1393 1209; x_wconf 79' lang='grc' dir='ltr'>μὲν</span> <span class='ocrx_word' id='word_1_469' title='bbox 1413 1175 1504 1206; x_wconf 79' lang='grc' dir='ltr'>αὐτοῖς</span> <span class='ocrx_word' id='word_1_470' title='bbox 1521 1171 1640 1202; x_wconf 71' lang='grc' dir='ltr'>διίστατο</span> <span class='ocrx_word' id='word_1_471' title='bbox 1657 1176 1796 1210; x_wconf 78' lang='grc' dir='ltr'>φεύγουσι,</span> <span class='ocrx_word' id='word_1_472' title='bbox 1811 1177 1925 1203; x_wconf 71' lang='grc' dir='ltr'>πεινῶσι</span> 
     </span>
    </p>
   </div>
   <div class='ocr_carea' id='block_1_65' title="bbox 1138 1219 1927 1259">
    <p class='ocr_par' dir='ltr' id='par_1_65' title="bbox 1138 1219 1927 1259">
     <span class='ocr_line' id='line_1_65' title="bbox 1138 1219 1927 1259; baseline 0.008 -15"><span class='ocrx_word' id='word_1_473' title='bbox 1138 1219 1166 1245; x_wconf 77' lang='grc' dir='ltr'>δὲ</span> <span class='ocrx_word' id='word_1_474' title='bbox 1180 1219 1293 1255; x_wconf 71' lang='grc' dir='ltr'>οὐρανὸς</span> <span class='ocrx_word' id='word_1_475' title='bbox 1307 1220 1431 1255; x_wconf 76' lang='grc' dir='ltr'>ἐχορήγει</span> <span class='ocrx_word' id='word_1_476' title='bbox 1447 1221 1560 1256; x_wconf 65' lang='grc' dir='ltr'>τροφὴν,</span> <span class='ocrx_word' id='word_1_477' title='bbox 1577 1221 1665 1256; x_wconf 76' lang='grc' dir='ltr'>πέτρα</span> <span class='ocrx_word' id='word_1_478' title='bbox 1685 1221 1712 1248; x_wconf 81' lang='grc' dir='ltr'>δὲ</span> <span class='ocrx_word' id='word_1_479' title='bbox 1727 1223 1839 1257; x_wconf 54' lang='grc' dir='ltr'>διψῶσιν</span> <span class='ocrx_word' id='word_1_480' title='bbox 1858 1224 1927 1259; x_wconf 72' lang='grc' dir='ltr'><strong>ἐπή-</strong></span> 
     </span>
    </p>
   </div>
   <div class='ocr_carea' id='block_1_66' title="bbox 1139 1265 1927 1305">
    <p class='ocr_par' dir='ltr' id='par_1_66' title="bbox 1139 1265 1927 1305">
     <span class='ocr_line' id='line_1_66' title="bbox 1139 1265 1927 1305; baseline 0.009 -15"><span class='ocrx_word' id='word_1_481' title='bbox 1139 1265 1216 1299; x_wconf 80' lang='grc' dir='ltr'>γαζε,</span> <span class='ocrx_word' id='word_1_482' title='bbox 1234 1265 1381 1301; x_wconf 78' lang='grc' dir='ltr'>πολεμοῦσι</span> <span class='ocrx_word' id='word_1_483' title='bbox 1404 1266 1432 1292; x_wconf 84' lang='grc' dir='ltr'>δὲ</span> <span class='ocrx_word' id='word_1_484' title='bbox 1458 1267 1557 1302; x_wconf 88' lang='grc' dir='ltr'>χειρῶν</span> <span class='ocrx_word' id='word_1_485' title='bbox 1574 1267 1684 1300; x_wconf 76' lang='grc' dir='ltr'>ἐκτασις</span> <span class='ocrx_word' id='word_1_486' title='bbox 1706 1269 1767 1295; x_wconf 76' lang='grc' dir='ltr'>ἀντὶ</span> <span class='ocrx_word' id='word_1_487' title='bbox 1789 1270 1927 1305; x_wconf 82' lang='grc' dir='ltr'>μυριάδων</span> 
     </span>
    </p>
   </div>
   <div class='ocr_carea' id='block_1_67' title="bbox 1139 1308 1927 1348">
    <p class='ocr_par' dir='ltr' id='par_1_67' title="bbox 1139 1308 1927 1348">
     <span class='ocr_line' id='line_1_67' title="bbox 1139 1308 1927 1348; baseline 0.006 -11"><span class='ocrx_word' id='word_1_488' title='bbox 1139 1308 1182 1346; x_wconf 78' lang='grc' dir='ltr'><strong>ἦν,</strong></span> <span class='ocrx_word' id='word_1_489' title='bbox 1196 1311 1230 1338; x_wconf 75' lang='grc' dir='ltr'>δι’</span> <span class='ocrx_word' id='word_1_490' title='bbox 1246 1313 1328 1347; x_wconf 70' lang='grc' dir='ltr'>εὐχῆς</span> <span class='ocrx_word' id='word_1_491' title='bbox 1341 1312 1486 1348; x_wconf 73' lang='grc' dir='ltr'>ἐγείρουσα</span> <span class='ocrx_word' id='word_1_492' title='bbox 1502 1313 1628 1348; x_wconf 79' lang='grc' dir='ltr'>τρόπαια,</span> <span class='ocrx_word' id='word_1_493' title='bbox 1652 1315 1698 1341; x_wconf 80' lang='grc' dir='ltr'><strong>καὶ</strong></span> <span class='ocrx_word' id='word_1_494' title='bbox 1717 1315 1876 1342; x_wconf 60' lang='grc' dir='ltr'>ὁῶποιοῦσα</span> <span class='ocrx_word' id='word_1_495' title='bbox 1892 1317 1927 1343; x_wconf 75' lang='grc' dir='ltr'>τὰ</span> 
     </span>
    </p>
   </div>
   <div class='ocr_carea' id='block_1_68' title="bbox 1139 1357 1928 1397">
    <p class='ocr_par' dir='ltr' id='par_1_68' title="bbox 1139 1357 1928 1397">
     <span class='ocr_line' id='line_1_68' title="bbox 1139 1357 1928 1397; baseline 0.006 -14"><span class='ocrx_word' id='word_1_496' title='bbox 1139 1357 1294 1393; x_wconf 76' lang='grc' dir='ltr'>ἔμπροσθεν</span> <span class='ocrx_word' id='word_1_497' title='bbox 1305 1366 1312 1374; x_wconf 91' lang='grc'><strong>·</strong></span> <span class='ocrx_word' id='word_1_498' title='bbox 1335 1359 1452 1394; x_wconf 77' lang='grc' dir='ltr'>ποταμοὶ</span> <span class='ocrx_word' id='word_1_499' title='bbox 1469 1359 1496 1385; x_wconf 75' lang='grc' dir='ltr'>δὲ</span> <span class='ocrx_word' id='word_1_500' title='bbox 1514 1359 1671 1396; x_wconf 76' lang='grc' dir='ltr'>ὑπεχώρουν</span> <span class='ocrx_word' id='word_1_501' title='bbox 1687 1361 1736 1395; x_wconf 83' lang='grc' dir='ltr'>τὴν</span> <span class='ocrx_word' id='word_1_502' title='bbox 1750 1363 1866 1397; x_wconf 78' lang='grc' dir='ltr'>συγγενῆ</span> <span class='ocrx_word' id='word_1_503' title='bbox 1883 1371 1928 1397; x_wconf 84' lang='grc' dir='ltr'>μι-</span> 
     </span>
    </p>
   </div>
   <div class='ocr_carea' id='block_1_69' title="bbox 1142 1403 1926 1443">
    <p class='ocr_par' dir='ltr' id='par_1_69' title="bbox 1142 1403 1926 1443">
     <span class='ocr_line' id='line_1_69' title="bbox 1142 1403 1926 1443; baseline 0.006 -14"><span class='ocrx_word' id='word_1_504' title='bbox 1142 1403 1271 1438; x_wconf 84' lang='grc' dir='ltr'>μούμενοι</span> <span class='ocrx_word' id='word_1_505' title='bbox 1287 1404 1433 1437; x_wconf 79' lang='grc' dir='ltr'>θάλασσαν,</span> <span class='ocrx_word' id='word_1_506' title='bbox 1450 1405 1497 1431; x_wconf 74' lang='grc' dir='ltr'><strong>καὶ</strong></span> <span class='ocrx_word' id='word_1_507' title='bbox 1517 1407 1635 1440; x_wconf 82' lang='grc' dir='ltr'>στοιχεῖα</span> <span class='ocrx_word' id='word_1_508' title='bbox 1659 1406 1761 1436; x_wconf 80' lang='grc' dir='ltr'><strong>ἵστατο,</strong></span> <span class='ocrx_word' id='word_1_509' title='bbox 1788 1407 1835 1433; x_wconf 74' lang='grc' dir='ltr'>καὶ</span> <span class='ocrx_word' id='word_1_510' title='bbox 1849 1408 1926 1443; x_wconf 83' lang='grc' dir='ltr'><strong>τείχη</strong></span> 
     </span>
    </p>
   </div>
   <div class='ocr_carea' id='block_1_70' title="bbox 1141 1449 1928 1487">
    <p class='ocr_par' dir='ltr' id='par_1_70' title="bbox 1141 1449 1928 1487">
     <span class='ocr_line' id='line_1_70' title="bbox 1141 1449 1928 1487; baseline 0.006 -13"><span class='ocrx_word' id='word_1_511' title='bbox 1141 1449 1268 1483; x_wconf 77' lang='grc' dir='ltr'>σάλπιγξι</span> <span class='ocrx_word' id='word_1_512' title='bbox 1291 1450 1455 1477; x_wconf 84' lang='grc' dir='ltr'>κατεσείετο.</span> <span class='ocrx_word' id='word_1_513' title='bbox 1480 1451 1534 1477; x_wconf 75' lang='grc' dir='ltr'><strong>Καὶ</strong></span> <span class='ocrx_word' id='word_1_514' title='bbox 1554 1451 1580 1478; x_wconf 85' lang='grc' dir='ltr'><strong>τί</strong></span> <span class='ocrx_word' id='word_1_515' title='bbox 1600 1451 1642 1478; x_wconf 82' lang='grc' dir='ltr'>δεῖ</span> <span class='ocrx_word' id='word_1_516' title='bbox 1661 1451 1750 1486; x_wconf 83' lang='grc' dir='ltr'>λέγειν</span> <span class='ocrx_word' id='word_1_517' title='bbox 1771 1454 1928 1487; x_wconf 71' lang='grc' dir='ltr'>Αἰγυπτίων</span> 
     </span>
    </p>
   </div>
   <div class='ocr_carea' id='block_1_71' title="bbox 1141 1495 1929 1534">
    <p class='ocr_par' dir='ltr' id='par_1_71' title="bbox 1141 1495 1929 1534">
     <span class='ocr_line' id='line_1_71' title="bbox 1141 1495 1929 1534; baseline 0.008 -13"><span class='ocrx_word' id='word_1_518' title='bbox 1141 1495 1247 1530; x_wconf 73' lang='grc' dir='ltr'>πληγὰς</span> <span class='ocrx_word' id='word_1_519' title='bbox 1262 1495 1316 1531; x_wconf 80' lang='grc'><strong>(95)</strong></span> <span class='ocrx_word' id='word_1_520' title='bbox 1336 1496 1440 1528; x_wconf 79' lang='grc' dir='ltr'>τούτοις</span> <span class='ocrx_word' id='word_1_521' title='bbox 1465 1498 1656 1532; x_wconf 73' lang='grc' dir='ltr'>χαριζομένας,</span> <span class='ocrx_word' id='word_1_522' title='bbox 1683 1499 1730 1525; x_wconf 69' lang='grc' dir='ltr'><strong>καὶ</strong></span> <span class='ocrx_word' id='word_1_523' title='bbox 1748 1499 1815 1526; x_wconf 72' lang='grc' dir='ltr'>Θεοῦ</span> <span class='ocrx_word' id='word_1_524' title='bbox 1837 1500 1929 1534; x_wconf 75' lang='grc' dir='ltr'>φωνὰς</span> 
     </span>
    </p>
   </div>
   <div class='ocr_carea' id='block_1_72' title="bbox 1141 1540 1929 1581">
    <p class='ocr_par' dir='ltr' id='par_1_72' title="bbox 1141 1540 1929 1581">
     <span class='ocr_line' id='line_1_72' title="bbox 1141 1540 1929 1581; baseline 0.009 -16"><span class='ocrx_word' id='word_1_525' title='bbox 1141 1540 1170 1573; x_wconf 77' lang='grc' dir='ltr'>ἐξ</span> <span class='ocrx_word' id='word_1_526' title='bbox 1185 1541 1264 1575; x_wconf 75' lang='grc' dir='ltr'>ὅρους</span> <span class='ocrx_word' id='word_1_527' title='bbox 1274 1541 1453 1577; x_wconf 78' lang='grc' dir='ltr'>ἀκουομένας,</span> <span class='ocrx_word' id='word_1_528' title='bbox 1469 1543 1515 1569; x_wconf 74' lang='grc' dir='ltr'>καὶ</span> <span class='ocrx_word' id='word_1_529' title='bbox 1526 1543 1686 1578; x_wconf 80' lang='grc' dir='ltr'>νομοθεσίαν</span> <span class='ocrx_word' id='word_1_530' title='bbox 1695 1545 1802 1580; x_wconf 73' lang='grc' dir='ltr'>διπλῆν.</span> <span class='ocrx_word' id='word_1_531' title='bbox 1817 1545 1866 1581; x_wconf 78' lang='grc' dir='ltr'>τὴν</span> <span class='ocrx_word' id='word_1_532' title='bbox 1879 1546 1929 1581; x_wconf 83' lang='grc' dir='ltr'>μὲν</span> 
     </span>
    </p>
   </div>
   <div class='ocr_carea' id='block_1_73' title="bbox 1143 1585 1930 1623">
    <p class='ocr_par' dir='ltr' id='par_1_73' title="bbox 1143 1585 1930 1623">
     <span class='ocr_line' id='line_1_73' title="bbox 1143 1585 1930 1623; baseline 0.005 -12"><span class='ocrx_word' id='word_1_533' title='bbox 1143 1586 1171 1611; x_wconf 81' lang='grc' dir='ltr'>ὲν</span> <span class='ocrx_word' id='word_1_534' title='bbox 1184 1585 1341 1621; x_wconf 72' lang='grc' dir='ltr'>γράμματι,</span> <span class='ocrx_word' id='word_1_535' title='bbox 1356 1586 1404 1622; x_wconf 81' lang='grc' dir='ltr'>τὴν</span> <span class='ocrx_word' id='word_1_536' title='bbox 1416 1587 1444 1613; x_wconf 83' lang='grc' dir='ltr'>δὲ</span> <span class='ocrx_word' id='word_1_537' title='bbox 1460 1588 1488 1613; x_wconf 75' lang='grc' dir='ltr'>ἐν</span> <span class='ocrx_word' id='word_1_538' title='bbox 1505 1589 1650 1623; x_wconf 83' lang='grc' dir='ltr'>πνεύματι.</span> <span class='ocrx_word' id='word_1_539' title='bbox 1663 1589 1708 1615; x_wconf 59' lang='grc' dir='ltr'><strong>καὶ</strong></span> <span class='ocrx_word' id='word_1_540' title='bbox 1725 1589 1806 1615; x_wconf 74' lang='grc' dir='ltr'>τᾶλλα</span> <span class='ocrx_word' id='word_1_541' title='bbox 1822 1586 1862 1620; x_wconf 79' lang='grc' dir='ltr'>οἷς</span> <span class='ocrx_word' id='word_1_542' title='bbox 1878 1590 1930 1616; x_wconf 73' lang='grc' dir='ltr'>ἑτι-</span> 
     </span>
    </p>
   </div>
   <div class='ocr_carea' id='block_1_74' title="bbox 1145 1630 1920 1670">
    <p class='ocr_par' dir='ltr' id='par_1_74' title="bbox 1145 1630 1920 1670">
     <span class='ocr_line' id='line_1_74' title="bbox 1145 1630 1920 1670; baseline 0.006 -14"><span class='ocrx_word' id='word_1_543' title='bbox 1145 1630 1234 1666; x_wconf 81' lang='grc' dir='ltr'>μῶντο</span> <span class='ocrx_word' id='word_1_544' title='bbox 1268 1631 1352 1658; x_wconf 79' lang='grc' dir='ltr'>πάλαι</span> <span class='ocrx_word' id='word_1_545' title='bbox 1382 1632 1459 1668; x_wconf 79' lang='grc' dir='ltr'>παρὰ</span> <span class='ocrx_word' id='word_1_546' title='bbox 1473 1633 1521 1668; x_wconf 83' lang='grc' dir='ltr'>τὴν</span> <span class='ocrx_word' id='word_1_547' title='bbox 1544 1634 1647 1660; x_wconf 78' lang='grc' dir='ltr'>ἑαυτῶν</span> <span class='ocrx_word' id='word_1_548' title='bbox 1670 1635 1748 1667; x_wconf 75' lang='grc' dir='ltr'>ἀξίαν</span> <span class='ocrx_word' id='word_1_549' title='bbox 1766 1635 1780 1660; x_wconf 84' lang='grc' dir='ltr'>ὁ</span> <span class='ocrx_word' id='word_1_550' title='bbox 1803 1634 1920 1670; x_wconf 81' lang='grc' dir='ltr'>Ἰσραήλ.</span> 
     </span>
    </p>
   </div>
   <div class='ocr_carea' id='block_1_75' title="bbox 1149 1677 1930 1716">
    <p class='ocr_par' dir='ltr' id='par_1_75' title="bbox 1149 1677 1930 1716">
     <span class='ocr_line' id='line_1_75' title="bbox 1149 1677 1930 1716; baseline 0.005 -13"><span class='ocrx_word' id='word_1_551' title='bbox 1149 1677 1226 1703; x_wconf 73' lang='grc' dir='ltr'><strong>Ἐπεὶ</strong></span> <span class='ocrx_word' id='word_1_552' title='bbox 1237 1677 1265 1703; x_wconf 77' lang='grc' dir='ltr'>δὲ</span> <span class='ocrx_word' id='word_1_553' title='bbox 1280 1679 1367 1705; x_wconf 80' lang='grc' dir='ltr'>νοσεῖν</span> <span class='ocrx_word' id='word_1_554' title='bbox 1377 1678 1503 1714; x_wconf 74' lang='grc' dir='ltr'>ἤρξαντο,</span> <span class='ocrx_word' id='word_1_555' title='bbox 1517 1680 1564 1706; x_wconf 76' lang='grc' dir='ltr'>καὶ</span> <span class='ocrx_word' id='word_1_556' title='bbox 1577 1680 1636 1707; x_wconf 77' lang='grc' dir='ltr'>κατ’</span> <span class='ocrx_word' id='word_1_557' title='bbox 1648 1681 1769 1716; x_wconf 76' lang='grc' dir='ltr'>ἀλλήλων</span> <span class='ocrx_word' id='word_1_558' title='bbox 1791 1681 1930 1716; x_wconf 77' lang='grc' dir='ltr'>ἐμάνησαν</span> 
     </span>
    </p>
   </div>
   <div class='ocr_carea' id='block_1_76' title="bbox 1142 1723 1930 1762">
    <p class='ocr_par' dir='ltr' id='par_1_76' title="bbox 1142 1723 1930 1762">
     <span class='ocr_line' id='line_1_76' title="bbox 1142 1723 1930 1762; baseline 0.005 -13"><span class='ocrx_word' id='word_1_559' title='bbox 1142 1724 1188 1749; x_wconf 75' lang='grc' dir='ltr'><strong>καὶ</strong></span> <span class='ocrx_word' id='word_1_560' title='bbox 1200 1723 1343 1759; x_wconf 77' lang='grc' dir='ltr'>διέστησαν</span> <span class='ocrx_word' id='word_1_561' title='bbox 1355 1725 1394 1756; x_wconf 74' lang='grc' dir='ltr'>εἷς</span> <span class='ocrx_word' id='word_1_562' title='bbox 1407 1725 1476 1760; x_wconf 86' lang='grc' dir='ltr'>μέρη</span> <span class='ocrx_word' id='word_1_563' title='bbox 1489 1725 1572 1752; x_wconf 82' lang='grc' dir='ltr'>πολλὰ</span> <span class='ocrx_word' id='word_1_564' title='bbox 1599 1726 1656 1760; x_wconf 81' lang='grc' dir='ltr'>(τοῦ</span> <span class='ocrx_word' id='word_1_565' title='bbox 1672 1726 1787 1762; x_wconf 84' lang='grc' dir='ltr'>σταυροῦ</span> <span class='ocrx_word' id='word_1_566' title='bbox 1800 1726 1867 1762; x_wconf 74' lang='grc' dir='ltr'>πρὸς</span> <span class='ocrx_word' id='word_1_567' title='bbox 1879 1727 1930 1762; x_wconf 84' lang='grc' dir='ltr'>τὴν</span> 
     </span>
    </p>
   </div>
   <div class='ocr_carea' id='block_1_77' title="bbox 1143 1769 1931 1807">
    <p class='ocr_par' dir='ltr' id='par_1_77' title="bbox 1143 1769 1931 1807">
     <span class='ocr_line' id='line_1_77' title="bbox 1143 1769 1931 1807; baseline 0.005 -13"><span class='ocrx_word' id='word_1_568' title='bbox 1143 1769 1260 1804; x_wconf 75' lang='grc' dir='ltr'><strong>ἐσχάτην</strong></span> <span class='ocrx_word' id='word_1_569' title='bbox 1279 1769 1416 1796; x_wconf 81' lang='grc' dir='ltr'>ἀπώλειαν</span> <span class='ocrx_word' id='word_1_570' title='bbox 1439 1770 1494 1807; x_wconf 65' lang='lat'><strong>(96)</strong></span> <span class='ocrx_word' id='word_1_571' title='bbox 1521 1772 1619 1803; x_wconf 78' lang='grc' dir='ltr'>αὐτοὺς</span> <span class='ocrx_word' id='word_1_572' title='bbox 1641 1772 1857 1803; x_wconf 75' lang='grc' dir='ltr'>συνελαύνοντος.</span> <span class='ocrx_word' id='word_1_573' title='bbox 1883 1773 1931 1798; x_wconf 71' lang='grc' dir='ltr'>καὶ</span> 
     </span>
    </p>
   </div>
   <div class='ocr_carea' id='block_1_78' title="bbox 1142 1815 1932 1852">
    <p class='ocr_par' dir='ltr' id='par_1_78' title="bbox 1142 1815 1932 1852">
     <span class='ocr_line' id='line_1_78' title="bbox 1142 1815 1932 1852; baseline 0.001 -12"><span class='ocrx_word' id='word_1_574' title='bbox 1142 1816 1191 1849; x_wconf 80' lang='grc' dir='ltr'>τῆς</span> <span class='ocrx_word' id='word_1_575' title='bbox 1206 1815 1334 1847; x_wconf 83' lang='grc' dir='ltr'>ἀπονοίας</span> <span class='ocrx_word' id='word_1_576' title='bbox 1349 1816 1382 1850; x_wconf 81' lang='grc' dir='ltr'>ἢν</span> <span class='ocrx_word' id='word_1_577' title='bbox 1404 1815 1474 1842; x_wconf 78' lang='grc' dir='ltr'>κατὰ</span> <span class='ocrx_word' id='word_1_578' title='bbox 1495 1816 1541 1842; x_wconf 77' lang='grc' dir='ltr'>τοῦ</span> <span class='ocrx_word' id='word_1_579' title='bbox 1564 1816 1630 1843; x_wconf 75' lang='grc' dir='ltr'>Θεοῦ</span> <span class='ocrx_word' id='word_1_580' title='bbox 1650 1817 1696 1843; x_wconf 80' lang='grc' dir='ltr'><strong>καὶ</strong></span> <span class='ocrx_word' id='word_1_581' title='bbox 1711 1817 1836 1852; x_wconf 80' lang='grc' dir='ltr'>Σωτῆρος</span> <span class='ocrx_word' id='word_1_582' title='bbox 1853 1817 1932 1852; x_wconf 77' lang='grc' dir='ltr'>ἡμῶν</span> 
     </span>
    </p>
   </div>
   <div class='ocr_carea' id='block_1_79' title="bbox 1143 1861 1931 1898">
    <p class='ocr_par' dir='ltr' id='par_1_79' title="bbox 1143 1861 1931 1898">
     <span class='ocr_line' id='line_1_79' title="bbox 1143 1861 1931 1898; baseline 0.004 -12"><span class='ocrx_word' id='word_1_583' title='bbox 1143 1861 1343 1895; x_wconf 76' lang='grc' dir='ltr'>ἀπενοήθησαν,</span> <span class='ocrx_word' id='word_1_584' title='bbox 1371 1861 1415 1888; x_wconf 81' lang='grc' dir='ltr'>τὸν</span> <span class='ocrx_word' id='word_1_585' title='bbox 1437 1863 1466 1888; x_wconf 81' lang='grc' dir='ltr'>ὲν</span> <span class='ocrx_word' id='word_1_586' title='bbox 1489 1861 1624 1897; x_wconf 80' lang='grc' dir='ltr'>ἀνθρώπῳ</span> <span class='ocrx_word' id='word_1_587' title='bbox 1641 1862 1706 1889; x_wconf 77' lang='grc' dir='ltr'>Θεὸν</span> <span class='ocrx_word' id='word_1_588' title='bbox 1725 1862 1931 1898; x_wconf 79' lang='grc' dir='ltr'>ἀγνοήσαντες),</span> 
     </span>
    </p>
   </div>
   <div class='ocr_carea' id='block_1_80' title="bbox 1143 1905 1932 1944">
    <p class='ocr_par' dir='ltr' id='par_1_80' title="bbox 1143 1905 1932 1944">
     <span class='ocr_line' id='line_1_80' title="bbox 1143 1905 1932 1944; baseline 0.001 -12"><span class='ocrx_word' id='word_1_589' title='bbox 1143 1907 1190 1933; x_wconf 80' lang='grc' dir='ltr'>καὶ</span> <span class='ocrx_word' id='word_1_590' title='bbox 1209 1906 1257 1941; x_wconf 81' lang='grc' dir='ltr'>τὴν</span> <span class='ocrx_word' id='word_1_591' title='bbox 1274 1905 1370 1942; x_wconf 77' lang='grc' dir='ltr'>ῥάϐδον</span> <span class='ocrx_word' id='word_1_592' title='bbox 1387 1907 1434 1942; x_wconf 82' lang='grc' dir='ltr'>τὴν</span> <span class='ocrx_word' id='word_1_593' title='bbox 1453 1907 1564 1943; x_wconf 78' lang='grc' dir='ltr'>σιδηρᾶν</span> <span class='ocrx_word' id='word_1_594' title='bbox 1580 1908 1721 1944; x_wconf 74' lang='grc' dir='ltr'>πόῤῥωοεν</span> <span class='ocrx_word' id='word_1_595' title='bbox 1732 1907 1932 1942; x_wconf 76' lang='grc' dir='ltr'>ἁπειλονμένην</span> 
     </span>
    </p>
   </div>
   <div class='ocr_carea' id='block_1_81' title="bbox 1144 1952 1933 1988">
    <p class='ocr_par' dir='ltr' id='par_1_81' title="bbox 1144 1952 1933 1988">
     <span class='ocr_line' id='line_1_81' title="bbox 1144 1952 1933 1988; baseline 0 -10"><span class='ocrx_word' id='word_1_596' title='bbox 1144 1953 1236 1983; x_wconf 81' lang='grc' dir='ltr'>αὐτοῖς</span> <span class='ocrx_word' id='word_1_597' title='bbox 1252 1952 1293 1986; x_wconf 73' lang='grc' dir='ltr'><strong>ἐφ’</strong></span> <span class='ocrx_word' id='word_1_598' title='bbox 1312 1952 1424 1982; x_wconf 73' lang='grc' dir='ltr'>ἑαυτοὺς</span> <span class='ocrx_word' id='word_1_599' title='bbox 1440 1952 1579 1984; x_wconf 73' lang='grc' dir='ltr'>εἱλκυσαν,</span> <span class='ocrx_word' id='word_1_600' title='bbox 1599 1953 1647 1988; x_wconf 80' lang='grc' dir='ltr'>τὴν</span> <span class='ocrx_word' id='word_1_601' title='bbox 1662 1952 1709 1979; x_wconf 82' lang='grc' dir='ltr'>νῦν</span> <span class='ocrx_word' id='word_1_602' title='bbox 1731 1952 1933 1988; x_wconf 77' lang='grc' dir='ltr'>ἐπικρατοῦσαν</span> 
     </span>
    </p>
   </div>
   <div class='ocr_carea' id='block_1_82' title="bbox 1145 1997 1932 2033">
    <p class='ocr_par' dir='ltr' id='par_1_82' title="bbox 1145 1997 1932 2033">
     <span class='ocr_line' id='line_1_82' title="bbox 1145 1997 1932 2033; baseline -0.001 -10"><span class='ocrx_word' id='word_1_603' title='bbox 1145 1997 1231 2033; x_wconf 78' lang='grc' dir='ltr'>ἀρχὴν</span> <span class='ocrx_word' id='word_1_604' title='bbox 1248 1997 1319 2031; x_wconf 81' lang='grc' dir='ltr'>λέγω</span> <span class='ocrx_word' id='word_1_605' title='bbox 1333 1998 1379 2023; x_wconf 73' lang='grc' dir='ltr'><strong>καὶ</strong></span> <span class='ocrx_word' id='word_1_606' title='bbox 1392 1997 1539 2032; x_wconf 78' lang='grc' dir='ltr'>βασιλείαν,</span> <span class='ocrx_word' id='word_1_607' title='bbox 1551 1998 1578 2023; x_wconf 85' lang='grc' dir='ltr'><strong>τί</strong></span> <span class='ocrx_word' id='word_1_608' title='bbox 1590 1998 1709 2032; x_wconf 84' lang='grc' dir='ltr'>γίνεται;</span> <span class='ocrx_word' id='word_1_609' title='bbox 1727 1998 1774 2024; x_wconf 76' lang='grc' dir='ltr'><strong>καὶ</strong></span> <span class='ocrx_word' id='word_1_610' title='bbox 1787 1998 1813 2024; x_wconf 81' lang='grc' dir='ltr'><strong>τί</strong></span> <span class='ocrx_word' id='word_1_611' title='bbox 1829 1997 1932 2023; x_wconf 79' lang='grc' dir='ltr'>πεπόν-</span> 
     </span>
    </p>
   </div>
   <div class='ocr_carea' id='block_1_83' title="bbox 1145 2043 1227 2076">
    <p class='ocr_par' dir='ltr' id='par_1_83' title="bbox 1145 2043 1227 2076">
     <span class='ocr_line' id='line_1_83' title="bbox 1145 2043 1227 2076; baseline -0.012 -6"><span class='ocrx_word' id='word_1_612' title='bbox 1145 2043 1227 2076; x_wconf 82' lang='grc' dir='ltr'>θασι;</span> 
     </span>
    </p>
   </div>
   <div class='ocr_carea' id='block_1_84' title="bbox 303 2088 1931 2129">
    <p class='ocr_par' dir='ltr' id='par_1_84' title="bbox 303 2088 1931 2129">
     <span class='ocr_line' id='line_1_84' title="bbox 303 2088 1931 2129; baseline -0.005 -5"><span class='ocrx_word' id='word_1_613' title='bbox 303 2102 380 2129; x_wconf 89' lang='lat' dir='ltr'><strong>runt,</strong></span> <span class='ocrx_word' id='word_1_614' title='bbox 397 2103 443 2123; x_wconf 83' lang='lat' dir='ltr'><strong>eos</strong></span> <span class='ocrx_word' id='word_1_615' title='bbox 457 2095 490 2122; x_wconf 87' lang='lat' dir='ltr'><strong>ad</strong></span> <span class='ocrx_word' id='word_1_616' title='bbox 502 2099 654 2122; x_wconf 77' lang='lat' dir='ltr'><strong>extremum</strong></span> <span class='ocrx_word' id='word_1_617' title='bbox 675 2091 787 2119; x_wconf 84' lang='lat' dir='ltr'><strong>exitium</strong></span> <span class='ocrx_word' id='word_1_618' title='bbox 821 2089 968 2125; x_wconf 72' lang='lat' dir='ltr'><strong>adigente),</strong></span> <span class='ocrx_word' id='word_1_619' title='bbox 1003 2089 1162 2124; x_wconf 81' lang='lat' dir='ltr'><strong>virgamque</strong></span> <span class='ocrx_word' id='word_1_620' title='bbox 1188 2089 1315 2119; x_wconf 89' lang='lat' dir='ltr'><strong>ferream.</strong></span> <span class='ocrx_word' id='word_1_621' title='bbox 1335 2089 1385 2116; x_wconf 88' lang='lat' dir='ltr'><strong>hoc</strong></span> <span class='ocrx_word' id='word_1_622' title='bbox 1418 2094 1484 2120; x_wconf 85' lang='lat' dir='ltr'><strong>est,</strong></span> <span class='ocrx_word' id='word_1_623' title='bbox 1508 2088 1689 2124; x_wconf 83' lang='lat' dir='ltr'><strong>principatum</strong></span> <span class='ocrx_word' id='word_1_624' title='bbox 1719 2094 1747 2116; x_wconf 89' lang='lat' dir='ltr'><strong>et</strong></span> <span class='ocrx_word' id='word_1_625' title='bbox 1775 2089 1931 2124; x_wconf 65' lang='lat' dir='ltr'><strong>imperium,</strong></span> 
     </span>
    </p>
   </div>
   <div class='ocr_carea' id='block_1_85' title="bbox 304 2130 1932 2179">
    <p class='ocr_par' dir='ltr' id='par_1_85' title="bbox 304 2130 1932 2179">
     <span class='ocr_line' id='line_1_85' title="bbox 304 2130 1932 2179; baseline -0.005 -9"><span class='ocrx_word' id='word_1_626' title='bbox 304 2144 375 2179; x_wconf 87' lang='lat' dir='ltr'><strong>quod</strong></span> <span class='ocrx_word' id='word_1_627' title='bbox 394 2151 464 2169; x_wconf 88' lang='lat' dir='ltr'><strong>nunc</strong></span> <span class='ocrx_word' id='word_1_628' title='bbox 491 2149 582 2169; x_wconf 87' lang='lat' dir='ltr'><strong>rerum</strong></span> <span class='ocrx_word' id='word_1_629' title='bbox 599 2146 732 2167; x_wconf 84' lang='lat' dir='ltr'><strong>summam</strong></span> <span class='ocrx_word' id='word_1_630' title='bbox 757 2142 839 2171; x_wconf 90' lang='lat' dir='ltr'><strong>tenet,</strong></span> <span class='ocrx_word' id='word_1_631' title='bbox 859 2136 943 2164; x_wconf 86' lang='lat' dir='ltr'><strong>multo</strong></span> <span class='ocrx_word' id='word_1_632' title='bbox 972 2141 1035 2164; x_wconf 87' lang='lat' dir='ltr'><strong>ante</strong></span> <span class='ocrx_word' id='word_1_633' title='bbox 1052 2136 1106 2163; x_wconf 87' lang='lat' dir='ltr'><strong>illis</strong></span> <span class='ocrx_word' id='word_1_634' title='bbox 1124 2135 1322 2167; x_wconf 75' lang='lat' dir='ltr'><strong>denuntiatum.</strong></span> <span class='ocrx_word' id='word_1_635' title='bbox 1354 2137 1379 2162; x_wconf 93' lang='lat' dir='ltr'><strong>in</strong></span> <span class='ocrx_word' id='word_1_636' title='bbox 1395 2136 1497 2170; x_wconf 83' lang='lat' dir='ltr'><strong>seipsos</strong></span> <span class='ocrx_word' id='word_1_637' title='bbox 1523 2140 1705 2167; x_wconf 81' lang='lat' dir='ltr'><strong>attraxerunt,</strong></span> <span class='ocrx_word' id='word_1_638' title='bbox 1726 2137 1790 2170; x_wconf 91' lang='lat' dir='ltr'><strong>quid</strong></span> <span class='ocrx_word' id='word_1_639' title='bbox 1809 2130 1932 2162; x_wconf 70' lang='lat' dir='ltr'><strong>accidit?</strong></span> 
     </span>
    </p>
   </div>
   <div class='ocr_carea' id='block_1_86' title="bbox 305 2185 661 2226">
    <p class='ocr_par' dir='ltr' id='par_1_86' title="bbox 305 2185 661 2226">
     <span class='ocr_line' id='line_1_86' title="bbox 305 2185 661 2226; baseline -0.014 -10"><span class='ocrx_word' id='word_1_640' title='bbox 305 2189 423 2226; x_wconf 79' lang='lat' dir='ltr'><strong>quidque</strong></span> <span class='ocrx_word' id='word_1_641' title='bbox 439 2187 558 2222; x_wconf 78' lang='lat' dir='ltr'><strong>perpessi</strong></span> <span class='ocrx_word' id='word_1_642' title='bbox 575 2185 661 2213; x_wconf 83' lang='lat' dir='ltr'><strong>sunt?</strong></span> 
     </span>
    </p>
   </div>
   <div class='ocr_carea' id='block_1_87' title="bbox 341 2228 1129 2266">
    <p class='ocr_par' dir='ltr' id='par_1_87' title="bbox 341 2228 1129 2266">
     <span class='ocr_line' id='line_1_87' title="bbox 341 2228 1129 2266; baseline -0.005 -5"><span class='ocrx_word' id='word_1_643' title='bbox 341 2234 432 2262; x_wconf 80' lang='lat' dir='ltr'><strong>XVIII.</strong></span> <span class='ocrx_word' id='word_1_644' title='bbox 453 2233 585 2260; x_wconf 86' lang='lat' dir='ltr'><strong>Jeremias</strong></span> <span class='ocrx_word' id='word_1_645' title='bbox 608 2232 716 2266; x_wconf 87' lang='lat' dir='ltr'><strong>quidem</strong></span> <span class='ocrx_word' id='word_1_646' title='bbox 733 2239 780 2258; x_wconf 87' lang='lat' dir='ltr'><strong>eos</strong></span> <span class='ocrx_word' id='word_1_647' title='bbox 800 2230 834 2257; x_wconf 91' lang='lat' dir='ltr'><strong>ob</strong></span> <span class='ocrx_word' id='word_1_648' title='bbox 849 2230 954 2264; x_wconf 88' lang='lat' dir='ltr'><strong>priores</strong></span> <span class='ocrx_word' id='word_1_649' title='bbox 978 2228 1090 2256; x_wconf 85' lang='lat' dir='ltr'><strong>calami-</strong></span> <span class='ocrx_word' id='word_1_650' title='bbox 1106 2230 1129 2257; x_wconf 78' lang='grc' dir='ltr'>ι)</span> 
     </span>
    </p>
   </div>
   <div class='ocr_carea' id='block_1_88' title="bbox 307 2275 1093 2313">
    <p class='ocr_par' dir='ltr' id='par_1_88' title="bbox 307 2275 1093 2313">
     <span class='ocr_line' id='line_1_88' title="bbox 307 2275 1093 2313; baseline -0.009 -5"><span class='ocrx_word' id='word_1_651' title='bbox 307 2285 379 2308; x_wconf 86' lang='lat' dir='ltr'><strong>tates</strong></span> <span class='ocrx_word' id='word_1_652' title='bbox 400 2281 485 2313; x_wconf 76' lang='lat' dir='ltr'><strong>luget,</strong></span> <span class='ocrx_word' id='word_1_653' title='bbox 503 2283 585 2312; x_wconf 89' lang='lat' dir='ltr'><strong>atque</strong></span> <span class='ocrx_word' id='word_1_654' title='bbox 597 2276 985 2311; x_wconf 81' lang='lat' dir='ltr'><strong>captivitatem_Babylonicam</strong></span> <span class='ocrx_word' id='word_1_655' title='bbox 999 2275 1093 2309; x_wconf 89' lang='lat' dir='ltr'><strong>deplo-</strong></span> 
     </span>
    </p>
   </div>
   <div class='ocr_carea' id='block_1_89' title="bbox 306 2321 1094 2358">
    <p class='ocr_par' dir='ltr' id='par_1_89' title="bbox 306 2321 1094 2358">
     <span class='ocr_line' id='line_1_89' title="bbox 306 2321 1094 2358; baseline -0.006 -5"><span class='ocrx_word' id='word_1_656' title='bbox 306 2331 368 2358; x_wconf 82' lang='lat' dir='ltr'><strong>rat;</strong></span> <span class='ocrx_word' id='word_1_657' title='bbox 385 2330 463 2352; x_wconf 88' lang='lat' dir='ltr'><strong>erant</strong></span> <span class='ocrx_word' id='word_1_658' title='bbox 478 2324 549 2351; x_wconf 90' lang='lat' dir='ltr'><strong>enim</strong></span> <span class='ocrx_word' id='word_1_659' title='bbox 567 2331 661 2351; x_wconf 85' lang='lat' dir='ltr'><strong>revera</strong></span> <span class='ocrx_word' id='word_1_660' title='bbox 686 2323 744 2350; x_wconf 61' lang='lat' dir='ltr'><strong>haec</strong></span> <span class='ocrx_word' id='word_1_661' title='bbox 765 2321 894 2356; x_wconf 85' lang='lat' dir='ltr'><strong>lacrymis</strong></span> <span class='ocrx_word' id='word_1_662' title='bbox 907 2326 934 2348; x_wconf 91' lang='lat' dir='ltr'><strong>et</strong></span> <span class='ocrx_word' id='word_1_663' title='bbox 949 2321 1094 2354; x_wconf 80' lang='lat' dir='ltr'><strong>gemitibus</strong></span> 
     </span>
    </p>
   </div>
   <div class='ocr_carea' id='block_1_90' title="bbox 307 2367 1093 2407">
    <p class='ocr_par' dir='ltr' id='par_1_90' title="bbox 307 2367 1093 2407">
     <span class='ocr_line' id='line_1_90' title="bbox 307 2367 1093 2407; baseline -0.009 -7"><span class='ocrx_word' id='word_1_664' title='bbox 307 2373 405 2407; x_wconf 74' lang='lat' dir='ltr'><strong>digna;</strong></span> <span class='ocrx_word' id='word_1_665' title='bbox 419 2372 465 2406; x_wconf 88' lang='lat' dir='ltr'><strong>qui</strong></span> <span class='ocrx_word' id='word_1_666' title='bbox 480 2378 544 2398; x_wconf 86' lang='lat' dir='ltr'><strong>vero</strong></span> <span class='ocrx_word' id='word_1_667' title='bbox 558 2377 611 2397; x_wconf 91' lang='lat' dir='ltr'><strong>non</strong></span> <span class='ocrx_word' id='word_1_668' title='bbox 636 2369 761 2396; x_wconf 86' lang='lat' dir='ltr'><strong>maximis</strong></span> <span class='ocrx_word' id='word_1_669' title='bbox 777 2369 856 2403; x_wconf 79' lang='lat' dir='ltr'><strong>digna</strong></span> <span class='ocrx_word' id='word_1_670' title='bbox 873 2367 999 2394; x_wconf 87' lang='lat' dir='ltr'><strong>lamentis</strong></span> <span class='ocrx_word' id='word_1_671' title='bbox 1012 2386 1019 2398; x_wconf 93' lang='lat'><strong>,</strong></span> <span class='ocrx_word' id='word_1_672' title='bbox 1041 2374 1093 2394; x_wconf 86' lang='lat' dir='ltr'><strong>ex-</strong></span> 
     </span>
    </p>
   </div>
   <div class='ocr_carea' id='block_1_91' title="bbox 308 2414 1093 2450">
    <p class='ocr_par' dir='ltr' id='par_1_91' title="bbox 308 2414 1093 2450">
     <span class='ocr_line' id='line_1_91' title="bbox 308 2414 1093 2450; baseline -0.008 -5"><span class='ocrx_word' id='word_1_673' title='bbox 308 2418 364 2446; x_wconf 87' lang='lat' dir='ltr'><strong>cisa</strong></span> <span class='ocrx_word' id='word_1_674' title='bbox 379 2417 488 2448; x_wconf 64' lang='lat' dir='ltr'><strong>muenia,</strong></span> <span class='ocrx_word' id='word_1_675' title='bbox 504 2416 569 2443; x_wconf 91' lang='lat' dir='ltr'><strong>urbs</strong></span> <span class='ocrx_word' id='word_1_676' title='bbox 586 2415 644 2442; x_wconf 84' lang='lat' dir='ltr'><strong>solo</strong></span> <span class='ocrx_word' id='word_1_677' title='bbox 659 2419 774 2450; x_wconf 72' lang='lat' dir='ltr'><strong>aequata,</strong></span> <span class='ocrx_word' id='word_1_678' title='bbox 792 2414 941 2441; x_wconf 88' lang='lat' dir='ltr'><strong>sacrarium</strong></span> <span class='ocrx_word' id='word_1_679' title='bbox 957 2420 1093 2444; x_wconf 88' lang='lat' dir='ltr'><strong>eversum,</strong></span> 
     </span>
    </p>
   </div>
   <div class='ocr_carea' id='block_1_92' title="bbox 307 2459 1070 2494">
    <p class='ocr_par' dir='ltr' id='par_1_92' title="bbox 307 2459 1070 2494">
     <span class='ocr_line' id='line_1_92' title="bbox 307 2459 1070 2494; baseline -0.005 -6"><span class='ocrx_word' id='word_1_680' title='bbox 307 2463 398 2490; x_wconf 78' lang='lat' dir='ltr'><strong>votiva</strong></span> <span class='ocrx_word' id='word_1_681' title='bbox 412 2462 480 2488; x_wconf 83' lang='lat' dir='ltr'><strong>dona</strong></span> <span class='ocrx_word' id='word_1_682' title='bbox 493 2460 649 2494; x_wconf 86' lang='lat' dir='ltr'><strong>cotnpilata,</strong></span> <span class='ocrx_word' id='word_1_683' title='bbox 681 2459 787 2494; x_wconf 89' lang='lat' dir='ltr'><strong>profani</strong></span> <span class='ocrx_word' id='word_1_684' title='bbox 817 2459 898 2493; x_wconf 83' lang='lat' dir='ltr'><strong>pedes</strong></span> <span class='ocrx_word' id='word_1_685' title='bbox 923 2462 949 2485; x_wconf 90' lang='lat' dir='ltr'><strong>et</strong></span> <span class='ocrx_word' id='word_1_686' title='bbox 971 2464 1070 2484; x_wconf 81' lang='lat' dir='ltr'><strong>manus</strong></span> 
     </span>
    </p>
   </div>
   <div class='ocr_carea' id='block_1_93' title="bbox 309 2505 1091 2544">
    <p class='ocr_par' dir='ltr' id='par_1_93' title="bbox 309 2505 1091 2544">
     <span class='ocr_line' id='line_1_93' title="bbox 309 2505 1091 2544; baseline -0.008 -8"><span class='ocrx_word' id='word_1_687' title='bbox 309 2508 391 2544; x_wconf 80' lang='lat' dir='ltr'><strong>pedes</strong></span> <span class='ocrx_word' id='word_1_688' title='bbox 415 2508 525 2542; x_wconf 86' lang='lat' dir='ltr'><strong>quidem</strong></span> <span class='ocrx_word' id='word_1_689' title='bbox 549 2507 576 2533; x_wconf 93' lang='lat' dir='ltr'><strong>in</strong></span> <span class='ocrx_word' id='word_1_690' title='bbox 593 2506 651 2534; x_wconf 88' lang='lat' dir='ltr'><strong>loca</strong></span> <span class='ocrx_word' id='word_1_691' title='bbox 667 2513 722 2533; x_wconf 87' lang='lat' dir='ltr'><strong>non</strong></span> <span class='ocrx_word' id='word_1_692' title='bbox 739 2505 862 2533; x_wconf 83' lang='lat' dir='ltr'><strong>adeunda</strong></span> <span class='ocrx_word' id='word_1_693' title='bbox 887 2505 1068 2539; x_wconf 84' lang='lat' dir='ltr'><strong>irrumpentes</strong></span> <span class='ocrx_word' id='word_1_694' title='bbox 1083 2511 1091 2536; x_wconf 86' lang='lat'><strong>;</strong></span> 
     </span>
    </p>
   </div>
   <div class='ocr_carea' id='block_1_94' title="bbox 348 2618 786 2651">
    <p class='ocr_par' dir='ltr' id='par_1_94' title="bbox 348 2618 786 2651">
     <span class='ocr_line' id='line_1_94' title="bbox 348 2618 786 2651; baseline -0.011 -2"><span class='ocrx_word' id='word_1_695' title='bbox 348 2623 370 2638; x_wconf 82' lang='lat'><strong>&quot;</strong></span> <span class='ocrx_word' id='word_1_696' title='bbox 383 2621 465 2649; x_wconf 78' lang='lat' dir='ltr'><strong>Exod.</strong></span> <span class='ocrx_word' id='word_1_697' title='bbox 481 2628 539 2650; x_wconf 79' lang='lat' dir='ltr'><strong>xu,</strong></span> <span class='ocrx_word' id='word_1_698' title='bbox 559 2619 593 2650; x_wconf 84' lang='lat'><strong>6;</strong></span> <span class='ocrx_word' id='word_1_699' title='bbox 605 2619 613 2646; x_wconf 95' lang='lat' dir='ltr'><strong>I</strong></span> <span class='ocrx_word' id='word_1_700' title='bbox 626 2619 698 2646; x_wconf 83' lang='lat' dir='ltr'><strong>Petr.</strong></span> <span class='ocrx_word' id='word_1_701' title='bbox 714 2626 744 2651; x_wconf 81' lang='grc' dir='ltr'>ιι,</span> <span class='ocrx_word' id='word_1_702' title='bbox 759 2618 786 2645; x_wconf 91' lang='lat'><strong>9.</strong></span> 
     </span>
    </p>
   </div>
   <div class='ocr_carea' id='block_1_95' title="bbox 311 2654 721 2689">
    <p class='ocr_par' dir='ltr' id='par_1_95' title="bbox 311 2654 721 2689">
     <span class='ocr_line' id='line_1_95' title="bbox 311 2654 721 2689; baseline -0.015 -4"><span class='ocrx_word' id='word_1_703' title='bbox 311 2659 334 2674; x_wconf 76' lang='lat'>”</span> <span class='ocrx_word' id='word_1_704' title='bbox 347 2658 430 2685; x_wconf 68' lang='lat' dir='ltr'><strong>Exod.</strong></span> <span class='ocrx_word' id='word_1_705' title='bbox 441 2664 496 2689; x_wconf 71' lang='lat' dir='ltr'><strong>XVI,</strong></span> <span class='ocrx_word' id='word_1_706' title='bbox 509 2656 536 2683; x_wconf 84' lang='lat'><strong>6.</strong></span> <span class='ocrx_word' id='word_1_707' title='bbox 561 2655 584 2670; x_wconf 81' lang='lat'><strong>&quot;</strong></span> <span class='ocrx_word' id='word_1_708' title='bbox 599 2654 663 2681; x_wconf 86' lang='lat' dir='ltr'><strong>ibid.</strong></span> <span class='ocrx_word' id='word_1_709' title='bbox 678 2654 721 2680; x_wconf 74' lang='lat' dir='ltr'><strong>I5.</strong></span> 
     </span>
    </p>
   </div>
   <div class='ocr_carea' id='block_1_96' title="bbox 348 2726 1094 2770">
    <p class='ocr_par' dir='ltr' id='par_1_96' title="bbox 348 2726 1094 2770">
     <span class='ocr_line' id='line_1_96' title="bbox 348 2726 1094 2770; baseline -0.012 -8"><span class='ocrx_word' id='word_1_710' title='bbox 348 2735 403 2770; x_wconf 71' lang='lat' dir='ltr'><strong>(9i)</strong></span> <span class='ocrx_word' id='word_1_711' title='bbox 423 2733 580 2761; x_wconf 72' lang='grc' dir='ltr'>Πλεῖστον.</span> <span class='ocrx_word' id='word_1_712' title='bbox 609 2732 670 2759; x_wconf 81' lang='lat' dir='ltr'><strong>Bas.</strong></span> <span class='ocrx_word' id='word_1_713' title='bbox 702 2731 804 2763; x_wconf 80' lang='grc' dir='ltr'>πλεῖον,</span> <span class='ocrx_word' id='word_1_714' title='bbox 831 2729 858 2756; x_wconf 91' lang='lat' dir='ltr'><strong>id</strong></span> <span class='ocrx_word' id='word_1_715' title='bbox 887 2733 928 2756; x_wconf 89' lang='lat' dir='ltr'><strong>est</strong></span> <span class='ocrx_word' id='word_1_716' title='bbox 959 2728 1019 2755; x_wconf 79' lang='grc' dir='ltr'>ἀντὶ</span> <span class='ocrx_word' id='word_1_717' title='bbox 1048 2726 1094 2754; x_wconf 77' lang='grc' dir='ltr'>τοῦ</span> 
     </span>
    </p>
   </div>
   <div class='ocr_carea' id='block_1_97' title="bbox 312 2770 774 2804">
    <p class='ocr_par' dir='ltr' id='par_1_97' title="bbox 312 2770 774 2804">
     <span class='ocr_line' id='line_1_97' title="bbox 312 2770 774 2804; baseline -0.013 -6"><span class='ocrx_word' id='word_1_718' title='bbox 312 2772 378 2801; x_wconf 75' lang='lat' dir='ltr'><strong>alet,</strong></span> <span class='ocrx_word' id='word_1_719' title='bbox 391 2771 468 2804; x_wconf 88' lang='lat' dir='ltr'><strong>quasi</strong></span> <span class='ocrx_word' id='word_1_720' title='bbox 481 2770 583 2804; x_wconf 73' lang='lat' dir='ltr'><strong>diceret</strong></span> <span class='ocrx_word' id='word_1_721' title='bbox 603 2777 612 2793; x_wconf 78' lang='grc' dir='ltr'>ι</span> <span class='ocrx_word' id='word_1_722' title='bbox 629 2774 746 2804; x_wconf 83' lang='lat' dir='ltr'><strong>semper.</strong></span> <span class='ocrx_word' id='word_1_723' title='bbox 761 2775 774 2804; x_wconf 61' lang='grc' dir='ltr'>ι</span> 
     </span>
    </p>
   </div>
   <div class='ocr_carea' id='block_1_98' title="bbox 350 2799 1096 2840">
    <p class='ocr_par' dir='ltr' id='par_1_98' title="bbox 350 2799 1096 2840">
     <span class='ocr_line' id='line_1_98' title="bbox 350 2799 1096 2840; baseline -0.012 -7"><span class='ocrx_word' id='word_1_724' title='bbox 350 2799 407 2840; x_wconf 62' lang='grc' dir='ltr'><strong>(9θῖ</strong></span> <span class='ocrx_word' id='word_1_725' title='bbox 428 2805 500 2839; x_wconf 83' lang='grc' dir='ltr'>οὐχ.</span> <span class='ocrx_word' id='word_1_726' title='bbox 517 2799 728 2840; x_wconf 75' lang='lat' dir='ltr'><strong>Vellegenduitt,</strong></span> <span class='ocrx_word' id='word_1_727' title='bbox 742 2800 848 2840; x_wconf 57' lang='grc' dir='ltr'>οὑξοῦν,</span> <span class='ocrx_word' id='word_1_728' title='bbox 864 2800 969 2840; x_wconf 35' lang='lat' dir='ltr'><strong>velnper</strong></span> <span class='ocrx_word' id='word_1_729' title='bbox 981 2799 1096 2826; x_wconf 55' lang='lat' dir='ltr'><strong>interro.</strong></span> 
     </span>
    </p>
   </div>
   <div class='ocr_carea' id='block_1_99' title="bbox 316 2834 944 2876">
    <p class='ocr_par' dir='ltr' id='par_1_99' title="bbox 316 2834 944 2876">
     <span class='ocr_line' id='line_1_99' title="bbox 316 2834 944 2876; baseline -0.008 -10"><span class='ocrx_word' id='word_1_730' title='bbox 316 2834 449 2876; x_wconf 65' lang='lat' dir='ltr'><strong>gaiimiem</strong></span> <span class='ocrx_word' id='word_1_731' title='bbox 467 2834 625 2876; x_wconf 60' lang='lat' dir='ltr'><strong>vertendum</strong></span> <span class='ocrx_word' id='word_1_732' title='bbox 641 2845 648 2863; x_wconf 91' lang='lat'>:</span> <span class='ocrx_word' id='word_1_733' title='bbox 665 2846 673 2862; x_wconf 84' lang='grc' dir='ltr'>ι</span> <span class='ocrx_word' id='word_1_734' title='bbox 687 2834 794 2876; x_wconf 79' lang='lat' dir='ltr'><strong>no_n_ne?</strong></span> <span class='ocrx_word' id='word_1_735' title='bbox 810 2834 917 2876; x_wconf 74' lang='lat' dir='ltr'><strong>annon?</strong></span> <span class='ocrx_word' id='word_1_736' title='bbox 936 2844 944 2861; x_wconf 82' lang='grc' dir='ltr'><strong>ι</strong></span> 
     </span>
    </p>
   </div>
   <div class='ocr_carea' id='block_1_100' title="bbox 352 2867 1137 2910">
    <p class='ocr_par' dir='ltr' id='par_1_100' title="bbox 352 2867 1137 2910">
     <span class='ocr_line' id='line_1_100' title="bbox 352 2867 1137 2910; baseline -0.003 -9"><span class='ocrx_word' id='word_1_737' title='bbox 352 2875 406 2910; x_wconf 74' lang='lat'><strong>(95)</strong></span> <span class='ocrx_word' id='word_1_738' title='bbox 425 2872 542 2908; x_wconf 71' lang='grc' dir='ltr'><strong>Καινῆς.</strong></span> <span class='ocrx_word' id='word_1_739' title='bbox 565 2872 647 2907; x_wconf 66' lang='lat' dir='ltr'><strong>Elian,</strong></span> <span class='ocrx_word' id='word_1_740' title='bbox 668 2871 780 2906; x_wconf 77' lang='grc' dir='ltr'>πολλῆς,</span> <span class='ocrx_word' id='word_1_741' title='bbox 806 2880 815 2897; x_wconf 80' lang='grc' dir='ltr'>ι</span> <span class='ocrx_word' id='word_1_742' title='bbox 838 2870 948 2899; x_wconf 84' lang='lat' dir='ltr'><strong>multam</strong></span> <span class='ocrx_word' id='word_1_743' title='bbox 976 2867 1098 2898; x_wconf 81' lang='lat' dir='ltr'><strong>aﬂlictio—</strong></span> <span class='ocrx_word' id='word_1_744' title='bbox 1134 2897 1137 2899; x_wconf 87' lang='lat'><strong>.</strong></span> 
     </span>
    </p>
   </div>
   <div class='ocr_carea' id='block_1_101' title="bbox 832 2615 1190 2648">
    <p class='ocr_par' dir='ltr' id='par_1_101' title="bbox 832 2615 1190 2648">
     <span class='ocr_line' id='line_1_101' title="bbox 832 2615 1190 2648; baseline -0.008 -4"><span class='ocrx_word' id='word_1_745' title='bbox 832 2617 852 2633; x_wconf 84' lang='grc'><strong>⁶¹</strong></span> <span class='ocrx_word' id='word_1_746' title='bbox 870 2617 953 2644; x_wconf 82' lang='lat' dir='ltr'><strong>Exod.</strong></span> <span class='ocrx_word' id='word_1_747' title='bbox 971 2624 1038 2646; x_wconf 80' lang='lat' dir='ltr'><strong>xm,</strong></span> <span class='ocrx_word' id='word_1_748' title='bbox 1051 2615 1098 2647; x_wconf 78' lang='lat' dir='ltr'><strong>2t,</strong></span> <span class='ocrx_word' id='word_1_749' title='bbox 1113 2622 1190 2648; x_wconf 81' lang='lat' dir='ltr'><strong>seqq.</strong></span> 
     </span>
    </p>
   </div>
   <div class='ocr_carea' id='block_1_102' title="bbox 770 2650 1109 2686">
    <p class='ocr_par' dir='ltr' id='par_1_102' title="bbox 770 2650 1109 2686">
     <span class='ocr_line' id='line_1_102' title="bbox 770 2650 1109 2686; baseline -0.015 -5"><span class='ocrx_word' id='word_1_750' title='bbox 770 2653 792 2668; x_wconf 84' lang='lat'><strong>&quot;</strong></span> <span class='ocrx_word' id='word_1_751' title='bbox 807 2652 865 2680; x_wconf 80' lang='lat' dir='ltr'><strong>Jos.</strong></span> <span class='ocrx_word' id='word_1_752' title='bbox 879 2660 921 2686; x_wconf 89' lang='lat' dir='ltr'><strong>ut,</strong></span> <span class='ocrx_word' id='word_1_753' title='bbox 937 2652 986 2684; x_wconf 79' lang='lat' dir='ltr'><strong>l&#39;l;</strong></span> <span class='ocrx_word' id='word_1_754' title='bbox 1016 2658 1051 2682; x_wconf 86' lang='lat' dir='ltr'><strong>vt,</strong></span> <span class='ocrx_word' id='word_1_755' title='bbox 1065 2650 1109 2678; x_wconf 60' lang='lat' dir='ltr'><strong>ﬁt).</strong></span> 
     </span>
    </p>
   </div>
   <div class='ocr_carea' id='block_1_103' title="bbox 1182 2223 1933 2262">
    <p class='ocr_par' dir='ltr' id='par_1_103' title="bbox 1182 2223 1933 2262">
     <span class='ocr_line' id='line_1_103' title="bbox 1182 2223 1933 2262; baseline -0.004 -9"><span class='ocrx_word' id='word_1_756' title='bbox 1182 2227 1236 2253; x_wconf 70' lang='grc' dir='ltr'><strong>ΠΡ.</strong></span> <span class='ocrx_word' id='word_1_757' title='bbox 1257 2226 1357 2262; x_wconf 81' lang='grc' dir='ltr'>Θρηνεῖ</span> <span class='ocrx_word' id='word_1_758' title='bbox 1375 2226 1423 2261; x_wconf 79' lang='grc' dir='ltr'>μὲν</span> <span class='ocrx_word' id='word_1_759' title='bbox 1442 2224 1680 2260; x_wconf 75' lang='grc' dir='ltr'>αὖτοὺςῚερεμίας</span> <span class='ocrx_word' id='word_1_760' title='bbox 1704 2223 1750 2251; x_wconf 74' lang='grc' dir='ltr'><strong>ἐπὶ</strong></span> <span class='ocrx_word' id='word_1_761' title='bbox 1767 2225 1821 2255; x_wconf 85' lang='grc' dir='ltr'>τοῖς</span> <span class='ocrx_word' id='word_1_762' title='bbox 1833 2224 1933 2259; x_wconf 80' lang='grc' dir='ltr'>προτέ-</span> 
     </span>
    </p>
   </div>
   <div class='ocr_carea' id='block_1_104' title="bbox 1149 2270 1934 2308">
    <p class='ocr_par' dir='ltr' id='par_1_104' title="bbox 1149 2270 1934 2308">
     <span class='ocr_line' id='line_1_104' title="bbox 1149 2270 1934 2308; baseline -0.004 -9"><span class='ocrx_word' id='word_1_763' title='bbox 1149 2281 1204 2308; x_wconf 87' lang='grc' dir='ltr'>ροις</span> <span class='ocrx_word' id='word_1_764' title='bbox 1227 2273 1335 2303; x_wconf 82' lang='grc' dir='ltr'>πάθεσι,</span> <span class='ocrx_word' id='word_1_765' title='bbox 1361 2272 1408 2298; x_wconf 72' lang='grc' dir='ltr'><strong>καὶ</strong></span> <span class='ocrx_word' id='word_1_766' title='bbox 1428 2272 1478 2307; x_wconf 77' lang='grc' dir='ltr'>τὴν</span> <span class='ocrx_word' id='word_1_767' title='bbox 1501 2273 1547 2298; x_wconf 73' lang='grc' dir='ltr'><strong>ἐπὶ</strong></span> <span class='ocrx_word' id='word_1_768' title='bbox 1573 2272 1722 2299; x_wconf 74' lang='grc' dir='ltr'>Βαϐυλῶνα</span> <span class='ocrx_word' id='word_1_769' title='bbox 1746 2270 1934 2306; x_wconf 71' lang='grc' dir='ltr'>αἰχμαλωσίαν</span> 
     </span>
    </p>
   </div>
   <div class='ocr_carea' id='block_1_105' title="bbox 1147 2316 1936 2355">
    <p class='ocr_par' dir='ltr' id='par_1_105' title="bbox 1147 2316 1936 2355">
     <span class='ocr_line' id='line_1_105' title="bbox 1147 2316 1936 2355; baseline -0.005 -9"><span class='ocrx_word' id='word_1_770' title='bbox 1147 2319 1288 2355; x_wconf 80' lang='grc' dir='ltr'>ὀδύρεται·</span> <span class='ocrx_word' id='word_1_771' title='bbox 1312 2319 1358 2345; x_wconf 72' lang='grc' dir='ltr'><strong>καὶ</strong></span> <span class='ocrx_word' id='word_1_772' title='bbox 1379 2319 1432 2354; x_wconf 79' lang='grc' dir='ltr'><strong>γὰρ</strong></span> <span class='ocrx_word' id='word_1_773' title='bbox 1452 2316 1485 2353; x_wconf 86' lang='grc' dir='ltr'>ἦν</span> <span class='ocrx_word' id='word_1_774' title='bbox 1508 2318 1591 2349; x_wconf 72' lang='grc' dir='ltr'>ὅντως</span> <span class='ocrx_word' id='word_1_775' title='bbox 1614 2319 1728 2344; x_wconf 75' lang='grc' dir='ltr'>κάκεῖνα</span> <span class='ocrx_word' id='word_1_776' title='bbox 1755 2317 1860 2352; x_wconf 79' lang='grc' dir='ltr'>θρήνων</span> <span class='ocrx_word' id='word_1_777' title='bbox 1886 2317 1936 2342; x_wconf 74' lang='grc' dir='ltr'>καὶ</span> 
     </span>
    </p>
   </div>
   <div class='ocr_carea' id='block_1_106' title="bbox 1134 2355 1936 2401">
    <p class='ocr_par' dir='ltr' id='par_1_106' title="bbox 1134 2355 1936 2401">
     <span class='ocr_line' id='line_1_106' title="bbox 1134 2355 1936 2401; baseline -0.005 -9"><span class='ocrx_word' id='word_1_778' title='bbox 1134 2355 1271 2401; x_wconf 52' lang='grc' dir='ltr'>εδδυρμῶν</span> <span class='ocrx_word' id='word_1_779' title='bbox 1283 2366 1360 2398; x_wconf 75' lang='grc' dir='ltr'>ἄξια·</span> <span class='ocrx_word' id='word_1_780' title='bbox 1374 2365 1433 2396; x_wconf 79' lang='grc' dir='ltr'><strong>πῶς</strong></span> <span class='ocrx_word' id='word_1_781' title='bbox 1450 2365 1478 2391; x_wconf 74' lang='grc' dir='ltr'>δὲ</span> <span class='ocrx_word' id='word_1_782' title='bbox 1500 2365 1530 2390; x_wconf 73' lang='grc' dir='ltr'>οὐ</span> <span class='ocrx_word' id='word_1_783' title='bbox 1547 2365 1600 2390; x_wconf 84' lang='grc' dir='ltr'><strong>τῶν</strong></span> <span class='ocrx_word' id='word_1_784' title='bbox 1619 2364 1754 2400; x_wconf 80' lang='grc' dir='ltr'>μεγίστων</span> <span class='ocrx_word' id='word_1_785' title='bbox 1778 2363 1853 2398; x_wconf 84' lang='grc' dir='ltr'>τείχη</span> <span class='ocrx_word' id='word_1_786' title='bbox 1869 2370 1936 2388; x_wconf 84' lang='grc' dir='ltr'>κατ-</span> 
     </span>
    </p>
   </div>
   <div class='ocr_carea' id='block_1_107' title="bbox 1148 2408 1936 2446">
    <p class='ocr_par' dir='ltr' id='par_1_107' title="bbox 1148 2408 1936 2446">
     <span class='ocr_line' id='line_1_107' title="bbox 1148 2408 1936 2446; baseline -0.005 -8"><span class='ocrx_word' id='word_1_787' title='bbox 1148 2412 1319 2446; x_wconf 83' lang='grc' dir='ltr'>εσκαμμένα,</span> <span class='ocrx_word' id='word_1_788' title='bbox 1339 2411 1414 2440; x_wconf 78' lang='grc' dir='ltr'>πόλις</span> <span class='ocrx_word' id='word_1_789' title='bbox 1430 2410 1613 2445; x_wconf 68' lang='grc' dir='ltr'>ἠδαφισμένη,</span> <span class='ocrx_word' id='word_1_790' title='bbox 1634 2410 1758 2445; x_wconf 64' lang='grc' dir='ltr'>ἁγίαομα</span> <span class='ocrx_word' id='word_1_791' title='bbox 1773 2408 1936 2445; x_wconf 76' lang='grc' dir='ltr'>καθῃρημέ-</span> 
     </span>
    </p>
   </div>
   <div class='ocr_carea' id='block_1_108' title="bbox 1149 2456 1936 2492">
    <p class='ocr_par' dir='ltr' id='par_1_108' title="bbox 1149 2456 1936 2492">
     <span class='ocr_line' id='line_1_108' title="bbox 1149 2456 1936 2492; baseline -0.003 -8"><span class='ocrx_word' id='word_1_792' title='bbox 1149 2466 1203 2489; x_wconf 82' lang='grc' dir='ltr'>νον,</span> <span class='ocrx_word' id='word_1_793' title='bbox 1220 2457 1382 2492; x_wconf 79' lang='grc' dir='ltr'>ἀναθήματα</span> <span class='ocrx_word' id='word_1_794' title='bbox 1403 2457 1582 2491; x_wconf 78' lang='grc' dir='ltr'>σεσυλημένα.</span> <span class='ocrx_word' id='word_1_795' title='bbox 1601 2456 1680 2488; x_wconf 82' lang='grc' dir='ltr'>πόδες</span> <span class='ocrx_word' id='word_1_796' title='bbox 1697 2456 1803 2491; x_wconf 75' lang='grc' dir='ltr'>βέϐηλοι</span> <span class='ocrx_word' id='word_1_797' title='bbox 1819 2456 1865 2483; x_wconf 81' lang='grc' dir='ltr'>καὶ</span> <span class='ocrx_word' id='word_1_798' title='bbox 1878 2456 1936 2490; x_wconf 79' lang='grc' dir='ltr'>χεῖ·</span> 
     </span>
    </p>
   </div>
   <div class='ocr_carea' id='block_1_109' title="bbox 1150 2502 1936 2538">
    <p class='ocr_par' dir='ltr' id='par_1_109' title="bbox 1150 2502 1936 2538">
     <span class='ocr_line' id='line_1_109' title="bbox 1150 2502 1936 2538; baseline -0.001 -10"><span class='ocrx_word' id='word_1_799' title='bbox 1150 2511 1211 2538; x_wconf 81' lang='grc' dir='ltr'>ρες’</span> <span class='ocrx_word' id='word_1_800' title='bbox 1229 2503 1254 2529; x_wconf 83' lang='grc' dir='ltr'>οἱ</span> <span class='ocrx_word' id='word_1_801' title='bbox 1272 2503 1321 2538; x_wconf 86' lang='grc' dir='ltr'>μὲν</span> <span class='ocrx_word' id='word_1_802' title='bbox 1343 2503 1398 2534; x_wconf 86' lang='grc' dir='ltr'>τοῖς</span> <span class='ocrx_word' id='word_1_803' title='bbox 1423 2502 1532 2533; x_wconf 74' lang='grc' dir='ltr'>ἀϐάτοις</span> <span class='ocrx_word' id='word_1_804' title='bbox 1552 2502 1756 2537; x_wconf 74' lang='grc' dir='ltr'>ἐμϐατεύοντες,</span> <span class='ocrx_word' id='word_1_805' title='bbox 1784 2503 1811 2528; x_wconf 82' lang='grc' dir='ltr'>αἱ</span> <span class='ocrx_word' id='word_1_806' title='bbox 1836 2502 1862 2528; x_wconf 81' lang='grc' dir='ltr'>δὲ</span> <span class='ocrx_word' id='word_1_807' title='bbox 1884 2509 1936 2527; x_wconf 79' lang='grc' dir='ltr'><strong>κα-</strong></span> 
     </span>
    </p>
   </div>
   <div class='ocr_carea' id='block_1_110' title="bbox 1240 2612 1518 2642">
    <p class='ocr_par' dir='ltr' id='par_1_110' title="bbox 1240 2612 1518 2642">
     <span class='ocr_line' id='line_1_110' title="bbox 1240 2612 1518 2642; baseline 0 -3"><span class='ocrx_word' id='word_1_808' title='bbox 1240 2614 1272 2629; x_wconf 82' lang='grc'><strong>⁶¹⁶</strong></span> <span class='ocrx_word' id='word_1_809' title='bbox 1293 2613 1377 2639; x_wconf 81' lang='lat' dir='ltr'><strong>Exod.</strong></span> <span class='ocrx_word' id='word_1_810' title='bbox 1400 2620 1456 2642; x_wconf 79' lang='lat' dir='ltr'><strong>xtv.</strong></span> <span class='ocrx_word' id='word_1_811' title='bbox 1473 2612 1518 2639; x_wconf 71' lang='lat'><strong>2‘2.</strong></span> 
     </span>
    </p>
   </div>
   <div class='ocr_carea' id='block_1_111' title="bbox 1573 2611 1933 2646">
    <p class='ocr_par' dir='ltr' id='par_1_111' title="bbox 1573 2611 1933 2646">
     <span class='ocr_line' id='line_1_111' title="bbox 1573 2611 1933 2646; baseline 0 -8"><span class='ocrx_word' id='word_1_812' title='bbox 1573 2613 1596 2628; x_wconf 71' lang='grc' dir='ltr'><strong>θ’</strong></span> <span class='ocrx_word' id='word_1_813' title='bbox 1613 2611 1698 2638; x_wconf 79' lang='lat' dir='ltr'><strong>Exod.</strong></span> <span class='ocrx_word' id='word_1_814' title='bbox 1734 2620 1777 2643; x_wconf 77' lang='lat' dir='ltr'><strong>xv,</strong></span> <span class='ocrx_word' id='word_1_815' title='bbox 1799 2612 1830 2638; x_wconf 76' lang='grc'><strong>12</strong></span> <span class='ocrx_word' id='word_1_816' title='bbox 1856 2619 1933 2646; x_wconf 75' lang='lat' dir='ltr'><strong>seqq.</strong></span> 
     </span>
    </p>
   </div>
   <div class='ocr_carea' id='block_1_112' title="bbox 1159 2648 1395 2675">
    <p class='ocr_par' dir='ltr' id='par_1_112' title="bbox 1159 2648 1395 2675">
     <span class='ocr_line' id='line_1_112' title="bbox 1159 2648 1395 2675; baseline -0.004 0"><span class='ocrx_word' id='word_1_817' title='bbox 1159 2650 1181 2665; x_wconf 82' lang='lat'><strong>“</strong></span> <span class='ocrx_word' id='word_1_818' title='bbox 1201 2648 1284 2675; x_wconf 83' lang='lat' dir='ltr'><strong>Exod.</strong></span> <span class='ocrx_word' id='word_1_819' title='bbox 1309 2656 1395 2675; x_wconf 84' lang='lat' dir='ltr'><strong>vn-xt.</strong></span> 
     </span>
    </p>
   </div>
   <div class='ocr_carea' id='block_1_113' title="bbox 1435 2646 1760 2681">
    <p class='ocr_par' dir='ltr' id='par_1_113' title="bbox 1435 2646 1760 2681">
     <span class='ocr_line' id='line_1_113' title="bbox 1435 2646 1760 2681; baseline -0.006 -7"><span class='ocrx_word' id='word_1_820' title='bbox 1435 2648 1544 2675; x_wconf 79' lang='lat' dir='ltr'><strong>&quot;Exod.</strong></span> <span class='ocrx_word' id='word_1_821' title='bbox 1562 2655 1619 2678; x_wconf 85' lang='lat' dir='ltr'><strong>xtx&#39;,</strong></span> <span class='ocrx_word' id='word_1_822' title='bbox 1633 2646 1665 2673; x_wconf 83' lang='lat' dir='ltr'><strong>I6</strong></span> <span class='ocrx_word' id='word_1_823' title='bbox 1684 2655 1760 2681; x_wconf 77' lang='lat' dir='ltr'><strong>seqq.</strong></span> 
     </span>
    </p>
   </div>
   <div class='ocr_carea' id='block_1_114' title="bbox 1150 2734 1247 2754">
    <p class='ocr_par' dir='ltr' id='par_1_114' title="bbox 1150 2734 1247 2754">
     <span class='ocr_line' id='line_1_114' title="bbox 1150 2734 1247 2754; baseline -0.01 -1"><span class='ocrx_word' id='word_1_824' title='bbox 1150 2734 1223 2754; x_wconf 84' lang='lat' dir='ltr'><strong>nem.</strong></span> <span class='ocrx_word' id='word_1_825' title='bbox 1238 2735 1247 2752; x_wconf 60' lang='grc' dir='ltr'><strong>θ</strong></span> 
     </span>
    </p>
   </div>
   <div class='ocr_carea' id='block_1_115' title="bbox 1186 2761 1685 2796">
    <p class='ocr_par' dir='ltr' id='par_1_115' title="bbox 1186 2761 1685 2796">
     <span class='ocr_line' id='line_1_115' title="bbox 1186 2761 1685 2796; baseline -0.002 -8"><span class='ocrx_word' id='word_1_826' title='bbox 1186 2761 1243 2796; x_wconf 74' lang='grc'><strong>(94)</strong></span> <span class='ocrx_word' id='word_1_827' title='bbox 1265 2761 1355 2787; x_wconf 80' lang='grc' dir='ltr'>Οὕτω.</span> <span class='ocrx_word' id='word_1_828' title='bbox 1377 2761 1462 2796; x_wconf 70' lang='lat' dir='ltr'><strong>Regg.</strong></span> <span class='ocrx_word' id='word_1_829' title='bbox 1474 2768 1500 2791; x_wconf 71' lang='grc' dir='ltr'><strong>ει.</strong></span> <span class='ocrx_word' id='word_1_830' title='bbox 1518 2761 1573 2790; x_wconf 87' lang='lat' dir='ltr'><strong>hm.</strong></span> <span class='ocrx_word' id='word_1_831' title='bbox 1587 2761 1685 2791; x_wconf 68' lang='grc' dir='ltr'>οὕτως,</span> 
     </span>
    </p>
   </div>
   <div class='ocr_carea' id='block_1_116' title="bbox 1186 2795 1940 2831">
    <p class='ocr_par' dir='ltr' id='par_1_116' title="bbox 1186 2795 1940 2831">
     <span class='ocr_line' id='line_1_116' title="bbox 1186 2795 1940 2831; baseline -0.003 -7"><span class='ocrx_word' id='word_1_832' title='bbox 1186 2795 1242 2831; x_wconf 61' lang='grc'><strong>(95)</strong></span> <span class='ocrx_word' id='word_1_833' title='bbox 1262 2796 1393 2830; x_wconf 73' lang='grc' dir='ltr'>Πληγάς.</span> <span class='ocrx_word' id='word_1_834' title='bbox 1414 2795 1541 2823; x_wconf 87' lang='lat' dir='ltr'><strong>Nonnulli</strong></span> <span class='ocrx_word' id='word_1_835' title='bbox 1561 2798 1639 2823; x_wconf 87' lang='lat' dir='ltr'><strong>codd.</strong></span> <span class='ocrx_word' id='word_1_836' title='bbox 1664 2797 1781 2830; x_wconf 64' lang='grc' dir='ltr'>σφηκας,</span> <span class='ocrx_word' id='word_1_837' title='bbox 1803 2804 1812 2820; x_wconf 80' lang='grc' dir='ltr'>ι</span> <span class='ocrx_word' id='word_1_838' title='bbox 1838 2802 1940 2830; x_wconf 65' lang='lat' dir='ltr'><strong>vespas</strong></span> 
     </span>
    </p>
   </div>
   <div class='ocr_carea' id='block_1_117' title="bbox 1153 2832 1336 2860">
    <p class='ocr_par' dir='ltr' id='par_1_117' title="bbox 1153 2832 1336 2860">
     <span class='ocr_line' id='line_1_117' title="bbox 1153 2832 1336 2860; baseline -0.022 0"><span class='ocrx_word' id='word_1_839' title='bbox 1153 2832 1311 2860; x_wconf 72' lang='lat' dir='ltr'><strong>crabrones.</strong></span> <span class='ocrx_word' id='word_1_840' title='bbox 1327 2840 1336 2856; x_wconf 80' lang='grc' dir='ltr'>ι</span> 
     </span>
    </p>
   </div>
   <div class='ocr_carea' id='block_1_118' title="bbox 1188 2864 1789 2904">
    <p class='ocr_par' dir='ltr' id='par_1_118' title="bbox 1188 2864 1789 2904">
     <span class='ocr_line' id='line_1_118' title="bbox 1188 2864 1789 2904; baseline -0.003 -10"><span class='ocrx_word' id='word_1_841' title='bbox 1188 2866 1245 2904; x_wconf 81' lang='lat'><strong>(96)</strong></span> <span class='ocrx_word' id='word_1_842' title='bbox 1270 2864 1440 2893; x_wconf 76' lang='grc' dir='ltr'>Ἀπώλειαν.</span> <span class='ocrx_word' id='word_1_843' title='bbox 1454 2866 1532 2894; x_wconf 73' lang='lat' dir='ltr'><strong>Deest</strong></span> <span class='ocrx_word' id='word_1_844' title='bbox 1544 2866 1570 2893; x_wconf 93' lang='lat' dir='ltr'><strong>in</strong></span> <span class='ocrx_word' id='word_1_845' title='bbox 1588 2864 1640 2892; x_wconf 85' lang='lat' dir='ltr'><strong>I&#39;ar</strong></span> <span class='ocrx_word' id='word_1_846' title='bbox 1663 2866 1789 2893; x_wconf 79' lang='lat' dir='ltr'><strong>editione.</strong></span> 
     </span>
    </p>
   </div>
   <div class='ocr_carea' id='block_1_119' title="bbox 1265 2761 1433 2795">
    <p class='ocr_par' dir='ltr' id='par_1_119' title="bbox 1265 2761 1433 2795">
     <span class='ocr_line' id='line_1_119' title="bbox 1265 2761 1433 2795; baseline -0.012 -8"><span class='ocrx_word' id='word_1_847' title='bbox 1265 2761 1355 2787; x_wconf 81' lang='grc' dir='ltr'>Οὕτω.</span> <span class='ocrx_word' id='word_1_848' title='bbox 1377 2761 1433 2795; x_wconf 71' lang='lat' dir='ltr'><strong>Reg</strong></span> 
     </span>
    </p>
   </div>
  </div>
