2069 3131
189 185 240 213 7ιεὶ

773 179 900 208 ORA'l'lO
921 180 963 208 Vl.
982 194 1016 200 -—-
1032 180 1076 208 DE
1095 178 1184 208 PACE
1205 178 1224 207 l.

1757 183 1807 210 746

187 243 242 270 τῶν
257 241 312 277 (θῖ)
323 239 467 275 ἀψαύστων
484 239 707 274 κατατρυφῶσαι,
723 239 859 274 προφῆται
877 238 975 273 σιγῶν-

1037 246 1120 266 uanus
1135 245 1199 265 vero
1214 237 1291 272 191
1309 238 1380 265 circa
1397 245 1440 265 res
1454 246 1512 271 eas,
1525 247 1592 273 quas
1607 243 1719 275 tangere
1731 242 1808 269 ueras

186 297 243 320 τες,
260 287 343 322 ἱερεῖς
358 285 494 320 ἀγόμενοι,
509 283 659 320 πρεσϐῦται
672 284 709 320 μὴ
723 284 887 319 ὲλεούμενοι,
905 292 972 319 παρ-

188 333 259 361 θένοι
283 329 522 366 καθυϐριζόμεναι,
545 330 638 362 νεότης
656 329 800 360 πίπτουσα,
819 328 874 364 πῦρ
894 329 973 355 ἁλλό-

188 386 262 414 τριον
276 377 333 412 (98)
358 376 405 402 καὶ
430 375 568 410 πολέμιον,
584 375 699 410 αἵματος
714 375 830 410 ποταμοὶ
851 375 911 401 ἀντὶ
926 374 972 401 τοῦ

188 424 261 450 ὁσίου
273 422 359 458 πυρὸς
375 422 422 448 καὶ
438 422 564 456 αἵματος,
579 421 729 457 Ναζαραῖοι
748 421 972 457 κατασυρόμενοι,

190 470 284 505 θρῆνοι
301 470 358 500 τοῖς
377 468 471 503 ὕμνοις
487 467 719 502 ἀντεγειρόμενοι·
742 468 788 493 καὶ
801 467 833 494 ἵν’
847 466 875 498 ἐξ
887 466 975 493 αὐτῶν

190 517 260 543 εἴπω
280 524 307 542 τι
323 515 376 541 τῶν
399 513 529 550 Ἱερεμίου
544 513 667 549 Θρὴνων,
684 514 708 540 οἱ
723 514 774 540 υἱοὶ
789 514 843 548 (99)
859 512 936 545 Σιὼν,
950 514 975 540 οἱ

190 561 276 596 τίμιοι
293 560 340 586 καὶ
354 558 550 593 ἀντιτιθέμενοι
562 558 674 594 χρυσίῳ,
692 559 716 584 οἱ
729 559 858 593 τρυφεροὶ
870 559 916 584 καὶ
931 567 977 585 κα-

191 607 247 634 κῶν
264 605 390 637 ἀπαθεῖς,
413 604 490 639 ξένην
506 605 565 631 ὁδὸν
583 604 737 636 ὁδεύοντες·
765 605 811 630 καὶ
833 604 888 630 ὁδοὶ
908 603 977 631 Σιὼν

192 652 336 680 πενθοῦσαι
354 652 390 687 (1)
413 651 488 687 παρὰ
509 651 539 677 τὸ
560 651 596 686 μὴ
611 648 682 678 εἶναι
701 651 763 682 τοὺς
783 650 976 687 ἑορτάζοντας·

191 699 240 726 καὶ
258 698 352 734 μικρὸν
369 697 421 733 πρὸ
435 696 535 723 τούτων
547 705 554 711 ·
575 697 666 731 χεῖρες
685 696 821 730 γυναικῶν
840 696 979 731 οἰκτιρμό-

192 753 255 777 νων,
277 744 306 771 οὺ
329 744 433 780 τροφὴν
455 742 599 779 ὀρέγουσαι
613 743 728 774 τέκνοις,
746 742 796 776 τῆς
820 742 979 778 πολιορκίας

193 789 405 826 ἐπικρατούσης,
421 789 478 815 ἀλλ’
490 788 536 814 ἐπὶ
550 787 653 824 τροφὴν
664 787 750 814 ταῦτα
766 788 978 824 σπαράττουσαι,

193 837 241 864 καὶ
254 836 332 871 λιμοῦ
345 836 487 871 φάρμακον
501 834 536 862 τὰ
552 834 655 861 ἑαυτῶν
671 833 830 869 ποιούμεναι
847 834 962 868 φίλτατα
972 855 979 867 ,

194 882 287 910 Ταῦτα
307 881 365 914 πῶς
387 882 418 908 οὺ
442 881 517 908 δεινὰ
540 881 586 907 καὶ
605 881 676 916 πέρα
692 880 796 911 δεινῶν,
811 881 841 906 οὺ
856 882 913 912 τοῖς
929 880 981 907 πά-
996 880 1010 916 _'

195 936 288 963 σχουσι
300 928 360 955 τότε
374 927 462 963 μόνον,
472 927 539 954 ἀλλὰ
551 927 597 954 καὶ
607 926 655 953 νῦν
667 928 723 958 τοῖς
735 926 893 959 ἁκούουσινς
909 926 980 961 Ἐγὼ

194 972 260 1006 γοῦν
272 973 366 1004 ὁσάκις
383 972 416 999 ἂν
431 972 532 1007 ταύτην
548 972 674 999 ἀναλάϐω
687 972 735 1007 τὴν
750 972 850 1007 βίϐλον,
863 972 910 999 κα)⁸
925 974 982 1004 τοῖς

194 1017 310 1052 Θρήνοις
324 1017 507 1052 συγγένωμαι,
525 1017 685 1053 συγγινομαι
699 1017 720 1043 δ’
734 1018 771 1052 (‘2)
787 1018 881 1049 ὁσάκις
892 1017 925 1044 ἂν
939 1017 983 1044 εὐ-

195 1063 313 1099 ημερὶαν
329 1063 493 1099 σωφρονίσαι
513 1063 634 1099 ἐθελήσω
659 1063 698 1099 τῷ
718 1063 922 1099 ὰναγνὼσματι,
936 1064 983 1098 ὲγ-

195 1108 331 1142 κόπτομαι
355 1108 404 1143 τὴν
426 1107 527 1143 φωνὴν,
552 1107 599 1134 καὶ
623 1107 772 1143 συγχείομαι
793 1107 918 1142 δάκρυσι,
936 1107 984 1133 καὶ

196 1151 250 1180 οἷον
267 1153 312 1179 ὑπ’
328 1152 388 1188 ὄψιν
407 1161 451 1188 μοι
472 1153 503 1179 τὸ
528 1153 613 1184 πάθος
634 1152 752 1188 ἔρχεται,
775 1153 822 1180 καὶ
844 1151 984 1188 συνθρηνῶ

196 1198 236 1234 τῷ
250 1199 424 1234 θρηνήσαντι.
443 1197 498 1233 Τὴν
513 1197 541 1224 δὲ
557 1198 715 1224 τελευταίαν
731 1197 820 1224 αὐτῶν
834 1197 942 1233 πληγήν
954 1205 985 1223 τε

197 1244 244 1270 καὶ
265 1244 463 1280 μετανάστασιν
483 1243 531 1279 (3),
558 1244 604 1270 καὶ
620 1243 665 1270 τὸν
680 1243 728 1270 νῦν
743 1243 915 1278 ἐπικείμενον
937 1243 987 1270 αὐ-

197 1291 254 1321 τοῖς
281 1290 330 1325 τῆς
351 1289 473 1321 δουλείας
497 1288 588 1324 ζυγὸν,
618 1289 665 1315 καὶ
691 1288 740 1324 τὴν
758 1288 919 1324 περιϐόητον
934 1289 986 1316 ὑπὸ

205 1337 349 1372 Ῥωμαίοις
366 1337 539 1368 ταπείνωσιν,
562 1334 596 1372 ἧς
612 1336 688 1362 οὐδὲν
702 1335 788 1368 οὕτως
806 1336 843 1367 ὡς
859 1336 875 1371 ἡ
893 1335 986 1368 στάσις

198 1382 295 1414 αἴτιον,
319 1381 362 1413 τίς
377 1381 507 1417 θρηνήσει
531 1381 599 1415 πρὸς
618 1379 696 1411 ἀξίαν
716 1379 770 1407 τῶν
787 1379 900 1414 Θρήνους
922 1378 988 1414 γρά-

200 1436 260 1462 φειν
275 1427 312 1462 (4)
328 1427 446 1458 εἰδότων,
464 1426 512 1453 καὶ
525 1425 603 1458 λόγον
616 1424 722 1457 ὲξισοῦν
735 1425 773 1460 (5)
792 1424 890 1456 necat;
908 1424 987 1451 Ποῖαι

200 1473 286 1508 βίῦλοι
298 1472 384 1499 ταῦτα
403 1472 556 1507 χωρήσουσι
570 1479 577 1504 ;
592 1471 649 1498 Mla.
662 1471 745 1507 στήλη
764 1470 801 1506 (6)
816 1470 922 1502 τούτοις
936 1470 988 1505 τῆς

200 1520 343 1555 συμφορᾶς
355 1519 372 1555 ἡ
384 1517 531 1553 οἰκουμένη
547 1518 621 1544 πᾶσα
636 1517 697 1544 καθ’
709 1515 743 1552 ἧς
758 1517 928 1552 ἐσπάρησαν,
940 1516 987 1542 καὶ

200 1567 218 1601 ἠ
232 1565 344 1601 λατρεία
357 1564 530 1600 πεπαυμένη,
548 1564 594 1590 καὶ
605 1563 689 1599 αὐτῆς
702 1563 752 1598 τῆς
771 1561 948 1598 Ἰερουσαλὴμ
957 1561 989 1588 τδ

201 1611 297 1646 ἔδαφος
322 1611 398 1646 μόγις
414 1610 451 1646 (7)
469 1610 679 1645 γινωσκόμενον,
700 1606 734 1644 ἦς
748 1608 871 1635 τοσοῦτον
893 1608 989 1634 ὲπιὸα-

201 1657 247 1684 τὸν
261 1657 354 1689 αὐτοῖς
368 1658 426 1683 ἐστι
445 1656 535 1691 μόνον,
551 1655 599 1682 καὶ
614 1654 740 1681 τοσοῦτον
754 1654 920 1681 ἀπολαύουσι
939 1654 990 1688 τῆς

203 1713 268 1731 ποτε
281 1705 370 1731 αὐτῶν
379 1703 467 1739 δόξης,
482 1704 543 1730 ὅσον
553 1703 582 1729 ὲν
594 1702 684 1738 ἡμέρᾳ
696 1702 823 1737 φανέντες
836 1701 874 1738 (8)
889 1701 990 1738 θρηνῆσ

204 1759 250 1778 σαι
268 1752 317 1786 τὴν
332 1752 381 1787 ὲρη
387 1751 459 1786 μίαν.

1024 290 1094 314 crat,
1115 284 1298 317 luxuriantes,
1326 284 1464 319 propheta:
1491 285 1624 319 silentes,
1651 288 1809 316 sacerdotes

1025 330 1142 361 abducti,
1169 337 1249 357 senes
1271 330 1372 363 absque
1387 331 1574 358 misericordia
1588 332 1684 364 habiti.
1700 339 1810 362 constu-

1025 384 1109 409 prata:
1121 377 1251 411 virgines,
1272 377 1400 412 juventus
1420 377 1519 404 cadens
1532 398 1540 409 ,
1557 377 1664 405 llatntna
1678 379 1764 407 aliena
1783 384 1812 408 et

1026 422 1145 454 hostilis,
1161 423 1301 457 sanguinis
1314 422 1385 448 llut'ii
1400 429 1449 456 pro
1465 427 1560 450 sancto
1581 423 1641 458 igne
1656 432 1688 452 ac
1701 433 1810 460 cruore,

1025 468 1144 495 Nazarzei
1163 468 1261 502 raptari
1275 489 1282 499 ,
1307 468 1396 495 luctus
1413 469 1528 496 canticis
1541 470 1680 504 subrogati
1698 476 1808 506 :alque,

1027 520 1055 541 ιιι
1072 522 1103 541 ex
1120 514 1184 548 ipsis
1199 513 1323 541 Ieremia:
1338 513 1454 541 Threnis
1473 514 1573 549 aliquid
1589 515 1753 550 producam,
1769 517 1810 544 iu-

1027 560 1089 596 clyti
1104 561 1141 588 illi
1164 561 1209 588 lilii
1233 560 1296 587 Sion
1313 561 1346 594 ε’,
1362 565 1390 588 et
1413 569 1479 588 auro
1494 561 1629 595 :cquandi.
1645 561 1682 588 illi
1699 562 1808 596 inquam

1028 606 1133 632 delicati
1164 611 1245 640 atque
1270 614 1284 633 a
1313 607 1391 634 malis
1416 608 1558 640 immunes,
1585 607 1717 635 insnetam
1739 610 1811 636 viam

1028 651 1158 679 obeuntes
1173 661 1179 678 :
1196 653 1282 679 etvize
1310 651 1375 679 Sion
1390 652 1525 685 lugentes,
1542 659 1574 679 eo
1590 653 1660 687 quod
1677 653 1741 680 nulli
1756 653 1813 680 sint

1029 698 1073 732 qui
1091 697 1174 725 festos
1190 698 1251 725 dies
1263 698 1399 725 celebrem
1416 699 1456 730 ⁶⁹;
1473 705 1504 726 ac
1520 699 1598 732 paulo
1618 703 1680 726 ante
1694 707 1701 726 :
1716 707 1813 727 manus

1032 743 1176 770 mulierum
1195 743 1409 770 misericordium
1422 743 1455 776 ",
1469 743 1649 771 invalescente
1661 744 1812 776 obsidione.

1029 796 1082 815 non
1097 788 1197 815 victum
1213 789 1274 816 liliis
1296 789 1462 823 porrigentes
1473 810 1480 822 ,
1495 790 1541 816 sed
1560 790 1649 824 potius
1665 790 1697 817 ad
1723 790 1813 818 cibum

1029 835 1079 862 sibi
1097 836 1244 870 parandum
1260 843 1306 863 eos
1328 835 1488 869 lacerantes,
1512 841 1594 871 atque
1609 844 1639 864 ex
1655 838 1814 866 clarissimis

1031 881 1087 908 suis
1113 881 1271 915 pignoribus
1297 881 1457 908 medicinam
1489 882 1618 910 adversus
1644 889 1814 918 grassantem

1032 926 1128 953 famem
1141 927 1313 960 qumrcntes?
1328 927 1370 954 An
1387 935 1439 954 non
1456 928 1512 955 haec
1527 929 1617 963 gravia
1636 934 1661 956 et
1674 929 1815 964 plusquam

1031 973 1133 1006 gravia,
1159 980 1212 998 non
1229 972 1261 999 iis
1277 972 1375 1006 solum,
1390 973 1436 1008 qui
1452 979 1506 1001 tttm
1527 981 1558 1002 ea
1574 975 1754 1009 pertulerunt,
1768 976 1816 1004 sed

1032 1019 1066 1045 iis
1091 1025 1199 1052 quoque
1213 1018 1259 1053 qui
1284 1026 1356 1046 nunc
1369 1019 1502 1046 audiunt?
1519 1020 1660 1055 Equidem.
1677 1025 1705 1048 ut
1723 1021 1756 1048 de
1773 1028 1817 1048 me

1032 1064 1138 1097 loquar,
1165 1064 1271 1098 quoties
1299 1064 1371 1092 hunc
1400 1065 1519 1092 libellum
1545 1066 1572 1092 in
1599 1074 1695 1093 manus
1717 1074 1817 1100 smno,

1034 1108 1213 1144 Threuosque
1225 1110 1316 1137 lectito
1332 1110 1370 1145 (id
1386 1115 1476 1137 autem
1495 1110 1566 1138 facio
1591 1112 1698 1146 quoties
1721 1119 1818 1139 secun-

1034 1155 1128 1181 darutn
1146 1163 1236 1181 rerutn
1259 1155 1432 1182 iusolenliatn
1451 1163 1580 1183 coercere
1607 1156 1763 1189 bujttsmodi
1781 1157 1819 1184 le-

1033 1202 1124 1228 ctione
1137 1201 1255 1236 studeo),
1273 1209 1366 1229 vocem
1379 1202 1444 1228 mihi
1458 1202 1599 1230 intercludi
1616 1204 1714 1236 sentio,
1731 1203 1821 1239 lacry-

1035 1248 1140 1280 misque
1155 1247 1265 1279 obruor,
1275 1255 1388 1282 eamque
1403 1247 1584 1276 calamitatem
1598 1248 1670 1276 velut
1683 1250 1717 1276 ob
1728 1250 1821 1277 oculos

1035 1292 1149 1326 positam
1165 1293 1259 1320 videre
1270 1293 1374 1325 videor,
1394 1301 1424 1321 ac
1442 1293 1567 1321 .Icremiae
1585 1295 1770 1322 collamentor.
1786 1296 1822 1322 At

1035 1345 1101 1365 vero
1125 1343 1290 1371 postremam
1316 1346 1410 1366 eorum
1427 1339 1544 1374 plagam,
1560 1345 1614 1367 ete
1630 1340 1738 1368 sedibus
1763 1342 1822 1367 suis

1037 1383 1235 1418 migrationem,
1266 1391 1298 1412 ac
1328 1385 1468 1413 servitutis
1493 1386 1588 1420 jugum
1614 1393 1708 1414 eorum
1740 1387 1821 1420 capiti

1037 1437 1109 1457 nunc
1133 1430 1311 1464 incumbens,
1326 1430 1515 1466 celebremque
1535 1431 1608 1459 illam
1626 1432 1676 1459 sub
1693 1432 1823 1459 Romanis

1038 1475 1250 1509 depressionem,
1270 1484 1349 1511 quam
1365 1477 1436 1504 nulla
1455 1485 1498 1505 res
1511 1486 1588 1513 :eque
1611 1486 1643 1506 ac
1664 1479 1761 1506 seditio
1777 1486 1824 1513 pe-

1037 1521 1119 1556 perit,
1136 1522 1229 1556 ecquis
1243 1524 1401 1558 eornm,qui
1418 1524 1626 1552 lamentationes
1638 1525 1823 1557 conscribere.

1039 1572 1120 1602 atque
1149 1569 1273 1596 oratione
1308 1570 1490 1597 calamitatem
1528 1571 1671 1605 aquuare
1703 1577 1823 1603 norunt,

1042 1614 1107 1641 satis
1127 1614 1206 1649 digne
1218 1615 1391 1648 deplorabit?
1407 1616 1521 1648 Quinam
1536 1617 1597 1644 libri
1619 1625 1677 1644 eam
1692 1616 1825 1652 capient?

1043 1657 1101 1686 Una
1118 1661 1210 1693 utique
1226 1660 1278 1687 illis
1293 1661 1456 1689 calamitatis
1469 1662 1593 1689 columna
1607 1667 1678 1690 tolus
1691 1668 1824 1690 terrarum

1042 1704 1116 1731 orbis
1132 1710 1183 1736 est,
1200 1713 1247 1739 per
1264 1712 1344 1740 quem
1355 1707 1430 1734 varie
1443 1706 1493 1734 lusi
1511 1710 1654 1742 sparsique
1666 1714 1739 1742 sunt,
1753 1708 1823 1735 divi-

1043 1757 1147 1784 tiusque
1170 1750 1259 1778 cultus
1271 1759 1443 1784 compressus
1458 1756 1486 1779 et
1501 1754 1662 1787 exstinctus,
1684 1754 1827 1789 ipsumque

204 1800 272 1826 adeo
287 1796 540 1832 Hierosolymitanae
555 1794 629 1822 urbis
651 1794 737 1822 solum
750 1813 758 1827 ,
775 1794 847 1828 quod
868 1794 911 1821 vix
930 1793 986 1829 jam
1006 1797 1180 1830 agnoscitur,
1198 1802 1279 1832 atque
1295 1797 1425 1825 hactenus
1457 1799 1587 1827 duntaxat
1605 1800 1656 1828 illis
1682 1805 1766 1836 patet,
1785 1802 1828 1828 id-

203 1853 258 1880 que
268 1845 400 1872 duntaxat
414 1845 517 1872 [ructus
533 1850 566 1870 ex
584 1847 675 1870 vetere
708 1850 756 1869 sua
771 1841 857 1876 gloria
890 1846 917 1868 et
948 1841 1125 1878 amplitudine
1135 1844 1243 1878 capiunt
1255 1864 1263 1880 ι
1280 1850 1310 1872 ιιι
1344 1852 1392 1880 per
1404 1845 1475 1873 diem
1491 1847 1631 1882 conspicui
1647 1847 1712 1876 lacti
1729 1849 1828 1878 solitu-

205 1894 295 1920 dinem
311 1892 431 1926 lugeant.

240 1940 292 1966 ω’.
305 1936 398 1964 Δεινοῦ
420 1937 449 1963 δὲ
472 1936 548 1968 ὄντος
575 1935 661 1966 οὕτως
693 1933 740 1960 τοῦ
760 1934 926 1967 στασιάζειν,
946 1933 992 1960 καὶ

203 1983 337 2011 τοσούτων
352 1982 438 2009 αἰτίου
458 1980 560 2012 κακῶν,
578 1980 614 2011 ὡς
630 1979 664 2005 τά
678 1987 706 2005 τε
718 1979 849 2014 εἰρημένα
861 1979 992 2011 δείκνυσι,

205 2031 253 2058 καὶ
265 2030 310 2056 διὰ
325 2029 453 2056 πλειόνων
469 2026 673 2061 ὑποδειγμάτων
686 2026 743 2052 ἐστὶ
756 2025 860 2061 μαθεῖν,
874 2024 914 2051 ἔτι
932 2024 996 2051 πολ-

205 2076 244 2112 λῷ
267 2075 416 2110 δεινότερον
440 2073 480 2106 τὸ,
508 2072 712 2103 καταλύσαντας
738 2071 919 2107 μικροψυχίαν
944 2070 993 2106 (9),

205 2123 253 2149 καὶ
266 2121 319 2148 τῶν
341 2121 390 2156 τῆς
405 2120 515 2155 εἰρήνης
543 2118 727 2154 γευσαμένους
741 2117 842 2150 καλῶν,
857 2116 926 2152 πρὸς
944 2117 994 2152 τὴν

208 2168 292 2203 αὐτὴν
305 2167 381 2194 νόσον
399 2167 479 2193 πάλιν
507 2165 695 2199 ὑπενεχθῆναι,
721 2163 766 2190 καὶ
783 2163 850 2198 πρὸς
872 2164 915 2190 τὴν
930 2163 995 2189 ἴδιον

313 2193 486 2248 ἐπιστρέψαι,
499 2212 529 2238 τὸ
541 2211 572 2246 δὴ
585 2193 731 2246 λεγομενον
748 2193 814 2245 (10);
832 2193 894 2245 μηδ’
908 2209 922 2236 ὃ
932 2210 995 2241 τοὺς
1011 2193 1034 2220 D

209 2259 337 2294 ἀνοήτους
350 2257 469 2284 παιδεύει
480 2258 512 2292 τῇ
527 2257 609 2292 πείρᾳ
619 2255 861 2292 σωφρονισθέντας.
874 2255 929 2282 Καὶ
943 2255 998 2290 γὰρ

209 2305 264 2341 ὁρῶ
280 2304 396 2339 κούφους
413 2304 460 2331 καῖ¹
483 2304 612 2338 ἀνοήτους
634 2303 664 2329 οὐ
679 2301 788 2333 τούτους
805 2300 998 2336 ὑπολαμϐανο-

1082 1932 1154 1960 XIX.
1169 1933 1255 1960 Porro
1269 1938 1369 1967 autem,
1387 1941 1447 1962 curn
1477 1934 1597 1964 dissidiis
1622 1936 1757 1970 laborare,
1774 1944 1829 1967 tam

1047 1987 1129 2014 grave
1145 1979 1191 2011 sit,
1210 1987 1241 2006 ac
1255 1984 1294 2007 tot
1315 1980 1386 2007 mala
1402 1980 1511 2013 conﬂel,
1534 1984 1774 2017 quemadmodum,
1803 1990 1831 2013 et

1045 2025 1127 2052 exiis
1149 2033 1208 2060 quae
1226 2026 1352 2059 diximus,
1369 2026 1469 2061 liquet,
1498 2032 1525 2054 et
1548 2028 1670 2063 pluribus
1699 2031 1831 2065 exemplis

1046 2071 1151 2098 discere
1164 2071 1238 2103 licet.
1259 2076 1313 2098 tum
1331 2079 1395 2099 vero
1412 2073 1495 2100 mullo
1511 2074 1621 2108 gravius
1638 2079 1688 2106 est.
1702 2076 1831 2110 depositis

1047 2115 1208 2148 inimicitiis,
1224 2117 1352 2152 pacisque
1364 2117 1442 2145 bonis
1456 2119 1612 2153 degustatis,
1624 2120 1703 2156 192
1717 2121 1742 2148 in
1754 2130 1830 2149 eum—

1049 2162 1108 2189 dem
1125 2170 1220 2189 rursus
1233 2164 1355 2190 morbum
1371 2164 1510 2198 provolvi,
1534 2171 1615 2200 atque
1639 2168 1672 2194 ad
1695 2175 1784 2200 suum,
1802 2174 1831 2197 ut

1048 2209 1099 2236 dici
1113 2209 1191 2242 solet,
1207 2210 1336 2236 vomitum
1349 2211 1448 2243 redire,
1465 2219 1497 2238 ac
1511 2219 1544 2238 ne
1557 2212 1613 2246 ipsa
1631 2213 1738 2247 quidem
1750 2222 1831 2249 expe-

1052 2255 1168 2287 rientia,
1195 2263 1255 2289 qua:
1282 2257 1425 2283 stultorum
1453 2258 1580 2288 magistra
1607 2261 1830 2292 est,emendari.

1052 2301 1156 2328 Etenim
1172 2310 1220 2329 eos
1233 2302 1350 2330 levitatis
1367 2311 1398 2330 ac
1416 2303 1536 2331 stultitiae
1561 2305 1717 2340 opinionem
1740 2307 1830 2334 subire

247 2362 270 2379 ⁸⁸
291 2361 391 2390 Thren.
408 2370 445 2394 tv,
465 2361 493 2388 2.
532 2361 554 2377 ⁸⁸
574 2361 674 2388 Thren.
691 2368 710 2390 ι.
729 2359 757 2387 ι.
795 2359 818 2376 ’⁸
836 2359 937 2386 Thren.
950 2366 986 2392 tv,
1002 2358 1044 2387 l0.

256 2419 301 2453 9'7)
321 2419 378 2447 Kal
390 2418 460 2445 τῶν.
475 2418 551 2445 Deest
569 2417 629 2447 καί,
648 2418 674 2444 in
696 2418 761 2447 lteri.
777 2424 790 2443 a
805 2420 833 2453 et
849 2416 895 2444 0r.

258 2451 302 2490 98)
321 2455 385 2488 Πῦρ
398 2454 568 2490 ᾁλλότριον.
585 2453 665 2490 llh_un_
680 2452 807 2490 intelligit
828 2451 929 2486 ignem,
944 2458 997 2486 quo

212 2486 389 2516 Nalmiardan
404 2486 600 2523 Jerosolyutain
621 2486 807 2523 inﬂammavit:

246 2524 302 2560 (99)
319 2525 352 2552 Ol
367 2523 438 2560 viol.
453 2520 570 2560 etc.'Sic
588 2522 653 2560 μσς.
684 2523 718 2560 h_u
741 2520 938 2560 capi-Deest
958 2521 994 2552 oi,

211 2559 239 2586 in
251 2556 318 2595 :Pa'r.
337 2559 513 2595 edit._l5illiu§
527 2558 607 2595 vertit
622 2556 747 2595 «pretiosi
764 2556 800 2583 illi
816 2556 874 2595 lilii,
888 2564 897 2580 ι
908 2561 960 2582 etc.

260 2594 286 2627 l)
300 2593 476 2621 Hsrdoﬁa'at.
493 2592 606 2620 Codices
622 2592 753 2627 nonnulli,
769 2590 907 2618 πενθοῦσι.

256 2629 285 2660 2)
304 2630 347 2656 Δ’.
365 2629 446 2660 Βιεαιι.
463 2628 517 2659 bm,
534 2629 579 2657 bu,
594 2626 640 2653 0r.
656 2626 695 2653 δέ.

259 2664 285 2698 3)
302 2663 540 2690 Μετανάστασιν.
554 2661 629 2688 Colb.
640 2661 657 2688 5
667 2668 690 2688 et
707 2660 820 2698 Mon'ac.
834 2660 997 2698 ᾲνάστατιν.

211 2695 367 2730 Νοιιἰιιιιιιε,
380 2698 508 2732 quidquid
524 2698 598 2724 dicat
624 2697 758 2732 variarunt
780 2696 923 2722 lectionum
942 2695 999 2722 cul-

212 2735 306 2760 lcctor.
325 2731 394 2760 Nam
415 2733 571 2764 ἀνάστασις.
595 2741 604 2757 ι
618 2731 751 2758 desolatio
763 2741 772 2756 ι
791 2736 833 2757 est
851 2735 878 2757 et
894 2741 904 2755 ε
917 2737 994 2757 ever-

212 2768 279 2799 sio,»
301 2773 331 2794 ut
344 2774 416 2795 recte
429 2769 553 2794 observat
571 2766 851 2801 Budaeusmotumque
871 2770 922 2797 est,
940 2766 991 2793 nisi

210 2803 271 2838 quis
282 2803 359 2838 valde
374 2803 399 2829 in
414 2801 750 2838 Grmcis_sit7pe_rcgrinus_.

259 2838 285 2875 ξ)
300 2836 440 2875 Γρᾴερειῖ.
454 2836 548 2875 (Σριιιιι.
566 2835 627 2875 legit
643 2836 821 2875 συγγράφειν..

260 2870 287 2906 5)
307 2870 457 2903 Ἐξὶσοῦνκ
471 2871 557 2898 Oxon.
573 2870 712 2903 ὲξισοῦντα
727 2870 765 2905 τῷ
781 2870 871 2897 πάθει.

246 2905 286 2943 (6)
300 2907 414 2941 Στήλη.
431 2916 440 2932 ι
459 2906 598 2934 Columna.
620 2913 629 2930 ι
649 2905 888 2939 Quemadmodum,
914 2906 999 2942 inquit

331 2953 468 2983 Ριτιιοι..
488 2951 546 2982 GI.
567 2949 700 2981 XXXV.

1047 2415 1130 2446 Elias,
1156 2421 1220 2447 are,
1256 2417 1302 2441 aut
1319 2422 1352 2442 ex
1379 2414 1469 2449 lapide
1483 2416 1606 2443 excitatae
1625 2419 1769 2450 colurnum,
1786 2425 1832 2447 aut

1047 2450 1205 2486 aliquorum
1216 2457 1362 2486 terumnas,
1377 2456 1423 2476 aut
1437 2451 1648 2484 vituperationes
1663 2459 1832 2486 prtcterenn-

1049 2485 1120 2522 tibus
1136 2485 1274 2522 exhibent,
1290 2484 1413 2522 _sic_totus
1432 2490 1564 2522 terrarum
1581 2484 1672 2519 orbis,
1688 2495 1737 2522 per
1753 2496 1832 2522 quem

1048 2520 1166 2558 dispersi
1196 2525 1259 2558 sunt
1285 2518 1381 2558 Iudici.
1394 2521 1488 2558 _iustar
1507 2521 1649 2558 columna,
1666 2518 1834 2558 quacunque

1048 2553 1182 2582 horrenda
1202 2554 1267 2588 ipsis
1286 2554 1443 2587 acciderint,
1460 2556 1599 2588 praedicat.

1085 2589 1124 2626 (7)
1144 2589 1245 2626 Μόγνς.
1263 2588 1349 2626 Regg.
1365 2597 1391 2620 a,
1412 2591 1467 2620 bm,
1490 2590 1578 2626 μόλις.

1087 2623 1124 2659 (8)
1139 2624 1295 2656 Φῑινέντες.
1315 2633 1324 2649 ι
1336 2623 1510 2658 Apparentes.
1523 2635 1533 2652 ι
1553 2625 1667 2653 Romani
1690 2626 1834 2659 imperato-

1051 2659 1099 2695 ris,
1115 2658 1235 2695 Adriani,
1246 2659 1272 2684 ni
1287 2659 1376 2695 hiller,
1391 2660 1458 2693 lege,
1470 2658 1569 2687 Iudaeis
1585 2668 1695 2695 campos
1708 2661 1753 2688 ubi
1771 2663 1834 2688 urbs

1050 2693 1275 2729 Jerusnlymitana
1291 2694 1387 2729 fuerat,
1400 2702 1447 2728 per
1460 2702 1541 2721 unum
1554 2696 1624 2722 diem
1637 2693 1670 2722 ex
1683 2703 1758 2723 certo
1772 2703 1834 2729 spa-

1050 2729 1088 2755 tio
1105 2729 1209 2766 videndi
1228 2728 1335 2755 licentia
1361 2729 1484 2756 dabatur.
1506 2729 1602 2758 Comb.
1627 2730 1770 2766 legendum
1787 2728 1834 2765 pu-

1049 2768 1098 2794 tat,
1118 2764 1255 2794 φανέντος.

1076 2773 1375 2860 Ξθῖῗέξέἑῗῦσαντιις
1385 2800 1600 2835 μικροψυχίαν.
1619 2809 1628 2826 ι
1643 2800 1769 2836 Deposita
1786 2808 1838 2836 pu-

1096 2840 1241 2860 ιιιιιιιιιιςιιθ.
1260 2843 1269 2860 1

1050 2834 1241 2862 εῘΙΙὶΙιιῘιιιὶιςιιθ.
1260 2843 1269 2860 1

1087 2871 1142 2904 (l0)
1158 2868 1193 2897 Τὸ
1206 2869 1244 2903 δὴ
1260 2869 1433 2904 λεγόμενον.
1450 2869 1529 2896 Deest
1544 2870 1570 2897 in
1587 2870 1670 2903 Roga.
1684 2879 1711 2904 ιι,
1724 2870 1772 2904 hu,
1793 2869 1839 2897 0r.

1054 2903 1114 2932 Mox
1128 2904 1174 2932 0r.
1191 2910 1218 2933 et
1230 2911 1285 2934 tres
1300 2903 1374 2934 αλιι).
1391 2904 1458 2940 μηδὲ
1473 2905 1497 2937 ὃ,
1513 2913 1561 2942 pro
1579 2906 1641 2942 μηό¹
1655 2906 1678 2933 ὂ.

1670 2947 1710 2980 2⁷»
