2069 3131
266 141 315 170 747

866 138 896 166 S.
916 137 1083 166 GREGORII
1104 139 1277 168 THEOLOGI

1843 141 1895 170 τιε

263 201 421 236 comperio,
442 207 495 228 non
515 200 561 234 qui
577 199 603 226 in
619 198 686 226 vitio
701 197 792 233 aliquo
805 202 984 232 permanent,
1005 197 1049 225 sed

1103 199 1210 234 μένους,
1224 200 1249 226 οἳ
1263 200 1296 226 ἂν
1313 199 1391 234 κακῷ
1404 207 1457 226 τινι
1470 198 1674 235 παραμένωσιν,
1687 199 1755 226 ἀλλα
1767 200 1828 233 τοὺς
1844 203 1893 238 ῥᾳ-

264 248 321 282 qui,
340 246 428 273 instar
441 253 514 273 aurae
530 245 646 273 subinde
663 251 693 272 se
717 244 896 276 immutantis,
911 246 958 271 aut
982 243 1052 271 reci-

264 292 436 327 procantium
452 291 624 326 Euriporum,
643 294 690 318 aut
712 290 880 317 instabilium
898 290 981 317 maris
1000 289 1051 316 ilu-

264 343 369 369 ctuum,
388 337 461 364 facili
479 341 618 364 momento
633 336 660 363 in
674 336 826 364 contrarias
841 336 990 364 sententias
1013 335 1052 363 fe-

264 388 362 410 runtur
379 390 411 410 ac
430 382 618 410 revolvuntur.
631 383 720 418 Atque
737 382 803 410 illud
821 382 934 418 insuper
947 389 1052 410 mecum

241 435 246 451 ι
265 429 418 461 considero,
434 429 478 462 iis,
493 430 538 464 qui
554 430 675 457 dissidiis
692 423 895 462 conﬂictantur,
911 436 986 464 spem
998 428 1052 456 sal-

265 479 320 501 tem
343 475 496 502 concordize
528 475 654 502 solatium
687 475 803 507 afferre,
829 475 1054 509 calamitatesque

264 520 384 555 ipsorum
398 521 516 548 maxima
533 529 566 549 ex
579 527 658 556 parte
669 521 770 549 levare.
785 521 853 556 Spes
867 521 938 549 enim
963 526 1053 548 muta-

265 568 358 600 tionis,
379 575 411 595 ac
427 568 523 596 melior
540 576 629 595 rerum
645 573 732 596 status
747 574 810 597 ante
831 569 926 597 oculos
939 569 1051 603 positus,

264 613 411 640 maximam
437 621 516 648 opem
541 613 646 642 afﬂictis
675 614 830 642 hominibus
855 614 954 642 aﬂ‘erre
974 614 1053 642 solet.

265 659 316 693 Qui
331 667 395 687 Vero
424 667 495 694 saepe
521 661 630 694 quidem
658 661 684 688 in
704 661 878 688 concordiam
903 661 1051 693 redierunt,

264 713 373 746 semper
388 712 477 734 autem
498 707 531 733 ad
545 707 639 734 vitium
656 706 754 742 relapsi
769 711 843 739 sunt,
866 707 908 734 his
923 714 976 734 una
989 714 1052 734 cuin

264 752 326 779 aliis
352 753 443 785 rebus,
458 753 555 781 melior
577 760 684 788 quoque
711 760 774 787 spes
799 753 924 787 adempta
939 757 997 785 est;
1024 757 1053 778 ut

264 798 310 832 qui
336 805 387 825 non
412 799 501 826 minus
525 806 621 832 paceni
655 799 761 834 ipsam,
790 806 871 834 quam
901 797 1052 825 dissensio-

1104 229 1168 277 δίως
1258 229 1399 281 ἀμφότερα
1424 229 1591 281 φερομένους
1611 229 1908 283 καὶ-μεταρῤέονταξ,τ

1102 291 1227 327 καθάπερ
1238 291 1324 327 αὔρας
1342 291 1602 326 μεταπιπτοὺσας.ἤ
1619 291 1769 326 μεταϐολὰς
1784 292 1830 319 καὶ
1844 302 1895 320 πα-

1102 338 1223 374 λιρροίας
1232 339 1369 374 Εὑρίπων,
1380 339 1396 374 ἢ
1407 338 1544 372 θαλάσσης
1551 337 1654 365 ἀστατα
1665 338 1784 373 κύματα.
1798 339 1895 366 Σκοπῶ

1103 384 1130 411 δὲ
1146 385 1264 416 κάκεῖνο,
1280 385 1321 411 ὅτι
1348 385 1411 415 τοὺς
1428 384 1477 419 μὲν
1497 384 1543 410 ἐπὶ
1559 383 1608 419 τῆς
1631 383 1750 415 στάσεως
1765 384 1895 419 μένοντας

1103 430 1120 465 ἡ
1132 429 1197 463 γοῦν
1210 430 1287 461 ἐλπὶς
1303 430 1352 464 τῆς
1381 430 1508 465 ὁμονοίας
1521 429 1602 464 ῥᾴους
1616 430 1697 463 ποιεῖ,
1711 429 1757 455 καὶ
1774 429 1804 455 τὸ
1817 429 1894 456 πλεῖ-

1104 484 1165 501 στον
1179 476 1269 508 αὐτοῖς
1286 475 1455 510 ἐπικουφίζει
1472 475 1522 510 τῆς
1534 476 1690 510 συμφορᾶς·
1709 475 1822 511 μεγίστη
1840 475 1894 511 γὰρ

1104 521 1247 557 ἐπικουρία
1269 523 1325 553 τοῖς
1352 520 1482 557 ἀτυχοῦσι
1505 521 1656 556 μεταϐολῆς
1685 521 1772 553 ἐλπὶς,
1797 519 1895 548 καὶτὸ

1103 569 1227 604 κρεῖττον
1246 568 1274 594 ἐν
1290 567 1438 603 ὀφθαλμοῖς
1453 568 1578 603 κείμενον
1588 576 1594 582 ”
1613 568 1638 594 οἱ
1655 567 1684 593 δὲ
1700 567 1826 599 πολλάκις
1844 567 1894 603 μὲν

1104 615 1312 649 ὁμονοήσαντες,
1336 615 1380 641 ἀεὶ
1396 615 1424 641 δὲ
1446 614 1513 650 πρὸς
1532 614 1582 650 τὴν
1596 613 1693 640 κακίαν
1710 614 1893 650 παλινδρομή-

1105 669 1210 692 σαντες,
1227 661 1379 697 ἀφῄρηνται
1399 661 1468 696 μετὰ
1481 661 1534 687 τῶν
1552 660 1639 688 ἄλλων
1652 660 1754 687 καὶτοῦ
1772 660 1894 696 κρείττο-

1103 715 1148 739 νος
1169 707 1219 743 τὴν
1231 707 1342 734 ἐλπίδα·
1369 709 1418 743 οὐχ
1442 706 1522 744 ἧττον
1539 707 1588 742 τῆς
1605 708 1724 738 στάσεως
1746 706 1893 737 δεδοικότες

1104 753 1147 779 ἀεὶ
1159 753 1209 788 τὴν
1221 753 1356 788 ὁμόνοιαν,
1374 754 1421 780 καὶ
1442 753 1502 788 μηδ’
1519 753 1604 789 ἑτέρῳ
1617 752 1789 789 θαρροῦντες,
1803 751 1847 778 διὰ
1862 751 1894 778 τὺ

1104 798 1134 824 ἐν
1149 798 1314 833 ἀμφοτέροις
1329 798 1470 834 εὐκίνητον
1486 798 1534 824 καὶ
1549 797 1722 832 ἀστάθμητον

265 851 344 875 nem,
367 849 476 878 semper
506 848 648 877 metuant,
671 844 817 878 neutrique
857 849 950 870 earum
976 846 1086 877 propter
1105 842 1245 871 utriusuue
1279 843 1419 871 levitatem
1444 847 1473 870 ct
1496 842 1706 870 inconstantiam
1732 845 1893 877 magnopere

264 889 357 917 fidam.

299 934 359 963 XX.
377 936 430 963 Nec
446 943 510 963 vero
523 936 580 963 hac
596 942 628 963 eo
645 942 660 962 a
675 942 718 962 me
737 933 789 961 dici
801 934 945 969 quisquam
961 933 1049 968 suspi-

1137 933 1180 960 K'.
1195 932 1250 960 Kai
1264 932 1358 968 μηδεὶς
1370 931 1466 958 οἰέσθω
1485 940 1518 967 με
1536 931 1636 966 λέγειν,
1653 931 1694 957 ὃτι
1708 931 1798 958 πᾶσαν
1817 930 1893 966 εἰρή-

264 986 352 1014 cetur,
367 983 438 1017 quod
463 989 555 1016 pacem
583 988 692 1008 omnem
718 981 861 1008 amandam
884 984 911 1006 et
935 979 1053 1014 comple-

263 1028 390 1056 etendam
405 1035 466 1055 esse
493 1026 660 1058 existimem;
683 1033 745 1052 nam
768 1030 797 1052 ut
811 1025 940 1060 optimam
956 1032 1051 1060 quam-

264 1072 326 1101 dam
342 1073 549 1106 dissensionem,
569 1073 607 1100 ita
630 1071 890 1105 perniciosissimam
908 1071 1053 1106 quamdam

263 1119 437 1147 concordiam
463 1125 523 1147 esse
550 1123 723 1153 perspectum
747 1117 850 1150 habeo;
868 1117 914 1144 sed
929 1124 989 1144 eam
1005 1117 1054 1144 de-

264 1173 348 1198 mum,
365 1172 425 1200 quae
440 1166 510 1193 bona
527 1169 591 1197 est,
612 1168 640 1192 et
657 1164 721 1191 boni
739 1171 822 1190 causa
839 1163 933 1195 initur,
950 1170 982 1190 ac
1000 1163 1054 1190 Deo

262 1210 380 1244 copulat.
393 1209 492 1244 Atque,
511 1213 540 1236 ut
557 1209 614 1236 haec
625 1208 700 1236 brevi
725 1207 902 1235 distinctione
916 1207 1054 1242 explicen-

261 1256 318 1288 tur,
337 1255 375 1282 ita
391 1255 498 1287 sentio;
519 1253 592 1281 haud
606 1254 708 1281 bonum
732 1260 804 1286 esse,
820 1258 851 1280 ut
867 1253 930 1288 quis
945 1253 1054 1287 segnior

263 1301 309 1334 sit,
327 1305 375 1328 aut
389 1300 519 1328 fervidior
534 1307 616 1335 quam
633 1307 683 1334 par
696 1304 738 1327 est
751 1319 760 1333 ,
777 1299 813 1326 ita
829 1303 858 1327 ut
871 1299 915 1327 vel
928 1299 1054 1326 omnibus

261 1346 298 1374 ob
312 1345 450 1374 levitatem
461 1346 627 1380 acquiescat,
643 1345 686 1373 vel
699 1346 733 1373 ob
749 1345 928 1372 temeritatem
940 1349 967 1372 et
980 1345 1054 1372 inso-

262 1391 374 1419 lentiam
395 1392 429 1420 ab
449 1392 574 1419 omnibus
594 1399 624 1419 se
641 1397 788 1419 removeat.
807 1391 894 1426 Eque
922 1391 994 1418 enim
1025 1395 1052 1418 et

263 1437 384 1465 ineiiicax
412 1437 541 1472 segnities
569 1442 621 1470 est,
646 1441 674 1464 et
697 1437 833 1464 mobilitas
856 1442 936 1472 atque
953 1437 1050 1464 incon-

263 1483 365 1510 stantia
383 1490 399 1510 a
414 1483 546 1510 societate
564 1487 591 1510 et
614 1483 807 1510 communione
836 1483 936 1511 aliena.
951 1483 1052 1510 Verum

262 1528 308 1556 ubi
327 1532 418 1563 aperte
435 1535 465 1556 se
486 1529 577 1564 prodit
593 1528 737 1563 impietas,
756 1533 812 1556 tum
827 1536 903 1562 vero.
921 1529 999 1557 nobis
1013 1529 1054 1556 fa-

262 1573 390 1600 ciendum
409 1580 486 1605 esse,
506 1577 536 1599 ut
561 1573 692 1601 adversus
717 1574 807 1608 ignem
836 1578 864 1601 et
884 1573 986 1601 ferrum
1003 1595 1010 1607 ,
1025 1580 1053 1602 et

1102 989 1150 1015 νην
1167 980 1338 1014 ἀγαπητέον·
1363 977 1421 1006 οἶδα
1440 978 1494 1014 γὰρ
1508 978 1602 1014 ὥσπερ
1621 979 1714 1004 στάσιν
1730 978 1791 1004 τινὰ
1808 977 1894 1012 βελτί-

1103 1035 1178 1061 στην,
1193 1025 1265 1052 οὓτω
1279 1026 1326 1052 καὶ
1337 1024 1547 1060 βλαϐερωτάτην
1560 1024 1700 1059 ὁμόνοιαν·
1715 1023 1783 1050 ἀλλὰ
1796 1024 1845 1059 τήν
1861 1032 1894 1057 γε

1103 1072 1187 1107 καλὴν
1200 1072 1246 1098 καὶ
1267 1072 1314 1098 ἐπὶ
1331 1072 1404 1107 καλῴ
1419 1072 1464 1098 καὶ
1477 1070 1534 1106 Θεῷ
1554 1071 1750 1098 συνάπτουσαν.
1766 1071 1796 1096 Ei
1810 1070 1838 1096 δὲ
1853 1070 1894 1096 δεῖ

1104 1119 1241 1153 συντόμως
1257 1118 1391 1144 διελέσθαι
1404 1118 1467 1153 περὶ
1479 1117 1577 1149 αὐτῶν,
1596 1117 1667 1144 οὕτω
1682 1117 1808 1151 γινώσκω
1825 1116 1891 1151 (Η),

1103 1164 1164 1191 οὔτε
1175 1164 1341 1199 νωθέστερον
1363 1161 1431 1190 εἶναι
1446 1163 1494 1190 τοῦ
1520 1163 1631 1199 μετρίου
1646 1163 1738 1195 καλὸν,
1754 1162 1815 1188 οὔτε
1832 1162 1894 1198 θερ-

1105 1211 1228 1246 μότερον,
1248 1210 1285 1242 ὡς
1300 1210 1316 1246 ἢ
1333 1210 1366 1236 δι’
1380 1210 1505 1237 εὐκολίαν
1531 1210 1598 1236 πᾶσι
1612 1208 1809 1244 συμφέρεσθαι,
1825 1208 1842 1243 ἢ
1858 1208 1892 1234 δι’

1103 1256 1216 1288 ἀταξίαν
1231 1257 1339 1283 πάντων
1352 1257 1517 1283 ἀποστατεῖν
1526 1264 1532 1270 ·
1553 1255 1652 1291 ὁμοίως
1669 1255 1723 1290 γὰρ
1741 1255 1788 1281 καὶ
1799 1254 1829 1280 τὸ
1841 1263 1892 1281 νω-

1103 1302 1148 1334 θὲς
1164 1303 1315 1338 ἄπρακτον,
1339 1302 1386 1329 καὶ
1413 1301 1443 1328 τὸ
1459 1302 1600 1337 εὐκίνητον
1625 1301 1680 1336 (12)
1700 1300 1890 1336 ἀκοινώνητον.

1109 1349 1178 1376 Ἀλλ’
1189 1346 1219 1376 οὗ
1237 1349 1285 1384 μὲν
1297 1347 1357 1385 ἆνῇ
1376 1348 1497 1384 πρόδηλα
1511 1347 1566 1382 (15)
1578 1347 1613 1374 τὰ
1626 1347 1675 1382 τῆς
1695 1346 1831 1379 ἀσεϐείας,
1845 1350 1893 1373 καὶ

1104 1395 1179 1430 πυρὶ,
1197 1395 1245 1421 καὶ
1262 1394 1374 1430 σιδήρῳ,
1399 1394 1448 1420 καὶ
1462 1394 1577 1428 καιροῖς,
1599 1392 1647 1418 καὶ
1663 1391 1817 1423 δυνάσταις,
1844 1391 1891 1418 καὶ

1103 1442 1169 1468 πᾶσι
1189 1441 1320 1476 πρότερον
1338 1439 1420 1475 ὁμόσε
1438 1438 1586 1474 χωρητέον,
1607 1438 1624 1472 ἦ
1642 1437 1691 1473 τῆς
1714 1437 1803 1472 ζύμης
1828 1437 1893 1472 μεθι-

1102 1485 1194 1512 εκτέον
1211 1485 1260 1519 τῆς
1277 1485 1407 1519 πονηρᾶς,
1421 1483 1467 1510 καὶ
1493 1481 1708 1517 συγκαταθετέον
1730 1483 1785 1513 τοῖς
1799 1481 1892 1512 κακῶς

1103 1531 1204 1566 έχουσι,
1221 1531 1268 1558 καὶ
1279 1530 1355 1557 οὐδὲν
1375 1529 1447 1556 οὕτω
1464 1529 1519 1556 τῶν
1536 1529 1663 1556 ἁπάντων
1680 1528 1811 1563 φοϐητέον
1825 1527 1891 1563 (14),

1103 1577 1140 1608 ὡς
1157 1577 1220 1604 ἄλλο
1241 1585 1266 1602 τι
1283 1576 1336 1612 πρὸ
1351 1575 1419 1602 Θεοῦ
1434 1575 1596 1611 φοῦηθῆναι,
1617 1575 1663 1602 καὶ
1679 1574 1722 1601 διὰ
1732 1574 1811 1600 τοῦτο
1830 1582 1893 1609 προ-

263 1622 396 1653 tempora,
411 1624 439 1646 et
458 1619 611 1654 principes,
632 1626 664 1646 ac
677 1619 792 1653 denique
818 1627 893 1654 prius
920 1620 1049 1647 adversus

1101 1622 1190 1650 δοῦναι
1208 1623 1272 1658 περὶ
1285 1623 1334 1658 τῆς
1360 1622 1478 1654 πίστεως
1505 1622 1600 1655 λόγους
1628 1620 1683 1656 (15)
1699 1621 1746 1647 καὶ
1767 1621 1817 1655 τῆς
1828 1621 1893 1655 ἁλη-

262 1668 360 1692 αξιειιιι
370 1664 450 1692 simul
465 1665 555 1692 omnia
569 1664 699 1697 feramur,
712 1672 793 1699 quam
807 1670 837 1693 ut
851 1666 915 1693 mali
927 1666 1050 1694 fermenti

261 1709 409 1745 participes
424 1710 583 1743 efﬁciamur,
592 1718 623 1738 ac
641 1711 713 1738 male
725 1710 829 1739 aliectis
848 1712 1048 1739 assentiamur:

261 1763 315 1783 nec
329 1756 474 1791 quidquam
491 1757 603 1791 perinde
617 1758 791 1784 metuendum
817 1763 878 1790 est,
893 1763 923 1784 ut
938 1765 973 1785 ne
985 1758 1048 1792 quid

264 1802 349 1835 magis
368 1809 448 1837 quam
464 1803 548 1829 Deum
564 1808 716 1831 metuamus
729 1823 737 1836 ,
756 1811 788 1832 ac
806 1809 949 1839 prapterea
963 1823 971 1835 ,
986 1812 1046 1831 cum

262 1847 371 1875 veritati
386 1849 547 1882 serviamus,
563 1848 626 1877 ﬁdei
641 1854 668 1878 et
682 1850 806 1878 veritatis
820 1850 972 1879 doctrinam
988 1859 1049 1886 pcr-

261 1892 316 1920 ﬂde
333 1893 500 1922 deseramus.
517 1895 551 1922 At
565 1903 625 1923 cum
645 1896 764 1931 suspicio
778 1897 835 1924 sola
858 1897 978 1925 animum
1000 1905 1049 1924 no-

261 1944 349 1966 strum
367 1940 436 1967 male
448 1940 547 1975 habet,
561 1947 703 1977 metusque
721 1950 773 1970 non
791 1943 860 1970 satis
873 1944 1029 1978 exploratus
1040 1964 1048 1976 ,

263 1987 319 2010 tum
335 1991 398 2011 vero
413 1985 550 2013 lenitatem
562 1987 651 2020 potius
668 1995 749 2022 quam
767 1988 946 2022 celeritatem,
963 1993 990 2016 et
1006 1989 1047 2015 iii-

261 2027 424 2063 dulgentiam
441 2030 518 2065 193
540 2032 628 2065 potius
643 2040 724 2067 quam
737 2034 922 2068 arrogantiam
940 2038 968 2061 et
984 2042 1047 2061 con-

1104 1669 1188 1701 θείας,
1205 1668 1318 1704 ἀληθείᾳ
1330 1666 1519 1698 δουλεύοντας·
1536 1663 1567 1693 οὗ
1580 1666 1608 1692 δὲ
1618 1666 1649 1693 τὸ
1664 1665 1765 1692 λυποῦν
1781 1666 1892 1692 ὑπόνοια

1104 1715 1151 1741 καὶ
1166 1714 1248 1750 φόϐος
1262 1714 1439 1746 ἀνεξέταστος
1460 1713 1526 1748 (16),
1552 1713 1662 1748 βελτίων
1686 1712 1734 1739 τοῦ
1759 1713 1858 1747 τάχους
1874 1713 1892 1748 ὴ

1104 1760 1289 1796 μακροθυμία,
1304 1761 1352 1787 καὶ
1363 1760 1412 1796 τῆς
1425 1759 1568 1791 αὐθαδείας
1579 1759 1595 1794 ἡ
1610 1758 1810 1793 συγκατάϐασις
1825 1757 1891 1794 (17),

1102 1807 1148 1833 καὶ
1167 1805 1256 1841 πολλῷ
1275 1807 1398 1842 κρεῖττον
1420 1805 1468 1832 καὶ
1482 1804 1713 1840 λυσιτελέστερον,
1734 1805 1762 1830 ὲν
1778 1803 1816 1839 τῷ
1836 1812 1893 1830 κοι-

1100 1851 1137 1882 νῷ
1154 1851 1259 1886 σώματι
1280 1851 1420 1886 μένοντας,
1446 1849 1620 1885 καταρτίζειν
1641 1849 1772 1885 ἀλλήλους
1793 1849 1830 1880 ὡς
1845 1848 1893 1874 ἀλ-

1099 1897 1186 1933 λήλων
1204 1897 1282 1933 μέλη,
1305 1897 1352 1924 καὶ
1370 1895 1592 1932 καταςκτίζεσθαι,
1616 1895 1633 1930 ἢ
1654 1894 1892 1931 προκαταγνόντας

1100 1941 1144 1967 διὰ
1157 1941 1208 1976 τῆς
1221 1941 1408 1973 ἀποστάσεως,
1428 1941 1476 1968 καὶ
1490 1941 1520 1967 τὸ
1531 1940 1688 1973 ἀξιόπιστον
1708 1939 1747 1974 τῷ
1759 1938 1892 1975 χωρισμῷ

1100 1987 1243 2019 λύσαντας,
1262 1987 1356 2014 ἔπειτα
1370 1987 1398 2020 ἐξ
1411 1987 1608 2022 ἐπιτάγματος,
1622 1986 1716 2021 ὥσπερ
1732 1986 1890 2021 τυράννους,

1097 2033 1155 2060 ἀλλ’
1168 2034 1219 2060 οὐκ
1230 2033 1370 2068 ἀδελφοὺς,
1384 2033 1540 2068 νομοθετεῖν
1554 2033 1603 2069 τὴν
1619 2032 1770 2068 διόρθωσιν.

261 2073 407 2101 tuniaciaui
422 2075 550 2103 adhibere
575 2077 721 2111 convenit;
749 2078 885 2114 multoque
904 2079 1000 2106 melius
1016 2083 1044 2106 et
1063 2079 1259 2107 conducibilius
1292 2084 1344 2112 est,
1375 2085 1404 2106 ut
1421 2079 1448 2106 in
1461 2080 1596 2107 communi
1614 2086 1726 2112 corpore
1740 2081 1888 2110 manentes,

260 2126 356 2149 mutuo
375 2129 424 2149 nos
437 2122 520 2157 ipsos,
537 2127 664 2158 tanquam
690 2124 737 2152 alii
765 2125 880 2152 aliorum
909 2127 1042 2158 membra,
1063 2127 1231 2160 corrigamus
1264 2131 1347 2162 atque
1369 2127 1554 2162 corrigantur,
1587 2134 1667 2161 quam
1683 2132 1710 2153 ut
1735 2125 1890 2160 praeiudicio

259 2175 309 2202 per
319 2169 499 2196 secessionem
515 2168 596 2202 facto,
610 2175 640 2197 et
650 2171 812 2199 auctoritate
825 2179 875 2207 per
891 2173 1095 2208 separationeni
1111 2174 1221 2205 amissa,
1235 2180 1268 2201 ex
1283 2174 1372 2200 edicto
1407 2178 1512 2208 postea,
1528 2173 1600 2200 velut
1630 2173 1736 2208 tyranni
1770 2179 1801 2198 ac
1835 2179 1888 2198 non

262 2214 373 2248 fratres,
387 2215 583 2243 correctionem
599 2216 772 2250 imperemus.

296 2258 368 2288 XXI.
383 2261 449 2295 Qua:
473 2269 534 2289 cum
549 2263 657 2297 cognita
678 2267 707 2290 et
729 2263 868 2299 explorata
885 2263 1044 2296 habeamus,

1137 2264 1202 2290 KA'.
1221 2263 1312 2290 Ταῦτα
1326 2263 1435 2295 εἰδότες,
1459 2262 1578 2296 ἀδελφοὶ,
1601 2260 1790 2297 περιλάϐωμεν
1806 2261 1888 2297 ἀλλής

259 2306 369 2338 fratres,
391 2307 602 2342 complectamur
616 2316 665 2336 nos
680 2304 784 2341 mutuo,
802 2315 829 2337 et
845 2310 1044 2343 exosculemur,

259 2360 343 2379 unum
356 2359 419 2380 vere
432 2348 590 2386 eiiiciamur,
599 2359 627 2381 et
640 2362 712 2386 eum,
728 2357 772 2390 qui
790 2356 907 2383 medium
921 2357 1045 2384 macerire

262 2399 393 2433 parietem
411 2399 494 2426 solvit
509 2400 544 2431 '“,
559 2407 590 2427 ac
605 2407 652 2434 per
674 2402 833 2434 sanguinem
858 2409 936 2428 suum
951 2402 1041 2428 omnia

295 2474 315 2490 "
336 2475 433 2510 Ephes.
450 2484 479 2507 ιι,
493 2477 535 2503 Η.

291 2542 348 2579 (Η)
375 2544 456 2570 οὕτω
475 2543 652 2578 Tir-dmum...
669 2550 744 2570 πᾶσι
759 2545 972 2579 συμφέρεσθαι.
986 2545 1039 2572 Bil-

254 2578 315 2615 lius,
342 2579 404 2605 (sic
417 2583 521 2612 statuo;
540 2587 589 2606 nec
615 2579 765 2615 segniorem
795 2578 957 2615 queinquam
979 2589 1038 2608 esse

254 2614 364 2646 debere,
380 2622 459 2648 quam
480 2622 528 2648 par
542 2614 587 2644 sit,
606 2622 654 2640 nec
669 2614 871 2646 fcrventiorem,
885 2614 924 2642 ita
940 2621 979 2648 ut,
996 2615 1038 2644 vel

253 2648 288 2674 ob
304 2649 439 2676 levitatem
453 2650 486 2675 ad
503 2657 596 2675 omnes
616 2656 646 2675 sc
659 2654 795 2683 εῖδει-θεοί,
815 2659 824 2675 ι
841 2655 894 2676 etc.

291 2684 541 2718 (12)Εὺκίνητον.
564 2683 592 2710 In
619 2684 848 2720 editisscquitur,
872 2684 929 2717 καί,
953 2685 1036 2720 quod,

252 2720 416 2745 auctoritate
437 2719 556 2745 melioris
572 2723 640 2745 notae
660 2718 794 2751 codicum,
809 2718 966 2747 deleviinns.

226 2779 233 2786 ,
285 2753 501 2791 ’βρῖθηρόδῃλω
515 2753 597 2791 Regg.
608 2754 696 2791 a,‘hm,
705 2759 732 2791 et
742 2759 795 2791 tres
808 2753 884 2791 Colb.
894 2754 1036 2791 πρόδηλον.

285 2788 349 2822 ιω)
369 2788 517 2820 Ἁπάντων
529 2788 685 2823 φοϐητέον.
699 2789 759 2820 ΟΓ..
775 2789 857 2817 Coisl.
875 2791 901 2820 1,
918 2788 1037 2818 ⁵πάντων.

209 2838 224 2854 -,,
253 2821 325 2862 idem
341 2821 425 2862 Coisl.
448 2824 476 2862 μ,
495 2821 755 2862 ﬂérvag.,Combef.
773 2824 946 2862 εὐλαᾶητέον,
965 2835 974 2851 ι
990 2834 1037 2853 ca-

253 2859 381 2891 vendum,
400 2858 571 2895 fugiendum.
578 2860 598 2893 tl
810 2863 814 2866 ‘

1098 2309 1170 2341 λους,
1183 2308 1422 2344 περιπτυξώμεθα,
1447 2308 1590 2343 γενώμεθα
1603 2308 1721 2342 γνησίως
1741 2307 1780 2340 ἓν,
1800 2316 1886 2344 μιμη-

1100 2355 1209 2391 σώμεθα
1223 2355 1269 2382 τὸν
1283 2356 1313 2382 τὸ
1328 2356 1482 2391 μεσότοιχον
1495 2354 1543 2381 τοῦ
1555 2354 1682 2389 φραγμοῦ
1694 2354 1823 2386 λύσαντα,
1839 2357 1886 2382 καὶ

1097 2402 1140 2428 διὰ
1154 2402 1200 2428 τοῦ
1215 2402 1330 2437 αἵματος
1347 2401 1428 2428 αὐτοῦ
1450 2401 1538 2428 πάντα
1563 2400 1760 2435 συναγαγόντα,
1778 2401 1825 2427 καὶ
1847 2401 1886 2427 si-

1128 2545 1184 2580 (15)
1196 2545 1266 2578 Περὶ
1273 2544 1333 2580 ντῆς
1346 2544 1475 2580 πίστεως
1486 2543 1681 2580 λόγους-,Κεφ
1697 2544 1743 2575 hu.
1760 2544 1820 2577 0r.,
1831 2550 1884 2572 etc.

1091 2581 1155 2611 τοὺς
1170 2580 1234 2614 περὶ
1246 2579 1364 2611 πίστεως
1382 2579 1487 2613 λόγους.
1575 2608 1580 2614 ξ

1129 2615 1184 2651 (l6)
1202 2613 1295 2647 Φόϐος
1311 2614 1523 2651 ὰνεξέταστος.
1551 2613 1817 2651 «_Metiis_non_satis
1834 2622 1884 2641 ex-

1092 2648 1221 2684 ploratus.
1238 2651 1292 2684 qui,
1305 2659 1314 2674 ι
1332 2655 1361 2676 ιιι
1384 2650 1422 2676 ait
1446 2651 1548 2684 optime
1563 2649 1644 2676 Basil.
1663 2648 1766 2681 Scliol.,
1786 2659 1796 2674 ι
1809 2651 1882 2676 insli-

1094 2691 1149 2712 lulu
1171 2685 1354 2719 inquisitione,
1370 2690 1410 2712 est
1428 2685 1600 2720 depellendus
1615 2694 1639 2710 τι
1654 2684 1683 2710 ὃν
1701 2684 1746 2710 διὰ
1767 2685 1817 2720 τῆς
1834 2685 1886 2719 ἐμ-

1093 2720 1192 2755 μελοῦς
1218 2719 1367 2752 ἐξετάσεως
1391 2719 1547 2754 ἐκϐλητέον.
1575 2719 1667 2746 Billius
1687 2728 1695 2745 :
1728 2721 1884 2754 «tuumque

1092 2756 1173 2783 nullis
1190 2756 1272 2782 certis
1293 2757 1458 2787 argumentis
1475 2755 1590 2782 innixus.
1615 2764 1625 2780 ι

1127 2789 1434 2826 (ΠλΣυγκάτάϐασις.
1465 2790 1569 2821 Billius,
1597 2789 1762 2824 «indulgens
1787 2790 1885 2816 demis-

1093 2825 1145 2856 sio.
1160 2835 1169 2852 ι
1185 2825 1382 2854 Leuvenklaius
1397 2834 1404 2853 :
1425 2835 1433 2851 ι
1449 2826 1475 2853 in
1492 2825 1664 2854 concordiam
1684 2826 1809 2852 reditio.»
