2069 3131
218 136 269 166 τω

816 135 945 163 ιιιιιιτιο
964 135 1009 162 \'l.
1029 151 1063 155 -—
1079 135 1121 162 DE
1140 135 1228 163 PACE
1244 134 1266 163 ῐ.

1797 135 1845 163 750

218 194 402 233 ρηνεύσανταο
424 193 546 228 εἴπωμεν
571 191 610 227 τῷ
634 191 715 226 κοινῷ
732 191 819 226 Πατρὶ
849 191 947 227 τούτῳ,
976 193 1007 227 τῇ

1062 191 1225 224 conciliavit,
1247 183 1273 219 et
1298 191 1447 226 pacavit",
1464 191 1610 220 imitemur.
1631 192 1756 220 Dicamus
1774 191 1858 222 coni?

219 242 303 276 σεμνῇ
319 240 410 274 πολιᾷ,
426 238 465 274 τῷ
485 239 564 274 πράῳ
579 238 626 264 καὶ
643 237 717 272 ἠπίῳ
729 237 855 272 ποιμένι·
877 238 957 273 Ὁρᾷς
974 239 1008 265 τὰ

218 287 345 321 ἐπίχειρα
369 284 419 319 τῆς
444 283 611 315 ὲττιεικείας;
626 281 711 319 ’Ἃρον
724 283 816 318 κύκλῳ
832 284 896 315 τοὺς
908 283 1008 318 (529921).-

219 332 285 367 μους
299 340 357 362 σου,
376 331 423 357 καὶ
451 330 488 356 ἴδε
514 329 716 364 ὲπισυνηγμένα
741 329 775 355 τὰ
791 329 873 355 τέκνα
897 337 954 359 σου,
979 328 1008 354 ὃν

217 378 317 413 τρόπον
339 376 456 408 ἐπόθεις,
486 377 533 402 καὶ
547 376 560 401 ὃ
581 376 636 410 (18)
661 375 841 410 προστεθῆναι
861 383 902 400 σοι
930 375 1008 409 μόνον

217 424 282 459 ῂτοῦ
308 423 404 454 νυκτὸς
417 423 463 448 καὶ
479 423 595 457 ἡμέρας,
621 422 655 448 ἵν’
673 423 701 448 ὲν
715 421 787 456 γήρᾳ
798 421 873 455 καλῷ
890 421 1008 447 καταλύ-

220 478 268 505 an;
278 469 326 504 τὴν
344 469 490 504 παροικίαν
503 476 509 482 ·
531 468 585 494 ἰδοὺ
616 468 715 499 πάντες
728 468 810 502 ἧκατι
826 467 894 502 πρὸς
910 467 949 497 σὲ,
962 468 1009 493 καὶ

220 516 272 542 ὑπὸ
284 515 332 546 τὰς
351 515 399 546 ait;
419 515 604 541 ἀναπαύονται
624 514 772 548 πτέρυγας,
795 514 841 539 καὶ
857 513 888 539 τὸ
905 513 1008 540 ἑαυτῶν

220 561 350 588 κυκλοῦσι
362 560 563 595 θυσιαστήριον,
587 559 654 594 μετὰ
669 558 793 594 δακρύων
811 559 1010 593 ἁποεροιτήσαν-

218 616 275 638 τες,
292 607 339 634 καὶ
356 607 413 641 μετ’
428 606 596 641 εὐφροσύνης
612 605 824 641 προστρέχοντες
842 605 907 640 (19).
923 606 1008 639 Χαῖρε

219 652 267 678 καὶ
283 652 465 686 κατατέρπου,
482 650 608 685 πατέρων
623 650 715 685 ἄριστε
732 651 778 676 καὶ
794 649 1007 684 φιλοτεκνότατε,

219 698 259 724 ὃτι
277 698 380 729 πάντας
394 698 490 728 αὐτοὺς
508 696 643 722 ἐνδέδυσαι
671 696 718 722 καὶ
745 696 947 731 περιϐέϐλησαι,
971 695 1008 727 ὡς

220 743 321 777 κόσμον
340 742 442 778 νύμφη.
471 742 587 776 Φθέγξαι
601 742 648 768 καὶ
668 742 700 768 σὺ
721 742 789 776 πρὸς
818 742 906 776 ἡμᾶς·
931 740 1007 768 Ἰδοὺ

218 788 275 822 ἐγὼ
290 789 385 815 καὶτὰ
399 788 501 815 παιδία
515 788 534 815 ᾶ
543 796 593 822 μοι
602 787 711 814 ἔδωκεν
728 787 782 820 (‘20)
796 789 812 813 ὁ
824 789 906 819 Θεός.
919 787 1008 823 Πρόσ-

220 833 265 865 θες
287 835 332 860 καὶ
352 834 436 869 ἄλλην
449 834 540 869 φωνὴν
553 833 716 867 δεσποτικὴν
732 833 778 859 καὶ
797 833 868 868 μάλα
887 832 1004 859 οἰκείαν·

221 880 280 913 οὓς
291 880 423 912 δέδωκάς
441 889 492 914 μοι
508 879 654 914 ἐφύλαξα,
675 878 724 905 και
745 879 800 904 οὐκ
814 878 957 905 ἀπώλεσα
972 877 1007 910 ἐξ
1024 868 1044 894 Β

218 926 318 953 αὐτῶν
329 926 449 954 οὐδένα.

253 1017 317 1043 KB’.
335 1017 410 1052 Μηδέ
427 1025 459 1050 γε
480 1017 604 1043 ἀπόλοιτο
626 1017 721 1052 μηδεὶς
739 1016 806 1051 (21),
825 1015 893 1042 ἀλλὰ
908 1015 1006 1047 πάντες

219 1061 344 1097 μένωμεν
358 1063 387 1088 ἐν
414 1063 453 1088 ἑνὶ
471 1062 618 1098 πνεύματι,
647 1063 697 1098 μιᾷ
714 1062 786 1098 ψυχῇ
816 1061 1007 1093 συναθλοῦντες

219 1110 252 1143 τῇ
267 1108 358 1135 πίπτει
370 1108 415 1135 τοῦ
433 1108 610 1142 Εὐαγγελίου,
626 1108 772 1143 σύμψυχοι,
791 1108 822 1134 τὸ
840 1107 869 1134 ἓν
881 1107 1008 1144 φρονοῦν-

217 1162 272 1186 τες,
293 1154 459 1190 ὡπλισμένοι
480 1154 519 1190 τῷ
541 1154 629 1190 θυρεῷ
654 1154 702 1189 τῆς
730 1154 858 1185 πίστεως,
877 1153 1008 1189 περιεζω-

219 1200 310 1234 σμένοι
325 1200 374 1235 τὴν
390 1201 474 1234 ὀσφὺν
496 1201 525 1227 ὲν
541 1200 664 1235 ἀληθείᾳ,
683 1201 731 1227 ἕνα
757 1200 837 1236 μόνον
851 1201 950 1232 εἰδότες
962 1201 1007 1227 τὸν

218 1251 253 1269 κα
260 1242 289 1269 τὰ
304 1242 351 1269 τοῦ
367 1243 484 1279 πονηροῦ
502 1244 557 1278 ('22)
570 1244 698 1279 πόλεμον,
717 1245 763 1271 καὶ
776 1245 829 1271 τῶν
842 1246 888 1271 ὑπ’
903 1245 1006 1272 ἐκείνου

219 1289 482 1324 στρατηγουμένων,
504 1289 542 1324 μὴ
573 1290 735 1325 φοϐούμενοι
761 1291 824 1322 τοὺς
843 1290 1007 1325 δυναμένους

218 1335 374 1362 ἀποκτεῖναι
394 1335 424 1361 τὸ
439 1335 527 1370 σῶμα,
542 1336 592 1370 τῆς
613 1335 640 1362 δὲ
653 1336 741 1371 ψυχῆς
762 1336 889 1364 λαϐέσθαι
907 1337 943 1372 μὴ
959 1337 1006 1363 δυ-

217 1381 359 1417 ναμένους,
374 1381 534 1416 φοϐούμενοι
548 1382 576 1408 δὲ
593 1382 637 1408 τὸν
654 1382 700 1409 καὶ
715 1382 804 1417 ψυχῆς
820 1382 867 1409 καὶ
882 1383 1007 1417 σώματος

217 1427 318 1461 Κύριον
328 1436 334 1441 ·
348 1427 528 1461 φυλάσσοντες
552 1427 601 1462 τὴν
617 1428 701 1463 καλὴν
715 1429 958 1464 παρακαταθήκην,
973 1429 1006 1464 ἢν

217 1473 292 1509 παρὰ
305 1473 357 1500 τῶν
373 1474 502 1508 Πατέρων
515 1473 673 1509 εἰλήφαμεν,
693 1474 907 1509 προσκυνοῦντες
920 1475 1006 1501 Πατέ-

218 1523 262 1554 ρα,
283 1520 330 1545 καὶ
343 1519 414 1549 Υἱὸν,
426 1519 472 1545 καὶ
490 1518 566 1553 ἅγιον
588 1519 715 1554 Πνεῦμα”
733 1521 762 1546 ὲν
780 1520 836 1555 Υἱῷ
848 1520 894 1546 τὸν
921 1521 1005 1547 Πατέ-
1020 1536 1041 1564 C

218 1574 263 1601 ρα,
279 1566 307 1592 ἐν
327 1565 465 1600 Πνεύματι
484 1565 529 1592 τὸν
548 1565 611 1592 Υῐὸν
628 1565 816 1600 γινώσκοντες,
833 1568 872 1597 εἰς
887 1566 905 1593 ἃ
930 1566 1006 1601 βεϐα-

217 1612 364 1646 πτίσμεθα,
382 1613 420 1643 εἰς
437 1611 454 1639 ἃ.
470 1611 702 1646 πεπιστεύκαμεν,
733 1610 773 1644 οἷς
792 1612 1004 1647 συντετάγμεθα,

217 1658 281 1692 πρὶν
304 1657 421 1692 συνάψαι
444 1657 611 1693 διαιροῦντες
636 1658 703 1693 (25),
721 1658 769 1684 καὶ
796 1658 860 1694 πρὶν
892 1658 1006 1694 διαιρεῖν

217 1702 274 1738 (24)
289 1704 478 1736 συνάπτοντες,
500 1703 562 1730 οὕτε
574 1704 609 1730 τὰ
623 1704 687 1740 τρία
701 1704 739 1735 ὼς
757 1705 804 1731 ἕνα
829 1705 884 1740 (‘25)
901 1705 941 1740 (οὐ
951 1705 1006 1741 γὰρ

216 1748 390 1775 ἀνυπόστατα
401 1748 467 1784 (26),
486 1749 502 1784 ἢ
523 1749 593 1775 κατὰ
617 1750 680 1785 μιᾶς
698 1750 872 1781 ὑποστάσεως
887 1750 954 1783 (Ἦ),
967 1751 1005 1782 ὡς

216 1791 286 1820 εἶναι
309 1794 355 1820 τὸν
379 1794 495 1820 πλοῦτον
517 1796 583 1830 ἡμῖν
599 1796 628 1822 ὲν
654 1795 793 1831 ὀνόμασιν,
809 1797 866 1822 ἀλλ’
886 1797 916 1823 οὐ
935 1797 1006 1832 πρά-

216 1843 325 1877 γμασι),
341 1843 387 1868 καὶ
403 1841 437 1868 τὰ
446 1842 509 1878 τρία
525 1843 564 1869 ἓν.
586 1843 632 1869 ’Ἑν
640 1843 694 1879 γὰρ
709 1843 757 1878 οὐχ
773 1843 921 1869 ὑποστάσει
937 1842 1004 1877 (28),

216 1889 284 1914 ἀλλὰ
300 1888 405 1924 θεότητι
417 1897 424 1904 α
443 1889 526 1923 μονὰς
543 1890 572 1915 ὲν
588 1889 682 1925 Τριάδι
707 1888 941 1924 προσκυνουμένη,
958 1889 1004 1914 καὶ

216 1935 301 1970 Τριὰς
334 1935 374 1967 εὶς
402 1936 503 1971 μονάδα
531 1935 800 1970 ἀνακεφαλαιουμένη
833 1937 899 1970 (“29),
930 1935 1004 1960 πᾶσα

216 1982 401 2017 προσκυνητὴ,
430 1981 554 2017 βασιλικὴ
581 1983 666 2008 πᾶσα,
683 1981 838 2017 ὁμοθρονος,
867 1980 1003 2016 ὁμόδοξος,

215 2027 399 2062 ὑπερκὸσμιος
413 2048 420 2057 ,
443 2027 621 2063 ὑπέρχρονος,
646 2027 781 2059 ἄκτιστος,
806 2027 934 2062 ἀόρατος,
958 2027 1004 2053 ἁν-

215 2071 296 2106 αφὴς,
310 2072 504 2107 ἀπερίληπτος,
521 2072 588 2107 πρὸς
604 2072 651 2106 μὲν
672 2072 770 2107 ἑαυτὴν
784 2072 857 2102 ὅπως
872 2071 928 2107 ἔχει
948 2071 1003 2105 (50)

214 2116 329 2148 τάξεως,
347 2117 414 2152 αὐτῇ
430 2117 496 2153 μόνῃ
523 2117 577 2151 (51)
592 2116 781 2151 γινωσκομένη
798 2116 864 2151 (52),
884 2116 969 2152 σεπτὴ
981 2116 1004 2142 δ’

215 2162 280 2198 ἡμῖν
292 2163 392 2197 ὁμοίως
409 2163 455 2189 καὶ
465 2163 607 2198 λατρευτὴ,
626 2163 672 2188 καὶ
686 2163 751 2198 μόνη
765 2163 819 2193 τοῖς
840 2162 939 2196 Ἀγίοις
948 2161 1002 2188 τῶν

1062 239 1135 265 ιιιιιιιὶ
1152 238 1215 265 huic
1234 238 1318 270 Patri,
1344 238 1490 266 venerabili
1508 238 1627 271 canitiei,
1654 246 1795 266 mansueto
1817 247 1846 268 et.

1061 284 1166 317 placido
1183 283 1287 311 Pasmri
1304 292 1312 311 :
1330 283 1410 311 Vides
1425 284 1620 311 moderationis
1638 289 1688 311 tua:
1710 286 1846 319 pnemia?

1062 327 1137 354 Tolle
1151 335 1199 362 per
1213 328 1357 355 circuitum
1372 329 1464 355 oculos
1479 333 1539 355 tuos
1551 348 1559 360 ,
1575 334 1601 356 et
1619 329 1747 357 collectos
1775 331 1844 357 tilios

1062 379 1123 400 tuos
1149 374 1210 400 vide
1230 374 1264 406 ⁷³,
1292 374 1518 408 quemadmodum
1544 375 1692 409 cupiebas,
1718 377 1845 411 quodque

1061 427 1143 445 unum
1156 423 1185 445 ut
1198 419 1245 445 tibi
1253 419 1431 454 contingeret,
1445 424 1537 447 noctes
1552 420 1661 454 diesque
1674 421 1842 454 postulabas,

1063 470 1091 492 nt
1106 466 1131 492 in
1147 470 1286 492 senectute
1305 465 1373 492 bona
1388 466 1612 499 peregrinationis
1635 471 1686 494 tuae
1708 467 1766 494 dies
1781 475 1845 495 cou-

1061 511 1194 538 cludcres.
1214 511 1252 538 En
1267 519 1360 539 onmes
1374 512 1407 539 ad
1426 516 1450 538 te
1465 516 1616 543 venerunt,
1636 519 1667 539 ac
1682 511 1731 539 sub
1747 513 1845 547 pennis

1063 557 1115 583 tuis
1130 557 1313 591 requiescunt,
1328 565 1461 592 suumque
1477 558 1562 585 altare
1579 559 1700 592 cingunt,
1725 567 1786 586 cum
1804 560 1845 587 la-

1061 602 1162 637 crymis
1186 602 1222 629 illi
1244 603 1351 637 quidem
1369 603 1487 637 egressi,
1506 611 1566 630 cum
1581 605 1680 638 gaudio
1698 609 1787 631 autem
1805 613 1845 632 re-

1061 652 1212 675 currentes.
1226 647 1319 676 Gaude
1343 653 1371 675 et
1396 648 1542 681 oblectare,
1557 655 1664 684 patrum
1684 651 1785 684 optime
1813 659 1846 679 ac

1062 694 1176 720 liliurnm
1193 695 1391 727 amantissime,
1410 696 1537 730 quoniam
1565 697 1606 723 his
1629 697 1765 729 omnibus,
1787 705 1840 724 non

1061 748 1141 767 secus
1155 749 1188 767 ac
1197 748 1295 775 sponsa
1314 742 1414 768 mundo
1430 750 1491 775 suo,
1507 743 1617 769 indutus
1637 747 1663 770 et
1679 744 1792 771 amictus
1803 752 1844 772 es.

1061 785 1184 820 Loquere
1209 790 1236 812 tu
1254 794 1360 820 quoque
1385 789 1418 814 ad
1446 795 1494 814 nos
1511 796 1518 814 :
1538 787 1606 815 Ecce
1631 797 1694 825 ego,
1719 793 1743 816 et
1769 790 1845 823 pueri

1060 831 1129 862 mei,
1157 839 1221 865 quas
1252 832 1322 858 dedit
1351 832 1415 858 mihi
1448 832 1575 860 Dominus
1603 834 1637 863 ⁷⁸.
1661 835 1735 862 Adde
1765 834 1844 862 aliam

1059 884 1166 910 quoque
1190 877 1296 904 Domini
1314 885 1407 905 vocem
1432 879 1509 906 valde
1534 886 1726 914 congruentem
1749 881 1845 914 :Quoe

1058 923 1155 950 dedisti
1175 923 1237 950 mihi
1253 925 1380 951 custodivi
1392 945 1400 957 ,
1425 930 1449 952 ιι
1472 934 1523 953 non
1540 926 1642 960 perdidi
1657 935 1690 954 ex
1703 927 1741 953 ei:
1754 935 1844 962 quent-

1057 978 1135 1005 quam
1147 970 1181 997 ⁷⁵.

1093 1016 1173 1044 XXII.
1188 1017 1274 1052 Atque
1290 1017 1493 1046 utinam’nemo
1507 1022 1621 1052 pereat,
1635 1018 1682 1046 sed
1700 1026 1794 1046 omnes
1807 1019 1835 1046 in

1058 1070 1112 1089 uno
1135 1063 1229 1097 spiritu
1247 1071 1420 1096 maneamus,
1448 1072 1499 1091 una
1526 1070 1616 1091 mente
1644 1064 1843 1091 collaborantes

1059 1109 1119 1135 ﬁdei
1140 1109 1288 1143 Evangelii,
1302 1109 1455 1142 unanimes,
1474 1117 1555 1136 unum
1574 1110 1699 1144 idemque
1723 1109 1840 1137 sentien-

1059 1158 1099 1181 tes
1113 1153 1146 1185 ⁷⁸,
1163 1154 1223 1180 ﬁdei
1236 1155 1331 1188 clypeo
1345 1154 1441 1180 armati
1455 1175 1462 1187 ,
1476 1154 1608 1181 succincti
1628 1154 1734 1181 lumbos
1750 1154 1777 1181 in
1796 1161 1840 1181 ve-

1059 1200 1138 1226 ritate
1150 1201 1183 1233 ⁷⁷,
1203 1200 1289 1227 solum
1309 1207 1392 1227 unum
1409 1200 1480 1227 istud
1502 1200 1600 1227 bellum
1624 1200 1754 1232 scientes,
1768 1200 1841 1235 quod

1058 1248 1188 1275 adversus
1205 1256 1317 1282 pravum
1334 1248 1421 1279 illum,
1442 1253 1469 1276 et
1486 1255 1533 1275 eos
1544 1269 1551 1280 ,
1565 1248 1610 1282 qui
1626 1247 1710 1282 ipsius
1722 1247 1802 1274 ductu
1816 1252 1840 1274 θ·

1059 1295 1185 1328 auspiciis
1203 1299 1333 1329 pugnant,
1350 1295 1471 1329 geritur:
1491 1294 1548 1321 Non
1563 1302 1611 1321 eos
1638 1294 1772 1324 timentes,
1797 1295 1839 1327 qui

1058 1340 1180 1374 corporis
1192 1340 1301 1374 quidem
1328 1340 1440 1366 necandi
1458 1345 1618 1374 potestatem
1632 1339 1742 1374 habent,
1760 1344 1839 1367 caete-

1058 1392 1118 1411 rum
1130 1384 1247 1410 aniinam
1266 1384 1388 1418 arripere
1413 1389 1570 1418 nequeunt;
1595 1384 1642 1411 sed
1657 1391 1717 1410 eum
1729 1404 1738 1417 ,
1751 1384 1794 1411 cui
1812 1383 1838 1411 ir-

1058 1436 1170 1463 corpora
1192 1430 1349 1464 animasque
1377 1435 1486 1456 nostras
1510 1429 1555 1463 jus
1577 1435 1605 1456 et
1627 1429 1768 1463 imperium
1787 1433 1838 1456 est.

1059 1475 1238 1502 lin'midantes
1252 1475 1274 1491 ⁷⁸
1292 1482 1300 1502 z
1317 1475 1476 1510 praeclarum
1499 1475 1661 1509 depositum,
1677 1475 1748 1509 quod
1763 1482 1778 1502 a
1790 1474 1842 1502 Pa-

1060 1521 1145 1548 tribus
1164 1522 1265 1549 nostris
1284 1522 1450 1556 accepimus,
1470 1521 1654 1549 custodientes
1667 1522 1708 1554 ’νς
1722 1521 1838 1548 adoran-

1059 1573 1099 1595 tes
1113 1568 1233 1600 Patrem,
1245 1573 1272 1595 et
1285 1568 1396 1599 Filium,
1406 1573 1433 1595 et
1446 1567 1576 1602 Spiritum
1594 1573 1738 1600 sanetum;
1758 1567 1784 1594 in
1798 1567 1838 1594 Fi-

1056 1615 1091 1641 lio
1116 1614 1236 1647 Patrem,
1264 1615 1291 1642 in
1318 1614 1420 1649 Spiritu
1449 1614 1547 1641 Filium
1576 1618 1788 1649 cognoscentes,
1814 1613 1838 1640 ii:

1056 1669 1170 1696 quorum
1194 1662 1303 1688 nomine
1323 1661 1449 1695 baptismi
1476 1669 1545 1696 aqua
1577 1661 1651 1688 tincti
1680 1668 1784 1692 smnus,
1814 1661 1838 1687 ir.

1056 1715 1123 1742 quos
1137 1707 1309 1737 credidimus.
1327 1708 1424 1742 quibus
1441 1715 1537 1734 nomen
1553 1707 1688 1736 dedimus.
1703 1707 1779 1740 prius
1791 1713 1837 1734 eos

1055 1753 1215 1784 dividentes,
1233 1760 1314 1786 quam
1328 1751 1549 1786 coniunxerimus
1561 1772 1568 1783 ,
1588 1751 1717 1785 priusque
1727 1751 1828 1784 eonjun

1055 1802 1159 1830 gentes,
1171 1796 1250 1832 194
1263 1804 1342 1830 quam
1359 1797 1571 1828 distinxerimus,
1583 1804 1632 1823 nec
1645 1796 1695 1822 tria
1711 1800 1838 1830 tanquam

1055 1848 1138 1867 unum
1167 1842 1334 1875 accipientes
1361 1842 1459 1875 (neque
1477 1841 1550 1867 enim
1565 1841 1696 1875 ejusmodi
1709 1841 1837 1869 sunthaec

1055 1887 1175 1919 nomina,
1196 1892 1224 1913 ut
1239 1894 1286 1921 per
1298 1894 1327 1914 se
1343 1894 1394 1913 non
1415 1887 1582 1918 subsistant,
1596 1891 1642 1913 aut
1660 1886 1693 1913 de
1708 1894 1760 1913 una
1780 1891 1836 1914 tan-

1055 1937 1110 1959 tum
1125 1940 1239 1967 persona
1255 1932 1444 1966 pra-dicentur,
1459 1932 1536 1966 quasi
1547 1939 1613 1966 opes
1633 1937 1731 1960 nostra:
1745 1934 1770 1960 in
1792 1941 1841 1961 nov

1055 1978 1183 2010 minibus,
1209 1985 1263 2005 non
1289 1983 1379 2004 autent
1402 1977 1429 2004 in
1449 1977 1530 2004 rebus
1547 1978 1607 2004 siue
1633 1978 1710 2012 sint),
1735 1983 1762 2005 et
1787 1978 1836 2006 tria

1054 2032 1135 2050 unum
1151 2031 1211 2050 esse
1223 2023 1373 2050 credentes.
1389 2022 1478 2051 Unum
1491 2024 1562 2050 enim
1578 2028 1658 2055 sunt,
1672 2031 1723 2051 non
1738 2031 1833 2058 perso-

1054 2077 1116 2103 nae,
1144 2071 1192 2097 sed
1213 2070 1363 2097 divinitatis
1387 2070 1503 2097 ratione.
1532 2069 1626 2096 Unitas
1650 2069 1677 2096 in
1701 2069 1839 2097 Trinitate

1053 2117 1174 2148 adorata,
1189 2121 1215 2143 et
1230 2116 1349 2143 Trinitas
1364 2116 1389 2143 in
1404 2116 1534 2142 unitatem
1548 2116 1658 2143 collecta
1669 2136 1677 2148 ,
1697 2120 1750 2143 tota
1769 2117 1838 2145 ado-

1054 2163 1148 2193 randa,
1167 2166 1222 2188 tota
1242 2161 1325 2196 regia,
1338 2161 1456 2195 ejusdem
1475 2160 1566 2187 throni
1579 2165 1606 2187 et
1619 2160 1723 2195 gloriae,
1737 2162 1838 2188 mundo

215 2208 299 2242 ἁγίων
318 2208 518 2244 ἐμϐατεύουσα.
535 2208 583 2244 τὴν
601 2208 629 2234 δὲ
644 2208 731 2234 κτίσιν
755 2209 843 2234 πᾶσαν
859 2208 937 2238 ἐκτὸς
951 2207 1003 2234 ὲῶ-

1057 2207 1207 2240 sublimior,
1225 2213 1346 2240 tempore
1363 2207 1500 2242 superior,
1515 2207 1635 2233 increata
1648 2226 1657 2240 ,
1672 2206 1816 2235 invisibilis
1827 2227 1835 2240 ,

235 2290 257 2305 "
276 2289 378 2317 Coloss.
392 2298 410 2320 I,
432 2290 474 2318 l9.
514 2290 537 2305 "
553 2290 657 2319 lsa.t.x.
675 2290 702 2316 ιι.
741 2290 764 2305 ⁷⁵
778 2289 828 2316 lsa.
844 2297 901 2321 vui,
924 2289 965 2317 18.

213 2325 307 2358 V1,“.
345 2326 367 2342 ⁷³
383 2326 477 2353 Matth.
489 2333 516 2358 Χ,
529 2325 573 2352 28.
612 2326 634 2341 ”
651 2325 671 2351 ll
684 2324 754 2352 Tim.
771 2333 790 2356 ι,
811 2325 853 2351 M.

250 2370 272 2405 (i
279 2370 306 2405 8)
318 2370 375 2398 Καὶ
385 2371 540 2399 6.Combef.
553 2372 600 2399 καὶ
613 2371 639 2398 ἆ.
656 2371 860 2402 ιιειιιιιιι,τέκνα,
876 2379 886 2395 ι
900 2369 994 2397 ﬁlios.)
1013 2372 1035 2398 Ι)

244 2406 304 2441 Δ(19)
318 2406 565 2440 Προστρέχοντες.
583 2407 628 2433 Sie
644 2405 690 2433 0r.
712 2406 780 2432 Editi
797 2413 869 2438 vero,
883 2405 998 2440 προτρὲ-

214 2449 316 2476 χοντες.

252 2475 306 2508 (ΞΟ)
320 2475 459 2503 Ἔδωκεν.
479 2476 543 2511 Reg.
560 2477 606 2507 bu,
622 2475 668 2503 0r.
683 2475 807 2511 δέδωκεν.

253 2507 304 2545 lii)
321 2511 441 2544 Μηδείς.
459 2507 539 2545 Hemi.
558 2520 583 2541 a,
601 2511 655 2543 bin,
673 2511 718 2541 hu.
729 2510 787 2543 0r.,
802 2515 854 2538 etc.
868 2509 935 2545 μηδὲ
947 2507 997 2541 εἷς.

253 2546 304 2580 [‘22)
326 2545 380 2572 Τοῦ
394 2546 536 2580 πονηροῦ.
557 2556 567 2572 ι
582 2546 693 2572 Diaboli.
708 2555 716 2570 ι

252 2581 304 2615 (25)
323 2581 520 2614 Διαιροῦντες.
534 2581 580 2608 llis
595 2580 694 2610 verbis.
708 2579 865 2615 Sabellinm,
876 2579 922 2613 qui
936 2587 994 2614 per-

212 2614 299 2642 sonas
311 2616 414 2642 divinas
433 2616 625 2646 confundebat,
646 2616 733 2648 carpit
747 2614 904 2648 Gregorius.

226 2686 234 2691 ‘
249 2650 306 2693 {g4}
323 2650 460 2684 Διαιρεῑν.
484 2651 551 2686 Reg.
574 2651 630 2683 bin,
656 2655 711 2677 tres
734 2650 864 2682 Colbert.,
884 2649 932 2676 0r.
957 2649 994 2676 δι-

211 2693 303 2761 εΐῖξέ)
320 2720 394 2748 Οὔτε
407 2720 443 2748 τὰ
456 2720 522 2754 τρία
536 2721 576 2754 ὡς
590 2720 653 2747 ἕνα.
669 2719 752 2747 Coisl.
766 2720 779 2747 Ι
807 2719 870 2746 οὕτε
886 2719 920 2746 τὰ
933 2719 996 2755 τρια

210 2755 304 2825 είςέἔ)
329 2790 540 2818 Ἆνυπόστατα.
565 2790 646 2818 Coisl.
670 2789 681 2817 l
708 2790 790 2823 addit,
814 2789 849 2816 τὰ
865 2789 996 2825 ὀνόματα,

214 2833 223 2849 ι
235 2826 360 2860 nomina;
373 2835 383 2852 ›
397 2833 455 2860 qua:
468 2834 518 2852 vox
532 2827 568 2853 ita
583 2824 784 2859 subaudienda;
799 2825 851 2860 vel,
861 2826 883 2853 si
895 2824 995 2859 mavis,

212 2859 360 2897 πρόσωπα..
382 2870 391 2887 ι
402 2859 534 2896 personae.
559 2870 568 2888 ι

1004 2289 1027 2304 ⁷⁸
1051 2286 1130 2313 Joan.
1148 2293 1216 2317 xvii,
1233 2285 1276 2312 12.

1316 2285 1339 2300 ⁷⁸
1355 2283 1471 2318 Philipp.
1486 2291 1506 2317 ι,
1523 2283 1573 2317 9.7;
1589 2291 1620 2316 ιι,
1637 2283 1664 2310 Ξ.
1700 2283 1722 2300 ’⁷
1737 2284 1834 2319 Ephes.

1087 2367 1141 2403 (27)
1157 2367 1195 2403 Ἣ
1218 2365 1292 2393 κατὰ
1314 2364 1385 2403 μιᾶς
1404 2364 1616 2403 ὑποστάσερᾼς...
1636 2373 1646 2389 ‹
1658 2363 1712 2403 Aut
1726 2365 1768 2403 de
1780 2373 1834 2393 una

1050 2398 1212 2431 substantia,
1225 2411 1234 2426 ι
1248 2409 1305 2431 seu,
1314 2398 1335 2425 ⁷(
1346 2400 1546 2426 subsistentia.)
1558 2398 1651 2426 Billius
1667 2401 1752 2426 reddit
1763 2401 1834 2428 lianc

1048 2445 1153 2468 vocem,
1172 2435 1374 2466 ’Υποστάσεως.
1389 2437 1431 2461 hic
1440 2439 1467 2461 et
1478 2434 1551 2465 alibi,
1563 2442 1619 2468 per,
1629 2444 1638 2460 ι
1651 2434 1831 2467 Ρειεοιιθηιμ

1048 2474 1120 2507 quod
1135 2480 1188 2498 non
1203 2471 1269 2507 satis
1284 2471 1362 2497 nobis
1371 2469 1494 2504 Gregorii
1509 2477 1540 2496 ac
1553 2469 1731 2497 Orientalium
1747 2471 1833 2498 menti

1048 2506 1196 2542 congruum
1216 2506 1332 2532 videtur.

1083 2538 1138 2578 (ἕὸ)
1156 2542 1217 2575 οὺχ
1234 2539 1412 2578 excordem,
1428 2543 1480 2568 etc.
1503 2549 1513 2564 ‹
1526 2538 1583 2566 Νοιι
1609 2539 1714 2566 ratione
1744 2540 1833 2567 subsi-

1045 2576 1144 2607 stendi.
1163 2581 1209 2602 seu
1228 2576 1378 2602 divinitate.
1391 2584 1400 2600 ι

1081 2612 1136 2647 (29)
1161 2608 1481 2645 Ἁνακεφαλαιουμὲνη.
1510 2609 1727 2644 «Recapitulata,
1757 2617 1832 2637 com-

1043 2649 1187 2682 prehensa.
1203 2655 1213 2671 ι

1081 2683 1136 2717 (511)
1156 2681 1250 2717 Ἔχει.
1269 2680 1352 2717 Regg.
1371 2680 1425 2717 bin,
1445 2680 1491 2717 bu,
1504 2678 1565 2714 ἔχῃ.

1081 2713 1138 2751 (51)
1159 2715 1241 2749 Αῠτῇ
1263 2713 1351 2749 μόνῄ.
1378 2715 1424 2741 Sic
1446 2713 1679 2751 llegg."bm,_bu,
1699 2717 1726 2741 et
1738 2713 1786 2742 0r.
1803 2714 1829 2751 lu

1045 2748 1106 2780 Par.
1123 2748 1188 2778 edit.
1201 2748 1270 2786 αὐτῆ
1285 2750 1362 2785 μόνη,
1375 2754 1439 2786 εις..
1453 2749 1524 2786 quod
1533 2748 1715 2786 vertitBillius
1731 2756 1738 2775 :
1752 2750 1829 2777 «sola

1044 2788 1165 2822 quidem.
1183 2794 1237 2819 quo
1253 2784 1360 2822 ergase
1374 2784 1525 2822 ordinesit,
1542 2784 1720 2822 i_ntelligens._|

1079 2822 1134 2857 (52)
1153 2819 1390 2857 ﬁrmamina-17;
1400 2819 1522 2857 Combcl'.
1549 2819 1623 2857 legit,
1646 2819 1828 2857 γινώσκουσι

1046 2854 1093 2885 Sic
1108 2854 1189 2885 etiam
1206 2856 1319 2892 llervag.
1334 2861 1360 2882 et
1374 2854 1439 2890 Reg.
1455 2856 1509 2889 bin,
1519 2855 1566 2882 sed
1578 2855 1720 2883 recentiori
1730 2863 1829 2882 manu.
