2069 3131
174 193 178 196 ’
209 207 260 235 151

613 205 743 234 ORATlO
763 205 819 233 VII.
839 220 874 225 —
894 204 928 231 ΙΝ
949 204 1092 234 LAUDEM
1113 205 1262 234 CAESARI!
1280 187 1450 235 FRATRIS."

1782 207 1836 236 758

207 261 392 297 δακρύσαντες
408 260 454 287 καὶ
477 261 667 296 θαυμάσαντες
686 261 756 296 (οὐδὲ
774 261 829 297 γὰρ
853 260 931 287 τοῦτο
948 260 1016 294 ἔξω⁴

1054 268 1126 288 meos
1143 262 1221 290 unice
1233 264 1343 296 amavit,
1366 263 1500 295 laudatio;
1517 270 1568 291 nec
1581 271 1678 291 munus
1692 259 1834 296 duntaxat,

208 308 257 343 τῆς
274 308 336 334 καθ’
349 307 422 342 ἡμᾶς
437 306 595 341 φιλοσοφίας
607 314 613 321 ·
636 306 746 341 Μνήμη
759 315 788 333 τε
806 306 860 342 γὰρ
877 306 999 333 δικαίων

205 353 268 386 μετ’
281 352 448 386 ὲγκωμίων”
463 352 520 383 καὶ,
540 351 607 378 Ἐπὶ
629 352 734 386 νεκρῷ,
759 352 836 387 φησὶ,
854 352 1000 387 κατάγαγε

208 397 332 431 δάκρυα,
350 398 399 425 καὶ
418 398 458 430 ὼς
477 398 560 424 δεινὰ
581 397 708 432 πάσχων
731 398 853 432 ἐναρξαι
866 398 977 432 θρήνου
990 405 997 413 ⁶

211 442 266 470 ἴσον
279 443 334 478 (55)
347 443 513 478 ἀναλγησίας
537 443 661 479 χωρίζων
682 445 754 479 ἡμᾶς
769 445 815 471 καὶ
837 444 998 480 ἀμετρίας),

209 487 239 514 τὸ
253 487 321 520 μετὰ
335 488 413 514 τοῦτο
438 488 487 524 ἤδη
507 489 556 524 τῆς
583 498 613 515 τε
630 489 802 525 ἀνθρωπίνης
832 490 938 524 φύσεως
951 490 1000 525 τὴν

210 533 353 560 ἀσθένειαν
362 533 541 568 ἐπιδείξομεν,
554 534 601 560 καὶ
616 534 662 560 τοῦ
680 533 831 576 τῆς,ψυχῆς
847 534 1000 570 ἀξιώματος

211 579 411 615 ὕπομνήσομεν,
441 580 488 606 καὶ
514 580 563 616 τὴν
596 579 773 615 ὀφειλομένην
800 582 855 612 τοῖς
888 580 1000 614 ἀλγοῦσι

159 643 162 647 .
211 625 383 660 παράκλησιν
408 626 575 660 ἐπιθήσομεν
589 625 656 660 (54),
686 626 733 652 κα)¹
749 626 937 661 μεταθήσομεν
951 625 1001 660 τὴν

209 671 298 707 λύπην
313 671 366 697 ἀπὸ
386 671 435 706 τῆς
465 672 566 707 σαρκὸς
583 672 630 698 καὶ
647 670 703 697 τῶν
723 672 897 707 προσκαίρων
911 671 956 697 ἐπὶ
968 670 1001 696 τὰ

211 718 385 754 πνευματικὰ
401 718 447 745 καὶ
460 718 540 744 ἀΐδια.

211 767 306 793 animm
327 765 484 798 dignitatem
520 764 597 792 vobis
634 765 660 792 in
687 767 805 792 mentem
827 762 1025 792 revocabimus,

1049 307 1095 333 sed
1110 307 1190 334 etiam
1205 307 1326 334 debitum
1339 308 1460 335 omnium
1475 309 1627 336 debitorum
1638 308 1833 343 iustissimum.

1048 351 1149 378 Verum
1174 359 1234 379 cum
1255 352 1385 379 hactenus
1405 353 1491 387 ipsum
1510 353 1638 389 lacrymis
1661 360 1688 381 et
1709 354 1835 382 laudibus

1048 397 1181 431 prosecuti
1194 397 1335 430 fuerimus,
1347 402 1376 424 ιιι
1393 405 1427 425 ne
1443 398 1528 433 legem
1543 398 1625 435 199
1643 406 1716 432 eam,
1731 407 1791 434 qua:
1807 399 1833 426 in

1049 443 1203 478 hujusmodi
1219 444 1300 471 rebus
1318 444 1402 479 viget,
1434 445 1588 480 neglexisse
1612 444 1753 473 videamur
1773 445 1836 480 (ue-

1048 496 1100 522 que
1120 489 1192 516 enim
1210 490 1262 517 hoc
1283 498 1297 517 a
1323 496 1415 518 nostra
1434 491 1603 526 philosophia
1631 497 1673 519 est
1693 491 1834 519 alienum:

1049 533 1176 562 Memoria
1191 536 1290 570 quippe
1308 536 1454 570 justorum,
1469 537 1556 571 inquit
1582 537 1637 568 ille,
1657 545 1716 563 cum
1746 537 1834 563 laudi—

1049 579 1148 614 bus“;
1166 585 1203 613 et,
1220 581 1306 615 Super
1317 586 1448 608 mortuum
1465 581 1552 616 plora,
1565 587 1588 609 et
1605 582 1682 617 quasi
1699 582 1757 608 dira
1771 590 1835 615 pal-

1048 633 1093 652 sus
1106 626 1192 660 incipe
1208 626 1313 660 plorare
1324 627 1348 642 ⁸³
1359 635 1367 659 ;
1379 634 1456 662 aque
1473 627 1577 654 scilicet
1595 634 1644 654 nos
1659 631 1686 654 et.
1704 627 1738 654 ab
1759 627 1836 654 indo~

1049 670 1142 702 lentia,
1165 675 1192 698 et
1212 672 1246 699 ab
1271 672 1416 700 immodico
1437 673 1511 701 luctu
1537 673 1707 710 disjungens)
1721 695 1727 706 ,
1743 678 1836 709 postea

1048 720 1077 743 et
1099 716 1222 744 humana:
1243 722 1348 745 natura:
1370 718 1584 746 imbecillitatem
1603 719 1790 751 ostendemus.
1805 724 1834 746 et

1046 766 1073 788 et
1091 761 1209 789 debitam
1233 763 1278 797 iis,
1297 764 1342 798 qui
1370 764 1397 791 in
1422 764 1515 792 dolore
1534 770 1690 798 versantur,
1708 765 1832 793 consola-

213 813 312 839 tionem
329 813 507 846 imponemus,
522 817 550 839 et
570 819 716 840 maerorem
733 819 747 838 a
765 819 847 838 carne
865 818 898 837 ac
914 809 994 837 rebus
1014 807 1124 836 caducis
1137 810 1170 836 ad
1184 810 1336 845 spiritualia
1349 816 1376 838 et
1387 816 1488 839 aeterna
1503 811 1708 840 transferemus.

247 859 284 886 B’.
298 858 440 894 Καισαρίῳ
468 859 584 894 πατέρες
609 859 668 894 μὲν,
686 859 718 885 ἵν’
735 858 859 885 ἐντεῦθεν
876 857 1000 893 ἄρξωμαι

1088 856 1119 884 ll.
1136 858 1271 886 Caesarius
1288 859 1380 894 igitur,
1399 863 1430 886 ut.
1457 860 1522 886 hinc
1548 860 1677 894 incipiam
1700 860 1772 887 unde
1793 868 1838 886 me

211 904 271 931 ὅθεν
284 906 351 939 ἡμῖν
366 904 590 939 πρεπωδέστατον
601 904 667 939 (55),
689 904 735 935 οὒς
750 904 849 935 πάντες
869 903 1000 938 γινώσκε-

211 959 252 982 τε,
268 951 315 977 καὶ
331 947 368 977 ὧν
393 950 441 986 τὴν
461 950 561 986 ἀρετὴν
590 951 637 977 κα)¹
653 950 770 986 ὁρῶντες
784 951 830 977 καὶ
859 949 1001 980 ἀκούοντες

212 996 325 1032 ζηλοῦτε
337 996 403 1031 (56),
416 997 463 1022 καὶ
475 995 638 1031 θαυμάζετε,
650 996 697 1022 καὶ
709 996 843 1031 διηγεῖσθε
859 997 913 1027 τοῖς
923 996 1002 1029 ἀγνο-

211 1040 297 1073 οῦσιν,
311 1041 391 1076 εἴπερ
405 1040 477 1072 τινές
490 1042 557 1067 εἰσιν
572 1041 732 1076 ἀνθρώπων,
748 1041 826 1073 ἄλλος
836 1041 898 1068 ἄλλο
911 1049 937 1067 τι
955 1040 1002 1075 μέ-

214 1095 259 1123 ρος
274 1086 472 1118 ὰπολαῦόντες·
494 1087 556 1112 ἐπεὶ
575 1087 612 1122 μὴ
630 1087 718 1113 πάντα
735 1087 780 1113 τὸν
798 1087 878 1113 αὑτὸν
891 1084 946 1113 οἷόν
960 1094 1001 1116 τε.

213 1133 281 1169 μηδὲ
302 1134 366 1168 μιᾶς
382 1133 507 1168 γλώσσης
522 1134 552 1159 τὸ
569 1133 659 1168 ἔργον,
678 1133 730 1160 κᾶν
749 1133 850 1169 σφόδρα
865 1141 907 1164 τις
948 1131 1002 1158 τῶν

214 1179 437 1214 φιλοπονωτάτων
456 1181 503 1207 καὶ
523 1179 670 1215 φιλοτίμων
681 1189 687 1195 -
704 1177 744 1212 οἷς
762 1180 865 1207 πολλῶν
889 1180 935 1206 καὶ
953 1187 1002 1214 με-

215 1225 304 1259 γάλων
322 1225 500 1261 ὑπαρχόντων
522 1227 561 1257 εις
582 1226 718 1262 εὐφημίαν
736 1226 771 1261 (εἰ
799 1226 834 1261 μή
855 1235 894 1261 τῳ
910 1233 1002 1260 περιτ-

215 1270 260 1301 sit;
274 1270 330 1304 (57)
343 1267 412 1296 εἶναι
428 1269 499 1296 δοκῶ
510 1269 545 1296 τὰ
555 1270 644 1297 οἰκεῖα
654 1270 822 1306 Θαυμάςων),
835 1271 864 1297 ἓν
876 1271 1003 1305 μέγιστον

215 1316 352 1349 ἁπάντων,
367 1316 413 1343 κα)⁴
424 1315 516 1351 ὥσπερ
529 1315 592 1342 ἄλλο
607 1325 633 1342 τι
653 1317 735 1351 ὲπιση
742 1316 790 1351 μὸν
811 1317 884 1343 ἐστιν
895 1317 912 1351 ἡ
926 1315 1003 1342 εὐσέ-

216 1363 276 1388 ϐεια
286 1371 292 1377 ·
306 1363 369 1394 τοὺς
380 1363 494 1397 σεμνοὺς
507 1362 600 1388 τούσδε
611 1362 683 1396 λέγω
697 1363 744 1389 καὶ
760 1362 880 1393 πολιοὺς,
897 1362 943 1388 καὶ
955 1361 1005 1396 οὺχ

214 1405 295 1443 ἦττον
306 1407 338 1433 δι’
356 1408 454 1443 ἀρετὴν
468 1408 624 1442 αἰδεσίμους
638 1407 692 1443 (58)
709 1407 725 1443 ἣ
740 1408 784 1434 διὰ
797 1408 900 1443 γῆρας·
919 1404 956 1434 ὧν
970 1406 1005 1433 τὰ

217 1454 266 1488 μὲν
280 1453 394 1488 σώματα
417 1454 505 1489 χρόνῳ
523 1453 672 1489 κέκμηκεν,
687 1455 714 1480 αι
729 1453 812 1489 ψυχαὶ
827 1454 856 1480 δὲ
871 1453 930 1489 Θεῷ
945 1453 1006 1480 νεά-

217 1500 315 1534 ζουσιν.

1052 902 1170 929 maxime
1196 903 1285 934 decet,
1302 909 1431 938 parentes
1448 911 1495 931 eos
1523 905 1629 937 habuit,
1650 912 1719 939 quos
1740 912 1836 932 omnes

1052 948 1151 980 nostis,
1175 956 1348 984 quorumque
1371 950 1498 977 virtutem
1515 950 1602 977 oculis
1620 954 1703 985 atque
1724 952 1837 977 auribus

1053 998 1218 1029 usurpantes
1235 994 1411 1026 azmulamini,
1428 995 1551 1022 mirificis
1562 996 1689 1023 laudibus
1701 996 1729 1023 in
1740 996 1838 1024 malum

1054 1039 1168 1072 effertis,
1194 1040 1319 1075 aliisque,
1346 1040 1444 1075 quibus
1466 1049 1497 1068 ea
1516 1041 1604 1076 ignota
1623 1047 1675 1075 est,
1691 1042 1714 1069 si
1731 1042 1777 1077 qui
1799 1047 1840 1068 ta-

1052 1093 1113 1112 men
1138 1086 1202 1118 sint,
1220 1085 1347 1118 narratis,
1366 1086 1434 1112 alius
1457 1086 1536 1113 aliam
1562 1088 1706 1122 quamdam
1734 1092 1840 1121 partem

1053 1130 1227 1164 accipientes.
1244 1130 1337 1165 Neque
1350 1131 1422 1158 enim
1444 1131 1501 1158 ﬁeri
1518 1137 1607 1166 potest
1622 1137 1652 1159 ut
1664 1140 1733 1160 unus
1747 1133 1840 1159 omnia

1052 1181 1182 1210 exponat,
1196 1184 1247 1204 nec
1265 1177 1345 1204 unius
1366 1177 1465 1211 linguae
1479 1177 1530 1204 ltoc
1543 1185 1610 1212 opus
1623 1182 1676 1209 est,
1694 1182 1841 1213 quantum-

1052 1222 1093 1248 vis
1107 1221 1203 1255 aliquis
1225 1221 1317 1249 labore
1332 1229 1364 1248 ac
1383 1221 1520 1256 diligentia
1535 1222 1635 1254 valeat,
1658 1230 1689 1249 ac
1705 1230 1841 1249 summum

1053 1267 1136 1293 animi
1156 1267 1274 1294 studium
1303 1271 1331 1294 et
1356 1267 1557 1294 contentionem
1582 1267 1721 1294 adhibeat.
1738 1266 1842 1300 Quibus

1052 1320 1114 1339 cum
1135 1313 1219 1339 multa
1245 1316 1272 1339 et
1299 1319 1396 1348 magna
1418 1312 1528 1339 laudum
1552 1317 1714 1348 argumenta
1739 1319 1841 1347 suppe-

1055 1365 1113 1387 tant
1141 1360 1205 1389 (nisi
1229 1359 1346 1387 fortasse
1372 1360 1489 1394 cuipiam
1511 1361 1600 1394 inepte
1623 1360 1714 1387 facere
1735 1359 1840 1392 videor,

1054 1407 1100 1440 qui
1116 1406 1280 1434 domesticas
1306 1405 1400 1432 laudes
1424 1405 1590 1441 prmdicem),
1610 1413 1664 1432 una
1691 1410 1781 1432 tamen
1796 1412 1843 1432 eos

1055 1461 1100 1480 res
1117 1453 1288 1488 potissimum
1317 1452 1457 1484 nobilitat,
1472 1455 1499 1479 et
1514 1451 1637 1486 insignes
1649 1451 1746 1485 reddit,
1764 1459 1844 1479 nem-

1061 1507 1094 1536 pe
1121 1500 1217 1534 pietas.
1235 1498 1291 1526 Hos
1310 1505 1408 1533 graves
1430 1502 1458 1524 et
1486 1504 1570 1524 canos
1593 1497 1667 1528 dico.
1686 1503 1737 1524 nec
1753 1496 1845 1523 minus

217 1547 324 1574 \irtutis
361 1555 441 1582 quant
483 1547 633 1575 senectutis
661 1547 770 1575 nomine
811 1548 1001 1575 venerandos:
1022 1555 1136 1583 quorum
1162 1553 1276 1581 corpora
1297 1545 1407 1580 quidem
1425 1548 1547 1579 tempore
1566 1542 1652 1570 fracta
1688 1547 1715 1570 et
1748 1542 1766 1569 d
1803 1541 1845 1568 'li-

218 1600 273 1621 tata
289 1599 361 1627 sunt,
376 1595 472 1622 animae
488 1600 578 1623 autem
594 1596 648 1623 Deo
666 1595 764 1623 ﬂorent
778 1603 809 1622 ac
823 1596 983 1629 pubescunt.

253 1641 289 1668 Γ.
306 1641 399 1677 Πατὴρ
418 1641 466 1676 μὲν
482 1642 514 1671 ἐκ
525 1642 574 1677 τῆς
588 1641 743 1677 ἀγριελαίου
762 1641 853 1672 καλῶς
869 1642 1009 1678 ἑγκεντρι-

1094 1640 1139 1668 Ill.
1152 1639 1233 1667 Pater
1244 1639 1353 1674 quidem
1369 1645 1403 1665 ex
1413 1638 1530 1665 oleastro
1551 1637 1577 1664 in
1600 1636 1770 1664 fructiferam
1790 1636 1844 1663 oli-

219 1686 292 1718 σθεὶς
309 1687 347 1718 εἰς
362 1687 412 1722 τὴν
432 1687 610 1718 καλλιέλαιον,
630 1688 678 1714 καὶ
695 1687 820 1714 τοσοῦτον
841 1688 1008 1723 κοινωνήσας

218 1734 266 1768 τῆς
286 1734 420 1768 πιότητος,
453 1733 523 1760 ὥστε
541 1735 588 1760 καὶ
613 1734 708 1765 ἄλλους
737 1733 922 1768 ὲγκεντρίζειν
960 1744 1008 1761 πι-

220 1780 372 1815 στευθῆναι,
387 1779 443 1815 (59)
457 1780 503 1807 καὶ
523 1780 670 1816 θεραπείαν
691 1780 892 1815 ἐγχειρισθῆναι
905 1780 1007 1816 ψυχῶν,

219 1826 319 1861 ὑψηλὸς
339 1826 447 1862 ὑψηλῶς
457 1826 504 1853 τοῦ
521 1826 585 1853 λαοῦ
597 1826 671 1853 τοῦδε
687 1825 929 1861 προκαθεζόμενος,
949 1827 1008 1853 Ἀα-

218 1872 274 1908 ρών
289 1872 473 1907 τιεδεύτερος,
491 1872 508 1908 ἢ
525 1873 655 1906 Μωῡσῆς,
675 1872 734 1907 Θεῷ
753 1871 911 1907 πλησιάζειν
927 1872 1008 1906 ἠξιω-

222 1917 310 1951 μένος,
327 1917 374 1944 καὶ
393 1917 466 1943 θείαν
482 1917 573 1951 φωνὴν
593 1917 731 1951 χορηγεῖν,
755 1917 812 1946 τοῖς
825 1915 914 1947 ἄλλοις
937 1916 1010 1942 ἱστα-

219 1963 311 1998 μένοις
326 1962 476 1998 maeotia,
507 1963 604 1998 πρᾶος,
631 1961 776 1996 ἀόργητος,
793 1961 908 1996 γαληνὸς
931 1961 961 1987 τὸ
973 1959 1010 1987 εἷ-

219 2009 262 2040 δος
274 2009 336 2043 ξῧυ),
345 2008 443 2044 θερμὸς
454 2008 484 2034 τὸ
494 2007 614 2042 πνεῦμα,
629 2007 712 2038 πολὺς
727 2006 757 2032 τὸ
771 2007 930 2042 φαινόμενον
944 2006 1009 2041 (61),

220 2053 415 2090 πλουσιώτερος
425 2054 455 2080 τὺ
468 2053 663 2090 κρυπτόμενον.
683 2052 714 2079 Τί
727 2052 759 2079 ἂν
774 2053 838 2088 ὑμῖν
852 2052 1011 2088 ἀναζωγρα-

219 2101 299 2137 φοίην
313 2101 358 2127 τὸν
371 2100 584 2135 γινωσκόμενον;
599 2100 665 2126 Οὐδὲ
679 2098 733 2134 γὰρ
746 2100 770 2125 εἰ
787 2099 891 2135 μακρὴν
905 2099 1011 2126 ἀποτεί-

220 2156 311 2182 νοιμεν
325 2148 412 2182 λόγον,
445 2147 568 2181 εἴποιμεν
592 2146 625 2172 ἄν
648 2154 673 2171 τι
702 2144 830 2171 τοσοῦτον
851 2145 912 2172 ὅσον
927 2145 1010 2178 ἄξιον,

221 2193 268 2219 καὶ
278 2192 338 2219 ὅσον
357 2193 470 2223 ἕκαστος
486 2189 678 2219 συνεπίσταταί
700 2189 755 2224 (62)
781 2198 810 2216 τε
833 2190 879 2216 καὶ
904 2191 1013 2217 ἀπαιτεῖ

221 2234 265 2261 τὸν
280 2235 375 2269 λόγον·
394 2235 441 2262 καὶ
465 2235 567 2270 βέλτιον
590 2236 650 2265 ταῖς
673 2233 810 2264 ὑπονοίαις
837 2235 1012 2269 παραχωρεῖν

222 2279 278 2315 (65)
300 2280 316 2316 ἢ
337 2280 375 2316 τῷ
395 2281 467 2316 λόγῳ
488 2281 517 2307 τὸ
542 2280 609 2306 πολὺ
634 2279 810 2315 περικόπτειν
840 2279 886 2305 τοῦ
908 2279 1013 2315 Θαύμα-

222 2334 276 2358 τος.

1059 1694 1120 1713 vant
1143 1685 1256 1719 pulchre
1282 1683 1391 1715 insitus,
1412 1683 1634 1718 pinguedinisque
1661 1689 1748 1716 usque
1774 1681 1843 1708 adeo

1059 1730 1197 1766 particeps
1220 1729 1319 1761 factus,
1336 1733 1368 1755 ut
1389 1728 1457 1755 alios
1486 1735 1592 1762 quoque
1616 1726 1753 1755 inserendi
1780 1733 1845 1759 cura

1060 1777 1112 1812 ipsi
1128 1776 1284 1807 commissa,
1302 1779 1329 1802 et
1349 1775 1500 1806 animarum
1524 1774 1630 1801 cultura
1657 1773 1784 1800 tnandata
1799 1772 1844 1803 sit,

1059 1822 1183 1850 excelsus
1226 1821 1334 1849 excelse
1371 1820 1435 1848 huic
1461 1820 1560 1854 populo
1589 1818 1748 1854 praesidens,
1778 1818 1847 1845 alter

1059 1870 1161 1901 Aaron,
1180 1872 1226 1894 aut.
1245 1866 1343 1898 Moses,
1366 1866 1435 1893 hanc
1453 1866 1611 1900 dignitatem
1627 1868 1799 1895 consecutus,
1818 1869 1847 1890 ut

1060 1915 1094 1942 ad
1119 1914 1202 1941 Deum
1228 1913 1436 1948 appropinquet,
1462 1920 1494 1939 ac
1518 1919 1611 1938 vocent
1638 1911 1756 1938 divinam
1786 1909 1848 1938 aliis

1061 1959 1155 1994 procul
1199 1958 1334 1985 stantibus
1364 1957 1574 1987 subministret,
1607 1960 1783 1985 mansuetus,
1813 1955 1847 1981 ab

1061 2005 1102 2031 ira
1120 2003 1234 2035 alienus,
1250 2003 1325 2030 vultu
1343 2001 1515 2036 tranquillus,
1538 2000 1634 2036 spiritu
1656 2000 1787 2031 fervidus,
1805 2000 1848 2026 di-

1063 2058 1108 2078 ves
1124 2050 1166 2077 his
1187 2049 1267 2076 rebus
1282 2057 1342 2084 quae
1362 2049 1448 2076 oculis
1459 2052 1620 2079 cernuntur,
1636 2047 1719 2074 ditior
1738 2047 1771 2073 iis
1787 2054 1847 2080 qua:

1062 2100 1141 2123 tectae
1157 2100 1184 2123 et
1199 2095 1365 2123 absconditae
1389 2098 1463 2121 sunt.
1478 2094 1546 2126 Quid
1567 2097 1657 2120 autem
1674 2091 1750 2119 vobis
1773 2099 1848 2123 eum,

1061 2144 1106 2176 qui
1124 2147 1204 2169 notus
1219 2146 1271 2174 est,
1291 2141 1446 2168 describere
1461 2139 1622 2175 aggredior?
1648 2138 1741 2173 Neque
1762 2138 1847 2170 enim,

1062 2188 1168 2215 etiamsi
1189 2195 1341 2215 sermonem
1356 2188 1382 2214 in
1400 2187 1511 2222 longum
1532 2186 1731 2221 prolraherem,
1748 2192 1844 2219 parem

1064 2239 1154 2262 tamen
1169 2234 1242 2262 illitis
1257 2234 1350 2260 virtuti
1371 2233 1525 2260 orationem
1540 2232 1678 2264 afferrent,
1702 2236 1849 2266 quantum-

1063 2288 1116 2313 que
1133 2280 1320 2315 unusquisque
1336 2285 1458 2308 vestrum
1485 2279 1561 2306 novit
1581 2286 1613 2306 ac
1628 2277 1757 2313 postulat,
1773 2276 1848 2304 dice-

1023 2323 1050 2353 D
1064 2335 1130 2354 rem.
1147 2327 1186 2354 Ac
1209 2330 1321 2360 praestat
1345 2325 1370 2352 id
1386 2326 1412 2353 in
1433 2325 1606 2359 opinionibus
1620 2323 1720 2352 vestris
1733 2327 1761 2351 et
1777 2322 1850 2357 cogiv

222 2371 371 2399 tationibus
398 2372 562 2406 relinquere,
590 2379 669 2406 quam
689 2371 770 2405 200
795 2378 920 2398 sermone
946 2379 1006 2399 tneo
1024 2380 1151 2408 magnam
1171 2372 1292 2400 miraculi
1307 2377 1410 2408 partem
1423 2377 1578 2407 amputare.

259 2420 295 2446 Δ¹.
312 2419 414 2455 Μήτηρ
427 2419 455 2446 δὲ
473 2419 576 2447 ἄνωθεν
593 2419 642 2454 μὲν
659 2419 705 2445 καὶ
719 2418 752 2444 ἐκ
768 2418 907 2453 προγόνων
921 2419 1013 2446 καθιε-

258 2523 282 2538 ⁸²
296 2523 375 2551 Prov.
394 2531 421 2557 ι,
437 2523 464 2550 7.
502 2523 616 2551 "Eccli.
633 2533 747 2557 xxxvut,
767 2525 808 2552 l6.

260 2614 318 2648 (55)
339 2615 429 2641 Ἴσον.
450 2614 514 2649 Reg.
535 2623 560 2646 υ,
581 2615 662 2642 Coisl.
679 2615 704 2647 i,
724 2615 799 2648 ἴσως,
818 2625 827 2641 ι
845 2614 968 2642 fortasse.
989 2624 998 2640 ι

260 2650 316 2682 (54)
333 2649 541 2684 Ἐπιθήσομεν.
555 2650 599 2676 Sic
615 2649 680 2682 Reg.
696 2651 741 2684 ph,
758 2655 811 2677 tres
822 2651 909 2678 Colb..
925 2650 1007 2676 (.‘oisl.

225 2685 235 2711 1
257 2689 283 2711 et
303 2685 343 2720 ‘2,
356 2686 402 2712 Ur.
419 2685 444 2716 i.
461 2690 488 2711 et
512 2684 625 2719 Hervag.
645 2685 706 2712 Par.
735 2687 798 2712 edit.
829 2684 1007 2720 ἐπιδείξομεν.

226 2729 234 2744 ι
251 2719 433 2746 ostendemus.
454 2729 462 2744 μ

260 2754 317 2787 (55)
337 2754 596 2787 Πρεπωδέστατον.
609 2755 674 2789 Reg.
691 2755 735 2787 ph.
753 2755 983 2790 πρεπωδέστερον.

243 2789 317 2849 έ(56)
338 2789 480 2823 Ζηλοῦτε.
509 2792 573 2825 Reg.
602 2791 659 2824 ph.,
675 2789 721 2817 Or.
741 2789 816 2822 μοι
839 2790 893 2817 Jes.
914 2789 1011 2825 ζηλοῦ-

269 2832 309 2849 τε.

231 2831 255 2849 τε
269 2832 309 2850 τε.

262 2859 318 2892 (57)
339 2860 486 2893 Περιττός.
507 2869 517 2885 ‹
533 2859 646 2892 N'rmius,
660 2859 860 2887 immoderatus.
882 2869 891 2884 ι

263 2893 319 2930 (58)
339 2894 527 2930 Αζὸεσιμονς.
543 2895 610 2930 Reg.
636 2895 681 2930 ph,
707 2898 761 2922 tres
779 2893 923 2924 Colb..0r.
942 2895 968 2928 1,
984 2900 1010 2923 et

230 2926 283 2956 les.
295 2926 451 2965 ὁμοτίμονςξ

1102 2420 1146 2448 IV.
1162 2420 1246 2448 Mater
1273 2425 1363 2448 autem
1400 2421 1549 2455 antiquitus
1573 2420 1682 2455 quidem
1710 2424 1790 2455 atque
1816 2420 1849 2448 ab

1097 2614 1153 2647 (59)
1169 2614 1290 2641 "om...
1307 2612 1512 2646 πιστευθῆναι.
1530 2611 1623 2639 Billius
1638 2619 1644 2637 :
1661 2619 1671 2636 ι
1690 2610 1723 2637 Ut
1737 2609 1850 2637 aliorum

1063 2657 1168 2685 quoque
1186 2649 1276 2685 insitio
1293 2648 1345 2685 ipsi
1357 2648 1510 2685 commissa.
1521 2657 1551 2685 ρ-
1707 2680 1712 2685 ⁸

1098 2680 1155 2718 (60)
1178 2684 1212 2710 Τὸ
1223 2680 1312 2715 εἶδος-ξ
1329 2683 1396 2715 Reg.
1413 2683 1459 2716 ph,
1475 2682 1506 2708 τὸ
1520 2680 1595 2717 ἦθος,
1618 2691 1627 2706 ι
1640 2680 1776 2718 moribus.
1793 2689 1803 2705 ι

1099 2715 1155 2755 (tif)
1174 2718 1322 2755 [1013197115
1338 2715 1595 2755 φαινόμενον-(εις.
1613 2725 1623 2741 ι
1640 2715 1849 2755 Dives'estcrnis

1064 2750 1176 2791 dotibus
1201 2761 1231 2780 ac
1255 2750 1493 2791 virtutibus-.3111;
1516 2751 1603 2791 oculis
1632 2750 1848 2791 conspiciuntur;

1066 2790 1146 2815 ditior
1161 2789 1192 2815 iis
1210 2796 1269 2822 quae
1286 2788 1377 2815 latent.
1397 2797 1406 2813 ι
1424 2787 1469 2815 Sic
1485 2785 1655 2820 intelligenda
1673 2785 1730 2811 ha-c
1749 2785 1850 2818 Grego-

1066 2825 1098 2851 t‘ii
1111 2824 1191 2850 verba
1208 2829 1297 2849 monet
1310 2823 1390 2849 Iilias.

1099 2858 1155 2891 (62)
1175 2859 1402 2885 Συνεπίσταται.
1414 2857 1497 2885 Cuisl.
1513 2858 1538 2888 1,
1553 2857 1748 2883 συνενίσταται.

1099 2894 1155 2925 (65)
1174 2893 1373 2927 Παραχωρεῖν.
1390 2894 1454 2928 Reg.
1472 2894 1519 2928 pb,
1539 2899 1592 2921 tres
1614 2893 1702 2926 Colb.,
1720 2891 1766 2919 Οι·.
1780 2891 1804 2924 l,
1823 2895 1850 2918 ct

1063 2928 1116 2958 δεῖ.
1133 2929 1290 2964 συγχωρεῖν.
