2069 3131
243 163 294 192 759

839 167 871 195 S.
889 167 1057 195 GREGORH
1077 167 1248 196 THEOLOGI

1814 169 1865 198 760

241 222 307 256 ipsis
322 223 431 257 proavis
448 218 693 257 Deo'consecrata,
712 224 854 260 pietatem,
878 227 966 254 instar
981 235 1027 254 ne-

1080 229 1189 264 ρωμένη
1205 227 1274 264 Θεῷ.
1292 228 1338 255 καὶ
1355 228 1455 264 κλῆρον
1472 229 1618 263 ἀναγκαῖον
1643 230 1693 256 οὒκ
1714 230 1754 261 εις
1768 230 1862 266 ἑαυτὴὶ

240 269 367 295 cessarite
397 268 537 302 cujusdam
564 270 741 303 bzereditatis,
765 279 819 298 non
847 273 880 299 ad
909 273 1025 307 scipsant

242 313 439 346 tantummodo,
465 313 512 340 sed
528 314 561 340 ad
579 313 679 342 liberos
703 323 812 350 quoque
833 316 979 348 deducens.
995 326 1026 344 ex

241 359 343 386 sanctis
372 359 501 394 primitiis
531 367 597 387 vere
624 365 719 388 sancta
745 362 914 396 conspersio.
940 363 1026 396 Quam

239 406 322 433 etiam
341 410 444 432 tantum
471 406 547 432 auxit
575 410 602 433 et
632 407 816 441 amplificavit,
833 413 914 435 utne
938 409 1028 435 mariti

241 451 348 485 quidem
376 451 570 486 perfectionem
603 453 704 487 (dicant
733 453 816 485 enim,
843 454 950 481 etiamsi
983 454 1028 481 hic

241 505 331 524 sermo
346 498 498 525 temeritate
513 506 566 524 tton
586 499 702 534 careat),
717 499 763 526 alii
782 499 840 531 ulli,
859 507 940 534 quam
964 501 1026 534 ipsi,

241 542 431 570 ascribendam
458 550 519 570 esse
544 543 664 570 nonnulli
680 545 804 576 credam,
817 553 849 572 ac
863 546 1026 579 przcdiceut;

238 595 365 622 eamque,
383 595 400 615 ο
428 596 484 615 rem
513 589 624 615 miram!
645 597 695 624 pro
714 589 822 623 pietatis
838 591 949 625 praemio
970 599 1029 618 ma-

238 633 326 667 jorem
342 641 374 661 ac
389 634 578 669 perfectiorem
607 635 736 670 pietatem
766 636 914 670 accepisse.
941 637 1027 664 Ambo

241 678 357 706 ﬁliorum
377 680 456 706 simul
470 685 496 706 et
514 679 613 707 Christi
631 687 766 712 amantes,
782 682 807 708 id
827 683 898 716 quod
922 690 1027 710 summa

241 724 422 752 admiratione
442 725 552 759 dignum
582 731 634 759 est,
650 726 705 754 itno
731 727 833 754 Christi
862 728 1028 755 atnanliores

240 778 322 804 quam
338 771 501 804 liberorum;
518 772 616 807 quippe
628 773 674 807 qtti
691 781 773 800 unum
791 773 862 800 ltunc
881 782 913 801 ex
932 774 1026 802 liberis

241 816 359 843 fructttm
392 823 536 852 caperent,
567 823 631 845 uta
662 819 772 846 Christo
802 826 1027 854 agnoscerentur,

240 871 395 897 nomenque
422 864 565 897 ducerent,
592 864 706 899 solaque
734 865 848 898 virtute,
863 870 945 900 atque
967 874 1027 893 cutn

241 917 286 940 eo,
304 909 375 944 quod
402 911 577 944 praestantius
606 916 658 942 est,
686 910 759 938 velut
790 912 980 946 conjunctione
995 920 1028 939 ac

239 955 441 983 necessitudine
465 963 494 982 se
520 955 596 990 prole
637 956 731 983 felices
758 957 904 984 delinirent
925 958 1029 985 :ambo

239 1000 365 1032 humani,
378 1002 580 1034 misericordes,
607 1003 691 1029 multa
713 1002 804 1035 tineis,
823 1008 850 1030 et
869 1003 1028 1037 latronibus,

242 1051 269 1075 et
288 1048 379 1074 mundi
396 1048 511 1084 principi
531 1048 690 1083 eripientes,
707 1049 741 1075 ab
757 1049 876 1076 incolatu
899 1048 932 1075 ad
951 1049 1029 1075 habi-

241 1093 375 1120 tationem
392 1101 439 1120 eos
455 1094 663 1127 transferentes,
689 1094 891 1129 maximamque
911 1094 1028 1122 haeredi-

242 1142 338 1171 tatem,
356 1140 407 1167 ltoc
423 1144 475 1172 est,
490 1140 587 1168 futurae
602 1141 664 1168 vitae
689 1140 872 1176 splendorem,
897 1141 961 1168 filiis
980 1149 1028 1168 co-

243 1189 414 1213 acervantes.
433 1185 479 1213 Sic
500 1187 538 1214 illi
559 1186 592 1214 ad
616 1187 697 1214 altam
712 1191 879 1214 senectutem
895 1194 1027 1222 pervene-

240 1235 316 1263 runt,
335 1231 436 1258 virtute
457 1237 538 1267 atque
553 1232 633 1260 annis
650 1232 721 1260 inter
748 1239 778 1260 se
800 1240 891 1267 pares,
908 1240 940 1260 ac
955 1233 1028 1267 pleni

241 1277 359 1309 diertttn,
378 1282 432 1304 tam
458 1279 502 1313 qui
520 1283 722 1314 manentquam
747 1280 793 1314 qui
811 1279 899 1306 fluunt
912 1287 944 1306 ac
960 1279 1029 1307 dila-

241 1322 344 1350 buntur
359 1331 366 1349 :
386 1328 500 1359 uterque
521 1325 623 1360 primas
640 1325 715 1352 inter
730 1325 859 1352 mortales
876 1325 1029 1358 habiturus,

240 1368 294 1395 nisi
310 1374 404 1396 tnutuo
420 1370 471 1404 ipsi
501 1378 561 1398 Sese
577 1370 728 1405 principatu
749 1371 933 1405 prohiberent.
949 1371 1030 1398 Deni-
1053 1408 1055 1410 _

241 1421 295 1447 que
311 1422 407 1441 omnes
424 1415 562 1442 felicitatis
573 1423 705 1443 numeros
713 1416 902 1450 expleverunt,
916 1422 1029 1450 excepta

241 1459 293 1487 bac
309 1466 458 1494 postrema,
474 1466 504 1488 ut
527 1462 661 1496 quispiam
677 1462 836 1489 existimare
861 1467 954 1497 queat,
972 1462 1030 1489 sive

240 1507 416 1541 probatione,
433 1507 491 1534 sive
513 1508 718 1542 dispensatione
735 1515 741 1533 :
757 1507 808 1535 ltoc
827 1513 878 1541 est,
899 1515 959 1535 meo
970 1508 1030 1542 qui-

241 1551 425 1584 demjudicio,
440 1557 468 1579 ut
486 1553 626 1587 praatttisso
639 1560 671 1579 eo
686 1552 751 1584 lilio,
769 1553 813 1579 cui
835 1557 945 1587 propter
960 1557 1028 1580 acta-

1079 274 1159 309 μόνον
1174 273 1239 309 (64),
1257 273 1325 300 ἁλλὰ
1337 274 1384 300 καὶ
1406 273 1470 306 τοὺς
1494 273 1524 306 ἐξ
1545 275 1630 310 αὐτῆς
1647 274 1802 305 κατάγουσα
1818 275 1862 311 rip

1077 320 1228 351 εύσέδειαν,
1254 319 1282 353 ἐξ
1309 320 1390 354 ἁγίας
1404 320 1530 355 ἀπαρχῆς
1548 320 1630 352 ὅντως
1647 320 1724 354 ἅγιον
1734 320 1847 356 φύραμα

1076 365 1202 392 τοσοῦτον
1215 366 1242 392 δὲ
1257 365 1322 392 αὐτὸ
1337 365 1479 401 αὐξήσασά
1499 365 1553 401 (65)
1577 374 1606 392 τε
1620 366 1667 392 καὶ
1685 365 1855 393 πλεονάσασα

1077 412 1147 439 ὥστε
1158 412 1207 448 ἤδη
1223 412 1278 438 τισὶ
1294 411 1456 447 (φθέγξομαι
1471 412 1534 448 γὰρ,
1552 413 1575 439 εἰ
1590 412 1637 439 καὶ
1650 412 1785 447 τολμηρὸς
1797 414 1810 439 ὁ
1824 413 1856 440 λὸ

1076 458 1145 493 γος).
1173 458 1240 493 μηδὲ
1269 457 1318 493 τὴν
1345 457 1392 484 τοῦ
1412 458 1508 493 ἀνδρὸς
1528 457 1684 492 τελειότητα
1715 457 1808 493 ἑτέρου
1825 466 1853 484 τι

1077 503 1146 538 νὸςῆ
1161 504 1262 538 ταύτης
1277 503 1356 538 ἔργον
1371 503 1508 537 γενέσθαι,
1522 503 1700 537 πιστεύοιτ,ναὶ
1710 511 1737 528 τε
1754 503 1800 529 καὶ
1820 504 1854 538 ρη

1076 548 1173 584 θῆναι“
1189 549 1245 578 καὶ.
1262 547 1284 573 ὦ
1303 549 1350 576 τοῦ
1372 548 1528 583 Θαύματοςέ
1547 545 1627 574 ἆθλον
1638 548 1778 579 εὐσεϐείας
1789 547 1852 582 δοθῆ

1077 601 1121 619 ναι
1138 593 1247 628 μείζονα
1265 593 1311 619 καὶ
1326 592 1493 628 τελειοτέραν
1506 591 1561 627 (66)
1577 592 1726 619 εὐσέϐειαν.
1741 592 1854 619 Φιλόπαι

1077 638 1121 670 δες
1135 639 1217 673 ἄμφω
1230 639 1277 664 καὶ
1290 638 1468 673 φιλόχριστοι,
1481 638 1512 664 τὸ
1528 637 1754 672 παραδοξῆτατον,
1767 638 1865 672 μὸἱλλοιΙ

1076 684 1105 710 δὲ
1120 684 1285 719 φιλόχριστοι
1302 684 1412 719 πλέονῆ
1435 684 1609 718 φιλόπαιδες·
1632 681 1673 716 οἷς
1696 692 1728 718 τε
1751 684 1797 710 καὶ
1813 684 1861 710 τῶι

1077 728 1179 754 τέκνων
1197 729 1245 763 μία
1271 737 1313 760 τις
1342 728 1493 760 ἀπόλαυσις
1507 726 1553 763 ἦν,
1570 729 1600 755 τὸ
1622 729 1675 756 ἀπὸ
1689 729 1805 764 Χριστοῦ
1822 730 1866 755 καὶ

1077 773 1268 809 γνωρίζεσθαι,
1299 775 1345 801 κα).
1369 773 1560 809 ὀνομάζεσθαι,
1589 775 1636 801 καὶ
1665 773 1705 806 εἷς
1727 775 1866 808 εὐπαιδίας

1077 820 1140 854 ὅρος
1155 821 1171 854 ὴ
1198 820 1293 856 ἁρετὴ,
1309 820 1356 846 καὶ
1369 821 1386 855 ἡ
1401 820 1470 855 πρὸς
1491 819 1522 846 τὸ
1539 821 1660 856 κρεῖττον
1680 820 1734 856 (67)
1761 821 1860 847 nixatur

1079 873 1137 896 σις’
1154 864 1346 901 εὔσπλαγχνοι,
1370 866 1534 901 συμπαθεῖς,
1554 865 1722 902 ἁρπάζοντες
1739 866 1772 892 τὰ
1785 866 1866 892 πολλὰ

1079 910 1178 946 σητῶν,
1193 911 1241 937 καὶ
1256 911 1373 946 λῃστῶν,
1392 912 1439 937 καὶ
1459 911 1507 938 τοῦ
1522 912 1753 947 κοσμοκράτορας.
1772 913 1804 938 ὲκ
1819 911 1867 947 τῆς,

1080 957 1224 992 παροικίας
1244 959 1283 988 εἰς
1302 956 1351 992 τὴν
1366 957 1506 984 κατοικίαν
1530 957 1802 993 μετασχευαζόμενοι,
1823 958 1867 984 καὶ

1080 1002 1179 1039 κλῆρον
1197 1003 1324 1038 μέγιστον
1345 1005 1401 1035 τοῖς
1418 1004 1494 1030 παισὶ
1511 1005 1560 1040 τὴν
1578 1004 1681 1030 ἐκεῖθεν
1693 1004 1867 1040 λαμπρότητα

1080 1048 1298 1085 θησαυρίζοντες.
1317 1049 1395 1076 Οὕτω
1409 1058 1450 1076 τοι
1468 1050 1513 1076 καὶ
1534 1051 1574 1081 είς
1589 1050 1704 1085 λιπαρὸν
1717 1050 1771 1085 (68)
1787 1049 1856 1084 ἕφθα

1080 1101 1130 1119 σαν
1145 1094 1243 1129 γῆρας,
1255 1093 1380 1129 ὁμότιμοι
1392 1095 1439 1120 καὶ¹
1453 1094 1502 1130 τὴν
1517 1095 1617 1130 ἀρετὴν
1631 1095 1678 1121 καὶ
1692 1095 1741 1131 τὴν
1752 1095 1869 1130 ἡλικίαν,

1079 1139 1126 1165 καὶ
1145 1139 1259 1174 πλήρεις
1272 1137 1405 1175 ’ἡμερῶν,
1426 1140 1478 1166 τῶν
1495 1149 1524 1167 τε
1552 1141 1689 1176 μενουσῶν
1703 1142 1803 1176 ὁμοίως
1823 1139 1869 1169 καὶ

1079 1185 1133 1211 τῶν
1148 1185 1285 1220 λυομένων
1299 1195 1305 1201 ·
1326 1186 1401 1221 παρά
1414 1186 1540 1212 τοσοῦτον
1553 1186 1682 1222 ἑκάτερος
1695 1188 1744 1213 οὐκ
1756 1187 1824 1222 ἔχων
1835 1187 1869 1214 τὰ

1080 1231 1176 1267 πρῶτα
1191 1231 1245 1257 τῶν
1269 1232 1316 1258 ἐπὶ
1339 1232 1400 1267 γῆς,
1421 1233 1486 1266 παρ’
1499 1233 1560 1259 ὅσον
1580 1233 1625 1259 ὑπ’
1641 1233 1763 1268 ἀλλήλων
1779 1234 1818 1264 είς
1838 1233 1869 1259 τὺ

1080 1279 1212 1313 πρωτεῖον
1228 1276 1388 1309 ἐκωλύοντο,
1405 1278 1452 1304 καὶ
1476 1278 1566 1313 πάσης
1580 1278 1754 1313 εὐδαιμονίας
1771 1278 1868 1314 μέτρον

1080 1323 1252 1359 ἐπλήρωσαν,
1267 1323 1335 1359 πλὴν
1354 1324 1404 1358 τῆς
1419 1324 1577 1355 τελευταίας
1588 1324 1700 1358 ταύτης,
1716 1324 1753 1356 ὡς
1764 1324 1796 1351 ἂν
1811 1325 1864 1358 οἰη-

1081 1368 1138 1404 θείη
1152 1378 1204 1401 τις,
1219 1370 1275 1396 εἴτε
1287 1369 1449 1406 δοκιμασίας
1459 1370 1512 1405 χρὴ
1526 1369 1624 1404 λέγειν,
1637 1370 1690 1396 εἴτε
1698 1370 1867 1405 οἰκονομίας·

1080 1415 1097 1449 ἡ
1115 1415 1144 1441 δέ
1165 1417 1249 1447 ἐστιν,
1263 1415 1301 1447 ὡς
1314 1416 1329 1441 ὁ
1345 1415 1410 1450 ἐμὸς
1423 1415 1511 1449 λόγος,
1527 1415 1572 1442 τὸν
1588 1415 1794 1451 σφαλερώτερον
1815 1415 1868 1442 τῶν

1081 1460 1182 1487 παίδων
1205 1461 1238 1487 δι’
1257 1461 1365 1496 ἡλικίαν
1396 1461 1618 1497 προπέμψαντες,
1638 1461 1724 1493 οὕτως
1748 1461 1798 1496 ἤδη
1821 1469 1868 1487 και

1080 1506 1193 1534 ταλῦσαι
1206 1507 1251 1534 τὸν
1267 1508 1322 1543 βίον
1338 1509 1366 1534 ἐν
1384 1508 1518 1544 ἀσφαλείᾳ
1533 1507 1600 1544 (69),
1618 1508 1664 1534 καὶ
1677 1507 1744 1544 πρὸς
1761 1507 1796 1533 τὰ
1815 1507 1869 1534 ἄνω

1081 1553 1240 1588 πανοικεσίᾳ.
1255 1554 1435 1589 μετατεθῆναι
1448 1554 1515 1590 (70).

243 1597 279 1624 tis
305 1597 437 1624 lubricum
467 1598 553 1632 magis
577 1598 726 1624 timendum
753 1603 822 1631 erat,
855 1598 893 1626 ita
922 1598 979 1633 μω
1006 1598 1058 1634 ipsi
1077 1606 1173 1626 securo
1202 1600 1293 1627 animo
1334 1601 1416 1626 vitam
1446 1599 1584 1633 claudant,
1606 1604 1633 1626 et
1657 1607 1718 1625 cum
1745 1599 1869 1625 universa

239 1644 324 1671 domo
341 1644 374 1670 ad
391 1652 508 1679 superna
527 1645 735 1672 transferantur.

278 1690 310 1717 V.
328 1692 415 1725 Atque
441 1692 497 1718 haec
524 1692 646 1726 exposui,
665 1699 718 1719 non
747 1696 775 1719 ut
803 1692 909 1720 illorum
936 1692 1029 1720 laudes

1115 1691 1153 1717 E’.
1163 1689 1218 1716 Καὶ
1233 1688 1320 1715 ταῦτα
1333 1688 1450 1724 διῆλθον,
1460 1688 1491 1715 οὐ
1503 1689 1614 1721 τούτους
1627 1689 1802 1724 ἐγκωμιάσαι,
1813 1691 1869 1724 βου-

239 1738 430 1772 pragdicarem,
459 1744 505 1764 aut
527 1739 598 1774 quod
627 1746 714 1766 essem
738 1740 847 1766 nescius
871 1739 916 1766 vix
934 1747 1029 1773 quem-

242 1791 324 1817 quam
342 1784 424 1810 ctiattt
449 1789 503 1811 tota
517 1785 641 1811 oratione
655 1785 686 1812 de
700 1793 794 1812 eorum
813 1785 938 1812 laudibus
953 1786 1030 1813 insti-

243 1833 313 1862 tuta,
331 1831 451 1857 materiae
471 1830 631 1865 dignitatem
656 1831 766 1865 assequi
784 1839 882 1866 posse:
897 1839 989 1859 verum
1002 1837 1031 1859 ut

239 1876 309 1903 illud
328 1877 500 1903 ostenderem
516 1886 530 1903 a
547 1878 670 1911 patribus
696 1877 814 1904 debitam
839 1877 957 1905 Caesario
976 1878 1031 1904 vir-

243 1927 329 1949 tutem
351 1923 445 1954 fuisse,
470 1931 520 1950 nec
543 1923 641 1950 mirum
660 1924 736 1951 vobis
751 1929 797 1951 aut
815 1924 973 1952 incredibile
990 1924 1030 1951 vi-

243 1968 301 1995 deri
314 1969 423 2001 debere,
441 1970 464 1996 si
484 1969 551 1996 tales
571 1973 698 2003 parentes
716 1974 812 1997 nactus
829 1969 927 1997 talibus
943 1970 1031 1997 laudi-

243 2014 294 2041 bus
308 2021 338 2041 se
353 2014 462 2048 dignum
477 2015 607 2048 prmbuit;
627 2015 673 2041 sed
690 2015 753 2041 illud
768 2015 868 2048 potius,
882 2015 917 2046 si,
939 2015 1031 2050 negle-

244 2060 296 2087 ctis
322 2060 478 2087 domesticis
504 2065 532 2087 et
558 2061 716 2095 propinquis
727 2061 868 2094 exemplis,
892 2061 960 2088 alios
978 2061 1030 2088 sibi

245 2106 409 2140 spectandos
434 2107 628 2140 proposuisset.
640 2107 728 2141 Atque
747 2107 822 2133 ittitia
838 2106 944 2141 quidem
958 2106 1031 2141 ejus-

245 2153 316 2179 modi
341 2151 461 2184 fuerttttt,
475 2157 503 2179 et
520 2152 611 2186 qualia
642 2159 702 2179 esse
721 2159 783 2179 vero
810 2151 934 2187 ingenuis
948 2152 1027 2187 201

240 2199 433 2230 conveniebat,
448 2206 479 2225 ac
494 2204 566 2226 recte
576 2203 603 2224 et
618 2198 731 2226 honeste
751 2199 872 2226 vicutris.
889 2197 926 2225 Ut
940 2204 1031 2225 autem

245 2244 335 2271 media
352 2244 480 2276 incidam,
495 2245 546 2271 boc
566 2249 617 2276 est,
643 2244 881 2278 pulchritudinem,
898 2245 1032 2278 magnitu-

245 2290 347 2322 dinem,
365 2294 446 2324 atquc
468 2290 541 2316 illius
574 2290 601 2316 itt
626 2289 752 2316 omnibus
766 2290 846 2317 rebus
866 2290 990 2324 gratiam,
1005 2294 1033 2316 et

246 2336 320 2363 velut
344 2336 370 2362 in
398 2336 472 2363 sonis
500 2341 661 2363 concentum
678 2337 907 2370 (quandoquidem
922 2343 971 2363 uec
985 2343 1032 2362 no-

1081 1737 1203 1771 λόμενος,
1218 1735 1278 1762 οὐδὲ
1307 1734 1422 1769 ἀγνοῶν,
1446 1735 1487 1761 ὄτι
1512 1735 1589 1770 μόλις
1615 1735 1648 1761 ἄν
1662 1743 1704 1766 τις
1731 1735 1780 1769 τῆς
1793 1734 1880 1767 ἀξὶα;’

1082 1782 1215 1817 ἐφίκοιτο,
1230 1782 1276 1808 καὶ
1293 1781 1357 1816 ὅλην
1376 1781 1504 1808 ὑπόθεσιν
1525 1781 1605 1815 λόγου
1621 1782 1666 1808 τὸν
1682 1780 1783 1807 τούτων
1796 1781 1872 1807 ἐπαις

1081 1837 1126 1855 νον
1143 1829 1342 1863 ἐνστησάμενος
1359 1828 1425 1862 (71),
1440 1827 1508 1854 ἀλλὰ
1521 1827 1729 1862 ἴν”ὲπιδείξαιμι
1739 1828 1771 1854 ὲκ
1785 1827 1871 1853 πατέ-

1083 1883 1137 1910 ρων
1150 1874 1327 1908 ὀφειλομένην
1341 1873 1483 1909 Καισαρίῳ
1498 1873 1548 1908 τὴν
1564 1874 1675 1909 ἀρετὴν,
1693 1873 1740 1900 καὶ
1747 1873 1791 1908 μὴ
1805 1873 1871 1898 θαυ-

1083 1919 1198 1955 μάζητε,
1214 1919 1280 1955 μηδὲ
1293 1919 1436 1954 ἁπιστῆτε,
1448 1921 1484 1951 εί,
1498 1919 1624 1945 τοιούτων
1638 1919 1726 1954 τυχὼν
1742 1919 1869 1954 γεννητό-

1083 1975 1147 2002 ρων,
1164 1966 1293 1993 τοιούτων
1310 1966 1406 1992 ἑαυτὸν
1419 1966 1555 2002 παρέσχεν
1569 1966 1685 1992 ἐπαίνων
1701 1966 1788 1997 ἄξιον·
1803 1965 1871 1992 ἀλλὰ

1080 2013 1245 2044 τούναντίον,
1260 2013 1283 2038 εί
1298 2012 1365 2047 πρὸς
1380 2012 1488 2047 ἐτέρους
1498 2010 1562 2044 εἶδε,
1578 2012 1632 2038 τῶν
1642 2013 1749 2039 οἰκείων
1760 2012 1806 2039 καὶ
1817 2011 1869 2038 τῶν

1082 2059 1197 2092 ἐγγύθεν
1213 2058 1352 2093 ἀμελήσας
1371 2057 1588 2094 ὑποδειγμάτων.
1602 2058 1642 2085 Τὰ
1657 2059 1705 2094 μὲν
1728 2058 1759 2093 δὴ
1774 2058 1872 2093 πρῶτα

1082 2104 1204 2136 τοιαῦτα,
1211 2102 1254 2131 οἶα
1261 2104 1399 2139 προσῆκεν
1406 2101 1535 2136 εἶναιτοῖς
1545 2104 1629 2136 ὅντως
1637 2105 1692 2140 (72)
1700 2103 1728 2131 εὖ
1736 2105 1869 2138 γεγονόσι,

1083 2152 1131 2178 καὶ
1146 2151 1236 2182 καλῶς
1248 2150 1394 2185 βιώσεσθαι
1410 2151 1562 2185 μέλλουσιν.
1579 2151 1637 2177 Ἵνα
1659 2151 1687 2177 δὲ
1701 2150 1735 2176 τὰ
1751 2151 1779 2177 ὲν
1797 2151 1871 2186 μέσῳ

1085 2198 1219 2232 συντέμω,
1227 2197 1334 2228 κάλλος.
1343 2198 1390 2223 καὶ
1400 2198 1522 2233 μέγεθος,
1532 2198 1579 2224 καὶ
1590 2197 1638 2233 τὴν
1645 2198 1691 2224 ἐπὶ
1698 2199 1763 2224 πᾶσι
1771 2197 1816 2224 τοῦ
1825 2199 1871 2224 ἁν-

1082 2244 1145 2279 δρὸς
1164 2242 1254 2278 χάριν,
1266 2243 1312 2269 καὶ
1323 2242 1416 2277 ὥσπερ
1427 2244 1456 2269 ἐν
1474 2243 1602 2278 φθόγγοις
1625 2243 1807 2278 εὐαρμοστίαν
1821 2243 1871 2278 (ὅτι

1085 2289 1152 2324 μηδὲ
1162 2289 1230 2324 πρὸς
1238 2288 1317 2323 ἡμῶν
1327 2289 1381 2324 (75)
1390 2289 1422 2315 τὰ
1430 2289 1541 2316 τοιαῦτα
1553 2289 1712 2324 θαυμάζειν,
1724 2291 1748 2316 εἰ
1757 2289 1804 2315 καὶ
1817 2291 1872 2320 τοῖς

1083 2334 1171 2366 ἄλλοις
1186 2334 1215 2360 οὑ
1235 2334 1320 2369 μικρὰ
1336 2334 1485 2369 φαίνεται),
1500 2336 1568 2370 πρὸς
1585 2336 1619 2362 τὰ
1637 2335 1736 2370 ἐφεξῆς
1751 2335 1806 2371 (74)
1824 2335 1873 2370 βαι

245 2388 333 2409 strttm
346 2386 388 2409 est
406 2390 449 2409 res
473 2383 625 2416 hujusntodi
645 2383 749 2412 mirari.
773 2382 879 2408 tametsi
903 2382 962 2408 aliis
978 2389 1029 2408 non

1083 2379 1192 2414 διοῦμαι
1209 2379 1256 2405 τοῦ
1276 2379 1366 2414 λόγου,
1389 2381 1436 2406 καὶ
1449 2380 1466 2407 ἃ
1491 2381 1557 2416 μηδὲ
1577 2380 1729 2416 βουλομένῳ
1758 2380 1872 2416 παραλι-

245 2435 336 2462 ραι-ναι
350 2435 412 2454 esse
424 2428 591 2462 Videantur),
607 2429 640 2454 ad
654 2436 685 2455 ea
697 2436 757 2461 qua:
770 2429 897 2461 deinceps
912 2435 1030 2461 sequun-

1084 2427 1144 2452 πεῖν
1157 2425 1256 2461 ῥᾴδιον.

246 2479 301 2506 tur,
313 2478 339 2499 et
358 2481 428 2507 qum,
445 2481 478 2500 ne
502 2474 523 2500 si
546 2475 651 2506 cupiam
680 2473 799 2507 quidem,
818 2472 898 2500 facile
918 2472 1125 2507 prieterntitterc
1139 2478 1259 2505 possum,
1272 2471 1421 2498 orationem
1437 2472 1587 2500 conferam.

293 2522 336 2555 64)
357 2522 467 2548 Μόνον.
485 2521 566 2548 Coisl.
585 2522 610 2552 1,
628 2521 722 2556 μόνην.

293 2557 336 2591 65)
356 2557 434 2584 Αὐτὸ
446 2556 619 2590 αὐξήσασα.
635 2557 700 2590 [ιρις.
716 2558 771 2589 btn,
786 2556 880 2591 αὐτὴν,
900 2556 964 2590 Reg.
986 2556 1031 2590 pb.

242 2590 302 2620 "es
319 2592 406 2624 Colb.,
422 2593 467 2617 0r.
484 2592 509 2622 Ι,
524 2598 550 2618 ct
563 2591 617 2619 .Ies.
629 2590 754 2627 φύραμα,
768 2593 784 2627 ή
801 2590 936 2618 τὸνναὺτὸν
950 2598 1033 2626 (nem-

241 2635 289 2662 tpe,
304 2627 413 2663 κλῆρον)
423 2627 573 2663 αὑξήσασα.

281 2662 337 2698 (66)
349 2660 556 2698 Tale/crepant
571 2660 617 2689 0r.
632 2661 658 2694 l,
674 2662 849 2696 τελεωτέραν.

282 2696 338 2731 (67)
358 2697 508 2731 Κρεῖττον.
536 2697 591 2724 Hac
614 2705 680 2724 voce
710 2707 719 2722 ‹
743 2698 824 2723 Deum
848 2707 856 2722 ι
885 2696 1036 2731 inleiligcre

245 2733 351 2759 videtur
369 2733 524 2767 Gregorius,
552 2741 584 2759 ac
611 2733 722 2765 prointh
751 2733 919 2767 vertendum,
941 2741 950 2756 ε
974 2740 1035 2767 cum

245 2767 303 2794 'Den
316 2766 503 2801 conjunctione
521 2772 547 2794 et
567 2767 776 2794 necessitudine.
796 2777 805 2792 ›
826 2766 918 2793 Billius
938 2767 963 2792 itt
977 2766 1036 2800 pri-

249 2809 290 2828 ma
310 2800 426 2828 editione
438 2803 481 2829 sic
495 2807 612 2829 verterat
629 2811 636 2829 :
656 2812 664 2828 t
681 2803 736 2829 sola
753 2803 852 2828 virtute
869 2800 1036 2834 conjunctio-

250 2844 337 2870 neque
355 2845 416 2863 cutn
433 2837 487 2863 Deo
503 2842 583 2871 atque
597 2839 745 2868 consortio.
765 2838 871 2864 felicem
890 2837 1034 2863 liberorum

242 2871 465 2907 tprooreationem
476 2872 629 2900 definirem.
648 2882 656 2898 ι

1123 2519 1178 2552 (68)
1196 2519 1249 2550 Εἰς
1263 2518 1401 2552 λιπαρόν.
1427 2527 1436 2544 ι
1458 2518 1499 2545 Ad
1518 2518 1627 2546 uberem
1647 2518 1806 2554 beatamque
1827 2525 1871 2545 se-

1087 2560 1426 2624 ncftigiel‘il'arldo'gqieia.
1442 2588 1509 2615 Tres
1523 2588 1618 2623 Regg.,
1635 2589 1743 2616 totidem
1757 2589 1832 2616 Colb.
1845 2594 1872 2617 et

1085 2623 1132 2652 0r;
1150 2625 1175 2655 1,
1195 2624 1242 2649 σὺν
1262 2623 1406 2658 ἀσφαλείᾳ,
1424 2633 1434 2648 ‹
1454 2631 1513 2650 cum
1527 2625 1680 2650 securitate.
1699 2633 1708 2649 ι

1120 2658 1391 2694 (ἸὼΜετ-ατεθῆιζαι.
1410 2659 1454 2684 Sic
1467 2659 1529 2694 Reg.
1545 2660 1589 2685 bu.
1603 2659 1664 2684 Par.
1681 2659 1869 2694 μεταδεθῆναι.

1120 2695 1175 2728 (71)
1201 2693 1449 2726 Ἐνστησάμενος.
1473 2693 1555 2720 Coisl.
1572 2693 1598 2724 1,
1620 2693 1831 2729 συστησήμενος.

1108 2729 1176 2770 “(7-3)
1197 2729 1313 2760 Ὄντως.
1330 2730 1408 2755 Deest
1422 2730 1447 2755 itt
1462 2729 1582 2763 pluribus
1595 2729 1673 2756 codd.
1689 2737 1739 2756 nec
1756 2730 1871 2757 reddidit

1084 2765 1273 2834 BligEEIdeg
1284 2798 1376 2833 ἡμῶν.
1394 2799 1439 2825 Sic
1451 2803 1505 2826 tres
1516 2798 1611 2834 Beas”
1624 2803 1678 2825 treu
1687 2799 1753 2828 Culb
1766 2819 1773 2832 ,
1786 2798 1833 2826 0r.
1844 2800 1869 2832 l,

1084 2839 1111 2862 et.
1127 2834 1183 2861 Jes.
1201 2833 1270 2860 Editi
1289 2842 1361 2863 rem,
1376 2833 1464 2868 ὑμῶν.

1119 2869 1176 2905 (Ἠ)
1199 2869 1236 2896 Τὰ
1250 2868 1368 2904 ἐφεξῆς.
1385 2867 1454 2903 Reg.
1469 2877 1494 2901 a,
1508 2868 1541 2895 τὰ
1554 2867 1624 2903 ἑξῆς.
