2069 3131
200 188 251 214 761

238 243 283 276 q'.
314 241 383 269 ’Υπδ
398 241 430 279 δὴ
449 242 580 274 τοιούτοις
602 242 680 278 ἤθεσι
700 243 853 279 τραφέντες
867 243 914 270 καὶ
930 252 995 270 παι-
1010 247 1032 275 Α

201 286 341 319 hoeine;
358 287 425 323 (75),
440 288 487 316 καὶ
504 289 561 319 τοῖς
581 288 699 316 ἐνταῦθα
717 289 875 324 μαθήμασιν
893 289 993 321 ἱκανῶς

203 333 422 370 ὲνασκηθέντες,
445 334 475 360 ἑν
505 331 546 366 οἷς
571 335 676 366 ἐκεῖνος
704 334 760 370 (76)
789 334 865 370 τάχει
887 343 918 361 τε
947 335 995 362 καὶ

206 379 315 415 μεγέθει
339 379 446 414 φύσεως
469 380 524 406 οὐδ’
549 380 582 407 ἂν
598 380 669 407 εἴποι
690 389 733 412 τις
758 381 819 407 ὅσον
835 380 905 416 ὑπὲρ
932 381 995 412 τοὺς

205 425 318 457 πολλοὺς
335 423 380 461 ἦν·
397 423 420 452 ὧ
441 425 500 457 πῶς
529 426 662 462 ὰδῖικρυτ)¹
684 426 734 461 τὴν
753 426 855 453 τούτων
869 425 995 462 παρέλθω

207 472 326 506 μνήμην,
353 472 401 498 καὶ
432 472 468 507 μή
496 480 529 506 με
551 471 713 506 ἀφιλόσοφον
735 472 831 507 ἐλέγξῃ
855 472 886 498 τὸ
910 471 995 503 πάθος

205 517 282 552 παρὰ
295 516 345 552 τὴν
361 516 521 551 ὺπὸσχεσινί
540 516 597 543 ἀλλ’
607 517 700 552 ἐπειδή
718 525 750 551 γε
767 516 921 552 ἀποδημίας
935 525 995 543 και-

207 563 254 599 ρδς
277 563 374 594 ἐδόκει,
396 563 443 589 καὶ
467 563 528 590 τότε
548 563 656 598 πρῶτον
669 563 716 590 ἀπ’
731 563 855 598 ἀλλήλων
868 562 995 598 ἐσχίσθη-

208 617 268 645 μεν·
283 609 339 644 ὲγὼ
356 609 405 645 μὲν
418 611 475 641 τοῖς
499 609 570 636 κατὰ
596 609 778 644 Παλαιστίνην
795 608 995 643 ἐγκαταμείνας

207 654 265 690 (77)
293 654 503 691 παιδευτηριοις,
530 654 641 681 ἀνθοῦσι
665 654 727 682 τότε
749 655 821 682 κατὰ
848 654 995 690 ῥητορικῆς

207 700 308 737 ἔρωτα,
324 701 338 727 ὁ
352 700 380 727 δὲ
390 700 439 736 τὴν
463 700 638 737 Ἀλεξάνδρου
653 701 731 727 πόλιν
743 700 914 733 καταλαϐὼν,
928 709 996 727 παν-

207 747 282 778 τοίας
297 745 463 778 παιδεύσεως
479 747 526 773 καὶ
540 747 600 773 τότε
616 747 663 773 καὶ
676 746 724 773 νῦν
740 745 822 773 οὖσαν
840 754 869 772 τε
885 746 932 772 καὶ
954 746 996 772 δο-

207 792 308 819 κοῦσαν
322 793 513 827 ἐργαστήριον.
529 791 562 818 Τί
578 792 695 828 πρῶτον,
717 792 733 827 ἢ
751 793 777 818 τί
787 792 914 827 μέγιστον
927 791 997 818 εἴπω

207 837 262 865 τῶν
279 838 384 864 ἐκείνου
401 837 507 870 καλων;
525 838 558 864 Τί
571 837 598 864 δὲ
612 838 668 874 (78)
685 837 793 874 παρεὶς,
812 838 849 873 μὴ
866 837 904 873 τῷ
921 838 998 873 μεγί-

209 894 264 921 στῳ
276 885 406 921 ξημιώσω
415 885 459 912 τὸν
473 885 566 919 λόγους
581 885 628 917 Τίς
643 885 692 920 μὲν
707 885 811 911 ἐκείνου
827 884 997 916 διδασκάλοις

602 185 733 214 ORATIO
752 185 807 213 VII.
828 201 863 208 -—
880 185 914 214 IN
935 184 1077 214 LAUDEM
1096 185 1248 214 CAESARI]
1267 185 1436 214 FRATRIS.’

1773 187 1826 215 762

1084 243 1127 272 Vl.
1142 244 1196 271 Nos
1210 245 1291 279 igitur
1309 245 1360 272 sub
1375 244 1528 278 ltujusmodi
1550 244 1671 272 moribus
1681 244 1786 272 educati
1800 249 1828 272 et

1043 291 1171 323 instituti,
1198 297 1282 326 alque
1311 291 1339 318 in
1373 293 1485 326 hujusce
1500 292 1552 320 loci
1584 292 1744 327 disciplinis,
1760 295 1828 322 satis

1043 337 1182 364 exercitati
1198 342 1225 365 et
1242 338 1352 370 exculti,
1367 339 1393 365 in
1407 339 1505 373 quibus
1518 339 1563 366 ille
1576 339 1675 374 ingenii
1691 339 1828 368 celeritate

1045 391 1077 409 ac
1093 383 1278 418 magnitudine
1291 384 1344 410 dici
1359 392 1413 410 non
1430 390 1517 418 potest
1538 392 1620 419 quam
1646 384 1726 419 longo
1747 385 1828 411 inter-

1044 427 1115 454 vallo
1134 429 1277 461 plerosque
1301 432 1360 461 post
1375 435 1404 455 se
1422 429 1632 462 relinqueret;o
1653 435 1770 462 quonam
1781 435 1828 461 pa-

1044 478 1087 499 cto
1103 473 1198 500 ltarnm
1215 480 1305 499 rerum
1331 481 1390 500 men
1402 474 1488 500 oriam
1502 473 1560 500 sine
1575 473 1701 508 lacrymis
1719 477 1830 507 pnetcr-

1045 519 1099 548 ibo,
1118 526 1167 544 nec
1192 526 1245 551 me,
1272 524 1366 545 contra
1389 527 1470 552 quain
1494 518 1630 553 pollicitus
1644 526 1714 549 sum,
1733 525 1829 552 parum

1045 564 1123 591 fortis
1137 564 1220 590 animi
1240 573 1300 592 esse
1316 565 1392 591 dolor
1406 564 1531 591 ostendet
1545 565 1551 591 !
1564 572 1623 590 cum
1635 563 1691 597 jam
1711 564 1830 598 peregri-

1045 610 1162 638 nationis
1191 615 1296 644 tetnpns
1319 618 1381 638 esse
1409 611 1559 643 videretur,
1578 618 1610 637 ac
1636 615 1689 636 tum
1712 609 1828 644 primum

1044 657 1114 683 alter
1134 656 1167 683 ab
1183 655 1270 683 altero
1285 656 1410 683 distracti
1438 664 1531 683 sumus
1546 664 1555 683 :
1571 663 1621 691 ego
1646 655 1774 682 nimirtnn
1794 654 1830 682 ob

1045 703 1113 729 artis
1129 703 1257 729 oratoriae
1281 710 1414 734 amorem,
1429 702 1455 729 in
1472 701 1622 729 Palmstinaa
1646 701 1756 733 scholis,
1773 705 1829 727 tum

1045 747 1216 780 ﬂorentibus,
1225 753 1362 780 moratus;
1375 748 1418 774 ille
1433 752 1525 774 autem
1538 747 1728 774 Alexandriam
1741 745 1831 780 prole-

1047 799 1117 825 ctus,
1133 794 1237 825 urbem,
1250 799 1277 820 et.
1292 799 1355 821 tunc
1365 798 1392 821 et
1406 801 1478 821 nunc
1493 801 1610 829 quoque,
1628 798 1682 820 tum
1697 800 1759 819 vere
1776 796 1830 818 tum

1047 841 1184 868 hominum
1198 841 1409 873 existimatione,
1431 841 1560 867 doctrina:
1584 840 1672 866 omnis
1684 838 1829 866 ollicinam.

1051 886 1121 919 Quid
1139 887 1269 921 primum,
1283 891 1330 913 aut
1345 886 1408 920 quid
1425 886 1571 912 maximum
1598 893 1631 912 cx
1653 885 1724 912 illius
1746 883 1832 910 laudi-

208 931 382 966 πιστότερος;
399 930 446 962 Τίς
469 930 498 957 δὲ
515 930 586 965 ἥλιξι
603 930 849 966 προσψιλέστεροςς
871 929 919 961 Τίς
947 929 996 964 μὲν

1053 940 1097 959 aus
1111 932 1341 959 connnemorem?
1357 933 1409 959 Aut
1429 932 1493 966 quid
1517 933 1575 959 sine
1597 931 1757 966 gravissimo
1769 937 1832 956 ora-

210 976 311 1012 μᾶλλον
326 976 450 1011 ἀπέφυγε
463 976 518 1011 (79)
533 976 583 1012 τὴν
594 976 649 1002 τῶν
659 975 802 1011 μοχθηρῶν
811 975 933 1010 ἑταιρίαν
947 975 994 1002 καὶ

207 1023 332 1057 ὀμιλίανς
349 1023 397 1054 Τίς
410 1022 439 1049 δὲ
453 1024 486 1057 τῇ
501 1022 555 1049 τῶν
570 1021 716 1056 βελτίστων
732 1022 828 1049 ἑαυτὸν
840 1022 995 1058 προσέθηκε

209 1068 301 1095 πλεῖον
317 1068 382 1103 (80),
399 1067 488 1099 ἄλλοις
503 1076 532 1094 τε
547 1068 594 1094 καὶ
616 1067 670 1095 τῶν
684 1069 716 1094 ὲκ
730 1068 780 1102 τῆς
795 1068 923 1103 πατρίδος
941 1069 997 1099 τοῖς

209 1113 435 1148 εὐδοκιμωτάτοις
449 1114 496 1140 καὶ
504 1114 740 1149 γνωριμωτάτοις,
755 1112 831 1144 εἰδὼς
846 1113 906 1140 οὑδὲ
919 1113 997 1139 τοῦτο

210 1159 302 1194 φέρειν
328 1159 424 1194 μικρὸν
443 1160 483 1190 εἰς
505 1159 604 1194 ἀρετὴν
623 1159 640 1194 ἢ
657 1159 756 1185 κακίαν
772 1159 821 1190 τὰς
837 1159 996 1190 συνουσίαςς

216 1203 261 1236 Ἐξ
274 1202 311 1231 ὧν
322 1204 364 1236 τίς
383 1205 432 1240 μὲν
453 1205 582 1241 ἄρχουσιν
596 1205 700 1231 ἐκείνου
726 1205 904 1240 τιμιώτερος;
921 1205 962 1236 τίς
972 1205 1001 1231 δὲ

210 1251 243 1285 τῇ
263 1251 338 1277 πόλει
350 1251 435 1288 πάσῃ,
447 1251 535 1278 καίτοι
552 1259 583 1285 γε
598 1251 653 1286 (Si)
667 1251 750 1278 διὰτὸ
763 1251 877 1286 μέγεθος
893 1252 1000 1277 πάντων

212 1296 452 1332 ἐγκρυπτομένων.
462 1297 478 1332 ἢ
488 1297 534 1323 ἐπὶ
544 1296 706 1332 σωφροσύνῃ
718 1304 802 1332 γνωρι
807 1296 920 1332 μότερος
932 1295 999 1331 (8'2),

212 1341 230 1377 ἢ
246 1343 292 1368 ἐπὶ
306 1342 413 1369 συνέσει
427 1342 674 1378 περιφανέστερος;

1049 978 1130 1004 tionis
1143 978 1242 1004 damno
1258 978 1486 1012 pra-terminum?
1500 977 1566 1010 Quis
1591 977 1636 1004 illo
1658 975 1832 1011 praeceptori—

1053 1024 1103 1049 bus
1117 1023 1242 1050 ﬁdelior?
1264 1023 1330 1056 Quis
1346 1024 1497 1058 aequalibus
1511 1022 1680 1058 jucundior?
1697 1022 1763 1055 Quis
1783 1021 1834 1048 im-

1050 1069 1198 1103 proborum
1218 1070 1378 1096 societatem
1402 1073 1428 1096 et
1461 1068 1682 1095 consuetudinem
1700 1067 1784 1101 magis
1797 1066 1834 1092 vi-

1053 1115 1137 1141 tavit?
1156 1115 1221 1149 Quis
1240 1115 1545 1149 optimorumvirorum,
1560 1121 1620 1141 cum
1637 1113 1760 1144 aliorum,
1778 1118 1834 1139 tum

1050 1161 1221 1188 celeberrimi
1245 1161 1377 1196 cuiusque
1393 1169 1424 1188 ex
1447 1161 1533 1195 patria
1557 1165 1584 1187 et
1608 1159 1769 1187 nobilissimi
1793 1158 1836 1184 l'a-

1050 1207 1200 1234 tniliarilati
1234 1216 1295 1235 sese
1329 1207 1415 1242 magis
1443 1206 1586 1241 adjunxit?
1606 1207 1663 1233 Non
1694 1206 1837 1241 ignorabat

1051 1260 1125 1284 sane,
1153 1254 1186 1280 ad
1212 1254 1342 1280 virttttem
1370 1258 1415 1279 aut
1445 1253 1539 1278 vitium
1566 1251 1703 1286 permagni
1723 1250 1835 1281 referre,

1051 1305 1111 1324 cum
1133 1298 1232 1333 quibus
1257 1299 1391 1333 quispiam
1418 1299 1581 1325 consuescit.
1607 1297 1693 1330 Atque
1723 1295 1834 1326 idcirco,

1050 1344 1113 1378 quis
1129 1345 1198 1378 apud
1217 1346 1349 1379 prwsides
1362 1344 1539 1372 honoratior?
1554 1343 1609 1370 Imo
1624 1343 1685 1376 quis
1701 1342 1835 1368 universa:

214 1389 272 1415 nrbi
303 1389 447 1423 (quamvis
473 1389 613 1417 sublimior
644 1396 754 1423 prorsus
777 1396 809 1417 ac
839 1388 990 1416 abstrusior
1009 1389 1091 1425 ipsius
1122 1392 1267 1428 doctrina),
1300 1397 1346 1419 aut
1383 1392 1417 1419 ob
1441 1391 1644 1426 temperantiam
1662 1390 1770 1421 clarior,
1790 1394 1837 1415 aut

213 1435 248 1462 ob
266 1435 364 1471 ingenii
376 1435 551 1470 sagacitatem
572 1434 723 1461 illusuior?

249 1481 287 1508 Z'.
306 1482 386 1508 Ποῖον
404 1481 454 1517 μὲν
476 1479 544 1512 εἶδος
557 1481 608 1507 οὐκ
621 1480 722 1516 ἐπῆλθε
737 1480 920 1514 παιδεύσεως;
937 1480 1004 1516 μᾶλ-

213 1526 258 1553 λον
269 1526 298 1553 δὲ
317 1527 402 1557 ποῖον,
421 1525 459 1558 ὡς
472 1525 532 1552 οὐδὲ
548 1525 628 1560 μόνον
645 1525 825 1560 ἓτερος;Τίνι
836 1525 863 1552 δὲ
880 1526 1004 1561 παρῆκεν

213 1573 296 1607 ἐγγὺς
309 1571 391 1598 αὑτοῦ
401 1572 539 1606 γενέσθαι,
556 1571 604 1598 καὶ
628 1571 698 1598 κατὰ
717 1571 814 1606 μικρὸν
831 1571 896 1605 (85),
912 1571 949 1606 μὴ
962 1571 1003 1597 ὅτι

213 1619 268 1645 τῶν
285 1619 345 1645 καθ’
357 1618 451 1645 ἑαυτὸν
464 1618 512 1644 καὶ
523 1618 573 1652 τῆς
588 1617 673 1652 αὐτῆς
686 1617 804 1652 ἡλικίας,
818 1617 886 1643 ἀλλὰ
897 1616 1004 1642 καὶτῶν

215 1664 418 1700 πρεσϐυτέρων,
428 1664 474 1690 καὶ
487 1663 671 1698 παλαιοτέρων
686 1664 714 1690 ἐν
726 1664 782 1694 τοῖς
791 1662 933 1698 μαθήμασι
941 1670 948 1695 ;
957 1663 1004 1689 καὶ

216 1711 304 1738 πάντα
327 1711 364 1742 ὼς
378 1710 407 1736 ἓν
423 1709 586 1745 ἐξασκήσας,
609 1710 656 1736 καὶ
673 1709 732 1736 ἀντὶ
756 1709 864 1736 πάντων
879 1709 1002 1735 ἕκαστον·

215 1757 278 1788 τοὺς
293 1757 342 1791 μὲν
351 1756 470 1791 πτηνοὺς
481 1756 530 1790 τὴν
545 1755 626 1790 φύσιν
639 1754 781 1790 φιλοπονίᾳ
800 1755 925 1789 νικήσας.
942 1754 1005 1785 τοὺς

216 1802 245 1829 δὲ
266 1803 404 1836 γενναίους
423 1802 472 1838 τὴν
493 1803 609 1837 ἄσκησιν
631 1801 749 1832 διανοίας
764 1800 884 1836 ὀξύτητι·
907 1799 1006 1835 μᾶλλον

216 1847 246 1875 δὲ
261 1848 339 1883 τάχει
360 1848 409 1883 μὲν
420 1849 483 1879 τοὺς
497 1849 600 1882 ταχεῖς,
610 1847 712 1881 σπουδῇ
726 1846 755 1873 δὲ
769 1847 832 1877 τοὺς
846 1845 1006 1880 φιλοπόνους

218 1893 388 1929 ὑπερϐαλὼν,
403 1894 451 1921 καὶ
466 1895 528 1926 τοὺς
540 1895 598 1920 κατ’
612 1893 695 1929 ἄμφω
713 1892 816 1925 δεξιοὺς
832 1892 1004 1927 ἀμφοτέροις.

219 1940 389 1976 Γεωμετρίας
409 1940 457 1976 μέν
472 1948 504 1974 γε
521 1940 568 1966 καὶ
581 1939 828 1975 ἀστρονομίας-,καὶ
840 1938 888 1973 τῆς
903 1938 1008 1963 ἐπιλινο

218 1985 295 2012 δύνου
311 1987 366 2017 τοῖς
375 1986 464 2018 ἄλλοις
479 1986 657 2017 παιδεύσεως,
675 1985 737 2011 ὅσον
752 1985 886 2020 χρήσιμον
899 1982 1008 2016 ἐκλεξά-

221 2041 309 2067 μενος.
324 2033 403 2059 τοῦτο
417 2032 445 2059 δὲ
452 2030 486 2068 ἦν
502 2033 534 2058 ἐκ
546 2033 595 2067 τῆς
611 2032 665 2058 τῶν
681 2031 813 2067 οὐρανίων
827 2030 1008 2065 εὐαρμοστιας

220 2078 267 2104 καὶ
289 2077 392 2111 τάξεως
408 2078 453 2104 τὸν
469 2077 634 2114 δημιουργὸν
643 2077 792 2112 θαυμάσαι,
805 2076 866 2102 ὅσον
877 2074 1007 2109 βλαϐερὸν

219 2124 319 2160 ταύτης
338 2125 478 2160 διέφυγεν·
495 2125 525 2150 οὐ
548 2126 582 2159 τῇ
594 2123 665 2158 φορᾷ
678 2122 733 2148 τῶν
754 2122 861 2156 ἄστρων
871 2120 958 2152 διδοὺς
974 2119 1009 2146 τὰ

221 2171 284 2197 εντα
299 2171 345 2198 καὶ
358 2171 393 2197 τὰ
406 2171 544 2206 γινόμενα,
569 2170 606 2201 ὡς
621 2170 646 2195 oi
673 2168 723 2204 τὴν
738 2166 882 2203 ὁμόδουλον
902 2167 1009 2197 ἑαυτοῖς

222 2217 276 2252 (84)
296 2217 384 2244 κτίσιν
400 2217 593 2247 ἐπανιστάντες
613 2215 653 2250 τῷ
677 2214 812 2246 κτίσαντι,
832 2211 892 2248 Θεῴ
910 2211 938 2238 δὲ
963 2211 1010 2237 καὶ

221 2263 304 2290 τᾶλλα
315 2264 413 2295 πάντα,
427 2263 520 2298 ὥσπερ
533 2262 616 2294 εἰκὸς,
630 2259 775 2292 ἀνατιθεὶς,
791 2260 837 2286 καὶ
844 2259 894 2292 τὴν
907 2256 1009 2284 τούτων

1095 1482 1151 1510 VII.
1176 1481 1316 1515 Quodnam
1335 1482 1464 1508 doctrina.-
1485 1488 1570 1516 genus
1594 1487 1646 1507 non
1669 1479 1838 1514 peragravit?

1056 1527 1111 1555 imo
1125 1528 1260 1562 quodnam
1278 1533 1330 1560 est,
1345 1528 1416 1562 qttod
1433 1535 1483 1553 non
1512 1531 1541 1553 ut
1568 1535 1601 1552 ne
1623 1532 1705 1552 unutn
1729 1524 1838 1558 quidem

1055 1573 1142 1600 alius?
1164 1564 1278 1600 C‘uinam
1303 1578 1393 1600 autem
1421 1573 1566 1604 concessit,
1587 1577 1615 1598 ut
1633 1571 1664 1598 ad
1686 1571 1784 1605 ipsum,
1799 1569 1838 1594 \‘l'l

1057 1620 1192 1647 tantillum
1213 1619 1454 1654 appropinquaret,
1471 1626 1524 1645 non
1541 1617 1673 1644 sodalium
1698 1620 1800 1642 tantum
1812 1621 1840 1640 ct

1055 1666 1211 1700 mquaiium.
1236 1665 1283 1692 sed
1307 1665 1388 1691 etiam
1413 1664 1548 1698 majorum
1576 1668 1652 1694 natu,
1666 1667 1692 1689 et
1706 1661 1751 1696 qui
1780 1661 1839 1694 plus

1057 1711 1187 1744 temporis
1198 1711 1224 1737 in
1243 1710 1394 1737 litterarum
1410 1710 1508 1736 studiis
1523 1706 1838 1742 consumpsi-rant?Nam

1056 1759 1084 1781 et
1099 1755 1189 1781 omnia
1211 1759 1239 1781 ut
1260 1762 1343 1780 utlttttl
1368 1754 1536 1786 eXt-oltterat,
1560 1759 1587 1780 et
1611 1752 1716 1786 singula
1733 1759 1839 1778 rursum

1057 1804 1086 1825 ιιι
1100 1799 1201 1825 ontnia.
1219 1798 1258 1824 Ac
1286 1802 1316 1824 ut
1337 1797 1442 1824 volucri
1461 1798 1569 1832 ingenio
1597 1797 1734 1832 pra-ditas,
1751 1796 1841 1822 studio

1056 1850 1083 1871 ct
1108 1845 1258 1878 diligentia,
1286 1844 1322 1870 ita
1351 1844 1488 1870 studiosos
1511 1848 1539 1869 et
1563 1843 1710 1870 industrios
1740 1841 1839 1876 ingenii

1057 1890 1195 1918 celeritate
1212 1890 1357 1924 superabat
1371 1897 1379 1915 ι
1394 1888 1447 1920 vel,
1468 1893 1498 1915 ut
1514 1888 1616 1915 rectius
1638 1888 1744 1922 loquar,
1759 1886 1841 1923 202

1058 1936 1211 1971 ingeniosos
1236 1936 1355 1970 ingenio,
1385 1939 1413 1962 et
1442 1934 1594 1961 laboriosos
1622 1934 1725 1966 studio,
1743 1937 1771 1959 et
1794 1940 1842 1959 eos

1057 1982 1104 2018 qui
1132 1987 1247 2017 utraque
1266 1989 1303 2013 ,re
1332 1981 1486 2016 pollebant,
1513 1985 1627 2014 utraque
1657 1978 1840 2014 pra-relleliat.

1057 2029 1146 2062 Atque
1167 2035 1199 2054 ex
1218 2028 1365 2062 geometria
1389 2027 1508 2060 quidem,
1527 2030 1554 2052 et
1568 2025 1744 2056 astronomia,
1757 2030 1785 2051 et
1799 2024 1844 2050 do-

1059 2074 1147 2100 ctrina
1170 2073 1231 2100 aliis
1248 2073 1411 2107 periculosa,
1431 2080 1502 2104 cum,
1531 2071 1660 2106 quidquid
1690 2070 1755 2096 utile
1772 2075 1842 2102 erat,

1059 2119 1223 2154 collegisset,
1259 2119 1310 2146 hoc
1331 2124 1383 2151 cst,
1410 2123 1439 2145 ιιι
1461 2126 1494 2144 ex
1521 2124 1664 2152 corporum
1691 2116 1842 2144 caelestium

1060 2170 1195 2192 concentu
1222 2169 1304 2198 atque
1331 2164 1426 2191 ordine
1457 2163 1613 2191 Creatorem
1649 2161 1841 2194 admiraretur,

1061 2211 1192 2245 quidquid
1207 2210 1318 2237 noxium
1334 2214 1361 2236 et
1381 2210 1525 2236 exitiosum
1541 2213 1610 2238 erat.
1628 2207 1718 2241 cﬂttgit
1730 2215 1737 2238 ;
1749 2213 1844 2240 nempe

1061 2265 1092 2285 ea
1107 2265 1166 2292 qua:
1179 2262 1252 2289 sunt,
1269 2264 1300 2283 ac
1318 2255 1396 2287 ﬁunt,
1407 2255 1438 2281 ad
1450 2254 1568 2281 siderum
1589 2258 1691 2279 tnotum
1704 2252 1845 2286 haudqua-

222 2309 338 2344 κίνησιν·
356 2309 480 2345 ἀριθμῶν
500 2308 528 2335 δὲ
541 2308 589 2334 καὶ
611 2306 759 2342 λογισμῶν,
776 2305 823 2332 καὶ
838 2304 887 2339 τῆς
901 2303 1007 2338 θαυμα-

1060 2311 1141 2338 quam
1167 2303 1298 2333 referens,
1326 2299 1551 2335 quemadmodum
1582 2299 1599 2325 ii
1619 2298 1663 2332 qui
1685 2303 1844 2324 conservam

223 2356 284 2387 σίας
297 2355 431 2391 ἰατρικῆς,
448 2355 497 2390 ὅση
512 2353 547 2381 τὰ
560 2353 623 2389 περ).
639 2353 744 2388 φύσεις,
759 2351 807 2378 καὶ
820 2350 941 2386 κράσεις,
962 2349 1010 2375 καὶ

221 2402 271 2434 τὰς
280 2403 366 2438 ἀρχὰς
378 2402 432 2428 τῶν
441 2402 600 2437 νοσημάτων
613 2400 761 2434 φιλοσοφεῖ,
770 2398 840 2425 ὥστε
848 2398 908 2428 ταῖς
923 2396 1010 2432 ῥίζαις

223 2448 433 2483 ἀναιρουμέναις
449 2447 641 2474 συνεκκόπτειν
657 2444 750 2472 καὶτὰ
763 2443 952 2479 βλαστήματα,
969 2444 1011 2473 τίς

223 2492 310 2525 οὕτως
332 2493 440 2528 ἀμαθὴς
459 2494 475 2528 ἢ
505 2493 665 2527 φιλόνεικος,
683 2490 721 2522 ὡς
738 2490 834 2524 ἐκείνῳ
859 2488 950 2515 δοῦναι
978 2486 1012 2513 τὰ

224 2539 349 2574 δεύτερα,
367 2539 414 2566 καὶ
431 2539 470 2575 μὴ
481 2538 602 2573 ἀγαπᾷν,
615 2537 640 2563 εἰ
660 2537 718 2573 μετ’
735 2536 837 2562 ἐκεῖνον
859 2533 940 2565 εὐθὺς
953 2533 1013 2568 ἀρι-

261 2650 318 2685 (75)
338 2649 392 2676 Kal
407 2648 627 2685 πριδευᾷέντες.
644 2648 724 2685 Deest
739 2647 765 2685 i_n
778 2647 844 2685 Reg.
859 2655 884 2685 a_.

261 2682 318 2721 (76)
344 2685 391 2711 Ἐν
408 2682 644 2721 οἵςγέκεῖνοςγ-Ιιιι
665 2683 792 2721 negabit,
808 2683 890 2710 Coisl.
910 2683 922 2709 Ι
942 2682 1009 2714 eti,

226 2716 273 2750 Or‘.
287 2716 315 2751 ίξ
325 2721 424 2753 aliique
438 2716 535 2753 plures.
550 2716 618 2746 ﬁdit.
634 2720 662 2745 ἐν
676 2716 718 2748 οἷς
736 2718 859 2749 ἐκείνοις.

262 2756 318 2816 (77ι)
340 2752 580 2788 Ἐγλιαταιιείνας.
596 2754 662 2781 Tres
679 2753 774 2788 llegg.,
785 2757 840 2780 tres
856 2752 943 2785 Colb.,
958 2756 1010 2779 etc.

262 2799 299 2816 ne
312 2798 371 2816 νας.

226 2792 371 2822 ιμμείνας.

243 2801 263 2827 μ.
287 2801 371 2822 εινας.

264 2801 320 2855 ί78)
343 2825 379 2852 Τι’
389 2825 432 2853 δέ.
445 2826 492 2853 0r.
510 2825 573 2855 Ι.τί
585 2824 638 2851 δαί.
654 2824 681 2850 ln
692 2823 756 2850 edit.
772 2824 846 2851 deest
857 2823 896 2849 δέ.

255 2857 321 2922 ἕξ)
341 2862 467 2889 Μᾶλλον
479 2860 622 2896 ἀπέφυγε.
649 2859 713 2894 Reg.
736 2859 791 2892 bm,
810 2858 865 2886 ἕως.
893 2857 1015 2893 ἀπέςξυγε

303 2904 342 2922 ον.

232 2904 342 2932 μαλλον.

1060 2354 1135 2373 suant
1162 2350 1316 2372 creaturam
1345 2345 1475 2370 adversus
1500 2341 1659 2368 Creatorem
1686 2339 1843 2372 concitant;

1061 2400 1165 2423 verum,
1187 2391 1285 2418 utalia
1310 2389 1411 2420 omnia.
1429 2389 1470 2416 sic
1493 2395 1587 2415 eorum
1610 2395 1717 2422 quoque
1732 2390 1846 2418 motum,

1063 2445 1093 2466 ut
1106 2446 1156 2474 par
1169 2442 1220 2469 est,
1238 2437 1336 2464 divina:
1357 2434 1532 2470 providentim
1560 2434 1723 2460 attribuens.
1748 2432 1776 2458 In
1802 2439 1848 2457 nn-

1063 2486 1146 2512 meris
1173 2489 1267 2511 autem
1283 2488 1312 2510 et
1339 2480 1585 2516 supputationibus,
1600 2485 1680 2513 atque
1692 2485 1724 2505 ea
1740 2477 1847 2503 eximia:

1065 2531 1133 2558 artis
1154 2530 1266 2558 medica:
1285 2533 1373 2564 parte,
1397 2534 1457 2562 qua:
1480 2526 1506 2552 in
1534 2525 1637 2551 naturis
1664 2531 1696 2550 ac
1716 2527 1848 2565 tempera-

1098 2642 1155 2677 (80)
1173 2641 1344 2676 Προσέθηκε
1355 2639 1470 2677 πλεξριήτ
1482 2637 1536 2665 Jcs.
1553 2636 1705 2673 προσέθηκε
1717 2635 1813 2677 [πλέον.

1099 2671 1156 2712 (81)
1175 2671 1276 2703 Kaitot
1287 2671 1331 2710 re,
1347 2681 1398 2701 etc.
1414 2675 1545 2712 Billiuspr
1563 2671 1686 2712 quanms
1700 2671 1798 2712 alioqui
1815 2671 1850 2711 ob

1065 2707 1153 2747 ipsius
1173 2707 1384 2746 magnitudinem
1399 2717 1493 2736 outnes
1505 2707 1612 2735 obscuri
1626 2712 1705 2741 atque
1722 2707 1849 2741 incogniti

1064 2753 1163 2776 13588111.
1184 2756 1193 2772 ›

1104 2782 1159 2817 (82)
1178 2781 1407 2817 Γνωριμότερος.
1420 2776 1742 2817 Οι..1,λγνωριμώτερος.

1104 2811 1159 2852 (85)
1179 2811 1260 2842 Κατᾶ
1272 2811 1392 2852 k492ny
1406 2813 1526 2852 (Eon-lycii
1544 2811 1618 2852 παρὰ
1636 2811 1742 2852 μικρόν.

1184 2843 1333 2884 Ἑαυτὶιῖςί
1352 2851 1396 2878 Sic
1416 2849 1497 2884 [ξομε.
1523 2857 1547 2880 a,
1570 2843 1729 2882 ὶιὶιι,Ὸι.’1,
1747 2852 1773 2874 et
1793 2843 1848 2873 les.

1069 2888 1150 2920 Editi,
1167 2886 1274 2922 ἑαυτῆς.
