2069 3131
233 196 285 225 7ϋῦ

234 254 344 288 mentis,
356 255 499 290 causisque
524 257 680 285 mai-borum
701 258 869 294 inquirendis
881 267 1014 294 versatur,

1077 264 1172 298 lpoito,
1200 265 1232 291 τὸ
1253 266 1396 302 πρεσϐεῖον
1411 269 1440 296 ὲν
1460 271 1515 302 τοῖς

235 306 264 327 ut
286 301 400 329 succisis
420 303 555 330 radicibus
572 304 639 330 rami
655 312 762 339 quoque
778 305 858 332 simul
882 314 1022 341 ampuzen-

833 202 863 230 ε.
883 200 1048 231 GREGORll
1071 204 1242 234 THEOLOGI

1804 219 1852 248 ’164

1531 271 1667 308 δευτέροις
1692 275 1839 311 φερόμενος

1071 309 1125 335 Καὶ
1141 310 1226 337 ταῦτα
1248 312 1277 338 οὐ
1293 312 1371 346 λόγος
1387 314 1461 341 ἐστὶν
1485 316 1653 352 ἀμάρτυρος,
1677 309 1734 346 ἀλλά
1749 309 1803 356 ἑῷα
1827 331 1852 349 τε

235 351 290 378 tur,
307 347 367 381 quis
382 348 417 374 ita
436 349 541 382 ineptus
553 355 580 377 et
597 351 724 385 pervicax
746 356 815 384 erat,
836 358 864 378 ιιι
889 355 1021 382 secundas

1077 355 1135 389 ἂμοῦ
1153 355 1228 391 λῆξις
1245 357 1299 392 (83)
1311 359 1358 384 καὶ
1366 359 1501 395 ἑσπέριος,
1518 362 1563 388 καὶ
1586 363 1651 398 ὅσην
1665 364 1767 397 ἐκεῖνος
1775 367 1844 402 ὲπῆλ

234 392 286 426 ipsi
305 393 393 425 daret,
409 401 441 421 ac
459 403 511 421 non
532 396 599 423 bene
614 404 704 423 secum
719 398 760 432 agi
787 398 907 430 duceret,
921 399 942 426 si
957 407 1018 433 pro-

1069 398 1114 425 θεν
1129 400 1251 436 ὕστερον,
1275 402 1405 438 ἐπίσημοι
1429 405 1524 440 στῆλαι
1552 407 1601 442 τῆς
1625 409 1729 436 ἐκείνου
1749 411 1843 437 παιδεύ

234 437 336 464 ximum
361 438 398 465 illi
424 447 565 467 numerum
596 441 743 474 obtineret,
765 451 796 470 ac
819 445 919 478 primas
949 445 1019 471 inter
1068 454 1146 478 σεως.

235 483 369 511 secundos
389 484 493 512 ferret?
514 486 606 521 Neque
628 496 691 515 vero
713 489 770 516 [nec
795 497 885 516 sermo
912 491 1019 524 quidam
1040 497 1113 525 sunt,
1136 493 1207 520 nullo
1241 496 1395 523 testimonio
1414 497 1546 531 sull‘ultus,
1565 507 1657 526 verum
1687 506 1714 527 et
1738 502 1854 528 orienta-

235 530 278 563 lis,
300 536 328 559 et
353 533 529 561 occidentalis
540 543 598 569 ora,
615 541 642 564 et
673 538 789 572 denique
832 546 928 566 omnes
954 548 992 567 ea:
1033 542 1167 576 regiones,
1190 551 1258 577 quas
1282 549 1374 578 postea
1400 545 1586 580 perlustravit,
1614 547 1734 581 insignes
1764 549 1854 582 'ipsius

235 579 366 606 doctrina:
379 580 512 608 columnae
528 589 603 610 sunt.

273 623 342 652 Vlll.
356 626 421 652 Cum
441 635 542 662 autem,
568 635 596 656 ut
620 632 709 659 omnis
724 635 832 668 geaeris
847 636 981 664 mercibus
994 636 1020 664 in

237 669 375 704 ingentem
388 674 476 700 navim
494 676 657 708 onerariam,
672 678 713 705 sic
740 679 800 714 ipse
820 682 893 708 omni
915 682 1021 710 virtutis

238 723 270 741 ac
287 716 437 752 disciplinae
452 727 550 753 genere
572 722 598 748 in
625 723 742 750 animam
758 733 833 752 suam
853 727 978 760 collecto,
995 728 1020 754 in

237 763 374 795 propriam
393 765 485 792 urbem
508 767 660 802 navigaret,
685 774 715 796 ut
741 771 868 805 pulchras
892 774 1021 801 doctrinae

239 815 293 834 sine
308 816 412 837 merces
438 811 500 838 aliis
513 813 594 839 etiam
612 814 774 849 impertiret,
793 818 836 845 hic
850 826 958 853 quoque
973 819 1023 846 ad-

239 854 371 882 mirabilis
400 857 522 890 quacdam
555 866 599 886 res
628 860 736 894 accidit,
764 870 855 896 quam,
873 865 935 898 quia
964 865 1024 900 ejus

239 899 394 927 recordatio
416 909 457 928 me
472 903 591 931 omnium
607 906 724 934 maxime
745 907 873 941 delectat,
891 909 1022 944 vobisque

236 943 321 971 etiam
342 945 506 981 voluptatem
527 948 623 977 afferre
640 956 732 986 queat,
754 961 807 981 non
828 954 945 982 alienum
967 943 1023 983 fue-

238 988 274 1015 rit
292 991 386 1023 paucis
407 1000 554 1027 exponere.
575 994 661 1022 Mater
684 1002 786 1031 nostra,
806 1004 929 1027 materno
953 1009 1022 1036 quo-

242 1033 304 1060 dam
320 1040 394 1069 voto,
407 1041 488 1071 atque
511 1040 611 1067 atuoris
629 1047 692 1076 erga
710 1041 779 1070 ﬁlios
801 1043 891 1078 pleno,
909 1033 1022 1080 hoc'op-

239 1078 326 1112 tabat,
338 1084 565 1116 quemadmodum
582 1088 676 1114 ambos
698 1089 792 1116 eodem
812 1096 931 1126 tempore
947 1093 1015 1119 emi-

240 1123 327 1159 serat,
345 1127 383 1154 sic
398 1129 493 1158 ambos
513 1139 619 1167 quoque
642 1133 722 1161 simul
744 1136 888 1164 redeuntes
912 1138 1023 1166 videret.

241 1171 357 1201 Eramus
379 1174 463 1208 enim,
485 1177 507 1204 si
530 1186 582 1205 non
604 1179 673 1213 aliis,
697 1182 777 1208 tnatri
803 1182 911 1216 quidem
939 1189 1024 1216 certe,

242 1226 304 1246 cum
320 1220 399 1247 simul
416 1223 647 1257 conspiceremur,
659 1233 708 1260 par
719 1227 855 1261 quoddam
873 1229 944 1256 votis
976 1237 1024 1257 ex-

245 1265 405 1299 optandum,
428 1271 509 1301 atque
531 1269 682 1303 visendum,
696 1271 760 1298 licet
780 1281 853 1300 nunc
873 1273 907 1300 ab
927 1274 1027 1302 invidia

245 1310 315 1337 male
337 1312 504 1340 dissolutum.
525 1314 556 1341 Et
572 1323 636 1342 ecce
652 1316 707 1350 ,Dei
733 1317 860 1353 itnpulsu,
877 1320 923 1353 qui
936 1320 1027 1354 justas

247 1363 341 1390 preces
355 1359 441 1390 audit,
456 1365 484 1387 et
504 1366 645 1396 parentum
664 1371 727 1398 erga
748 1365 848 1399 probos
869 1366 939 1393 ﬁlios
955 1374 1026 1394 amo-

244 1408 300 1428 rem
326 1403 352 1430 in
374 1405 461 1437 pretio
486 1406 578 1438 habet,
596 1415 646 1435 nec
666 1416 698 1435 ex
714 1411 829 1437 causilio
844 1411 909 1443 ullo,
925 1420 973 1439 nec
993 1420 1026 1439 ex

242 1454 394 1483 compacto,
414 1451 459 1478 ille
483 1452 658 1488 Alexandria,
676 1463 728 1490 ego
749 1464 784 1483 ex
804 1456 919 1491 Grtccia,
932 1459 1027 1486 altera

241 1497 325 1526 terra,
340 1495 408 1522 alter
428 1497 507 1530 mari,
522 1499 615 1526 eodetn
639 1505 759 1536 tempore
779 1502 805 1530 in
824 1505 945 1531 eamdem
962 1505 1028 1532 civi-

243 1544 325 1566 tatem
341 1542 503 1576 appulitnus.
521 1544 583 1572 Haec
598 1550 689 1573 autem
703 1553 762 1575 erat
776 1547 947 1584 Byzantium,
963 1551 1028 1578 urbs

242 1586 327 1613 totius
347 1586 460 1622 Europa:
479 1589 661 1624 principatum
682 1600 754 1619 ttunc
780 1598 876 1621 tenens

232 1626 348 1659 Tantam
366 1632 439 1660 brevi
458 1634 571 1669 gloriam
584 1635 717 1664 Cmsarius
742 1638 853 1672 adeptus
865 1645 917 1671 est,
936 1645 964 1667 ut
980 1626 1029 1675 pu—

245 1678 307 1705 blici
323 1678 452 1712 honores,
470 1681 613 1716 nobileque
633 1684 849 1717 matrimonium,
864 1693 897 1713 ac
918 1691 1027 1713 senato-

247 1725 288 1751 ria
305 1725 421 1760 dignitas
438 1727 462 1754 ei
475 1728 569 1755 oblata
582 1728 673 1762 fuerit,
685 1732 878 1766 communique
889 1732 998 1759 decreto
1013 1740 1027 1759 a

245 1778 343 1805 magno
365 1771 529 1806 imperatore
549 1782 598 1807 per
619 1774 721 1809 legatos
744 1776 824 1811 203
841 1778 954 1811 petitunt
980 1779 1027 1810 sit,

242 1822 274 1843 ut
302 1817 450 1852 principem
498 1819 591 1846 urbem
627 1821 686 1848 viro
716 1822 883 1850 eruditorum
909 1823 1030 1858 principe

246 1863 340 1890 ornari
380 1869 462 1899 atque
501 1865 638 1893 honestari
681 1867 761 1894 vellet
796 1868 949 1903 (siquidem
981 1870 1031 1896 hoc

243 1908 295 1943 ipsi
318 1916 390 1936 curae
426 1915 521 1943 esset,
551 1916 580 1938 ut
611 1919 674 1939 vere
701 1913 840 1946 primaria,
869 1914 1030 1949 nomineque

245 1962 295 1982 suo
310 1955 390 1990 digna
406 1956 570 1991 exsisteret),
583 1962 664 1991 atque
687 1959 719 1985 ad
743 1963 856 1986 caeteras
870 1959 954 1994 ipsius
971 1960 1029 1986 lau-

244 2001 292 2027 des
311 2001 382 2028 hanc
406 2001 548 2034 accedere,
565 2007 594 2028 ut
612 2003 739 2034 Caesario,
756 2008 783 2031 et
804 2005 919 2036 medico,
935 2009 962 2032 ct
974 2005 1030 2033 cive

242 2051 390 2073 ornaretur
405 2054 412 2072 :
429 2048 553 2081 quamvis
569 2048 670 2082 alioqui
689 2055 786 2083 praeter
797 2055 924 2077 caeterum
941 2051 1028 2085 splen-

245 2092 350 2124 dorem,
365 2092 441 2124 viris,
458 2097 511 2119 tant
534 2093 559 2120 in
579 2093 747 2128 philosophia
769 2103 851 2130 quam
871 2097 896 2123 in
912 2096 972 2124 aliis
985 2105 1030 2123 ar-

243 2137 315 2164 tium
342 2138 496 2172 generibtts,
511 2139 619 2166 eximiis
641 2139 768 2177 abundet.
795 2140 848 2167 Sed
875 2141 907 2168 de
934 2141 985 2168 hac
1001 2149 1030 2167 re

243 2184 324 2211 satis.
352 2184 418 2210 lllud
443 2189 543 2217 autem.
560 2185 630 2218 quod
649 2189 705 2211 tum
729 2185 855 2220 contigit,
883 2185 945 2213 licet
971 2185 1030 2212 aliis

243 2234 347 2257 temere
367 2237 399 2256 ac
419 2230 531 2257 fortuito
546 2230 693 2265 contigisse
716 2231 863 2263 videretur,
877 2231 1028 2265 cujusmodi

245 2276 330 2303 multa
354 2276 406 2303 fert
426 2285 506 2304 casus
529 2277 556 2303 in
576 2277 656 2304 rebus
680 2277 817 2309 humanis,
831 2277 900 2311 apud
914 2278 975 2311 pios
989 2282 1029 2303 ta-

244 2330 307 2350 men
324 2330 453 2357 perquam
475 2322 650 2350 ntanilestum
676 2327 745 2356 erat,
759 2331 812 2349 non
837 2323 889 2349 alia
899 2323 932 2350 de
948 2331 1028 2350 causa

246 2376 304 2396 rem
330 2369 463 2402 evenisse,
491 2376 569 2403 quam
593 2369 698 2403 piorutn
721 2373 874 2403 parentum,
893 2370 926 2396 ad
947 2369 1028 2396 unius

246 2415 302 2442 voti
324 2422 456 2442 summam
484 2415 654 2449 explendam,
681 2415 760 2448 lilios,
780 2419 834 2442 tum
863 2419 945 2447 terra,
970 2419 1026 2442 tum

246 2460 316 2488 mari
331 2461 358 2488 in
376 2468 457 2487 unum
473 2460 670 2495 colligentium.

281 2507 337 2542 (85)
352 2507 436 2541 Ὁμοῦ
451 2505 550 2539 λῆξις.
562 2507 628 2540 Reg.
643 2505 754 2542 hm,0r.
764 2504 850 2542 lges.
865 2505 940 2540 λῆξις
949 2505 1026 2541 ὁμοῦ.

282 2540 337 2577 (86)
357 2540 459 2569 Πόλιν.
482 2542 547 2576 Ιίὶεε.
567 2542 622 2572 bm,
643 2547 671 2568 et
686 2540 740 2568 Jes.
754 2540 845 2573 πάλιν,
870 2550 879 2566 ι
896 2549 998 2568 rursus.
1016 2551 1025 2567 ι

247 2579 291 2607 Sic
303 2579 382 2605 etiam
400 2577 491 2603 Billius
503 2578 614 2610 legerat.

1108 638 1148 665 H'.
1168 627 1244 665 Ἒπει
1256 639 1389 672 Sentio“
1407 641 1508 676 ἀρετήν
1519 650 1548 668 τε
1564 641 1610 668 καὶ
1627 642 1754 678 μάθησιν,
1763 643 1854 678 ὥσπερ

1075 683 1180 718 μεγάλη
1199 684 1294 719 φορτὶς
1315 685 1488 720 παντοδαπὴν
1506 687 1650 722 ἐμπορίαν,
1669 689 1708 717 είς
1729 688 1792 722 μίαν
1806 689 1855 723 τὴν

1076 728 1171 754 ἑαυτοῦ
1185 728 1273 764 ψυχὴν
1285 729 1489 764 συλλεξάμενος,
1503 731 1549 757 ἐπὶ
1556 732 1604 767 τὴν
1612 733 1708 759 ἑαυτοῦ
1716 733 1792 760 πόλιν
1801 734 1855 769 (86)

1075 774 1224 806 ἐστέλλετο,
1236 775 1273 807 ὡς
1287 775 1320 802 ἂν
1335 776 1381 802 καὶ
1397 778 1452 808 τοῖς
1461 776 1549 809 ἄλλοις
1561 778 1686 814 μεταδοίη
1702 779 1755 805 τῶν
1767 779 1857 807 καλῶν

1075 820 1224 855 ἀγωγίμων
1240 821 1289 856 τῆς
1307 822 1404 849 ἑαυτοῦ
1418 823 1594 856 παιδεύσεως,
1616 824 1732 851 ἐνταῦθα
1757 834 1782 852 τι
1812 826 1856 852 καὶ

1077 865 1225 901 συνηνέχθη
1241 867 1355 902 πρᾶγμα
1371 867 1614 903 θαυμάσιον,οὐδὲν
1625 869 1653 896 δὲ
1667 868 1732 902 οἷον,
1748 870 1858 906 καὶγὰρ

1074 911 1123 946 ὲμέ
1141 920 1172 945 γε
1185 911 1240 947 (87)
1255 911 1370 947 μάλιστα
1385 913 1491 940 πάντων
1500 915 1639 949 εὐφραίνει
1656 915 1735 941 τοῦτο
1756 925 1856 951 μνημο-

1074 957 1178 989 νευθὲν,
1204 958 1251 984 καὶ
1274 959 1346 994 ὑμᾶς
1379 959 1411 986 ἂν
1433 960 1524 995 ἡδίους
1544 961 1691 996 ποιήσειεν,
1708 962 1737 988 ἐν
1765 962 1857 997 βραχεῖ

1074 1003 1265 1039 διηγήσασθαι.
1298 1004 1401 1040 Ηύχετο
1422 1006 1501 1041 μὲνὴ
1520 1007 1612 1042 μήτηρ
1623 1007 1704 1043 εὐχὴν
1724 1008 1858 1043 μητρικήν

1074 1059 1134 1077 τινα
1151 1051 1198 1077 καὶ
1214 1051 1369 1086 φιλόπαιδα,
1391 1051 1484 1088 ὥσπερ
1508 1053 1661 1088 ἐξέπεμψεν
1678 1054 1858 1089 ἀμφοτέρους,

1073 1096 1145 1123 οὕτω
1169 1098 1214 1124 καὶ
1229 1098 1276 1124 σὺν
1292 1098 1415 1134 ἀλλήλοις
1431 1099 1624 1132 ἐπανελθόντας
1649 1101 1721 1127 ἰδεῖν.
1740 1101 1859 1136 Ξυνωρὶς

1075 1142 1129 1177 γὰρ
1146 1143 1292 1178 ἐδοκοῦμεν
1307 1143 1362 1179 (88)
1375 1153 1425 1176 τις,
1442 1145 1488 1171 καὶ
1503 1145 1572 1181 εἰμὴ
1590 1146 1645 1177 τοῖς
1661 1145 1758 1177 ἄλλοις,
1778 1145 1860 1180 μητρί

1075 1186 1166 1222 γὀὗν,
1185 1188 1267 1224 εὐχῆς
1283 1189 1330 1216 καὶ
1342 1189 1406 1221 θέας
1419 1190 1496 1222 ἀξία,
1513 1191 1560 1217 σὺν
1579 1191 1702 1226 ἀλλήλοις
1717 1191 1859 1226 ὁρώμενοι,

1076 1236 1092 1270 ἡ
1103 1234 1149 1261 νῦν
1167 1235 1259 1266 κακῶς
1267 1235 1319 1262 ὑπὸ
1329 1235 1375 1262 τοῦ
1392 1236 1488 1270 φθόνου
1501 1236 1663 1263 διαλυθεῖσαο
1676 1237 1742 1264 Θεοῦ
1753 1237 1779 1263 δὲ
1790 1237 1861 1263 οὕτω

1077 1282 1249 1316 κινήσαντος,
1274 1282 1304 1313 ὃς
1322 1282 1416 1309 ἀκούει
1442 1282 1550 1314 δικαίας
1564 1283 1656 1318 εὐχῆς,
1678 1283 1724 1309 καὶ
1752 1283 1861 1318 φίλτρον

1076 1329 1143 1363 τιμᾷ
1165 1328 1266 1362 γονέων
1287 1329 1327 1360 εἰς
1351 1329 1447 1360 παῖδας
1466 1329 1653 1364 εὐγνώμονας,
1681 1330 1710 1363 ἐξ
1735 1329 1862 1364 οὐδεμιᾶς

1077 1373 1206 1405 ἐπινοίας,
1225 1374 1284 1400 οὐδὲ
1307 1375 1487 1410 συνθήματος,
1503 1377 1517 1401 ὁ
1538 1376 1586 1410 μὲν
1599 1375 1652 1402 ἀπὸ
1666 1375 1716 1410 τῆς
1735 1375 1861 1407 Ἀλεξαν-

1077 1418 1176 1454 δρείας,
1193 1420 1207 1445 ὁ
1216 1419 1243 1445 δὲ
1262 1419 1316 1446 ἀπὸ
1326 1420 1376 1455 τῆς
1403 1420 1524 1452 Ἑλλάδος
1538 1420 1609 1447 κατὰ
1622 1421 1667 1447 τὸν
1678 1421 1758 1447 αὐτὸν
1767 1421 1862 1456 χρόνον

1077 1465 1117 1496 εἰς
1131 1465 1180 1500 τὴν
1189 1465 1272 1501 αὐτὴν
1286 1466 1362 1492 πόλιν
1371 1467 1384 1493 ὁ
1400 1467 1449 1502 μὲν
1463 1466 1516 1493 ἀπὸ
1527 1467 1587 1501 γῆς,
1604 1469 1617 1494 ὁ
1627 1467 1655 1493 δὲ
1664 1467 1717 1494 ὰπὸ
1725 1467 1861 1502 θαλάσσης

1079 1513 1246 1547 κατήραμεν.
1270 1512 1301 1538 Ἡ
1315 1513 1390 1545 πόλις
1406 1513 1434 1540 δὲ
1450 1511 1482 1548 ἦν
1498 1513 1553 1548 (89)
1569 1514 1599 1540 τὺ
1613 1514 1769 1547 Βυζάντιον,
1785 1516 1800 1549 ἡ
1814 1514 1861 1540 νῦν

1079 1556 1302 1593 προκαθεζομένη
1322 1558 1371 1593 τῆς
1392 1559 1527 1594 Εὐρώπης
1548 1559 1635 1591 πόλις,
1653 1557 1713 1595 ὲνῇ
1737 1560 1862 1586 τοσοῦτον

885 1604 892 1626 ζ
919 1595 945 1621 Ῐη
975 1604 1028 1630 qua
1042 1597 1063 1625 ο
1080 1603 1229 1638 Καισάριος
1239 1603 1315 1636 κλέος
1329 1605 1359 1630 οὐ
1373 1604 1470 1631 πολλοῦ
1484 1605 1577 1640 χρόνου
1592 1605 1738 1637 διελθόντος
1751 1605 1863 1641 ἠνέγκα-

1080 1657 1119 1680 το,
1134 1648 1203 1675 ὥστε
1218 1649 1349 1685 δημοσίας
1364 1650 1445 1685 τιμὰς
1463 1651 1546 1686 αὐτῷ,
1564 1651 1611 1678 καὶ
1626 1651 1713 1687 γάμον
1727 1652 1780 1678 τῶν
1793 1651 1863 1678 εὐδο-

1081 1694 1180 1729 κίμων,
1197 1696 1243 1721 καὶ
1260 1696 1310 1730 τῆς
1324 1696 1474 1732 συγκλήτου
1494 1697 1591 1733 βουλῆς
1608 1698 1751 1733 μετουσίαν
1765 1707 1861 1733 προτε-

1081 1740 1170 1775 θῆναι,
1197 1741 1244 1767 καὶ
1268 1741 1336 1776 πρὸς
1353 1742 1464 1777 βασιλέα
1484 1743 1631 1778 πρεσϐείαν
1646 1744 1774 1778 σταλῆναι
1796 1744 1861 1777 (90),

1080 1786 1124 1813 τὸν
1151 1787 1237 1822 μέγαν
1255 1788 1308 1815 ἀπὸ
1329 1788 1418 1814 κοινοῦ
1432 1789 1575 1824 δόγματος,
1590 1789 1638 1825 τὴν
1660 1790 1771 1825 πρώτην
1787 1789 1863 1816 πόλιν

1080 1832 1118 1868 τῷ
1135 1833 1232 1868 πρώτῳ
1253 1833 1335 1868 λογίῳ
1351 1836 1519 1871 κοσμηθῆναι
1541 1845 1570 1862 τε
1598 1837 1644 1863 καὶ
1661 1836 1807 1872 τιμηθῆναι
1829 1836 1864 1872 (εἰ

1080 1886 1106 1903 τι
1128 1877 1218 1912 μέλειν
1233 1877 1288 1913 (91)
1307 1879 1380 1914 αὐτῷ
1395 1879 1441 1906 τοῦ
1460 1880 1571 1916 πρώτην
1588 1881 1695 1915 ἀληθῶς
1714 1879 1792 1913 εἶναι,
1816 1881 1861 1908 κα)

1079 1922 1128 1958 τῆς
1143 1923 1299 1958 ἐπωνυμίας
1315 1923 1415 1959 ἀξίαν),
1437 1925 1483 1951 καὶ
1502 1925 1580 1951 τοῦτο
1600 1925 1778 1960 προστεθῆναι
1797 1926 1863 1952 πᾶσι

1080 1968 1135 1998 τοῖς
1151 1968 1221 2003 ὑπὲρ
1233 1969 1318 2003 αὐτῆς
1330 1969 1490 2005 διηγήμασι,
1505 1970 1544 2004 τῷ
1567 1969 1622 2004 (92)
1644 1971 1784 2006 Καισαρίῳ
1799 1970 1864 1997 καλ-

1080 2013 1254 2047 λωπίζεσθαι,
1271 2015 1318 2041 καὶ
1336 2015 1429 2050 ἰατρῷ,
1443 2015 1490 2042 καὶ
1504 2016 1640 2051 οίκήτορι·
1664 2016 1750 2043 καίτοι
1768 2025 1799 2050 γε
1814 2025 1862 2051 με-

1080 2059 1114 2085 τὰ
1131 2059 1179 2094 τῆς
1190 2059 1271 2094 ἄλλης
1282 2060 1473 2096 λαμπρότητος
1489 2061 1594 2094 πολλοῖς
1609 2061 1656 2088 καὶ
1673 2062 1799 2096 μεγάλοις
1817 2062 1864 2088 εὐ-

1081 2105 1245 2142 θυνουμένην
1259 2107 1313 2142 (95)
1330 2107 1441 2143 ἀνδράσι
1455 2108 1526 2134 κατά
1538 2117 1567 2134 τε
1582 2108 1738 2143 φιλοσοφίαν
1752 2109 1822 2134 κατά
1833 2117 1863 2134 τε

1080 2151 1129 2186 τὴν
1143 2151 1224 2187 ἄλλην
1235 2153 1384 2180 παίδευσιν.
1403 2153 1481 2180 Ἀλλὰ
1492 2153 1571 2180 τοῦτο
1582 2154 1630 2188 μὲν
1641 2154 1749 2185 ἱκανῶς.
1763 2154 1828 2180 Τότε
1840 2154 1861 2179 δ’

1079 2195 1126 2223 οὖν
1141 2197 1170 2224 τὸ
1186 2199 1329 2234 γενόμενον
1344 2200 1399 2230 τοῖς
1420 2199 1468 2234 μὲν
1486 2199 1575 2230 ἄλλοις
1596 2200 1725 2234 συντυχία
1748 2208 1789 2231 τις
1809 2199 1863 2225 ἔδο-

1081 2241 1125 2275 ξεν
1139 2243 1233 2277 ἄλογος
1247 2245 1293 2271 καὶ
1306 2245 1436 2276 ἀναίτιος,
1451 2242 1493 2270 οἷα
1508 2245 1585 2278 φέρει
1602 2244 1686 2271 πολλὰ
1699 2244 1729 2270 τὸ
1742 2244 1862 2279 αὐτόμα-

1083 2297 1127 2315 τον
1142 2289 1196 2325 (94)
1211 2289 1239 2316 ἐν
1252 2291 1308 2321 τοῖς
1321 2290 1474 2326 ἡμετέροις,
1490 2292 1545 2321 τοῖς
1561 2290 1589 2316 δὲ
1602 2290 1734 2325 φιλοθέοις
1748 2291 1793 2317 καὶ
1803 2290 1862 2316 λίαν

1082 2333 1191 2370 εὔδηλον
1209 2333 1242 2370 ἦν
1256 2336 1291 2370 μὴ
1303 2335 1364 2362 ἄλλο
1380 2345 1405 2362 τι
1425 2336 1530 2371 συμϐὰν
1547 2335 1642 2371 εἶναιῆ
1660 2336 1759 2370 γονέων
1775 2337 1863 2370 θεοφι-

1082 2380 1135 2407 λῶν
1152 2380 1229 2416 ἔργον
1242 2383 1274 2408 ὲκ
1286 2382 1337 2416 γῆς
1353 2382 1398 2408 καὶ
1408 2381 1540 2417 θαλάττης
1553 2383 1614 2413 τοὺς
1627 2382 1723 2413 παῖδας
1740 2382 1864 2416 συναγόν-

1081 2434 1135 2452 των
1151 2427 1206 2462 (95)
1223 2428 1262 2459 εἰς
1281 2428 1343 2463 μίαν
1355 2428 1437 2462 εὐχῆς
1453 2427 1634 2462 ἐκπλήρωσιν.

1113 2501 1168 2537 (95)
1188 2503 1430 2538 Εὐθυνουμένην.
1452 2503 1518 2538 Reg.
1542 2505 1588 2537 hu,
1610 2503 1656 2531 0r.
1671 2504 1696 2537 l,
1712 2509 1738 2530 et
1754 2503 1810 2530 Jes.
1823 2504 1864 2529 εὐ-

1077 2536 1158 2573 θηνου
1164 2538 1257 2573 μένην.

1113 2573 1167 2608 (94)
1187 2573 1222 2599 Τὸ
1250 2573 1426 2608 αὐτόματον.
1450 2573 1540 2600 Schol.
1565 2574 1602 2599 Τδ
1624 2573 1776 2608 αὐτόματον
1799 2574 1863 2599 ὲκὰ-

281 2613 336 2652 (87)
350 2613 411 2652 [ἰαὶ
433 2612 488 2652 γὰρ
576 2619 625 2652 Ιτε.
640 2610 685 2637 Sic
698 2609 764 2645 Reg.
781 2610 827 2642 hu,
848 2610 899 2637 duo
914 2609 989 2638 Colb.
1002 2615 1025 2637 et

1077 2607 1152 2634 λεσεν
1162 2609 1187 2648 ηδ
1206 2608 1347 2652 ξατῂρῄ,
1363 2608 1565 2650 συγχωροιίντος
1581 2608 1658 2652 (εξεοῐξ,
1673 2608 1702 2652 ἐξ
1716 2608 1800 2652 αὐτῆς
1813 2609 1862 2652 τῆς

245 2647 291 2678 υτζ
306 2649 331 2674 l.
349 2648 427 2674 Deest
441 2649 494 2682 γάρ
512 2647 537 2672 in
550 2647 615 2682 ειιὶιιἶ

292 2684 337 2716 88)
360 2680 545 2716 Ἐδοθιοῦξμεν.
568 2691 577 2706 (
596 2680 768 2716 νίιιθξκιηῃιιι.
789 2689 797 2705 ι

292 2684 337 2716 88)
360 2684 545 2716 Ὲδωιοῦμεν.
568 2691 577 2706 (
596 2684 768 2708 Videbamnr.
789 2689 797 2705 ι

245 2684 393 2782 eligi?!“
406 2715 454 2752 ἦν.
473 2717 538 2751 lteg.
558 2716 613 2749 but,
625 2715 647 2742 δ’
660 2713 705 2751 ἦν.
718 2714 798 2742 Deest
807 2713 840 2749 ἦν
850 2717 877 2742 in
894 2715 958 2750 Reg.
979 2715 1025 2746 hu,

1077 2643 1193 2678 φυσικῆς
1209 2643 1367 2674 ἀκολουθίας
1385 2644 1566 2678 πραγμάτων,
1578 2644 1628 2669 οὐκ
1640 2644 1671 2669 ἐκ
1685 2651 1759 2675 τινος
1769 2644 1863 2678 ἐπιτη-

1076 2678 1192 2709 δεύσεως
1209 2678 1368 2714 συμϐαίνειν
1383 2678 1477 2704 εἴωθεν
1490 2687 1495 2693 ·
1510 2679 1539 2704 οὐ
1556 2678 1610 2713 γὰρ
1627 2679 1664 2710 ὡς
1678 2678 1760 2714 τινῶν
1774 2680 1861 2714 ἀπρο-

1078 2713 1181 2748 νοήτως
1193 2713 1351 2756 γινομένων,
1365 2714 1404 2756 μὴ
1418 2713 1535 2756 γένοιτο·
1552 2714 1609 2745 πῶς
1627 2713 1710 2756 γὰριό
1727 2713 1797 2756 οὕτω
1811 2722 1862 2756 ¹φι-

1078 2748 1168 2779 λόθεος
1195 2747 1273 2773 τοῦτο
1294 2748 1327 2774 ἂν
1351 2747 1444 2780 eiu-rev;
1466 2758 1475 2774 ι
1497 2749 1594 2776 Casum
1616 2747 1758 2782 appellavit
1771 2748 1860 2780 Pater,

283 2789 338 2823 (9U)
359 2787 518 2823 Σταλῆνᾳι,
535 2786 613 2813 Deest
640 2794 665 2813 in
688 2785 771 2820 Regg.
795 2786 850 2817 ιλιι,
874 2786 920 2819 hu,
943 2787 1029 2814 tribus
1078 2783 1147 2817 quod
1174 2790 1207 2809 ex
1230 2783 1343 2822 naturali
1368 2792 1457 2823 rerum
1481 2784 1585 2823 ordine,
1601 2783 1861 2823 Daonpermittente,

247 2821 334 2854 Colb.,
351 2822 398 2849 Or.
413 2823 437 2852 l,
449 2821 533 2849 etJes.

283 2859 339 2892 (9t)
358 2857 477 2892 Μέλειν.
496 2858 559 2891 lleg.
579 2857 625 2888 hu,
646 2856 735 2892 μέλον.
759 2856 826 2883 Tres
845 2857 919 2884 Colb.
936 2861 961 2884 ct
973 2855 1026 2884 Jcs.

246 2891 513 2932 pélkﬁt‘tljei'nsius,
532 2901 541 2916 ι
561 2891 713 2932 [οι-ιεεἿιηεῖ
728 2901 754 2919 τι
766 2892 859 2932 ἠμέλει.

282 2927 340 2965 (92)
357 2926 408 2960 Τῷ.
424 2926 488 2962 Reg.
504 2927 550 2960 hu,
567 2931 621 2955 tres
633 2926 708 2954 Colb.
726 2933 752 2955 ct
763 2927 808 2956 Or.
827 2927 851 2959 l,
866 2926 904 2953 τό.

1079 2825 1131 2845 non
1146 2825 1210 2845 vero
1223 2817 1378 2852 cujusquam
1392 2818 1522 2845 industria
1538 2824 1564 2845 et
1577 2818 1690 2845 consilio
1704 2817 1861 2852 contingere

1077 2853 1164 2884 solet;
1184 2860 1236 2879 non
1256 2853 1328 2879 enitn
1347 2855 1418 2886 quod
1436 2859 1539 2880 temere
1549 2854 1686 2888 contingat
1702 2852 1858 2888 quidquam,

1078 2887 1158 2914 absit.
1173 2888 1223 2914 Oui
1238 2887 1280 2913 vir
1293 2887 1377 2914 bonus
1396 2888 1447 2914 hoc
1460 2889 1590 2914 dixisset?
1604 2898 1613 2914 ι

1078 2893 1158 2914 ausu.

1173 2888 1223 2920 Qui
1238 2887 1280 2913 vir
1293 2887 1377 2915 bonus
1396 2888 1447 2916 hoc
1460 2889 1590 2916 dixisset?
1604 2898 1613 2914 ι

1112 2923 1169 2959 (95)
1187 2923 1389 2958 Συναῃόντων.
1407 2923 1473 2958 lleg.
1490 2924 1535 2956 htt,
1551 2923 1764 2960 συναγαγόντων.
