2069 3131
209 181 263 210 767

815 183 845 210 5.
865 183 1033 211 GllEGORli
1053 182 1226 210 TIIEOLOGI

1792 178 1844 207 ’108

211 247 276 272 dum
304 243 434 276 obtinuit,
458 248 540 278 atque
559 242 586 270 in
615 243 765 270 amicorttm
788 251 902 271 ttumero
928 244 999 278 apud

1062 244 1119 274 ,έως
1140 243 1222 274 εὐθὺς
1242 241 1455 278 ἀριθμούμενος,
1471 239 1521 272 τὰς
1538 241 1671 276 μεγίστας
1692 239 1844 275 καρποῦται

212 291 404 325 imperatorem
429 289 550 320 habitus,
577 289 752 324 amplissimis
769 289 917 316 honoribus
935 289 1001 316 alre-

211 341 273 363 ctus
288 341 340 362 est.
358 334 512 362 Gratuitam
537 341 620 368 porro
641 335 711 362 artis
727 335 924 362 humanitatem
940 343 999 369 pro-

212 382 321 408 ceribus
344 381 502 415 proposuit,
530 381 595 407 illud
619 381 747 407 nimirum
768 381 937 415 exploratum
955 381 1001 407 Ita-

213 427 291 457 beus,
312 426 378 453 nihil
397 434 468 458 esse,
485 428 556 460 quod
580 426 716 453 hominem
737 426 770 453 ad
788 426 883 453 altiora
905 434 1001 461 prove-

213 472 300 504 heret,
316 479 396 504 quam
415 472 552 503 virtutem,
572 478 600 498 et
625 471 724 498 famam
748 472 871 500 honestis
894 472 1004 500 ratiuni-

212 517 264 545 bus
279 517 432 545 collectam.
449 518 480 544 Et
497 518 596 552 quibus
617 518 701 552 gradu
730 517 845 545 inferior
858 523 929 550 erat,
943 526 1004 546 eos-

213 563 273 590 detn
291 563 377 598 gloria
401 563 481 596 longe
503 563 662 597 superabat.
685 562 815 595 Quicum
843 563 877 591 ob
900 564 1005 598 pudici-

213 607 279 634 tiam
293 612 320 634 et
335 607 543 641 temperantiam
556 608 682 634 omnibus
698 609 799 634 charus
821 613 904 639 esset.
918 616 1005 643 eaque

213 654 247 680 de
269 661 350 680 causa
379 654 560 688 pretiosaruttt
590 661 681 680 rerum
719 661 813 680 curatn
842 655 1004 688 susciperet,

213 706 264 726 nec
279 699 435 734 adjuratore
450 699 613 734 Hippocrate
631 699 685 726 ullo
697 699 778 727 modo
798 707 865 734 opus
882 700 1004 733 haberet,

213 745 282 771 adeo
298 750 327 771 ut
349 744 415 772 nihil
442 752 555 779 prorsus
569 750 640 772 esset
653 744 770 772 Cratetis
789 745 959 780 simplicitas,
978 747 1000 773 si

219 797 280 817 cum
299 789 372 816 illius
391 790 567 824 simplicitate
588 789 760 816 conferretur
778 798 785 816 ι
801 790 930 817 omnibus
945 798 1006 817 rur-

215 842 275 862 sum
297 835 383 869 magis
402 843 482 870 quatit
510 843 559 869 pro
580 834 720 870 dignitatis
742 835 826 870 ipsius
852 836 935 871 gradu
960 844 1006 863 ve-

215 881 345 908 nerabilis
364 885 433 908 erat.
461 880 584 915 Cumque
608 883 713 914 magnis
743 882 863 915 quotidie
890 882 1006 915 dignita-

1051 290 1135 326 τιμάς
1145 297 1151 303 ’
1167 288 1282 324 ἄμισθον
1300 288 1389 323 δὲτὴν
1399 289 1449 323 τῆς
1464 287 1564 323 τέχνης
1574 285 1778 322 φιλανθρωπίαν
1790 288 1845 318 τοῖς

1051 338 1081 364 ὲν
1105 336 1175 363 τέλει
1199 334 1358 372 προτίθησιν
1373 333 1422 370 (7),
1444 333 1523 365 εἰδὼς
1542 333 1619 360 οὐδὲν
1647 332 1734 364 οὕτως
1751 332 1789 367 (8)
1809 332 1847 363 ὡς

1053 383 1154 418 ἀρετὴν
1178 382 1226 408 καὶ
1248 381 1280 407 τὸ
1306 381 1353 407 ἐπὶ
1369 381 1426 412 τοῖς
1446 379 1600 411 καλλίστοις
1612 379 1650 412 (9)
1664 377 1846 413 γινώσκεσθαι

1054 428 1184 464 προάγειν
1195 429 1235 459 εἰς
1250 427 1280 453 τὸ
1292 425 1457 462 ἔμπροσθεν.
1472 425 1528 452 Καὶ
1541 422 1578 451 ὧν
1590 426 1624 460 τῇ
1637 423 1711 456 τάξει
1722 423 1847 459 δεύτερος

1053 473 1098 511 ἦν,
1115 475 1217 500 τούτων
1232 473 1302 500 κατὰ
1318 473 1385 499 πολῦ
1403 472 1502 508 περιῆν
1514 473 1547 507 τῇ
1564 471 1643 507 δόξῃ·
1658 471 1725 497 πᾶσι
1741 469 1790 505 μὲν
1809 469 1848 496 ὢν

1054 520 1099 547 διὰ
1121 519 1299 555 σωφροσύνην
1319 519 1480 554 ἐπέραστος,
1499 518 1546 545 καὶ
1559 517 1604 544 διὰ
1621 516 1703 543 τοῦτο
1720 516 1755 543 τὰ
1770 516 1848 551 τίμια

1055 565 1250 600 πιστευόμενος
1275 564 1341 599 (10),
1369 565 1416 590 καὶ
1441 563 1523 598 μηδὲν
1545 562 1742 598 Ἱπποκράτους
1774 562 1849 598 ὁρκι-

1057 611 1120 638 στοῦ
1138 611 1348 646 προσδεόμενος,
1368 609 1407 641 ὡς
1425 608 1508 645 μηδὲν
1522 606 1592 635 εἶναι
1612 609 1659 635 καὶ
1674 608 1723 644 τὴν
1739 609 1852 644 Κράτη-

1056 664 1101 687 τος
1115 655 1255 690 ἁπλότητα
1274 654 1330 688 (11)
1344 654 1413 690 πρὸς
1443 654 1492 689 τὴν
1519 653 1624 680 ἐκείνου
1639 652 1829 688 Θεωρουμένην
1840 661 1847 666 -

1057 702 1123 728 πᾶσι
1140 702 1168 728 δὲ
1184 701 1292 737 πλέονῆ
1310 700 1382 727 κατὰ
1396 700 1445 736 τὴν
1462 700 1538 733 ἀξίαν
1553 700 1703 734 αἰδέσιμος,
1722 699 1851 735 μεγάλων

1059 747 1108 782 μὲν
1123 747 1167 773 ἀεὶ
1180 746 1234 773 τῶν
1246 746 1388 781 παρόντων
1399 745 1569 781 ἀξιούμενος,
1586 744 1719 780 μειζόνων
1732 745 1761 771 δὲ
1776 744 1852 778 ἄξιος

1057 791 1126 819 εἶναι
1140 792 1192 819 τῶν
1211 792 1395 828 ἐλπιζομένων
1406 791 1567 827 κρινόμενος
1581 793 1636 823 τοῖς
1648 799 1678 817 τε
1695 790 1851 825 βασιλεῦσιν

1058 838 1161 870 αὐτοῖς,
1178 837 1225 864 καὶ
1241 838 1299 864 ὅσοι
1315 837 1350 863 τὰ
1364 837 1460 873 πρῶτα
1477 837 1535 872 μετ’
1548 836 1668 868 ὲκείνους
1683 835 1788 870 ἔχουσιν
1798 844 1804 850 ·
1820 835 1852 862 τὸ

1057 883 1086 910 δὲ
1102 883 1240 918 μέγιστον,
1255 883 1296 910 ὃτι
1314 883 1382 919 μήτε
1406 882 1459 910 ὑπὸ
1479 882 1529 917 τῆς
1548 881 1628 917 δόξης
1649 874 1718 917 μῆτε
1736 881 1788 908 ὑπὸ
1802 882 1852 917 τῆς

217 926 288 954 tibus
309 932 463 959 ornaretur,
485 927 634 961 majoribus
659 933 763 959 tamen,
782 935 814 955 ac
833 927 889 962 jam
915 928 940 955 itt
959 936 1006 963 spe

1062 930 1087 955 ὲν
1102 929 1176 965 μέσῳ
1193 929 1301 965 τρυφῆς
1317 929 1366 964 τὴν
1382 929 1430 964 τῆς
1447 928 1538 964 ψυχῆς
1552 929 1691 962 εὐγένειαν
1702 927 1833 963 διεφθάρη
1843 936 1850 943 ·

216 973 321 1006 positis.
337 973 435 1008 dignus
448 973 611 1004 habebatur,
623 978 679 999 tum
695 973 730 999 ab
749 973 816 1007 ipsis
834 974 1007 1008 imperatori-

215 1019 276 1051 bus,
290 1023 346 1046 tum
365 1020 399 1046 ab
415 1020 542 1046 omnibus
561 1019 595 1046 iis
611 1020 657 1054 qui
681 1019 784 1054 primas
795 1020 944 1047 secundum
959 1028 1006 1047 eos

216 1065 355 1092 tenebant.
371 1064 503 1099 Quodque
525 1065 675 1092 maximum
694 1065 862 1092 censendum
881 1070 934 1097 est,
953 1074 1006 1093 nou

216 1111 363 1143 commisit,
379 1116 406 1137 ut
424 1119 439 1138 a
459 1111 556 1146 gloria,
571 1115 616 1137 aut
637 1110 671 1138 ab
687 1111 728 1141 iis.
748 1111 820 1139 inter
834 1119 902 1146 quas
917 1119 1008 1139 versa-

215 1155 308 1187 balur,
324 1156 441 1188 deliciis,
466 1157 564 1184 attintze
583 1164 640 1184 suae
664 1157 792 1184 nobilitas
822 1165 1010 1192 corrumpere-

218 1207 270 1229 tur.
294 1202 363 1235 Quin
384 1203 472 1237 potius
489 1203 570 1238 205
592 1211 653 1230 etttn
679 1204 763 1231 multa
788 1209 814 1231 et
837 1213 933 1239 magna
955 1204 1008 1239 ipsi

217 1253 407 1282 suppeterent,
419 1249 452 1275 ad
465 1248 625 1283 dignitatem
640 1253 729 1277 tamen
744 1250 795 1277 ltoe
807 1250 923 1286 printuttt
936 1256 1006 1283 erat,

217 1295 290 1328 quod
308 1294 480 1322 Christianus
495 1300 523 1322 et
549 1301 622 1322 esset
649 1301 677 1322 et
705 1297 911 1330 nominaretur;
929 1297 968 1325 sic
982 1301 1010 1324 ut

218 1339 271 1366 alia
289 1341 379 1368 omnia
398 1349 460 1368 cum
480 1342 530 1368 ltoc
549 1349 602 1369 uno
617 1342 715 1369 collata
727 1363 734 1375 ,
754 1343 832 1370 ludus
847 1343 956 1378 quidam
975 1351 1007 1371 ac

220 1393 297 1421 tingat
314 1386 364 1420 ipsi
384 1392 486 1414 essent.
503 1387 562 1414 Alia
577 1388 649 1414 euitn
671 1388 704 1415 ab
721 1387 782 1415 aliis
804 1388 886 1416 etiam
907 1388 1002 1416 ludun-

1059 975 1127 1002 ἁλλά
1142 975 1248 1001 πολλῶν
1260 975 1307 1001 καὶ
1319 974 1444 1010 μεγάλων
1457 975 1633 1010 ὑπαρχόντων
1648 973 1732 1009 αὐτῷ,
1745 974 1854 1009 πρῶτον

1058 1020 1092 1058 ἦν
1107 1023 1146 1054 εἰς
1159 1022 1268 1056 ἀξίωμα
1282 1022 1445 1057 Χριστιανὸν
1458 1022 1505 1064 κμὶ
1520 1019 1590 1048 εἶναι
1603 1021 1651 1048 καὶ
1661 1020 1853 1056 ὀνομάζεσθαι·

1058 1067 1106 1094 καὶ
1121 1067 1210 1093 πάντα
1225 1066 1292 1102 ὁμοῦ
1308 1066 1402 1093 παιδιά
1413 1075 1456 1098 τις
1473 1067 1570 1101 ἐκείνῳ
1588 1066 1636 1093 καὶ
1647 1066 1730 1102 λῆρος
1743 1066 1811 1102 πρὸς
1825 1066 1856 1094 ἐν

1058 1111 1138 1138 τοῦτο
1154 1111 1311 1147 κρινόμενα.
1326 1112 1368 1138 Τὰ
1387 1111 1438 1146 μὲν
1454 1111 1509 1147 γὰρ
1530 1111 1599 1138 ἄλλα
1621 1111 1659 1144 ὡς
1683 1112 1729 1138 ἐπὶ
1753 1112 1856 1147 σκηνῆς

1060 1158 1107 1185 καὶ
1119 1158 1209 1190 ἄλλοις
1225 1157 1370 1190 παίζεσοαι
1383 1158 1499 1192 τάχιστα
1515 1157 1692 1192 πηγνυμένης
1703 1165 1733 1183 τε
1749 1157 1796 1183 καὶ
1810 1165 1857 1183 κα-

1059 1204 1238 1240 ταλυομένης,
1259 1204 1330 1239 τάχα
1351 1203 1379 1230 δὲ
1403 1203 1586 1239 φθειρομένης
1607 1204 1672 1239 ῥᾷον
1693 1203 1709 1238 ἢ
1731 1211 1857 1229 συνιστα-

1061 1251 1155 1286 μένης,
1171 1250 1208 1282 ὡς
1226 1247 1296 1276 εἶναι
1319 1249 1384 1276 ἰδεῖν
1401 1250 1432 1276 ὲκ
1447 1249 1502 1276 τῶν
1519 1248 1625 1275 πολλῶν
1638 1249 1686 1275 τοῦ
1701 1248 1758 1284 βίου
1776 1257 1858 1284 μετα-

1060 1296 1160 1328 ϐολῶν,
1174 1297 1281 1331 καὶτῆς
1296 1296 1353 1323 ἄνω
1370 1295 1417 1322 καί
1429 1295 1503 1322 κάτω
1518 1295 1742 1330 μεταπιπτούσης
1761 1295 1856 1330 εὐετη-

1061 1343 1137 1378 ρίας·
1165 1342 1245 1377 μόνον
1272 1342 1301 1368 δὲ
1324 1342 1390 1369 ἴδιον
1408 1341 1510 1376 ἀγαθὸν
1534 1339 1604 1368 εἶναι
1631 1342 1679 1368 καὶ
1700 1341 1858 1377 παραμένον

1059 1388 1189 1423 ἀσεραλῶς
1206 1387 1256 1424 τὴν
1275 1388 1428 1415 εὐσέϐειαν.

221 1437 278 1465 tur,
295 1440 348 1459 non
375 1440 453 1460 serus
474 1437 555 1468 atque
575 1434 602 1461 in
623 1442 715 1465 scena.
728 1442 787 1468 qua:
806 1435 959 1467 celerrime,
979 1440 1007 1463 et
1036 1435 1138 1469 ﬁthur,
1174 1440 1202 1462 et
1233 1435 1403 1466 dissolvitur,
1422 1435 1475 1461 into
1492 1433 1598 1461 facilius
1617 1434 1732 1461 fortasse
1743 1433 1856 1474 deletur.

218 1485 300 1512 quatn
320 1478 511 1511 constituitur;
529 1484 558 1505 ut
585 1486 619 1506 ex
641 1479 732 1507 multis
753 1479 832 1514 hujus
861 1480 924 1507 vitae
958 1482 1172 1514 mutationibus,

218 1523 313 1554 beate,
343 1523 498 1558 perspicere
529 1524 592 1551 licet

219 1622 296 1649 erat;
314 1617 340 1644 in
355 1617 397 1644 his
411 1617 634 1652 cogitationibus,
660 1622 689 1645 et
711 1619 789 1651 vixit,
805 1623 833 1645 et
848 1618 902 1645 vita
917 1619 1012 1652 cessit,

220 1663 362 1696 majorem,
379 1669 509 1697 quantum
533 1664 567 1690 ad
589 1664 778 1691 abscomlitum
794 1665 942 1698 hominem,
962 1665 1015 1693 Deo

221 1710 350 1744 pietatem
365 1710 511 1737 ostendens
527 1716 553 1737 et
567 1711 717 1743 exhibens,
739 1719 819 1746 quant
835 1719 896 1746 qua:
913 1712 938 1738 itt
964 1719 1014 1746 pn-

220 1755 292 1783 blieo
309 1755 492 1789 spectabatur.
519 1756 607 1790 Atque
624 1761 653 1783 ttt
669 1757 721 1784 alia
737 1757 828 1784 omnia
847 1758 1013 1792 praetermit-

222 1805 290 1834 tam,
316 1802 530 1836 propinquorum
559 1810 675 1836 netnpe,
706 1803 751 1837 qui
780 1803 806 1830 in
835 1803 1014 1830 calamitatem

222 1847 341 1882 aliquam
367 1847 530 1879 inciderant,
555 1856 649 1875 curant
673 1853 700 1875 et
729 1849 905 1883 prmsidium,
931 1849 1017 1876 fastus

222 1899 417 1928 contemptum,
437 1894 648 1927 tequabilitatem
664 1895 736 1921 inter
758 1895 878 1928 amicos,
897 1896 1017 1922 auctori-

220 1943 306 1966 tatem
319 1940 388 1974 apud
406 1940 546 1974 prmsidcs,
567 1941 726 1972 certamina,
751 1948 811 1975 quas
835 1949 883 1975 pro
902 1941 1017 1968 veritate

223 1985 353 2018 suscepit,
376 1992 525 2017 sermones,
551 1993 619 2018 quos
648 1986 746 2013 multos
787 1990 814 2012 el.
837 1994 898 2013 cutn
925 1986 1017 2013 multis

225 2031 329 2064 habuit,
350 2039 401 2057 non
426 2037 537 2065 argutos
563 2032 662 2064 solum,
688 2033 735 2059 sed
761 2033 843 2060 etiam
871 2033 1016 2059 admodum

225 2077 285 2111 pios
304 2081 332 2104 et
348 2077 486 2109 ardentes,
512 2084 567 2104 rem
595 2085 675 2104 unam
701 2086 749 2112 pro
778 2079 1017 2109 Otttttibnsdicam,

223 2130 279 2158 qua
299 2123 367 2150 nihil
391 2123 418 2150 itt
446 2123 532 2158 ipsius
560 2124 615 2150 vita
643 2124 779 2152 celebrius
800 2129 852 2157 est,
881 2124 1019 2159 magisque

224 2170 425 2204 pervulgatum.
442 2170 562 2197 Furebat
577 2171 709 2198 adversus
724 2178 773 2198 nos
792 2171 918 2198 infandus
933 2172 1019 2205 impe-

225 2219 310 2247 rator,
327 2221 355 2242 el.
369 2223 431 2242 cutn
451 2216 477 2242 in
495 2216 614 2250 seipsunt
629 2216 758 2251 primum,
781 2217 942 2244 Christiana:
957 2217 1018 2249 lidg-i

224 2261 389 2296 ejuratione,
402 2261 567 2293 insaniisset,
580 2261 635 2295 jam
649 2261 709 2289 aliis
721 2269 827 2296 quoque
839 2262 1016 2290 intolerabilis
1032 2256 1054 2282 Ῑ)

225 2311 302 2338 erat;
320 2314 354 2333 ne
365 2313 524 2334 caeterorum
538 2307 646 2342 quidcnt
665 2307 767 2335 Christi
780 2308 898 2335 ltostium
916 2309 942 2334 in
960 2315 1019 2335 mo-

225 2353 289 2380 dum
313 2360 412 2387 tnagno
433 2354 524 2381 animo
552 2354 719 2388 impietatem
745 2354 895 2389 proﬁtens,
922 2362 1016 2382 verum

227 2398 407 2426 humanitatis
423 2400 534 2427 obtentu
559 2400 776 2434 persecutionem
801 2400 913 2432 celans;
936 2404 1018 2435 atque

225 2445 312 2472 instar
330 2445 444 2473 ﬂexuosi
467 2446 538 2474 illius
556 2447 703 2481 serpentis,
729 2447 775 2481 qui
795 2447 880 2482 ips'tts
897 2447 1017 2474 animum

262 2547 300 2582 (7)
314 2548 508 2582 Προτίθησιν,
522 2548 566 2574 Sic
579 2548 662 2582 [lt-g3.
675 2556 700 2580 a,
711 2549 757 2581 lttt,
768 2554 823 2576 tres
834 2548 902 2576 Collt
916 2569 924 2583 ,
935 2549 1018 2576 Coisl.

227 2583 254 2615 Ι,
270 2590 296 2609 et
313 2584 367 2610 Jes.
389 2584 457 2610 liditi
486 2583 662 2618 προτόθησιν.

263 2618 302 2653 (8)
320 2618 430 2651 Οὕτως.
446 2619 492 2644 0r.
509 2619 535 2648 1,
551 2618 626 2650 ἴσως,
650 2628 659 2644 ‹
679 2626 764 2652 mque.
782 2619 906 2647 fortasse.
926 2629 935 2645 ι

263 2654 300 2686 (lit
319 2654 513 2686 Καλλίστοις.
529 2654 593 2687 llrg.
610 2655 665 2683 Ittn,
683 2654 786 2686 καλοῖς.

263 2689 319 2723 (lli)
340 2691 378 2716 Td
401 2690 483 2723 τίμια
507 2689 734 2723 πιστευόμενος.
760 2699 769 2715 ι
788 2689 855 2716 Cum
879 2689 937 2724 ejus
960 2689 1020 2717 lidei

228 2723 311 2749 chara
328 2725 452 2757 pignora,
472 2733 482 2750 ι
503 2732 615 2750 uxorum
632 2732 729 2758 nempe
752 2730 779 2751 et
795 2723 942 2752 liberorum
959 2733 1021 2752 cor-

230 2765 306 2792 pora,
323 2759 421 2793 qutbus
441 2759 570 2786 curandis
591 2760 719 2794 pudicitia
735 2761 852 2787 maxime
866 2759 1021 2788 necessaria

229 2799 280 2822 est.
296 2803 304 2818 ι
320 2795 563 2821 committerentur.
582 2804 590 2820 t

244 2828 323 2868 _(ll)
349 2828 523 2862 Ἄπλότητα.
552 2829 634 2856 Coisl.
661 2829 686 2862 Ι,
715 2829 885 2866 ἁπαλότητα.
907 2839 916 2855 ι
936 2829 1022 2856 molli-

230 2871 292 2890 ‘ucs.
314 2873 322 2888 ι

272 2898 328 2934 (12)
349 2899 588 2932 Ἐφιλατοεεῐτο.
605 2904 658 2928 etc.
672 2899 777 2933 Dillius,
793 2909 803 2926 ι
824 2899 849 2927 itt
868 2900 909 2928 his
926 2899 1022 2928 studiis

1212 1486 1240 1508 et
1269 1480 1450 1515 prosperitate
1481 1487 1589 1506 sursum
1619 1487 1650 1506 ac
1671 1480 1797 1506 deorsum
1819 1479 1858 1504 la-

617 1533 623 1551 :
651 1525 781 1560 pietatem
809 1533 875 1552 vero
906 1525 1006 1554 bonutn
1027 1535 1108 1553 uttuttt
1127 1526 1265 1561 propriutn
1282 1533 1355 1557 esse,
1374 1525 1500 1560 quodque
1514 1529 1572 1552 tuto
1587 1529 1756 1558 permaneat.

253 1569 300 1598 XI.
321 1570 383 1597 H:ec
403 1569 523 1604 Czcsarii,
551 1576 579 1598 et
605 1572 632 1599 itt
659 1572 814 1607 chlamyde,
839 1573 1008 1607 philosophia
1023 1578 1045 1606 c

1097 1575 1148 1602 IA’.
1169 1573 1262 1601 Ταῦτα
1289 1573 1432 1609 Καισαρίῳ
1448 1572 1636 1607 ὲφιλοσοφεῖτο
1663 1571 1719 1607 (12)
1746 1571 1798 1598 κάν
1824 1572 1858 1606 τῇ

1065 1621 1186 1656 χλανίδι·
1212 1621 1325 1652 ταύταις
1349 1620 1398 1646 καὶ
1420 1618 1551 1654 συνέζησε
1573 1619 1633 1650 ταῖς
1661 1617 1786 1649 ἐννοίαις,
1811 1617 1860 1644 καὶ

1067 1667 1221 1702 συναπῆλοε
1239 1666 1306 1702 (l5),
1322 1665 1407 1701 μείζω
1425 1664 1475 1699 τῆς
1490 1663 1657 1700 φαινομένης
1671 1664 1710 1694 είς
1725 1663 1755 1689 τὺ
1771 1662 1861 1689 κοινὸν

1066 1713 1223 1745 εὐσεϐείας,
1241 1712 1301 1748 Θεῷ
1326 1711 1468 1746 γνωρίζων
1493 1710 1540 1737 καὶ
1564 1708 1700 1745 παριστὰς
1724 1709 1774 1744 τὴν
1790 1709 1861 1736 κατὰ

1066 1760 1112 1787 τὸν
1130 1759 1249 1795 κρυπτὸν
1263 1758 1416 1794 ἄνθρωπον.
1436 1758 1490 1784 Καὶ
1505 1757 1531 1784 εἰ
1546 1765 1579 1792 με
1604 1756 1660 1785 δεῖ.
1679 1756 1770 1782 πάντα.
1791 1763 1862 1790 παρ-

1068 1807 1141 1839 έντα,
1157 1806 1206 1842 τὴν
1227 1805 1392 1841 προστασίαν
1420 1803 1475 1830 τῶν
1489 1805 1521 1830 ἐκ
1541 1803 1636 1837 γένους
1651 1801 1862 1837 ἀτυχησάντων,

1067 1853 1117 1888 τὴν
1148 1852 1299 1888 ὑπεροψίαν
1317 1851 1363 1877 τοῦ
1386 1851 1487 1885 τύφου,
1510 1850 1559 1885 τὴν
1590 1849 1658 1884 πρὸς
1682 1849 1744 1880 τοὺς
1769 1847 1862 1882 φίλους

1070 1897 1216 1932 ἰσοτιμίαν,
1235 1897 1285 1932 τὴν
1301 1896 1369 1931 πρὸς
1382 1895 1446 1927 τοὺς
1463 1895 1598 1931 ἄρχοντας
1615 1893 1780 1930 παρρησίαν,
1799 1892 1863 1923 τοὺς

1069 1943 1138 1978 ὑπὲρ
1158 1941 1288 1978 ἀληθείας
1305 1941 1413 1975 ἀγῶνας
1429 1940 1476 1966 καὶ
1492 1940 1599 1974 λόγους,
1616 1938 1663 1970 οὓς
1680 1938 1793 1970 πολλοὺς
1805 1937 1862 1973 (Η)

1069 1989 1117 2015 καὶ
1137 1988 1205 2023 πρὸς
1230 1987 1344 2019 πολλοὺς
1362 1987 1557 2022 συνεστήσατο,
1578 1985 1609 2012 οὐ
1633 1984 1751 2019 λογικῶς
1771 1984 1861 2020 μόνον,

1068 2034 1137 2061 ἀλλὰ
1164 2035 1211 2061 καὶ
1225 2034 1286 2060 λίαν
1310 2032 1430 2064 εὐσεϐῶς
1447 2041 1477 2058 τε
1502 2032 1550 2058 καὶ
1565 2031 1721 2067 διαπύρως,
1749 2030 1777 2056 ἓν
1802 2030 1864 2057 ἀντὶ

1070 2080 1179 2106 πάντων
1221 2080 1310 2106 εἰπεῖν
1341 2078 1395 2105 τῶν
1435 2078 1539 2105 ἐκείνου
1575 2077 1606 2104 τὸ
1639 2076 1861 2112 γνωριμώτατον.

1076 2126 1192 2152 Ἐλύσσα
1207 2125 1269 2152 καθ’
1283 2125 1363 2160 ἡμῶν
1381 2124 1508 2160 βασιλεὺς
1521 2123 1534 2150 ὀ
1551 2123 1718 2158 δυσώνυμος,
1740 2123 1787 2149 καὶ
1802 2122 1861 2148 καθ’

1071 2171 1126 2206 (15)
1141 2170 1238 2197 ἑαυτοῦ
1259 2170 1367 2205 πρῶτον
1384 2170 1479 2204 μανεὶς
1494 2170 1526 2196 ἐκ
1540 2170 1589 2205 τῆς
1607 2170 1646 2201 εἰς
1665 2169 1782 2204 Χριστὸν
1798 2168 1861 2194 ἀθε-

1070 2218 1186 2253 τήσεως,
1208 2216 1345 2252 ἀφόρητος
1367 2216 1417 2252 ἤδη
1440 2216 1486 2242 καὶ
1510 2217 1567 2247 τοῖς
1584 2215 1673 2246 ἄλλοις
1696 2212 1740 2250 ἧν,
1764 2214 1818 2240 οὐδ’
1834 2215 1862 2240 ὲν

1069 2262 1118 2297 ἴσῳ
1133 2263 1187 2298 (lli)
1199 2263 1255 2293 τοῖς
1266 2261 1368 2292 λοιποῖς
1379 2261 1578 2296 Χριστομάχοις
1596 2259 1790 2295 μεγαλοψύχως
1806 2258 1861 2293 (17)

1071 2306 1298 2342 ἀπογραφόμενος
1318 2307 1358 2338 είς
1375 2307 1424 2342 τὴν
1442 2305 1580 2336 ἀσέϐειαν,
1595 2304 1663 2332 ἀλλὰ
1681 2305 1804 2331 κλέπτων
1818 2303 1862 2330 τὸν

1071 2353 1190 2388 διωγμὸν
1202 2354 1231 2379 ὲν
1249 2353 1401 2384 ἐπιεικείας
1418 2352 1558 2387 πλάσματι
1571 2361 1577 2368 ·
1594 2352 1641 2378 καὶ
1656 2351 1727 2378 κατά
1739 2351 1784 2377 τὸν
1798 2358 1862 2376 σκο-

1072 2399 1128 2426 λιὸν
1144 2399 1217 2433 ὗφιν,
1240 2399 1269 2430 ὂς
1289 2398 1338 2434 τὴν
1353 2399 1457 2425 ἐκείνου
1475 2398 1591 2433 κατέσχε
1607 2398 1706 2433 ψυχὴν,
1723 2396 1863 2427 παντοίαις

1074 2447 1210 2481 μηχαναῖς
1229 2445 1359 2472 ὑποσπῶν
1379 2446 1442 2476 τοὺς
1459 2443 1567 2476 ἀθλίους
1586 2444 1625 2475 εἰς
1644 2443 1674 2470 τὸ
1695 2442 1792 2469 ἑαυτοῦ
1816 2441 1864 2477 βά-

1072 2548 1214 2577 Ca-sztrius,
1227 2547 1308 2574 etiam
1322 2546 1347 2572 in
1363 2545 1512 2580 chlamyde.
1529 2547 1652 2580 versatus
1666 2548 1717 2571 est.
1736 2551 1745 2568 ι

1109 2584 1165 2617 (15)
1186 2581 1378 2614 Συναπῆλθε,
1394 2580 1440 2607 0r.
1450 2579 1482 2617 7'1,
1494 2579 1618 2617 μάπῆλοε.

1109 2613 1165 2653 (Η)
1183 2618 1242 2650 Οῖνς
1261 2616 1473 2653 πολλούςἠβψ
1492 2613 1619 2653 εἴρξει-ιι,
1645 2616 1690 2653 ht_t,
1714 2620 1772 2653 tres
1783 2613 1860 2653 ῼοΙι).

1073 2659 1099 2681 et
1113 2649 1170 2681 'Or.
1196 2649 1286 2684 l,7sic
1308 2654 1389 2678 etiam
1410 2651 1511 2678 Billius.
1539 2650 1625 2680 Editi,
1649 2649 1694 2681 οὓς
1714 2649 1861 2680 πολλάκις,

1076 2698 1085 2714 ι
1106 2697 1172 2722 quos
1188 2695 1270 2720 saspe.
1292 2697 1300 2712 I

1113 2719 1333 2759 (ιῦλΚαὶηκιιθκ
1358 2722 1393 2748 lta
1416 2720 1499 2759 Regg.
1518 2719 1573 2752 but.
1592 2720 1640 2752 hu,
1667 2725 1722 2747 tres
1736 2719 1814 2747 Colb.
1838 2723 1864 2744 et

1074 2757 1122 2787 0r.
1138 2757 1200 2785 l.ln
1213 2758 1277 2784 edit.
1292 2760 1367 2783 deest
1379 2757 1436 2783 καί.

1111 2794 1166 2828 (16)
1189 2792 1257 2820 Οὐδ’
1270 2792 1305 2819 ὲν
1316 2792 1382 2824 Ζσῳ.
1398 2792 1462 2827 Heg.
1477 2799 1503 2823 a,
1531 2791 1591 2817 οὐδὲ
1602 2791 1631 2818 ἐν
1642 2790 1701 2826 ἴσῳ,
1718 2790 1773 2817 Jes.
1787 2788 1864 2816 οὐδὲν

1074 2830 1103 2856 ἐν
1119 2829 1177 2855 fato.

1110 2855 1166 2900 (l7)
1183 2863 1418 2898 Μεγαλοψύχως.
1439 2862 1518 2891 Coisl.
1537 2862 1563 2894 Ι,
1581 2860 1778 2897 μεγαλόψυχος.
