2069 3131
207 171 260 200 ’169

610 170 742 198 ORATIO
763 169 820 198 VII.
839 186 873 191 —
892 170 925 198 IN
947 170 1088 199 LAUDEM
1109 169 1258 198 CAESARI]
1279 168 1438 197 FRATRIS.

1784 169 1838 198 Ἰῗο

209 229 318 264 ραορον.
335 228 390 255 Καὶ
406 228 436 254 τὸ
455 228 504 263 μὲν
517 228 623 264 πρῶτον
647 229 721 264 αὐτῷ
742 229 797 263 (18)
812 229 953 265 τέχνασμὰ
968 238 997 256 τε

1051 230 1201 261 obsidebat,
1218 229 1291 256 omni
1310 229 1495 255 machinarum
1513 235 1611 264 genere
1632 228 1658 256 in
1679 228 1834 263 voraginem

207 275 255 301 καὶ
269 274 389 308 σόφισμα
406 273 472 309 (19),
490 274 533 300 ἵνα
550 274 616 309 μηδὲ
632 274 682 308 τῆς
701 275 747 301 ἐπὶ
765 276 821 306 τοῖς
843 275 934 307 ἄθλοις
957 284 997 302 τι-

209 320 262 355 μῆς
275 320 453 355 τυγχάνωμεν
478 319 605 354 (ἐφθόνει
620 319 674 355 γὰρ
693 321 739 347 καὶ
753 320 854 355 ταύτης
871 321 997 356 Χριστια-

207 366 261 397 vei;
277 367 291 391 ὁ
306 366 471 399 γεννάδας),
497 366 652 400 πάσχοντας
677 367 715 398 ὡς
739 366 934 401 Χριστιανοὺς,
959 368 997 398 ὡς

207 411 377 446 κακούργους
404 411 582 443 κολάζεσθαι·
615 412 646 438 τὸ
676 412 704 438 δὲ
731 412 857 447 δεύτερον
887 413 997 444 πειθοῦς

207 455 293 492 ὄνομα
311 458 452 492 προσεῖναι
479 457 517 492 τῷ
545 457 690 492 γινομένῳ,
710 458 747 493 μὴ
769 458 942 494 τυραννίδος,
960 458 997 489 ὡς

208 502 241 529 ἂν
259 502 349 537 μεῖζον
396 502 443 529 τοῦ
460 503 583 530 κινδύνου
599 504 631 529 τὸ
647 504 695 538 τῆς
709 503 850 538 αίσχύνης,
868 504 997 540 αὐθαιρέ-

207 557 260 580 τως
279 548 396 585 χωροῦσι
412 549 480 584 πρὸς
498 549 546 584 τὴν
560 549 698 576 ἀσέϐειαν.
713 550 770 576 Καὶ
783 550 846 581 τοὺς
865 550 914 585 μὲν
930 551 994 585 χρή-

210 603 287 630 μασι,
301 596 364 627 τοὺς
386 595 415 622 δὲ
438 595 586 630 ἀξιώμασι,
604 597 667 627 τοὺς
691 595 720 622 δὲ
739 596 918 631 ὑποσχέσεσι,
934 597 998 628 τοὺς

207 640 234 666 δὲ
249 641 389 672 παντοίαις
403 642 497 676 τιμαῖς
513 641 696 676 ὑφελκόμενος
713 641 780 676 (20),
796 641 830 673 ἃς
848 642 907 668 οὐδὲ
923 642 998 676 βασι-

207 685 292 717 λικῶς
307 687 456 723 προσῆγεν,
474 686 542 714 ἀλλὰ
557 687 604 713 καὶ
620 686 679 713 λίαν
694 686 886 722 δουλοπρεπῶς
897 688 925 713 ὲν
938 689 998 719 ταῖς

207 732 335 760 ἁπάντων
345 733 432 768 ὄψεσι,
448 733 551 765 πάντας
562 733 591 760 δὲ
601 734 634 769 τῇ
648 734 760 769 γοητείᾳ
777 734 831 760 τῶν
843 734 929 768 λόγων
941 733 996 768 (21)

207 778 306 813 καὶτῷ
322 778 383 805 καθ’
398 779 493 806 ἑαυτὸν
507 779 696 814 ὑποδείγματι,
714 779 760 806 ἐπὶ
775 779 883 811 πολλοῖς
899 780 996 815 πειρᾶ-

206 833 251 851 ται
270 825 315 852 καὶ
336 826 497 862 Καισαρίου.
520 819 573 852 dist")
592 827 641 862 τῆς
665 826 857 863 παραπληξίας
879 827 926 854 καὶ
949 826 999 862 τῆς

206 869 309 902 ἀνοίας,
327 871 351 897 εἰ
362 871 511 906 Καισάριόν
524 880 553 898 τε
567 871 642 904 ὅντα,
659 872 706 898 καὶ
719 871 833 907 ἀδελφὸν
849 873 861 898 ἑ
866 872 915 908 μὸν
925 892 932 904 ,
949 872 997 899 κα)⁷

205 915 261 941 τῶν
277 917 377 950 γονέων
399 916 501 943 τούτων
521 917 648 952 συλήσειν
671 917 801 952 ἣλπισενΙ

1048 284 1124 303 suam
1136 276 1250 303 miseros
1263 275 1358 302 callide
1376 275 1545 309 pertraltens.
1564 277 1612 307 Ac,
1630 282 1664 302 ne
1680 282 1727 302 eos
1747 275 1835 302 bono-

1049 330 1101 354 res,
1119 322 1164 356 qui
1183 322 1348 356 martyribus
1362 321 1456 348 haberi
1490 321 1586 354 solent,
1605 329 1837 356 consaqueremnr

1049 368 1118 402 (hos
1146 368 1218 396 enim
1246 367 1409 395 Christianis
1441 369 1483 395 vir
1514 368 1639 403 egregius
1667 368 1836 402 invidebat),

1047 414 1163 448 primum
1195 413 1266 440 illius
1290 414 1435 440 artiﬁcium
1460 414 1511 440 hoc
1536 413 1597 445 fuit,
1626 414 1713 448 utqui
1734 413 1835 440 Christi

1048 467 1129 486 causa
1154 460 1337 494 patiebantur,
1369 464 1497 493 tanquam
1515 465 1607 487 sontes
1634 464 1660 486 et
1691 458 1834 487 t‘acinorosi

1049 506 1171 532 cruciatu
1187 505 1378 538 adicerentur;
1405 505 1531 537 alterunt,
1549 507 1619 540 quod
1634 505 1696 532 huic
1712 506 1762 537 rei,
1781 513 1834 532 non

1049 549 1210 584 tyrannidis,
1238 550 1284 577 sed
1314 550 1499 584 persuasionis
1525 557 1621 577 nomen
1655 551 1834 584 impottcba::

1049 596 1119 630 quod
1133 596 1238 622 scilicet
1255 596 1341 630 major
1361 604 1456 622 eorum
1482 596 1602 630 infantia,
1626 604 1705 630 quam
1726 597 1836 630 pericu-

1049 641 1102 668 lunt
1115 646 1198 673 esset,
1214 641 1259 675 qtti
1272 646 1369 676 sponte
1382 641 1412 668 ad
1431 642 1596 677 impietatem
1610 649 1639 670 se
1647 642 1834 670 conferebant.

1048 687 1168 721 Cumque
1198 687 1265 713 alio;
1294 688 1425 721 pecuniis,
1453 688 1520 715 alios
1549 689 1737 722 dignitatibus,
1766 689 1834 716 alios

1048 733 1201 766 promissis,
1216 733 1284 760 alios
1298 734 1383 760 variis
1401 733 1533 760 honorum
1548 734 1702 767 generibus,
1717 742 1785 768 quos
1800 742 1835 762 tte

1048 779 1120 813 regie
1138 779 1257 812 quidem,
1277 779 1323 805 sed
1348 787 1476 813 perquam
1504 779 1638 806 serviliter
1664 780 1689 806 itt
1713 779 1834 807 omnium

1049 830 1158 860 aspectu
1175 825 1323 856 deferebat.
1343 833 1437 853 omnes
1459 827 1575 860 denique
1600 827 1742 853 verborum
1765 833 1839 861 prae:

1049 871 1136 905 stigiis
1154 878 1186 898 ac
1207 878 1256 898 suo
1273 871 1396 905 exemplo
1412 872 1444 898 ad
1461 879 1491 898 se
1504 872 1636 904 alliceret,
1659 877 1718 906 post
1732 872 1832 898 ntultos

1011 907 1192 944 BCzr-sarinm
1216 923 1324 951 quoque
1356 917 1522 952 aggreditur.
1549 916 1619 944 Proh
1644 923 1781 950 stuporem
1806 923 1834 945 et

208 964 364 997 amentiam,
398 965 479 1000 206
511 965 534 991 si
565 972 640 999 spem
674 965 768 992 habuit
788 964 856 999 fore,
882 969 910 992 ιιι
924 970 951 992 et
968 965 1126 998 Caesarium,
1142 970 1170 992 et
1189 963 1301 991 fratrem
1327 971 1427 993 meum.
1455 969 1483 991 et
1504 963 1547 991 his
1563 964 1719 992 parentibus
1743 969 1834 991 natutn

205 1009 387 1040 praedaretur!

240 1054 290 1080 IB’.
302 1054 382 1085 Ἀλλ’,
397 1053 441 1080 ἵνα
456 1054 553 1088 μικρὸν
572 1053 776 1090 προσδιατρίῲω
790 1053 829 1089 τῷ
844 1054 931 1089 λόγῳ,
949 1055 996 1081 καὶ

205 1100 407 1134 κατατρυφήσω
422 1098 469 1125 τοῦ
488 1099 666 1135 διηγήματος,
688 1100 725 1131 ὡς
741 1099 766 1125 οἱ
790 1099 923 1134 παρόντες
946 1099 994 1126 τοῦ

205 1146 343 1180 θαύματος
357 1145 423 1180 (22),
437 1145 523 1180 εἰσῄει
539 1145 588 1180 μὲν
602 1147 615 1172 ὁ
628 1145 758 1179 γεννάδας
770 1145 882 1177 ἐκεῖνος,
894 1145 933 1180 τῷ
947 1145 994 1172 τοῦ

205 1192 324 1228 Χριστοῦ
342 1192 448 1227 σημείῳ
474 1192 660 1228 φραξάμενος,
677 1192 724 1218 καὶ
745 1192 790 1218 τὸν
813 1192 900 1228 μέγαν
918 1192 995 1226 λόγον

206 1237 302 1266 ἑαυτοῦ
317 1238 545 1274 προϐαλλόμενος,
559 1238 628 1274 πρὸς
641 1238 686 1264 τὸν
698 1238 782 1265 πολὺν
792 1239 821 1264 ὲν
832 1238 934 1270 ὅπλοις,
949 1238 996 1265 καὶ

208 1283 294 1318 μέγαν
316 1284 345 1310 ἐν
370 1283 456 1318 λόγων
481 1283 628 1318 δεινότητι·
654 1283 729 1310 οὐδὲν
754 1283 782 1310 δὲ
812 1283 996 1318 καταπλαγεὶς

207 1329 274 1364 πρδς
295 1329 344 1364 τὴν
360 1329 430 1363 ὅφιν,
451 1329 511 1356 οὐδὲ
525 1329 631 1366 Θωπείᾳ
648 1338 675 1356 τι
692 1328 855 1356 καταϐαλὼν
865 1329 912 1356 τοῦ
930 1337 996 1365 φρο-

206 1375 327 1410 νήματος
337 1395 344 1407 ,
367 1374 485 1410 ἀθλητὴς
506 1375 616 1409 ἕτοιμος
637 1373 681 1410 ἦν,
697 1375 744 1402 καὶ
758 1375 830 1410 λόγῳ
845 1375 892 1402 καὶ
908 1370 994 1410 ἔργῳ,

206 1420 276 1454 προς
294 1421 339 1447 τὸν
361 1421 389 1446 ἐν
408 1420 573 1456 ἀμφοτέροις
599 1421 711 1448 δυνατὸν
740 1420 932 1455 ἀγωνίζεσθαι.
959 1421 995 1447 Τὸ

208 1466 258 1501 μὲν
270 1464 317 1493 οὖν
335 1467 442 1494 στάδιον
461 1466 592 1499 τοιοῦτον,
608 1467 655 1493 καὶ
670 1468 683 1493 ὁ
702 1467 752 1503 τῆς
767 1467 907 1499 εὐσεϐείας
923 1468 997 1501 ἀγω-

208 1513 300 1547 νιστὴς
318 1513 459 1544 τοσοῦτος·
480 1513 527 1539 καὶ
548 1513 719 1548 ἀγωνοθέτης
746 1512 818 1548 (25),
843 1512 919 1539 ἐνθεν
946 1513 995 1548 μὲν

207 1557 322 1593 Χριστὸς
335 1559 391 1589 τοῖς
408 1558 505 1585 ἑαυτοῦ
523 1558 623 1586 πάθεσι
639 1558 686 1584 τὸν
701 1557 820 1594 ἀθλητὴν
835 1557 993 1590 ἐξοπλίζων,

206 1604 310 1631 ἐκεῖθεν
324 1604 352 1631 δὲ
369 1605 453 1636 δεινὸς
470 1604 600 1640 τύραννος
619 1606 653 1640 τῇ
672 1604 726 1631 τῶν
746 1604 833 1638 λόγων
849 1605 994 1639 οἰκειότητι

207 1649 394 1684 προσσαίνων,
412 1650 459 1676 καὶ
483 1649 522 1684 τῷ
541 1650 590 1684 τῆς
607 1648 730 1682 ἐξουσίας
753 1649 827 1684 ὄγκῳ
842 1649 994 1684 δεδιττόμε-

1082 1054 1138 1082 ΧΙΙ.
1163 1054 1259 1082 Verum
1278 1055 1325 1091 ('ut
1352 1056 1378 1083 itt
1395 1056 1446 1083 ltoc
1458 1064 1583 1085 sermone
1594 1057 1730 1092 paululum
1743 1059 1837 1086 immo-

1047 1109 1100 1134 rer,
1115 1105 1194 1136 atqtte
1210 1108 1240 1128 ex
1252 1102 1301 1129 hac
1314 1103 1470 1129 narratione
1484 1103 1595 1130 delicias
1610 1105 1726 1139 capiam,
1739 1113 1836 1140 quem-

1047 1147 1191 1173 admodum
1205 1154 1221 1173 e
1237 1154 1266 1173 re
1282 1147 1350 1174 mira
1366 1147 1382 1174 ii
1397 1148 1443 1182 qui
1466 1152 1521 1175 lum
1556 1148 1721 1185 aﬂuerunt),
1746 1151 1836 1185 ingre-

1047 1192 1172 1219 diebatnr
1186 1193 1228 1219 vir
1242 1192 1286 1219 ille
1307 1193 1394 1224 i'ortis,
1413 1194 1513 1222 Christi
1530 1195 1608 1229 signo
1625 1196 1755 1230 munitus,
1772 1197 1834 1232 cly-

1047 1239 1144 1272 peiqtte
1156 1237 1214 1264 vice
1230 1245 1357 1273 magnum
1372 1240 1484 1266 verbum
1506 1240 1666 1274 obtendens,
1689 1243 1722 1268 ad
1744 1242 1834 1269 homi-

1048 1290 1108 1309 nem
1125 1283 1240 1309 multum
1260 1283 1286 1310 in
1305 1283 1399 1316 armis,
1414 1290 1441 1311 et
1454 1293 1580 1320 magnum
1594 1286 1620 1313 in
1633 1286 1737 1314 dicendi
1755 1288 1836 1315 facul-

1048 1333 1112 1355 tate.
1129 1328 1183 1355 Nec
1197 1337 1262 1355 vero
1278 1330 1311 1356 ad
1327 1329 1398 1356 illius
1414 1336 1553 1365 aspectum
1571 1331 1623 1358 ιιΙΙο
1638 1338 1710 1359 metu
1726 1334 1833 1368 percul-

1046 1381 1092 1400 sus
1104 1380 1157 1404 est,
1169 1382 1218 1402 nec
1229 1375 1263 1402 ob
1274 1375 1419 1402 verborum
1432 1375 1576 1404 blanditias
1591 1378 1623 1404 de
1635 1377 1715 1405 animi
1731 1386 1835 1413 magm-

1047 1419 1141 1446 tndiue
1156 1420 1303 1454 quidquam
1318 1420 1415 1455 abiecit
1427 1430 1434 1454 ;
1446 1429 1539 1448 verum
1553 1427 1693 1457 promptus
1713 1429 1737 1451 et
1755 1433 1835 1458 para-

1047 1470 1089 1493 tus
1105 1465 1206 1493 athleta
1231 1471 1291 1493 erat
1315 1466 1348 1493 ad
1374 1467 1584 1501 decertandum,
1611 1473 1666 1496 tum
1691 1477 1834 1503 sermone.

1047 1515 1102 1537 tum
1125 1519 1217 1545 opere.
1237 1511 1366 1540 adversus
1380 1520 1452 1545 eutn,
1474 1513 1520 1547 qui
1543 1513 1569 1541 in
1596 1519 1711 1550 utroque
1731 1523 1831 1551 genere

1045 1556 1147 1584 viribus
1164 1557 1288 1592 pollebat.
1304 1558 1342 1585 Ac
1361 1559 1413 1585 talc
1427 1559 1535 1593 quidem
1556 1565 1615 1587 erat
1628 1561 1758 1594 stadium,
1775 1567 1835 1589 tan-

1046 1605 1142 1636 tusque
1157 1603 1264 1636 pietatis
1279 1607 1471 1638 propugnator.
1486 1604 1574 1638 Atque
1588 1605 1748 1632 certaminis
1763 1613 1830 1639 pra:-

1045 1655 1099 1680 ses,
1117 1648 1180 1674 hinc
1192 1648 1299 1683 quidem
1312 1647 1446 1682 Christus,
1461 1657 1508 1684 per
1518 1649 1659 1684 passiones
1671 1658 1734 1678 suas
1754 1652 1832 1686 pugi-

205 1703 265 1726 νος·
286 1695 396 1731 θέατρον
419 1695 448 1722 δὲ
466 1695 676 1730 ἀμφοτέρωθεν,
699 1694 753 1721 τῶν
768 1704 796 1721 τε
814 1696 846 1731 τῇ
869 1694 995 1729 εὐσεόείᾳ

1046 1693 1097 1720 lem
1125 1701 1245 1726 armans,
1274 1694 1349 1721 illine
1374 1700 1464 1721 autem
1489 1696 1579 1730 gravis
1608 1701 1749 1731 tyranttus,
1776 1703 1832 1725 tum

206 1741 371 1777 λειπομένων
382 1741 433 1772 ἔτι,
446 1742 492 1768 κα)⁸
504 1740 558 1768 τῶν
569 1742 614 1768 ὑπ’
627 1741 731 1768 ἐκείνου
748 1740 991 1776 συνηρπασμένων,

205 1787 259 1823 ὅπη
273 1787 355 1824 νεύσῃ
368 1787 422 1822 (24)
436 1787 470 1814 τὰ
484 1787 544 1814 κατ’
556 1787 654 1818 αὐτοὺς
666 1786 905 1818 ἀποσκοπούντων,
919 1786 992 1818 ὅστις

1045 1741 1189 1765 verborum
1203 1739 1339 1766 illecebris
1352 1740 1479 1767 athletam
1498 1741 1627 1774 mulcens,
1655 1747 1710 1769 tum
1733 1747 1832 1777 poten—

1047 1784 1090 1811 ιῑω
1115 1784 1183 1811 mole
1204 1785 1342 1812 territans.
1368 1785 1437 1818 Quin
1453 1786 1534 1812 etiattt
1548 1787 1673 1821 utrinque
1697 1788 1831 1815 theatrum

205 1835 326 1869 νικήσειε
339 1835 423 1861 πλείω
437 1835 486 1871 τὴν
501 1835 620 1870 ἀγωνίαν
637 1834 693 1869 (25)
709 1834 824 1869 ἑχόντων
839 1834 855 1870 ἢ
871 1833 935 1869 περὶ
947 1832 993 1865 οὓς

1045 1833 1114 1862 erat,
1131 1829 1181 1856 ltoc
1195 1833 1247 1862 est,
1267 1835 1294 1857 et
1306 1838 1397 1857 eorutn
1415 1831 1460 1865 qui
1487 1831 1513 1857 in
1540 1831 1599 1858 ﬁdei
1625 1832 1723 1866 pietate
1741 1833 1829 1861 adhuc

204 1879 236 1904 τὸ
251 1879 374 1914 θέατρον.
1046 1880 1244 1906 rentanserant,
1261 1880 1288 1902 et
1306 1883 1399 1902 eorum
1415 1876 1460 1910 qtti
1475 1877 1508 1903 ab
1524 1876 1570 1903 illo
1587 1877 1690 1910 abrepti
1707 1878 1828 1912 fuerant,

206 1930 292 1951 utram
309 1925 335 1951 itt
353 1929 456 1959 partem
488 1932 580 1951 eorum
616 1928 752 1952 certamen
787 1924 939 1956 inclinaret,
960 1920 1150 1957 spectantium,
1165 1925 1257 1954 atque,
1276 1925 1337 1947 uter
1366 1920 1502 1952 vinceret,
1531 1922 1616 1956 magis
1638 1922 1829 1956 laborantium,

206 1977 286 2004 quam
305 1970 341 1996 illi
362 1970 423 2004 ipsi,
438 1977 505 2004 qttos
520 1970 690 2004 spectabant.

240 2012 362 2051 ιΓ’.τΑρ’
379 2016 429 2042 οὐκ
447 2016 551 2046 ἔδεισας
569 2015 632 2051 περὶ
652 2015 802 2051 Καισαρίου
813 2036 820 2048 ,
840 2017 906 2052 μήτι
921 2016 995 2052 πάθῃ

205 2061 255 2096 τῆς
282 2060 437 2096 προθυμίας
472 2061 595 2093 ἀνάξιονς
633 2061 712 2088 Ἀλλά
745 2062 890 2097 ϐαρσεῖτε·
926 2063 995 2097 μετά

1045 2062 1189 2089 alacritate
1207 2070 1301 2096 parum
1322 2063 1432 2097 dignum
1450 2064 1573 2091 accidat?
1597 2066 1633 2093 At
1657 2066 1727 2093 bono
1744 2073 1833 2095 estote

205 2106 321 2142 Χριστοῦ
338 2107 391 2142 γὰρ
407 2109 423 2142 ἡ
441 2107 503 2142 νίκη
524 2106 571 2133 τοῦ
587 2106 633 2133 τὸν
647 2107 749 2143 κόσμον
765 2108 935 2143 νικήσαντος.
953 2108 994 2135 Τὰ

1045 2109 1146 2135 animo.
1162 2108 1279 2135 Victoria
1296 2109 1367 2135 enim
1381 2117 1442 2136 cum
1458 2110 1577 2143 Christo,
1594 2112 1639 2146 qui
1660 2112 1725 2140 vicit
1744 2121 1830 2140 mun-

1081 2016 1150 2044 Xlll.
1171 2025 1212 2044 nn
1236 2024 1289 2043 non
1305 2017 1428 2050 timuisti,
1459 2025 1492 2045 ne
1514 2019 1576 2053 qttid
1606 2019 1723 2048 Caesario
1746 2022 1829 2050 animt

207 2153 256 2188 μὲν
274 2151 320 2180 οὖν
339 2153 399 2180 καθ’
415 2153 530 2180 ἕκαστον
545 2153 599 2180 τῶν
615 2153 676 2180 τότε
701 2153 838 2189 ῥηθέντων
860 2154 876 2190 ἦ
895 2163 993 2190 προτε-

205 2198 305 2226 θέντων
325 2199 509 2235 ἐκδιηγεῖσθαι
530 2200 564 2226 τὰ
580 2199 628 2227 νῦν
647 2199 701 2234 ἐγὼ
719 2200 778 2235 μὲν,
805 2198 834 2227 εὖ
858 2201 926 2233 ἴστε,
944 2201 990 2228 τοῦ

205 2245 306 2278 παντὸς
330 2245 362 2272 ἂν
386 2247 577 2282 ἐτιμησάμην·
606 2246 654 2272 καὶ
676 2245 730 2281 γὰρ
749 2246 795 2273 καὶ
813 2246 926 2280 λογικάς
950 2255 991 2274 τι-

205 2299 251 2324 νας
271 2292 326 2326 (26)
339 2293 413 2319 ἐστὶν
426 2292 460 2324 ἃς
476 2292 531 2327 ἔχει
551 2292 670 2328 στροφὰς
691 2292 739 2319 καὶ
760 2292 894 2327 κομψείας
910 2293 925 2318 ὀ
946 2292 990 2319 λό-

1042 2155 1104 2181 dntu
1124 2153 1156 2181 ".
1170 2155 1208 2181 Ac
1227 2154 1294 2182 nihil
1311 2155 1418 2189 quidem
1442 2156 1547 2183 malletn
1567 2165 1647 2191 quam
1673 2162 1701 2184 ut
1725 2165 1755 2185 ea
1770 2165 1833 2192 quae

1046 2206 1101 2228 tum
1116 2200 1186 2228 dicta
1201 2206 1228 2229 et
1241 2201 1375 2236 proposita
1391 2206 1463 2234 sunt,
1478 2202 1614 2238 sigillatim
1630 2211 1702 2231 nunc
1712 2211 1830 2239 expone-

1046 2255 1121 2281 tem;
1140 2255 1201 2274 nam
1216 2253 1243 2275 et
1265 2247 1365 2282 logicas
1396 2248 1499 2283 aliquot
1520 2250 1640 2284 argutias
1659 2250 1833 2286 leporesque,

1046 2300 1107 2320 meo
1120 2293 1229 2327 quidem
1239 2293 1359 2328 judicio,
1382 2299 1532 2321 memoratu
1548 2303 1600 2322 tton
1621 2294 1780 2329 injttcundos
1796 2304 1827 2323 ea

204 2344 252 2370 τος
271 2336 338 2373 (27),
358 2338 421 2373 ἐμοὶ
434 2338 500 2372 γοῦν
515 2338 564 2365 οὐκ
584 2338 677 2374 ἀηδεῖς
691 2338 730 2370 εἰς
753 2339 881 2374 μνήμην·
901 2338 954 2371 ἔξω
969 2338 992 2364 δ’

1045 2339 1189 2374 disputatio
1208 2339 1349 2367 continet:
1365 2347 1458 2366 verum
1475 2340 1692 2373 intempestivum
1717 2349 1832 2377 prorsus

239 2425 262 2442 ⁸⁸
274 2425 351 2453 Joan.
364 2433 419 2456 xvr,
439 2425 484 2453 53.

241 2503 296 2537 (18)
313 2503 408 2536 Αὐτῷ.
429 2503 475 2531 Sic
488 2504 555 2539 Reg.
574 2505 617 2531 bm
644 2505 726 2538 Editi,
743 2505 837 2534 αὑτοῦ,

240 2539 296 2574 (19)
317 2540 467 2575 Σόερισμα,
483 2545 536 2566 etc.
559 2539 646 2567 Locus
665 2541 716 2566 iste
741 2540 766 2566 itt
790 2541 855 2575 Reg.
875 2541 910 2568 hu
923 2561 931 2573 ,
951 2543 990 2570 sic

204 2573 303 2611 legitur
319 2581 326 2600 :
345 2574 470 2611 Σόφισμα
482 2594 489 2607 ,
504 2575 719 2611 απάσχονταςλῴς
740 2573 930 2611 Χριστιανοὺς,
951 2577 989 2610 ὡς

204 2608 613 2646 κακρύργουςᾼκολᾶζεσοαι,γῗνα
628 2609 695 2646 μηδὲ
709 2611 758 2646 τῆς
768 2608 817 2646 ἐπὶ
829 2612 886 2641 τοῖς
897 2608 989 2645 ἄθλοις

203 2643 286 2682 τιμῆς
298 2643 670 2682 τνγχᾴνοιμενχέφβόνειιγὰρ
682 2643 842 2682 καὶταύτῃς
858 2643 989 2682 Χριστιαξ

203 2680 258 2715 νοῖς
276 2679 452 2715 ὁ-γεννάδαςή
471 2679 501 2706 τὸ
523 2679 552 2706 δὲ
571 2679 707 2715 δεύτερον,
722 2686 774 2707 etc.
794 2679 892 2707 Eodem
909 2684 988 2710 tnodo

203 2713 267 2747 legit
284 2712 412 2752 Snvilius,
430 2714 479 2741 nisi
499 2715 569 2752 quod
590 2712 670 2752 delei,
689 2715 843 2752 πάσχοντας
864 2716 901 2748 ὡς
916 2718 986 2752 Χρι-

204 2747 380 2786 στιανούςλοι
397 2756 449 2786 pro?
456 2747 582 2786 τυγχάνοι
586 2758 644 2786 μεν,
663 2747 763 2786 habet,"
770 2747 938 2786 τυγχάνοιεν.

237 2782 294 2824 (2Q)
320 2782 548 2824 "ryslxdﬂsrog.
569 2782 595 2824 lt!
609 2789 668 2816 est,
685 2782 895 2824 ὑποσυρόίίένος.
916 2788 983 2824 Heg.

202 2816 259 2849 bm,
272 2816 454 2852 ὑφελόμενος,’
466 2828 475 2843 ι
494 2818 664 2851 subtrahens,
677 2816 838 2848 subduceris.
859 2830 869 2846 ι

238 2851 300 2892 (ξι)
310 2851 373 2892 Ίξῶν
386 2854 494 2887 λόγων.
512 2853 584 2892 Unus
595 2853 693 2888 Regius
705 2855 788 2888 addit,
805 2856 981 2892 παρασύρων,

207 2893 220 2910 ι
232 2887 402 2920 abstrahens,
419 2891 585 2922 pervertens.
601 2897 613 2914 ›

1075 2508 1131 2544 (29.)
1148 2510 1315 2549 Θαύματος.
1324 2511 1455 2549 ϐρωὺηει
1463 2511 1556 2549 Billius
1567 2512 1668 2548 legunt,
1678 2513 1821 2549 θεάματος

1041 2552 1051 2568 ι
1067 2552 1100 2571 ex
1117 2547 1282 2585 spectaculo.
1305 2556 1314 2572 ι
1336 2546 1402 2579 Quae
1421 2547 1501 2574 lectio
1517 2546 1647 2582 placeret,
1664 2550 1686 2576 si
1702 2546 1830 2577 codicnttr

1038 2581 1203 2606 auctoritate
1221 2581 1364 2608 niteretur.
1457 2603 1461 2606 .

1074 2614 1131 2650 (23)
1152 2614 1364 2650 νἈγῖυνοθέτης.
1383 2616 1498 2644 Nictetas
1517 2626 1527 2642 ι
1541 2616 1688 2650 Julianum,
1704 2627 1714 2644 ι
1731 2617 1830 2645 Billins

1040 2649 1206 2688 «'diabolnnt
1219 2659 1229 2676 ›
1242 2651 1367 2685 intelligit
1377 2651 1518 2688 ;,_.Inlt'antts
1528 2654 1627 2687 quippe
1640 2658 1697 2680 erat
1713 2660 1830 2688 διαθεσμ-

1037 2686 1119 2714 nista,
1137 2692 1188 2711 non
1204 2692 1267 2711 vero
1286 2686 1442 2712 certaminis
1455 2686 1565 2719 praeses.

1083 2718 1129 2754 ξίν)
1149 2719 1262 2754 Νεύσῃ.
1282 2719 1359 2747 Colit.
1377 2721 1404 2751 ϐ.
1426 2718 1527 2749 vadost.

1081 2753 1249 2814 ﬁlia-[lida
1260 2754 1318 2788 τὴν
1333 2756 1476 2791 ἀγωνίαν.
1502 2766 1511 2782 ι
1530 2756 1617 2792 Magis
1631 2757 1714 2784 anitni
1735 2758 1825 2786 anxiis

1081 2796 1110 2814 80
1134 2797 1167 2814 ΙίῚ
1183 2797 1215 2814 IS.
1233 2798 1242 2814 I

1032 2793 1065 2815 ac
1080 2793 1215 2816 solm-Itis.
1233 2798 1242 2815 ι

1080 2823 1126 2894 26)
1147 2823 1245 2856 Τινας.
1267 2823 1347 2852 Deest
1365 2825 1470 2861 inReg.
1489 2826 1536 2858 ltn,
1550 2826 1596 2855 0r.
1615 2827 1642 2861 1,
1658 2833 1686 2854 et
1697 2827 1754 2855 Jes.

1080 2858 1114 2894 a7
1147 2859 1296 2894 'Ojdrog.
1314 2859 1395 2889 Deest
1418 2862 1445 2889 in
1461 2861 1546 2894 ﬂegg.
1574 2863 1630 2894 bm.
1657 2863 1711 2894 hu.
1728 2863 1754 2891 οη

1050 2858 1127 2920 ιήὶῡζ)
1147 2859 1296 2895 ὀδλόγος.
1314 2859 1395 2889 Deest
1418 2858 1546 2897 in'ltegg.
1574 2858 1639 2895 bm,'
1657 2863 1711 2896 hu,
1728 2863 1775 2891 ον.
1793 2862 1824 2896 ι,

1030 2899 1060 2920 ιι
1071 2899 1127 2921 J83.
