2069 3131
239 176 291 205 775

855 172 885 199 S.
904 169 1067 199 GREGORII
1087 168 1261 196 THEOLOHI

1813 172 1866 200 776

238 245 330 265 sorum
347 240 544 272 unguentorum
563 232 724 264 infusiones,
753 238 821 266 quas
843 231 920 265 prius
942 231 1024 258 etiam

1083 229 1163 264 τίμων
1187 228 1338 264 ἐπιχύσεις,
1361 227 1379 254 ἃ
1401 229 1459 260 ταῖς
1486 229 1707 262 γυναικωνίτισιν
1729 229 1786 266 (Sil)
1813 231 1868 258 ἀπ-

239 284 273 310 ad
306 290 430 319 gynaecea
457 280 626 310 remittebas,
659 283 685 305 et
705 285 820 312 quarunt
849 277 1024 311 fragrantiam

239 329 297 355 dies
313 335 380 353 unus
397 325 487 357 solvit,
501 331 551 351 nec
564 322 645 358 209
658 322 773 355 denique
790 321 862 348 aliud
879 321 1025 355 quidquam

239 380 392 408 parvorum.
413 376 439 398 et
452 378 512 405 quite
527 370 596 403 apud
613 375 710 403 parvos
729 367 757 393 in
775 367 861 401 pretio
879 372 952 398 sunt,
967 374 1027 401 qua:

239 419 347 452 quidem
368 417 460 443 omnia
482 415 614 443 hodierno
636 415 679 440 die
696 421 806 440 amarus
824 413 867 440 hic
882 412 951 447 lapis
975 419 1027 438 una

238 471 299 489 cum
314 462 426 497 pulchro
440 469 553 495 corpore
563 459 740 487 contexisset.
757 457 869 484 Valeant
887 457 1027 492 gentilium

239 509 398 539 certamina,
429 513 455 534 et
483 507 621 542 ﬁgmenta,
649 514 696 540 per
722 513 782 539 qme
806 504 899 531 miseri
916 505 1029 539 juvenes

238 555 327 581 ornati
341 559 416 585 sunt,
431 553 527 588 exigua
544 552 704 586 exiguarum
731 551 913 578 certaminum
931 557 1029 585 propo-

239 602 291 628 sita
315 601 446 628 habentes
459 600 589 634 praemia;
614 603 642 625 et
659 598 868 633 quibuscunque
887 598 967 624 rebus
982 605 1031 632 per

240 647 378 678 libamina,
394 651 421 672 et
445 645 593 681 primitias,
615 649 643 672 et
660 635 775 671 coronas
787 663 795 675 ,
817 651 850 670 ac
874 651 968 670 recens
985 644 1032 670 de-

239 698 347 726 cerptus
368 692 463 724 nores,
489 691 642 718 hominibus
666 691 720 717 vita
744 689 842 717 functis
867 694 1029 723 parentant,

239 738 334 772 patria:
352 737 402 771 logi
415 738 515 771 potius,
528 741 556 763 et
567 736 664 763 stolido
683 737 810 767 mmruri,
833 743 914 769 quatit
933 735 1030 762 rationi

240 782 400 809 servientes.
425 780 512 808 Meum
531 788 627 807 munus
651 785 691 806 cst
717 780 816 812 oratio,
846 780 918 813 quod
948 779 1030 805 etiam

243 828 361 855 fortasse
378 828 499 854 futurum
513 832 618 860 tempus
633 830 808 860 excepturum
826 830 882 855 est.
901 830 1031 858 perpetuo

241 880 316 901 motu
334 874 486 908 praeditum,
504 881 553 899 nec
569 880 641 903 enm.
662 872 707 906 qui
722 871 786 898 hinc
804 871 939 906 migravit,
956 877 1032 905 pror-

1077 276 1201 310 επὲμπου
1222 275 1269 301 καὶ
1291 274 1432 310 πρότερον,
1450 275 1497 301 καὶ
1507 271 1544 301 ὧν
1563 275 1655 311 ἡμέρα
1674 276 1724 311 μία
1743 275 1800 302 λύει
1818 277 1869 312 τὴν

1077 321 1199 353 εὐωδίαν,
1218 320 1272 347 οὐδ’
1286 320 1350 347 ἄλλο
1363 329 1389 346 τι
1409 320 1463 355 (52)
1478 321 1532 347 τῶν
1554 321 1659 356 μικρῶν
1680 322 1725 348 καὶ
1745 323 1802 354 τοῖς
1825 331 1868 358 μι-

1078 368 1154 402 κροῖς
1174 367 1289 401 τιμίων,
1313 366 1331 393 ἃ
1351 367 1439 393 πάντα
1457 366 1628 401 κατέκρυψεν
1652 367 1684 394 ἂν
1713 369 1831 403 σήμερον
1855 369 1869 395 ὁ

1079 412 1176 448 πικρὸς
1191 412 1264 444 λίθος
1279 408 1356 444 οὗτος
1374 413 1443 447 μετὰ
1461 412 1508 438 τοῦ
1524 412 1605 440 καλοῦ
1621 412 1756 448 σώματος.
1781 414 1870 450 Ἐρρέ-

1078 458 1168 484 τωπὰν
1185 467 1229 493 μοι
1252 458 1299 484 καὶ
1313 458 1417 492 ἀγῶνες
1442 458 1592 494 Ἑλληνικαὶ
1609 459 1656 485 καὶ
1675 459 1764 494 μῦθοι,
1783 459 1816 486 δι’
1831 457 1869 486 ὧν

1079 504 1175 539 ἔφηϐοι
1196 504 1335 538 δυστυχεῖς
1359 503 1543 539 ἐτιμήθησαν,
1561 504 1647 540 μικρὰ
1672 505 1777 541 μικρῶν
1795 507 1870 540 ἀγω-

1080 551 1218 586 νισμάτων
1239 550 1413 585 προτιθέντες
1434 551 1490 586 (55)
1508 550 1542 577 τὰ
1561 551 1683 578 ἔπαθλα·
1700 552 1746 578 καὶ
1763 553 1812 579 ὅσα
1827 552 1871 579 διὰ

1080 597 1151 632 χοῶν
1166 605 1195 622 τε
1212 597 1258 623 καὶ
1276 597 1466 632 ἀπαργμάτων
1476 617 1484 628 ,
1500 597 1516 632 ἢ
1535 598 1697 633 στεμμάτων
1711 607 1741 625 τε
1759 599 1806 626 καὶ
1822 600 1870 626 ἀν-

1081 643 1150 670 θέων
1165 643 1343 679 νεοδρέπτων,
1360 643 1543 678 ἀφωσιοῦνται
1558 644 1613 679 (54)
1629 646 1692 677 τοὺς
1706 645 1871 677 ἀπελθόντας

1081 688 1259 723 ἀνθρώπους,
1286 687 1361 723 νόμῳ
1385 689 1491 723 πατρίῳ
1517 689 1615 723 μᾶλλον
1641 689 1686 716 καὶ
1706 690 1802 726 ἀλογίᾳ
1819 690 1871 717 πά-

1083 733 1147 765 θους
1162 733 1218 768 (55)
1241 733 1258 768 ἢ
1275 733 1346 768 λόγῳ
1361 733 1541 766 δουλεύοντες.
1556 734 1592 761 Τὸ
1605 734 1633 761 δὲ
1648 735 1713 770 ὲμδν
1729 735 1814 772 δῶρον
1828 736 1872 763 λό-

1081 788 1141 813 γος,
1154 779 1168 806 ὂ
1181 779 1250 814 τάχα
1265 780 1312 805 καὶ
1324 780 1339 805 ὁ
1353 779 1457 814 μέλλων
1474 780 1642 816 ὑπολήψεται
1657 782 1762 818 χρόνος,
1774 783 1817 809 ἀεὶ.
1831 791 1874 809 κι-

1081 825 1213 860 νούμενον
1246 825 1294 851 καὶ
1324 825 1375 851 οὔκ
1407 825 1451 852 ἐὸν
1482 826 1522 857 είς
1549 826 1580 852 τὸ
1600 827 1730 858 παντελὲς
1746 827 1873 854 ἀπελθεῖν

1082 869 1126 895 τὸν
1137 869 1242 896 ἐνθένδε
1264 870 1494 905 μεταχωρήσαντα
1506 890 1513 902 ,
1521 871 1655 905 φυλάσσον
1669 871 1724 907 (56)
1736 872 1763 898 δὲ
1772 873 1815 899 ἀεὶ
1826 872 1872 899 καὶ

241 927 288 947 sus
312 920 457 947 abscedere
481 919 574 945 sinens
591 927 598 945 :
617 925 709 944 verum
735 916 847 944 auribus
879 916 1031 950 animisque

1084 915 1180 946 ἀκοαῖς
1193 916 1240 941 καὶ
1254 915 1354 950 ψυχαῖς
1366 915 1411 941 τὸν
1424 915 1576 951 τιμώμενον
1586 937 1593 949 ,
1605 917 1652 943 καὶ
1664 917 1785 944 πινάκων
1795 918 1874 954 ἐναρ-

242 966 392 997 hominem,
408 972 489 1000 quem
513 964 663 991 ornandum
689 963 821 998 suscepit.
838 969 946 997 semper
966 969 1031 988 con-

1084 960 1216 996 γεστέραν
1233 960 1371 996 προτιθεὶς
1388 960 1437 996 τὴν
1452 961 1542 988 εἰκόνα
1561 961 1609 988 τοῦ
1625 961 1803 998 ποθουμένου.

240 1020 364 1044 servans,
382 1020 415 1040 ac
427 1011 571 1039 desiderati
586 1010 762 1037 simulacrum
775 1009 934 1043 expressius
950 1015 1032 1043 quam
1053 1007 1079 1035 in
1097 1007 1187 1035 tabula
1200 1009 1375 1040 spectandum
1393 1015 1556 1042 proponens.

276 1059 358 1088 XVII.
381 1060 419 1087 Ac
435 1060 498 1086 talia
519 1059 627 1094 quidem
653 1063 737 1090 sunt,
759 1064 819 1092 qua:
834 1064 848 1083 a
874 1056 952 1083 nobis
966 1055 1031 1083 οπε-

241 1111 340 1133 runtur
361 1115 367 1132 :
391 1106 412 1133 si
430 1109 519 1132 autem
546 1112 628 1140 parva
650 1108 678 1131 et
693 1103 797 1130 meritis
812 1103 866 1129 tuis
882 1101 1010 1129 inferiora
1022 1121 1030 1134 ,

241 1150 298 1177 Deo
320 1158 427 1185 quoque
445 1155 553 1184 gratum
574 1153 626 1181 est,
643 1148 715 1182 quod
733 1149 762 1174 lit
779 1155 828 1182 pro
845 1147 959 1174 viribtts.
980 1147 1030 1174 At-

241 1203 295 1230 que
312 1195 365 1222 alia
384 1195 492 1228 quidem
517 1194 714 1229 persolvimus.
738 1193 790 1220 alia
805 1200 871 1220 vero
887 1193 1029 1225 dabimus,

241 1241 444 1268 anniversarios
468 1240 586 1267 honores
610 1245 638 1266 et
661 1239 937 1266 commemorationes
964 1237 1031 1265 olfe-

241 1291 347 1317 rentes.
363 1286 380 1312 ii
402 1286 510 1320 quidem
527 1290 618 1316 certe,
641 1285 686 1320 qui
711 1285 874 1320 superstites
889 1289 980 1312 erunt.
998 1285 1032 1310 At

242 1337 280 1364 ιιι,
293 1331 414 1359 divinum
433 1336 460 1357 et
475 1339 582 1358 sacrum
599 1335 680 1365 caput
692 1351 699 1363 ,
723 1331 827 1357 utinam
847 1330 932 1358 ctelos
948 1338 1032 1364 pene-

241 1382 308 1410 tres,
326 1382 407 1412 atque
422 1378 449 1404 in
461 1377 577 1404 Abrahae
593 1378 665 1410 sinu,
686 1377 843 1412 quicunque
860 1377 968 1403 tandem
985 1376 1031 1402 ille

240 1428 299 1456 est,
316 1423 512 1458 conquieSCaS,
532 1427 560 1450 et
573 1423 732 1458 angelorum
752 1423 878 1449 choreum
892 1442 900 1454 ,
917 1430 950 1448 ac
966 1422 1031 1448 bea-

242 1475 331 1497 torum
346 1471 466 1497 virorum
482 1470 595 1504 gloriam
615 1475 643 1496 et
657 1469 829 1503 splendorem
845 1472 969 1502 spectes;
988 1467 1031 1494 vel

1117 1055 1167 1081 IZ'.
1184 1054 1224 1081 Τὰ
1242 1054 1290 1090 μὲν
1304 1052 1349 1081 οὖν
1365 1056 1430 1090 παρ’
1447 1055 1526 1090 ἡμῶν
1542 1055 1668 1083 τοιαῦτα·
1682 1057 1707 1083 εἰ
1726 1056 1755 1082 δὲ
1778 1055 1873 1092 μικρὰ,

1083 1101 1131 1128 καὶ
1150 1102 1200 1137 τῆς
1212 1101 1291 1134 ἀξίας
1304 1101 1417 1133 ἐλάττω,
1435 1101 1482 1128 καὶ
1497 1101 1557 1137 Θεῷ
1572 1102 1649 1136 φίλον
1663 1102 1693 1129 τὸ
1705 1102 1775 1129 κατὰ
1794 1103 1874 1129 δύνα-

1083 1155 1140 1181 μιν.
1158 1147 1214 1173 Καὶ
1231 1147 1266 1174 τὰ
1286 1147 1336 1182 μὲν
1349 1147 1558 1182 ἀποδεδώκαμεν
1570 1148 1636 1183 (57),
1651 1149 1684 1176 τὰ
1699 1148 1727 1175 δὲ
1741 1148 1873 1184 δώσομεν,

1081 1191 1132 1223 τὰς
1143 1191 1177 1218 δι’
1192 1191 1269 1224 ἔτους
1289 1192 1490 1228 προσφέροντες
1506 1194 1588 1228 τιμάς
1601 1202 1629 1220 τε
1645 1194 1691 1220 καὶ
1709 1195 1830 1230 μνήμας,
1848 1195 1876 1221 οἵ

1084 1245 1116 1272 γε
1141 1237 1180 1273 τῷ
1207 1237 1258 1273 βίῳ
1281 1238 1509 1274 περιλειπόμενοι.
1537 1239 1572 1265 Σὺ
1598 1239 1626 1265 δὲ
1651 1241 1717 1274 ἡμῖν
1745 1241 1875 1276 οὐρανοὺς

1085 1283 1260 1318 ὲμϐατεύοις,
1280 1280 1302 1310 ὦ
1317 1284 1377 1310 θεία
1395 1284 1442 1310 καὶ
1459 1283 1519 1320 ἱερὰ
1535 1285 1649 1320 κεφαλὴ.
1664 1285 1711 1312 καὶ
1725 1286 1754 1312 ὲν
1766 1286 1876 1317 κόλποις

1092 1329 1228 1365 Ἀϐραὰμ,
1253 1330 1351 1361 οἵτινες
1375 1330 1408 1366 δὴ
1424 1326 1497 1356 οὗτοί
1512 1331 1597 1362 εἰσιν,
1616 1330 1787 1358 ἀναπαύσαιο
1807 1331 1874 1367 (58).

1086 1376 1133 1402 καὶ
1149 1375 1272 1410 ἀγγέλων
1290 1376 1452 1408 ὲποπτεύοις
1470 1377 1596 1412 χορείαν,
1611 1377 1659 1404 κα).
1675 1377 1816 1413 μακαρίων
1830 1378 1876 1404 ἀν-

1085 1420 1156 1456 δρῶν
1169 1421 1248 1453 δόξας
1269 1430 1300 1448 τε
1316 1422 1363 1448 καὶ
1384 1422 1594 1458 λαμπρότητας·
1612 1424 1711 1459 μᾶλλον
1728 1424 1757 1451 δὲ
1777 1433 1875 1461 συγχο-

1087 1467 1176 1502 ρεύοις
1189 1467 1237 1494 καὶ
1252 1467 1438 1502 συναγάλλοιο,
1454 1469 1544 1495 πάντα
1560 1469 1691 1504 διαγελῶν
1705 1471 1739 1497 τὰ
1753 1472 1816 1507 τῇδε
1829 1473 1875 1507 ἀφ’

242 1516 332 1550 potius
351 1523 404 1542 una
429 1515 560 1550 tripudies
584 1520 611 1541 et
627 1514 763 1546 exsultes,
787 1514 878 1541 omnia
903 1520 963 1547 qua:
989 1512 1031 1540 hic

1085 1512 1178 1548 ὕψους,
1193 1513 1255 1545 τούς
1267 1521 1297 1539 τε
1309 1513 1492 1548 καλουμένους
1503 1514 1644 1547 πλούτους,
1659 1515 1766 1548 καὶτὰς
1778 1517 1876 1553 ἐρριμ-

242 1565 315 1592 ειιιιι,
331 1569 365 1587 ex
383 1560 439 1587 allo
454 1561 594 1591 deridens,
614 1559 741 1586 nimirum
758 1564 785 1587 et
800 1560 920 1592 divitias,
940 1563 969 1586 ut
986 1566 1033 1593 ap-

242 1607 389 1641 pellantur,
408 1611 435 1633 et
448 1605 566 1641 abjectas
583 1605 742 1640 dignitates,
759 1611 786 1632 et
804 1605 888 1633 falsos
904 1605 1031 1636 honores.

240 1657 269 1679 et
289 1653 467 1687 imposturam
488 1660 567 1686 quam
583 1659 679 1678 sensus
699 1651 812 1684 faciunt,
831 1656 855 1678 et
877 1651 958 1684 hujus
973 1650 1034 1678 vita:

239 1699 427 1734 jactationem,
440 1706 471 1725 ac
487 1703 617 1732 tanquam
632 1698 657 1724 in
678 1704 809 1724 nocturna
832 1705 920 1732 pugna
939 1697 1034 1724 confu-

241 1747 346 1773 sionem
358 1752 385 1774 et
398 1747 590 1781 ignorantiam,
606 1754 701 1781 magno
715 1746 750 1773 illi
761 1746 816 1780 regi
832 1750 935 1777 astans,
952 1750 1034 1779 atque

243 1790 317 1818 illinc
333 1792 468 1818 emicante
488 1791 589 1819 lumine
616 1792 759 1826 impletus;
783 1792 860 1825 cujus
879 1792 979 1825 exiguo
997 1792 1035 1817 ri-

242 1838 304 1863 vulo
326 1837 369 1864 ltic
384 1843 528 1872 suscepto,
547 1843 679 1872 quantum
703 1837 809 1864 scilicet
830 1836 856 1862 in
874 1836 992 1870 speculis
1008 1840 1035 1862 et

241 1882 433 1916 :Eltigtnatibus
459 1883 623 1909 adumbrare
649 1886 731 1916 atque
759 1881 910 1915 conspicari
934 1888 1032 1914 possu-

243 1936 315 1960 mns,
331 1927 435 1954 utinam
450 1928 482 1954 ad
500 1928 587 1962 ipsum
607 1928 709 1954 fontem
726 1933 816 1962 postea
832 1927 1033 1960 perveniamus,

243 1981 309 2008 pura
328 1979 417 2000 mente
431 1981 526 2007 puram
546 1974 687 2000 veritatem
708 1973 854 2002 intuentes.
870 1977 952 2006 atque
965 1972 1035 1998 hanc

243 2016 345 2043 laboris
363 2016 389 2043 in
407 2016 516 2043 virtutis
531 2017 620 2044 studio
635 2017 761 2043 exhausti
778 2015 932 2042 mercedem
955 2015 1033 2041 inve-

245 2063 364 2094 niamus,
380 2069 409 2089 ιιι
425 2062 572 2096 perfectius
587 2062 643 2088 illic
659 2062 757 2089 summi
775 2062 837 2088 boni
858 2061 996 2088 consortio
1008 2065 1036 2087 et

243 2109 476 2143 contemplatiOne
502 2108 646 2140 fruamur;
666 2116 746 2143 quem
764 2108 872 2140 quidem
887 2115 972 2134 sacrae
987 2115 1036 2134 no-

244 2160 308 2182 stra:
324 2155 473 2190 disciplinae
493 2154 588 2186 ﬁnem,
606 2160 661 2181 tum
680 2155 754 2184 libri.
772 2159 827 2180 tmn
846 2155 944 2181 anima:
960 2156 1032 2180 theo-

246 2201 325 2235 logiae
342 2201 420 2228 laude
434 2201 573 2233 ﬂorentes,
590 2208 650 2227 esse
666 2201 837 2235 prolitenlnr.

281 2247 362 2282 210
388 2246 484 2274 XVlll.
506 2246 576 2279 Quid
599 2246 687 2273 adhuc
711 2245 856 2279 superest?
879 2245 945 2272 nihil
962 2244 1035 2272 aliud

244 2299 320 2319 certe
339 2293 388 2319 nisi
409 2298 438 2319 ut
450 2293 585 2319 sermonis
599 2291 772 2323 medicinam,
787 2288 829 2322 iis,
842 2290 886 2324 qui
902 2291 929 2316 iu
942 2289 1036 2317 dolore

357 2358 619 2385 Γυναικωνίτισιν.
643 2367 652 2383 ι
669 2357 810 2384 Mulierum
825 2356 965 2388 conclave,
983 2363 1028 2383 so-

245 2393 429 2468 Ῠξὲἓῗῗᾶὧγ
448 2427 526 2455 ἄλλο
547 2437 583 2454 τι.
609 2427 692 2463 Regg.
717 2428 776 2460 bm,
798 2426 904 2459 liu,0r.
926 2427 953 2459 1,
975 2427 1034 2455 οὐδὲ

244 2462 561 2533 ωἲὲὂῖιὶῖροτιθέντες.
587 2498 647 2525 Νοιι
673 2501 744 2524 recte
766 2497 871 2533 Billins,
893 2507 904 2523 ‹
923 2499 1034 2531 praemia

247 2532 438 2568 prominentes.
457 2542 466 2558 ι
485 2533 623 2568 Siquidem
637 2541 687 2560 vox
701 2534 762 2561 ista.
777 2532 963 2568 προτιθέντες,
982 2542 1034 2560 non

247 2567 391 2603 ὸιίνέφηῆοι
407 2577 415 2592 ι
431 2567 557 2603 juvenes,
573 2577 582 2593 ι
600 2568 644 2593 sed
658 2569 694 2603 ad
713 2567 818 2601 ἀγῶνες
835 2578 843 2593 t
856 2570 1033 2598 certamina.)

248 2602 343 2630 referri
369 2604 459 2630 debet.
484 2602 541 2629 Non
566 2603 639 2629 enim
655 2602 769 2636 juvenes
793 2604 901 2636 przcmia
927 2605 953 2630 in
977 2611 1037 2629 eer-

247 2639 394 2699 }animibus
418 2638 622 2672 proponebant,
649 2637 696 2664 sed
722 2638 860 2672 proposita
887 2645 1037 2673 conseque-

257 2679 355 2699 )antur.

284 2692 587 2747 ii€iihywcaﬁnau
610 2709 676 2744 Reg.
703 2708 749 2742 hu,
780 2707 828 2736 0r.
857 2709 883 2743 1,
907 2707 963 2735 les.
984 2707 1022 2742 ἀφ

246 2751 393 2771 οσιουνται.
463 2767 466 2770 .

286 2778 340 2812 (55)
367 2779 480 2814 Ἀλογίᾳ
500 2779 624 2812 πάθους.
644 2778 726 2807 Coisl.
743 2778 773 2811 1,
791 2779 902 2813 ἀλογίαν
921 2778 1034 2810 πάθους.

250 2812 394 2850 Regrcod.
412 2812 508 2850 ἀλογίᾳ
524 2814 652 2850 πλήθους,
670 2823 680 2840 t
700 2815 803 2850 stolidae
821 2812 927 2850 plebi.)

285 2847 342 2882 (56)
361 2847 577 2884 Κινούμεύον..ζ
597 2850 681 2876 ἐόν...
705 2848 878 2884 φυλάσσον.
896 2848 941 2876 Sic
953 2847 1037 2882 Regg.

250 2883 307 2915 bm,
320 2883 521 2916 bu,tresGolb..
531 2885 616 2912 Coisl.
626 2886 651 2915 l.
662 2885 710 2912 Or.
720 2885 747 2917 1,
759 2890 787 2911 et
799 2884 856 2912 les.
871 2884 940 2911 Edit.
950 2884 1040 2910 κινού-

1086 1559 1171 1594 μένας
1185 1559 1273 1593 ἀξίας.
1286 1560 1392 1592 καὶτὰς
1406 1560 1574 1596 ψευδομένας
1590 1562 1672 1596 τιμὰς
1686 1562 1754 1596 (59),
1766 1564 1813 1589 καὶ
1826 1563 1875 1598 τὴν

1085 1605 1128 1632 διὰ
1144 1605 1198 1631 τῶν
1218 1605 1369 1640 αἰσθήσεων
1382 1606 1502 1642 πλάνην,
1517 1607 1564 1634 καὶ
1581 1606 1629 1643 τὴν
1643 1608 1690 1634 τοῦ
1708 1608 1765 1643 βίου
1779 1609 1874 1635 τούτου

1085 1651 1238 1687 περιφορὰν
1248 1671 1256 1683 ,
1276 1651 1324 1678 καὶ
1344 1652 1393 1687 τὴν
1410 1652 1504 1688 ὥσπερ
1519 1654 1547 1680 ὲν
1561 1654 1732 1690 νυκτομαχίᾳ
1745 1655 1874 1690 σύγχυσίν

1085 1704 1114 1722 τε
1130 1696 1178 1722 καὶ
1195 1696 1323 1730 ἄγνοιαν,
1345 1697 1450 1732 βασιλεῖ
1468 1697 1507 1734 τῷ
1533 1699 1643 1734 μεγάλῳ
1666 1702 1873 1736 περιστάμενος,

1085 1743 1130 1769 καὶ
1152 1742 1199 1769 τοῦ
1227 1743 1331 1769 ἐκεῖθεν
1360 1744 1449 1778 φωτὸς
1484 1745 1687 1781 πληρούμενος·
1715 1744 1745 1774 οὗ
1773 1747 1875 1783 μικρὰν

1084 1788 1223 1824 ἀπορροὴν
1236 1789 1360 1815 ἐντεῦθεν
1371 1789 1523 1825 δεξάμενοι,
1536 1792 1599 1818 ὅσον
1612 1792 1641 1819 ὲν
1655 1792 1796 1828 ἐσόπτροις
1810 1801 1875 1827 φαν-

1084 1832 1213 1865 τάξεσθαι
1237 1833 1292 1869 (60)
1315 1835 1362 1861 καὶ
1385 1836 1561 1871 αἰνίγμασιν,
1589 1838 1656 1873 αὐτῇ
1677 1839 1708 1873 τῇ
1734 1840 1808 1874 πηγῇ
1828 1837 1875 1866 τοῦ

1086 1877 1169 1904 καλοῦ
1186 1878 1255 1913 μετὰ
1270 1879 1358 1907 ταῦτα
1372 1880 1541 1916 ἐντύχοιμεν,
1560 1882 1673 1918 καθαρῷ
1692 1883 1729 1918 νῷ
1752 1883 1875 1919 καθαρὰν

1084 1923 1133 1959 τὴν
1155 1924 1284 1960 ἀλήθειαν
1304 1926 1518 1959 ἐποπτεύοντες,
1536 1928 1583 1954 καὶ
1601 1927 1694 1954 τοῦτον
1716 1929 1812 1963 μισθὸν
1832 1929 1876 1956 εὑ-

1086 1971 1242 2006 ρισκόμενοι
1260 1971 1315 2007 (61)
1333 1972 1383 2007 τῆς
1401 1973 1465 2007 περὶ
1479 1973 1510 1999 τὸ
1525 1973 1607 2000 καλὸν
1629 1974 1746 2001 ἐνταῦθα
1764 1975 1874 2009 φιλοπο-

1085 2015 1155 2048 νίας,
1181 2016 1229 2052 τὴν
1255 2017 1425 2053 τελεωτέραν
1449 2019 1538 2045 ἐκεῖσε
1557 2019 1706 2046 τοῦοκαλοῦ
1731 2020 1876 2056 μετουσίαν

1086 2062 1133 2088 κα).
1148 2063 1264 2098 θεωρίαν
1274 2072 1280 2078 ·
1296 2063 1365 2099 ὅπερ
1382 2064 1414 2099 δὴ
1428 2065 1477 2100 τῆς
1493 2065 1630 2101 ἡμετέρας
1642 2065 1718 2098 τέλος
1733 2075 1877 2102 μυσταγω-

1085 2110 1149 2144 γίας
1168 2110 1253 2146 βίϐλοι
1266 2119 1295 2136 τε
1309 2111 1356 2138 καὶ
1372 2110 1455 2146 ψυχαὶ
1469 2111 1588 2147 θεολόγοι
1605 2112 1788 2145 θεσπίζουσιν.

1124 2248 1168 2274 IH’
1185 2247 1218 2274 Τί
1234 2248 1327 2275 λοιπὸν
1345 2248 1386 2275 ἔτι
1413 2249 1486 2285 (62);
1503 2249 1553 2285 τὴν
1577 2250 1610 2277 ὲκ
1633 2249 1712 2285 λόγου
1729 2250 1876 2286 θεραπείαν

1089 2293 1145 2324 τοῖς
1153 2292 1265 2327 ἁλγοῦσι
1275 2296 1477 2329 προσενεγκεῖν.
1487 2295 1569 2330 Μέγα
1579 2295 1607 2324 δὲ
1617 2296 1673 2327 τοῖς
1683 2295 1809 2323 πενθοῦσι
1821 2296 1875 2333 (65)

1088 2367 1200 2394 μενος...
1215 2359 1299 2387 ὲῶν...
1318 2361 1482 2395 φυλάσσων.’

1123 2395 1182 2432 (5η
1207 2395 1454 2432 Ἀποδξδώκαμεν.
1465 2398 1530 2431 Reg.
1542 2397 1588 2429 hu,
1597 2396 1782 2432 ἐπεδώκαμεν.
1794 2398 1875 2426 Coisl.

1088 2429 1114 2461 1,
1129 2429 1223 2466 ιςιᾲιυε.
1241 2429 1406 2466 δεδώκαμεν.

1123 2463 1179 2498 (58)
1205 2463 1417 2494 Ἀναπαύἁαια
1430 2466 1513 2501 Regg.
1526 2466 1635 2500 bm,hn,
1653 2470 1707 2494 tres
1719 2467 1806 2501 ηοω,
1818 2468 1874 2497 Jes.

1087 2499 1241 2526 ἀναπαύσῃ.

1107 2507 1241 2535 ναπαυσῃ.

1085 2534 1254 2595 “(lg-Signia
1266 2534 1321 2569 τὰς
1337 2536 1528 2572 ψευδομένας
1541 2536 1637 2571 τιμάς.
1653 2536 1715 2564 Haec
1735 2538 1832 2565 desunt
1849 2539 1875 2566 in

1111 2577 1154 2603 eg.
1168 2577 1222 2596 nm.

1121 2604 1177 2642 (βο)
1199 2605 1410 2635 Φαντάζεσθαι.
1430 2606 1496 2641 Reg.
1509 2607 1564 2638 bin,
1579 2606 1661 2634 Coisl.
1673 2606 1700 2639 2,
1713 2606 1760 2634 0r.
1776 2608 1800 2639 1,
1813 2617 1878 2642 φαν-

1085 2639 1208 2678 τάζεται·
1229 2649 1238 2665 ι
1257 2642 1386 2668 hactenus
1407 2647 1435 2668 ut
1458 2639 1484 2669 ni
1503 2643 1622 2676 speculis
1638 2647 1664 2668 et
1689 2639 1876 2678 wntgtnatibus

1086 2675 1274 2710 iul‘ormenms,
1291 2678 1449 2710 cogitemus.
1470 2687 1480 2702 ι

1122 2709 1176 2743 (61)
1195 2711 1420 2748 Ερρισκόμενοι.
1441 2712 1507 2746 ιιι-ε.
1531 2720 1556 2740 a.
1579 2712 1625 2744 Im,
1645 2715 1673 2739 et
1686 2711 1734 2740 0r.
1759 2713 1785 2744 1,
1800 2713 1875 2748 εὑρί-

1087 2752 1208 2779 σκοιμεν.
1225 2746 1290 2778 Quae
1308 2747 1386 2773 let-tio
1403 2748 1497 2774 melior
1512 2748 1628 2774 videtur.

1122 2779 1179 2814 (62)
1201 2782 1231 2807 Tl
1245 2781 1354 2808 λοιπὸν
1376 2782 1434 2814 En,-
1454 2782 1548 2809 Comb.
1574 2781 1606 2808 Τί
1632 2780 1679 2808 οὖν
1703 2781 1758 2815 Eu;
1779 2791 1789 2808 ι
1806 2782 1875 2815 Quid

1087 2815 1307 2851 ergoqsupcresr?
1322 2825 1428 2851 nempe.
1447 2827 1457 2842 ι
1474 2821 1526 2844 etc.

1124 2849 1180 2889 (ϐξ)
1195 2849 1435 2889 ,Τοῖςξμπεφςθοῧσιο
1454 2853 1532 2880 Deest
1554 2851 1580 2880 in
1596 2851 1702 2880 duobus
1711 2850 1809 2889 ηοω,
1823 2851 1877 2880 tri-

1090 2884 1139 2912 bus
1154 2885 1244 2917 Colb.,
1260 2886 1306 2914 0r.
1322 2887 1348 2916 1.
1365 2893 1392 2914 et
1408 2887 1463 2915 Jes.
