2069 3131
227 114 284 160 m‘

622 133 753 160 ORATIO
776 133 830 160 Vll.
852 148 884 153 —-
905 133 938 159 ΙΝ
960 130 1102 160 LAUDEM
1121 133 1271 162 CESARII
1291 133 1450 162 FRATRIS.

1802 134 1852 162 778

227 193 258 218 ’τὸ
283 189 359 225 παρὰ
379 189 433 216 τῶν
456 189 658 223 συναλγούντων
684 190 845 225 φάρμακον·
866 190 912 215 καὶ
934 189 958 215 οἱ
987 189 1017 215 τὸ

1069 195 1220 223 versantur,
1243 191 1429 218 adhibeamus.
1448 191 1572 226 Magnum
1591 199 1671 225 porro
1698 191 1851 226 lugentibus

229 235 285 262 ῐσον
300 234 347 262 τοῦ
369 234 470 266 πάθους
484 234 590 268 ἔχοντες
607 233 688 260 πλέον
704 234 772 260 εἰσὶν
788 235 827 265 εἰς
840 233 1016 268 παραμυθίαν

227 282 283 313 τοῖς
303 280 464 316 πάσχουσιν.
490 281 616 307 Μάλιστα.
640 281 688 314 μὲν
715 278 762 307 οὖν
785 280 852 314 πρὸς
878 279 1017 311 τοιούτους

226 327 301 354 ἐστὶν
318 327 382 363 ἡμῖν
398 327 413 353 ὁ
426 326 518 360 λόγος·
535 326 606 361 ὑπὲρ
621 323 657 352 ὧν
675 325 853 361 αἰσχυνοίμην
871 325 918 357 ἂν,
939 325 963 351 εί
980 325 1016 361 μὴ

227 370 353 406 καθάπερ
366 371 446 398 ἄλλου
467 370 566 402 παντὸς
586 370 640 396 τῶν
657 370 758 400 καλῶν,
774 369 845 397 οὕτω
857 371 905 397 καὶ
919 378 1017 405 καρτε-

230 417 292 453 ρίας
318 417 354 444 τὰ
378 416 474 453 πρῶτα
499 417 633 452 φέροιντο.
659 417 715 443 Καὶ
738 416 793 452 γὰρ
815 417 839 442 εἰ
860 416 1016 450 φιλόπαιδες

228 462 338 490 πάντων
365 462 475 497 μᾶλλον,
497 461 565 488 ἀλλὰ
586 462 633 488 καὶ
657 461 765 488 πάντων
791 460 890 496 μᾶλλον
910 460 1016 496 φιλόσο-

227 517 272 543 φοι
289 508 344 544 (64)
359 509 406 535 καὶ
420 508 603 543 φιλόχριστοι,
623 507 670 534 καὶ
687 507 736 542 τὴν
753 506 878 533 ἐντεῦθεν
897 506 1016 541 μετάϐα-

228 564 270 582 σιν
288 556 320 582 ὲκ
336 555 459 586 πλείονος
478 555 554 581 αὐτοι
570 563 600 580 τε
619 554 830 590 μελετήσαντες,
849 554 895 580 καὶ
909 555 973 585 τοὺς
987 553 1017 585 ἐξ

227 602 315 629 αὐτῶν
330 601 498 634 διδάξαντες·
518 601 616 636 μᾶλλον
632 601 660 627 δὲ
682 601 728 627 τὸν
744 600 798 636 βίον
819 600 879 626 ὅλον
901 599 1016 635 μελέτην

226 648 331 679 λύσεως
351 648 556 683 ἐνστησάμενοι.
574 648 606 674 Εἰ
619 647 647 674 δὲ
664 647 704 673 ἔτι
722 647 752 673 τὸ
772 646 857 678 πάθος
877 646 1017 672 ἐπισκοτεῖ

226 695 283 725 τοῖς
296 694 445 728 λογισμοῖς,
460 693 507 720 καὶ
520 693 648 729 καθάπερ
661 693 735 728 λήμη
748 701 790 724 τις
817 692 863 718 τὸν
877 691 1015 727 ὀφθαλμὸν

227 738 395 769 ὑπελθοῦσα,
412 738 540 774 καθαρῶς
557 738 670 765 συνιδεῖν
684 738 733 764 οὐκ
747 739 779 773 ἐᾷ
794 738 826 764 τὸ
840 737 898 764 δέον
908 746 914 752 '
937 738 1013 772 φέρε,

224 784 338 816 δέξασθε
355 784 528 820 παράκλησιν
540 804 547 816 ,
569 785 594 810 οἱ
614 784 794 820 πρεσϐύτεροι
812 783 860 810 τοῦ
881 783 952 816 νέου,
968 784 1015 810 καὶ

224 829 272 855 τοῦ
297 829 393 861 παιδὸς
410 830 434 856 οἱ
454 830 581 865 πατέρες,
598 830 645 856 καὶ
664 829 711 856 τοῦ
735 829 918 856 νουθετεῖσθαι
940 829 1014 864 παρὰ

1069 238 1244 272 pbartnacum
1260 236 1325 263 illud
1338 241 1389 268 est,
1402 237 1472 270 quod
1485 237 1518 263 ah
1532 237 1575 267 iis.
1590 237 1635 271 qni
1648 238 1741 264 eodem
1758 238 1852 266 dolore

1068 279 1157 306 allecti
1184 284 1263 311 sunt,
1288 280 1451 315 porrigitur,
1483 287 1510 307 et
1536 281 1582 315 qui
1609 282 1667 316 pari
1694 281 1852 310 calamitate

1067 329 1237 359 premuntur,
1255 325 1383 360 majorem
1399 326 1468 360 apud
1481 333 1528 353 eos
1539 346 1546 358 ,
1563 327 1607 361 qui
1623 328 1791 361 cruciantur,
1818 330 1852 356 ad

1067 371 1260 398 consolandum
1286 371 1479 399 auctoritatem
1504 372 1614 401 habent.
1639 373 1680 400 Ad
1710 382 1757 401 eos
1787 382 1851 410 ergo

1067 417 1234 451 potissimum
1246 416 1334 442 oratio
1346 417 1422 444 nobis
1434 422 1493 443 erat
1505 426 1512 444 :
1526 424 1641 452 quormn
1656 425 1737 445 causa
1751 421 1852 454 pudore

1067 462 1188 496 prol‘ccto
1201 461 1381 494 sulIunderer,
1405 462 1426 488 si
1447 470 1518 495 non,
1542 467 1572 489 ut
1596 463 1709 490 aliarum
1726 465 1850 492 onmium

1067 509 1208 540 virtutum,
1224 509 1264 536 sic
1283 511 1364 535 etlam
1380 509 1518 542 patientize
1534 509 1636 543 primas
1651 509 1763 537 ferrent.
1779 510 1848 537 Nam

1067 555 1118 581 etsi
1134 562 1227 581 amore
1241 562 1305 588 erga
1321 555 1391 581 lilios
1409 554 1536 581 mortales
1551 562 1647 596 omnes
1667 562 1807 590 sttpcrant,
1822 563 1851 584 at

1066 601 1147 627 etiam
1167 600 1300 634 sapientia
1322 605 1348 626 et
1368 599 1469 628 Christi
1491 607 1585 627 amore
1607 605 1720 627 cunctos
1739 606 1848 629 antece-

1066 647 1149 678 dunt,
1164 654 1196 673 ac
1212 647 1400 681 migrationem
1418 655 1450 673 ex
1476 648 1527 674 hac
1559 648 1613 674 vita
1633 646 1795 682 jampridem
1823 654 1852 676 ct

1066 692 1115 726 ipsi
1141 692 1262 718 meditati
1286 697 1365 723 sunt.
1383 697 1410 719 et
1424 692 1524 719 liberos
1547 693 1707 728 docuerunt,
1731 695 1790 728 vel,
1821 701 1851 723 ut

1066 737 1167 764 rectius
1187 737 1297 771 loquar,
1323 742 1404 765 totam
1431 739 1513 766 vitam
1534 739 1571 766 ita
1595 740 1791 770 instituerunt.
1819 749 1847 770 ιιι

1065 784 1132 811 nihil
1147 784 1230 815 aliud,
1245 791 1325 819 quam
1338 785 1432 812 mortis
1448 785 1587 812 meditatio
1597 786 1643 813 sit.
1656 787 1732 820 Quod
1748 789 1769 815 si
1783 789 1847 822 quid

1066 830 1237 856 tenebrarqu
1257 829 1353 856 rationi
1374 830 1451 856 dolor
1473 830 1603 863 υιιυηιιιι,
1629 839 1660 859 ac
1682 832 1848 867 lippitudinis

224 876 279 902 ’τῶν
294 876 462 911 τηλικούτων
484 877 649 912 ὀφείλοντος,
668 878 692 903 οἱ
708 876 822 908 πολλοὺς
837 875 1015 910 νουθετήσαν-

1065 874 1204 907 cujusdam
1219 874 1305 901 instar
1326 874 1420 902 oculos
1444 875 1554 902 subiens
1565 896 1573 907 ,
1596 877 1670 904 clare
1686 879 1779 906 videre
1794 886 1847 907 n0n

224 930 280 953 τες,
295 922 341 949 καὶ
355 921 394 957 τῷ
405 922 495 958 πολλῷ
507 922 595 958 χρόνῳ
607 922 655 957 τὴν
670 922 815 957 ἐμπειρίαν
829 921 1012 954 συλλέξαντες.

224 969 390 1004 Θαυμάσητε
406 968 434 995 δὲ
451 969 545 1004 μηδὲν,
563 970 587 995 εἰ
602 969 661 1000 νέος
676 968 793 995 νουθετῶ
805 968 950 1004 γέροντας·
967 968 1014 994 καὶ

223 1014 302 1041 τοῦτο
319 1015 469 1050 ὑμέτερον,
486 1015 513 1042 εῖ
529 1024 554 1042 τι
571 1015 666 1047 πολιᾶς
689 1015 800 1050 ἄμεινον
821 1016 935 1050 συνορᾷν
949 1014 1012 1050 ἔχω.

224 1062 311 1089 Πόσον
324 1062 364 1089 ἔτι
379 1061 543 1097 βιωσώμεθα
558 1062 614 1096 (65)
632 1063 742 1097 χρόνον,
758 1059 780 1088 ὦ
796 1061 884 1096 τίμιαι
912 1061 1013 1092 πολιαὶ,

224 1107 271 1134 καὶ
289 1107 348 1142 Θεῷ
370 1107 587 1142 πλησιάζουσαι;
606 1106 691 1133 Πόσον
713 1106 830 1133 ἐνταῦθα
855 1106 1015 1141 κακοπαθήη

225 1162 316 1188 σωμεν
330 1153 386 1188 (66)
399 1161 406 1185 ;
420 1153 487 1179 Οὐδὲ
501 1154 515 1179 ό
532 1153 586 1184 πᾶς
602 1151 753 1187 ἀνθρώπων
771 1153 826 1187 βίος
847 1152 961 1187 μακρὸς,
977 1152 1014 1183 ὡς

223 1201 256 1235 τῇ
273 1199 333 1235 θεία
350 1199 430 1234 φύσει
446 1199 492 1225 καὶ
511 1198 682 1233 ἀτελευτήτῳ
703 1198 872 1233 παραϐαλεῖν
888 1198 955 1232 (67),
977 1198 1014 1233 μὴ

222 1247 264 1273 ὃτι
277 1246 308 1273 τὸ
324 1246 373 1282 τῆς
390 1245 463 1279 ζωῆς
475 1245 616 1279 λείψανον,
633 1244 707 1279 καὶὴ
724 1243 810 1276 λύσις,
828 1244 865 1274 ὡς
880 1244 913 1270 ἂν
927 1245 1013 1270 εἴποι-

225 1301 286 1328 μεν,
308 1293 358 1328 τῆς
383 1292 558 1328 ἀνθρωπίνης
583 1290 679 1326 πνοῆς,
703 1291 750 1317 καὶ
774 1290 821 1316 τοῦ
847 1289 1013 1325 προσκαίρου

225 1338 283 1373 βίου
305 1339 340 1365 τὰ
360 1339 514 1365 τελευταῖα.
543 1337 627 1364 Πόσον
653 1337 727 1372 ἡμᾶς
751 1336 819 1371 ἔφθη
847 1336 1012 1370 Καισὰριος;

224 1386 311 1412 Πόσον
329 1385 367 1412 ἔτι
381 1385 426 1412 τὸν
444 1385 596 1412 ἀπελθόντα
613 1384 800 1418 πενθήσομεν;
822 1383 859 1410 Oti
881 1383 948 1418 πρὸς
964 1382 1014 1418 τὴν

223 1431 308 1466 αὐτὴν
323 1431 490 1466 ἐπειγόμεθα
504 1431 586 1466 μονήν
597 1438 604 1461 ;
617 1429 654 1456 Οὐ
669 1429 715 1456 τὸν
730 1429 810 1456 αὑτὸν
825 1428 1013 1464 ὑποδυσόμεθα

223 1476 296 1503 λίθον
318 1476 435 1507 exhalata;
457 1476 514 1510 Οὐχ
530 1476 547 1511 ἡ
564 1475 632 1510 αὑτὴ
654 1475 728 1505 κόνις
745 1474 815 1509 μετὰ
839 1474 936 1509 μικρὸν
953 1474 1014 1500 ἐσό-

225 1522 310 1558 μεθα;
337 1523 374 1548 Οὐ
396 1522 523 1548 τοσοῦτον
549 1520 732 1557 κερδανοῦμεν
760 1521 788 1546 ἐν
814 1522 874 1552 ταῖς
900 1521 1013 1556 μικραῖς
1026 1538 1048 1567 C

223 1569 335 1600 ταύταις
358 1569 485 1603 ἡμέραις,
499 1568 560 1594 ὅσον
583 1567 668 1594 πλείω
685 1567 768 1598 κακὰ,
787 1567 822 1593 τὰ.
839 1567 888 1602 μὲν
905 1567 1013 1599 ίδόντες,

222 1615 257 1641 τὰ
270 1614 299 1641 δὲ
314 1614 456 1646 παθόντες,
471 1613 505 1639 τὰ
524 1613 553 1640 δὲ
567 1613 615 1639 καὶ
631 1612 783 1649 πράξαντες
797 1613 873 1643 ἴσως,
893 1611 1015 1647 λειτουρ-

223 1660 307 1695 γῆσαι
319 1659 357 1695 τῷ
370 1660 420 1694 τῆς
436 1658 543 1693 φύσεως
559 1659 635 1693 νόμῳ
649 1658 698 1694 τὴν
714 1658 807 1693 κοινὴν
821 1657 950 1693 εἰσφορὰν
966 1658 1013 1684 καὶ

224 1705 381 1736 ἀσάλευτον,
399 1706 512 1736 καὶτοῖς
527 1704 575 1739 μὲν
589 1704 761 1736 ὲπαπελθεῖν,
776 1704 830 1730 τῶν
839 1704 866 1730 δὲ
877 1703 1014 1739 προαπελ-

224 1750 290 1782 θεῖν,
310 1750 436 1782 καὶτοὺς
457 1750 505 1785 μὲν
525 1749 659 1780 κλαῦσαι,
684 1749 737 1776 ὑπὸ
753 1749 782 1775 δὲ
800 1748 854 1774 τῶν
875 1748 1015 1783 θρηνηθῆ-

223 1806 279 1828 vat,
305 1797 351 1824 καὶ
375 1797 440 1832 παρ’
466 1796 553 1824 ἄλλων
581 1795 735 1822 ἀντιλαϐεῖν
757 1795 787 1821 ὃν
815 1795 870 1830 (68)
905 1803 1013 1830 προεισ-

223 1842 378 1878 ηνέγκαμεν
395 1841 485 1873 ἄλλοις
501 1841 554 1868 τῶν
571 1839 697 1876 δακρύων
721 1840 835 1875 ἔρανον;

1066 920 1131 946 sinit
1151 921 1177 947 id
1192 921 1264 954 quod
1279 926 1323 948 est
1337 920 1434 953 oﬂicii;
1453 922 1566 956 agedum
1579 941 1585 954 ,
1597 922 1705 956 juvenis
1719 925 1848 952 exhorta-

1067 967 1168 994 tionem
1181 974 1260 994 senes
1273 967 1397 1001 accipite,
1414 972 1442 994 et
1458 968 1504 994 lilii
1523 974 1660 1003 parentes,
1677 975 1704 997 et
1718 970 1788 1005 ejus,
1800 972 1847 1006 qui

1065 1021 1080 1038 a
1095 1012 1193 1039 talibus
1216 1013 1402 1040 admonendus
1417 1019 1468 1046 est,
1486 1021 1534 1041 vos
1545 1034 1553 1046 ,
1571 1015 1618 1049 qui
1634 1015 1733 1043 multos
1751 1017 1848 1044 admo-

1066 1059 1180 1091 uuistis,
1200 1066 1232 1086 ac
1245 1059 1324 1094 longo
1344 1064 1465 1094 tempore
1484 1068 1573 1086 rerum
1591 1069 1668 1088 usum
1689 1061 1847 1097 collegistis.

1065 1104 1120 1131 Nec
1141 1111 1205 1132 vero
1230 1105 1327 1131 tuirum
1351 1105 1427 1132 vobis
1449 1105 1581 1138 videatur,
1595 1107 1617 1132 si
1637 1106 1745 1140 juvenis
1769 1115 1849 1135 senes

1066 1158 1191 1178 moneam
1210 1160 1216 1177 :
1234 1158 1295 1177 nam
1323 1151 1375 1178 hoc
1398 1159 1505 1186 quoqtte
1520 1158 1641 1179 vestrum
1660 1157 1718 1185 est,
1739 1153 1761 1180 si
1784 1155 1848 1187 quid

1065 1197 1164 1224 canitie
1180 1197 1281 1224 rectius
1303 1198 1458 1231 prospicere
1474 1205 1593 1231 possum.
1609 1198 1744 1231 Quantum
1760 1200 1850 1227 adhuc

1066 1243 1195 1276 temporis
1208 1243 1340 1274 vivemus,
1359 1244 1503 1270 venerandi
1517 1251 1595 1271 senes
1614 1249 1694 1279 atque
1713 1245 1745 1272 ad
1765 1245 1848 1272 Deum

1065 1289 1331 1323 appropinquantes?
1357 1289 1480 1322 Quaudiu
1507 1290 1551 1317 hic
1575 1289 1785 1318 alﬂictabimur?
1811 1291 1849 1317 Ne

1066 1340 1121 1361 tota
1136 1335 1245 1369 quidem
1260 1335 1398 1362 hominum
1414 1335 1468 1362 vita
1484 1335 1562 1370 longa
1574 1342 1628 1369 est,
1643 1336 1665 1363 si
1680 1344 1741 1364 cum
1756 1338 1848 1365 divina

1065 1385 1093 1407 et
1113 1380 1275 1414 sempiterna
1292 1386 1388 1408 natura
1405 1388 1587 1417 comparetur,
1606 1382 1703 1409 nedum
1731 1386 1771 1410 lue
1786 1384 1849 1412 vitae

1066 1426 1194 1461 reliquiae,
1213 1432 1304 1461 atque,
1320 1431 1348 1453 ut
1371 1427 1408 1454 ita
1426 1428 1528 1461 dicam,
1548 1429 1705 1462 spirationis
1721 1430 1846 1457 humanae

1066 1472 1164 1499 solutio
1176 1492 1184 1505 ,
1208 1480 1240 1500 ac
1256 1473 1334 1500 ﬂuxa;
1351 1479 1378 1500 et
1397 1474 1506 1500 caduca:
1533 1475 1594 1501 vita:
1620 1475 1691 1503 linis.
1710 1475 1847 1508 Quantum

1067 1525 1116 1546 nos
1136 1518 1283 1546 antevertit
1303 1519 1454 1546 Caesarius?
1474 1520 1596 1553 Quandiu
1610 1522 1699 1549 adhuc
1712 1523 1770 1556 ejus
1790 1523 1848 1549 dis-

1064 1572 1143 1592 cessu
1165 1565 1315 1600 augentur?
1329 1565 1423 1592 Nonne
1447 1566 1480 1593 ad
1501 1567 1623 1594 eamdem
1647 1569 1738 1596 sedem
1756 1577 1851 1604 prope-

1066 1611 1178 1638 ramus?
1192 1610 1287 1638 Nonne
1304 1612 1428 1638 eumdem
1446 1611 1561 1646 lapidem
1577 1615 1668 1641 statim
1681 1616 1858 1644 subibimus?‘

1064 1656 1159 1684 Nonne
1183 1657 1252 1684 idem
1272 1657 1361 1691 pulvis
1387 1658 1466 1691 paulo
1488 1663 1548 1692 post
1566 1659 1691 1687 erimus?
1705 1661 1798 1689 Nonne
1814 1671 1849 1690 ex

1065 1702 1158 1736 paucis
1176 1702 1217 1730 his
1232 1702 1336 1734 diebus,
1354 1704 1399 1736 qui
1421 1709 1535 1736 restant,
1551 1704 1603 1732 hoe
1620 1705 1686 1732 lucri
1706 1706 1847 1740 faciemus,

1064 1752 1092 1774 ut
1116 1748 1194 1782 plura
1229 1749 1299 1775 mala
1327 1749 1425 1782 partim
1448 1749 1599 1782 videamus,
1630 1752 1727 1785 partim
1760 1755 1847 1787 patia-

1065 1802 1136 1827 mur,
1159 1795 1255 1828 partim
1276 1795 1358 1822 etiam
1389 1794 1504 1822 fortasse
1531 1796 1676 1828 faciamus.
1696 1804 1777 1834 atque
1810 1801 1848 1829 ita

1066 1840 1172 1868 tandem
1197 1841 1247 1876 ipsi
1272 1848 1379 1876 quoque
1402 1846 1504 1869 natura!
1523 1842 1575 1877 legi
1594 1851 1738 1873 commune
1751 1854 1783 1874 ac
1799 1847 1849 1874 lir-

225 1896 297 1916 mum
322 1894 349 1916 et
372 1889 467 1916 stabile
490 1888 616 1916 tributum
638 1890 801 1922 pendamus,
826 1893 905 1922 atque
929 1888 997 1915 alios
1015 1895 1171 1923 sequamur,
1209 1889 1276 1916 alios
1316 1890 1517 1924 precedamus,
1552 1896 1633 1925 atque
1649 1892 1717 1921 alios
1740 1895 1849 1923 quidem

224 1936 364 1971 lugeamus
375 1955 383 1966 ,
400 1935 434 1962 ah
449 1935 510 1962 aliis
530 1936 681 1969 lugeamnr,
697 1943 849 1970 munusque
871 1936 1061 1971 lacrymarum,
1074 1937 1145 1971 quod
1157 1937 1217 1964 aliis
1231 1937 1406 1970 contulimus,
1422 1938 1456 1965 ab
1467 1938 1526 1965 aliis
1544 1939 1725 1973 recipiamus?

261 1985 311 2011 18'.
329 1984 456 2016 Τοιοῦτος
474 1985 489 2011 ό
510 1984 566 2019 βίος
582 1983 671 2019 ἡμῶν,
692 1983 818 2018 ἀδελφοὶ,
835 1984 889 2011 τῶν
909 1984 1018 2016 ζώντων

225 2031 397 2067 πρόσκαιραε
413 2030 518 2057 τοιοῦτο
533 2031 563 2056 τὸ
575 2031 621 2056 ἐπὶ
635 2031 687 2064 γῆς
709 2030 849 2063 παίγνιον·
872 2031 922 2056 οὐκ
936 2030 1017 2062 ὄντας

224 2076 365 2110 γενέσθαι,
382 2076 430 2103 καὶ
444 2075 606 2111 γενομὲνους
631 2074 806 2111 ἁναλυθῆναι.
829 2076 916 2110 ὐναρ
930 2075 1015 2110 ἐσμὲν

225 2125 274 2158 οὐχ
293 2123 446 2159 ἱστάμενον,
467 2123 563 2157 φάσμα
581 2131 608 2148 τι
627 2122 664 2157 μὴ
688 2121 885 2157 κρατούμενον.
913 2121 1013 2156 πτῆσις

1103 1985 1174 2013 XIX.
1196 1985 1333 2019 Ejusmodi
1363 1987 1417 2012 vita
1447 1991 1540 2014 nostra
1571 1991 1621 2020 est,
1654 1987 1771 2021 fratres,
1802 1991 1848 2025 qni

1066 2031 1164 2059 ﬂuxam
1185 2032 1266 2058 vitam
1287 2031 1409 2059 ducimus
1428 2038 1435 2057 :
1454 2032 1588 2066 ejusmodi
1612 2033 1726 2062 interra
1747 2034 1848 2064 ludus:

1065 2083 1094 2103 ut
1112 2084 1172 2104 cum
1196 2084 1248 2103 non
1265 2076 1349 2104 simus
1363 2095 1370 2108 ,
1394 2084 1552 2109 nascantur,
1573 2085 1633 2104 cttm
1658 2079 1714 2106 nati
1737 2087 1848 2112 sumus,

1064 2131 1168 2150 rursum
1194 2123 1382 2150 dissolvantur.
1398 2123 1476 2157 211
1499 2122 1663 2150 Insomnium
1685 2132 1779 2153 sumus
1802 2128 1851 2154 mi-

225 2170 319 2206 ὀρνέου
340 2169 546 2205 παρερχομένου
556 2188 563 2199 ,
578 2168 644 2200 ναῦς
658 2168 704 2194 επὶ
715 2167 853 2202 θαλάσσης
875 2168 948 2202 ἴχνος
961 2167 1012 2194 οὐκ

1065 2170 1138 2196 nime
1164 2169 1317 2196 consistens
1343 2169 1377 2200 ⁸⁷.
1392 2175 1528 2203 spectrum
1546 2170 1693 2203 quoddam,
1711 2172 1782 2204 quod
1806 2179 1848 2199 te-

226 2217 341 2252 ἑχουσα,
358 2217 441 2247 κόνις,
464 2216 560 2251 ἀτμὶς,
576 2215 674 2250 ἑωθινὴ
693 2214 805 2250 δρόσος,
827 2214 906 2245 ἄνθος
924 2214 1012 2250 καιρῷ

226 2263 359 2298 φυόμενον
381 2261 453 2296 (60),
474 2262 522 2288 καὶ
547 2261 636 2297 καιρῷ
664 2260 804 2296 λυόμενον.
834 2262 1010 2295 Ἄνθρωπος,

225 2309 297 2336 ὡσεὶ
320 2308 425 2343 χόρτος
446 2311 476 2334 al
489 2306 595 2341 ἡμέραι
614 2307 718 2338 αὐτοῦ,
739 2307 811 2333 ὡσεὶ
839 2307 931 2340 ἄνθος
958 2307 1011 2334 τοῦ

226 2354 328 2389 ἀγροῦ,
341 2354 436 2386 οὕτως
448 2353 623 2385 ἑξανοήσει·
637 2353 726 2384 καλῶς
739 2354 753 2379 ὁ
768 2352 838 2384 θεῖος
851 2353 933 2379 Δαεῖὶδ
947 2353 1010 2389 περὶ

225 2402 274 2436 τῆς
297 2400 438 2431 ἀσθενείας
454 2399 532 2434 ἡμῶν
560 2399 755 2433 ἐφιλοσόφησεν
780 2399 828 2425 καὶ
851 2400 880 2425 ὲν
898 2399 1012 2430 ἐκείνοις

229 2448 306 2474 πάλιν
327 2448 382 2478 τοῖς
403 2446 506 2482 ῥήμασι
519 2454 525 2461 ·
551 2445 609 2479 Τὴν
636 2445 794 2479 ὀλιγότητα
821 2444 879 2471 τῶν
896 2444 1013 2478 ἡμερῶν

224 2502 284 2527 μου
301 2492 480 2527 ἀνάγτειλόν
504 2499 571 2525 μοι·
597 2491 645 2516 καὶ
665 2489 822 2516 παλαιστῶν
843 2490 942 2525 μέτρον
963 2489 1012 2521 τὰς

226 2538 396 2573 ἀνθρωπίνας
420 2538 525 2573 ἡμέρας
547 2536 676 2572 ὁρίζεται.
701 2535 733 2561 Τί
750 2535 772 2561 δ’
790 2534 823 2561 ἂν
840 2535 925 2566 εἴποις
945 2535 1013 2570 πρὸς

261 2585 283 2602 ⁸⁷
303 2585 353 2613 Job
366 2594 411 2619 xx,
425 2586 453 2613 8.
504 2585 528 2600 ⁸⁸
547 2585 610 2619 Sap.
635 2591 662 2617 v,
684 2583 729 2615 10,
748 2583 798 2615 l2;
822 2582 884 2610 Osc.
901 2591 962 2615 χιιι,
982 2583 1008 2611 5.

273 2644 319 2679 64)
339 2645 457 2671 Πάν-των
472 2643 592 2679 μᾶλλον
605 2644 776 2678 φιλόσοφοι.
791 2651 801 2668 ι
817 2643 867 2676 Qui
887 2651 941 2678 pne
954 2652 1010 2670 om-

227 2680 306 2706 nibus
322 2680 504 2713 philosopbari
524 2680 549 2706 in
565 2680 642 2705 malis
659 2684 767 2705 norunt.
786 2688 795 2702 ι

262 2712 523 2775 ἓίήγΒιωσώμεθα.
550 2714 618 2749 Reg.
637 2714 690 2746 bu,
711 2712 757 2740 0r.
783 2713 813 2745 1,
834 2712 890 2741 Jes.

280 2758 306 2775 σο.

248 2756 306 2775 Ξυσ..

339 2783 609 2819 Κακοπαθήσωμεν.
620 2783 687 2810 Tres
706 2784 803 2819 Regg.,
820 2783 874 2810 Jes.
889 2792 1008 2811 κακοπα-

263 2828 354 2844 σοαεν.

263 2828 354 2847 σομεν.

245 2819 354 2854 ήσομεν.

260 2855 316 2890 (67)
341 2855 389 2888 Ὠς
400 2854 437 2889 τῇ
453 2855 525 2889 θείᾳ.
543 2875 548 2880 .
567 2853 758 2883 παοιιῖαλεῖν.
774 2853 839 2889 Reg.
853 2853 907 2888 bm,
918 2854 964 2881 0r.
982 2855 1009 2888 1,

365 2905 501 2934 Ρηιιοι..
519 2903 578 2933 Gn.
598 2903 653 2932 XX
662 2900 728 2932 XV.

915 2713 1009 2748 βιωσό-

1067 2214 1125 2241 neri
1147 2223 1200 2241 non
1226 2219 1327 2248 potest,
1353 2214 1411 2241 avis
1437 2215 1623 2247 praetereuntis
1649 2216 1777 2249 volatus,
1801 2225 1850 2244 ua-

1065 2261 1106 2288 vis
1130 2261 1156 2288 iIt
1183 2261 1249 2288 mari
1273 2260 1415 2294 vestigium
1442 2268 1494 2287 non
1525 2261 1643 2294 habens,
1674 2263 1773 2296 pulvis,
1802 2272 1850 2290 va—

1064 2314 1123 2340 por,
1152 2314 1196 2333 ros
1223 2306 1388 2338 tnatutinns,
1413 2306 1462 2334 ﬂos
1492 2312 1627 2334 momento
1653 2316 1787 2343 nascens,
1822 2316 1849 2338 et

1064 2358 1201 2380 ntorncuto
1225 2359 1396 2379 marcescens
1424 2352 1457 2379 ⁸⁸.
1473 2353 1572 2385 Homo,
1590 2354 1657 2380 sicut
1678 2355 1766 2387 fenum
1792 2356 1848 2383 dies

1061 2400 1129 2434 ejus,
1157 2403 1281 2433 tauquam
1305 2399 1354 2431 [Ias
1377 2398 1493 2432 agri,sic
1522 2398 1642 2433 eﬂlorebit
1672 2400 1705 2426 3".
1733 2400 1849 2428 Pulchre

1062 2446 1139 2473 divus
1169 2445 1251 2472 David
1284 2444 1326 2471 his
1354 2443 1444 2471 verbis
1476 2444 1510 2471 de
1543 2450 1634 2472 nostra
1664 2446 1847 2474 imbecillitate

1062 2490 1265 2524 philosophatus
1291 2495 1349 2521 est,
1382 2490 1607 2524 quemadmodum
1634 2497 1661 2519 et
1696 2493 1722 2519 in
1759 2493 1812 2520 illis
1839 2504 1845 2520 :

1064 2534 1230 2560 Puucitalem
1249 2535 1351 2560 dierum
1374 2542 1491 2561 meorum
1517 2537 1610 2562 nuntia
1628 2537 1692 2563 mihi
1725 2537 1760 2563 ⁸ο.
1777 2538 1846 2571 Quin

1047 2583 1070 2598 ⁸⁸
1091 2583 1164 2611 Psal.
1179 2591 1226 2614 cn,
1244 2583 1289 2610 15.
1328 2583 1350 2598 ’°
1366 2583 1436 2611 Psal.
1449 2592 1487 2616 cr,
1500 2584 1546 2611 9.4.

1058 2644 1113 2672 Jes.
1130 2643 1323 2679 παραϐάλλειν.
1340 2653 1348 2668 ι
1366 2643 1400 2670 Ut
1413 2652 1472 2671 cum
1484 2645 1572 2671 divina
1590 2645 1631 2672 illa
1643 2651 1669 2672 et
1681 2647 1845 2680 sempiterna

1060 2684 1155 2706 natura
1172 2680 1386 2713 conjnngamut':
1404 2685 1433 2706 ut
1449 2680 1483 2707 ad
1501 2681 1620 2708 divinam
1635 2681 1705 2709 hanc
1719 2688 1844 2710 naturam

1058 2714 1228 2741 accedamus.
1247 2723 1256 2739 ι

1095 2749 1150 2784 (68)
1170 2749 1237 2775 ’¹ον.
1252 2748 1338 2784 Coisl.
1353 2748 1381 2779 2,
1395 2745 1442 2776 ὧν.

1095 2784 1151 2819 (69)
1170 2783 1266 2818 Καιρῷ
1285 2784 1446 2818 φυόμενον,
1466 2790 1518 2812 etc.
1541 2785 1634 2821 Dillius
1653 2795 1660 2814 :
1685 2796 1694 2812 ι
1710 2794 1759 2816 suo
1781 2794 1848 2817 tem.

1059 2827 1124 2856 pore
1141 2828 1265 2850 nascens.
1285 2826 1311 2847 υι
1324 2828 1372 2847 SUO
1391 2826 1510 2855 tempore
1527 2829 1706 2850 marcescens.
1725 2832 1736 2849 ι

1631 2901 1670 2932 25
