2069 3131
226 162 277 189 779

842 157 871 185 5.
892 156 1056 185 GREGOlill
1077 155 1247 184 THEOLOGI

1794 150 1846 179 780

225 220 307 246 etiam
318 218 374 246 dies
385 225 515 244 numanos
535 216 613 252 palmi
631 223 784 244 mensuram
795 223 856 243 esse
870 216 1008 243 delinit".

1067 214 1209 250 Ἰερεμίαν,
1226 214 1254 245 ὂς
1272 213 1317 239 καὶ¹
1332 214 1364 248 τῇ
1389 213 1471 247 μητρὶ
1488 210 1543 246 (70)
1562 211 1697 245 μέμφεται
1718 210 1768 244 τῆς
1785 217 1847 243 γεν-

226 266 294 298 Quid
315 269 402 292 autem
425 264 458 291 de
477 263 594 291 Jeremia
617 264 738 295 dixeris,
761 263 807 298 qui
828 262 911 290 etiam
928 262 1008 290 matri

226 314 388 342 succenset,
403 317 432 336 se
447 309 473 336 in
491 310 578 336 lucem
603 310 706 337 editum
720 309 831 341 dolens,
848 308 929 343 idque
947 316 1007 343 pr0<

226 362 286 390 pter
298 357 384 383 aliena
409 361 519 389 peccata
533 356 575 382 "‘2
601 355 697 383 Omnia
717 356 791 388 vidi,
811 355 849 381 ait
872 354 1008 381 Ecclesia-

226 408 282 428 stes
296 402 328 432 'l,
343 401 458 428 humana
473 402 562 428 omnia
580 402 742 435 cogitatione
756 400 894 435 peragravi
907 420 914 432 ,
931 407 1007 434 opes,

226 446 345 478 delicias,
360 447 518 479 potentiam,
533 445 684 473 instabilem
699 445 824 480 gloriam,
844 444 1008 478 Sapientiam

226 499 286 527 qua:
301 491 384 526 magis
395 490 514 525 suﬂ'ugit,
527 499 608 525 quam
619 496 742 518 teneatur
754 500 761 524 ;
775 490 885 518 delicias
900 491 1010 522 iterum,

225 537 385 571 sapientiam
401 537 509 570 iterum,
521 537 614 564 eadem
627 537 725 571 smpius
737 536 894 568 revolvens,
907 536 1012 562 ventris

225 583 374 617 voluptates
386 602 394 615 ,
410 582 503 609 hortos
515 602 522 614 ,
547 582 710 609 famulorum
728 588 824 616 greges
836 600 844 613 ,
858 580 1010 616 possessio-

227 636 290 655 num
304 628 418 663 copiam,
432 628 576 663 pincernas
586 628 725 662 utriusque
736 634 827 660 sexus,
843 631 969 654 cantores
984 631 1011 654 et

226 675 400 707 cantatrices,
419 682 506 707 arma,
521 673 665 706 satellites,
682 677 777 708 gentes
790 673 823 699 ad
845 680 932 706 genua
948 679 1011 707 pro-

225 721 398 753 cumbentes,
423 720 535 748 collecta
563 720 684 753 tributa,
713 719 789 753 regni
816 719 1010 753 supercilium,

224 767 316 794 omnia
330 767 456 802 denique,
471 771 526 793 tam
542 766 576 794 ad
586 767 649 793 vitae
660 774 737 793 usum
751 766 916 797 necessaria,
930 773 1010 799 quam

226 811 359 847 superﬂua
371 832 379 845 ,
398 812 496 846 quibus
517 820 594 847 reges
615 819 728 844 omnes,
743 811 788 846 qui
813 817 876 838 ante
892 819 935 838 me
953 811 1012 838 fuc-

224 862 299 891 runt,
325 859 460 892 superavi.
483 858 516 885 Et
541 858 605 892 quid
631 862 693 892 post
712 858 768 885 haec
785 857 900 884 omnia?
916 856 1013 884 Omnia

224 905 327 930 vanitas
351 904 514 935 vanitalum,
541 905 629 930 omnia
650 904 765 936 vanitas,
788 908 811 930 et
837 904 1010 938 prwsumptio
1026 893 1048 921 Β

224 949 332 984 spiritus
342 949 376 981 ",
404 949 454 977 boc
477 953 527 981 cst,
550 949 768 976 inconsideratus
789 949 897 984 quidam
927 950 1011 977 animi

224 996 351 1030 impetus,
365 999 393 1022 et
407 996 546 1023 distractio
563 996 691 1027 hominis,
706 996 742 1023 ob
760 1000 879 1023 veterem
895 996 1012 1024 iortasse

224 1041 332 1074 lapsum
349 1040 400 1068 hac
416 1047 496 1075 poma
513 1040 647 1068 mulctati.
668 1039 765 1069 Verum
784 1041 919 1068 Sermonis
932 1041 1009 1076 ﬁnis,

222 1086 332 1121 inquit,
349 1087 438 1113 omnia
459 1086 523 1113 audi
539 1095 548 1113 :
566 1086 648 1122 Dgum
670 1087 730 1114 time
743 1087 765 1103 "
782 1097 788 1114 :
806 1087 848 1115 hic
867 1088 938 1115 enim
962 1089 1012 1116 du-

223 1132 350 1160 bitationi
377 1133 457 1159 linem
481 1133 612 1167 imp0nit;
638 1138 718 1168 atque
744 1141 777 1160 ex
804 1133 855 1161 bac
881 1134 935 1161 vita
961 1135 1012 1162 ltoc

225 1179 357 1206 duntaxat
370 1178 505 1206 commodi
518 1186 596 1213 cape,
613 1183 642 1206 ut
659 1187 708 1213 per
723 1187 824 1212 rerum,
844 1187 904 1215 qua-
918 1181 1013 1208 viden-

227 1229 270 1252 tur
286 1230 314 1252 et
329 1223 481 1257 ﬂuctuant,
505 1225 738 1259 perturbationem
750 1246 757 1259 ,
773 1226 806 1253 ad
832 1233 875 1253 res
899 1226 967 1254 ﬁxas
983 1232 1010 1254 et

225 1270 337 1298 stabiles
352 1270 505 1297 deducaris.

264 1316 323 1343 XX.
345 1316 402 1343 Non
420 1315 504 1350 igitur
515 1314 662 1343 Cmsarium
679 1315 828 1350 lugeamus,
845 1316 943 1351 quibus
955 1324 1013 1343 ma-

226 1362 260 1389 lis
275 1366 384 1397 ereptus
408 1362 453 1393 sit.
469 1369 521 1388 non
546 1361 718 1396 ignorantes,
739 1364 786 1389 sed
808 1369 857 1389 nos
873 1362 963 1396 ipsos,
978 1363 1012 1390 ob

226 1415 258 1435 ea
274 1408 342 1435 mala
356 1408 454 1442 quibus
468 1407 554 1434 relicti
579 1415 672 1435 sumus
684 1427 691 1439 ,
716 1412 742 1435 et
759 1415 818 1441 qua:
835 1408 913 1435 nobis
930 1416 1011 1442 agge-

227 1460 334 1485 remus,
352 1454 402 1480 nisi
422 1452 539 1479 sinceris
562 1453 661 1479 animis
683 1460 732 1479 nos
754 1452 818 1487 Deo.
831 1453 989 1480 addit-amns
1003 1474 1010 1486 ,

226 1507 259 1526 ac
283 1499 428 1534 prattetitis
445 1499 495 1531 iisf,
522 1506 582 1533 qua
600 1498 659 1534 ipsa
687 1506 735 1526 nos
762 1503 945 1533 praetereunt,
981 1500 1013 1528 ad

227 1552 372 1578 supernam
397 1545 482 1571 vitam
508 1551 702 1579 properemus,
729 1549 903 1579 terramque,
930 1546 1011 1573 etiam

227 1591 316 1617 adhuc
338 1590 364 1617 in
386 1595 457 1617 terra
481 1594 640 1621 versantes,
665 1590 870 1624 relinquamus,
893 1599 924 1618 ac
948 1591 1010 1626 Spi-

226 1636 309 1663 ritum
333 1635 361 1663 in
383 1636 482 1663 coelum
511 1635 642 1663 ferentem
677 1636 747 1663 bona
770 1635 824 1663 ﬁde
856 1645 1012 1672 sequamur.

228 1682 301 1715 Haec,
316 1686 346 1709 ut
368 1682 473 1717 ignavis
488 1683 591 1717 gravia,
614 1682 649 1709 ita
662 1681 725 1709 forti
740 1682 832 1710 animo
844 1683 964 1717 praeditis
977 1683 1015 1711 le-

227 1728 270 1754 via
284 1732 357 1754 sunt.
370 1726 440 1760 Quin
458 1728 492 1754 ad
507 1727 579 1754 hunc
597 1734 707 1761 quoque
727 1728 835 1754 modum
856 1727 1014 1755 considere-

227 1781 288 1801 mus
304 1782 311 1801 :
327 1773 536 1808 Nonimperabit
549 1773 701 1801 Cmsarius?
714 1773 748 1799 At
766 1780 816 1800 nec
833 1773 884 1801 sub
899 1773 1013 1802 aliorum

228 1820 344 1855 imperio
363 1821 425 1847 erit.
451 1819 510 1846 Non
531 1825 664 1847 terrorem
689 1820 853 1854 quibusdam
876 1819 1014 1848 incutiet?

227 1866 262 1893 At
285 1873 335 1893 nec
361 1873 470 1900 gravem
495 1865 632 1892 dominum
660 1866 739 1900 212
770 1866 962 1900 pertimescet,
980 1873 1014 1894 ne

228 1912 338 1947 dignum
367 1911 474 1946 quidem
499 1911 677 1945 plerumque,
705 1911 746 1938 cui
776 1911 934 1945 imperetur.
953 1911 1013 1938 Non

227 1964 293 1993 opes
303 1956 471 1984 cumulabit?
482 1957 515 1983 At
531 1963 580 1984 nec
589 1956 718 1983 invidiam
733 1961 845 1989 metuet,
858 1962 904 1984 aut
917 1957 1014 1984 anima:

229 2004 394 2030 detrimento
426 2003 568 2035 allicietur,
600 2001 671 2029 male
698 2001 844 2037 colligens;
873 2008 955 2038 atque
983 2010 1015 2031 eo

228 2049 306 2085 plura
324 2049 446 2084 quotidie
471 2054 610 2075 assumere
630 2047 742 2075 studens
755 2068 763 2081 ,
785 2056 840 2082 quo
860 2048 936 2083 plura
957 2048 1014 2083 jam

229 2096 343 2130 adeptus
359 2095 405 2122 sit.
427 2093 586 2128 Huiusmodi
612 2093 713 2128 quippe
728 2095 885 2122 divitiarum
905 2095 1015 2122 morbus

229 2145 282 2173 est,
300 2145 329 2167 ut
347 2140 422 2175 plura
446 2144 573 2173 appetere
590 2146 641 2166 non
660 2139 781 2173 desinat,
800 2140 847 2167 sed
859 2140 917 2167 sitis
932 2140 1015 2167 medi-

230 2187 319 2213 cinam
336 2186 362 2213 iu
378 2190 508 2220 perpetuo
523 2188 588 2219 potu
604 2184 683 2211 sitam
701 2191 761 2211 esse
781 2185 937 2212 arbitretur.
955 2184 1013 2212 Non

1061 262 1164 297 νήσεως
1186 260 1286 294 ἀλγῶν,
1306 259 1352 286 καὶ
1370 258 1456 285 ταῦτα
1472 258 1516 284 ἐπ’
1532 256 1684 292 ἀλλοτρίοις
1708 255 1846 290 πταίσμα-

1062 315 1087 333 σι
1112 307 1185 342 (7i);
1222 306 1320 333 Πάντα
1344 303 1435 336 εἶδον,
1463 304 1544 339 φησιν
1572 304 1586 329 ό
1621 302 1846 337 Ἐκκλησιαστὴς,

1061 353 1147 379 πάντα
1173 351 1287 388 ἐπῆλθον
1311 350 1433 385 λογισμῷ
1455 349 1489 376 τὰ
1517 348 1692 384 ἀνθρώπινα,
1721 347 1846 379 πλοῦτον,

1060 397 1165 433 τρυφὴν
1175 417 1182 428 ,
1198 396 1371 427 δυναστείαν,
1385 396 1462 428 δόξαν
1477 395 1526 429 τὴν
1540 395 1669 425 ἄστατον,
1686 393 1782 428 σοφίαν
1798 392 1848 428 τὴν

1061 444 1267 478 ὑποφεύγουσαν
1282 444 1361 469 πλέον
1379 443 1396 478 ἢ
1414 442 1602 478 κρατουμένην
1612 449 1619 456 ⁶
1636 440 1716 467 πάλιν
1730 439 1847 475 τρυφὴν,

1063 490 1158 525 σοφίαν
1172 489 1254 516 πάλιν
1264 509 1271 520 ,
1297 489 1342 514 ἐπὶ
1358 488 1392 515 τὰ
1415 487 1485 514 αὐτὰ
1500 486 1629 517 πολλάκις
1646 484 1850 519 ἀνακυκλούμε-

1062 543 1116 567 νος,
1131 534 1249 570 γαστρὸς
1268 533 1374 569 ἡδονὰς,
1393 531 1586 568 παραδείσους,
1605 530 1706 566 πλῆθος
1725 529 1847 562 οἰκετῶν,

1063 581 1164 617 πλῆθος
1180 581 1327 617 κτημάτων
1337 601 1343 612 ,
1366 580 1501 615 οἰνοχόους
1517 579 1563 604 καὶ
1583 577 1704 612 οἰνοχόας
1714 597 1721 609 ,
1738 577 1850 612 ᾅδοντας

1063 628 1108 655 καὶ
1121 627 1235 663 ᾀδούσας
1245 649 1252 660 ,
1268 627 1348 658 ὅπλα,
1362 625 1538 661 δορυφόρους,
1555 624 1618 658 ἔθνη
1633 623 1848 658 προσπίπτοντα,

1063 674 1161 709 φόρους
1177 672 1398 707 συλλεγομένους,
1413 671 1498 707 ὀφρὺν
1513 670 1659 705 βασιλείας,
1671 670 1720 696 ὅσα
1735 669 1850 703 περιττά

1062 720 1109 746 τοῦ
1124 719 1182 755 βίου
1197 719 1264 754 (72),
1280 719 1330 745 ὅσα
1345 718 1398 745 τῶν
1412 717 1585 752 ἀναγκαίων,
1598 714 1638 748 οἷς
1660 716 1730 751 ὑπὲρ
1746 716 1850 747 πάντας

1062 762 1143 800 ἦλθον
1169 764 1288 800 βασιλεῖς
1313 764 1375 795 τοὺς
1398 763 1569 799 ἔμπροσθεν·
1597 762 1645 788 καὶ
1669 761 1694 788 τί
1717 762 1762 788 ἐπὶ
1782 762 1850 787 πᾶσι

1063 811 1185 843 τούτοις;
1198 810 1298 853 mirga
1307 810 1470 845 ματαιότης
1476 809 1692 844 ματαιοτήτων,
1701 807 1736 834 τὰ
1752 807 1851 834 πάντα

1061 858 1223 891 ματαιότης
1249 856 1322 892 (75),
1340 855 1390 882 καὶ
1405 856 1579 889 προαίρεσις
1602 855 1781 889 πνεύματος,
1799 853 1850 879 εἴτ’

1063 900 1110 928 οὖν
1126 902 1179 937 (74)
1190 902 1261 937 ὁρμή
1273 909 1315 933 τις
1327 900 1416 935 ψυχῆς
1431 899 1582 934 ἀλόγιστος,
1595 900 1642 926 καὶ
1658 898 1850 934 περισπασμὸς

1062 948 1205 984 ἀνθρώπου
1216 947 1295 974 τοῦτο
1309 946 1532 982 κατακριοέντος,
1549 946 1615 977 ἴσως
1628 947 1660 972 ὲκ
1673 945 1719 971 τοῦ
1733 943 1849 971 παλαιοῦ

1061 994 1217 1029 πτώματος.
1233 993 1313 1020 Ἀλλὰ
1325 993 1410 1025 τέλος
1423 994 1527 1027 λόγου,
1537 993 1613 1027 φησι,
1626 991 1657 1018 τὸ
1672 990 1733 1018 πᾶν
1743 990 1849 1016 ἄκουε·

1061 1040 1116 1067 τὸν
1137 1040 1211 1067 Θεὸν
1234 1040 1344 1075 φοϐοῦ·
1369 1039 1487 1066 ἐνταῦθα
1515 1039 1565 1074 τῆς
1590 1038 1706 1073 ἀπορίας
1726 1037 1850 1063 ἴσταται¹

1062 1087 1109 1113 καὶ
1130 1086 1209 1113 τοῦτό
1227 1095 1268 1113 σοι
1292 1086 1370 1121 μόνον
1394 1086 1444 1121 τῆς
1462 1084 1580 1112 ἐνταῦθα
1596 1083 1667 1119 ζωῆς
1690 1084 1720 1110 τὸ
1744 1083 1850 1118 κέρδος,

1062 1131 1225 1166 amnem:
1244 1130 1288 1158 διὰ
1302 1131 1350 1166 τῆς
1364 1130 1486 1166 ταραχῆς
1500 1130 1555 1166 (75)
1571 1129 1624 1156 τῶν
1644 1129 1790 1165 ὁρωμένων
1804 1128 1852 1154 καὶ

1063 1177 1248 1212 σαλευομένων
1262 1177 1308 1203 ἐπὶ
1319 1177 1353 1203 τὰ
1369 1176 1474 1203 ἑστῶτα
1489 1176 1536 1203 καὶ
1555 1176 1593 1212 μὴ
1607 1175 1766 1211 κινούμενα.

1097 1315 1140 1342 Κ’.
1155 1315 1200 1350 Μὴ
1212 1314 1299 1342 τοίνυν
1312 1315 1454 1352 πενθῶμεν
1463 1316 1621 1352 Καισάριον,
1633 1315 1696 1343 οἴων
1705 1315 1851 1353 ἀπηλλάγη

1064 1361 1156 1388 κακῶν
1171 1361 1282 1393 εἰδότες,
1303 1362 1360 1388 ἀλλ’
1377 1363 1451 1398 ἡμᾶς
1467 1362 1576 1396 αὐτοὺς,
1599 1363 1666 1394 οἵοις
1689 1362 1853 1398 ὑπελείφθη-

1065 1415 1130 1442 μεν,
1148 1407 1194 1434 καὶ
1209 1405 1254 1434 οἷα
1280 1408 1497 1444 θησαυρίσομεν,
1523 1409 1546 1435 εί
1575 1409 1622 1445 μὴ,
1650 1409 1769 1444 γνησίως
1792 1409 1853 1445 Θεῷ

1064 1452 1254 1488 προσθέμενοι,
1274 1453 1321 1480 καὶ
1340 1454 1565 1489 παραδραμόντες
1581 1454 1616 1481 τὰ
1633 1455 1851 1490 παρατρέχοντα,

1063 1498 1133 1534 πρὸς
1151 1499 1200 1534 τὴν
1217 1499 1272 1526 ἅνω
1289 1498 1360 1535 ζωὴν
1377 1500 1570 1536 ὲπειγοίμεθα·
1595 1501 1634 1527 ἔτι
1651 1502 1720 1536 ὑπὲρ
1741 1501 1792 1536 γῆς
1809 1502 1853 1528 δν-

1063 1552 1118 1575 τες,
1135 1545 1329 1577 καταλιπόντες
1341 1546 1389 1582 τὴν
1404 1547 1466 1582 γῆν,
1481 1547 1527 1573 καὶ
1539 1546 1578 1582 τῷ
1591 1547 1730 1582 Πνεύματι
1744 1548 1852 1583 φέροντι

1066 1590 1134 1626 πρὸς
1148 1590 1182 1617 τὰ
1206 1591 1261 1618 ἄνω
1286 1592 1405 1628 γνησίως
1428 1592 1670 1628 ἀκολῦυθήσαντες.
1693 1594 1785 1620 Ταῦτα
1806 1592 1854 1620 καὶ

1065 1635 1175 1669 ἀλγεινὰ
1192 1638 1248 1668 τοῖς
1261 1637 1431 1672 ὀλιγοψύχοις
1443 1658 1450 1669 ,
1474 1637 1520 1665 καὶ
1535 1637 1624 1673 κοῦιρα
1644 1640 1700 1670 τοῖς
1716 1639 1853 1674 ἀνδρικοῖς

1063 1681 1113 1716 τὴν
1132 1681 1259 1709 διάνοιαν.
1279 1683 1427 1718 Σκοπῶμεν
1446 1684 1474 1710 δὲ
1490 1684 1576 1716 οὕτως
1588 1694 1594 1701 ·
1610 1685 1666 1711 Οὐκ
1683 1684 1759 1720 ἄρξει
1785 1685 1854 1711 Και-

1066 1727 1175 1762 σάριος;
1206 1727 1275 1754 Ἀλλ’
1290 1729 1350 1755 οὐδὲ
1369 1729 1533 1765 ἀρχθήσεται
1550 1731 1618 1766 πρὸς
1638 1730 1734 1758 ἄλλων.
1751 1731 1788 1757 Οὐ
1807 1740 1854 1765 φο-

1065 1771 1141 1807 ϐήσει
1154 1773 1245 1806 τινὰς;
1267 1774 1337 1800 Ἀλλ’
1352 1775 1411 1801 οὐδὲ
1428 1775 1510 1802 δείσει
1528 1776 1613 1811 βαρὺν
1629 1777 1772 1812 δεσπότην,
1790 1777 1854 1803 πολ-

1064 1817 1143 1849 λάκις
1157 1817 1202 1845 τὸν
1213 1819 1273 1846 οὐδὲ
1290 1820 1420 1855 ἄρχεσθαι
1438 1821 1522 1854 ἀξιον.
1541 1823 1578 1848 υὺ
1597 1823 1705 1856 συνάξει
1720 1823 1853 1856 πλοῦτον;

1073 1865 1140 1891 Ἀλλ’
1156 1866 1216 1892 οὐδὲ
1234 1867 1366 1902 ὑπόψεται
1388 1868 1501 1902 φθόνον,
1525 1868 1542 1904 ἢ
1567 1869 1655 1905 ψυχὴν
1681 1869 1855 1906 ζημιωθήσε-

1065 1919 1109 1937 ται
1125 1911 1181 1946 (76)
1196 1913 1289 1944 κακῶς
1305 1914 1442 1948 συνάγων·
1459 1916 1505 1941 καὶ
1519 1915 1643 1942 τοσοῦτον
1658 1917 1701 1943 ἀεὶ
1715 1916 1854 1953 προσλαμ-

1065 1956 1157 1984 ϐάνειν
1179 1957 1285 1994 ζητῶν,
1303 1959 1365 1986 ὅσον
1384 1961 1527 1995 ἐκτήσατο.
1549 1962 1666 1998 Τοιαύτη
1687 1963 1741 1998 γὰρ
1767 1964 1782 1998 ἡ
1808 1963 1854 1989 τοῦ

1066 2003 1191 2030 πλουτεῖν
1207 2005 1301 2036 νόσος,
1325 2006 1387 2041 ὅρον
1405 2006 1450 2033 τοῦ
1471 2007 1574 2034 δεῖσθαι
1592 2008 1647 2043 (77)
1667 2009 1788 2041 πλείονος
1805 2010 1855 2036 οὐκ

1066 2048 1175 2084 ἔχουσα,
1189 2050 1257 2077 ἀλλὰ
1270 2051 1300 2078 τὸ
1317 2052 1397 2079 ποτὸν
1415 2053 1457 2080 ἀεὶ
1473 2054 1565 2088 δίψους
1580 2055 1618 2081 ἔτι
1632 2057 1779 2091 ποιουμένη
1799 2056 1854 2092 (78)

1067 2096 1220 2132 φάρμακον.
1237 2099 1293 2124 Οὐκ
1308 2099 1467 2131 ἐπιδείξεται
1480 2100 1595 2134 λόγους;
1616 2101 1685 2128 Ἀλλ’
1700 2102 1752 2129 ὑπὸ
1768 2103 1858 2136 λόγων

1065 2150 1097 2176 γε
1115 2143 1171 2179 (79)
1193 2144 1426 2180 θαυμασθήσεται.
1451 2147 1487 2173 Οὐ
1511 2148 1686 2184 φιλοσοφήσει
1702 2149 1736 2175 τὰ
1762 2149 1855 2175 Ἱππο-

1066 2189 1182 2224 κράτους
1198 2190 1253 2225 (80)
1271 2191 1462 2228 κα¹ιΓαληνοῦ,
1481 2194 1526 2220 καὶ
1542 2194 1596 2220 τῶν
1615 2194 1762 2221 ἀντιθέτων
1781 2195 1854 2221 ἐκεί-

229 2239 370 2260 sermones
384 2231 552 2259 ostentabit?
565 2232 600 2258 At
614 2238 629 2256 a
645 2231 816 2258 sermonibus
831 2230 1012 2257 admiratione

1066 2244 1136 2268 vutg;
1159 2236 1228 2262 Ἀλλ’
1244 2237 1304 2264 οὐδὲ
1318 2239 1504 2273 κακοπαθήσει
1524 2240 1622 2272 νόσοις,
1640 2240 1708 2272 ἰδίας
1722 2240 1855 2267 triduo-

230 2277 371 2305 afﬁcietur.
389 2277 446 2304 Non
464 2277 653 2311 Hippocratis,
673 2281 701 2303 et
723 2276 835 2308 Galeni,
858 2281 884 2303 et
899 2284 1013 2309 eorum,

229 2323 276 2358 qui
295 2323 361 2356 ipsis
374 2323 562 2354 adversantur,
582 2322 680 2357 placita
699 2322 897 2356 pertractabit?
914 2323 949 2348 At
965 2329 1012 2349 ne-

267 2404 371 2432 “Psal.
387 2411 498 2436 xxxviii,
528 2403 554 2430 6.
593 2404 615 2419 ⁹²
634 2404 688 2432 Jer.
715 2412 760 2436 xv,
782 2403 825 2430 10.
863 2403 886 2420 ⁸³
907 2404 994 2431 Eccle.
1014 2412 1040 2437 ι,

268 2472 324 2508 (70)
343 2472 398 2499 Καὶ
419 2471 456 2508 τῇ
474 2473 571 2507 μητρί.
592 2473 629 2500 ιω
648 2472 731 2508 chg.
758 2473 814 2505 bm,
832 2473 877 2506 bu,
891 2473 972 2500 Coisl.
991 2474 1016 2506 Ι,

233 2509 281 2536 0r.
302 2513 329 2535 et
342 2507 396 2534 .Ies.
412 2507 444 2544 rln
464 2509 506 2534 ed.
527 2511 602 2544 deest
616 2509 659 2544 τῇ.

267 2544 322 2578 (71)
342 2543 614 2578 Πταίσμιισιηϐοιί).
633 2542 660 2576 5,
673 2542 810 2577 πτώμασι.

267 2577 323 2614 (72)
345 2578 400 2605 Τοῦ
413 2578 497 2614 βίου.
524 2577 570 2604 Sic
585 2577 651 2612 Reg.
671 2580 726 2610 bin,
741 2578 824 2605 Coisl.
836 2577 863 2610 2,
875 2582 901 2605 et
913 2577 968 2605 Jes.
987 2578 1015 2604 ln

232 2613 277 2642 ed.
291 2615 365 2640 deest
379 2613 436 2640 τοῦ.
786 2635 791 2639 .

268 2649 323 2684 (75)
345 2647 682 2684 Τὰνπάντανματαιότης.
699 2647 761 2684 "me
777 2648 874 2675 desunt
889 2647 916 2674 in
935 2647 1015 2683 liegg.

231 2683 288 2713 bm.
304 2684 350 2716 bu,
366 2683 449 2710 tribuis
465 2683 552 2712 Coll».
566 2683 648 2710 Coisl.
665 2683 691 2712 τὶ,
705 2690 731 2708 et
745 2683 799 2710 Jes.

279 2718 324 2752 74)
344 2718 404 2745 Εἶτ’
421 2716 486 2745 οὖν.
503 2719 584 2753 Coisl.
603 2718 629 2750 1,
645 2718 686 2753 ἤτ’
701 2716 752 2745 οὖν.

280 2754 324 2788 75)
353 2753 410 2787 Τῆς
422 2752 566 2787 ταραχῆς,
583 2758 634 2780 etc.
653 2752 756 2785 Dillius,
773 2762 782 2778 ι
798 2760 845 2787 per
856 2760 949 2780 earum
971 2760 1014 2779 re-

233 2795 293 2814 rum
310 2796 368 2823 quae
382 2788 432 2815 sub
446 2790 584 2815 oculorum
597 2793 734 2822 aspectum
750 2789 860 2820 cadunt,
872 2793 1015 2822 perpetuo-

235 2830 285 2857 que
301 2828 374 2850 motu
389 2824 534 2858 agitantur,
554 2823 751 2850 confusionem.
769 2833 779 2848 ι

272 2858 328 2893 (76)
347 2857 577 2894 Ζιυιιωθήσεται.
598 2858 679 2888 Coisl.
696 2859 720 2893 l,
742 2860 794 2887 duo
811 2857 898 2895 Colb.,
915 2858 961 2886 0r.
990 2859 1015 2889 i,

1067 2279 1157 2314 τρίαις
1172 2284 1325 2318 συμφοραῖς
1338 2283 1425 2315 λύπας
1437 2285 1635 2320 καρπούμενος.
1652 2286 1709 2312 Οὐκ
1720 2286 1854 2318 ἀποδείξει

1067 2325 1100 2351 τὰ
1118 2326 1272 2359 Εὐκλείδου,
1291 2328 1337 2354 καὶ
1355 2329 1534 2364 Πτολεμαίου,
1557 2331 1604 2357 καὶ
1620 2331 1762 2366 ’Ἡρωνος
1786 2330 1855 2356 Ἀλλ’

1070 2405 1113 2431 Η.
1150 2404 1174 2420 9‘
1195 2403 1258 2432 ibid.
1297 2405 1319 2421 ⁰⁵
1340 2406 1426 2434 Eccle.
1446 2415 1482 2433 xtl
1496 2427 1504 2438 ,
1526 2407 1567 2434 15.

1069 2475 1124 2502 Jes.
1141 2477 1173 2511 ζη
1179 2484 1317 2510 μιωσεται.

1106 2511 1162 2546 (77)
1185 2512 1270 2545 Ὧρον
1292 2511 1345 2537 τοῦ
1360 2511 1485 2542 δεῖσθαι,
1507 2517 1559 2538 etc.
1577 2511 1681 2545 Billius,
1700 2522 1709 2537 ι
1729 2516 1758 2538 ιιι
1774 2511 1852 2538 ﬁnem

1071 2547 1212 2586 appetendi
1230 2546 1303 2586 plura
1320 2548 1430 2586 nesciat:
1452 2557 1461 2586 ι
1478 2548 1504 2573 lu
1523 2547 1588 2586 Reg.
1614 2548 1670 2586 by},
1691 2548 1771 2586 coisl.
1785 2548 1809 2576 ί,
1826 2552 1856 2574 «ιι

1070 2581 1123 2608 Jcs.
1140 2581 1247 2615 legitur,
1262 2581 1324 2607 ὅσον
1337 2581 1384 2608 τοῦ
1401 2582 1521 2613 πλείονος
1537 2581 1586 2608 οὐκ
1602 2581 1689 2614 είδὼς,
1707 2582 1785 2614 ἀλλά,
1799 2588 1852 2610 etc.
1875 2604 1878 2610 .

1106 2615 1161 2650 (78)
1181 2616 1293 2650 Δίψους
1316 2617 1359 2643 ἔτι
1376 2617 1547 2650 ποιουμένη.
1574 2618 1730 2644 Addiiliinus
1750 2617 1800 2648 ἔτι,
1820 2626 1854 2644 ex

1106 2618 1161 2651 (78)
1181 2618 1293 2650 Δίψους
1316 2618 1359 2643 ἔτι
1376 2618 1547 2651 ποιουμένη.
1574 2618 1730 2644 Addiiliinus
1750 2618 1800 2648 ἔτι,
1820 2626 1854 2644 ex

1071 2650 1153 2685 Regg.
1169 2651 1224 2683 bin,
1241 2652 1287 2683 bu,
1306 2652 1408 2678 duobus
1421 2652 1497 2679 Culb.
1521 2658 1548 2679 et
1572 2652 1625 2680 Jes.
1647 2653 1727 2679 Iidem
1747 2653 1855 2679 codices

1070 2694 1119 2729 pro
1145 2687 1294 2727 ποιουμένη
1314 2687 1412 2714 habent
1435 2687 1603 2722 ποιούμενος.
1624 2687 1705 2714 Coisl.
1724 2687 1856 2722 1,ὃίψους

1070 2730 1155 2740 nrernu
1185 2730 1194 2740 ι
1213 2727 1272 2740 (in:
1289 2730 1369 2740 n-tnuu
1401 2731 1410 2740 ι

1070 2727 1165 2752 αιτιον,
1185 2730 1194 2746 ι
1213 2727 1272 2748 suus
1289 2730 1380 2748 causa.
1401 2731 1410 2747 ›

1106 2756 1162 2826 (70)
1182 2756 1285 2800 Aerior
1297 2765 1340 2791 γε.
1357 2757 1438 2800 Deest
1451 2766 1482 2792 γε
1500 2758 1526 2798 in
1535 2757 1675 2798 pluribus.
1771 2792 1777 2797 _

1105 2791 1150 2825 (80
1179 2792 1216 2818 Τιι
1249 2793 1466 2826 Ιππωιρατους.
1482 2793 1584 2826 Billuts,
1599 2803 1607 2819 ι
1623 2792 1777 2826 Hippocrati

1105 2791 1160 2853 (8:!)
1179 2791 1216 2818 Τὰ
1241 2791 1466 2826 Ἱπποκράτους.
1482 2791 1584 2826 Billius,
1599 2803 1607 2819 ι
1623 2792 1793 2828 ll-ppocratis
1807 2792 1856 2819 do-

1070 2834 1130 2861 gma
1146 2835 1170 2853 ιι.
1193 2836 1202 2851 ι
