2069 3131
253 135 302 163 781

642 131 770 160 ORATIO
790 131 846 159 νη.
866 146 902 152 —-
921 130 955 159 IN
973 131 1114 160 LAUDEM
1137 132 1284 160 CIESARll
1304 133 1464 161 FRATRIS.

1817 132 1870 159 782

252 183 313 220 οὐδέ
333 193 445 228 ἀλγησει
461 192 517 223 τοῖς
533 191 705 223 ἀπαιδεύτοις
719 192 825 226 φυσῶσι
845 191 955 227 μείζονα
972 191 1037 227 (8|).
1054 219 1056 224 ,

1099 199 1143 224 pie
1165 193 1266 220 morbis
1288 193 1441 225 vexabitur,
1467 200 1499 220 ex
1527 193 1640 220 aliorum
1666 191 1870 220 calamitatibus

253 239 291 266 Οὐ
307 237 513 265 καλλωποιεῖται
532 236 587 271 (82)
602 238 658 268 τοῖς
675 237 833 268 Πλάτωνος,
850 237 898 263 καὶ
918 237 1037 272 Ἀμστο-

252 285 355 316 τέλους,
376 283 423 310 καὶ
437 282 594 318 Πύρρωνος,
613 282 660 308 καὶ
673 282 853 317 Δημοκρίτοις
867 281 898 317 δή
911 289 976 313 τισι,
991 280 1038 307 καὶ

258 329 453 364 Ἡρακλείτοις,
470 329 517 355 καὶ
539 328 741 363 Ἀναξαγόραις,
766 327 918 358 Κλεάνθαις
939 336 970 353 τε
986 326 1039 361 (85)

253 375 301 402 καὶ
319 374 428 401 Ἐπικού
434 383 500 410 ροις,
516 375 562 401 καὶ
577 375 626 400 οὐκ
640 372 687 400 οἶδ’
701 371 797 400 οἷστισι
813 373 867 408 (84)
882 372 936 398 τῶν
948 374 980 399 ἐκ
991 373 1040 407 τῆς

253 421 356 456 σεμνῆς
376 421 456 452 στοᾶς
474 420 521 447 καὶ
540 419 712 455 ἀκαδημίαςς
736 419 806 445 Ἀλλ’
824 419 883 446 οὐδὲ
904 419 1041 454 φροντισει

251 467 325 497 ὃπως
344 465 456 501 διαλύσῃ
479 465 535 500 (85)
557 466 659 492 τούτων
676 465 725 496 τὰς
749 464 939 499 πιθανότητας.
960 464 992 490 Τί
1007 473 1040 500 με

251 513 292 539 δεῖ
305 511 484 548 μνημονεύειν
497 512 549 538 τῶν
561 512 664 542 mm;
688 511 766 537 Ἀλλὰ
776 510 862 537 ταῦτα
875 511 907 546 δὴ
919 510 953 537 τὰ
963 511 1041 546 τίμια.

254 560 320 585 πᾶσι
337 559 386 585 καὶ
397 557 628 593 περισπούδαστα”
643 558 672 583 οὐ
686 557 890 592 παραστήσεται
901 557 1040 592 γαμετήν;

253 605 283 630 οὺ
301 604 397 635 παῖδας
411 603 483 638 (86);
504 603 572 629 Ἀλλ’
591 603 650 628 οὐδὲ
664 603 794 637 θρηνήσει
806 602 925 635 τούτους,
942 602 958 637 ἢ
975 601 1042 637 θρη-

255 649 402 684 νηθήσεται
419 647 471 674 ὑπὸ
489 647 602 679 τούτων,
624 648 639 682 ἦ
657 646 814 673 καταλιπὼν
840 646 938 678 ἄλλοις,
956 647 972 682 ἢ
994 656 1043 673 κα-

255 692 408 726 ταλειφθεὶς
435 692 577 728 συμφορᾶς
602 692 761 727 ὑπόμνημα.
784 692 821 717 Οὐ
846 691 1042 727 κληρονομήσει

255 737 421 774 χρημάτων;
446 737 525 763 Ἀλλὰ
549 737 818 772 κληρονομηθήσεται
848 737 892 771 ὑφ’
917 734 953 763 ὧν
973 746 1041 772 χρη-

256 783 418 819 σιμώτατον,
436 783 481 810 καὶ
496 780 532 810 ὧν
547 783 628 814 αὐτὸς
645 783 787 819 ἠθέλησεν,
805 783 848 810 ἵνα
863 783 988 814 πλούσιος
1001 784 1044 809 ὲν-

256 831 330 857 θένδε
358 831 524 865 μεταναστῇ,
554 830 642 856 πάντα
673 829 732 864 μεθ’
758 829 856 856 ἑαυτοῦ
883 830 1042 864 φερόμενος.

1091 237 1215 272 proprias
1227 237 1364 266 molestias
1376 238 1495 272 capiens.
1512 237 1568 264 Non
1579 237 1706 270 Euclidis,
1720 236 1868 267 Ptolemaei,

1090 287 1118 309 et
1140 283 1257 310 Hcronis
1280 284 1379 318 scripta
1406 283 1682 310 demonstrationibus
1709 281 1873 316 explicabit?

1091 329 1126 356 At
1142 337 1250 363 neque,
1265 330 1299 357 ob
1324 329 1464 364 imperitos
1485 330 1609 356 homines
1633 330 1790 357 tumidiores
1813 329 1874 355 ani-

1092 383 1150 402 mos
1166 381 1309 408 gerentes,
1325 377 1442 403 dolorem
1457 376 1599 409 concipiet.
1614 375 1672 402 Non
1695 375 1813 402 Platonis
1823 397 1831 408 ,
1845 380 1874 402 et

1091 421 1259 453 Aristotelis,
1276 427 1303 449 et
1321 421 1470 457 Pyrrhonis
1483 442 1491 454 ,
1506 427 1534 448 et
1551 421 1695 448 Democriti
1712 421 1870 455 cujusdam.

1091 470 1119 493 et
1133 465 1276 497 Heracliti,
1293 471 1320 493 et
1344 467 1513 501 Anaxagora:
1524 486 1530 498 ,
1551 471 1579 493 et
1594 465 1732 493 Cleanthis
1746 487 1752 497 ,
1768 471 1795 493 et
1812 466 1875 501 Epi-

1092 512 1149 539 curi
1161 532 1167 544 ,
1186 517 1213 538 et
1229 513 1322 539 nescio
1337 514 1452 546 quorum
1470 511 1622 539 Stoicorqu
1641 516 1668 538 et
1692 512 1875 540 Academico-

1093 566 1151 585 rum
1170 558 1275 592 placitis
1293 565 1352 585 sese
1377 558 1548 585 venditabit?
1571 559 1605 584 At
1629 565 1716 592 neque
1729 578 1736 589 ,
1757 566 1874 592 quonam

1095 609 1174 637 pacto
1196 603 1300 630 illorum
1324 604 1443 638 argutias
1462 603 1607 634 dissolvat,
1632 602 1775 630 laborabit.
1805 602 1874 636 Quid

1094 648 1144 674 alia
1159 655 1374 675 commemorare
1393 654 1504 674 necesse
1523 648 1582 674 est?
1597 649 1630 674 At
1646 648 1712 679 lucc,
1730 655 1790 682 qua:
1805 656 1874 682 pra:-

1094 693 1166 720 clara
1188 693 1313 720 omnibus
1335 698 1362 720 cl.
1378 694 1526 726 expetenda
1547 698 1716 720 censentur:
1735 702 1788 720 non
1807 702 1876 721 uxo-

1094 746 1150 766 rem
1167 739 1295 765 habebit?
1309 746 1360 764 non
1379 739 1468 765 lilios?
1486 739 1520 765 At
1532 758 1540 770 ,
1565 746 1615 765 nec
1630 746 1677 765 eos
1691 739 1794 773 lugebit
1806 760 1814 772 ,
1830 744 1877 766 aut

1094 785 1129 811 ab
1146 785 1196 811 illis
1213 784 1358 818 lngebitur,
1373 784 1433 810 aliis
1449 785 1614 820 relinquens,
1633 785 1674 812 vel
1690 786 1748 819 ipse
1765 786 1877 814 calami-

1096 831 1157 857 tatis
1183 831 1375 857 monimentum
1398 831 1517 857 relictus.
1543 830 1599 858 Non
1627 838 1692 865 opes
1715 832 1876 859 haereditate

256 876 289 901 Ὢ
308 875 357 910 τῆς
372 875 543 910 φιλοτιμίαςι
564 874 586 900 ὣ
599 874 648 909 τῆς
665 874 763 909 καινῆς
786 874 1001 909 παρακλήσεωςῐ
1023 873 1045 900 ὣ

1099 875 1233 910 accipiet?
1256 876 1292 902 At
1312 875 1432 902 hauredes
1456 876 1512 910 ipse
1536 876 1661 910 habebit,
1682 884 1750 911 quos
1776 877 1878 905 habere

255 921 305 957 τῆς
315 921 515 957 μεγαλοψυχίας
526 920 579 947 τῶν
591 920 808 955 ἐπιϐαλλομένων
824 919 878 954 (87)
891 919 1042 956 ῑῊκούσθη

256 969 388 1004 κήρυγμα
405 968 495 1002 πάσης
511 967 595 1002 ἀκοῆς
618 967 702 999 ἄξιον,
719 967 765 994 καὶ
780 967 882 1003 μητρὸς
899 967 983 998 πάθος
997 975 1043 993 κε-

257 1014 350 1041 νοῦται
371 1014 404 1040 δι’
420 1013 591 1048 ὑποσχέσεως
615 1013 700 1047 καλῆς
719 1013 766 1039 καὶ
785 1013 876 1044 ὁσίας,
896 1013 987 1039 δοῦναι
1010 1012 1044 1038 τὰ

257 1060 346 1086 πάντα
360 1059 399 1094 τῷ
419 1059 493 1085 παιδὶ
514 1059 559 1085 τὸν
583 1059 687 1085 ἐκείνου
708 1058 820 1085 πλοῦτον
847 1058 916 1093 ὑπὲρ
939 1059 1044 1085 ἐκείνου

256 1102 340 1138 δῶρον
364 1103 488 1137 ἐντάφιον
508 1102 575 1138 (38),
597 1103 643 1129 καὶ
666 1103 749 1138 μηδὲν
773 1102 967 1138 ὑπολειφθῆναι
989 1104 1045 1134 τοῖς

257 1148 483 1184 προσδοκήσασιν.

1096 920 1341 948 commodissinnnn
1363 926 1421 953 est,
1437 925 1464 948 et
1480 928 1547 954 quos
1564 920 1658 954 voluit,
1675 927 1704 948 ut
1724 922 1799 950 dives
1814 923 1878 950 hinc

1097 968 1235 1001 migraret,
1252 967 1341 993 omnia
1361 974 1451 994 secum
1466 965 1567 994 ferens.
1592 966 1613 994 0
1631 967 1764 1002 ingentem
1785 969 1877 996 muni-

1098 1013 1249 1041 ﬁcentiam!
1266 1022 1282 1040 ο
1305 1020 1401 1040 novam
1419 1013 1645 1041 consolationem!
1673 1022 1689 1041 ο
1709 1015 1875 1049 singularem

1098 1066 1200 1088 eorum,
1212 1059 1308 1093 quibus
1319 1058 1469 1085 testamenti
1482 1059 1642 1092 exsequendi
1655 1066 1719 1086 cura
1732 1061 1876 1087 commissa

1098 1109 1154 1136 est,
1178 1103 1383 1131 liberalitatem!
1400 1103 1528 1130 Auditum
1550 1108 1592 1130 est
1618 1104 1780 1138 praeconium
1803 1106 1878 1132 omni

1097 1149 1234 1175 auditione
1256 1149 1376 1182 dignum,
1393 1155 1424 1174 ac
1444 1148 1538 1174 matris
1554 1147 1643 1176 luctus
1660 1149 1695 1176 ob
1719 1150 1876 1184 praeclaram

260 1201 288 1222 et
303 1200 424 1222 sanctam
441 1195 662 1229 pollicitationem
688 1195 860 1229 exhauritur,
874 1203 927 1230 qua
944 1202 1039 1222 omnes
1058 1194 1104 1220 lilii
1130 1201 1194 1228 opes
1224 1201 1272 1228 pro
1296 1201 1328 1220 eo
1348 1201 1378 1220 se
1405 1193 1431 1220 in
1463 1193 1612 1228 scpulcrale
1644 1202 1740 1223 munus
1757 1196 1879 1224 daturam

257 1243 369 1277 recepit,
386 1247 415 1269 ut
429 1242 494 1269 nihil
506 1243 549 1273 iis,
563 1243 606 1275 qui
622 1244 830 1276 exspectabant.
847 1244 969 1270 relictum
990 1244 1036 1270 sit.

293 1288 358 1314 KA'.
368 1287 449 1314 Οὔπω
464 1287 548 1315 ταῦτα
565 1288 644 1314 ἱκανὰ
659 1289 728 1324 πρὸς
745 1288 940 1324 παραμυθίαν;
957 1289 1046 1324 Προσ-

257 1333 323 1359 οίσω
336 1333 367 1359 τὸ
384 1332 475 1369 μεῖζον
501 1333 656 1369 φάρμακον.
677 1333 810 1368 Πείθομαι
830 1333 920 1368 σοφῶν
946 1333 1044 1368 λόγοις,

258 1380 299 1406 ὅτι
319 1379 390 1416 ψυχὴ
407 1380 481 1406 πᾶσα
502 1379 558 1415 (89)
571 1380 639 1414 καλή
659 1388 690 1406 τε
709 1380 756 1406 καὶ
772 1379 910 1414 θεοφιλὴς,
926 1380 1045 1411 ἐπειδὰν,

259 1424 305 1450 τοῦ
324 1425 514 1459 συνδεδεμένοι)
537 1424 648 1451 λυθεῖσα
670 1424 805 1460 σώματος,
831 1425 934 1451 ἐνθένδε
958 1425 1044 1451 ἁπαλ-

259 1470 340 1505 λοιγῇ¹
357 1469 437 1500 εὐθὺς
454 1469 503 1504 μὲν
518 1470 546 1495 ὲν
561 1469 735 1504 συναισθήσει
755 1469 802 1496 καὶ
817 1468 917 1504 θεωρίᾳ
934 1468 980 1495 τοῦ
999 1468 1047 1503 μέ-

260 1524 351 1546 νοντος
370 1515 453 1550 αὐτὴν
469 1515 551 1542 καλοῦ
575 1515 708 1550 γενομένη
725 1515 791 1549 (90),
807 1515 866 1550 (ἅτε
874 1515 922 1541 τοῦ
939 1516 1046 1541 ὲπισκο-
1062 1534 1082 1562 C

259 1560 368 1592 τοῡντος
386 1560 636 1596 ἀνακαθαρθέντος.
652 1560 668 1596 ἣ
689 1560 877 1592 ἀποτεθέντος,
902 1560 918 1596 ἢ
934 1561 983 1587 οὐκ
997 1558 1046 1586 οἷδ’

260 1608 274 1633 ὅ
289 1615 316 1633 τι
339 1607 386 1633 καὶ
401 1607 491 1640 λέγειν
513 1606 604 1642 χρή
622 1606 774 1641 θαυμασίαν
789 1607 850 1633 τινὰ
868 1606 965 1642 ἡδονὴν
983 1607 1045 1641 ἥδε-

260 1660 318 1684 ται,
338 1652 385 1679 καὶ
406 1652 568 1686 ἀγάλλεται,
586 1651 633 1677 καὶ
652 1651 730 1683 ἵλεως
745 1651 800 1687 (9|)
816 1654 900 1688 χωρεῖ
918 1652 986 1687 πρὸς
1002 1652 1047 1679 τὸν

262 1697 361 1732 ἑαυτῆς
381 1698 536 1731 Δεσπότην,
553 1696 646 1731 ὥσπερ
671 1705 696 1722 τι
719 1697 904 1732 δεσμωτήριον
930 1696 1047 1731 χαλεπὸν

261 1742 306 1768 τὸν
320 1741 436 1768 ἐνταίοα
453 1741 509 1776 βίον
523 1741 698 1775 ὰποψυγοῦσα
709 1761 716 1773 ,
730 1742 776 1768 καὶ
788 1741 837 1774 τὰς
855 1742 1048 1777 περικειμένας

261 1788 464 1823 ἁποσεισαμὲνη
481 1787 574 1818 πέδας,
596 1787 640 1821 ὑφ’
654 1783 691 1813 ὧν
708 1787 738 1812 τὸ
750 1787 800 1821 τῆς
816 1787 934 1818 διανοίας
951 1787 1048 1822 πτερὸν

262 1835 430 1868 καθείλκετο,
449 1835 495 1861 καὶ
506 1831 561 1860 οἷον
575 1833 630 1868 (9'2)
643 1833 692 1868 ἥδη
705 1835 737 1868 τῇ
751 1833 885 1868 φαντασίᾳ.
897 1834 1050 1868 καρποῦται

263 1881 311 1916 τὴν
323 1881 506 1915 ἀποκειμένην
518 1879 712 1914 μακαριότητα·
726 1879 822 1914 μικρὸν
834 1879 989 1914 δ’ὕστερον,
1002 1879 1050 1905 καὶ

263 1927 293 1953 τὸ
309 1927 437 1961 συγγενὲς
459 1926 569 1961 σαρκίον
585 1925 768 1956 ἀπολαϐοῦσα,
784 1921 806 1958 ᾧ
820 1924 855 1951 τὰ
869 1924 974 1951 ἐκεῖθεν
992 1925 1047 1958 (95)

265 1973 506 2008 συνεφιλοσόφησε,
528 1971 602 2007 παρὰ
618 1971 666 2006 τῆς
683 1971 730 1997 καὶ
753 1970 851 2006 δούσης
875 1971 922 1998 καὶ
938 1978 1049 1997 πιστευ-

301 2081 356 2115 (8|)
377 2081 498 2108 Φυσῶσι
512 2080 639 2115 μείζονα.
658 2090 667 2105 t
686 2080 784 2114 .‘llajora
801 2083 950 2114 crepantes,
964 2079 1054 2115 onccis

267 2118 438 2150 crepantibus
450 2114 627 2142 venditantes.
643 2125 651 2141 ι
668 2115 713 2142 llis
725 2115 867 2149 Augustini
880 2116 970 2142 verbis
979 2114 1040 2141 Crte
1049 2129 1055 2134 -

267 2161 298 2179 ca
315 2151 436 2185 Gregorii
449 2152 528 2177 verba
542 2157 602 2183 apte
619 2151 691 2177 reddi
707 2158 785 2184 posse
800 2150 934 2176 videntur.

303 2187 359 2226 (82)
371 2182 620 2226 μΚξιλλωποιεῗται.
637 2182 773 2220 Ιὶεεξιηιι,
789 2185 841 2212 duo
856 2185 938 2212 Coisl.
954 2189 981 2211 el.
994 2182 1048 2212 Jes.
1066 2189 1088 2218 ἱ)

268 2222 467 2249 καλλωπιεῖται.

304 2257 360 2291 (x5)
379 2255 542 2291 [(112450an
558 2264 597 2282 τε.
614 2255 696 2282 Coisl.
714 2255 742 2291 l,
758 2254 907 2291 Κλεάνθεσί
922 2263 963 2291 τε.

304 2287 360 2325 (84)
378 2289 437 2317 Οἷδ“
446 2287 568 2323 οἷστισι,
578 2295 629 2317 etc.
641 2291 705 2324 lieg.
712 2290 768 2322 btn,
777 2298 816 2316 or.
824 2291 848 2319 1.
857 2287 914 2315 οἶδα
920 2287 998 2320 οἷςέχ
1004 2289 1052 2323 τῆς

270 2327 371 2362 σεμνῆς
389 2327 477 2357 στοᾶς.
499 2335 507 2350 ι
524 2325 619 2353 Nescio
638 2333 752 2360 quorutn
771 2325 976 2353 venerabilium.
993 2334 1002 2350 ι
1023 2325 1052 2351 ld

269 2370 319 2396 per
333 2362 445 2387 ironiam
463 2362 575 2396 dictum.

306 2396 361 2430 (85)
380 2397 523 2428 Διαλύσῃ.
540 2395 604 2427 Reg.
622 2396 668 2425 hu.
684 2393 813 2422 διαλύσει.

307 2433 361 2465 [86)
379 2433 419 2457 οὐ
431 2431 548 2462 παῖδας.
565 2430 628 2463 Reg.
649 2432 693 2461 hu,
708 2431 724 2465 ἣ
740 2430 846 2461 παῖδας.

307 2463 363 2500 (87)
386 2465 445 2492 Τῶν
471 2463 724 2500 ἐπιόαλλομένωνζ
748 2463 869 2491 Coinbei'.
896 2472 905 2489 α
920 2463 1052 2500 Suppedi-

273 2499 402 2533 tantium;
420 2511 429 2526 r
448 2502 572 2528 nimirum
597 2500 787 2535 δαπανήματα,
802 2509 811 2524 ι
839 2505 971 2534 sumptus.
987 2499 1053 2526 Nam

273 2537 384 2562 tiaesarii
398 2541 533 2570 parentes,
549 2544 558 2559 ι
574 2541 602 2561 ut
614 2544 674 2562 cum
690 2537 744 2562 Elia
760 2536 862 2569 loquar,
878 2543 886 2559 t
903 2542 936 2561 ne
951 2535 1054 2569 exiguae

273 2571 382 2605 quidem
407 2571 453 2597 ulli
477 2571 513 2596 rei
534 2574 723 2604 pepercerunt;
750 2577 843 2597 verum
870 2570 1053 2603 praeconium,

274 2607 382 2640 dignum
399 2606 468 2640 quod
486 2607 519 2631 ab
543 2605 666 2632 omnibus
691 2605 824 2636 audiatur,
845 2609 1053 2640 proposuerunt,

274 2639 370 2675 nempe
386 2639 456 2674 quod
475 2640 540 2666 nihil
566 2640 614 2665 sibi
638 2640 730 2674 reliqui
754 2641 884 2669 fecerunt,
900 2639 946 2675 sed
964 2639 1054 2675 om_nia

275 2672 437 2709 pauperibus
449 2675 652 2707 distribuerunt.
664 2685 673 2700 ι
684 2672 814 2701 Czuternm
829 2674 985 2708 praeclarum
998 2672 1056 2700 Ca:-

276 2710 340 2736 sarii
357 2715 543 2736 testamentum
561 2715 648 2736 exstat
668 2711 693 2736 in
710 2709 800 2736 Basilii
822 2709 902 2742 epist.
919 2709 963 2740 δὲ,
981 2716 1056 2734 nova:

276 2745 319 2771 ed.
335 2745 368 2770 ad
384 2745 574 2779 Soplironinm.
590 2754 599 2770 ‹
618 2745 693 2775 Volo,
717 2745 813 2778 inquit,
837 2744 925 2770 omnia
947 2750 1005 2770 mea
1023 2744 1056 2769 ad

278 2787 408 2813 pauperes
423 2778 566 2807 devenire.
585 2789 594 2804 ›
612 2779 659 2806 Cui
685 2780 768 2813 ipsius
786 2784 914 2805 extremm;
929 2778 1056 2804 \'t)ittnl:tl.i

278 2815 370 2847 optimi
387 2819 510 2847 parentes
525 2814 710 2842 lubentissimo
724 2814 814 2840 animo
830 2819 986 2847 paruerunt.
1003 2813 1053 2840 Bil-

279 2850 340 2882 lius,
360 2859 370 2874 ι
384 2851 427 2884 qui
444 2851 511 2877 hanc
528 2857 581 2877 rem
599 2849 715 2884 aggressi
731 2853 803 2876 sunt.
821 2858 828 2873 ι

1134 1284 1203 1313 XXI.
1225 1285 1265 1311 An
1289 1284 1347 1311 haec
1371 1284 1404 1310 ad
1430 1284 1640 1312 consolationem
1664 1287 1782 1314 nondum
1807 1287 1882 1314 suili-

1095 1330 1189 1359 ciunt?
1223 1329 1308 1363 Majus
1342 1330 1518 1364 pharmacum
1546 1331 1690 1358 adhibebo.
1722 1332 1880 1367 Sapientum

1095 1377 1186 1404 verbis
1207 1376 1328 1403 adducor
1341 1381 1370 1402 nt
1392 1375 1500 1402 credam
1512 1395 1520 1407 ,
1541 1375 1681 1410 pulchram
1696 1384 1802 1404 omnem
1819 1379 1880 1404 ani-

1097 1431 1168 1449 mum
1192 1427 1219 1450 et
1243 1422 1297 1449 Deo
1314 1421 1393 1456 213
1415 1422 1535 1455 charain,
1559 1427 1733 1456 posteaquam
1755 1424 1881 1457 corporis

1099 1468 1213 1496 vinculis
1233 1467 1319 1495 soluta
1331 1488 1338 1500 ,
1356 1468 1418 1494 hinc
1437 1468 1604 1499 excesserit,
1623 1468 1746 1502 protinus
1763 1469 1881 1502 bonum,

1100 1515 1169 1549 quod
1184 1521 1242 1541 eam
1258 1518 1362 1544 tttattel,
1374 1513 1583 1548 persenlienlem
1598 1517 1625 1541 et.
1641 1514 1880 1548 contetttplantettt,

1100 1561 1213 1596 (utpote
1227 1567 1270 1593 eo,
1286 1560 1357 1594 qttod
1374 1560 1501 1587 tenebras
1516 1559 1683 1592 oﬂ'nndebat,
1701 1561 1741 1587 vel
1757 1565 1881 1595 purgato,

1101 1607 1140 1634 vel
1155 1607 1293 1642 deposito,
1311 1606 1352 1633 vel
1364 1626 1372 1638 ,
1388 1614 1440 1640 quo
1460 1606 1541 1633 verbo
1562 1614 1591 1633 ea
1608 1614 1650 1633 res
1664 1607 1821 1641 appellanda
1835 1607 1882 1639 sit,

1101 1655 1192 1681 nescio
1202 1654 1226 1688 ;)
1240 1653 1354 1680 mirabili
1372 1653 1486 1686 quadam
1500 1653 1637 1685 voluptate
1653 1651 1720 1679 allici
1732 1672 1739 1683 ,
1752 1653 1881 1679 etexsuL

1102 1705 1168 1730 tnre,
1189 1703 1270 1731 atque
1285 1697 1334 1724 hac
1351 1696 1415 1728 vita,
1437 1701 1562 1730 tanquam
1578 1697 1652 1731 gravi
1669 1697 1785 1730 quodam
1800 1705 1881 1731 erga-

1102 1744 1171 1771 stulo
1188 1743 1338 1774 liberatam,
1358 1742 1588 1776 compedibusque
1612 1742 1681 1773 illis,
1700 1742 1797 1776 quibus
1809 1751 1885 1770 meu‘

1104 1790 1137 1816 tis
1154 1790 1204 1816 alae
1218 1788 1448 1822 deprimebantur,
1466 1787 1592 1817 solutam,
1614 1787 1717 1821 placide
1734 1790 1766 1815 ad
1791 1788 1885 1816 Domi-

1103 1842 1166 1860 num
1185 1841 1262 1860 suum
1282 1831 1410 1863 tendere,
1425 1839 1456 1859 ac
1474 1833 1609 1859 recondita
1624 1832 1675 1859 frui
1693 1834 1879 1866 beatitudine,

1104 1880 1212 1914 qualem
1225 1879 1281 1912 jam
1298 1885 1346 1912 per
1363 1877 1505 1912 imaginem
1524 1883 1694 1913 perceperat;
1720 1884 1780 1913 post
1801 1880 1884 1907 etiam

1102 1925 1257 1959 aliquanto,
1275 1931 1336 1950 cum
1359 1927 1503 1957 cognatam
1523 1931 1631 1951 carnem
1646 1932 1661 1951 a
1679 1931 1760 1956 terra,
1781 1933 1841 1959 quae
1858 1931 1886 1953 et

1102 1971 1231 2002 dederat,
1267 1976 1293 1997 et
1313 1970 1338 1996 in
1357 1969 1436 1997 [idem
1457 1975 1621 2006 acceperat,
1639 1971 1772 2006 receperit
1793 1971 1886 2006 (quod

1143 2079 1199 2115 (88)
1219 2079 1317 2114 Δῶρον·
1330 2080 1478 2114 ἐντάφιον.
1497 2079 1611 2110 Mallem,
1634 2080 1682 2107 has
1698 2081 1886 2116 distinguendo

1107 2123 1196 2147 voces,
1218 2117 1257 2142 sic
1277 2120 1383 2142 vertere
1400 2125 1406 2141 :
1426 2125 1435 2140 I
1460 2122 1507 2149 pro
1532 2123 1565 2142 eo
1589 2116 1748 2149 sepulcralis
1766 2118 1886 2144 muneris

1106 2151 1200 2181 instar,
1218 2152 1288 2176 dono
1300 2151 1431 2176 daturam.
1449 2160 1458 2175 ι

1138 2185 1193 2219 (89)
1214 2185 1277 2211 ’Ὁτι
1292 2185 1377 2219 ψυχὴ
1400 2184 1492 2212 πᾶσα.
1518 2184 1599 2211 Vetus
1630 2185 1713 2212 scltol.
1730 2185 1790 2212 Ὀτι
1810 2186 1824 2212 ὁ
1842 2187 1886 2212 ὲν-

1101 2219 1196 2246 τεῦθεν
1210 2220 1375 2253 ἀπαλλαγεὶς
1394 2220 1473 2255 εὑθρς
1492 2221 1520 2246 ὲν
1538 2219 1639 2255 θεωρίᾳ
1657 2221 1759 2253 γίνεται
1775 2221 1820 2247 τοῦ
1838 2222 1886 2255 μέ-

1102 2263 1192 2286 νοντος
1208 2255 1287 2281 αὐτὸν
1300 2255 1393 2281 καλοῦ.
1411 2265 1421 2280 ι
1438 2254 1472 2286 Is,
1488 2255 1532 2288 qui
1548 2262 1563 2281 e
1578 2256 1645 2282 vivis
1657 2256 1783 2287 excessit,
1795 2254 1886 2283 staiint

1103 2290 1195 2324 hujus,
1211 2290 1282 2322 quod
1299 2298 1360 2316 eum
1378 2295 1479 2322 manet,
1496 2290 1558 2316 boni
1575 2290 1802 2323 contemplatione
1818 2291 1885 2317 l‘rui-

1104 2330 1156 2352 tur.
1167 2324 1277 2385 {illanc
1291 2326 1461 2357 sententiam,
1486 2325 1555 2351 ittter
1577 2324 1653 2358 alios,
1668 2324 1798 2361 Dionysio
1815 2326 1888 2353 Elias

1104 2368 1172 2385 aSCl‘l
1195 2366 1225 2385 ιι.

1103 2366 1225 2387 σεετιῡιι.

1139 2395 1195 2427 (90)
1216 2393 1377 2428 Γενομένη.
1392 2394 1448 2422 Jcs.
1462 2394 1601 2429 γινομένη.

1140 2429 1196 2464 (9|)
1216 2429 1271 2456 Καὶ
1286 2431 1383 2464 Lictne.
1395 2429 1498 2461 Billius,
1513 2439 1522 2455 t
1532 2437 1635 2456 summa
1649 2437 1709 2456 cum
1723 2429 1885 2456 hilaritate.»

1141 2462 1196 2500 (92)
1216 2465 1271 2491 Καὶ
1284 2462 1358 2500 οἷον,
1375 2466 1525 2500 θιςηῡθθδι
1546 2465 1603 2497 καί,
1623 2465 1649 2491 in
1669 2466 1752 2499 Iiegg.
1768 2465 1823 2496 bitt,
1841 2465 1887 2495 hu,

1105 2499 1154 2526 0r.
1172 2500 1200 2532 1,
1214 2505 1242 2527 et
1256 2500 1310 2527 les.
1325 2499 1446 2526 Combei‘.
1461 2499 1550 2531 vertit,
1572 2509 1581 2524 ι
1599 2499 1673 2525 velut
1684 2500 1739 2532 jam
1756 2503 1829 2526 certa
1846 2506 1889 2526 re-

1105 2535 1311 2569 praesentatione
1336 2542 1367 2560 ac
1386 2534 1513 2568 imagine.
1534 2535 1651 2568 reposita
1676 2534 1727 2561 frui
1743 2534 1890 2561 beatitudi-

1106 2577 1150 2597 ne.
1170 2579 1178 2595 I
1208 2569 1285 2603 Quod
1314 2576 1361 2604 per
1384 2569 1533 2603 emphasim
1563 2570 1675 2601 dictum,
1704 2575 1800 2604 atque,
1822 2573 1890 2596 teste

1106 2605 1180 2636 Elia,
1203 2612 1262 2630 eam
1292 2604 1390 2630 mentis
1413 2604 1614 2637 impressionem
1640 2604 1784 2636 signiﬁcat,
1807 2611 1888 2636 quam

1107 2641 1208 2672 anitna,
1222 2639 1275 2666 Deo
1287 2639 1313 2665 in
1330 2640 1414 2674 ipsam
1430 2639 1563 2670 illabente,
1576 2639 1724 2673 experitur.
1741 2638 1800 2665 Bill.
1817 2647 1826 2663 ι
1845 2646 1889 2665 re-

1107 2675 1243 2701 conditam
1263 2674 1454 2701 beatitudinem
1468 2674 1525 2706 jant
1543 2673 1616 2700 velut
1637 2680 1684 2708 per
1703 2673 1846 2708 imaginem
1863 2678 1890 2700 et

1107 2709 1279 2743 simulacrum
1307 2709 1454 2743 percipere.
1469 2718 1478 2734 ι

1107 2755 1113 2770 :
1144 2744 1198 2779 (95)
1219 2741 1255 2778 ᾭ
1269 2741 1441 2775 τᾶἑκεῖῡεν,
1454 2750 1506 2770 etc.
1525 2753 1534 2769 ι
1553 2743 1649 2776 Quam,
1666 2750 1728 2770 cum
1743 2742 1788 2770 hic
1802 2742 1890 2777 philo-

1109 2781 1278 2812 sopharetur,
1295 2779 1395 2806 sociam
1413 2779 1516 2805 habuit.
1533 2788 1542 2804 ι
1559 2782 1622 2812 Quae
1639 2779 1745 2812 quidem
1760 2780 1827 2805 ratio
1838 2783 1890 2810 est,

1109 2823 1158 2875 Cll‘l'
1172 2814 1205 2877 iql
1217 2815 1301 2848 ipsam
1319 2821 1426 2849 quoque
1440 2822 1548 2842 carnem
1562 2814 1736 2843 beatitudinis
1752 2813 1894 2848 praemium

1111 2857 1138 2876 re
1153 2857 1186 2876 un
1208 2855 1277 2876 ‘lllll‘.

1111 2855 1277 2876 I'CIUlld'lllll‘.
