2069 3131
247 194 299 221 785

656 197 786 226 ORATIO
807 199 861 227 VII.
881 217 916 221 -κ
936 201 969 228 IN
989 201 1132 230 LAUDENI
1152 202 1303 230 CAESAR"
1326 203 1485 232 FRATRIS.

1821 209 1874 236 786

244 257 302 285 ειμι
314 257 319 263 ·
349 249 396 276 καὶ
411 250 460 277 οὐκ
474 251 505 286 ἐᾷ
522 260 555 286 με
570 253 700 280 ἀναπνεῖν
714 254 729 289 ή
742 255 845 282 ἐκεῖθεν
857 256 931 289 δόξα,
945 258 991 284 καὶ
1004 258 1039 284 τὰ

1094 264 1178 286 morte
1193 260 1351 292 moriamur,
1363 268 1423 287 cum
1437 261 1473 288 dii
1483 259 1546 289 facti
1561 263 1665 289 simus?
1679 262 1728 290 IIic
1739 271 1781 291 me
1793 265 1874 292 timor

245 298 333 324 ὲκεῖσε
350 296 544 333 δικαιωτήρια·
568 296 606 325 ὧν
619 300 670 335 τῆς
688 300 738 335 μὲν
757 302 868 338 ἐφίεμαι
891 304 970 340 μέχρι
990 305 1037 331 καὶ

244 344 291 370 τοῦ
306 344 343 379 (ὅ)
355 343 483 371 δύνασθαι
497 345 584 380 λέγειν
598 355 604 361 ·
623 347 771 374 Ἐκλεῐπει
781 350 825 382 είς
839 349 872 376 τὸ
886 350 1036 384 σωτήριόν

244 397 302 417 σου
318 390 335 423 ἠ
360 390 445 425 ψυχή
466 400 542 426 μου,
568 392 603 419 τὰ
623 392 651 418 δὲ
674 393 778 428 φρίττω
799 393 846 421 καὶ
865 394 1036 430 ἀποστρέφο-

245 444 305 471 μαι.
333 436 437 463 Ἐκεῖνο
452 437 480 464 δὲ
498 438 528 464 οὐ
544 438 662 471 δέδοικα,
681 440 717 475 μή
734 449 779 476 μοι
799 440 830 466 τὺ
848 441 927 476 σῶμα
946 441 1036 474 τοῦτο,

244 481 372 518 διαρρυὲν
394 484 443 510 καὶ
468 484 634 520 διαφθαρὲν,
661 485 801 517 παντελῶς
822 487 964 522 οἰχήσηται
981 488 1036 523 (4)·

244 528 312 555 ἀλλὰ
338 529 374 564 μὴ
395 530 426 556 τὸ
447 530 492 556 τοῦ
515 530 582 557 Θεοῦ
603 531 716 566 πλάσμα
737 531 768 558 τὺ
787 531 890 564 ἔνδοξον
915 532 1037 568 (ἔνδοξον

244 574 299 610 γὰρ
325 575 491 611 κατορθοῦν,
513 576 607 612 ὥσπερ
625 578 721 612 ἄτιμον
744 579 937 614 ἁμαρτάνον),
959 580 988 605 ἐν
1014 576 1036 613 ᾧ

244 619 333 655 λόγος,
347 622 437 657 νόμος,
453 623 545 655 ἐλπὶς,
562 624 610 660 τὴν
626 625 709 660 αὐτὴν
724 627 781 657 τοῖς
801 626 908 660 ἀλόγοις
921 627 1032 662 ἀτιμίαν

246 667 409 703 κατακριθῇ,
429 668 476 694 καὶ
490 669 572 704 μηδὲν
591 670 670 697 πλέον
728 671 796 706 μετὰ
814 672 863 708 τὴν
880 672 1013 706 διάζευξιν
1024 682 1030 688 ·

245 713 283 744 ὡς
300 712 394 747 ὄφελόν
412 722 443 740 νε
463 716 519 746 τοῖς
536 717 674 752 πονηροῖς,
693 719 740 744 καὶ
760 718 808 744 τοῦ
827 718 931 745 ἐκεῖθεν
948 720 1033 755 πυρὸς

246 758 341 792 ἀξίοις.

1090 308 1221 341 exagitat,
1236 307 1281 334 hic
1293 307 1351 334 dies
1369 313 1516 342 noctesque
1541 316 1644 336 meeum
1660 315 1801 343 versatur;
1826 319 1875 339 nec

1090 359 1134 378 me
1160 352 1274 379 liberant
1301 353 1425 387 spiritum
1452 354 1550 382 ducere
1570 354 1672 386 sinunt.
1702 355 1764 383 hinc
1785 356 1874 384 futura

1090 399 1188 434 gloria,
1214 399 1277 427 hinc
1308 400 1428 427 futurutn
1457 401 1645 428 trilutnalzex
1673 401 1770 436 quibus
1802 403 1874 430 illam

1089 446 1197 479 quidem
1213 446 1280 473 adeo
1294 451 1403 480 appeto,
1430 450 1460 473 ut
1482 447 1572 474 dicere
1587 447 1688 481 possim
1705 455 1712 474 :
1728 448 1823 482 Deﬁcit
1848 449 1877 475 in

1088 491 1206 518 salutare
1219 496 1294 518 tuum
1307 492 1396 518 anima
1415 500 1472 519 mea
1492 493 1514 524 ⁸,
1539 493 1591 520 hoc
1616 498 1707 520 autem
1728 494 1826 521 horreo
1848 499 1876 522 et

1086 545 1207 565 aversor.
1227 537 1282 565 Nec
1299 545 1363 565 vero
1378 538 1442 565 illud
1457 539 1547 571 timeo,
1567 547 1599 566 ne
1616 539 1681 567 mihi
1696 548 1796 575 cotpus
1812 540 1873 572 hoc,

1085 591 1146 611 cum
1159 585 1242 612 semel
1254 584 1397 612 deﬂuxerit
1431 592 1463 613 ac
1481 591 1638 619 corruptum
1655 585 1744 616 fuerit.
1764 593 1876 621 prorsus

1088 630 1291 664 exstinguatur,
1319 630 1366 656 sed
1391 636 1426 656 ne
1447 629 1536 657 nobile
1557 629 1622 657 illud
1649 631 1694 658 Dei
1718 631 1874 665 figmentum

1089 675 1194 708 (nobile
1212 675 1283 702 enitn
1309 681 1348 702 est
1362 695 1370 707 ,
1397 683 1457 702 cum
1481 675 1559 702 olIicii
1579 676 1621 703 sui
1639 683 1766 704 numeros
1792 676 1876 709 probe

1089 721 1189 755 explet,
1204 721 1430 756 quemadmodum
1448 727 1541 748 contra
1560 721 1672 753 infame.
1688 729 1748 748 cum
1760 722 1876 756 peccat),

1089 767 1116 794 in
1136 774 1188 801 quo
1204 772 1246 794 est
1263 767 1344 799 ratio,
1365 767 1418 799 Iex,
1435 775 1508 803 spes,
1524 768 1630 799 eadem,
1643 775 1696 802 qua
1709 775 1740 794 ea
1756 768 1880 794 animan-

249 804 296 835 tia,
316 813 375 838 qua:
398 806 508 833 rationis
522 808 643 839 expertia
666 813 738 842 sum,
775 810 922 844 Ignominia
957 811 1111 844 mulctetur,
1146 812 1284 847 nihiloque
1316 812 1427 840 meliore
1447 817 1508 847 post
1523 817 1637 840 mortem
1652 809 1805 840 conditione
1821 812 1875 844 sit;

249 850 476 884 quemadmodum
493 852 622 886 improbis
635 853 799 886 hominibus,
819 859 899 890 atque
912 856 973 890 igne
987 856 1031 883 illo
1051 857 1148 891 dignis,
1168 857 1316 891 optandum
1332 862 1417 884 esset.

284 895 347 923 Kl".
364 897 426 923 Εἴθε
449 897 618 934 νεκρὼσαιμι
635 899 668 926 τὰ
692 900 760 936 μέλη
780 901 814 928 τὰ
831 902 877 928 ἐπὶ
899 902 948 937 τῆς
970 902 1038 937 γῆςί

1130 902 1223 930 XXIII.
1252 902 1360 930 Utinam
1374 903 1505 934 membra.
1521 911 1581 938 quae
1594 910 1675 938 super
1690 908 1789 930 terram
1805 907 1878 935 sunt,

249 941 313 968 Εἴθε
332 942 420 969 πάντα
442 944 481 979 τῷ
497 945 632 980 πνεύματι
651 945 850 983 δαπανήσαιμι,
871 948 920 983 τὴν
943 949 1039 981 στενὴν

249 987 297 1013 καὶ
309 987 408 1021 ὀλίγοις
423 987 505 1024 βατὴν
519 989 642 1022 ὁδεύσας,
658 991 695 1026 μὴ
712 991 761 1026 τὴν
777 992 907 1019 πλατεῖαν
934 993 981 1019 καὶ
995 993 1041 1020 ἇν-

224 1075 230 1079 ¹
249 1033 326 1060 ετονί
346 1034 388 1066 Ὡς
396 1034 430 1061 τά
443 1043 475 1069 γε
493 1037 563 1069 μετὰ
574 1037 653 1064 τοῦτο
667 1037 780 1074 λαμπρὰ
796 1039 844 1066 καὶ
862 1039 976 1074 μεγάλα,
994 1040 1041 1066 καὶ

251 1079 352 1113 μείζων
365 1080 380 1115 ἢ
397 1081 467 1107 κατὰ
480 1082 517 1117 (ὅ)
528 1081 578 1118 τὴν
591 1083 670 1116 ἀξίαν
685 1084 771 1116 ἐλπίς.
785 1086 815 1112 Τί
831 1085 917 1112 ἐστιν
929 1087 1041 1120 ἂνθρωυ

251 1134 317 1158 πος,
338 1126 381 1153 ὅτι
392 1128 547 1163 μιμνήσκῃ
566 1129 604 1164 (6)
620 1130 728 1163 miror};
746 1130 778 1157 Τί
797 1132 827 1158 τὸ
852 1132 943 1159 καινὸν
963 1132 1041 1159 τοῦτο

251 1172 316 1208 περὶ
335 1173 385 1208 ἐμὲ
414 1174 580 1210 μυστήριον,
598 1176 704 1212 Μικρός
727 1178 784 1213 είμι
811 1178 857 1204 καὶ
878 1178 974 1213 μέγας,
992 1187 1042 1205 ταν

252 1219 342 1250 πεινὺς
359 1220 405 1246 καὶ
428 1220 539 1256 ὑψηλὸς,
560 1221 656 1258 θνητὸς
679 1224 726 1250 κα).
748 1224 898 1256 ἀθάνατος,
922 1226 1042 1260 ἐπίγειος

252 1265 299 1292 καὶ
312 1265 447 1301 οὐράνιος.
469 1267 574 1294 Ἐκεῖνα
587 1269 656 1304 μετὰ
673 1270 719 1298 τοῦ
731 1270 806 1297 κάτω
822 1272 939 1306 κόσμου,
955 1272 1042 1300 ταῦτα

254 1311 323 1346 μετὰ
332 1312 379 1338 τοῦ
393 1312 460 1340 Θεοῦ
471 1321 478 1328 ’
493 1314 585 1341 ἐκεῖνα
599 1315 669 1350 μετὰ
682 1316 731 1351 τῆς
746 1317 856 1352 σαρκὸς.
873 1318 959 1345 ταῦτα
973 1318 1042 1354 μετὰ

253 1356 300 1383 τοῦ
318 1357 482 1393 πνεύματος.
501 1360 612 1396 Χριστῷ
632 1361 798 1397 συνταφῆναὶ
816 1371 849 1397 με
863 1363 913 1394 δεῖ,
931 1364 1042 1399 Χριστῷ

255 1405 464 1440 συναναστῆναι,
490 1406 746 1443 συγκληρονομῆσαι
773 1409 892 1444 Χριστῷ,
917 1409 974 1436 υἱὸν
997 1418 1043 1444 γε-

254 1450 346 1477 νέσθαι
364 1451 442 1482 Θεοῦ.
465 1452 532 1479 Θεὸν
549 1453 629 1480 αὐτόν
645 1454 693 1488 (7).
712 1455 809 1490 Ὁρᾶτε
827 1457 872 1481 ποῖ
889 1455 992 1492 προῖὼν
1004 1456 1042 1491 (8)

255 1497 392 1531 ἀνήγαγεν
407 1498 480 1533 ἡμᾶς
495 1499 509 1524 ὸ
525 1498 612 1533 λόγος.
630 1500 737 1536 Μικροῡ
760 1501 807 1527 καὶ
827 1501 906 1537 χάριν
921 1502 1043 1537 ὁμολογῶ

254 1543 294 1578 τῷ
311 1544 402 1577 πάθει,
420 1541 442 1578 ᾧ
456 1545 567 1572 τοιαῦτα
589 1546 789 1582 ἐφιλοσόφησα,
806 1548 852 1574 καὶ
866 1548 897 1574 δι’
911 1548 925 1574 ὃ
943 1549 1043 1584 μᾶλλον

255 1590 373 1626 ἐραστὴς
392 1591 525 1626 ἐγενόμην
537 1592 586 1627 τῆς
600 1592 704 1619 ἐνθένδε
718 1594 940 1626 ἀπαναστάσεως.
959 1594 1044 1621 Τοῦτο

255 1636 322 1671 ἡμῖν
346 1637 377 1663 τὸ
405 1637 476 1672 μέγα
501 1638 650 1674 μυστήριον
678 1639 817 1673 βούλεται·
839 1639 918 1667 τοῦτο
939 1641 1004 1675 ἡμῖν
1030 1641 1044 1666 ὁ

256 1682 469 1718 ὲνανθρωπήσας
493 1683 526 1709 δι’
546 1684 620 1718 ἡμᾶς
650 1684 697 1710 καὶ
720 1684 879 1719 πτωχεύσας
903 1684 978 1716 Θεὸς,
998 1684 1044 1710 ἵνα

255 1727 395 1764 ἀναστήσῃ
406 1729 456 1764 τὴν
470 1729 569 1765 σάρκα,
583 1730 630 1756 καὶ
644 1730 818 1766 ἀνασὼσηται
829 1730 878 1766 τὴν
890 1730 982 1756 εἰκόνα
993 1729 1042 1763 (9),

256 1774 303 1800 καὶ
318 1774 460 1810 ἅναπλάσῃ
479 1775 523 1802 τὸν
539 1775 698 1810 ἄνθρωπον,
717 1776 759 1803 ἵνα
777 1776 920 1811 γενώμεθα
936 1777 960 1802 οἱ
978 1777 1044 1803 πάν-

255 1827 301 1850 τες
315 1819 343 1846 ἓν
359 1820 389 1846 ἐν
404 1821 513 1857 Χριστῷ
528 1822 667 1857 γενομένῳ
686 1822 720 1849 τὰ
737 1822 826 1849 πάντα
838 1823 866 1849 ἐν
880 1824 962 1849 πᾶσιν
978 1823 1044 1858 ἡμῖν

256 1864 378 1897 τελείως,
394 1866 444 1892 ὅσα
458 1867 511 1902 περ
525 1868 598 1894 ἐστιν
615 1867 695 1899 αὐτὸς
712 1867 779 1902 (10),
796 1868 840 1895 ἵνα
856 1868 955 1903 μηκέτι
969 1865 1044 1903 ὦμεν

255 1911 339 1946 apem
354 1912 401 1938 καὶ
419 1911 496 1946 θῆλυ,
518 1912 663 1948 βάρϐαρος,
686 1913 801 1949 Σκύθης,
816 1914 917 1946 δοῦλος,
936 1913 1044 1940 ἐλεύθε-

258 1963 314 1990 ρος,
328 1956 362 1982 τὰ
378 1956 427 1991 τῆς
443 1958 544 1993 σαρκὸς
558 1958 752 1993 γνωρίσματα,
776 1959 855 1994 μόνον
868 1959 896 1985 δὲ
918 1959 1046 1994 φέρωμεν

257 2002 286 2027 ὲν
302 2002 367 2037 ἡμῖν
389 2003 480 2034 αὐτοῖς
497 2003 542 2030 τὸν
563 2004 633 2030 θεῖον
651 2004 706 2039 (11)
727 2005 898 2041 χαρακτῆρα,
919 2006 984 2041 παρ’
1014 2002 1044 2032 οὗ

257 2048 305 2073 καὶ
331 2049 371 2080 είς
391 2048 420 2075 ὃν
439 2049 602 2085 γεγόναμεν,
619 2051 746 2077 τοσοῦτον
764 2052 810 2078 ἀπ’
828 2052 910 2078 αὑτοῦ
936 2061 1046 2088 μορφω-

259 2093 349 2126 θέντες
366 2096 412 2122 καὶ
427 2096 607 2129 τυπωθέντες,
629 2097 699 2124 ὥστε
717 2099 762 2124 καὶ
781 2098 834 2125 ἀπὸ
860 2099 941 2134 μόνοι)
965 2099 1046 2133 γινώ-

260 2140 381 2168 σκεσθαι.

294 2275 357 2302 ΚΔ’.
377 2276 432 2302 Καὶ
456 2277 496 2310 εἴη
518 2277 567 2312 μέν
589 2286 620 2311 γε
641 2278 709 2313 ὅπερ
731 2278 893 2313 ἐλπίζομεν.
911 2278 981 2305 κατὰ
998 2279 1047 2314 τὴν

262 2321 382 2358 μεγάλην
400 2323 467 2349 Θεοῦ
492 2323 536 2349 τοῦ
556 2324 743 2360 μεγαλοδώρου
761 2325 980 2360 φιλανθρωπίαν·
1006 2325 1044 2357 ὃς,

263 2369 348 2404 μικρὰ
363 2369 445 2396 αίτῶν
456 2390 462 2402 ,
483 2370 586 2405 μεγάλα
611 2371 751 2406 χαρίζεται
768 2371 814 2398 νῦν
831 2380 860 2398 τε
878 2373 924 2398 καὶ
947 2373 986 2403 εἰς
1002 2372 1046 2398 τὸν

262 2413 355 2440 ἔπειτα
374 2416 467 2451 χρόνον
484 2417 539 2447 τοῖς
555 2417 674 2452 γνησίως
699 2417 778 2444 αὑτὸν
799 2417 941 2452 ἀγαπῶσι·
959 2417 1046 2444 πάντα

296 2507 389 2536 ‘I’sal.
409 2517 503 2543 cxvnt,
528 2509 572 2537 81.
611 2511 621 2526 ⁷
641 2510 744 2538 Coloss.
772 2517 811 2543 III,
829 2511 855 2538 5.

356 2567 450 2604 Μέχρι
468 2567 516 2594 καὶ
532 2567 596 2595 τοῦ.
607 2567 671 2602 Reg.
684 2568 729 2600 Im,
739 2568 786 2604 Or.
804 2569 829 2599 1,
843 2569 923 2604 μέχρι
936 2568 982 2596 τοῦ
992 2568 1048 2596 καί.

265 2601 338 2662 σεξ.)
359 2603 533 2637 Οίχήσηται.
546 2604 611 2639 Ilcg.
630 2601 675 2637 hu,
691 2610 747 2631 tres
762 2601 852 2637 Colb.,
868 2601 915 2631 σὺ,
932 2605 957 2636 1,
974 2605 1050 2639 οἰκή-

265 2671 336 2734 γαρὲ
356 2673 467 2703 Μείζων
488 2673 506 2707 ἣ
519 2673 602 2701 κατά.
623 2673 687 2709 Reg.
704 2674 750 2705 hu,
768 2679 794 2702 ct
808 2674 854 2702 0r.
875 2674 900 2707 I,
917 2673 1017 2709 μείζων
1032 2673 1048 2708 ἢ

361 2742 533 2778 Μιμνήσκῃ.
547 2744 592 2770 Sit-
620 2744 702 2778 Regg.
730 2745 784 2775 bm,
801 2745 848 2776 hu,
863 2749 917 2772 trcs
932 2744 1008 2772 Colb.
1026 2748 1052 2770 et

266 2781 313 2806 Ur.
333 2781 357 2805 I.
375 2779 456 2809 Edili,
474 2780 632 2815 μιμνήσκει.

302 2814 340 2854 (7)
359 2815 434 2841 Θεὸν
458 2814 561 2842 ιιὺτόνῤ
587 2814 668 2842 Coisl.
687 2815 699 2841 1
725 2815 799 2842 addit
815 2814 957 2849 κληθῆναι,
976 2823 985 2839 t
1006 2821 1053 2841 v0-

266 2857 416 2955 ;:I;}:)”Hoi
438 2885 556 2919 πΓοϊών.
585 2885 650 2919 Reg.
676 2884 721 2917 Il",
743 2890 796 2913 tres
815 2885 892 2913 Coll).
912 2884 957 2911 0r.
983 2884 1005 2916 I,
1030 2881 1056 2910 οἵ

298 2928 379 2947 ιοιων.

298 2928 369 2946 νοιων
373 2941 379 2947 .

894 2511 904 2525 ⁸
924 2510 1018 2538 llIattIt.
1041 2518 1089 2538 vn.

1093 949 1252 975 tnortilicem
1262 949 1287 975 τι
1304 948 1412 976 Utinam
1424 949 1512 976 onmia
1529 956 1576 983 per
1590 949 1713 983 spiritum
1727 948 1877 977 absumam.

1093 999 1166 1022 arcta
1184 994 1239 1027 via,
1256 999 1283 1022 et
1299 1002 1352 1029 qua
1371 995 1446 1029 pauci
1474 995 1634 1029 gradiuntur
1656 994 1678 1026 ⁸,
1707 1002 1759 1021 non
1787 998 1878 1020 autem

1093 1040 1146 1067 lata
1160 1045 1188 1067 et
1206 1040 1278 1067 facili
1296 1041 1423 1068 incedens
1439 1041 1466 1067 ’I
1494 1040 1589 1075 Magna
1614 1041 1685 1066 enirn
1709 1039 1829 1074 profecto
1852 1044 1879 1065 et

1093 1086 1228 1113 luettlenta
1243 1090 1306 1113 sunt
1325 1094 1369 1119 ea,
1392 1094 1451 1120 qua:
1474 1091 1567 1120 poslea
1591 1089 1749 1118 sequuntur,
1766 1092 1797 1112 ac
1818 1091 1880 1119 spes

1093 1133 1217 1160 meritum
1235 1137 1357 1159 nostrum
1378 1139 1405 1159 et
1426 1133 1586 1166 dignitatem
1601 1131 1720 1158 excedit.
1751 1130 1820 1163 Quid
1841 1135 1879 1158 eu

1092 1179 1180 1212 Immo,
1201 1178 1271 1214 quod
1295 1186 1394 1205 memor
1418 1186 1445 1205 es
1462 1177 1518 1211 ejus
1537 1177 1578 1204 ὀἷ’
1603 1176 1743 1209 Quodnam
1764 1177 1814 1202 hoc
1831 1182 1881 1203 uo-

1093 1232 1154 1250 vum
1166 1224 1267 1250 circum
1281 1231 1323 1250 me
1336 1223 1512 1258 mysterium?
1525 1222 1629 1249 Parvus
1640 1229 1701 1249 smn
1718 1227 1744 1248 cl
1756 1228 1878 1256 magnus,

1093 1271 1205 1298 humilis
1217 1275 1244 1297 et
1258 1269 1393 1301 excelsus,
1414 1269 1535 1296 mortalis
1554 1272 1581 1295 et
1604 1267 1776 1299 immortalis,
1792 1271 1881 1294 terre-

1094 1324 1144 1344 nus
1157 1321 1184 1344 et
1197 1316 1326 1344 cmleslis.
1348 1315 1393 1342 IIIa
1407 1322 1468 1342 cum
1485 1314 1606 1342 inferiori
1624 1314 1676 1341 hoc
1695 1313 1805 1346 mundo,
1824 1313 1881 1340 lucc

1094 1371 1154 1389 cum
1168 1363 1239 1397 Deo;
1255 1363 1299 1390 illa
1313 1371 1374 1391 cum
1389 1369 1480 1394 carne,
1496 1361 1554 1388 haec
1566 1368 1627 1388 cum
1642 1360 1750 1393 spiritu.
1770 1359 1882 1393 Oportet

1094 1417 1137 1436 me
1152 1416 1213 1436 cum
1231 1409 1338 1436 Christo
1353 1408 1474 1443 sepeliri,
1492 1407 1573 1442 215
1586 1413 1647 1434 cum
1665 1405 1774 1432 Christo
1790 1411 1880 1431 resur-

1094 1461 1169 1488 gere.
1200 1453 1301 1481 Christi
1328 1453 1498 1481 coltzeredcm
1524 1459 1601 1484 esse,
1624 1451 1708 1478 lilium
1735 1450 1781 1477 Dei
1813 1450 1881 1482 fieri,

1094 1505 1176 1534 atque
1199 1500 1267 1527 adeo
1291 1500 1374 1527 Deum
1398 1500 1494 1533 ipsum.
1523 1498 1618 1525 Videte
1642 1505 1695 1532 quo
1724 1504 1773 1524 nos
1794 1495 1883 1523 oratio

1095 1546 1271 1580 progrediens
1289 1545 1397 1573 tandem
1420 1545 1550 1573 erexerit.
1579 1544 1676 1571 Parum
1695 1543 1787 1574 abest,
1815 1542 1881 1576 quin

1095 1592 1243 1618 calamitati
1261 1592 1363 1626 gratias
1376 1591 1457 1618 etiam
1474 1591 1598 1622 habeam,
1620 1590 1646 1616 in
1670 1589 1746 1623 cujus
1760 1588 1879 1622 gratiam

1094 1638 1152 1664 IIIIEC
1168 1637 1302 1670 disserui,
1322 1642 1349 1664 ct
1367 1644 1428 1671 quae
1444 1636 1509 1663 mihi
1529 1635 1616 1669 majus
1637 1643 1669 1661 ex
1684 1635 1735 1661 hac
1759 1634 1813 1660 vita
1829 1633 1881 1660 mi-

1095 1683 1190 1718 grandi
1208 1683 1371 1710 desiderium
1386 1682 1486 1716 injecit.
1509 1681 1564 1709 IIoc
1583 1681 1660 1708 nobis
1675 1687 1800 1715 magnum
1816 1679 1880 1706 illud

1095 1729 1252 1764 mysterium
1280 1728 1404 1762 designat
1421 1737 1429 1755 :
1447 1728 1499 1754 hoc
1520 1727 1598 1754 nobis
1623 1726 1710 1759 Deus,
1728 1727 1772 1760 qui
1791 1730 1881 1752 nostra

1094 1783 1176 1803 causa
1191 1775 1385 1803 humanitatem
1401 1775 1520 1808 suscepit
1533 1794 1541 1806 ,
1562 1781 1593 1800 ae
1615 1780 1715 1808 pauper
1729 1772 1816 1798 factus
1828 1775 1881 1803 est,

1094 1827 1122 1849 ut
1132 1822 1266 1856 jacentem
1281 1828 1389 1848 caruetn
1405 1820 1532 1854 erigeret,
1548 1824 1576 1846 et
1590 1818 1801 1846 incolumitatem
1815 1818 1882 1844 ima-

1096 1868 1150 1901 gini
1169 1867 1297 1898 all‘errct,
1323 1866 1515 1900 hominemque
1532 1866 1694 1892 instauraret
1707 1885 1715 1898 ,
1740 1869 1770 1891 nt
1788 1871 1882 1891 omnes

1096 1922 1178 1940 unum
1196 1912 1346 1940 cIIIciamnr
1360 1913 1385 1939 in
1403 1913 1526 1945 Christo,
1540 1912 1585 1947 qui
1603 1911 1723 1946 perfecte
1740 1911 1827 1937 factus
1842 1915 1884 1937 est

1097 1960 1124 1987 in
1149 1960 1274 1987 OIIIIIIIIIIS
1292 1959 1369 1986 nobis
1391 1958 1482 1986 omnia
1501 1965 1669 1993 quaecunque
1695 1957 1751 1991 ipse
1774 1960 1831 1988 cst;
1855 1961 1884 1982 ut

1093 2007 1149 2041 jam
1165 2014 1218 2033 non
1244 2006 1329 2033 simus
1351 2004 1487 2032 masculus
1509 2009 1538 2032 et
1562 2003 1679 2037 femina,
1705 2002 1838 2030 barbarus
1854 2005 1881 2028 ct

1097 2052 1208 2087 Scytha,
1224 2059 1317 2078 servus
1330 2055 1357 2078 et
1371 2051 1438 2078 liber
1454 2051 1485 2082 “,
1506 2058 1565 2085 qua:
1579 2053 1642 2077 sunt
1655 2049 1746 2076 carnis
1762 2048 1880 2083 insignia

1097 2104 1124 2126 ct
1145 2099 1321 2130 discrimina,
1344 2097 1390 2124 sed
1408 2096 1492 2124 solam
1514 2096 1576 2128 Dei,
1602 2103 1616 2122 a
1634 2103 1687 2130 quo
1709 2100 1735 2121 et
1749 2095 1784 2122 ob
1803 2101 1883 2129 quem

1097 2145 1180 2172 creati
1194 2151 1297 2177 sumus,
1309 2147 1401 2170 nolam
1415 2143 1441 2170 in
1457 2143 1533 2170 nobis
1541 2149 1678 2177 geramus,
1688 2146 1792 2168 tantum
1802 2140 1836 2167 ab
1852 2147 1885 2166 eo

1099 2190 1236 2218 informati
1256 2195 1282 2217 et
1302 2189 1436 2224 impressi,
1453 2193 1482 2216 ut
1495 2195 1527 2215 ex
1545 2189 1603 2222 ipso
1619 2187 1676 2215 solo
1691 2193 1882 2222 agnoscamur.

1137 2280 1232 2308 XXIV.
1258 2280 1346 2316 Atque
1361 2280 1463 2308 utinam
1480 2279 1586 2314 quidem
1604 2279 1688 2306 simus
1705 2278 1776 2313 quod
1791 2285 1884 2313 spera-

1102 2335 1173 2359 mus,
1183 2327 1332 2354 secundum
1343 2333 1467 2360 magnam
1479 2326 1599 2352 munifici
1613 2325 1659 2352 Dei
1672 2324 1865 2359 benignitatem
1876 2332 1883 2354 ς

1100 2373 1145 2407 qtti
1162 2380 1243 2408 parva
1259 2377 1363 2407 petens,
1392 2371 1509 2398 maxima
1535 2372 1580 2400 iis.
1596 2371 1641 2405 qui
1668 2371 1777 2398 sincero
1798 2368 1883 2396 animi

1101 2418 1196 2446 all'cctu
1209 2427 1270 2446 cum
1289 2424 1392 2450 amant,
1409 2423 1436 2446 et
1451 2425 1523 2445 nunc
1538 2422 1566 2444 et
1580 2418 1605 2444 in
1627 2417 1720 2444 futuro
1733 2424 1791 2443 ιενο
1806 2415 1885 2449 largi-

1114 2509 1156 2536 H.
1196 2510 1205 2525 ⁹
1224 2508 1288 2535 ibid.
1314 2508 1354 2534 15.
1397 2508 1418 2523 ¹⁰
1440 2507 1510 2534 Psal.
1527 2515 1585 2539 \‘III,
1668 2506 1687 2521 “
1704 2504 1764 2538 Gal.
1784 2503 1883 2537 nt,‘28.

1135 2567 1173 2601 (9)
1199 2565 1397 2599 Ὰνασώσηται
1423 2565 1480 2599 τὴν
1505 2565 1615 2592 ειιιόιτι.
1641 2563 1809 2597 «Imaginem
1832 2563 1886 2589 sal—

1099 2608 1184 2629 varct.
1203 2611 1211 2627 ι

1137 2637 1192 2672 (10)
1212 2637 1286 2663 Ὅσα
1303 2636 1357 2670 πέρ
1380 2636 1465 2672 ἐστιν
1488 2635 1588 2667 αὑτός.
1607 2633 1806 2672 «γριιιιτ-(ειιιιιιιιο
1828 2633 1887 2667 ipse

1101 2669 1152 2700 cst.
1169 2669 1222 2698 ιἸιΙ
1236 2672 1365 2698 tunissunt
1382 2680 1396 2698 a
1414 2671 1500 2698 Dillio.
1515 2671 1597 2698 Iloisl.
1617 2671 1627 2696 I
1644 2679 1649 2696 :
1667 2669 1808 2704 πάρεστιν.

1137 2707 1191 2742 (11)
1215 2707 1270 2734 Τὸν
1293 2706 1383 2738 θεῖον,
1406 2712 1459 2733 etc.
1486 2705 1580 2734 Comb.
1596 2715 1606 2742 ι
1622 2703 1738 2742 divinam
1761 2703 1886 2738 figuram,

1102 2740 1150 2778 per
1163 2750 1243 2774 quant
1256 2747 1282 2769 et
1297 2743 1323 2768 in
1338 2743 1414 2778 cujus
1436 2741 1518 2778 fluctu
1535 2740 1768 2778 conditi_snmus_;
1783 2743 1886 2765 tantum

1103 2775 1165 2804 inde
1179 2777 1285 2804 formati
1300 2775 1382 2811 atque
1396 2777 1532 2810 itnpressi,
1546 2781 1575 2802 ιιι
1590 2784 1622 2803 ex
1641 2776 1696 2810 ipsa
1713 2775 1772 2811 sola
1785 2780 1887 2808 cogno-

1103 2820 1219 2839 scantur.
1242 2822 1251 2838 ι
1272 2811 1306 2840 Ut
1320 2809 1376 2839 hiec
1394 2809 1483 2838 omnia
1508 2812 1594 2845 ipsum
1615 2811 1733 2837 referant
1751 2809 1886 2836 characte-

1105 2849 1228 2882 rcm,qui
1244 2848 1279 2874 sit
1292 2847 1381 2873 divina
1403 2847 1429 2874 in
1457 2847 1534 2875 nobis
1558 2846 1698 2880 impressio
1718 2850 1745 2873 ct
1766 2847 1840 2877 nota,
1855 2851 1887 2870 cs

1105 2891 1156 2918 111111
1170 2890 1372 2918 (Συειιοὸωιιιιιιτ.
