2069 3131
242 146 288 175 791

834 151 864 178 S.
885 151 905 178 G
911 151 1048 180 REGORII
1070 154 1114 181 Tll
1120 155 1242 182 EOLOGI

1804 165 1856 191 792

241 205 363 232 veritatis
387 210 473 234 metas
498 207 655 241 prosiliam.
683 209 729 236 sed
761 209 826 236 illud
853 214 960 241 contra.
989 219 1014 238 nt

1074 213 1147 239 θειαν
1167 213 1398 249 ὑπερδράμωμεν·
1424 215 1675 251 ἀλλά)τοῦναντίον,
1697 220 1732 254 μή
1757 229 1783 247 τι
1806 223 1854 257 τῆς

241 249 311 277 infra
328 252 467 279 veritatem
482 253 639 283 subsistant.
656 260 688 280 ac
705 255 798 288 procul
811 263 826 281 a
840 255 878 282 rei
891 255 1023 290 dignitate

242 302 370 329 remotus,
385 298 541 325 laudatione
551 307 608 326 utea
620 299 732 334 gloriam
747 301 832 335 ipsius
844 301 1000 328 iunuinuam
1013 310 1020 332 ;

239 344 453 378 quandoquidem
469 344 578 372 dillicile
589 351 641 377 est,
658 351 714 373 tum
730 348 876 380 actionem,
888 352 943 374 tum
961 356 1021 376 ser-

240 395 356 420 monem,
376 389 460 423 ipsius
477 395 548 416 recte
567 390 644 418 factis
667 392 828 426 atlmqnare;
851 400 899 420 nec
925 393 1017 428 igitur,

237 434 366 467 quidquid
382 435 499 461 alienum
519 440 572 466 est,
590 437 720 468 laudetur,
738 438 810 471 qttod
833 438 1010 474 incongruum

240 478 309 505 forn-t
326 489 332 506 :
351 487 399 506 nec
413 480 544 514 quidquid
563 483 701 515 proprium
715 488 743 509 et
766 483 944 511 domesticum
961 488 1014 516 est,

239 530 438 556 contemnatur,
456 527 478 553 si
498 527 559 553 hom
568 531 639 554 stum
652 532 679 555 et
695 529 839 563 eximium;
856 538 890 557 ue
902 530 940 557 illi
955 531 1016 566 qui-

236 569 296 596 dem
316 571 390 597 lucro
404 572 449 603 sit,
462 571 577 599 aliemtm
594 581 666 604 esse,
683 573 745 600 huic
767 581 830 601 vero
852 575 934 610 219
955 583 1017 610 pro-

185 640 194 645 _
236 613 373 648 pingius
399 614 563 642 detrimento
585 617 674 643 cedat.
700 616 831 652 Utrinque
845 619 917 645 enim
934 619 1018 653 arqui-

235 658 298 684 tatis
318 658 386 684 ratio
404 659 556 689 laulerelur.
569 660 592 686 si
604 665 631 687 et
649 661 685 686 illi
704 661 781 688 laude
794 661 976 695 afﬁcerentur,
991 668 1018 690 et

235 701 261 727 hi
279 702 387 730 silentio
406 709 608 737 premerentur;
636 706 747 733 veritate
761 711 864 739 autem,
885 713 1013 742 tanquam

234 747 323 780 regula
337 753 364 774 et
375 756 489 781 canone,
502 756 620 781 utentes,
637 755 716 785 atque
741 752 827 786 ipsam
849 753 935 780 solam
952 762 1016 788 spe-

233 797 346 824 ctantes,
368 802 418 820 nec
442 795 587 828 quidquam
608 795 680 822 aliud
695 798 898 826 considerantes
913 807 945 826 ex
962 799 1008 832 iis,

233 846 292 871 qum
307 839 400 874 vulgus
413 839 552 870 hominum
567 847 594 869 et
610 843 718 870 venales
731 844 827 871 animae
859 845 964 878 solent,
1002 846 1037 873 ita
1057 848 1163 876 dctttum
1182 858 1212 878 ea
1228 857 1255 878 et
1275 839 1454 887 lautlztliitinus,

232 892 302 916 mus,
318 893 377 917 qtue
392 887 496 914 laudem
515 893 563 917 aut.
575 889 710 916 silentium
727 896 926 924 promereatur.

1073 257 1202 292 ἀληθείας
1217 259 1384 295 ἐλλείπωμεν
1399 261 1466 295 (28),
1484 264 1531 290 καὶ
1548 264 1622 299 παρὰ
1635 265 1702 291 πολὺ
1717 267 1766 301 τῆς
1777 268 1854 300 ἀξίας

1071 303 1203 335 ἐλθόντες.
1228 304 1422 341 ἐλαττώσωμεν
1443 307 1492 343 τὴν
1516 309 1595 341 δόξαν
1609 312 1664 342 τοῖς
1688 313 1833 348 ἐγκωμίοις
1847 324 1854 329 ·

1071 348 1162 384 ἐπειδὴ
1185 349 1302 384 χαλεπὸν
1323 353 1371 378 καὶ
1387 353 1485 388 πρᾶξιν
1501 354 1629 387 ἐξισῶσαι
1644 357 1691 382 καὶ
1709 357 1787 392 λόγον
1799 361 1855 391 τοῖς

1071 393 1177 427 ἐκείνης
1188 395 1279 427 καλοῖς
1289 405 1296 411 ·
1309 398 1379 432 μήτε
1390 397 1435 425 οὖν
1445 408 1471 425 τι
1479 400 1533 434 (⁵29)
1543 399 1679 436 ἀλλότριον
1693 402 1855 430 ἐπαινείσθω

1070 439 1133 470 πᾶν,
1155 439 1170 466 ὃ
1193 441 1230 476 μὴ
1254 441 1354 469 δίκαιον
1372 444 1442 478 (50)·
1472 446 1540 480 μήτε
1557 446 1612 481 (51)
1635 446 1809 481 ἀτιμαζέσθω
1823 451 1854 476 τὸ

1069 485 1178 518 οἰκεῖον,
1198 488 1222 513 εἰ
1237 487 1325 522 τίμιον
1335 498 1341 504 ι
1355 490 1397 516 ἵνα
1413 490 1450 525 μὴ
1462 491 1502 525 τῷ
1516 491 1564 525 μὲν
1579 492 1699 529 κέρδοςὴ
1717 494 1852 530 ἀλλοτριό-

1068 539 1119 566 της
1129 529 1157 567 ᾖ,
1175 533 1214 567 τῷ
1226 533 1254 560 δὲ
1277 535 1317 566 εἰς
1332 535 1432 570 ζημίαν
1445 539 1558 572 περιστῇ
1571 538 1601 565 τὸ
1615 539 1664 574 τῆς
1677 541 1850 576 οἰκειότητος.

1076 576 1249 611 ’Λμφοτέρως
1261 579 1315 614 γὰρ
1337 580 1369 606 ἂν
1385 582 1399 607 ὁ
1412 582 1458 608 τοῦ
1479 582 1582 608 δικαίου
1603 583 1747 618 βλάπτοιτο
1763 585 1850 619 λόγος,

1070 621 1203 650 κάκείνων
1224 625 1437 659 ἐπαινουμένων,
1455 628 1502 654 καὶ
1522 628 1624 655 τούτων
1648 631 1850 666 σιωπωμένων’

1069 667 1124 702 ὅρῳ
1140 667 1168 694 δὲ
1191 670 1238 696 καὶ
1255 671 1346 698 κανόνι
1365 673 1398 707 τῇ
1421 673 1535 709 ἀληθείᾳ
1555 674 1699 710 χρώμενοι,
1721 677 1768 703 καὶ
1783 678 1852 711 πρὸς

1068 711 1169 746 ταύτην
1184 713 1327 747 βλέποντες
1342 717 1431 751 μόνον,
1455 718 1518 744 ἀλλο
1536 719 1564 744 δὲ
1583 719 1658 745 οὐδὲν
1677 721 1850 753 σκοποῦντες,

1067 753 1104 782 ὧν
1123 758 1147 783 οἱ
1162 758 1253 785 πολλοί
1265 761 1319 794 (52)
1333 770 1361 787 τε
1379 764 1425 788 καὶ
1441 762 1546 794 εὔωνοι,
1560 764 1630 790 οὕτω
1643 765 1690 792 καὶ
1709 767 1849 794 ἐπαινεσό-

1070 803 1138 836 μεθα
1159 805 1205 831 καὶ
1231 808 1422 842 σιωπησόμεθα
1443 809 1477 836 τὰ
1493 810 1639 845 ἐπαίνωνῆ
1657 812 1760 847 σιωπῆς
1776 813 1848 846 ἄξια.

1481 861 1508 882 et
1538 856 1644 884 silentio
1662 859 1850 892 przetermitte-

267 929 297 956 ΙΙ.
317 930 383 957 Illud
399 937 487 958 autem
501 934 620 960 ontuium
633 935 854 962 absurdissimum
868 935 960 967 fuerit.
977 938 1010 970 si,

1098 939 1135 966 ΒΩ
1153 941 1265 967 Πάντων
1280 941 1301 968 δ’
1317 943 1371 977 (53)
1388 944 1569 976 ἀτοπώτατον,
1584 947 1608 972 εί
1623 946 1677 980 (54)
1691 947 1849 983 ἀποστερεῖν

232 982 294 1002 cum
320 977 484 1011 propinquos
500 979 588 1014 aliqua
615 987 643 1006 re
661 980 795 1014 fraudare,
824 981 866 1008 vel
886 983 1016 1010 conviciis

232 1022 377 1055 incessere,
393 1024 434 1051 vel
450 1032 580 1052 accusare
592 1045 599 1057 ,
626 1027 666 1053 vel
687 1034 795 1061 quoquo
816 1028 896 1057 modo
911 1030 967 1056 sive
989 1030 1015 1056 in

233 1069 347 1102 magnis,
361 1069 418 1097 sive
437 1070 462 1096 in
478 1071 598 1099 minimis
611 1071 717 1104 laedere,
737 1074 846 1101 tuiuime
861 1075 934 1108 piutn
955 1083 1016 1102 esse

231 1120 406 1141 censeamus:
421 1115 485 1146 imo,
501 1123 528 1143 et
545 1117 571 1144 iu
583 1118 704 1145 homines
728 1127 826 1153 genere
845 1120 1010 1154 conjunctis-

231 1160 314 1186 simus
337 1160 492 1195 delinquere
505 1182 512 1194 ,
537 1164 625 1190 scelus
651 1165 772 1191 omnium
789 1166 936 1192 maximum
955 1173 1015 1193 esse

230 1205 396 1239 iudicemus;
411 1215 459 1234 nos
474 1213 563 1235 tatucu
575 1217 622 1235 eos
634 1210 756 1237 oratione
767 1210 923 1238 fraudantes
945 1213 1015 1246 (qua:

231 1251 307 1278 bonis
323 1253 387 1280 viris
402 1254 519 1281 maxime
544 1255 668 1288 debetur,
683 1262 711 1283 et
731 1265 779 1291 per
799 1266 880 1292 quam
905 1258 1015 1284 immor-

230 1295 311 1322 talem
338 1304 430 1324 corum
460 1300 615 1327 memoriam
648 1303 760 1329 reddere
779 1305 934 1337 queamus),
957 1309 1012 1331 ttnu

229 1341 298 1374 a:qui
312 1341 412 1376 aliquid
428 1343 516 1371 facere
529 1346 706 1379 arbitremur,
722 1347 906 1383 maioremque
918 1349 1015 1383 impro-

230 1384 336 1418 borum,
350 1388 394 1422 qui
411 1395 459 1415 nos
472 1389 506 1416 ad
518 1391 631 1424 gratiam
645 1391 715 1426 loqui
728 1393 918 1426 criminantur,
932 1402 1012 1428 quant

230 1431 372 1466 honorum,
397 1434 441 1466 qui
459 1435 569 1462 meritas
587 1436 678 1464 laudes
690 1443 838 1472 exposcunt
851 1459 858 1471 ,
881 1440 1012 1466 rationem

231 1477 428 1506 habeamusJﬁt
439 1486 591 1513 rerte,cum
606 1490 655 1509 nos
666 1484 698 1510 ab
718 1490 801 1511 extera
813 1493 871 1512 rum
887 1486 1009 1513 laudibus

231 1523 411 1554 prazdicandis
417 1533 448 1552 ea
456 1534 535 1553 causa
543 1536 593 1553 nou
601 1529 745 1560 deterreat,
752 1532 820 1563 qttod
830 1539 919 1557 eorum
929 1532 1013 1558 virttis

230 1568 306 1595 nobis
320 1569 526 1606 haudquaquam
542 1579 681 1608 perspecta
696 1580 721 1601 et
743 1581 838 1603 testata
855 1567 900 1603 siti
915 1577 1012 1612 (quan-

1069 985 1120 1020 μέν
1136 995 1162 1013 τι
1174 988 1237 1018 τοὺς
1253 988 1344 1022 ἰδίους,
1366 989 1382 1024 ἢ
1404 990 1590 1025 λοιδορεῖσθαι,
1608 993 1623 1028 ἥ
1639 996 1812 1029 κατηγορεῖν,
1832 995 1849 1030 ἢ

1066 1030 1130 1058 ἄλλο
1144 1040 1171 1057 τι
1184 1032 1287 1059 ἀδικεῖν
1306 1034 1322 1069 ἤ
1341 1035 1437 1070 μικρὸν
1455 1036 1471 1070 ἢ
1488 1036 1590 1071 μεῖζον,
1609 1038 1659 1064 οὐκ
1672 1039 1768 1072 εὐαγὲς
1780 1037 1849 1067 εἶναι

1067 1076 1195 1112 θήσομεν,
1218 1079 1286 1105 ἀλλά
1303 1080 1349 1106 καὶ
1369 1081 1477 1107 πάντων
1499 1083 1629 1109 κάκιστον
1648 1084 1696 1119 τὴν
1711 1084 1782 1111 κατά
1795 1085 1850 1111 τῶν

1065 1123 1237 1150 οἰκειοτάτων
1254 1127 1440 1160 παρανομίαν·
1454 1127 1533 1160 λόγου
1550 1128 1605 1162 (35)
1623 1129 1651 1155 δὲ
1667 1129 1849 1165 ἀποστεροῦν-

1064 1177 1119 1200 τες,
1132 1169 1146 1195 ὃ
1163 1170 1269 1197 πάντων
1287 1171 1405 1206 μάλιστα
1420 1173 1475 1203 τοῖς
1494 1173 1606 1206 ἀγαθοῖς
1621 1174 1694 1200 ἐστιν
1707 1174 1849 1210 ὀφειλόμε-

1065 1223 1118 1244 νον,
1133 1215 1179 1241 καὶ
1225 1216 1274 1250 τὴν
1289 1217 1398 1252 μνήμην
1409 1216 1442 1243 ἃν
1460 1218 1552 1250 αὐτοῖς
1565 1218 1698 1246 ἀθάνατον
1712 1222 1849 1254 καταστή-

1065 1267 1171 1294 σαιμεν.
1181 1259 1276 1286 ἔπειτα
1289 1260 1392 1287 δίκαιόν
1406 1270 1432 1287 τι
1446 1263 1531 1288 ποιεῖν
1543 1263 1700 1298 οἰησόμεθα,
1710 1265 1757 1291 καὶ
1766 1264 1850 1290 πλείω

1064 1303 1140 1338 λόγον
1155 1305 1251 1340 ἕξομεν
1268 1306 1321 1333 τῶν
1342 1307 1468 1343 πονηρῶν
1484 1308 1514 1334 τὸ
1531 1308 1598 1343 πρὸς
1621 1309 1700 1345 χάριν
1719 1309 1849 1344 αἰτιωμέ-

1063 1358 1116 1376 νων
1131 1350 1147 1385 ῆ
1163 1350 1216 1376 τῶν
1229 1352 1357 1378 ἐπιεικῶν
1369 1353 1556 1380 ἀπαιτούντων
1569 1354 1599 1379 τὸ
1615 1354 1682 1389 πρὸς
1695 1354 1782 1387 ἀξίαν.
1795 1355 1849 1381 Καὶ

1063 1396 1125 1428 τοὺς
1147 1397 1195 1430 μὲν
1217 1397 1316 1430 ἔξωθεν
1343 1399 1465 1424 ἐπαινεῖν
1484 1399 1514 1425 οὺ
1541 1399 1640 1425 κωλύει
1664 1399 1696 1425 τὸ
1713 1400 1849 1433 ἄγνωστον

1064 1443 1109 1468 καὶ
1133 1442 1291 1478 ἀμάρτυρον
1320 1444 1418 1477 (καίτοι
1443 1453 1475 1478 γε
1499 1445 1588 1480 πολλῷ
1609 1445 1774 1480 δικαιότερον
1791 1443 1848 1480 ἦν),

1062 1487 1124 1518 τοὺς
1145 1488 1361 1522 γινωσκομένους
1378 1489 1433 1523 (56)
1453 1489 1481 1515 δὲ
1503 1489 1606 1524 ἡφιλία
1625 1489 1751 1521 κωλύσει,
1772 1490 1818 1516 καὶ
1834 1491 1851 1521 ῥ

1063 1532 1139 1567 παρά
1154 1533 1208 1559 τῶν
1224 1533 1326 1560 πολλῶν
1349 1534 1455 1568 φθόνος,
1474 1536 1521 1562 καὶ
1538 1535 1640 1562 τούτων
1655 1535 1770 1570 μάλιστα
1785 1535 1849 1566 τοὺς

1063 1578 1167 1605 ἐνθένδε
1183 1579 1419 1614 ἀπηλλαγμένους,
1441 1580 1488 1607 καὶ
1502 1577 1542 1612 οἷς
1555 1581 1610 1616 (57)
1626 1581 1713 1616 ἄωρον
1727 1581 1757 1607 τὸ
1772 1581 1849 1616 χαρί-

231 1622 310 1648 quam
332 1616 357 1643 id
375 1618 459 1645 multo
482 1620 585 1653 :equius
605 1619 701 1655 foret),
721 1623 839 1649 amicitia
865 1624 945 1650 etiam
959 1645 966 1656 ,
981 1632 1013 1652 ac

1066 1623 1169 1656 ζεσθαι,
1186 1625 1366 1652 καταλιποῦσι
1380 1626 1449 1661 μετὰ
1464 1626 1518 1653 τῶν
1537 1627 1623 1654 ἄλλων
1633 1627 1680 1654 καὶ
1697 1627 1760 1659 τοὺς
1772 1627 1849 1654 ὲπαι-

230 1662 375 1689 τιυὺοιιηιίω
394 1664 536 1690 multorum
561 1665 667 1692 invidia:
691 1672 787 1698 metus,
807 1676 858 1695 non
877 1669 1011 1702 impediet,

1066 1669 1176 1701 νοῦντας
1192 1669 1208 1705 ἢ
1225 1670 1367 1705 ψέγοντας.

230 1709 376 1739 quominus
393 1715 471 1736 notos
487 1710 635 1744 laudemus,
653 1719 752 1748 eosque
771 1715 949 1748 potissimum,
967 1717 1011 1750 qui
1032 1720 1183 1743 extremum
1217 1718 1278 1744 vita:
1313 1719 1382 1744 diem
1404 1719 1578 1750 clauserunt,
1593 1723 1620 1746 et
1635 1727 1648 1745 a
1674 1719 1770 1753 quibus
1788 1727 1849 1754 gra-

232 1753 386 1792 tiam‘iuire
411 1755 519 1782 studere
545 1755 625 1783 nimis
647 1756 702 1791 jam
727 1766 816 1785 serum
839 1760 891 1792 sit;
915 1761 1013 1795 quippe
1035 1762 1091 1796 qui,
1109 1768 1136 1788 ut
1154 1763 1207 1790 alia
1240 1764 1348 1795 omnia,
1374 1765 1409 1790 ita
1428 1764 1678 1792 laudatores'ctiam
1696 1770 1723 1792 et
1744 1766 1848 1800 vitupe-

230 1805 332 1825 ratores
347 1798 524 1832 reliquerunt.

263 1843 306 1871 lll.
327 1844 458 1877 Qucuiatu
474 1853 562 1874 autem
577 1848 609 1875 de
623 1848 665 1876 his
683 1849 765 1876 rebus
779 1850 909 1885 purgandi
930 1851 1013 1878 nostri

230 1898 310 1917 causa
338 1892 403 1918 satis
430 1892 512 1920 multa
539 1895 675 1928 diximus,
707 1896 837 1930 uobisque
862 1898 1013 1925 oralionem

230 1937 298 1963 hanc
320 1939 474 1966 necessario
500 1939 648 1968 institutam
667 1949 727 1968 esse
754 1943 1013 1978 demonstravimus,

229 1990 288 2016 age,
304 1983 337 2009 ad
352 1983 487 2019 ipsasjam
507 1985 600 2013 laudes
621 1987 794 2020 accedamus,
815 1989 940 2017 dictionis
954 1991 1013 2024 qui-

229 2029 289 2054 dem
303 2034 470 2057 venustatem
486 2036 514 2057 et
533 2032 693 2066 elegantiam
718 2038 919 2062 contemnentes
939 2036 1012 2068 (nam

230 2074 288 2101 luec
303 2083 421 2110 quoque,
448 2084 530 2111 quam
555 2078 710 2111 laudamus,
729 2080 839 2108 minime
857 2087 963 2115 compta
986 2087 1014 2108 et

229 2121 347 2155 expolita
360 2127 430 2156 erat,
453 2128 534 2158 atque
553 2129 663 2153 ornatus
689 2125 838 2160 neglectum
865 2127 1014 2161 pulchritu-

230 2167 318 2194 dinem
347 2175 408 2196 esse
435 2170 601 2203 statuebat),
625 2171 742 2198 debitmu
772 2171 878 2206 pietatis
907 2180 1012 2204 munus,

230 2213 306 2245 quasi
327 2220 363 2240 ωε
377 2214 511 2248 quoddam
534 2214 650 2242 alienum
675 2223 803 2250 perquam
829 2217 1013 2244 necassarium

231 2258 411 2291 exsolventes,
433 2260 567 2295 simulque
593 2261 691 2289 multus
712 2263 746 2288 ad
766 2262 885 2295 ejusdem
908 2263 1013 2290 virtutis

234 2304 322 2332 Zelum
338 2309 366 2332 et
381 2305 557 2333 imitationem
574 2307 737 2339 erudieutes,
750 2308 874 2342 quoniam
893 2309 943 2336 hoc
965 2317 1014 2336 uo-

232 2350 274 2377 bis
290 2350 315 2376 in
330 2351 401 2378 omni
419 2358 543 2379 sermone
559 2357 641 2386 atque
657 2353 762 2380 actione
778 2354 945 2388 propositum
961 2360 1012 2387 est,

231 2401 260 2422 ut
273 2403 330 2428 eos,
349 2397 394 2431 qui
419 2398 478 2425 ﬁdei
504 2402 603 2425 nostra:
617 2399 755 2427 commissi
779 2405 859 2432 sunt,
881 2400 1014 2434 perfectos

232 2442 388 2470 reddamus.
402 2443 486 2478 Igitur
500 2444 568 2471 alius
583 2445 689 2479 quidem
708 2446 840 2472 defuncte
854 2446 968 2480 patriam
981 2454 1013 2473 ac

233 2495 317 2522 genus
329 2487 435 2521 laudet,
453 2489 637 2516 encomiorutn
653 2489 778 2516 videlicet
794 2490 867 2523 leges
890 2490 1013 2525 religiose

350 2565 642 2603 Ἑλ,λε’[πεκιιιιεν.νῐζιεε⁵
657 2567 704 2600 hu,
719 2565 766 2594 0r.
780 2567 976 2603 1,ἐλλίπωμεν.

266 2601 323 2635 (29)
346 2602 384 2628 TI.
401 2601 465 2633 Meg.
483 2603 529 2629 hu.
543 2602 583 2628 τό.

278 2637 322 2670 50)
345 2636 432 2672 ’Ὸγμὴ
447 2636 572 2663 δίκαιον.
587 2637 689 2670 Billins,
707 2637 747 2664 «si
765 2637 883 2672 iniquum
898 2638 958 2666 sit.»

280 2671 323 2705 51)
341 2671 432 2707 Μήτε.
448 2672 492 2698 Sic
505 2672 569 2705 Reg.
585 2673 629 2698 bu.
651 2672 730 2702 Editi,
747 2672 823 2707 μηδέ.

269 2704 323 2743 (52)
342 2704 398 2732 Ὧν
416 2708 443 2733 οὶ
461 2707 581 2740 πολλοί,
597 2713 650 2734 etc.
664 2704 795 2738 Billins,}
814 2715 874 2742 quae
897 2708 1016 2743 plerique

222 2745 259 2768 -et
276 2741 341 2767 viles
359 2742 489 2772 homines,
507 2751 516 2766 ι
535 2747 588 2768 etc.

269 2775 323 2811 (55)
342 2774 464 2811 Πάν-ζων·
478 2776 515 2802 δ’.
529 2777 595 2811 Reg.
611 2777 657 2809 lut,
672 2782 698 2804 et
711 2775 758 2803 0r.
773 2777 797 2807 ‘l,
816 2777 927 2804 Πάντων
942 2777 979 2805 δέ.

268 2809 324 2846 (ξιξ)
343 2811 388 2846 Ei.
402 2810 484 2837 Coisl.
503 2812 529 2842 1,
541 2813 570 2846 ἣ.

269 2843 323 2882 (55)
342 2845 447 2879 Λόγου.
465 2846 529 2880 Reg.
546 2843 674 2879 but.,duc
685 2845 774 2879 Culb.,
787 2846 873 2881 λόγον.

1097 1850 1134 1876 Γ’.
1157 1850 1232 1878 Ἐπεὶ
1247 1851 1275 1878 δὲ
1297 1851 1397 1883 ἱκανῶς
1410 1852 1480 1888 ὑπὲρ
1494 1853 1596 1881 τούτων
1610 1853 1845 1889 ἀπολελογήμεθα.

1062 1898 1109 1924 καὶ
1125 1898 1273 1931 ἀναγκαῖον
1288 1899 1353 1933 ἡμῖν
1368 1898 1458 1930 αὐτοῖς
1480 1898 1658 1934 ἀπεδείξαμεν
1672 1900 1735 1926 ὄντα
1747 1899 1792 1926 τὸν
1802 1899 1846 1926 λό-

1061 1952 1120 1977 γον,
1138 1943 1215 1978 φέρε,
1230 1943 1393 1979 προσθῶμεν
1416 1944 1466 1979 ἤδη
1487 1946 1543 1975 τοῖς
1567 1945 1724 1980 ἐγκωμίοις,
1748 1946 1777 1972 τὺ
1798 1945 1849 1980 μὲν

1062 1990 1126 2025 περ).
1148 1991 1197 2025 τὴν
1220 1989 1292 2023 λέξιν
1315 1990 1454 2026 γλαφυρὸν
1479 1991 1527 2023 καὶ
1556 1992 1659 2026 κομψὸν
1683 1991 1847 2019 διαπτύσαν-

1061 2045 1106 2068 τες
1125 2036 1181 2070 (58)
1213 2035 1315 2072 (ἐπειδὴ
1332 2036 1379 2062 καὶ
1396 2036 1599 2068 ἀκαλλώπιστος
1613 2038 1630 2072 ἡ
1654 2037 1845 2073 ἐπαινουμένη,

1061 2081 1108 2106 καὶ
1120 2080 1199 2117 τοῦτο
1215 2080 1311 2112 κάλλος
1323 2081 1391 2116 αὐτῇ
1403 2081 1432 2107 τὸ
1443 2081 1562 2116 ἄκοσμον
1571 2081 1592 2116 ),
1606 2081 1654 2117 τὴν
1667 2082 1695 2108 δὲ
1705 2082 1847 2117 ὀφειλομέ-

1062 2134 1110 2160 νην
1124 2115 1200 2153 ὁσίαν
1217 2126 1254 2158 ὡς
1270 2126 1334 2153 ἄλλο
1348 2135 1374 2152 τι
1390 2126 1469 2162 χρέος
1481 2115 1534 2153 τῶν
1551 2115 1769 2161 ἀναγκαιοτάτων
1781 2115 1849 2154 ἀπο-

1061 2171 1244 2206 πληροῦντες,
1264 2173 1311 2198 καὶ
1335 2172 1392 2207 ἅμα
1414 2174 1478 2204 τοὺς
1501 2172 1614 2204 πολλοὺς
1636 2173 1677 2204 εἰς
1698 2173 1778 2209 ζῆλον
1800 2175 1847 2200 καὶ

1065 2217 1179 2252 μίμησιν
1201 2218 1250 2253 τῆς
1272 2218 1356 2253 αὐτῆς
1382 2218 1481 2254 ἀρετῆς
1507 2218 1730 2250 ἐκπαιδεύοντες,
1753 2219 1846 2255 ἐπειδὴ

1064 2262 1142 2289 τοῦτο
1153 2263 1219 2298 ἡμῖν
1235 2264 1264 2289 ὲν
1279 2265 1360 2290 παντὶ
1375 2264 1420 2290 καὶ
1437 2264 1508 2298 λόγῳ
1524 2264 1571 2290 καὶ
1583 2264 1656 2299 ἔργῳ
1671 2263 1848 2295 σπουδάζεται

1066 2309 1238 2344 καταρτίζειν
1257 2308 1303 2340 οὓς
1320 2309 1529 2344 ἐπισθεύθημεν.
1550 2309 1646 2341 Ἄλλος
1664 2310 1713 2344 μὲν
1730 2310 1777 2336 οὖν
1795 2319 1848 2336 πα-

1064 2354 1142 2390 τρίδα
1156 2355 1204 2390 τῆς
1221 2354 1390 2390 ἀπελθούσης
1411 2356 1554 2382 ἐπαινείτω
1579 2356 1627 2382 καὶ
1645 2357 1734 2390 γένος,
1751 2357 1849 2391 νόμους

1065 2401 1211 2435 ἐγκωμίων
1229 2401 1384 2436 αίδούμενος
1403 2402 1456 2437 (59)
1468 2409 1476 2417 ·
1491 2402 1600 2434 πάντως
1612 2402 1640 2429 δὲ
1652 2403 1701 2429 οὐκ
1714 2404 1848 2438 ἀπορήσει

1065 2445 1169 2472 πολλῶν
1185 2446 1232 2472 καὶ
1254 2446 1344 2472 καλῶν
1367 2446 1472 2480 λόγων,
1497 2448 1521 2473 εἰ
1543 2447 1661 2482 βούλοιτο
1686 2448 1786 2481 ταύτην
1805 2456 1849 2474 κη-

1065 2491 1144 2525 σμεῖν
1160 2490 1274 2522 καὶτοῖς
1291 2490 1399 2525 ἔξωθεν,
1417 2492 1511 2527 ὥσπερ
1527 2492 1632 2528 μορφὴν
1647 2492 1739 2528 τιμίαν
1757 2501 1787 2518 τε
1802 2493 1849 2519 καὶ

1102 2569 1158 2603 (56)
1178 2569 1433 2604 Γινωσκομένους.
1461 2569 1510 2596 ilic
1539 2579 1549 2595 ι
1566 2570 1728 2598 domesticos
1740 2589 1748 2602 ,
1764 2579 1774 2595 ι
1801 2577 1848 2596 seu

1070 2612 1079 2628 ι
1101 2609 1236 2644 parentes,
1255 2614 1264 2630 ι
1280 2603 1318 2631 de
1328 2605 1425 2638 quibus
1440 2605 1553 2640 quaestio
1567 2611 1619 2637 est,
1637 2606 1760 2641 intelligit
1782 2603 1848 2632 Gre-

1176 2673 1231 2700 Καὶ
1246 2671 1301 2706 οἷς.
1317 2674 1353 2700 lta
1369 2674 1452 2709 Regg.
1468 2675 1523 2707 bm,
1534 2676 1580 2707 hu,
1591 2679 1647 2702 tres
1660 2674 1752 2708 Colh.,
1764 2673 1847 2702 Coisl.

1064 2708 1091 2740 5,
1113 2707 1161 2735 0r.
1177 2709 1202 2739 1,
1216 2713 1243 2735 el
1258 2709 1312 2735 Jes.
1329 2707 1471 2741 Εᾱίιίίκαὶ
1484 2710 1535 2742 εἰς.

1100 2744 1156 2777 (58)
1175 2744 1406 2776 Διαπτύσαντες.
1431 2744 1496 2779 Heg.
1518 2747 1563 2778 hu,
1585 2750 1612 2772 et
1630 2744 1677 2772 Or.
1697 2744 1836 2777 1,διαπτῡ

1079 2786 1085 2796 ‘
1095 2787 1121 2803 τε
1141 2799 1147 2804 .

1064 2786 1155 2847 ωβξι)
1169 2813 1358 2848 Αἱδοὺμενος.
1379 2814 1482 2847 Billius,
1499 2825 1507 2840 ‹
1525 2815 1626 2843 honore
1642 2821 1818 2850 prosequens.
1836 2823 1852 2850 ι,
