2069 3131
294 167 348 195 ἶθῦ

892 172 919 199 5.
939 171 1103 200 GBEGORII
1123 171 1294 200 THEOLOGI

1863 170 1913 199 796

294 228 416 262 attinere;
432 236 529 264 nempe
545 229 614 256 bona
626 229 705 264 hujus
718 229 779 256 vita:
794 230 1014 265 despicietttinm,
1029 238 1069 258 eo

1129 231 1263 266 λείψανον,
1281 230 1328 256 καὶ
1343 230 1404 256 ὅσον
1424 228 1570 263 ὑπελείφθη
1587 230 1619 263 τῇ
1636 229 1768 264 εὐσεὸείᾳ,
1784 228 1869 264 πολλὴ
1883 229 1913 255 δὲ

295 283 410 309 rumque
433 275 492 302 loco
510 275 630 302 cmlestia
654 276 799 302 ementium
821 284 958 309 :quorum
983 276 1079 303 breves

293 321 401 355 quidem
416 321 527 354 hujusce
551 321 612 347 vita:
628 321 748 356 reliquiae
759 341 765 353 ,
785 326 813 348 et
828 321 986 355 quantulum
1013 320 1078 347 illttd

295 371 348 398 est,
362 367 433 401 quod
446 367 531 401 pictas
546 367 678 402 reliquum
694 367 756 394 fecit
767 386 775 398 .
796 367 878 394 multa
896 374 959 393 vero
976 371 1002 393 et
1019 366 1077 392 Ion-

291 419 365 446 g:eva
386 412 429 439 illa
455 412 519 445 vita,
541 414 576 439 ob
600 421 680 447 quain
707 413 843 439 laboribus
863 412 976 440 coniecti
1004 417 1076 438 Slllll.

292 456 379 484 Unum
399 457 486 484 adhuc
500 459 532 485 ad
551 466 598 490 ea,
622 466 684 493 qua:
700 459 733 485 de
750 459 815 493 ipsis
830 459 884 485 dixi
896 479 904 490 .
919 459 1075 493 adiungam;

1129 273 1210 310 ήζωὴ
1221 275 1267 300 καὶ
1275 273 1416 309 μακραίων
1462 273 1697 308 προκεκμήκασιν.
1716 273 1762 299 Ἓν
1773 273 1814 300 ἐτι
1831 281 1912 308 προσ-

1128 319 1203 354 θήσω
1222 321 1279 350 τοῖς
1303 320 1366 354 περὶ
1381 319 1470 345 αὐτῶν
1482 318 1584 352 λόγοις·
1600 318 1624 344 οἳ
1640 318 1729 351 καλῶς
1742 319 1788 346 καὶ
1800 319 1912 351 δικαίως

1127 365 1292 400 ἀμφοτέροις
1308 365 1363 396 τοῖς
1383 364 1489 397 γένεσιν
1500 364 1683 399 ἐμερίσθησαν
1693 373 1700 379 ν
1715 366 1728 390 ό
1743 365 1791 400 μὲν
1807 365 1910 400 ἀνδρῶν

1127 408 1197 436 εἶναι
1218 410 1359 444 κόσμος,ή
1378 409 1406 435 δὲ
1426 409 1571 443 γυναικῶν,
1592 410 1638 436 καὶ
1657 411 1687 436 οὐ
1704 410 1804 445 κόσμος
1821 410 1909 444 μόνον,

1126 455 1196 481 ἀλλὰ
1210 455 1257 481 καὶ
1269 455 1367 489 ἀρετῆς
1381 454 1539 489 ὑπόδειγμα..

292 510 390 536 nempe
406 503 477 537 quod
495 503 521 530 hi
543 505 649 538 utrique
660 505 734 532 sexui
746 505 856 538 pulchre
867 513 898 532 ac
910 504 980 538 iuste
1008 503 1086 530 divisi
1106 502 1178 533 sint;
1196 501 1240 528 ille
1256 501 1375 534 quidem,
1393 506 1421 527 ut
1436 501 1566 532 virorum,
1579 501 1633 528 haec
1658 508 1721 528 vero
1749 500 1908 528 feminarum

291 555 481 576 ornamentum
494 556 575 582 esset,
594 559 644 578 nec
663 557 851 578 ornamentum
869 551 966 582 solum,
981 558 1073 577 verum
1097 548 1179 576 etiam
1197 547 1304 574 virtutis
1317 547 1465 581 exemplar.

326 595 369 622 Vl.
388 596 427 622 Ab
441 597 483 623 Itis
498 597 630 631 Gnrgonia
652 602 678 624 et
698 598 779 624 vitam
802 602 829 624 et
854 597 966 632 gloriam
993 604 1070 623 acce-

288 641 346 675 pit:
362 642 395 668 ab
407 642 448 668 his
462 642 568 676 pietatis
581 643 700 674 semina;
716 644 749 670 ab
766 643 817 676 his,
833 649 859 669 et
875 643 945 676 quod
959 643 1071 668 honeste

288 687 365 718 vixit,
379 691 406 714 et
422 688 492 721 quod
503 687 606 718 hilaris.
628 696 660 715 ac
674 696 735 715 cum
750 689 861 716 meliore
870 696 916 722 spe
930 687 1070 715 abscessit.

288 731 423 758 Prmclara
439 733 546 766 quidem
561 733 617 759 haec
634 740 740 767 quoque
752 739 824 763 sunt.
837 738 917 767 atque
930 732 1070 765 ejusmodi,

290 782 320 803 ut
333 778 470 812 plerisque
491 787 594 811 corum,
610 780 655 814 qui
678 780 825 806 nobilitatis
839 779 946 805 nomine
962 785 1071 812 magno-

1157 594 1192 620 Σ¹.
1213 593 1292 629 Παρὰ
1310 593 1412 619 τούτων
1433 593 1564 628 Γοργονίᾳ
1590 593 1634 620 καὶ
1655 593 1686 619 τὸ
1708 591 1787 624 εἶναι,
1808 593 1854 620 καὶ
1877 594 1907 621 τὸ

1121 639 1264 673 εὐδόκιμον
1289 639 1363 673 (48)’
1386 638 1509 665 ἐντεῦθεν
1537 639 1606 673 αὐτῇ
1635 638 1669 664 τὰ
1693 638 1742 673 τῆς
1769 639 1908 672 εὐσεϐείας

1123 686 1269 719 σπέρματα
1279 693 1285 700 ·
1304 685 1377 720 παρὰ
1391 685 1492 711 τούτων
1507 685 1553 711 καὶ
1570 685 1599 710 τὸ
1612 684 1693 719 ζῆσαι
1707 684 1806 716 καλῶς,
1822 686 1868 712 καὶ
1876 685 1908 712 τὸ

1121 732 1247 758 ἀπελθεῖν
1265 731 1342 761 ἵλεως
1358 730 1412 765 (49)
1427 730 1495 765 μετὰ
1512 731 1564 756 τῶν
1579 731 1766 766 χρηστοτέρων
1781 731 1904 758 ἐλπίδων.

1125 777 1202 803 Καλὰ
1219 777 1266 811 μὲν
1279 776 1310 811 δὴ
1327 777 1374 802 καὶ
1392 775 1489 806 ταῦτα,
1506 778 1552 802 καὶ
1567 774 1610 802 οἷα
1629 776 1665 812 μὴ
1684 776 1789 808 πολλοῖς
1808 777 1906 812 ῥᾳδίως

287 831 350 856 pere
366 824 527 859 gloriantur,
542 831 623 860 atque
634 825 669 852 ob
695 826 826 860 majorum
844 825 1010 858 splendorem
1027 829 1069 849 tu-

1124 823 1239 858 ὑπάρχει
1254 823 1309 857 (50)
1324 822 1377 848 τῶν
1397 823 1439 849 ἐπ’
1457 822 1581 857 εὐγενείᾳ
1598 822 1668 858 μέγα
1690 822 1846 856 κομώντων,
1860 824 1907 849 καὶ

288 869 374 896 midos
400 870 504 896 animos
521 875 614 904 gerunt
628 891 636 903 ,
656 879 708 896 nou
732 870 810 897 facile
829 875 983 904 suppetant.
1000 869 1034 895 At
1049 869 1070 896 si

286 915 320 941 de
347 916 403 950 ipsa
429 917 576 950 sapientius
592 921 620 943 et
637 916 780 943 sublimius
805 916 991 943 disserendum
1011 920 1070 948 est,

287 960 429 995 Gorgonis:
453 961 538 995 patria
557 962 664 995 quidem
689 961 739 988 fuit
755 970 869 996 superna
885 961 1051 988 Hierusalem
1062 981 1070 994 ,

287 1005 524 1041 civitas,inqnatn,
545 1007 601 1040 illa,
628 1015 687 1041 qure
704 1007 788 1034 oculis
805 1007 914 1033 minimc
939 1007 1069 1037 cernitur,

288 1057 380 1077 verum
396 1052 486 1078 animo
499 1057 526 1078 et
547 1057 636 1080 mente
652 1053 810 1086 intelligitur
826 1061 832 1079 :
853 1053 878 1078 in
896 1060 976 1086 quam
999 1052 1071 1078 cives

288 1096 398 1131 ascripti
432 1105 534 1130 sumus,
557 1102 583 1125 et
607 1098 640 1125 ad
666 1106 745 1132 quam
772 1105 971 1132 properamus;
995 1096 1071 1129 cujus

285 1141 354 1168 civis
372 1142 496 1170 Christus
515 1147 566 1176 est,
582 1149 609 1170 ct
624 1144 758 1175 concives,
775 1143 901 1177 frequens
917 1143 960 1170 ille
974 1148 1069 1174 coetus,

286 1191 314 1213 et
341 1187 458 1216 Ecclesia
483 1190 696 1224 primitivorum,
718 1190 764 1224 qui
793 1190 819 1216 in
840 1190 916 1217 cmlis
941 1189 1068 1222 descripti

285 1238 347 1260 sunt
365 1233 396 1266 ¹⁶,
411 1239 439 1260 et
455 1235 556 1262 circum
579 1243 703 1270 magnum
733 1235 807 1261 urbis
827 1235 996 1262 conditorem
1024 1241 1070 1268 per

284 1278 376 1312 glorize
400 1280 651 1314 contemplationem
668 1281 751 1308 festos
775 1281 833 1308 dies
861 1281 1014 1311 celebrant,
1037 1287 1070 1306 ac

284 1325 476 1359 sempiternam
502 1327 629 1353 choream
656 1328 779 1361 agitant:
807 1325 935 1353 nobilitas
963 1330 1068 1356 autem,

285 1369 383 1398 divina:
404 1372 529 1407 imaginis
543 1373 729 1406 conservatio.
746 1377 828 1407 atque
852 1371 990 1406 archetypi
1007 1370 1068 1397 imi-

286 1417 364 1449 tatio,
383 1425 463 1452 quam
476 1419 545 1446 ratio
555 1424 582 1446 et
593 1419 678 1446 viitus
690 1419 818 1450 cilicium,
834 1424 986 1452 purumque
999 1416 1069 1444 desi-

284 1462 400 1495 derium,
417 1471 481 1496 eos,
499 1465 544 1498 qui
560 1471 738 1499 supernarum
764 1471 853 1491 rerum
871 1470 936 1490 vere
954 1461 1067 1489 studiosi

1123 868 1289 902 φυσωμένων
1301 869 1359 899 τοῖς
1373 867 1475 894 ἄνωθεν
1495 867 1565 901 (51)“
1587 869 1610 894 εἰ
1625 868 1653 893 δὲ
1669 867 1709 894 δεῖ
1726 867 1907 902 φιλοσοφώτε-

1123 923 1168 949 ρον
1187 914 1241 948 (52)
1255 914 1302 940 καὶ
1318 913 1480 949 ὑψηλότερον
1497 913 1559 949 περὶ
1573 913 1657 948 αὐτῆς
1671 913 1794 944 διελθεῖν,
1808 914 1907 949 Γοργο-

1121 959 1165 995 νὶᾳ
1180 961 1277 994 πατρὶς
1292 959 1341 994 μὲν
1356 960 1373 994 ἡ
1390 959 1445 986 ἄνω
1464 958 1648 994 Ἰερουσαλὴμ,
1664 960 1681 994 ἡ
1695 959 1731 994 μὴ
1743 959 1904 994 βλεπομένη,

1121 1005 1251 1040 νοουμένη
1270 1004 1298 1031 δὲ
1312 1005 1396 1036 πόλις,
1410 1005 1438 1031 ἐν
1482 1005 1677 1040 πολιτευόμεθα
1693 1005 1759 1040 (55).
1777 1005 1824 1031 καὶ
1839 1005 1906 1039 πρὸς

1121 1051 1154 1084 ἦν
1166 1050 1331 1085 ἐπειγόμεθα
1346 1059 1352 1065 ·
1364 1048 1397 1085 ἧς
1414 1050 1524 1085 πολίτης
1538 1050 1665 1086 Χριστὸς,
1677 1050 1723 1076 καὶ
1746 1050 1906 1085 συμπολίται

1122 1096 1272 1130 πανήγυρις
1288 1095 1334 1120 καὶ
1356 1095 1501 1130 Ἐκκλησία
1526 1096 1705 1130 πρωτοτόκων
1729 1095 1906 1130 ἀπογεγραμ-

1123 1141 1210 1176 μένων
1227 1143 1256 1168 ἐν
1277 1142 1410 1177 οὐρανοῖς,
1439 1143 1486 1168 καὶ
1511 1142 1574 1178 περὶ
1599 1142 1644 1169 τὸν
1672 1142 1758 1177 μέγαν
1778 1141 1906 1177 πολιστὴν

1121 1188 1302 1223 ἑορταζόντων
1319 1189 1351 1222 τῇ
1369 1187 1470 1223 θεωρίᾳ
1494 1189 1541 1223 τῆς
1563 1188 1651 1223 δόξης,
1674 1188 1721 1214 κα)⁸
1741 1187 1906 1223 χορευόντων

1121 1232 1230 1268 χορείαν
1250 1232 1298 1267 τὴν
1320 1232 1487 1258 ἁκατὰλυτον
1500 1241 1505 1247 ·
1521 1233 1644 1266 εὐγένεια
1661 1233 1689 1258 δὲ
1705 1233 1721 1267 ἡ
1738 1233 1787 1267 τῆς
1803 1232 1906 1263 εἰκόνος

1120 1279 1243 1313 τήρησις,
1259 1279 1306 1304 καὶ
1327 1279 1343 1312 ἡ
1366 1278 1433 1313 πρὸς
1448 1278 1477 1304 τὸ
1495 1278 1647 1313 ἀρχέτυπον
1664 1277 1821 1314 ἐξομοίωσις
1838 1278 1904 1313 (54),

1120 1325 1153 1359 ἣν
1168 1324 1311 1359 ἐργάζεται
1327 1324 1405 1358 λόγος
1427 1325 1473 1351 καὶ
1490 1325 1585 1360 ἁρετὴ,
1606 1325 1652 1351 καὶ
1674 1324 1792 1359 καθαρὸς
1813 1323 1904 1355 πόθος,

1120 1370 1162 1395 ἀεὶ
1174 1369 1221 1396 καὶ
1236 1369 1335 1404 μᾶλλον
1352 1370 1463 1405 μορφῶν
1477 1370 1510 1397 τὰ
1524 1371 1594 1397 κατὰ
1606 1370 1671 1396 Θεὸν
1685 1370 1752 1403 (55),
1765 1370 1829 1401 τοὺς
1839 1377 1906 1404 γνη-

1122 1414 1196 1445 σίους
1210 1414 1265 1449 (56)
1279 1414 1333 1440 τῶν
1346 1414 1401 1441 ἅνω
1420 1414 1534 1450 μύστας,
1550 1414 1597 1441 καὶ
1613 1414 1644 1440 τὸ
1658 1413 1818 1448 γιγνώσκειν
1834 1413 1904 1446 ὅθεν,

1120 1461 1167 1487 καὶ
1177 1460 1259 1492 τινες,
1276 1461 1323 1487 καὶ
1335 1461 1374 1492 εἰς
1387 1460 1400 1486 ὃ
1412 1461 1577 1495 γεγόναμεν.

283 1513 357 1541 sunt,
372 1511 491 1544 quotidie
512 1511 597 1546 magis
616 1518 648 1539 ac
669 1510 764 1546 magis,
777 1515 907 1544 quantum
928 1510 960 1537 ad
975 1509 1058 1536 Deum
1078 1508 1184 1542 attinet,
1217 1507 1381 1540 informatus,
1418 1515 1449 1535 ac
1483 1508 1597 1542 denique
1616 1508 1751 1543 cognitum
1767 1507 1874 1541 habere,
1890 1515 1905 1534 a

284 1563 349 1590 quo,
364 1561 391 1583 et
410 1558 534 1592 quinam,
548 1563 574 1585 et
585 1565 664 1593 quam
677 1558 711 1585 ob
726 1565 834 1585 causam
850 1557 912 1585 facti
929 1565 1032 1585 sumus.

320 1601 373 1630 Vll.
383 1602 422 1630 Ae
433 1611 491 1631 mea
501 1604 606 1639 quidem
619 1605 651 1632 de
665 1604 706 1632 bis
719 1605 798 1632 rebus
810 1606 865 1632 haec
873 1609 915 1632 est
924 1604 1066 1632 sententia.

1155 1603 1192 1629 Ζ’.
1212 1601 1305 1633 Οὖτως
1327 1600 1384 1634 ἐγὼ
1409 1600 1474 1635 περὶ
1503 1600 1605 1626 τούτων
1631 1599 1756 1634 γινώσκω
1769 1609 1775 1615 ·
1797 1600 1842 1626 καὶ
1863 1599 1907 1626 διὰ

283 1648 324 1676 0b
352 1656 467 1684 eantque
488 1656 598 1676 causam
621 1650 747 1677 omnibus
761 1670 768 1683 ,
792 1658 850 1684 qure
867 1650 900 1677 ab
923 1656 984 1677 ortu
1003 1649 1068 1676 solis

284 1698 348 1721 sunt
360 1695 393 1726 ιτ,
411 1694 569 1722 nobiliorem
582 1695 654 1723 illius
673 1696 791 1722 animam
809 1703 885 1727 esse,
903 1699 931 1721 et
951 1696 1024 1729 scio,
1042 1701 1068 1722 et

286 1739 412 1774 praedico,
429 1740 578 1768 sublimiori
593 1741 695 1775 utique,
712 1748 792 1775 quant
817 1748 865 1775 pro
890 1740 958 1775 vulgi
976 1748 1067 1773 more,

285 1786 433 1813 nobilitatis
444 1790 470 1813 et
488 1786 662 1821 ignobilitatis
677 1794 781 1814 canone
797 1794 829 1813 ac
854 1787 946 1820 regula
968 1791 1046 1814 utens
1060 1807 1067 1818 .

284 1839 335 1859 nec
351 1839 450 1866 genere
460 1852 470 1865 ,
484 1833 530 1860 sed
546 1832 665 1859 moribus
678 1837 819 1868 utramque
840 1833 984 1867 designans
994 1854 1001 1865 ,
1020 1840 1070 1859 nec

283 1885 332 1912 per
347 1877 432 1905 tribus
452 1885 484 1904 ac
509 1877 624 1905 familias
638 1885 694 1910 eos,
709 1879 754 1912 qui
777 1879 920 1905 laudantur
936 1883 983 1905 aut
996 1879 1069 1905 vitu-

283 1929 424 1958 perantur,
451 1925 623 1958 expendens,
642 1932 734 1951 verum
779 1924 922 1958 sejunctim
947 1929 974 1951 et
997 1924 1070 1959 sigil-

283 1969 369 1997 latim.
389 1970 422 1997 Et
448 1970 510 2004 quia
526 1971 589 1996 mihi
613 1971 683 2004 apud
707 1977 754 1998 eos
776 1975 820 1997 est
851 1971 948 2003 oratio,
972 1971 1070 2005 quibus

283 2015 355 2042 illius
386 2015 499 2042 virtutes
521 2016 634 2049 cognita:
663 2023 695 2042 ac
723 2021 870 2050 perspecte
894 2015 976 2049 sunt;
1001 2017 1069 2043 alius

283 2060 396 2096 proinde
417 2061 489 2088 aliud
505 2061 645 2095 quidpiam
663 2061 795 2094 conferat,
828 2069 859 2088 ac
879 2062 996 2089 sermoni
1012 2062 1069 2096 opi-

284 2108 396 2134 tuletur.
413 2106 505 2141 Neque
518 2106 589 2134 enim
603 2105 660 2133 ﬁcri
673 2111 772 2141 potest,
785 2111 815 2134 ut
830 2114 910 2138 unus,
925 2112 1069 2141 quantum-

282 2151 323 2178 vis
334 2151 415 2186 222
429 2152 539 2179 auribus
554 2156 580 2178 et
601 2156 690 2178 mente
710 2151 829 2186 pollens,
844 2151 934 2179 omnia
949 2151 1068 2186 comple—

283 2202 383 2224 ctatur.

319 2257 342 2273 "
355 2256 437 2284 Hebr.
456 2264 504 2289 xu,
520 2257 564 2290 22,
578 2257 623 2285 Ξῖ).
652 2259 672 2273 ⁸⁷
697 2258 746 2286 Job
764 2267 783 2290 ι,
798 2258 825 2285 5.

392 2325 568 2364 Eiiddmpgv.
584 2327 667 2354 Coisl.
682 2327 707 2364 1,
725 2328 888 2364 εὐδοκιμεῖν.

282 2360 373 2422 ῑλ
391 2360 506 2393 "Liech
521 2362 601 2397 Regg.
619 2363 672 2395 bm,
689 2363 735 2395 hu,
755 2360 843 2390 ἱλεων.
859 2364 906 2391 0r.
921 2364 947 2396 1,
968 2369 995 2391 et
1009 2363 1064 2391 Jes.

282 2465 296 2492 1
318 2429 375 2465 (50)
400 2430 550 2466 Ὑπάρχει.
568 2432 646 2460 Deest
659 2433 686 2460 in
701 2433 785 2469 Regg.
805 2433 860 2466 bm,
874 2434 921 2467 hu,
937 2440 964 2460 et
989 2434 1066 2462 Orat.

284 2486 528 2562 :.;I(Eii)m:ﬁr:00£r.
553 2501 635 2538 R038.
661 2511 687 2536 a,
713 2504 758 2536 hu,
783 2504 864 2532 Coisl.
883 2505 908 2536 1,
933 2505 1065 2535 κάτωθεν,

317 2570 373 2608 ﬁ?)
391 2572 644 2606 Φιλοσοφώτερον.
665 2583 674 2598 ε
689 2573 862 2608 Religiosius.
881 2585 890 2600 ι

317 2605 373 2644 (55)
393 2605 620 2644 Πολιτεὺὸμεθα.
637 2609 739 2642 Billius,
751 2605 770 2635 ἰ
788 2611 813 2637 iu
831 2618 883 2644 qua
898 2610 994 2638 civium
1011 2618 1067 2638 mu-

281 2648 346 2668 nere
361 2640 507 2672 fungimur.
524 2652 532 2667 ι

396 2676 599 2716 ᾎΞζξομοίῳοξιςἶ
613 2688 622 2704 ‹
637 2678 703 2705 Cum
718 2680 867 2716 archetypo
881 2676 1063 2716 similitudo.'n

317 2711 374 2746 (55)
395 2711 433 2738 Τὰ
453 2713 527 2740 κατὰ
545 2714 628 2746 Θεόν,
651 2719 703 2742 etc.
726 2711 848 2742 Comiter.
873 2725 882 2740 ε
899 2715 997 2742 divinis
1023 2723 1067 2741 ra-

283 2746 400 2788 tionibus
416 2754 448 2774 ac
465 2748 572 2776 dotibus
588 2749 748 2777 inl'ormans.
765 2759 775 2776 ›
794 2750 822 2777 lu
841 2751 907 2785 Reg.
927 2751 972 2784 hu,
992 2751 1067 2778 deest

281 2789 374 2854 “(#3
392 2817 553 2854 [ζησίοιυς.
569 2818 614 2845 0r.
634 2819 660 2851 1,
677 2820 802 2854 γνησίως.

319 2850 375 2886 (57)
398 2851 458 2888 Τῷν
474 2853 527 2888 ,ἀφ’
548 2854 648 2886 ἡλίου,
677 2850 728 2881 etv:
749 2865 757 2880 ι
778 2850 841 2888 Qum
863 2856 896 2882 ab
921 2859 978 2882 ortu
1003 2860 1067 2882 εοιιε

283 2890 356 2913 sunt.
376 2894 387 2912 ι
403 2887 503 2915 Alludit
524 2887 592 2916 forte
610 2889 754 2924 Gregorius
774 2887 806 2918 ad
830 2891 886 2919 lucc
913 2891 994 2918 verba
1016 2889 1065 2918 Job

1119 1646 1198 1673 τοῦτο
1213 1645 1407 1681 εὐγενεστέραν
1422 1645 1476 1671 τῶν
1488 1645 1533 1678 ἀφ’
1545 1645 1621 1680 ἡλίου
1636 1645 1692 1679 (57)
1708 1644 1843 1671 ἀνατολῶν
1858 1644 1907 1678 τὴν

1120 1692 1227 1727 ἐκείνης
1235 1690 1323 1726 ψυχὴν
1333 1691 1380 1716 καὶ
1394 1688 1451 1716 οἶδα
1462 1690 1507 1716 καὶ
1517 1689 1651 1724 ὀνομάζω,
1664 1689 1797 1724 κρείττονι
1808 1689 1824 1724 ἢ
1837 1688 1907 1714 κατὰ

1116 1737 1180 1768 τοὺς
1203 1736 1317 1767 πολλοὺς
1339 1735 1477 1769 εὐγενείας
1497 1735 1543 1761 καὶ
1566 1734 1723 1769 δυσγενείας
1746 1734 1837 1760 κανόνι
1860 1736 1907 1761 καὶ

1119 1783 1227 1818 στάθμῃ
1246 1782 1403 1817 χρώμενος⁸
1427 1781 1474 1808 καὶ
1496 1781 1545 1816 οὺχ
1569 1781 1699 1816 αἴμασιν,
1721 1780 1789 1807 ἀλλὰ
1813 1780 1906 1815 τρόπῳ

1117 1827 1171 1853 τινὶ
1187 1825 1273 1853 ταῦτα
1293 1825 1501 1861 χαρακτηρίζων
1511 1834 1517 1841 ·
1538 1826 1598 1852 οὐδὲ
1612 1825 1684 1852 κατὰ
1697 1825 1831 1860 φρατρίας
1845 1826 1906 1860 κρί-

1119 1881 1172 1898 νων
1182 1872 1245 1903 τοὺς
1257 1871 1466 1906 ἐπαινουμένους
1476 1871 1492 1906 ἦ
1504 1871 1680 1906 ψεγομένους,
1689 1871 1757 1898 ἀλλὰ
1770 1871 1830 1898 καθ’
1843 1871 1909 1898 ἕκα-

1121 1926 1192 1945 στον.
1215 1917 1259 1943 Ἐν
1282 1917 1363 1943 εἰδόσι
1388 1917 1416 1943 δὲ
1438 1917 1451 1942 ό
1471 1916 1549 1951 λόγος
1564 1917 1619 1952 (58)
1637 1917 1706 1953 ὑπὲρ
1725 1917 1778 1944 τῶν
1799 1917 1907 1952 ἐκείνης

1120 1963 1220 1995 καλῶν,
1236 1964 1282 1989 καὶ
1296 1963 1373 1994 ἄλλος
1385 1963 1449 1989 ἄλλο
1459 1971 1484 1989 τι
1498 1963 1705 1998 συνεισφερέτω,
1717 1963 1764 1989 καὶ
1777 1963 1907 1998 βοηθείτω

1119 2009 1159 2044 τῷ
1173 2009 1255 2045 λόγῳ.
1274 2009 1381 2043 Ἐπειδὴ
1397 2008 1452 2043 (59)
1476 2009 1513 2044 μὴ
1532 2009 1620 2036 πάντα
1638 2009 1793 2044 περιλαϐεῖν
1811 2009 1850 2035 ἑνὶ
1861 2009 1907 2035 δυ-

1118 2055 1207 2088 νατὸν,
1229 2055 1295 2090 μηδὲ
1308 2055 1346 2091 τῷ
1362 2055 1417 2090 (60)
1431 2055 1492 2082 λίαν
1505 2054 1609 2083 δυνατῶ
1628 2055 1674 2082 καὶ
1691 2055 1774 2091 ἀκοὴν
1789 2057 1834 2082 καὶ
1848 2055 1906 2082 διά-

1118 2109 1200 2127 νοιαν.

1082 2331 1103 2359 D
1118 2338 1142 2356 e.
1162 2338 1182 2362 i,
1197 2337 1222 2358 v.
1235 2329 1263 2362 5,
1282 2338 1291 2355 ‹
1307 2333 1365 2356 erat
1381 2329 1422 2356 vir
1435 2329 1478 2357 ille
1500 2329 1571 2364 (Job)
1599 2336 1710 2363 magnus
1727 2329 1796 2356 inter
1809 2329 1903 2357 Orien—

1119 2365 1195 2391 tales.
1215 2374 1224 2390 ›

1154 2400 1209 2434 (58)
1229 2401 1299 2427 Καθ’
1315 2399 1454 2427 ἕκαστον.
1477 2400 1524 2426 Ἐν
1536 2399 1631 2426 εἰδόσι
1653 2399 1687 2426 δὲ
1708 2400 1724 2426 ό
1737 2399 1837 2433 λόγος.
1859 2399 1905 2425 Sir,

1119 2435 1201 2468 Regii.
1229 2436 1282 2467 but,
1320 2436 1365 2468 hu,
1393 2434 1488 2461 Comb.
1506 2442 1570 2461 vero
1595 2434 1655 2460 καθ’
1680 2434 1803 2460 ἕκαστον.
1828 2434 1858 2460 Εἰ
1881 2435 1902 2460 δ’

1117 2471 1146 2496 ἐν
1163 2470 1261 2497 εἰδόσιν
1277 2471 1291 2496 ὁ
1304 2469 1394 2504 λόγος.
1410 2470 1484 2502 Quod
1502 2470 1595 2496 eodem
1618 2469 1721 2499 recidit.
1736 2477 1767 2496 ac
1779 2470 1903 2495 eumdem

1117 2513 1226 2532 sensum
1246 2504 1345 2538 ellieit;
1371 2505 1416 2539 qui
1443 2505 1550 2538 quidem
1577 2504 1672 2530 melior
1697 2504 1812 2535 videtur,
1831 2505 1902 2537 quod

1118 2540 1297 2574 przecedentia
1328 2547 1388 2567 cum
1419 2539 1593 2572 sequentibus
1623 2539 1707 2572 magis
1735 2539 1900 2565 cohzereaut‘.

1119 2575 1263 2609 Postquam
1281 2575 1353 2601 enim
1380 2574 1524 2609 Gregorius
1543 2574 1620 2605 dixit,
1647 2582 1656 2599 ε
1676 2581 1706 2609 se
1729 2575 1762 2600 ad
1778 2581 1838 2602 eos.
1856 2575 1902 2606 qui

1118 2608 1260 2644 Gorguuize
1285 2610 1399 2637 virtutes
1424 2608 1536 2639 norunt,
1565 2610 1646 2635 verba
1672 2608 1771 2638 iacere.
1791 2618 1800 2634 ι
1817 2608 1902 2644 addit,

1121 2655 1129 2670 ε
1149 2643 1285 2672 auditores
1301 2645 1382 2671 alium
1399 2644 1469 2670 aliud
1485 2643 1639 2675 collaturos,
1661 2649 1687 2670 et
1709 2644 1825 2670 sermoni
1842 2643 1903 2677 opi-

1118 2680 1258 2706 tulaturos.
1276 2688 1286 2705 ι
1305 2679 1352 2706 0r.
1372 2680 1397 2711 1,
1417 2684 1470 2704 tres
1485 2678 1574 2709 Colb.,
1588 2678 1670 2705 Coisl.
1683 2678 1710 2710 2,
1725 2678 1824 2705 habent
1840 2677 1902 2704 καθ’

1117 2715 1229 2741 ἕκαστον
1252 2714 1282 2740 ἓν
1308 2712 1387 2746 εἶδος.
1402 2714 1434 2740 Εἰ
1452 2713 1479 2739 δὲ
1496 2715 1510 2739 ὁ
1524 2713 1612 2745 λόγος.
1643 2713 1680 2739 Ita
1703 2713 1783 2740 etiam
1811 2713 1904 2746 legunt.

1117 2750 1198 2776 Goisl.
1219 2751 1230 2776 1
1253 2754 1280 2776 et
1295 2750 1321 2779 5,
1339 2750 1388 2776 nisi
1415 2750 1483 2781 quod
1510 2749 1590 2774 εἰδόσι
1608 2749 1705 2774 habent
1721 2755 1770 2781 pro
1787 2747 1818 2774 El.
1836 2747 1864 2773 δὲ
1876 2748 1900 2773 ὸ.

1118 2784 1179 2810 Par.
1196 2786 1240 2812 e-l.
1256 2784 1316 2810 καθ’
1332 2785 1445 2810 ἕκαστον
1464 2781 1534 2815 εἶδος
1547 2784 1560 2809 ὑ
1575 2782 1661 2816 λόγος,
1684 2788 1735 2810 etc.
1760 2782 1820 2810 Mox
1836 2782 1901 2818 βοη-

1117 2818 1206 2846 θείτω.
1222 2819 1256 2845 Pa
1262 2828 1282 2846 r.
1297 2819 1466 2846 συνεισθέτω.

1153 2854 1208 2888 (5t!)
1228 2854 1353 2888 ‘Exsidﬁ.
1374 2854 1455 2888 [lt-ag.
1475 2861 1572 2889 n,'(|tl_,l.
1591 2852 1636 2879 0r.
1651 2854 1674 2889 1.
1693 2857 1720 2889 et
1736 2852 1790 2881 .lcs.
1812 2851 1899 2879 Ἐπεί.

1153 2889 1208 2916 (601
1228 2889 1309 2917 Μνδὲ
1327 2889 1375 2923 τῷ.
1395 2889 1460 2924 Reg.
1477 2896 1491 2915 a
1506 2887 1532 2916 ct
1545 2887 1598 2916 .lcs.
1616 2887 1661 2914 καὶ
1674 2887 1723 2923 τῷ.
