  <div class='ocr_page' id='page_1' title='image "/cluster/home/n/w/nwhite01/storage/ocr_20150623/35/njp.32101077772554/414.png"; bbox 0 0 2069 3131; ppageno 0'>
   <div class='ocr_carea' id='block_1_1' title="bbox 141 145 190 173">
    <p class='ocr_par' dir='ltr' id='par_1_1' title="bbox 141 145 190 173">
     <span class='ocr_line' id='line_1_1' title="bbox 141 145 190 173; baseline 0.02 -1"><span class='ocrx_word' id='word_1_1' title='bbox 141 145 190 173; x_wconf 72' lang='grc'><strong>801</strong></span> 
     </span>
    </p>
   </div>
   <div class='ocr_carea' id='block_1_2' title="bbox 475 142 1453 173">
    <p class='ocr_par' dir='ltr' id='par_1_2' title="bbox 475 142 1453 173">
     <span class='ocr_line' id='line_1_2' title="bbox 475 142 1453 173; baseline 0.001 -1"><span class='ocrx_word' id='word_1_2' title='bbox 475 142 604 172; x_wconf 69' lang='lat' dir='ltr'><strong>ORATIO</strong></span> <span class='ocrx_word' id='word_1_3' title='bbox 625 144 692 172; x_wconf 86' lang='lat' dir='ltr'><strong>Vill.</strong></span> <span class='ocrx_word' id='word_1_4' title='bbox 712 160 748 164; x_wconf 92' lang='lat'><strong>—</strong></span> <span class='ocrx_word' id='word_1_5' title='bbox 766 143 798 171; x_wconf 74' lang='lat' dir='ltr'><strong>IN</strong></span> <span class='ocrx_word' id='word_1_6' title='bbox 819 143 962 171; x_wconf 76' lang='lat' dir='ltr'><strong>LAUDEM</strong></span> <span class='ocrx_word' id='word_1_7' title='bbox 982 143 1131 172; x_wconf 76' lang='lat' dir='ltr'><strong>SORORIS</strong></span> <span class='ocrx_word' id='word_1_8' title='bbox 1152 143 1232 172; x_wconf 67' lang='lat' dir='ltr'><strong>SUAE</strong></span> <span class='ocrx_word' id='word_1_9' title='bbox 1253 143 1453 173; x_wconf 72' lang='lat' dir='ltr'><strong>GORGONIAS.</strong></span> 
     </span>
    </p>
   </div>
   <div class='ocr_carea' id='block_1_3' title="bbox 1720 145 1773 176">
    <p class='ocr_par' dir='ltr' id='par_1_3' title="bbox 1720 145 1773 176">
     <span class='ocr_line' id='line_1_3' title="bbox 1720 145 1773 176; baseline 0 0"><span class='ocrx_word' id='word_1_10' title='bbox 1720 145 1773 176; x_wconf 71' lang='grc'><strong>8112</strong></span> 
     </span>
    </p>
   </div>
   <div class='ocr_carea' id='block_1_4' title="bbox 140 201 935 238">
    <p class='ocr_par' dir='ltr' id='par_1_4' title="bbox 140 201 930 238">
     <span class='ocr_line' id='line_1_4' title="bbox 140 201 930 238; baseline -0.003 -9"><span class='ocrx_word' id='word_1_11' title='bbox 140 202 194 238; x_wconf 65' lang='grc' dir='ltr'><strong>φὰς</strong></span> <span class='ocrx_word' id='word_1_12' title='bbox 208 203 255 229; x_wconf 70' lang='grc' dir='ltr'><strong>καὶ</strong></span> <span class='ocrx_word' id='word_1_13' title='bbox 276 202 447 238; x_wconf 75' lang='grc' dir='ltr'>ὑπογραφὰς,</span> <span class='ocrx_word' id='word_1_14' title='bbox 470 202 516 228; x_wconf 80' lang='grc' dir='ltr'><strong>καὶ</strong></span> <span class='ocrx_word' id='word_1_15' title='bbox 533 202 596 234; x_wconf 74' lang='grc' dir='ltr'>τοὺς</span> <span class='ocrx_word' id='word_1_16' title='bbox 615 201 719 234; x_wconf 80' lang='grc' dir='ltr'>ζῶντας</span> <span class='ocrx_word' id='word_1_17' title='bbox 743 201 870 234; x_wconf 81' lang='grc' dir='ltr'>πίνακας,</span> <span class='ocrx_word' id='word_1_18' title='bbox 883 202 930 228; x_wconf 79' lang='grc' dir='ltr'><strong>καὶ</strong></span> 
     </span>
    </p>
   </div>
   <div class='ocr_carea' id='block_1_5' title="bbox 986 201 1774 238">
    <p class='ocr_par' dir='ltr' id='par_1_5' title="bbox 986 202 1774 238">
     <span class='ocr_line' id='line_1_5' title="bbox 986 202 1774 238; baseline 0.004 -9"><span class='ocrx_word' id='word_1_19' title='bbox 986 202 1049 234; x_wconf 76' lang='lat' dir='ltr'><strong>suis,</strong></span> <span class='ocrx_word' id='word_1_20' title='bbox 1069 205 1149 235; x_wconf 85' lang='lat' dir='ltr'><strong>alque</strong></span> <span class='ocrx_word' id='word_1_21' title='bbox 1173 202 1247 230; x_wconf 86' lang='lat' dir='ltr'><strong>intus</strong></span> <span class='ocrx_word' id='word_1_22' title='bbox 1263 202 1373 230; x_wconf 77' lang='lat' dir='ltr'><strong>condito</strong></span> <span class='ocrx_word' id='word_1_23' title='bbox 1384 202 1539 237; x_wconf 80' lang='lat' dir='ltr'><strong>splendore,</strong></span> <span class='ocrx_word' id='word_1_24' title='bbox 1558 204 1774 238; x_wconf 50' lang='lat' dir='ltr'><strong>praestantiorem</strong></span> 
     </span>
    </p>
   </div>
   <div class='ocr_carea' id='block_1_6' title="bbox 139 248 932 285">
    <p class='ocr_par' dir='ltr' id='par_1_6' title="bbox 139 248 932 285">
     <span class='ocr_line' id='line_1_6' title="bbox 139 248 932 285; baseline -0.003 -9"><span class='ocrx_word' id='word_1_25' title='bbox 139 248 191 285; x_wconf 66' lang='grc' dir='ltr'><strong>⁸τὴν</strong></span> <span class='ocrx_word' id='word_1_26' title='bbox 217 249 330 284; x_wconf 80' lang='grc' dir='ltr'><strong>ῥέουσαν</strong></span> <span class='ocrx_word' id='word_1_27' title='bbox 349 248 510 283; x_wconf 76' lang='grc' dir='ltr'><strong>εὐμορφίαν,</strong></span> <span class='ocrx_word' id='word_1_28' title='bbox 530 249 589 280; x_wconf 86' lang='grc' dir='ltr'>ταῖς</span> <span class='ocrx_word' id='word_1_29' title='bbox 614 248 661 274; x_wconf 71' lang='grc' dir='ltr'>ἐπὶ</span> <span class='ocrx_word' id='word_1_30' title='bbox 678 248 801 284; x_wconf 79' lang='grc' dir='ltr'><strong>θεάτρων</strong></span> <span class='ocrx_word' id='word_1_31' title='bbox 823 248 932 283; x_wconf 75' lang='grc' dir='ltr'>παρῆκε</span> 
     </span>
    </p>
   </div>
   <div class='ocr_carea' id='block_1_7' title="bbox 141 294 934 332">
    <p class='ocr_par' dir='ltr' id='par_1_7' title="bbox 141 294 934 332">
     <span class='ocr_line' id='line_1_7' title="bbox 141 294 934 332; baseline -0.004 -9"><span class='ocrx_word' id='word_1_32' title='bbox 141 297 189 324; x_wconf 78' lang='grc' dir='ltr'>καὶ</span> <span class='ocrx_word' id='word_1_33' title='bbox 209 296 264 323; x_wconf 84' lang='grc' dir='ltr'>τῶν</span> <span class='ocrx_word' id='word_1_34' title='bbox 280 295 404 332; x_wconf 81' lang='grc' dir='ltr'><strong>τριόδων,</strong></span> <span class='ocrx_word' id='word_1_35' title='bbox 421 295 469 322; x_wconf 75' lang='grc' dir='ltr'><strong>καὶ</strong></span> <span class='ocrx_word' id='word_1_36' title='bbox 489 295 565 327; x_wconf 81' lang='grc' dir='ltr'>ὅσαις</span> <span class='ocrx_word' id='word_1_37' title='bbox 590 294 706 330; x_wconf 81' lang='grc' dir='ltr'><strong>αἰσχύνη</strong></span> <span class='ocrx_word' id='word_1_38' title='bbox 733 294 780 321; x_wconf 72' lang='grc' dir='ltr'><strong>καὶ</strong></span> <span class='ocrx_word' id='word_1_39' title='bbox 791 294 892 325; x_wconf 73' lang='grc' dir='ltr'>ὄνειδος</span> <span class='ocrx_word' id='word_1_40' title='bbox 903 294 934 320; x_wconf 84' lang='grc' dir='ltr'><strong>τὸ</strong></span> 
     </span>
    </p>
   </div>
   <div class='ocr_carea' id='block_1_8' title="bbox 141 341 327 378">
    <p class='ocr_par' dir='ltr' id='par_1_8' title="bbox 141 341 327 378">
     <span class='ocr_line' id='line_1_8' title="bbox 141 341 327 378; baseline -0.005 -9"><span class='ocrx_word' id='word_1_41' title='bbox 141 341 327 378; x_wconf 84' lang='grc' dir='ltr'>αἰσχύνεσθαι.</span> 
     </span>
    </p>
   </div>
   <div class='ocr_carea' id='block_1_9' title="bbox 987 247 1775 285">
    <p class='ocr_par' dir='ltr' id='par_1_9' title="bbox 987 247 1775 285">
     <span class='ocr_line' id='line_1_9' title="bbox 987 247 1775 285; baseline 0.006 -11"><span class='ocrx_word' id='word_1_42' title='bbox 987 248 1161 283; x_wconf 73' lang='lat' dir='ltr'><strong>agnoscebat.</strong></span> <span class='ocrx_word' id='word_1_43' title='bbox 1185 248 1260 276; x_wconf 90' lang='lat' dir='ltr'><strong>Unus</strong></span> <span class='ocrx_word' id='word_1_44' title='bbox 1272 248 1310 275; x_wconf 83' lang='lat' dir='ltr'><strong>illi</strong></span> <span class='ocrx_word' id='word_1_45' title='bbox 1329 248 1413 276; x_wconf 91' lang='lat' dir='ltr'><strong>rubor</strong></span> <span class='ocrx_word' id='word_1_46' title='bbox 1430 247 1571 282; x_wconf 88' lang='lat' dir='ltr'><strong>placebat,</strong></span> <span class='ocrx_word' id='word_1_47' title='bbox 1591 257 1671 284; x_wconf 88' lang='lat' dir='ltr'><strong>quem</strong></span> <span class='ocrx_word' id='word_1_48' title='bbox 1688 252 1775 285; x_wconf 89' lang='lat' dir='ltr'><strong>pudor</strong></span> 
     </span>
    </p>
   </div>
   <div class='ocr_carea' id='block_1_10' title="bbox 986 293 1775 328">
    <p class='ocr_par' dir='ltr' id='par_1_10' title="bbox 986 293 1775 328">
     <span class='ocr_line' id='line_1_10' title="bbox 986 293 1775 328; baseline 0.004 -8"><span class='ocrx_word' id='word_1_49' title='bbox 986 293 1066 320; x_wconf 82' lang='lat' dir='ltr'><strong>aﬂ&#39;ert</strong></span> <span class='ocrx_word' id='word_1_50' title='bbox 1081 301 1088 320; x_wconf 91' lang='lat'>:</span> <span class='ocrx_word' id='word_1_51' title='bbox 1111 301 1183 320; x_wconf 85' lang='lat' dir='ltr'><strong>unus</strong></span> <span class='ocrx_word' id='word_1_52' title='bbox 1205 293 1317 326; x_wconf 81' lang='lat' dir='ltr'><strong>candor,</strong></span> <span class='ocrx_word' id='word_1_53' title='bbox 1336 300 1416 328; x_wconf 84' lang='lat' dir='ltr'><strong>quem</strong></span> <span class='ocrx_word' id='word_1_54' title='bbox 1433 293 1505 327; x_wconf 80' lang='lat' dir='ltr'><strong>parit</strong></span> <span class='ocrx_word' id='word_1_55' title='bbox 1517 295 1693 322; x_wconf 82' lang='lat' dir='ltr'><strong>rominentia.</strong></span> <span class='ocrx_word' id='word_1_56' title='bbox 1706 295 1775 323; x_wconf 82' lang='lat' dir='ltr'><strong>Nam</strong></span> 
     </span>
    </p>
   </div>
   <div class='ocr_carea' id='block_1_11' title="bbox 985 338 1776 383">
    <p class='ocr_par' dir='ltr' id='par_1_11' title="bbox 985 338 1776 383">
     <span class='ocr_line' id='line_1_11' title="bbox 985 338 1776 383; baseline 0.009 -19"><span class='ocrx_word' id='word_1_57' title='bbox 985 339 1121 373; x_wconf 82' lang='lat' dir='ltr'><strong>pigmenta</strong></span> <span class='ocrx_word' id='word_1_58' title='bbox 1133 358 1141 371; x_wconf 92' lang='lat'><strong>,</strong></span> <span class='ocrx_word' id='word_1_59' title='bbox 1155 343 1183 366; x_wconf 84' lang='lat' dir='ltr'><strong>et</strong></span> <span class='ocrx_word' id='word_1_60' title='bbox 1195 338 1272 366; x_wconf 81' lang='lat' dir='ltr'><strong>fucos</strong></span> <span class='ocrx_word' id='word_1_61' title='bbox 1282 358 1290 371; x_wconf 92' lang='lat'><strong>,</strong></span> <span class='ocrx_word' id='word_1_62' title='bbox 1303 346 1335 366; x_wconf 90' lang='lat' dir='ltr'><strong>ac</strong></span> <span class='ocrx_word' id='word_1_63' title='bbox 1348 339 1424 367; x_wconf 86' lang='lat' dir='ltr'><strong>vivas</strong></span> <span class='ocrx_word' id='word_1_64' title='bbox 1437 339 1554 370; x_wconf 84' lang='lat' dir='ltr'><strong>tabulas,</strong></span> <span class='ocrx_word' id='word_1_65' title='bbox 1570 345 1599 367; x_wconf 90' lang='lat' dir='ltr'><strong>et</strong></span> <span class='ocrx_word' id='word_1_66' title='bbox 1610 339 1710 369; x_wconf 83' lang='lat' dir='ltr'><strong>ﬂuxam</strong></span> <span class='ocrx_word' id='word_1_67' title='bbox 1722 341 1776 383; x_wconf 58' lang='lat' dir='ltr'><strong>[or-</strong></span> 
     </span>
    </p>
   </div>
   <div class='ocr_carea' id='block_1_12' title="bbox 140 385 1660 423">
    <p class='ocr_par' dir='ltr' id='par_1_12' title="bbox 140 385 1660 423">
     <span class='ocr_line' id='line_1_12' title="bbox 140 385 1660 423; baseline -0.002 -6"><span class='ocrx_word' id='word_1_68' title='bbox 140 398 192 417; x_wconf 83' lang='lat' dir='ltr'><strong>nne</strong></span> <span class='ocrx_word' id='word_1_69' title='bbox 211 393 377 417; x_wconf 86' lang='lat' dir='ltr'><strong>venustatem</strong></span> <span class='ocrx_word' id='word_1_70' title='bbox 399 387 516 416; x_wconf 84' lang='lat' dir='ltr'><strong>scenicis</strong></span> <span class='ocrx_word' id='word_1_71' title='bbox 527 392 554 415; x_wconf 91' lang='lat' dir='ltr'><strong>et</strong></span> <span class='ocrx_word' id='word_1_72' title='bbox 572 387 722 415; x_wconf 90' lang='lat' dir='ltr'><strong>trivialibus</strong></span> <span class='ocrx_word' id='word_1_73' title='bbox 741 386 921 423; x_wconf 85' lang='lat' dir='ltr'><strong>relinquebat,</strong></span> <span class='ocrx_word' id='word_1_74' title='bbox 942 386 1098 422; x_wconf 77' lang='lat' dir='ltr'><strong>quibusque</strong></span> <span class='ocrx_word' id='word_1_75' title='bbox 1111 385 1242 421; x_wconf 86' lang='lat' dir='ltr'><strong>probrum</strong></span> <span class='ocrx_word' id='word_1_76' title='bbox 1257 392 1290 413; x_wconf 88' lang='lat' dir='ltr'><strong>ac</strong></span> <span class='ocrx_word' id='word_1_77' title='bbox 1302 385 1421 413; x_wconf 85' lang='lat' dir='ltr'><strong>dedecus</strong></span> <span class='ocrx_word' id='word_1_78' title='bbox 1433 391 1475 414; x_wconf 88' lang='lat' dir='ltr'><strong>est</strong></span> <span class='ocrx_word' id='word_1_79' title='bbox 1487 386 1660 414; x_wconf 81' lang='lat' dir='ltr'><strong>erubescere.</strong></span> 
     </span>
    </p>
   </div>
   <div class='ocr_carea' id='block_1_13' title="bbox 176 478 937 514">
    <p class='ocr_par' dir='ltr' id='par_1_13' title="bbox 176 478 937 514">
     <span class='ocr_line' id='line_1_13' title="bbox 176 478 937 514; baseline 0 -8"><span class='ocrx_word' id='word_1_80' title='bbox 176 480 228 507; x_wconf 84' lang='lat' dir='ltr'><strong>IA’.</strong></span> <span class='ocrx_word' id='word_1_81' title='bbox 248 479 340 506; x_wconf 80' lang='grc' dir='ltr'>Ταῦτα</span> <span class='ocrx_word' id='word_1_82' title='bbox 360 479 408 514; x_wconf 84' lang='grc' dir='ltr'><strong>μὲν</strong></span> <span class='ocrx_word' id='word_1_83' title='bbox 423 478 454 514; x_wconf 85' lang='grc' dir='ltr'><strong>δὴ</strong></span> <span class='ocrx_word' id='word_1_84' title='bbox 470 478 582 505; x_wconf 82' lang='grc' dir='ltr'>τοιαῦτα</span> <span class='ocrx_word' id='word_1_85' title='bbox 592 486 599 494; x_wconf 90' lang='grc'>·</span> <span class='ocrx_word' id='word_1_86' title='bbox 615 479 663 514; x_wconf 77' lang='grc' dir='ltr'>τῆς</span> <span class='ocrx_word' id='word_1_87' title='bbox 679 478 707 505; x_wconf 79' lang='grc' dir='ltr'>δὲ</span> <span class='ocrx_word' id='word_1_88' title='bbox 722 479 878 514; x_wconf 85' lang='grc' dir='ltr'>φρονήσεως</span> <span class='ocrx_word' id='word_1_89' title='bbox 890 479 937 506; x_wconf 79' lang='grc' dir='ltr'>καὶ</span> 
     </span>
    </p>
   </div>
   <div class='ocr_carea' id='block_1_14' title="bbox 139 525 934 561">
    <p class='ocr_par' dir='ltr' id='par_1_14' title="bbox 139 525 934 561">
     <span class='ocr_line' id='line_1_14' title="bbox 139 525 934 561; baseline -0.001 -9"><span class='ocrx_word' id='word_1_90' title='bbox 139 525 190 561; x_wconf 73' lang='grc' dir='ltr'><strong>τῆς</strong></span> <span class='ocrx_word' id='word_1_91' title='bbox 204 526 400 557; x_wconf 75' lang='grc' dir='ltr'>εὐσεϐείαςοὺκ</span> <span class='ocrx_word' id='word_1_92' title='bbox 416 525 550 561; x_wconf 75' lang='grc' dir='ltr'><strong>ἑστιν(811)</strong></span> <span class='ocrx_word' id='word_1_93' title='bbox 560 526 633 556; x_wconf 82' lang='grc' dir='ltr'>ὅστις</span> <span class='ocrx_word' id='word_1_94' title='bbox 643 525 676 551; x_wconf 85' lang='grc' dir='ltr'><strong>ἂν</strong></span> <span class='ocrx_word' id='word_1_95' title='bbox 690 525 904 559; x_wconf 75' lang='grc' dir='ltr'>ἐφίκοιτολόγος,</span> <span class='ocrx_word' id='word_1_96' title='bbox 917 525 934 561; x_wconf 86' lang='grc' dir='ltr'>ἢ</span> 
     </span>
    </p>
   </div>
   <div class='ocr_carea' id='block_1_15' title="bbox 141 570 936 607">
    <p class='ocr_par' dir='ltr' id='par_1_15' title="bbox 141 570 936 607">
     <span class='ocr_line' id='line_1_15' title="bbox 141 570 936 607; baseline -0.004 -8"><span class='ocrx_word' id='word_1_97' title='bbox 141 572 229 599; x_wconf 76' lang='grc' dir='ltr'>πολλὰ</span> <span class='ocrx_word' id='word_1_98' title='bbox 241 573 273 599; x_wconf 87' lang='grc' dir='ltr'>ἂν</span> <span class='ocrx_word' id='word_1_99' title='bbox 289 571 413 606; x_wconf 75' lang='grc' dir='ltr'><strong>εὑρεθείη</strong></span> <span class='ocrx_word' id='word_1_100' title='bbox 427 571 462 597; x_wconf 81' lang='grc' dir='ltr'>τὰ</span> <span class='ocrx_word' id='word_1_101' title='bbox 478 571 696 607; x_wconf 82' lang='grc' dir='ltr'>παραδείγματα,</span> <span class='ocrx_word' id='word_1_102' title='bbox 710 570 779 606; x_wconf 84' lang='grc' dir='ltr'>πλὴν</span> <span class='ocrx_word' id='word_1_103' title='bbox 796 570 849 597; x_wconf 85' lang='grc' dir='ltr'><strong>τῶν</strong></span> <span class='ocrx_word' id='word_1_104' title='bbox 866 571 936 597; x_wconf 84' lang='grc' dir='ltr'>ἐκεί-</span> 
     </span>
    </p>
   </div>
   <div class='ocr_carea' id='block_1_16' title="bbox 141 616 933 654">
    <p class='ocr_par' dir='ltr' id='par_1_16' title="bbox 141 616 933 654">
     <span class='ocr_line' id='line_1_16' title="bbox 141 616 933 654; baseline -0.003 -9"><span class='ocrx_word' id='word_1_105' title='bbox 141 627 190 654; x_wconf 82' lang='grc' dir='ltr'><strong>νης</strong></span> <span class='ocrx_word' id='word_1_106' title='bbox 201 619 248 645; x_wconf 72' lang='grc' dir='ltr'><strong>καὶ</strong></span> <span class='ocrx_word' id='word_1_107' title='bbox 262 618 333 645; x_wconf 76' lang='grc' dir='ltr'>κατὰ</span> <span class='ocrx_word' id='word_1_108' title='bbox 346 618 434 653; x_wconf 75' lang='grc' dir='ltr'>σάρκα</span> <span class='ocrx_word' id='word_1_109' title='bbox 448 617 494 644; x_wconf 83' lang='grc' dir='ltr'><strong>καὶ</strong></span> <span class='ocrx_word' id='word_1_110' title='bbox 510 617 580 643; x_wconf 80' lang='grc' dir='ltr'>κατὰ</span> <span class='ocrx_word' id='word_1_111' title='bbox 595 617 703 652; x_wconf 74' lang='grc' dir='ltr'>πνεῦμα</span> <span class='ocrx_word' id='word_1_112' title='bbox 712 617 847 654; x_wconf 77' lang='grc' dir='ltr'><strong>πατέρων,</strong></span> <span class='ocrx_word' id='word_1_113' title='bbox 864 616 933 652; x_wconf 81' lang='grc' dir='ltr'>πρὸς</span> 
     </span>
    </p>
   </div>
   <div class='ocr_carea' id='block_1_17' title="bbox 140 659 933 700">
    <p class='ocr_par' dir='ltr' id='par_1_17' title="bbox 140 659 933 700">
     <span class='ocr_line' id='line_1_17' title="bbox 140 659 933 700; baseline -0.004 -8"><span class='ocrx_word' id='word_1_114' title='bbox 140 665 188 696; x_wconf 85' lang='grc' dir='ltr'><strong>οὒς</strong></span> <span class='ocrx_word' id='word_1_115' title='bbox 208 665 303 700; x_wconf 80' lang='grc' dir='ltr'>μόνους</span> <span class='ocrx_word' id='word_1_116' title='bbox 327 663 428 699; x_wconf 80' lang='grc' dir='ltr'>ὁρῶσα,</span> <span class='ocrx_word' id='word_1_117' title='bbox 444 663 492 690; x_wconf 74' lang='grc' dir='ltr'>καὶ</span> <span class='ocrx_word' id='word_1_118' title='bbox 518 659 555 689; x_wconf 86' lang='grc' dir='ltr'>ὧν</span> <span class='ocrx_word' id='word_1_119' title='bbox 575 663 650 690; x_wconf 79' lang='grc' dir='ltr'>οὐδὲν</span> <span class='ocrx_word' id='word_1_120' title='bbox 679 662 860 698; x_wconf 83' lang='grc' dir='ltr'>ἐλαττουμένη</span> <span class='ocrx_word' id='word_1_121' title='bbox 882 663 933 698; x_wconf 86' lang='grc' dir='ltr'>τὴν</span> 
     </span>
    </p>
   </div>
   <div class='ocr_carea' id='block_1_18' title="bbox 141 706 937 744">
    <p class='ocr_par' dir='ltr' id='par_1_18' title="bbox 141 706 937 744">
     <span class='ocr_line' id='line_1_18' title="bbox 141 706 937 744; baseline -0.001 -9"><span class='ocrx_word' id='word_1_122' title='bbox 141 709 252 744; x_wconf 84' lang='grc' dir='ltr'>ἀρετὴν,</span> <span class='ocrx_word' id='word_1_123' title='bbox 268 708 308 735; x_wconf 73' lang='grc' dir='ltr'>ὲνί</span> <span class='ocrx_word' id='word_1_124' title='bbox 335 706 422 742; x_wconf 76' lang='grc' dir='ltr'>τούτῳ</span> <span class='ocrx_word' id='word_1_125' title='bbox 440 707 487 733; x_wconf 80' lang='grc' dir='ltr'>καὶ</span> <span class='ocrx_word' id='word_1_126' title='bbox 503 706 582 742; x_wconf 85' lang='grc' dir='ltr'>μόνον</span> <span class='ocrx_word' id='word_1_127' title='bbox 602 707 703 742; x_wconf 79' lang='grc' dir='ltr'><strong>ἡττᾶτο</strong></span> <span class='ocrx_word' id='word_1_128' title='bbox 722 707 769 733; x_wconf 77' lang='grc' dir='ltr'><strong>καὶ</strong></span> <span class='ocrx_word' id='word_1_129' title='bbox 782 707 853 734; x_wconf 87' lang='grc' dir='ltr'>πάνυ</span> <span class='ocrx_word' id='word_1_130' title='bbox 870 715 937 742; x_wconf 55' lang='grc' dir='ltr'>προς</span> 
     </span>
    </p>
   </div>
   <div class='ocr_carea' id='block_1_19' title="bbox 141 752 937 790">
    <p class='ocr_par' dir='ltr' id='par_1_19' title="bbox 141 752 937 790">
     <span class='ocr_line' id='line_1_19' title="bbox 141 752 937 790; baseline -0.003 -9"><span class='ocrx_word' id='word_1_131' title='bbox 141 754 246 789; x_wconf 81' lang='grc' dir='ltr'>θύμως,</span> <span class='ocrx_word' id='word_1_132' title='bbox 276 755 316 781; x_wconf 78' lang='grc' dir='ltr'>ὅτι</span> <span class='ocrx_word' id='word_1_133' title='bbox 357 754 422 790; x_wconf 82' lang='grc' dir='ltr'>παρ’</span> <span class='ocrx_word' id='word_1_134' title='bbox 451 753 565 780; x_wconf 76' lang='grc' dir='ltr'>ἐκείνων</span> <span class='ocrx_word' id='word_1_135' title='bbox 591 752 622 779; x_wconf 85' lang='grc' dir='ltr'><strong>τὸ</strong></span> <span class='ocrx_word' id='word_1_136' title='bbox 651 752 763 787; x_wconf 81' lang='grc' dir='ltr'>ἀγαθὸν,</span> <span class='ocrx_word' id='word_1_137' title='bbox 793 752 937 784; x_wconf 79' lang='grc' dir='ltr'>κάκείνους</span> 
     </span>
    </p>
   </div>
   <div class='ocr_carea' id='block_1_20' title="bbox 142 796 935 835">
    <p class='ocr_par' dir='ltr' id='par_1_20' title="bbox 142 796 935 835">
     <span class='ocr_line' id='line_1_20' title="bbox 142 796 935 835; baseline -0.003 -9"><span class='ocrx_word' id='word_1_138' title='bbox 142 798 221 835; x_wconf 78' lang='grc' dir='ltr'>ῥίζαν</span> <span class='ocrx_word' id='word_1_139' title='bbox 234 799 284 825; x_wconf 76' lang='grc' dir='ltr'><strong>καὶ</strong></span> <span class='ocrx_word' id='word_1_140' title='bbox 298 799 356 834; x_wconf 78' lang='grc' dir='ltr'>ᾔδει</span> <span class='ocrx_word' id='word_1_141' title='bbox 376 799 423 824; x_wconf 82' lang='grc' dir='ltr'>καὶ</span> <span class='ocrx_word' id='word_1_142' title='bbox 439 797 572 833; x_wconf 79' lang='grc' dir='ltr'>ὡμολόγει</span> <span class='ocrx_word' id='word_1_143' title='bbox 584 797 632 832; x_wconf 82' lang='grc' dir='ltr'><strong>τῆς</strong></span> <span class='ocrx_word' id='word_1_144' title='bbox 643 796 745 829; x_wconf 81' lang='grc' dir='ltr'>οἰκείας</span> <span class='ocrx_word' id='word_1_145' title='bbox 766 796 935 832; x_wconf 70' lang='grc' dir='ltr'>ἐλλάμψεως.</span> 
     </span>
    </p>
   </div>
   <div class='ocr_carea' id='block_1_21' title="bbox 140 843 935 880">
    <p class='ocr_par' dir='ltr' id='par_1_21' title="bbox 140 843 935 880">
     <span class='ocr_line' id='line_1_21' title="bbox 140 843 935 880; baseline -0.003 -9"><span class='ocrx_word' id='word_1_146' title='bbox 140 845 173 871; x_wconf 87' lang='grc' dir='ltr'>Τί</span> <span class='ocrx_word' id='word_1_147' title='bbox 189 845 238 880; x_wconf 81' lang='grc' dir='ltr'>μὲν</span> <span class='ocrx_word' id='word_1_148' title='bbox 253 845 303 880; x_wconf 81' lang='grc' dir='ltr'>τῆς</span> <span class='ocrx_word' id='word_1_149' title='bbox 312 844 431 875; x_wconf 77' lang='grc' dir='ltr'>διανοίας</span> <span class='ocrx_word' id='word_1_150' title='bbox 445 843 551 878; x_wconf 79' lang='grc' dir='ltr'>ἐκείνης</span> <span class='ocrx_word' id='word_1_151' title='bbox 565 843 702 879; x_wconf 80' lang='grc' dir='ltr'>ὀξύτερον,</span> <span class='ocrx_word' id='word_1_152' title='bbox 717 843 750 879; x_wconf 71' lang='grc' dir='ltr'>ἣν</span> <span class='ocrx_word' id='word_1_153' title='bbox 769 852 800 877; x_wconf 90' lang='grc' dir='ltr'><strong>γε</strong></span> <span class='ocrx_word' id='word_1_154' title='bbox 814 844 861 869; x_wconf 81' lang='grc' dir='ltr'>καὶ</span> <span class='ocrx_word' id='word_1_155' title='bbox 877 851 935 870; x_wconf 80' lang='grc' dir='ltr'>κοι-</span> 
     </span>
    </p>
   </div>
   <div class='ocr_carea' id='block_1_22' title="bbox 140 889 935 927">
    <p class='ocr_par' dir='ltr' id='par_1_22' title="bbox 140 889 935 927">
     <span class='ocr_line' id='line_1_22' title="bbox 140 889 935 927; baseline -0.001 -10"><span class='ocrx_word' id='word_1_156' title='bbox 140 892 189 927; x_wconf 85' lang='grc' dir='ltr'>νὴν</span> <span class='ocrx_word' id='word_1_157' title='bbox 205 891 356 926; x_wconf 78' lang='grc' dir='ltr'>σύμὸου).ον</span> <span class='ocrx_word' id='word_1_158' title='bbox 373 891 421 925; x_wconf 79' lang='grc' dir='ltr'><strong>οὐχ</strong></span> <span class='ocrx_word' id='word_1_159' title='bbox 448 891 473 916; x_wconf 79' lang='grc' dir='ltr'>οἱ</span> <span class='ocrx_word' id='word_1_160' title='bbox 496 891 528 916; x_wconf 80' lang='grc' dir='ltr'><strong>ἐκ</strong></span> <span class='ocrx_word' id='word_1_161' title='bbox 544 889 639 923; x_wconf 78' lang='grc' dir='ltr'>γένους</span> <span class='ocrx_word' id='word_1_162' title='bbox 662 890 752 924; x_wconf 86' lang='grc' dir='ltr'>μόνον,</span> <span class='ocrx_word' id='word_1_163' title='bbox 773 890 827 916; x_wconf 82' lang='grc' dir='ltr'>οὐδ’</span> <span class='ocrx_word' id='word_1_164' title='bbox 840 891 864 916; x_wconf 87' lang='grc' dir='ltr'>οι</span> <span class='ocrx_word' id='word_1_165' title='bbox 880 890 935 925; x_wconf 84' lang='grc'>(90)</span> 
     </span>
    </p>
   </div>
   <div class='ocr_carea' id='block_1_23' title="bbox 140 935 936 970">
    <p class='ocr_par' dir='ltr' id='par_1_23' title="bbox 140 935 936 970">
     <span class='ocr_line' id='line_1_23' title="bbox 140 935 936 970; baseline -0.003 -7"><span class='ocrx_word' id='word_1_166' title='bbox 140 938 173 964; x_wconf 80' lang='grc' dir='ltr'><strong>ἐκ</strong></span> <span class='ocrx_word' id='word_1_167' title='bbox 190 936 237 963; x_wconf 77' lang='grc' dir='ltr'>τοῦ</span> <span class='ocrx_word' id='word_1_168' title='bbox 248 936 333 963; x_wconf 79' lang='grc' dir='ltr'>αὐτοῦ</span> <span class='ocrx_word' id='word_1_169' title='bbox 347 935 423 967; x_wconf 84' lang='grc' dir='ltr'>λαοῦ,</span> <span class='ocrx_word' id='word_1_170' title='bbox 440 936 486 962; x_wconf 84' lang='grc' dir='ltr'><strong>καὶ</strong></span> <span class='ocrx_word' id='word_1_171' title='bbox 497 935 545 970; x_wconf 83' lang='grc' dir='ltr'>τῆς</span> <span class='ocrx_word' id='word_1_172' title='bbox 561 935 626 969; x_wconf 81' lang='grc' dir='ltr'>μιᾶς</span> <span class='ocrx_word' id='word_1_173' title='bbox 645 935 700 970; x_wconf 83' lang='grc'>(91)</span> <span class='ocrx_word' id='word_1_174' title='bbox 724 935 854 970; x_wconf 83' lang='grc' dir='ltr'>μάνδρας,</span> <span class='ocrx_word' id='word_1_175' title='bbox 868 935 936 962; x_wconf 77' lang='grc' dir='ltr'><strong>ἀλλὰ</strong></span> 
     </span>
    </p>
   </div>
   <div class='ocr_carea' id='block_1_24' title="bbox 140 981 936 1017">
    <p class='ocr_par' dir='ltr' id='par_1_24' title="bbox 140 981 936 1017">
     <span class='ocr_line' id='line_1_24' title="bbox 140 981 936 1017; baseline -0.004 -8"><span class='ocrx_word' id='word_1_176' title='bbox 140 983 188 1009; x_wconf 71' lang='grc' dir='ltr'>καὶ</span> <span class='ocrx_word' id='word_1_177' title='bbox 202 982 227 1009; x_wconf 72' lang='grc' dir='ltr'>οἱ</span> <span class='ocrx_word' id='word_1_178' title='bbox 239 982 331 1017; x_wconf 79' lang='grc' dir='ltr'>κύκλῳ</span> <span class='ocrx_word' id='word_1_179' title='bbox 344 982 373 1008; x_wconf 75' lang='grc' dir='ltr'>δὲ</span> <span class='ocrx_word' id='word_1_180' title='bbox 391 981 490 1013; x_wconf 81' lang='grc' dir='ltr'>πάντες</span> <span class='ocrx_word' id='word_1_181' title='bbox 505 981 662 1014; x_wconf 84' lang='grc' dir='ltr'>ἐγίνωσκον,</span> <span class='ocrx_word' id='word_1_182' title='bbox 679 981 726 1007; x_wconf 75' lang='grc' dir='ltr'>καὶ</span> <span class='ocrx_word' id='word_1_183' title='bbox 745 981 826 1016; x_wconf 83' lang='grc' dir='ltr'>νόμον</span> <span class='ocrx_word' id='word_1_184' title='bbox 840 981 936 1008; x_wconf 84' lang='grc' dir='ltr'>ἄλυτον</span> 
     </span>
    </p>
   </div>
   <div class='ocr_carea' id='block_1_25' title="bbox 141 1026 935 1063">
    <p class='ocr_par' dir='ltr' id='par_1_25' title="bbox 141 1026 935 1063">
     <span class='ocr_line' id='line_1_25' title="bbox 141 1026 935 1063; baseline -0.004 -8"><span class='ocrx_word' id='word_1_185' title='bbox 141 1029 191 1061; x_wconf 82' lang='grc' dir='ltr'>τὰς</span> <span class='ocrx_word' id='word_1_186' title='bbox 210 1029 318 1063; x_wconf 77' lang='grc' dir='ltr'>ἐκείνης</span> <span class='ocrx_word' id='word_1_187' title='bbox 338 1027 477 1054; x_wconf 80' lang='grc' dir='ltr'>ἐποιοῦντο</span> <span class='ocrx_word' id='word_1_188' title='bbox 498 1027 554 1062; x_wconf 72' lang='lat'>(92)</span> <span class='ocrx_word' id='word_1_189' title='bbox 573 1027 715 1062; x_wconf 77' lang='grc' dir='ltr'>ὑποθήκας</span> <span class='ocrx_word' id='word_1_190' title='bbox 733 1027 780 1054; x_wconf 81' lang='grc' dir='ltr'>καὶ</span> <span class='ocrx_word' id='word_1_191' title='bbox 802 1026 935 1063; x_wconf 81' lang='grc' dir='ltr'>παραινέ-</span> 
     </span>
    </p>
   </div>
   <div class='ocr_carea' id='block_1_26' title="bbox 142 1073 934 1110">
    <p class='ocr_par' dir='ltr' id='par_1_26' title="bbox 142 1073 934 1110">
     <span class='ocr_line' id='line_1_26' title="bbox 142 1073 934 1110; baseline -0.003 -8"><span class='ocrx_word' id='word_1_192' title='bbox 142 1083 214 1108; x_wconf 79' lang='grc' dir='ltr'>σεις;</span> <span class='ocrx_word' id='word_1_193' title='bbox 231 1074 262 1101; x_wconf 90' lang='grc' dir='ltr'>Τί</span> <span class='ocrx_word' id='word_1_194' title='bbox 281 1075 309 1101; x_wconf 83' lang='grc' dir='ltr'><strong>δέ</strong></span> <span class='ocrx_word' id='word_1_195' title='bbox 323 1074 380 1110; x_wconf 84' lang='grc'>(95)</span> <span class='ocrx_word' id='word_1_196' title='bbox 399 1073 453 1100; x_wconf 86' lang='grc' dir='ltr'>τῶν</span> <span class='ocrx_word' id='word_1_197' title='bbox 476 1073 562 1108; x_wconf 78' lang='grc' dir='ltr'>λόγων</span> <span class='ocrx_word' id='word_1_198' title='bbox 587 1074 699 1100; x_wconf 87' lang='grc' dir='ltr'>ἐκείνων</span> <span class='ocrx_word' id='word_1_199' title='bbox 718 1074 934 1109; x_wconf 78' lang='grc' dir='ltr'>εὑστοχώτερον;</span> 
     </span>
    </p>
   </div>
   <div class='ocr_carea' id='block_1_27' title="bbox 141 1119 937 1155">
    <p class='ocr_par' dir='ltr' id='par_1_27' title="bbox 141 1119 937 1155">
     <span class='ocr_line' id='line_1_27' title="bbox 141 1119 937 1155; baseline -0.003 -8"><span class='ocrx_word' id='word_1_200' title='bbox 141 1121 167 1147; x_wconf 83' lang='grc' dir='ltr'><strong>τί</strong></span> <span class='ocrx_word' id='word_1_201' title='bbox 183 1121 212 1147; x_wconf 80' lang='grc' dir='ltr'>δὲ</span> <span class='ocrx_word' id='word_1_202' title='bbox 226 1120 276 1155; x_wconf 87' lang='grc' dir='ltr'>τῆς</span> <span class='ocrx_word' id='word_1_203' title='bbox 294 1120 399 1155; x_wconf 79' lang='grc' dir='ltr'>σιωπῆς</span> <span class='ocrx_word' id='word_1_204' title='bbox 417 1119 599 1155; x_wconf 81' lang='grc' dir='ltr'>συνετώτερον</span> <span class='ocrx_word' id='word_1_205' title='bbox 612 1127 619 1152; x_wconf 87' lang='grc'>;</span> <span class='ocrx_word' id='word_1_206' title='bbox 639 1119 707 1146; x_wconf 80' lang='grc' dir='ltr'><strong>Ἀλλ’</strong></span> <span class='ocrx_word' id='word_1_207' title='bbox 722 1119 813 1155; x_wconf 83' lang='grc' dir='ltr'>ἐπειδή</span> <span class='ocrx_word' id='word_1_208' title='bbox 829 1127 861 1153; x_wconf 88' lang='grc' dir='ltr'><strong>γε</strong></span> <span class='ocrx_word' id='word_1_209' title='bbox 874 1127 937 1146; x_wconf 88' lang='grc' dir='ltr'>σιω-</span> 
     </span>
    </p>
   </div>
   <div class='ocr_carea' id='block_1_28' title="bbox 141 1164 934 1201">
    <p class='ocr_par' dir='ltr' id='par_1_28' title="bbox 141 1164 934 1201">
     <span class='ocr_line' id='line_1_28' title="bbox 141 1164 934 1201; baseline -0.004 -9"><span class='ocrx_word' id='word_1_210' title='bbox 141 1167 195 1200; x_wconf 74' lang='grc' dir='ltr'><strong>πῆς</strong></span> <span class='ocrx_word' id='word_1_211' title='bbox 205 1164 354 1201; x_wconf 78' lang='grc' dir='ltr'>ἐμνήσθην,</span> <span class='ocrx_word' id='word_1_212' title='bbox 370 1164 518 1200; x_wconf 75' lang='grc' dir='ltr'>προσθήσω</span> <span class='ocrx_word' id='word_1_213' title='bbox 531 1164 561 1190; x_wconf 85' lang='grc' dir='ltr'><strong>τὸ</strong></span> <span class='ocrx_word' id='word_1_214' title='bbox 572 1164 736 1191; x_wconf 85' lang='grc' dir='ltr'>οἰκειότατον</span> <span class='ocrx_word' id='word_1_215' title='bbox 749 1164 804 1200; x_wconf 65' lang='grc'>(91)</span> <span class='ocrx_word' id='word_1_216' title='bbox 816 1165 934 1200; x_wconf 82' lang='grc' dir='ltr'>ἐκείνης,</span> 
     </span>
    </p>
   </div>
   <div class='ocr_carea' id='block_1_29' title="bbox 142 1209 936 1246">
    <p class='ocr_par' dir='ltr' id='par_1_29' title="bbox 142 1209 936 1246">
     <span class='ocr_line' id='line_1_29' title="bbox 142 1209 936 1246; baseline -0.004 -8"><span class='ocrx_word' id='word_1_217' title='bbox 142 1212 189 1238; x_wconf 82' lang='grc' dir='ltr'><strong>καί</strong></span> <span class='ocrx_word' id='word_1_218' title='bbox 203 1210 309 1245; x_wconf 73' lang='grc' dir='ltr'>γυναιξὶ</span> <span class='ocrx_word' id='word_1_219' title='bbox 329 1210 565 1246; x_wconf 83' lang='grc' dir='ltr'>πρεπωδέστατον,</span> <span class='ocrx_word' id='word_1_220' title='bbox 595 1209 643 1236; x_wconf 74' lang='grc' dir='ltr'>καὶ</span> <span class='ocrx_word' id='word_1_221' title='bbox 666 1209 705 1245; x_wconf 82' lang='grc' dir='ltr'>τῷ</span> <span class='ocrx_word' id='word_1_222' title='bbox 719 1209 832 1245; x_wconf 82' lang='grc' dir='ltr'>παρόντι</span> <span class='ocrx_word' id='word_1_223' title='bbox 848 1209 936 1245; x_wconf 82' lang='grc' dir='ltr'>καιρῷ</span> 
     </span>
    </p>
   </div>
   <div class='ocr_carea' id='block_1_30' title="bbox 142 1255 935 1293">
    <p class='ocr_par' dir='ltr' id='par_1_30' title="bbox 142 1255 935 1293">
     <span class='ocr_line' id='line_1_30' title="bbox 142 1255 935 1293; baseline -0.004 -9"><span class='ocrx_word' id='word_1_224' title='bbox 142 1256 360 1293; x_wconf 66' lang='grc' dir='ltr'>χρησιμώτατον.</span> <span class='ocrx_word' id='word_1_225' title='bbox 378 1255 426 1287; x_wconf 89' lang='grc' dir='ltr'>Τίς</span> <span class='ocrx_word' id='word_1_226' title='bbox 448 1256 497 1290; x_wconf 77' lang='grc' dir='ltr'><strong>μὲν</strong></span> <span class='ocrx_word' id='word_1_227' title='bbox 515 1255 586 1290; x_wconf 78' lang='grc' dir='ltr'>ἓγνω</span> <span class='ocrx_word' id='word_1_228' title='bbox 604 1255 639 1282; x_wconf 78' lang='grc' dir='ltr'>τὰ</span> <span class='ocrx_word' id='word_1_229' title='bbox 662 1255 726 1291; x_wconf 84' lang='grc' dir='ltr'><strong>περί</strong></span> <span class='ocrx_word' id='word_1_230' title='bbox 751 1255 818 1282; x_wconf 76' lang='grc' dir='ltr'>Θεοῦ</span> <span class='ocrx_word' id='word_1_231' title='bbox 836 1255 935 1290; x_wconf 74' lang='grc' dir='ltr'>μᾶλλον</span> 
     </span>
    </p>
   </div>
   <div class='ocr_carea' id='block_1_31' title="bbox 141 1301 934 1337">
    <p class='ocr_par' dir='ltr' id='par_1_31' title="bbox 141 1301 934 1337">
     <span class='ocr_line' id='line_1_31' title="bbox 141 1301 934 1337; baseline -0.003 -7"><span class='ocrx_word' id='word_1_232' title='bbox 141 1304 174 1331; x_wconf 76' lang='grc' dir='ltr'><strong>ἐκ</strong></span> <span class='ocrx_word' id='word_1_233' title='bbox 188 1312 218 1330; x_wconf 85' lang='grc' dir='ltr'><strong>τε</strong></span> <span class='ocrx_word' id='word_1_234' title='bbox 232 1303 286 1330; x_wconf 81' lang='grc' dir='ltr'>τῶν</span> <span class='ocrx_word' id='word_1_235' title='bbox 307 1302 386 1329; x_wconf 83' lang='grc' dir='ltr'>θείων</span> <span class='ocrx_word' id='word_1_236' title='bbox 402 1302 500 1337; x_wconf 87' lang='grc' dir='ltr'>λογίων</span> <span class='ocrx_word' id='word_1_237' title='bbox 526 1302 573 1328; x_wconf 77' lang='grc' dir='ltr'><strong>καὶ</strong></span> <span class='ocrx_word' id='word_1_238' title='bbox 589 1302 638 1337; x_wconf 83' lang='grc' dir='ltr'>τῆς</span> <span class='ocrx_word' id='word_1_239' title='bbox 661 1301 764 1333; x_wconf 85' lang='grc' dir='ltr'>οἰκείας</span> <span class='ocrx_word' id='word_1_240' title='bbox 781 1302 934 1334; x_wconf 84' lang='grc' dir='ltr'>συνέσεως;</span> 
     </span>
    </p>
   </div>
   <div class='ocr_carea' id='block_1_32' title="bbox 142 1347 936 1387">
    <p class='ocr_par' dir='ltr' id='par_1_32' title="bbox 142 1347 936 1387">
     <span class='ocr_line' id='line_1_32' title="bbox 142 1347 936 1387; baseline -0.003 -10"><span class='ocrx_word' id='word_1_241' title='bbox 142 1351 191 1382; x_wconf 84' lang='grc' dir='ltr'><strong>Τίς</strong></span> <span class='ocrx_word' id='word_1_242' title='bbox 202 1350 230 1377; x_wconf 75' lang='grc' dir='ltr'><strong>δὲ</strong></span> <span class='ocrx_word' id='word_1_243' title='bbox 241 1347 323 1387; x_wconf 81' lang='grc' dir='ltr'>ἦττον</span> <span class='ocrx_word' id='word_1_244' title='bbox 337 1348 488 1384; x_wconf 66' lang='grc' dir='ltr'>ἐφθέγξατο</span> <span class='ocrx_word' id='word_1_245' title='bbox 504 1349 533 1375; x_wconf 81' lang='grc' dir='ltr'><strong>ἐν</strong></span> <span class='ocrx_word' id='word_1_246' title='bbox 545 1350 599 1379; x_wconf 81' lang='grc' dir='ltr'>τοῖς</span> <span class='ocrx_word' id='word_1_247' title='bbox 609 1349 773 1383; x_wconf 83' lang='grc' dir='ltr'>γυναικείοις</span> <span class='ocrx_word' id='word_1_248' title='bbox 790 1348 846 1384; x_wconf 74' lang='grc'>(95)</span> <span class='ocrx_word' id='word_1_249' title='bbox 863 1348 936 1385; x_wconf 78' lang='grc' dir='ltr'>ὅροις</span> 
     </span>
    </p>
   </div>
   <div class='ocr_carea' id='block_1_33' title="bbox 141 1393 936 1433">
    <p class='ocr_par' dir='ltr' id='par_1_33' title="bbox 141 1393 936 1433">
     <span class='ocr_line' id='line_1_33' title="bbox 141 1393 936 1433; baseline -0.004 -9"><span class='ocrx_word' id='word_1_250' title='bbox 141 1397 191 1433; x_wconf 84' lang='grc' dir='ltr'><strong>τῆς</strong></span> <span class='ocrx_word' id='word_1_251' title='bbox 207 1396 346 1428; x_wconf 78' lang='grc' dir='ltr'>εὐσεϐείας</span> <span class='ocrx_word' id='word_1_252' title='bbox 364 1396 496 1432; x_wconf 87' lang='grc' dir='ltr'>μείνασα;</span> <span class='ocrx_word' id='word_1_253' title='bbox 520 1397 552 1422; x_wconf 86' lang='grc' dir='ltr'><strong>Ὃ</strong></span> <span class='ocrx_word' id='word_1_254' title='bbox 580 1395 602 1422; x_wconf 75' lang='grc' dir='ltr'>δ’</span> <span class='ocrx_word' id='word_1_255' title='bbox 626 1393 672 1422; x_wconf 74' lang='grc' dir='ltr'>οὖν</span> <span class='ocrx_word' id='word_1_256' title='bbox 704 1395 834 1430; x_wconf 76' lang='grc' dir='ltr'>ὠφείλετο</span> <span class='ocrx_word' id='word_1_257' title='bbox 855 1396 889 1431; x_wconf 80' lang='grc' dir='ltr'>τῇ</span> <span class='ocrx_word' id='word_1_258' title='bbox 904 1403 936 1429; x_wconf 85' lang='grc' dir='ltr'><strong>γε</strong></span> 
     </span>
    </p>
   </div>
   <div class='ocr_carea' id='block_1_34' title="bbox 141 1439 935 1478">
    <p class='ocr_par' dir='ltr' id='par_1_34' title="bbox 141 1439 935 1478">
     <span class='ocr_line' id='line_1_34' title="bbox 141 1439 935 1478; baseline -0.001 -10"><span class='ocrx_word' id='word_1_259' title='bbox 141 1442 250 1478; x_wconf 82' lang='grc' dir='ltr'>ἀληθῶς</span> <span class='ocrx_word' id='word_1_260' title='bbox 269 1442 391 1468; x_wconf 76' lang='grc' dir='ltr'>εὐσεϐεῖν</span> <span class='ocrx_word' id='word_1_261' title='bbox 422 1442 569 1477; x_wconf 81' lang='grc' dir='ltr'>ἐγνωκυίᾳ,</span> <span class='ocrx_word' id='word_1_262' title='bbox 592 1441 641 1469; x_wconf 72' lang='grc' dir='ltr'>καὶ</span> <span class='ocrx_word' id='word_1_263' title='bbox 663 1439 694 1469; x_wconf 81' lang='grc' dir='ltr'>οὗ</span> <span class='ocrx_word' id='word_1_264' title='bbox 720 1441 790 1477; x_wconf 83' lang='grc' dir='ltr'>καλὴ</span> <span class='ocrx_word' id='word_1_265' title='bbox 822 1442 902 1477; x_wconf 78' lang='grc' dir='ltr'>μόνον</span> <span class='ocrx_word' id='word_1_266' title='bbox 918 1442 935 1477; x_wconf 88' lang='grc' dir='ltr'><strong>ή</strong></span> 
     </span>
    </p>
   </div>
   <div class='ocr_carea' id='block_1_35' title="bbox 143 1486 934 1524">
    <p class='ocr_par' dir='ltr' id='par_1_35' title="bbox 143 1486 934 1524">
     <span class='ocr_line' id='line_1_35' title="bbox 143 1486 934 1524; baseline -0.003 -9"><span class='ocrx_word' id='word_1_267' title='bbox 143 1489 290 1524; x_wconf 75' lang='grc' dir='ltr'>ἀπληστία,</span> <span class='ocrx_word' id='word_1_268' title='bbox 305 1488 347 1520; x_wconf 84' lang='grc' dir='ltr'><strong>τίς</strong></span> <span class='ocrx_word' id='word_1_269' title='bbox 374 1488 422 1523; x_wconf 84' lang='grc' dir='ltr'>μὲν</span> <span class='ocrx_word' id='word_1_270' title='bbox 434 1487 605 1522; x_wconf 71' lang='grc' dir='ltr'>ἀναθήμασιν</span> <span class='ocrx_word' id='word_1_271' title='bbox 625 1486 696 1514; x_wconf 76' lang='grc' dir='ltr'>οὕτω</span> <span class='ocrx_word' id='word_1_272' title='bbox 717 1488 798 1519; x_wconf 86' lang='grc' dir='ltr'>ναοὺς</span> <span class='ocrx_word' id='word_1_273' title='bbox 819 1487 934 1514; x_wconf 82' lang='grc' dir='ltr'>κατεκό-</span> 
     </span>
    </p>
   </div>
   <div class='ocr_carea' id='block_1_36' title="bbox 1021 473 1776 512">
    <p class='ocr_par' dir='ltr' id='par_1_36' title="bbox 1021 473 1776 512">
     <span class='ocr_line' id='line_1_36' title="bbox 1021 473 1776 512; baseline 0.003 -8"><span class='ocrx_word' id='word_1_274' title='bbox 1021 477 1067 505; x_wconf 79' lang='lat' dir='ltr'><strong>XI.</strong></span> <span class='ocrx_word' id='word_1_275' title='bbox 1087 477 1175 511; x_wconf 83' lang='lat' dir='ltr'><strong>Atque</strong></span> <span class='ocrx_word' id='word_1_276' title='bbox 1189 477 1247 504; x_wconf 72' lang='lat' dir='ltr'><strong>batc</strong></span> <span class='ocrx_word' id='word_1_277' title='bbox 1261 477 1371 512; x_wconf 87' lang='lat' dir='ltr'><strong>quidem</strong></span> <span class='ocrx_word' id='word_1_278' title='bbox 1388 477 1463 505; x_wconf 88' lang='lat' dir='ltr'><strong>talia.</strong></span> <span class='ocrx_word' id='word_1_279' title='bbox 1488 477 1663 505; x_wconf 68' lang='lat' dir='ltr'><strong>Prudentium</strong></span> <span class='ocrx_word' id='word_1_280' title='bbox 1687 473 1776 506; x_wconf 83' lang='lat' dir='ltr'><strong>autem</strong></span> 
     </span>
    </p>
   </div>
   <div class='ocr_carea' id='block_1_37' title="bbox 986 522 1776 558">
    <p class='ocr_par' dir='ltr' id='par_1_37' title="bbox 986 522 1776 558">
     <span class='ocr_line' id='line_1_37' title="bbox 986 522 1776 558; baseline 0 -8"><span class='ocrx_word' id='word_1_281' title='bbox 986 523 1072 558; x_wconf 75' lang='lat' dir='ltr'><strong>ipsius</strong></span> <span class='ocrx_word' id='word_1_282' title='bbox 1084 530 1116 550; x_wconf 87' lang='lat' dir='ltr'><strong>ac</strong></span> <span class='ocrx_word' id='word_1_283' title='bbox 1130 523 1258 557; x_wconf 90' lang='lat' dir='ltr'><strong>pietatem</strong></span> <span class='ocrx_word' id='word_1_284' title='bbox 1276 530 1356 551; x_wconf 88' lang='lat' dir='ltr'><strong>nemo</strong></span> <span class='ocrx_word' id='word_1_285' title='bbox 1374 528 1417 550; x_wconf 86' lang='lat' dir='ltr'><strong>est</strong></span> <span class='ocrx_word' id='word_1_286' title='bbox 1430 523 1476 558; x_wconf 88' lang='lat' dir='ltr'><strong>qui</strong></span> <span class='ocrx_word' id='word_1_287' title='bbox 1487 522 1580 550; x_wconf 85' lang='lat' dir='ltr'><strong>verbis</strong></span> <span class='ocrx_word' id='word_1_288' title='bbox 1594 522 1655 550; x_wconf 90' lang='lat' dir='ltr'><strong>ullis</strong></span> <span class='ocrx_word' id='word_1_289' title='bbox 1665 524 1776 558; x_wconf 87' lang='lat' dir='ltr'><strong>assequi</strong></span> 
     </span>
    </p>
   </div>
   <div class='ocr_carea' id='block_1_38' title="bbox 986 569 1777 606">
    <p class='ocr_par' dir='ltr' id='par_1_38' title="bbox 986 569 1777 606">
     <span class='ocr_line' id='line_1_38' title="bbox 986 569 1777 606; baseline 0.001 -10"><span class='ocrx_word' id='word_1_290' title='bbox 986 569 1090 606; x_wconf 81' lang='lat' dir='ltr'><strong>possit;</strong></span> <span class='ocrx_word' id='word_1_291' title='bbox 1106 577 1158 597; x_wconf 88' lang='lat' dir='ltr'><strong>nec</strong></span> <span class='ocrx_word' id='word_1_292' title='bbox 1174 569 1260 597; x_wconf 86' lang='lat' dir='ltr'><strong>multa</strong></span> <span class='ocrx_word' id='word_1_293' title='bbox 1274 569 1399 603; x_wconf 84' lang='lat' dir='ltr'><strong>exempla</strong></span> <span class='ocrx_word' id='word_1_294' title='bbox 1420 569 1533 603; x_wconf 89' lang='lat' dir='ltr'><strong>reperiri</strong></span> <span class='ocrx_word' id='word_1_295' title='bbox 1551 574 1663 604; x_wconf 80' lang='lat' dir='ltr'><strong>queant,</strong></span> <span class='ocrx_word' id='word_1_296' title='bbox 1677 574 1777 604; x_wconf 66' lang='lat' dir='ltr'><strong>praeter</strong></span> 
     </span>
    </p>
   </div>
   <div class='ocr_carea' id='block_1_39' title="bbox 988 618 1776 653">
    <p class='ocr_par' dir='ltr' id='par_1_39' title="bbox 988 618 1776 653">
     <span class='ocr_line' id='line_1_39' title="bbox 988 618 1776 653; baseline 0.001 -8"><span class='ocrx_word' id='word_1_297' title='bbox 988 619 1069 650; x_wconf 87' lang='lat' dir='ltr'><strong>illius,</strong></span> <span class='ocrx_word' id='word_1_298' title='bbox 1085 621 1148 645; x_wconf 88' lang='lat' dir='ltr'><strong>tum-</strong></span> <span class='ocrx_word' id='word_1_299' title='bbox 1157 618 1310 645; x_wconf 88' lang='lat' dir='ltr'><strong>secundum</strong></span> <span class='ocrx_word' id='word_1_300' title='bbox 1323 625 1434 653; x_wconf 89' lang='lat' dir='ltr'><strong>corpus,</strong></span> <span class='ocrx_word' id='word_1_301' title='bbox 1451 622 1508 644; x_wconf 90' lang='lat' dir='ltr'><strong>tum</strong></span> <span class='ocrx_word' id='word_1_302' title='bbox 1528 618 1675 645; x_wconf 85' lang='lat' dir='ltr'><strong>secundum</strong></span> <span class='ocrx_word' id='word_1_303' title='bbox 1695 618 1776 653; x_wconf 86' lang='lat' dir='ltr'><strong>spiri-</strong></span> 
     </span>
    </p>
   </div>
   <div class='ocr_carea' id='block_1_40' title="bbox 986 664 1777 699">
    <p class='ocr_par' dir='ltr' id='par_1_40' title="bbox 986 664 1777 699">
     <span class='ocr_line' id='line_1_40' title="bbox 986 664 1777 699; baseline 0 -8"><span class='ocrx_word' id='word_1_304' title='bbox 986 668 1061 697; x_wconf 85' lang='lat' dir='ltr'><strong>tum,</strong></span> <span class='ocrx_word' id='word_1_305' title='bbox 1083 669 1230 699; x_wconf 85' lang='lat' dir='ltr'><strong>parentes,</strong></span> <span class='ocrx_word' id='word_1_306' title='bbox 1256 664 1282 691; x_wconf 92' lang='lat' dir='ltr'><strong>in</strong></span> <span class='ocrx_word' id='word_1_307' title='bbox 1306 672 1376 699; x_wconf 90' lang='lat' dir='ltr'><strong>quos</strong></span> <span class='ocrx_word' id='word_1_308' title='bbox 1400 664 1475 692; x_wconf 86' lang='lat' dir='ltr'><strong>solos</strong></span> <span class='ocrx_word' id='word_1_309' title='bbox 1493 665 1622 697; x_wconf 89' lang='lat' dir='ltr'><strong>intuens,</strong></span> <span class='ocrx_word' id='word_1_310' title='bbox 1637 668 1665 692; x_wconf 88' lang='lat' dir='ltr'><strong>et</strong></span> <span class='ocrx_word' id='word_1_311' title='bbox 1678 664 1777 699; x_wconf 90' lang='lat' dir='ltr'><strong>quibus</strong></span> 
     </span>
    </p>
   </div>
   <div class='ocr_carea' id='block_1_41' title="bbox 985 710 1777 746">
    <p class='ocr_par' dir='ltr' id='par_1_41' title="bbox 985 710 1777 746">
     <span class='ocr_line' id='line_1_41' title="bbox 985 710 1777 746; baseline 0.001 -9"><span class='ocrx_word' id='word_1_312' title='bbox 985 710 1086 737; x_wconf 89' lang='lat' dir='ltr'><strong>virtute</strong></span> <span class='ocrx_word' id='word_1_313' title='bbox 1096 711 1255 746; x_wconf 88' lang='lat' dir='ltr'><strong>neutiquam</strong></span> <span class='ocrx_word' id='word_1_314' title='bbox 1269 710 1385 737; x_wconf 80' lang='lat' dir='ltr'><strong>inferior</strong></span> <span class='ocrx_word' id='word_1_315' title='bbox 1395 718 1457 737; x_wconf 89' lang='lat' dir='ltr'><strong>cum</strong></span> <span class='ocrx_word' id='word_1_316' title='bbox 1469 716 1551 742; x_wconf 82' lang='lat' dir='ltr'><strong>esset,</strong></span> <span class='ocrx_word' id='word_1_317' title='bbox 1562 711 1613 738; x_wconf 87' lang='lat' dir='ltr'><strong>hoc</strong></span> <span class='ocrx_word' id='word_1_318' title='bbox 1622 718 1676 738; x_wconf 88' lang='lat' dir='ltr'><strong>ttno</strong></span> <span class='ocrx_word' id='word_1_319' title='bbox 1687 716 1777 738; x_wconf 83' lang='lat' dir='ltr'><strong>tamen</strong></span> 
     </span>
    </p>
   </div>
   <div class='ocr_carea' id='block_1_42' title="bbox 986 756 1778 791">
    <p class='ocr_par' dir='ltr' id='par_1_42' title="bbox 986 756 1778 791">
     <span class='ocr_line' id='line_1_42' title="bbox 986 756 1778 791; baseline 0.001 -7"><span class='ocrx_word' id='word_1_320' title='bbox 986 756 1097 784; x_wconf 88' lang='lat' dir='ltr'><strong>nomine</strong></span> <span class='ocrx_word' id='word_1_321' title='bbox 1117 763 1248 791; x_wconf 88' lang='lat' dir='ltr'><strong>perquam</strong></span> <span class='ocrx_word' id='word_1_322' title='bbox 1261 756 1380 784; x_wconf 84' lang='lat' dir='ltr'><strong>libenter</strong></span> <span class='ocrx_word' id='word_1_323' title='bbox 1392 757 1516 788; x_wconf 80' lang='lat' dir='ltr'><strong>cedebat,</strong></span> <span class='ocrx_word' id='word_1_324' title='bbox 1533 757 1604 791; x_wconf 89' lang='lat' dir='ltr'><strong>quod</strong></span> <span class='ocrx_word' id='word_1_325' title='bbox 1620 757 1654 784; x_wconf 86' lang='lat' dir='ltr'><strong>ab</strong></span> <span class='ocrx_word' id='word_1_326' title='bbox 1668 757 1711 785; x_wconf 86' lang='lat' dir='ltr'><strong>his</strong></span> <span class='ocrx_word' id='word_1_327' title='bbox 1727 757 1778 785; x_wconf 86' lang='lat' dir='ltr'><strong>hoc</strong></span> 
     </span>
    </p>
   </div>
   <div class='ocr_carea' id='block_1_43' title="bbox 986 801 1779 837">
    <p class='ocr_par' dir='ltr' id='par_1_43' title="bbox 986 801 1779 837">
     <span class='ocr_line' id='line_1_43' title="bbox 986 801 1779 837; baseline -0.001 -8"><span class='ocrx_word' id='word_1_328' title='bbox 986 801 1087 829; x_wconf 88' lang='lat' dir='ltr'><strong>bonum</strong></span> <span class='ocrx_word' id='word_1_329' title='bbox 1102 802 1271 837; x_wconf 82' lang='lat' dir='ltr'><strong>accepisset,</strong></span> <span class='ocrx_word' id='word_1_330' title='bbox 1286 809 1389 836; x_wconf 65' lang='lat' dir='ltr'><strong>eoasque</strong></span> <span class='ocrx_word' id='word_1_331' title='bbox 1408 801 1616 829; x_wconf 83' lang='lat' dir='ltr'><strong>illuminationis</strong></span> <span class='ocrx_word' id='word_1_332' title='bbox 1634 809 1691 829; x_wconf 81' lang='lat' dir='ltr'><strong>suae</strong></span> <span class='ocrx_word' id='word_1_333' title='bbox 1707 802 1779 829; x_wconf 90' lang='lat' dir='ltr'><strong>radi-</strong></span> 
     </span>
    </p>
   </div>
   <div class='ocr_carea' id='block_1_44' title="bbox 987 846 1779 884">
    <p class='ocr_par' dir='ltr' id='par_1_44' title="bbox 987 846 1779 884">
     <span class='ocr_line' id='line_1_44' title="bbox 987 846 1779 884; baseline -0.003 -8"><span class='ocrx_word' id='word_1_334' title='bbox 987 856 1045 876; x_wconf 88' lang='lat' dir='ltr'><strong>cem</strong></span> <span class='ocrx_word' id='word_1_335' title='bbox 1057 852 1084 875; x_wconf 87' lang='lat' dir='ltr'><strong>et</strong></span> <span class='ocrx_word' id='word_1_336' title='bbox 1094 853 1256 884; x_wconf 77' lang='lat' dir='ltr'><strong>agnosceret</strong></span> <span class='ocrx_word' id='word_1_337' title='bbox 1277 853 1305 875; x_wconf 90' lang='lat' dir='ltr'><strong>et</strong></span> <span class='ocrx_word' id='word_1_338' title='bbox 1325 847 1468 875; x_wconf 80' lang='lat' dir='ltr'><strong>fateretur.</strong></span> <span class='ocrx_word' id='word_1_339' title='bbox 1483 846 1541 874; x_wconf 85' lang='lat' dir='ltr'><strong>Jam</strong></span> <span class='ocrx_word' id='word_1_340' title='bbox 1554 855 1618 875; x_wconf 88' lang='lat' dir='ltr'><strong>vero</strong></span> <span class='ocrx_word' id='word_1_341' title='bbox 1631 847 1695 883; x_wconf 83' lang='lat' dir='ltr'><strong>quid</strong></span> <span class='ocrx_word' id='word_1_342' title='bbox 1706 847 1779 875; x_wconf 85' lang='lat' dir='ltr'><strong>illius</strong></span> 
     </span>
    </p>
   </div>
   <div class='ocr_carea' id='block_1_45' title="bbox 987 893 1779 929">
    <p class='ocr_par' dir='ltr' id='par_1_45' title="bbox 987 893 1779 929">
     <span class='ocr_line' id='line_1_45' title="bbox 987 893 1779 929; baseline -0.003 -8"><span class='ocrx_word' id='word_1_343' title='bbox 987 894 1094 929; x_wconf 77' lang='lat' dir='ltr'><strong>ingenio</strong></span> <span class='ocrx_word' id='word_1_344' title='bbox 1110 893 1229 926; x_wconf 87' lang='lat' dir='ltr'><strong>acutius,</strong></span> <span class='ocrx_word' id='word_1_345' title='bbox 1249 894 1350 928; x_wconf 83' lang='lat' dir='ltr'><strong>quippe</strong></span> <span class='ocrx_word' id='word_1_346' title='bbox 1363 893 1442 927; x_wconf 84' lang='lat' dir='ltr'><strong>cujus</strong></span> <span class='ocrx_word' id='word_1_347' title='bbox 1462 893 1578 920; x_wconf 90' lang='lat' dir='ltr'><strong>consilio</strong></span> <span class='ocrx_word' id='word_1_348' title='bbox 1599 901 1654 920; x_wconf 92' lang='lat' dir='ltr'><strong>non</strong></span> <span class='ocrx_word' id='word_1_349' title='bbox 1679 893 1697 920; x_wconf 94' lang='lat' dir='ltr'><strong>ii</strong></span> <span class='ocrx_word' id='word_1_350' title='bbox 1719 898 1779 920; x_wconf 85' lang='lat' dir='ltr'><strong>tan-</strong></span> 
     </span>
    </p>
   </div>
   <div class='ocr_carea' id='block_1_46' title="bbox 986 939 1778 975">
    <p class='ocr_par' dir='ltr' id='par_1_46' title="bbox 986 939 1778 975">
     <span class='ocr_line' id='line_1_46' title="bbox 986 939 1778 975; baseline 0.001 -8"><span class='ocrx_word' id='word_1_351' title='bbox 986 945 1054 972; x_wconf 86' lang='lat' dir='ltr'><strong>tum,</strong></span> <span class='ocrx_word' id='word_1_352' title='bbox 1068 940 1115 975; x_wconf 87' lang='lat' dir='ltr'><strong>qui</strong></span> <span class='ocrx_word' id='word_1_353' title='bbox 1132 947 1234 975; x_wconf 73' lang='lat' dir='ltr'><strong>genere</strong></span> <span class='ocrx_word' id='word_1_354' title='bbox 1250 941 1336 974; x_wconf 86' lang='lat' dir='ltr'><strong>ipsam</strong></span> <span class='ocrx_word' id='word_1_355' title='bbox 1351 939 1531 975; x_wconf 75' lang='lat' dir='ltr'><strong>attingebant,</strong></span> <span class='ocrx_word' id='word_1_356' title='bbox 1543 944 1570 967; x_wconf 90' lang='lat' dir='ltr'><strong>et</strong></span> <span class='ocrx_word' id='word_1_357' title='bbox 1581 940 1626 974; x_wconf 90' lang='lat' dir='ltr'><strong>qui</strong></span> <span class='ocrx_word' id='word_1_358' title='bbox 1637 947 1671 967; x_wconf 88' lang='lat' dir='ltr'><strong>ex</strong></span> <span class='ocrx_word' id='word_1_359' title='bbox 1683 940 1778 968; x_wconf 83' lang='lat' dir='ltr'><strong>eadem</strong></span> 
     </span>
    </p>
   </div>
   <div class='ocr_carea' id='block_1_47' title="bbox 986 986 1777 1023">
    <p class='ocr_par' dir='ltr' id='par_1_47' title="bbox 986 986 1777 1023">
     <span class='ocr_line' id='line_1_47' title="bbox 986 986 1777 1023; baseline 0 -9"><span class='ocrx_word' id='word_1_360' title='bbox 986 988 1065 1023; x_wconf 81' lang='lat' dir='ltr'><strong>plebe</strong></span> <span class='ocrx_word' id='word_1_361' title='bbox 1090 991 1174 1021; x_wconf 75' lang='lat' dir='ltr'><strong>atque</strong></span> <span class='ocrx_word' id='word_1_362' title='bbox 1195 987 1289 1014; x_wconf 86' lang='lat' dir='ltr'><strong>eadem</strong></span> <span class='ocrx_word' id='word_1_363' title='bbox 1313 986 1391 1014; x_wconf 89' lang='lat' dir='ltr'><strong>caula</strong></span> <span class='ocrx_word' id='word_1_364' title='bbox 1408 992 1504 1019; x_wconf 89' lang='lat' dir='ltr'><strong>erant,</strong></span> <span class='ocrx_word' id='word_1_365' title='bbox 1521 987 1568 1014; x_wconf 85' lang='lat' dir='ltr'><strong>sed</strong></span> <span class='ocrx_word' id='word_1_366' title='bbox 1590 986 1673 1014; x_wconf 82' lang='lat' dir='ltr'><strong>vicini</strong></span> <span class='ocrx_word' id='word_1_367' title='bbox 1695 987 1777 1014; x_wconf 88' lang='lat' dir='ltr'><strong>etiam</strong></span> 
     </span>
    </p>
   </div>
   <div class='ocr_carea' id='block_1_48' title="bbox 989 1031 1779 1067">
    <p class='ocr_par' dir='ltr' id='par_1_48' title="bbox 989 1031 1779 1067">
     <span class='ocr_line' id='line_1_48' title="bbox 989 1031 1779 1067; baseline -0.001 -8"><span class='ocrx_word' id='word_1_368' title='bbox 989 1040 1086 1060; x_wconf 83' lang='lat' dir='ltr'><strong>omnes</strong></span> <span class='ocrx_word' id='word_1_369' title='bbox 1100 1032 1282 1060; x_wconf 86' lang='lat' dir='ltr'><strong>communiter</strong></span> <span class='ocrx_word' id='word_1_370' title='bbox 1298 1033 1457 1064; x_wconf 88' lang='lat' dir='ltr'><strong>utebantur,</strong></span> <span class='ocrx_word' id='word_1_371' title='bbox 1473 1031 1587 1067; x_wconf 90' lang='lat' dir='ltr'><strong>ejusque</strong></span> <span class='ocrx_word' id='word_1_372' title='bbox 1601 1037 1736 1067; x_wconf 66' lang='lat' dir='ltr'><strong>prmcepta</strong></span> <span class='ocrx_word' id='word_1_373' title='bbox 1752 1035 1779 1058; x_wconf 83' lang='lat' dir='ltr'><strong>et</strong></span> 
     </span>
    </p>
   </div>
   <div class='ocr_carea' id='block_1_49' title="bbox 987 1078 1780 1116">
    <p class='ocr_par' dir='ltr' id='par_1_49' title="bbox 987 1078 1780 1116">
     <span class='ocr_line' id='line_1_49' title="bbox 987 1078 1780 1116; baseline -0.004 -8"><span class='ocrx_word' id='word_1_374' title='bbox 987 1081 1194 1109; x_wconf 79' lang='lat' dir='ltr'><strong>exhortationes</strong></span> <span class='ocrx_word' id='word_1_375' title='bbox 1205 1088 1254 1116; x_wconf 90' lang='lat' dir='ltr'><strong>pro</strong></span> <span class='ocrx_word' id='word_1_376' title='bbox 1268 1082 1345 1108; x_wconf 88' lang='lat' dir='ltr'><strong>lirma</strong></span> <span class='ocrx_word' id='word_1_377' title='bbox 1357 1084 1383 1108; x_wconf 91' lang='lat' dir='ltr'><strong>et</strong></span> <span class='ocrx_word' id='word_1_378' title='bbox 1393 1080 1543 1108; x_wconf 84' lang='lat' dir='ltr'><strong>inviolabili</strong></span> <span class='ocrx_word' id='word_1_379' title='bbox 1555 1080 1614 1115; x_wconf 82' lang='lat' dir='ltr'><strong>lege</strong></span> <span class='ocrx_word' id='word_1_380' title='bbox 1626 1078 1780 1107; x_wconf 82' lang='lat' dir='ltr'><strong>ducebant?</strong></span> 
     </span>
    </p>
   </div>
   <div class='ocr_carea' id='block_1_50' title="bbox 986 1122 1780 1161">
    <p class='ocr_par' dir='ltr' id='par_1_50' title="bbox 986 1122 1780 1161">
     <span class='ocr_line' id='line_1_50' title="bbox 986 1122 1780 1161; baseline -0.004 -7"><span class='ocrx_word' id='word_1_381' title='bbox 986 1127 1056 1161; x_wconf 83' lang='lat' dir='ltr'><strong>Quid</strong></span> <span class='ocrx_word' id='word_1_382' title='bbox 1086 1122 1162 1154; x_wconf 83' lang='lat' dir='ltr'><strong>illius</strong></span> <span class='ocrx_word' id='word_1_383' title='bbox 1195 1127 1370 1154; x_wconf 84' lang='lat' dir='ltr'><strong>sermonibus</strong></span> <span class='ocrx_word' id='word_1_384' title='bbox 1397 1125 1545 1154; x_wconf 85' lang='lat' dir='ltr'><strong>solertius?</strong></span> <span class='ocrx_word' id='word_1_385' title='bbox 1575 1125 1645 1160; x_wconf 85' lang='lat' dir='ltr'><strong>Quid</strong></span> <span class='ocrx_word' id='word_1_386' title='bbox 1671 1125 1780 1153; x_wconf 85' lang='lat' dir='ltr'><strong>silentio</strong></span> 
     </span>
    </p>
   </div>
   <div class='ocr_carea' id='block_1_51' title="bbox 988 1173 1780 1210">
    <p class='ocr_par' dir='ltr' id='par_1_51' title="bbox 988 1173 1780 1210">
     <span class='ocr_line' id='line_1_51' title="bbox 988 1173 1780 1210; baseline -0.001 -10"><span class='ocrx_word' id='word_1_387' title='bbox 988 1175 1169 1210; x_wconf 88' lang='lat' dir='ltr'><strong>prudentius?</strong></span> <span class='ocrx_word' id='word_1_388' title='bbox 1194 1173 1227 1202; x_wconf 87' lang='lat' dir='ltr'><strong>Et</strong></span> <span class='ocrx_word' id='word_1_389' title='bbox 1243 1175 1374 1209; x_wconf 86' lang='lat' dir='ltr'><strong>quoniam</strong></span> <span class='ocrx_word' id='word_1_390' title='bbox 1390 1175 1418 1202; x_wconf 91' lang='lat' dir='ltr'><strong>in</strong></span> <span class='ocrx_word' id='word_1_391' title='bbox 1437 1174 1538 1202; x_wconf 87' lang='lat' dir='ltr'><strong>silentii</strong></span> <span class='ocrx_word' id='word_1_392' title='bbox 1554 1173 1720 1200; x_wconf 84' lang='lat' dir='ltr'><strong>mentionem</strong></span> <span class='ocrx_word' id='word_1_393' title='bbox 1737 1173 1780 1200; x_wconf 91' lang='lat' dir='ltr'><strong>in-</strong></span> 
     </span>
    </p>
   </div>
   <div class='ocr_carea' id='block_1_52' title="bbox 986 1219 1777 1255">
    <p class='ocr_par' dir='ltr' id='par_1_52' title="bbox 986 1219 1777 1255">
     <span class='ocr_line' id='line_1_52' title="bbox 986 1219 1777 1255; baseline -0.004 -8"><span class='ocrx_word' id='word_1_394' title='bbox 986 1220 1038 1248; x_wconf 89' lang='lat' dir='ltr'><strong>cidi</strong></span> <span class='ocrx_word' id='word_1_395' title='bbox 1053 1242 1060 1254; x_wconf 93' lang='lat'><strong>,</strong></span> <span class='ocrx_word' id='word_1_396' title='bbox 1083 1221 1179 1248; x_wconf 87' lang='lat' dir='ltr'><strong>addam</strong></span> <span class='ocrx_word' id='word_1_397' title='bbox 1201 1221 1245 1253; x_wconf 84' lang='lat' dir='ltr'><strong>id,</strong></span> <span class='ocrx_word' id='word_1_398' title='bbox 1269 1221 1340 1255; x_wconf 91' lang='lat' dir='ltr'><strong>quod</strong></span> <span class='ocrx_word' id='word_1_399' title='bbox 1357 1221 1474 1248; x_wconf 77' lang='lat' dir='ltr'><strong>maxime</strong></span> <span class='ocrx_word' id='word_1_400' title='bbox 1489 1220 1629 1255; x_wconf 89' lang='lat' dir='ltr'><strong>proprium</strong></span> <span class='ocrx_word' id='word_1_401' title='bbox 1651 1220 1700 1254; x_wconf 82' lang='lat' dir='ltr'><strong>ipsi</strong></span> <span class='ocrx_word' id='word_1_402' title='bbox 1716 1219 1777 1252; x_wconf 81' lang='grc'><strong>1⁵1111,</strong></span> 
     </span>
    </p>
   </div>
   <div class='ocr_carea' id='block_1_53' title="bbox 986 1267 1779 1302">
    <p class='ocr_par' dir='ltr' id='par_1_53' title="bbox 986 1267 1779 1302">
     <span class='ocr_line' id='line_1_53' title="bbox 986 1267 1779 1302; baseline 0 -9"><span class='ocrx_word' id='word_1_403' title='bbox 986 1267 1115 1302; x_wconf 82' lang='lat' dir='ltr'><strong>quodque</strong></span> <span class='ocrx_word' id='word_1_404' title='bbox 1130 1267 1291 1295; x_wconf 81' lang='lat' dir='ltr'><strong>mulieribus</strong></span> <span class='ocrx_word' id='word_1_405' title='bbox 1304 1267 1450 1294; x_wconf 90' lang='lat' dir='ltr'><strong>admodum</strong></span> <span class='ocrx_word' id='word_1_406' title='bbox 1467 1267 1603 1302; x_wconf 84' lang='lat' dir='ltr'><strong>congruit,</strong></span> <span class='ocrx_word' id='word_1_407' title='bbox 1619 1272 1701 1301; x_wconf 86' lang='lat' dir='ltr'><strong>atque</strong></span> <span class='ocrx_word' id='word_1_408' title='bbox 1716 1267 1779 1293; x_wconf 85' lang='lat' dir='ltr'><strong>huic</strong></span> 
     </span>
    </p>
   </div>
   <div class='ocr_carea' id='block_1_54' title="bbox 987 1313 1780 1348">
    <p class='ocr_par' dir='ltr' id='par_1_54' title="bbox 987 1313 1780 1348">
     <span class='ocr_line' id='line_1_54' title="bbox 987 1313 1780 1348; baseline 0.001 -9"><span class='ocrx_word' id='word_1_409' title='bbox 987 1313 1105 1346; x_wconf 81' lang='lat' dir='ltr'><strong>tempori</strong></span> <span class='ocrx_word' id='word_1_410' title='bbox 1128 1320 1303 1348; x_wconf 72' lang='lat' dir='ltr'><strong>permagnam</strong></span> <span class='ocrx_word' id='word_1_411' title='bbox 1325 1314 1470 1341; x_wconf 86' lang='lat' dir='ltr'><strong>utilitatem</strong></span> <span class='ocrx_word' id='word_1_412' title='bbox 1492 1313 1625 1341; x_wconf 79' lang='lat' dir='ltr'><strong>attulerit.</strong></span> <span class='ocrx_word' id='word_1_413' title='bbox 1646 1313 1780 1346; x_wconf 62' lang='lat' dir='ltr'><strong>Quaanam</strong></span> 
     </span>
    </p>
   </div>
   <div class='ocr_carea' id='block_1_55' title="bbox 989 1359 1778 1394">
    <p class='ocr_par' dir='ltr' id='par_1_55' title="bbox 989 1359 1778 1394">
     <span class='ocr_line' id='line_1_55' title="bbox 989 1359 1778 1394; baseline 0 -8"><span class='ocrx_word' id='word_1_414' title='bbox 989 1367 1035 1386; x_wconf 86' lang='lat' dir='ltr'><strong>res</strong></span> <span class='ocrx_word' id='word_1_415' title='bbox 1049 1359 1165 1391; x_wconf 87' lang='lat' dir='ltr'><strong>divinas,</strong></span> <span class='ocrx_word' id='word_1_416' title='bbox 1180 1365 1237 1387; x_wconf 90' lang='lat' dir='ltr'><strong>tum</strong></span> <span class='ocrx_word' id='word_1_417' title='bbox 1250 1367 1282 1387; x_wconf 82' lang='lat' dir='ltr'><strong>ex</strong></span> <span class='ocrx_word' id='word_1_418' title='bbox 1294 1361 1394 1388; x_wconf 82' lang='lat' dir='ltr'><strong>divinis</strong></span> <span class='ocrx_word' id='word_1_419' title='bbox 1404 1360 1535 1392; x_wconf 81' lang='lat' dir='ltr'><strong>oraculis,</strong></span> <span class='ocrx_word' id='word_1_420' title='bbox 1552 1365 1607 1387; x_wconf 92' lang='lat' dir='ltr'><strong>tum</strong></span> <span class='ocrx_word' id='word_1_421' title='bbox 1624 1367 1656 1386; x_wconf 88' lang='lat' dir='ltr'><strong>ex</strong></span> <span class='ocrx_word' id='word_1_422' title='bbox 1671 1359 1778 1394; x_wconf 87' lang='lat' dir='ltr'><strong>propria</strong></span> 
     </span>
    </p>
   </div>
   <div class='ocr_carea' id='block_1_56' title="bbox 987 1405 1776 1441">
    <p class='ocr_par' dir='ltr' id='par_1_56' title="bbox 987 1405 1776 1441">
     <span class='ocr_line' id='line_1_56' title="bbox 987 1405 1776 1441; baseline -0.003 -8"><span class='ocrx_word' id='word_1_423' title='bbox 987 1405 1168 1440; x_wconf 78' lang='lat' dir='ltr'><strong>intelligentia</strong></span> <span class='ocrx_word' id='word_1_424' title='bbox 1179 1411 1205 1433; x_wconf 84' lang='lat' dir='ltr'><strong>et</strong></span> <span class='ocrx_word' id='word_1_425' title='bbox 1216 1406 1374 1441; x_wconf 80' lang='lat' dir='ltr'><strong>sagacitate,</strong></span> <span class='ocrx_word' id='word_1_426' title='bbox 1387 1406 1475 1439; x_wconf 80' lang='lat' dir='ltr'><strong>magis</strong></span> <span class='ocrx_word' id='word_1_427' title='bbox 1491 1405 1637 1440; x_wconf 80' lang='lat' dir='ltr'><strong>cognovit?</strong></span> <span class='ocrx_word' id='word_1_428' title='bbox 1650 1405 1776 1438; x_wconf 60' lang='lat' dir='ltr'><strong>Quanam</strong></span> 
     </span>
    </p>
   </div>
   <div class='ocr_carea' id='block_1_57' title="bbox 990 1451 1780 1487">
    <p class='ocr_par' dir='ltr' id='par_1_57' title="bbox 990 1451 1780 1487">
     <span class='ocr_line' id='line_1_57' title="bbox 990 1451 1780 1487; baseline 0 -9"><span class='ocrx_word' id='word_1_429' title='bbox 990 1459 1083 1479; x_wconf 89' lang='lat' dir='ltr'><strong>rursus</strong></span> <span class='ocrx_word' id='word_1_430' title='bbox 1095 1453 1186 1480; x_wconf 90' lang='lat' dir='ltr'><strong>minus</strong></span> <span class='ocrx_word' id='word_1_431' title='bbox 1199 1453 1288 1480; x_wconf 87' lang='lat' dir='ltr'><strong>locuta</strong></span> <span class='ocrx_word' id='word_1_432' title='bbox 1301 1458 1353 1485; x_wconf 87' lang='lat' dir='ltr'><strong>est,</strong></span> <span class='ocrx_word' id='word_1_433' title='bbox 1366 1453 1547 1480; x_wconf 86' lang='lat' dir='ltr'><strong>muliebribus</strong></span> <span class='ocrx_word' id='word_1_434' title='bbox 1557 1452 1668 1487; x_wconf 83' lang='lat' dir='ltr'><strong>pietatis</strong></span> <span class='ocrx_word' id='word_1_435' title='bbox 1681 1451 1780 1479; x_wconf 78' lang='lat' dir='ltr'><strong>ﬁnibus</strong></span> 
     </span>
    </p>
   </div>
   <div class='ocr_carea' id='block_1_58' title="bbox 989 1497 1780 1533">
    <p class='ocr_par' dir='ltr' id='par_1_58' title="bbox 989 1497 1780 1533">
     <span class='ocr_line' id='line_1_58' title="bbox 989 1497 1780 1533; baseline -0.001 -9"><span class='ocrx_word' id='word_1_436' title='bbox 989 1504 1051 1524; x_wconf 89' lang='lat' dir='ltr'><strong>sese</strong></span> <span class='ocrx_word' id='word_1_437' title='bbox 1068 1498 1231 1525; x_wconf 85' lang='lat' dir='ltr'><strong>continens?</strong></span> <span class='ocrx_word' id='word_1_438' title='bbox 1245 1497 1316 1530; x_wconf 83' lang='lat' dir='ltr'><strong>Jam,</strong></span> <span class='ocrx_word' id='word_1_439' title='bbox 1331 1499 1402 1533; x_wconf 91' lang='lat' dir='ltr'><strong>quod</strong></span> <span class='ocrx_word' id='word_1_440' title='bbox 1418 1498 1541 1525; x_wconf 89' lang='lat' dir='ltr'><strong>mulieris</strong></span> <span class='ocrx_word' id='word_1_441' title='bbox 1557 1501 1626 1528; x_wconf 84' lang='lat' dir='ltr'><strong>erat,</strong></span> <span class='ocrx_word' id='word_1_442' title='bbox 1641 1505 1702 1532; x_wconf 67' lang='lat' dir='ltr'><strong>qua:</strong></span> <span class='ocrx_word' id='word_1_443' title='bbox 1716 1504 1780 1524; x_wconf 81' lang='lat' dir='ltr'><strong>vere</strong></span> 
     </span>
    </p>
   </div>
   <div class='ocr_carea' id='block_1_59' title="bbox 145 1531 935 1578">
    <p class='ocr_par' dir='ltr' id='par_1_59' title="bbox 145 1531 932 1572">
     <span class='ocr_line' id='line_1_59' title="bbox 145 1531 932 1572; baseline -0.004 -10"><span class='ocrx_word' id='word_1_444' title='bbox 145 1544 261 1572; x_wconf 82' lang='grc' dir='ltr'>σμησεν,</span> <span class='ocrx_word' id='word_1_445' title='bbox 276 1535 371 1567; x_wconf 83' lang='grc' dir='ltr'>ἄλλους</span> <span class='ocrx_word' id='word_1_446' title='bbox 389 1544 418 1561; x_wconf 83' lang='grc' dir='ltr'><strong>τε</strong></span> <span class='ocrx_word' id='word_1_447' title='bbox 432 1536 479 1561; x_wconf 85' lang='grc' dir='ltr'>καὶ</span> <span class='ocrx_word' id='word_1_448' title='bbox 497 1534 542 1562; x_wconf 82' lang='grc' dir='ltr'>τὸν</span> <span class='ocrx_word' id='word_1_449' title='bbox 556 1534 610 1569; x_wconf 84' lang='lat'><strong>(96)</strong></span> <span class='ocrx_word' id='word_1_450' title='bbox 631 1535 682 1561; x_wconf 86' lang='grc' dir='ltr'>οὐκ</span> <span class='ocrx_word' id='word_1_451' title='bbox 696 1531 743 1560; x_wconf 80' lang='grc' dir='ltr'>οἷδ’</span> <span class='ocrx_word' id='word_1_452' title='bbox 760 1534 784 1560; x_wconf 82' lang='grc' dir='ltr'><strong>εἰ</strong></span> <span class='ocrx_word' id='word_1_453' title='bbox 803 1534 858 1568; x_wconf 86' lang='grc'>(97)</span> <span class='ocrx_word' id='word_1_454' title='bbox 874 1534 932 1569; x_wconf 81' lang='grc' dir='ltr'>μετ’</span> 
     </span>
    </p>
   </div>
   <div class='ocr_carea' id='block_1_60' title="bbox 986 1531 1780 1578">
    <p class='ocr_par' dir='ltr' id='par_1_60' title="bbox 988 1542 1780 1578">
     <span class='ocr_line' id='line_1_60' title="bbox 988 1542 1780 1578; baseline 0 -9"><span class='ocrx_word' id='word_1_455' title='bbox 988 1543 1082 1578; x_wconf 80' lang='lat' dir='ltr'><strong>pietati</strong></span> <span class='ocrx_word' id='word_1_456' title='bbox 1099 1543 1211 1570; x_wconf 87' lang='lat' dir='ltr'><strong>studere</strong></span> <span class='ocrx_word' id='word_1_457' title='bbox 1233 1544 1356 1570; x_wconf 88' lang='lat' dir='ltr'><strong>animum</strong></span> <span class='ocrx_word' id='word_1_458' title='bbox 1379 1544 1549 1574; x_wconf 75' lang='lat' dir='ltr'><strong>induxisset,</strong></span> <span class='ocrx_word' id='word_1_459' title='bbox 1567 1548 1594 1570; x_wconf 85' lang='lat' dir='ltr'><strong>et</strong></span> <span class='ocrx_word' id='word_1_460' title='bbox 1609 1543 1636 1570; x_wconf 94' lang='lat' dir='ltr'><strong>in</strong></span> <span class='ocrx_word' id='word_1_461' title='bbox 1655 1550 1708 1577; x_wconf 85' lang='lat' dir='ltr'><strong>quo</strong></span> <span class='ocrx_word' id='word_1_462' title='bbox 1721 1542 1780 1570; x_wconf 87' lang='lat' dir='ltr'><strong>solo</strong></span> 
     </span>
    </p>
   </div>
   <div class='ocr_carea' id='block_1_61' title="bbox 143 1580 936 1619">
    <p class='ocr_par' dir='ltr' id='par_1_61' title="bbox 143 1580 936 1619">
     <span class='ocr_line' id='line_1_61' title="bbox 143 1580 936 1619; baseline -0.003 -9"><span class='ocrx_word' id='word_1_463' title='bbox 143 1584 251 1619; x_wconf 79' lang='grc' dir='ltr'>ἐκείνην</span> <span class='ocrx_word' id='word_1_464' title='bbox 268 1582 526 1618; x_wconf 83' lang='grc' dir='ltr'>κοσμηθησόμενον;</span> <span class='ocrx_word' id='word_1_465' title='bbox 550 1581 660 1609; x_wconf 73' lang='grc' dir='ltr'>Μᾶλλον</span> <span class='ocrx_word' id='word_1_466' title='bbox 681 1581 721 1614; x_wconf 81' lang='grc' dir='ltr'>δὲ,</span> <span class='ocrx_word' id='word_1_467' title='bbox 734 1581 777 1612; x_wconf 85' lang='grc' dir='ltr'><strong>τίς</strong></span> <span class='ocrx_word' id='word_1_468' title='bbox 789 1580 861 1607; x_wconf 82' lang='grc' dir='ltr'>οὓτω</span> <span class='ocrx_word' id='word_1_469' title='bbox 873 1581 936 1608; x_wconf 85' lang='grc' dir='ltr'>ναὸν</span> 
     </span>
    </p>
   </div>
   <div class='ocr_carea' id='block_1_62' title="bbox 143 1627 937 1665">
    <p class='ocr_par' dir='ltr' id='par_1_62' title="bbox 143 1627 937 1665">
     <span class='ocr_line' id='line_1_62' title="bbox 143 1627 937 1665; baseline -0.004 -9"><span class='ocrx_word' id='word_1_470' title='bbox 143 1629 239 1656; x_wconf 81' lang='grc' dir='ltr'>ἑαυτὸν</span> <span class='ocrx_word' id='word_1_471' title='bbox 252 1629 308 1664; x_wconf 86' lang='grc'>(98)</span> <span class='ocrx_word' id='word_1_472' title='bbox 333 1629 372 1665; x_wconf 82' lang='grc' dir='ltr'>τῷ</span> <span class='ocrx_word' id='word_1_473' title='bbox 386 1629 445 1665; x_wconf 84' lang='grc' dir='ltr'>Θεῴ</span> <span class='ocrx_word' id='word_1_474' title='bbox 460 1628 550 1661; x_wconf 82' lang='grc' dir='ltr'>ζῶντα</span> <span class='ocrx_word' id='word_1_475' title='bbox 568 1628 757 1664; x_wconf 81' lang='grc' dir='ltr'>παρέστησεν;</span> <span class='ocrx_word' id='word_1_476' title='bbox 780 1628 827 1659; x_wconf 85' lang='grc' dir='ltr'><strong>Τίς</strong></span> <span class='ocrx_word' id='word_1_477' title='bbox 845 1627 873 1653; x_wconf 74' lang='grc' dir='ltr'><strong>δὲ</strong></span> <span class='ocrx_word' id='word_1_478' title='bbox 893 1636 937 1654; x_wconf 89' lang='grc' dir='ltr'>το-</span> 
     </span>
    </p>
   </div>
   <div class='ocr_carea' id='block_1_63' title="bbox 144 1673 934 1711">
    <p class='ocr_par' dir='ltr' id='par_1_63' title="bbox 144 1673 934 1711">
     <span class='ocr_line' id='line_1_63' title="bbox 144 1673 934 1711; baseline -0.003 -9"><span class='ocrx_word' id='word_1_479' title='bbox 144 1675 239 1702; x_wconf 74' lang='grc' dir='ltr'>σοῦτον</span> <span class='ocrx_word' id='word_1_480' title='bbox 251 1675 375 1709; x_wconf 77' lang='grc' dir='ltr'>ἐδόξασεν</span> <span class='ocrx_word' id='word_1_481' title='bbox 390 1675 491 1711; x_wconf 74' lang='grc' dir='ltr'>ἱερέας,</span> <span class='ocrx_word' id='word_1_482' title='bbox 508 1675 605 1706; x_wconf 80' lang='grc' dir='ltr'>ἄλλους</span> <span class='ocrx_word' id='word_1_483' title='bbox 615 1683 646 1701; x_wconf 86' lang='grc' dir='ltr'><strong>τε</strong></span> <span class='ocrx_word' id='word_1_484' title='bbox 662 1675 709 1701; x_wconf 78' lang='grc' dir='ltr'>καὶ</span> <span class='ocrx_word' id='word_1_485' title='bbox 725 1674 771 1701; x_wconf 85' lang='grc' dir='ltr'><strong>τὸν</strong></span> <span class='ocrx_word' id='word_1_486' title='bbox 790 1673 845 1710; x_wconf 77' lang='grc'>(99)</span> <span class='ocrx_word' id='word_1_487' title='bbox 863 1674 934 1700; x_wconf 81' lang='grc' dir='ltr'>ὲκεί-</span> 
     </span>
    </p>
   </div>
   <div class='ocr_carea' id='block_1_64' title="bbox 143 1717 935 1758">
    <p class='ocr_par' dir='ltr' id='par_1_64' title="bbox 143 1717 935 1758">
     <span class='ocr_line' id='line_1_64' title="bbox 143 1717 935 1758; baseline -0.003 -10"><span class='ocrx_word' id='word_1_488' title='bbox 143 1729 178 1758; x_wconf 85' lang='grc' dir='ltr'>νῃ</span> <span class='ocrx_word' id='word_1_489' title='bbox 198 1722 248 1757; x_wconf 82' lang='grc' dir='ltr'>τῆς</span> <span class='ocrx_word' id='word_1_490' title='bbox 273 1722 412 1754; x_wconf 76' lang='grc' dir='ltr'>εὐσεΰείας</span> <span class='ocrx_word' id='word_1_491' title='bbox 432 1720 634 1756; x_wconf 80' lang='grc' dir='ltr'>συναγωνιστὴν</span> <span class='ocrx_word' id='word_1_492' title='bbox 654 1721 702 1747; x_wconf 75' lang='grc' dir='ltr'><strong>καὶ</strong></span> <span class='ocrx_word' id='word_1_493' title='bbox 720 1720 889 1752; x_wconf 73' lang='grc' dir='ltr'>διδάσκαλον,</span> <span class='ocrx_word' id='word_1_494' title='bbox 905 1717 935 1747; x_wconf 74' lang='grc' dir='ltr'>οὗ</span> 
     </span>
    </p>
   </div>
   <div class='ocr_carea' id='block_1_65' title="bbox 143 1766 936 1803">
    <p class='ocr_par' dir='ltr' id='par_1_65' title="bbox 143 1766 936 1803">
     <span class='ocr_line' id='line_1_65' title="bbox 143 1766 936 1803; baseline -0.003 -9"><span class='ocrx_word' id='word_1_495' title='bbox 143 1767 179 1794; x_wconf 83' lang='grc' dir='ltr'>τὰ</span> <span class='ocrx_word' id='word_1_496' title='bbox 192 1768 263 1795; x_wconf 84' lang='grc' dir='ltr'>καλὰ</span> <span class='ocrx_word' id='word_1_497' title='bbox 288 1768 433 1803; x_wconf 81' lang='grc' dir='ltr'>σπέρματα</span> <span class='ocrx_word' id='word_1_498' title='bbox 454 1768 500 1795; x_wconf 74' lang='grc' dir='ltr'><strong>κού⁴</strong></span> <span class='ocrx_word' id='word_1_499' title='bbox 529 1768 546 1803; x_wconf 82' lang='grc' dir='ltr'><strong>ἡ</strong></span> <span class='ocrx_word' id='word_1_500' title='bbox 561 1766 751 1802; x_wconf 73' lang='grc' dir='ltr'>καθιερωμένη</span> <span class='ocrx_word' id='word_1_501' title='bbox 765 1766 820 1793; x_wconf 86' lang='grc' dir='ltr'><strong>τῶν</strong></span> <span class='ocrx_word' id='word_1_502' title='bbox 832 1766 936 1793; x_wconf 78' lang='grc' dir='ltr'>τέκνων</span> 
     </span>
    </p>
   </div>
   <div class='ocr_carea' id='block_1_66' title="bbox 145 1813 461 1849">
    <p class='ocr_par' dir='ltr' id='par_1_66' title="bbox 145 1813 461 1849">
     <span class='ocr_line' id='line_1_66' title="bbox 145 1813 461 1849; baseline 0 -9"><span class='ocrx_word' id='word_1_503' title='bbox 145 1813 257 1849; x_wconf 80' lang='grc' dir='ltr'><strong>τῷ-Θεῷ</strong></span> <span class='ocrx_word' id='word_1_504' title='bbox 273 1813 388 1847; x_wconf 77' lang='grc' dir='ltr'>συζυγία</span> <span class='ocrx_word' id='word_1_505' title='bbox 403 1813 461 1848; x_wconf 82' lang='grc'>(1);</span> 
     </span>
    </p>
   </div>
   <div class='ocr_carea' id='block_1_67' title="bbox 146 1857 927 1893">
    <p class='ocr_par' dir='ltr' id='par_1_67' title="bbox 146 1857 927 1893">
     <span class='ocr_line' id='line_1_67' title="bbox 146 1857 927 1893; baseline 0 -7"><span class='ocrx_word' id='word_1_506' title='bbox 146 1860 209 1887; x_wconf 82' lang='lat' dir='ltr'><strong>tatis</strong></span> <span class='ocrx_word' id='word_1_507' title='bbox 230 1859 442 1886; x_wconf 83' lang='lat' dir='ltr'><strong>commilitonem</strong></span> <span class='ocrx_word' id='word_1_508' title='bbox 467 1863 494 1886; x_wconf 86' lang='lat' dir='ltr'><strong>ct</strong></span> <span class='ocrx_word' id='word_1_509' title='bbox 514 1859 672 1893; x_wconf 82' lang='lat' dir='ltr'><strong>magistrum</strong></span> <span class='ocrx_word' id='word_1_510' title='bbox 696 1857 808 1891; x_wconf 86' lang='lat' dir='ltr'><strong>habuit,</strong></span> <span class='ocrx_word' id='word_1_511' title='bbox 834 1858 927 1893; x_wconf 92' lang='lat' dir='ltr'><strong>illum,</strong></span> 
     </span>
    </p>
   </div>
   <div class='ocr_carea' id='block_1_68' title="bbox 146 1905 507 1934">
    <p class='ocr_par' dir='ltr' id='par_1_68' title="bbox 146 1905 507 1934">
     <span class='ocr_line' id='line_1_68' title="bbox 146 1905 507 1934; baseline -0.006 0"><span class='ocrx_word' id='word_1_512' title='bbox 146 1914 206 1934; x_wconf 87' lang='lat' dir='ltr'><strong>rum</strong></span> <span class='ocrx_word' id='word_1_513' title='bbox 223 1906 278 1933; x_wconf 86' lang='lat' dir='ltr'><strong>Deo</strong></span> <span class='ocrx_word' id='word_1_514' title='bbox 295 1905 507 1933; x_wconf 85' lang='lat' dir='ltr'><strong>consecratum?</strong></span> 
     </span>
    </p>
   </div>
   <div class='ocr_carea' id='block_1_69' title="bbox 181 1949 939 1987">
    <p class='ocr_par' dir='ltr' id='par_1_69' title="bbox 181 1949 939 1987">
     <span class='ocr_line' id='line_1_69' title="bbox 181 1949 939 1987; baseline 0.001 -9"><span class='ocrx_word' id='word_1_515' title='bbox 181 1951 230 1980; x_wconf 64' lang='grc' dir='ltr'><strong>ιδ’.</strong></span> <span class='ocrx_word' id='word_1_516' title='bbox 247 1952 294 1984; x_wconf 87' lang='grc' dir='ltr'><strong>Τίς</strong></span> <span class='ocrx_word' id='word_1_517' title='bbox 307 1951 335 1978; x_wconf 82' lang='grc' dir='ltr'><strong>δέ</strong></span> <span class='ocrx_word' id='word_1_518' title='bbox 352 1951 397 1978; x_wconf 82' lang='grc' dir='ltr'>τὸν</span> <span class='ocrx_word' id='word_1_519' title='bbox 410 1949 483 1978; x_wconf 80' lang='grc' dir='ltr'>οἶκον</span> <span class='ocrx_word' id='word_1_520' title='bbox 499 1951 599 1986; x_wconf 81' lang='grc' dir='ltr'>ἑαυτῆς</span> <span class='ocrx_word' id='word_1_521' title='bbox 617 1951 717 1987; x_wconf 79' lang='grc' dir='ltr'>μᾶλλον</span> <span class='ocrx_word' id='word_1_522' title='bbox 732 1951 871 1987; x_wconf 74' lang='grc' dir='ltr'>προῦθηκε</span> <span class='ocrx_word' id='word_1_523' title='bbox 882 1954 939 1985; x_wconf 85' lang='grc' dir='ltr'>τοῖς</span> 
     </span>
    </p>
   </div>
   <div class='ocr_carea' id='block_1_70' title="bbox 147 1997 939 2033">
    <p class='ocr_par' dir='ltr' id='par_1_70' title="bbox 147 1997 939 2033">
     <span class='ocr_line' id='line_1_70' title="bbox 147 1997 939 2033; baseline 0 -8"><span class='ocrx_word' id='word_1_524' title='bbox 147 1998 215 2031; x_wconf 81' lang='grc' dir='ltr'>ζῶσι</span> <span class='ocrx_word' id='word_1_525' title='bbox 228 1998 299 2025; x_wconf 78' lang='grc' dir='ltr'>κατὰ</span> <span class='ocrx_word' id='word_1_526' title='bbox 311 1998 376 2024; x_wconf 80' lang='grc' dir='ltr'>Θεὸν</span> <span class='ocrx_word' id='word_1_527' title='bbox 398 1997 448 2033; x_wconf 72' lang='grc'>(2),</span> <span class='ocrx_word' id='word_1_528' title='bbox 463 1998 513 2033; x_wconf 82' lang='grc' dir='ltr'><strong>τὴν</strong></span> <span class='ocrx_word' id='word_1_529' title='bbox 528 1998 613 2033; x_wconf 84' lang='grc' dir='ltr'>καλὴν</span> <span class='ocrx_word' id='word_1_530' title='bbox 629 1998 752 2031; x_wconf 81' lang='grc' dir='ltr'>δεξίωσιν</span> <span class='ocrx_word' id='word_1_531' title='bbox 770 1999 816 2025; x_wconf 83' lang='grc' dir='ltr'><strong>καὶ</strong></span> <span class='ocrx_word' id='word_1_532' title='bbox 828 1999 939 2025; x_wconf 79' lang='grc' dir='ltr'>πλουτί-</span> 
     </span>
    </p>
   </div>
   <div class='ocr_carea' id='block_1_71' title="bbox 147 2043 938 2080">
    <p class='ocr_par' dir='ltr' id='par_1_71' title="bbox 147 2043 938 2080">
     <span class='ocr_line' id='line_1_71' title="bbox 147 2043 938 2080; baseline 0 -9"><span class='ocrx_word' id='word_1_533' title='bbox 147 2045 246 2077; x_wconf 80' lang='grc' dir='ltr'>ζουσαν</span> <span class='ocrx_word' id='word_1_534' title='bbox 272 2045 329 2079; x_wconf 82' lang='grc'>(5);</span> <span class='ocrx_word' id='word_1_535' title='bbox 357 2045 410 2070; x_wconf 81' lang='grc' dir='ltr'><strong>Καὶ</strong></span> <span class='ocrx_word' id='word_1_536' title='bbox 426 2044 440 2070; x_wconf 85' lang='grc' dir='ltr'>ὃ</span> <span class='ocrx_word' id='word_1_537' title='bbox 456 2044 550 2070; x_wconf 84' lang='grc' dir='ltr'>τούτου</span> <span class='ocrx_word' id='word_1_538' title='bbox 573 2043 664 2080; x_wconf 76' lang='grc' dir='ltr'><strong>μεῖζόν</strong></span> <span class='ocrx_word' id='word_1_539' title='bbox 691 2044 759 2076; x_wconf 79' lang='grc' dir='ltr'>ἐστι,</span> <span class='ocrx_word' id='word_1_540' title='bbox 787 2044 828 2075; x_wconf 85' lang='grc' dir='ltr'><strong>τίς</strong></span> <span class='ocrx_word' id='word_1_541' title='bbox 852 2043 938 2076; x_wconf 76' lang='grc' dir='ltr'>οὕτως</span> 
     </span>
    </p>
   </div>
   <div class='ocr_carea' id='block_1_72' title="bbox 147 2089 937 2126">
    <p class='ocr_par' dir='ltr' id='par_1_72' title="bbox 147 2089 937 2126">
     <span class='ocr_line' id='line_1_72' title="bbox 147 2089 937 2126; baseline 0 -9"><span class='ocrx_word' id='word_1_542' title='bbox 147 2090 280 2124; x_wconf 77' lang='grc' dir='ltr'>ἐδεξιοῦτο</span> <span class='ocrx_word' id='word_1_543' title='bbox 293 2091 326 2125; x_wconf 83' lang='grc' dir='ltr'>τῇ</span> <span class='ocrx_word' id='word_1_544' title='bbox 347 2090 418 2117; x_wconf 82' lang='grc' dir='ltr'>αἰδοῖ</span> <span class='ocrx_word' id='word_1_545' title='bbox 431 2089 478 2116; x_wconf 74' lang='grc' dir='ltr'><strong>καὶ</strong></span> <span class='ocrx_word' id='word_1_546' title='bbox 500 2091 557 2122; x_wconf 85' lang='grc' dir='ltr'>τοῖς</span> <span class='ocrx_word' id='word_1_547' title='bbox 571 2089 643 2116; x_wconf 80' lang='grc' dir='ltr'>κατὰ</span> <span class='ocrx_word' id='word_1_548' title='bbox 664 2090 730 2116; x_wconf 83' lang='grc' dir='ltr'>Θεὸν</span> <span class='ocrx_word' id='word_1_549' title='bbox 753 2090 937 2126; x_wconf 57' lang='lat' dir='ltr'><strong>Stati-quaen);</strong></span> 
     </span>
    </p>
   </div>
   <div class='ocr_carea' id='block_1_73' title="bbox 146 2135 938 2170">
    <p class='ocr_par' dir='ltr' id='par_1_73' title="bbox 146 2135 938 2170">
     <span class='ocr_line' id='line_1_73' title="bbox 146 2135 938 2170; baseline -0.003 -6"><span class='ocrx_word' id='word_1_550' title='bbox 146 2137 203 2164; x_wconf 81' lang='grc' dir='ltr'><strong>Καὶ</strong></span> <span class='ocrx_word' id='word_1_551' title='bbox 218 2136 252 2162; x_wconf 73' lang='grc' dir='ltr'>τὰ</span> <span class='ocrx_word' id='word_1_552' title='bbox 266 2136 312 2162; x_wconf 80' lang='grc' dir='ltr'>ἐπὶ</span> <span class='ocrx_word' id='word_1_553' title='bbox 323 2135 438 2168; x_wconf 70' lang='grc' dir='ltr'>τούτοις,</span> <span class='ocrx_word' id='word_1_554' title='bbox 461 2135 503 2167; x_wconf 87' lang='grc' dir='ltr'><strong>τίς</strong></span> <span class='ocrx_word' id='word_1_555' title='bbox 519 2135 568 2170; x_wconf 81' lang='grc' dir='ltr'><strong>μὲν</strong></span> <span class='ocrx_word' id='word_1_556' title='bbox 587 2135 648 2162; x_wconf 81' lang='grc' dir='ltr'>νοῦν</span> <span class='ocrx_word' id='word_1_557' title='bbox 665 2135 765 2167; x_wconf 76' lang='grc' dir='ltr'>ἔδειξεν</span> <span class='ocrx_word' id='word_1_558' title='bbox 788 2136 938 2162; x_wconf 81' lang='grc' dir='ltr'>ἀπαθέστε-</span> 
     </span>
    </p>
   </div>
   <div class='ocr_carea' id='block_1_74' title="bbox 148 2181 936 2217">
    <p class='ocr_par' dir='ltr' id='par_1_74' title="bbox 148 2181 936 2217">
     <span class='ocr_line' id='line_1_74' title="bbox 148 2181 936 2217; baseline -0.001 -8"><span class='ocrx_word' id='word_1_559' title='bbox 148 2191 194 2217; x_wconf 89' lang='grc' dir='ltr'><strong>ρον</strong></span> <span class='ocrx_word' id='word_1_560' title='bbox 211 2183 239 2209; x_wconf 81' lang='grc' dir='ltr'><strong>ἐν</strong></span> <span class='ocrx_word' id='word_1_561' title='bbox 253 2182 310 2213; x_wconf 86' lang='grc' dir='ltr'>τοῖς</span> <span class='ocrx_word' id='word_1_562' title='bbox 320 2181 417 2208; x_wconf 81' lang='grc' dir='ltr'>πάθεσι</span> <span class='ocrx_word' id='word_1_563' title='bbox 433 2181 490 2217; x_wconf 79' lang='grc'>(4);</span> <span class='ocrx_word' id='word_1_564' title='bbox 506 2181 548 2213; x_wconf 81' lang='grc' dir='ltr'><strong>τίς</strong></span> <span class='ocrx_word' id='word_1_565' title='bbox 565 2181 594 2208; x_wconf 73' lang='grc' dir='ltr'>δὲ</span> <span class='ocrx_word' id='word_1_566' title='bbox 608 2181 834 2217; x_wconf 82' lang='grc' dir='ltr'>συμπαθεστέραν</span> <span class='ocrx_word' id='word_1_567' title='bbox 848 2181 936 2217; x_wconf 75' lang='grc' dir='ltr'>ψυχὴν</span> 
     </span>
    </p>
   </div>
   <div class='ocr_carea' id='block_1_75' title="bbox 147 2227 937 2264">
    <p class='ocr_par' dir='ltr' id='par_1_75' title="bbox 147 2227 937 2264">
     <span class='ocr_line' id='line_1_75' title="bbox 147 2227 937 2264; baseline -0.003 -8"><span class='ocrx_word' id='word_1_568' title='bbox 147 2231 203 2261; x_wconf 83' lang='grc' dir='ltr'>τοῖς</span> <span class='ocrx_word' id='word_1_569' title='bbox 232 2229 382 2264; x_wconf 70' lang='grc' dir='ltr'>κάμνουσις</span> <span class='ocrx_word' id='word_1_570' title='bbox 410 2228 452 2260; x_wconf 85' lang='grc' dir='ltr'><strong>τίς</strong></span> <span class='ocrx_word' id='word_1_571' title='bbox 464 2229 543 2264; x_wconf 88' lang='grc' dir='ltr'>χεῖρα</span> <span class='ocrx_word' id='word_1_572' title='bbox 563 2227 757 2264; x_wconf 75' lang='grc' dir='ltr'>δαψιλεστὲραν</span> <span class='ocrx_word' id='word_1_573' title='bbox 776 2230 833 2260; x_wconf 81' lang='grc' dir='ltr'>τοῖς</span> <span class='ocrx_word' id='word_1_574' title='bbox 844 2228 937 2264; x_wconf 83' lang='grc' dir='ltr'>δεομέ-</span> 
     </span>
    </p>
   </div>
   <div class='ocr_carea' id='block_1_76' title="bbox 990 1587 1779 1622">
    <p class='ocr_par' dir='ltr' id='par_1_76' title="bbox 990 1587 1779 1622">
     <span class='ocr_line' id='line_1_76' title="bbox 990 1587 1779 1622; baseline 0 -9"><span class='ocrx_word' id='word_1_575' title='bbox 990 1588 1142 1614; x_wconf 75' lang='lat' dir='ltr'><strong>satietatem</strong></span> <span class='ocrx_word' id='word_1_576' title='bbox 1159 1587 1266 1615; x_wconf 78' lang='lat' dir='ltr'><strong>nrscire</strong></span> <span class='ocrx_word' id='word_1_577' title='bbox 1281 1589 1440 1622; x_wconf 70' lang='lat' dir='ltr'><strong>prmclarum</strong></span> <span class='ocrx_word' id='word_1_578' title='bbox 1457 1593 1498 1615; x_wconf 88' lang='lat' dir='ltr'><strong>est</strong></span> <span class='ocrx_word' id='word_1_579' title='bbox 1509 1608 1517 1619; x_wconf 93' lang='lat'><strong>,</strong></span> <span class='ocrx_word' id='word_1_580' title='bbox 1535 1595 1658 1622; x_wconf 59' lang='lat' dir='ltr'><strong>quaenam</strong></span> <span class='ocrx_word' id='word_1_581' title='bbox 1678 1591 1720 1614; x_wconf 91' lang='lat' dir='ltr'><strong>tot</strong></span> <span class='ocrx_word' id='word_1_582' title='bbox 1732 1587 1779 1614; x_wconf 87' lang='lat' dir='ltr'><strong>do-</strong></span> 
     </span>
    </p>
   </div>
   <div class='ocr_carea' id='block_1_77' title="bbox 990 1633 1778 1669">
    <p class='ocr_par' dir='ltr' id='par_1_77' title="bbox 990 1633 1778 1669">
     <span class='ocr_line' id='line_1_77' title="bbox 990 1633 1778 1669; baseline -0.001 -9"><span class='ocrx_word' id='word_1_583' title='bbox 990 1633 1075 1660; x_wconf 88' lang='lat' dir='ltr'><strong>nariis</strong></span> <span class='ocrx_word' id='word_1_584' title='bbox 1086 1653 1093 1666; x_wconf 97' lang='lat'><strong>,</strong></span> <span class='ocrx_word' id='word_1_585' title='bbox 1112 1641 1173 1661; x_wconf 89' lang='lat' dir='ltr'><strong>cum</strong></span> <span class='ocrx_word' id='word_1_586' title='bbox 1192 1635 1245 1661; x_wconf 84' lang='lat' dir='ltr'><strong>alia</strong></span> <span class='ocrx_word' id='word_1_587' title='bbox 1264 1634 1362 1669; x_wconf 87' lang='lat' dir='ltr'><strong>templa</strong></span> <span class='ocrx_word' id='word_1_588' title='bbox 1373 1653 1381 1666; x_wconf 91' lang='lat'><strong>,</strong></span> <span class='ocrx_word' id='word_1_589' title='bbox 1396 1639 1451 1661; x_wconf 82' lang='grc'><strong>111111</strong></span> <span class='ocrx_word' id='word_1_590' title='bbox 1469 1634 1519 1661; x_wconf 89' lang='lat' dir='ltr'><strong>hoc</strong></span> <span class='ocrx_word' id='word_1_591' title='bbox 1536 1642 1643 1669; x_wconf 88' lang='lat' dir='ltr'><strong>quoque</strong></span> <span class='ocrx_word' id='word_1_592' title='bbox 1659 1633 1778 1663; x_wconf 85' lang='lat' dir='ltr'><strong>ornavit,</strong></span> 
     </span>
    </p>
   </div>
   <div class='ocr_carea' id='block_1_78' title="bbox 990 1679 1779 1714">
    <p class='ocr_par' dir='ltr' id='par_1_78' title="bbox 990 1679 1779 1714">
     <span class='ocr_line' id='line_1_78' title="bbox 990 1679 1779 1714; baseline 0 -9"><span class='ocrx_word' id='word_1_593' title='bbox 990 1679 1064 1706; x_wconf 83' lang='lat' dir='ltr'><strong>haud</strong></span> <span class='ocrx_word' id='word_1_594' title='bbox 1084 1679 1143 1707; x_wconf 83' lang='lat' dir='ltr'><strong>scio</strong></span> <span class='ocrx_word' id='word_1_595' title='bbox 1158 1687 1190 1706; x_wconf 84' lang='lat' dir='ltr'><strong>an</strong></span> <span class='ocrx_word' id='word_1_596' title='bbox 1206 1684 1268 1714; x_wconf 82' lang='lat' dir='ltr'><strong>post</strong></span> <span class='ocrx_word' id='word_1_597' title='bbox 1279 1687 1338 1707; x_wconf 87' lang='lat' dir='ltr'><strong>eam</strong></span> <span class='ocrx_word' id='word_1_598' title='bbox 1354 1680 1506 1707; x_wconf 75' lang='lat' dir='ltr'><strong>ornandum</strong></span> <span class='ocrx_word' id='word_1_599' title='bbox 1520 1685 1548 1706; x_wconf 85' lang='lat' dir='ltr'><strong>et</strong></span> <span class='ocrx_word' id='word_1_600' title='bbox 1561 1679 1779 1707; x_wconf 84' lang='lat' dir='ltr'><strong>honestandum?</strong></span> 
     </span>
    </p>
   </div>
   <div class='ocr_carea' id='block_1_79' title="bbox 989 1724 1779 1760">
    <p class='ocr_par' dir='ltr' id='par_1_79' title="bbox 989 1724 1779 1760">
     <span class='ocr_line' id='line_1_79' title="bbox 989 1724 1779 1760; baseline 0.001 -9"><span class='ocrx_word' id='word_1_601' title='bbox 989 1724 1048 1751; x_wconf 79' lang='lat' dir='ltr'><strong>Jam</strong></span> <span class='ocrx_word' id='word_1_602' title='bbox 1063 1733 1129 1752; x_wconf 91' lang='lat' dir='ltr'><strong>vero</strong></span> <span class='ocrx_word' id='word_1_603' title='bbox 1145 1733 1270 1759; x_wconf 65' lang='lat' dir='ltr'><strong>quaenam</strong></span> <span class='ocrx_word' id='word_1_604' title='bbox 1287 1725 1400 1760; x_wconf 89' lang='lat' dir='ltr'><strong>perinde</strong></span> <span class='ocrx_word' id='word_1_605' title='bbox 1419 1725 1500 1760; x_wconf 77' lang='lat'><strong>225</strong></span> <span class='ocrx_word' id='word_1_606' title='bbox 1513 1726 1630 1760; x_wconf 84' lang='lat' dir='ltr'><strong>scipsam</strong></span> <span class='ocrx_word' id='word_1_607' title='bbox 1649 1724 1779 1759; x_wconf 87' lang='lat' dir='ltr'><strong>templum</strong></span> 
     </span>
    </p>
   </div>
   <div class='ocr_carea' id='block_1_80' title="bbox 990 1770 1779 1805">
    <p class='ocr_par' dir='ltr' id='par_1_80' title="bbox 990 1770 1779 1805">
     <span class='ocr_line' id='line_1_80' title="bbox 990 1770 1779 1805; baseline 0.003 -9"><span class='ocrx_word' id='word_1_608' title='bbox 990 1770 1079 1797; x_wconf 81' lang='lat' dir='ltr'><strong>\ivum</strong></span> <span class='ocrx_word' id='word_1_609' title='bbox 1098 1770 1153 1798; x_wconf 85' lang='lat' dir='ltr'><strong>Deo</strong></span> <span class='ocrx_word' id='word_1_610' title='bbox 1170 1771 1314 1799; x_wconf 79' lang='lat' dir='ltr'><strong>exhibuit?</strong></span> <span class='ocrx_word' id='word_1_611' title='bbox 1334 1771 1463 1804; x_wconf 75' lang='lat' dir='ltr'><strong>Qumnam</strong></span> <span class='ocrx_word' id='word_1_612' title='bbox 1488 1771 1546 1805; x_wconf 88' lang='lat' dir='ltr'><strong>pari</strong></span> <span class='ocrx_word' id='word_1_613' title='bbox 1565 1771 1668 1798; x_wconf 89' lang='lat' dir='ltr'><strong>honore</strong></span> <span class='ocrx_word' id='word_1_614' title='bbox 1686 1778 1779 1798; x_wconf 81' lang='lat' dir='ltr'><strong>sacer-</strong></span> 
     </span>
    </p>
   </div>
   <div class='ocr_carea' id='block_1_81' title="bbox 990 1815 1778 1851">
    <p class='ocr_par' dir='ltr' id='par_1_81' title="bbox 990 1815 1778 1851">
     <span class='ocr_line' id='line_1_81' title="bbox 990 1815 1778 1851; baseline 0.001 -9"><span class='ocrx_word' id='word_1_615' title='bbox 990 1815 1067 1843; x_wconf 85' lang='lat' dir='ltr'><strong>dotes</strong></span> <span class='ocrx_word' id='word_1_616' title='bbox 1082 1816 1222 1851; x_wconf 79' lang='lat' dir='ltr'><strong>complexa</strong></span> <span class='ocrx_word' id='word_1_617' title='bbox 1237 1822 1291 1848; x_wconf 86' lang='lat' dir='ltr'><strong>est,</strong></span> <span class='ocrx_word' id='word_1_618' title='bbox 1309 1823 1427 1850; x_wconf 79' lang='lat' dir='ltr'><strong>cinoque</strong></span> <span class='ocrx_word' id='word_1_619' title='bbox 1442 1816 1592 1850; x_wconf 74' lang='lat' dir='ltr'><strong>przeSertim</strong></span> <span class='ocrx_word' id='word_1_620' title='bbox 1603 1836 1611 1850; x_wconf 95' lang='lat'><strong>,</strong></span> <span class='ocrx_word' id='word_1_621' title='bbox 1627 1824 1707 1851; x_wconf 89' lang='lat' dir='ltr'><strong>quem</strong></span> <span class='ocrx_word' id='word_1_622' title='bbox 1721 1816 1778 1850; x_wconf 76' lang='lat' dir='ltr'><strong>pie—</strong></span> 
     </span>
    </p>
   </div>
   <div class='ocr_carea' id='block_1_82' title="bbox 963 1860 1778 1898">
    <p class='ocr_par' dir='ltr' id='par_1_82' title="bbox 963 1860 1778 1898">
     <span class='ocr_line' id='line_1_82' title="bbox 963 1860 1778 1898; baseline 0.005 -11"><span class='ocrx_word' id='word_1_623' title='bbox 963 1860 1091 1896; x_wconf 84' lang='lat' dir='ltr'><strong>inquam,</strong></span> <span class='ocrx_word' id='word_1_624' title='bbox 1127 1862 1204 1896; x_wconf 85' lang='lat' dir='ltr'><strong>cujus</strong></span> <span class='ocrx_word' id='word_1_625' title='bbox 1239 1862 1351 1898; x_wconf 84' lang='lat' dir='ltr'><strong>pulchra</strong></span> <span class='ocrx_word' id='word_1_626' title='bbox 1372 1863 1476 1891; x_wconf 77' lang='lat' dir='ltr'><strong>semina</strong></span> <span class='ocrx_word' id='word_1_627' title='bbox 1508 1868 1587 1894; x_wconf 84' lang='lat' dir='ltr'><strong>sunt,</strong></span> <span class='ocrx_word' id='word_1_628' title='bbox 1607 1867 1634 1889; x_wconf 89' lang='lat' dir='ltr'><strong>et</strong></span> <span class='ocrx_word' id='word_1_629' title='bbox 1651 1870 1700 1898; x_wconf 88' lang='lat' dir='ltr'><strong>par</strong></span> <span class='ocrx_word' id='word_1_630' title='bbox 1715 1862 1778 1891; x_wconf 85' lang='lat' dir='ltr'><strong>ﬁlio‘</strong></span> 
     </span>
    </p>
   </div>
   <div class='ocr_carea' id='block_1_83' title="bbox 1022 1953 1778 1989">
    <p class='ocr_par' dir='ltr' id='par_1_83' title="bbox 1022 1953 1778 1989">
     <span class='ocr_line' id='line_1_83' title="bbox 1022 1953 1778 1989; baseline 0.001 -9"><span class='ocrx_word' id='word_1_631' title='bbox 1022 1953 1080 1981; x_wconf 76' lang='lat' dir='ltr'><strong>XII.</strong></span> <span class='ocrx_word' id='word_1_632' title='bbox 1102 1953 1229 1986; x_wconf 78' lang='lat' dir='ltr'><strong>Quzenam</strong></span> <span class='ocrx_word' id='word_1_633' title='bbox 1246 1954 1354 1980; x_wconf 90' lang='lat' dir='ltr'><strong>domum</strong></span> <span class='ocrx_word' id='word_1_634' title='bbox 1370 1961 1445 1981; x_wconf 79' lang='lat' dir='ltr'><strong>suam</strong></span> <span class='ocrx_word' id='word_1_635' title='bbox 1458 1954 1509 1988; x_wconf 89' lang='lat' dir='ltr'><strong>piis</strong></span> <span class='ocrx_word' id='word_1_636' title='bbox 1521 1954 1678 1981; x_wconf 89' lang='lat' dir='ltr'><strong>hominibus</strong></span> <span class='ocrx_word' id='word_1_637' title='bbox 1691 1954 1778 1989; x_wconf 77' lang='lat' dir='ltr'><strong>magis</strong></span> 
     </span>
    </p>
   </div>
   <div class='ocr_carea' id='block_1_84' title="bbox 987 1999 1778 2036">
    <p class='ocr_par' dir='ltr' id='par_1_84' title="bbox 987 1999 1778 2036">
     <span class='ocr_line' id='line_1_84' title="bbox 987 1999 1778 2036; baseline -0.003 -8"><span class='ocrx_word' id='word_1_638' title='bbox 987 2001 1148 2036; x_wconf 86' lang='lat' dir='ltr'><strong>proposuit,</strong></span> <span class='ocrx_word' id='word_1_639' title='bbox 1174 2000 1332 2035; x_wconf 67' lang='lat' dir='ltr'><strong>pulchram,</strong></span> <span class='ocrx_word' id='word_1_640' title='bbox 1357 2001 1487 2035; x_wconf 90' lang='lat' dir='ltr'><strong>inquam,</strong></span> <span class='ocrx_word' id='word_1_641' title='bbox 1514 1999 1722 2035; x_wconf 83' lang='lat' dir='ltr'><strong>exceptionem,</strong></span> <span class='ocrx_word' id='word_1_642' title='bbox 1746 2007 1778 2026; x_wconf 87' lang='lat' dir='ltr'><strong>ac</strong></span> 
     </span>
    </p>
   </div>
   <div class='ocr_carea' id='block_1_85' title="bbox 987 2044 1777 2080">
    <p class='ocr_par' dir='ltr' id='par_1_85' title="bbox 987 2044 1777 2080">
     <span class='ocr_line' id='line_1_85' title="bbox 987 2044 1777 2080; baseline 0 -8"><span class='ocrx_word' id='word_1_643' title='bbox 987 2046 1096 2073; x_wconf 82' lang='lat' dir='ltr'><strong>divitias</strong></span> <span class='ocrx_word' id='word_1_644' title='bbox 1113 2046 1325 2073; x_wconf 87' lang='lat' dir='ltr'><strong>conciliantem?</strong></span> <span class='ocrx_word' id='word_1_645' title='bbox 1352 2045 1400 2075; x_wconf 85' lang='lat' dir='ltr'><strong>Et.</strong></span> <span class='ocrx_word' id='word_1_646' title='bbox 1426 2045 1498 2080; x_wconf 90' lang='lat' dir='ltr'><strong>quod</strong></span> <span class='ocrx_word' id='word_1_647' title='bbox 1520 2049 1561 2072; x_wconf 84' lang='lat' dir='ltr'><strong>est</strong></span> <span class='ocrx_word' id='word_1_648' title='bbox 1583 2044 1777 2079; x_wconf 67' lang='lat' dir='ltr'><strong>prwstantius,</strong></span> 
     </span>
    </p>
   </div>
   <div class='ocr_carea' id='block_1_86' title="bbox 986 2091 1777 2126">
    <p class='ocr_par' dir='ltr' id='par_1_86' title="bbox 986 2091 1777 2126">
     <span class='ocr_line' id='line_1_86' title="bbox 986 2091 1777 2126; baseline -0.001 -8"><span class='ocrx_word' id='word_1_649' title='bbox 986 2100 1110 2126; x_wconf 69' lang='lat' dir='ltr'><strong>«umnam</strong></span> <span class='ocrx_word' id='word_1_650' title='bbox 1127 2091 1247 2126; x_wconf 87' lang='lat' dir='ltr'><strong>pudore,</strong></span> <span class='ocrx_word' id='word_1_651' title='bbox 1270 2099 1302 2118; x_wconf 89' lang='lat' dir='ltr'><strong>ac</strong></span> <span class='ocrx_word' id='word_1_652' title='bbox 1324 2092 1379 2118; x_wconf 87' lang='lat' dir='ltr'><strong>Deo</strong></span> <span class='ocrx_word' id='word_1_653' title='bbox 1396 2092 1482 2125; x_wconf 71' lang='lat' dir='ltr'><strong>gratis</strong></span> <span class='ocrx_word' id='word_1_654' title='bbox 1506 2091 1659 2118; x_wconf 88' lang='lat' dir='ltr'><strong>incessibus</strong></span> <span class='ocrx_word' id='word_1_655' title='bbox 1681 2098 1777 2117; x_wconf 89' lang='lat' dir='ltr'><strong>occur-</strong></span> 
     </span>
    </p>
   </div>
   <div class='ocr_carea' id='block_1_87' title="bbox 987 2137 1777 2172">
    <p class='ocr_par' dir='ltr' id='par_1_87' title="bbox 987 2137 1777 2172">
     <span class='ocr_line' id='line_1_87' title="bbox 987 2137 1777 2172; baseline -0.003 -8"><span class='ocrx_word' id='word_1_656' title='bbox 987 2137 1082 2170; x_wconf 76' lang='lat' dir='ltr'><strong>rendo,</strong></span> <span class='ocrx_word' id='word_1_657' title='bbox 1099 2145 1145 2165; x_wconf 86' lang='lat' dir='ltr'><strong>eos</strong></span> <span class='ocrx_word' id='word_1_658' title='bbox 1160 2137 1196 2164; x_wconf 88' lang='lat' dir='ltr'><strong>ita</strong></span> <span class='ocrx_word' id='word_1_659' title='bbox 1214 2137 1389 2172; x_wconf 81' lang='lat' dir='ltr'><strong>excipiebat?</strong></span> <span class='ocrx_word' id='word_1_660' title='bbox 1403 2138 1532 2171; x_wconf 80' lang='lat' dir='ltr'><strong>Qmenam</strong></span> <span class='ocrx_word' id='word_1_661' title='bbox 1547 2140 1679 2171; x_wconf 60' lang='lat' dir='ltr'><strong>praeterea</strong></span> <span class='ocrx_word' id='word_1_662' title='bbox 1701 2141 1777 2163; x_wconf 81' lang='lat' dir='ltr'><strong>tran—</strong></span> 
     </span>
    </p>
   </div>
   <div class='ocr_carea' id='block_1_88' title="bbox 990 2181 1777 2218">
    <p class='ocr_par' dir='ltr' id='par_1_88' title="bbox 990 2181 1777 2218">
     <span class='ocr_line' id='line_1_88' title="bbox 990 2181 1777 2218; baseline -0.003 -8"><span class='ocrx_word' id='word_1_663' title='bbox 990 2183 1143 2217; x_wconf 91' lang='lat' dir='ltr'><strong>quilliorem</strong></span> <span class='ocrx_word' id='word_1_664' title='bbox 1158 2184 1184 2211; x_wconf 90' lang='lat' dir='ltr'><strong>in</strong></span> <span class='ocrx_word' id='word_1_665' title='bbox 1199 2184 1397 2211; x_wconf 87' lang='lat' dir='ltr'><strong>calamitatibus</strong></span> <span class='ocrx_word' id='word_1_666' title='bbox 1411 2188 1528 2211; x_wconf 85' lang='lat' dir='ltr'><strong>mentem</strong></span> <span class='ocrx_word' id='word_1_667' title='bbox 1546 2182 1680 2218; x_wconf 72' lang='lat' dir='ltr'><strong>praetulit?</strong></span> <span class='ocrx_word' id='word_1_668' title='bbox 1696 2181 1777 2215; x_wconf 58' lang='lat' dir='ltr'><strong>Quie—</strong></span> 
     </span>
    </p>
   </div>
   <div class='ocr_carea' id='block_1_89' title="bbox 991 2228 1777 2263">
    <p class='ocr_par' dir='ltr' id='par_1_89' title="bbox 991 2228 1777 2263">
     <span class='ocr_line' id='line_1_89' title="bbox 991 2228 1777 2263; baseline -0.001 -8"><span class='ocrx_word' id='word_1_669' title='bbox 991 2237 1053 2256; x_wconf 84' lang='lat' dir='ltr'><strong>nam</strong></span> <span class='ocrx_word' id='word_1_670' title='bbox 1079 2237 1174 2257; x_wconf 85' lang='lat' dir='ltr'><strong>rursus</strong></span> <span class='ocrx_word' id='word_1_671' title='bbox 1198 2229 1318 2256; x_wconf 87' lang='lat' dir='ltr'><strong>animum</strong></span> <span class='ocrx_word' id='word_1_672' title='bbox 1340 2230 1373 2256; x_wconf 86' lang='lat' dir='ltr'><strong>ad</strong></span> <span class='ocrx_word' id='word_1_673' title='bbox 1399 2237 1512 2262; x_wconf 88' lang='lat' dir='ltr'><strong>eorum,</strong></span> <span class='ocrx_word' id='word_1_674' title='bbox 1539 2229 1584 2263; x_wconf 87' lang='lat' dir='ltr'><strong>qui</strong></span> <span class='ocrx_word' id='word_1_675' title='bbox 1607 2228 1777 2263; x_wconf 87' lang='lat' dir='ltr'><strong>laborabant,</strong></span> 
     </span>
    </p>
   </div>
   <div class='ocr_carea' id='block_1_90' title="bbox 182 2320 935 2358">
    <p class='ocr_par' dir='ltr' id='par_1_90' title="bbox 182 2321 933 2358">
     <span class='ocr_line' id='line_1_90' title="bbox 182 2321 933 2358; baseline -0.004 -9"><span class='ocrx_word' id='word_1_676' title='bbox 182 2323 239 2358; x_wconf 83' lang='lat'><strong>(89)</strong></span> <span class='ocrx_word' id='word_1_677' title='bbox 255 2322 417 2355; x_wconf 81' lang='grc' dir='ltr'>Εὺσεϐείας</span> <span class='ocrx_word' id='word_1_678' title='bbox 433 2322 488 2349; x_wconf 82' lang='grc' dir='ltr'>οὐκ</span> <span class='ocrx_word' id='word_1_679' title='bbox 512 2323 617 2358; x_wconf 55' lang='grc' dir='ltr'><strong>ἔστη-.-</strong></span> <span class='ocrx_word' id='word_1_680' title='bbox 634 2321 714 2358; x_wconf 70' lang='lat' dir='ltr'><strong>Deest</strong></span> <span class='ocrx_word' id='word_1_681' title='bbox 738 2321 788 2347; x_wconf 69' lang='grc' dir='ltr'><strong>οὐκ</strong></span> <span class='ocrx_word' id='word_1_682' title='bbox 813 2321 933 2358; x_wconf 20' lang='grc' dir='ltr'><strong>ἰιιῃιίνος.</strong></span> 
     </span>
    </p>
   </div>
   <div class='ocr_carea' id='block_1_91' title="bbox 986 2320 1778 2358">
    <p class='ocr_par' dir='ltr' id='par_1_91' title="bbox 988 2320 1778 2358">
     <span class='ocr_line' id='line_1_91' title="bbox 988 2320 1778 2358; baseline 0.003 -12"><span class='ocrx_word' id='word_1_683' title='bbox 988 2321 1079 2358; x_wconf 77' lang='lat' dir='ltr'><strong>habita</strong></span> <span class='ocrx_word' id='word_1_684' title='bbox 1101 2325 1154 2352; x_wconf 74' lang='lat' dir='ltr'><strong>est,</strong></span> <span class='ocrx_word' id='word_1_685' title='bbox 1167 2328 1224 2358; x_wconf 84' lang='lat' dir='ltr'><strong>non</strong></span> <span class='ocrx_word' id='word_1_686' title='bbox 1242 2320 1530 2358; x_wconf 70' lang='lat' dir='ltr'><strong>certeNazianzenum</strong></span> <span class='ocrx_word' id='word_1_687' title='bbox 1550 2321 1678 2356; x_wconf 89' lang='lat' dir='ltr'><strong>templum</strong></span> <span class='ocrx_word' id='word_1_688' title='bbox 1691 2320 1778 2348; x_wconf 87' lang='lat' dir='ltr'><strong>intel-</strong></span> 
     </span>
    </p>
   </div>
   <div class='ocr_carea' id='block_1_92' title="bbox 148 2355 934 2390">
    <p class='ocr_par' dir='ltr' id='par_1_92' title="bbox 148 2355 934 2390">
     <span class='ocr_line' id='line_1_92' title="bbox 148 2355 934 2390; baseline -0.008 -4"><span class='ocrx_word' id='word_1_689' title='bbox 148 2355 194 2389; x_wconf 63' lang='lat' dir='ltr'><strong>hu,</strong></span> <span class='ocrx_word' id='word_1_690' title='bbox 214 2355 239 2384; x_wconf 88' lang='lat' dir='ltr'><strong>in</strong></span> <span class='ocrx_word' id='word_1_691' title='bbox 251 2359 354 2384; x_wconf 84' lang='lat' dir='ltr'><strong>duobus</strong></span> <span class='ocrx_word' id='word_1_692' title='bbox 365 2358 452 2390; x_wconf 90' lang='lat' dir='ltr'><strong>C0lb.,</strong></span> <span class='ocrx_word' id='word_1_693' title='bbox 463 2365 503 2384; x_wconf 83' lang='lat' dir='ltr'><strong>or.</strong></span> <span class='ocrx_word' id='word_1_694' title='bbox 521 2359 546 2388; x_wconf 82' lang='grc'><strong>1,</strong></span> <span class='ocrx_word' id='word_1_695' title='bbox 558 2362 585 2384; x_wconf 85' lang='lat' dir='ltr'><strong>et</strong></span> <span class='ocrx_word' id='word_1_696' title='bbox 603 2356 657 2383; x_wconf 82' lang='lat' dir='ltr'><strong>Jes.</strong></span> <span class='ocrx_word' id='word_1_697' title='bbox 671 2356 836 2383; x_wconf 82' lang='lat' dir='ltr'><strong>Scholiastes</strong></span> <span class='ocrx_word' id='word_1_698' title='bbox 846 2355 934 2386; x_wconf 75' lang='lat' dir='ltr'><strong>Colh.,</strong></span> 
     </span>
    </p>
   </div>
   <div class='ocr_carea' id='block_1_93' title="bbox 148 2392 934 2427">
    <p class='ocr_par' dir='ltr' id='par_1_93' title="bbox 148 2392 934 2427">
     <span class='ocr_line' id='line_1_93' title="bbox 148 2392 934 2427; baseline -0.004 -7"><span class='ocrx_word' id='word_1_699' title='bbox 148 2396 268 2421; x_wconf 86' lang='lat' dir='ltr'><strong>detracto</strong></span> <span class='ocrx_word' id='word_1_700' title='bbox 281 2393 343 2424; x_wconf 79' lang='grc' dir='ltr'>οὐκ,</span> <span class='ocrx_word' id='word_1_701' title='bbox 365 2399 454 2419; x_wconf 90' lang='lat' dir='ltr'><strong>monet</strong></span> <span class='ocrx_word' id='word_1_702' title='bbox 466 2395 506 2419; x_wconf 58' lang='lat' dir='ltr'><strong>s&#39;c</strong></span> <span class='ocrx_word' id='word_1_703' title='bbox 517 2392 709 2427; x_wconf 74' lang='lat' dir='ltr'><strong>interrogative</strong></span> <span class='ocrx_word' id='word_1_704' title='bbox 721 2392 934 2427; x_wconf 66' lang='lat' dir='ltr'><strong>legendumrssc</strong></span> 
     </span>
    </p>
   </div>
   <div class='ocr_carea' id='block_1_94' title="bbox 149 2426 932 2461">
    <p class='ocr_par' dir='ltr' id='par_1_94' title="bbox 149 2426 932 2461">
     <span class='ocr_line' id='line_1_94' title="bbox 149 2426 932 2461; baseline -0.004 -5"><span class='ocrx_word' id='word_1_705' title='bbox 149 2428 328 2459; x_wconf 88' lang='lat' dir='ltr'><strong>bunclocum,</strong></span> <span class='ocrx_word' id='word_1_706' title='bbox 345 2437 354 2453; x_wconf 96' lang='grc'><strong>1</strong></span> <span class='ocrx_word' id='word_1_707' title='bbox 375 2428 544 2461; x_wconf 85' lang='lat' dir='ltr'><strong>prudentiam</strong></span> <span class='ocrx_word' id='word_1_708' title='bbox 561 2426 650 2454; x_wconf 75' lang='lat' dir='ltr'><strong>autuin</strong></span> <span class='ocrx_word' id='word_1_709' title='bbox 664 2432 692 2453; x_wconf 85' lang='lat' dir='ltr'><strong>et.</strong></span> <span class='ocrx_word' id='word_1_710' title='bbox 713 2428 838 2461; x_wconf 80' lang='lat' dir='ltr'><strong>pietatem</strong></span> <span class='ocrx_word' id='word_1_711' title='bbox 853 2426 932 2457; x_wconf 82' lang='lat' dir='ltr'><strong>illius,</strong></span> 
     </span>
    </p>
   </div>
   <div class='ocr_carea' id='block_1_95' title="bbox 147 2461 845 2496">
    <p class='ocr_par' dir='ltr' id='par_1_95' title="bbox 147 2461 845 2496">
     <span class='ocr_line' id='line_1_95' title="bbox 147 2461 845 2496; baseline -0.006 -5"><span class='ocrx_word' id='word_1_712' title='bbox 147 2470 223 2491; x_wconf 79' lang='lat' dir='ltr'><strong>estne</strong></span> <span class='ocrx_word' id='word_1_713' title='bbox 238 2463 343 2496; x_wconf 84' lang='lat' dir='ltr'><strong>aliquis,</strong></span> <span class='ocrx_word' id='word_1_714' title='bbox 359 2463 404 2496; x_wconf 83' lang='lat' dir='ltr'><strong>qui</strong></span> <span class='ocrx_word' id='word_1_715' title='bbox 418 2463 508 2489; x_wconf 79' lang='lat' dir='ltr'><strong>verbis</strong></span> <span class='ocrx_word' id='word_1_716' title='bbox 522 2463 582 2490; x_wconf 87' lang='lat' dir='ltr'><strong>ullis</strong></span> <span class='ocrx_word' id='word_1_717' title='bbox 595 2462 701 2496; x_wconf 69' lang='lat' dir='ltr'><strong>nssoqui</strong></span> <span class='ocrx_word' id='word_1_718' title='bbox 720 2461 821 2495; x_wconf 81' lang='lat' dir='ltr'><strong>possit?</strong></span> <span class='ocrx_word' id='word_1_719' title='bbox 836 2471 845 2487; x_wconf 79' lang='grc'><strong>1</strong></span> 
     </span>
    </p>
   </div>
   <div class='ocr_carea' id='block_1_96' title="bbox 184 2496 809 2533">
    <p class='ocr_par' dir='ltr' id='par_1_96' title="bbox 184 2496 809 2533">
     <span class='ocr_line' id='line_1_96' title="bbox 184 2496 809 2533; baseline -0.006 -7"><span class='ocrx_word' id='word_1_720' title='bbox 184 2498 240 2533; x_wconf 86' lang='grc'>(90)</span> <span class='ocrx_word' id='word_1_721' title='bbox 251 2498 318 2525; x_wconf 74' lang='grc' dir='ltr'><strong>Οὐδ’</strong></span> <span class='ocrx_word' id='word_1_722' title='bbox 333 2498 451 2533; x_wconf 44' lang='grc' dir='ltr'>οἰηιὶνκ.</span> <span class='ocrx_word' id='word_1_723' title='bbox 468 2500 513 2526; x_wconf 87' lang='grc'><strong>1111.</strong></span> <span class='ocrx_word' id='word_1_724' title='bbox 530 2497 577 2524; x_wconf 88' lang='lat' dir='ltr'><strong>0r.</strong></span> <span class='ocrx_word' id='word_1_725' title='bbox 594 2499 619 2528; x_wconf 95' lang='grc'><strong>1¹</strong></span> <span class='ocrx_word' id='word_1_726' title='bbox 634 2496 688 2533; x_wconf 59' lang='lat' dir='ltr'><strong>.lest</strong></span> <span class='ocrx_word' id='word_1_727' title='bbox 703 2497 763 2523; x_wconf 74' lang='grc' dir='ltr'>οὐδὲ</span> <span class='ocrx_word' id='word_1_728' title='bbox 775 2497 809 2522; x_wconf 86' lang='grc' dir='ltr'><strong>οἱ.</strong></span> 
     </span>
    </p>
   </div>
   <div class='ocr_carea' id='block_1_97' title="bbox 180 2532 934 2569">
    <p class='ocr_par' dir='ltr' id='par_1_97' title="bbox 180 2532 934 2569">
     <span class='ocr_line' id='line_1_97' title="bbox 180 2532 934 2569; baseline -0.005 -8"><span class='ocrx_word' id='word_1_729' title='bbox 180 2535 238 2569; x_wconf 87' lang='grc'>(91)</span> <span class='ocrx_word' id='word_1_730' title='bbox 259 2533 317 2568; x_wconf 80' lang='grc' dir='ltr'><strong>Τῆς</strong></span> <span class='ocrx_word' id='word_1_731' title='bbox 332 2532 412 2568; x_wconf 81' lang='grc' dir='ltr'>μιᾶς.</span> <span class='ocrx_word' id='word_1_732' title='bbox 425 2534 489 2568; x_wconf 77' lang='lat' dir='ltr'><strong>lleg.</strong></span> <span class='ocrx_word' id='word_1_733' title='bbox 506 2533 552 2565; x_wconf 91' lang='lat' dir='ltr'><strong>hu,</strong></span> <span class='ocrx_word' id='word_1_734' title='bbox 569 2532 617 2568; x_wconf 83' lang='grc' dir='ltr'>τῆς</span> <span class='ocrx_word' id='word_1_735' title='bbox 629 2532 714 2567; x_wconf 79' lang='grc' dir='ltr'>αὐτῆς</span> <span class='ocrx_word' id='word_1_736' title='bbox 730 2532 804 2567; x_wconf 70' lang='grc' dir='ltr'>μιᾶς,</span> <span class='ocrx_word' id='word_1_737' title='bbox 817 2540 827 2557; x_wconf 79' lang='grc'><strong>1</strong></span> <span class='ocrx_word' id='word_1_738' title='bbox 839 2538 934 2558; x_wconf 80' lang='lat' dir='ltr'><strong>extum</strong></span> 
     </span>
    </p>
   </div>
   <div class='ocr_carea' id='block_1_98' title="bbox 147 2570 274 2597">
    <p class='ocr_par' dir='ltr' id='par_1_98' title="bbox 147 2570 274 2597">
     <span class='ocr_line' id='line_1_98' title="bbox 147 2570 274 2597; baseline -0.024 0"><span class='ocrx_word' id='word_1_739' title='bbox 147 2570 252 2597; x_wconf 83' lang='lat' dir='ltr'><strong>eadem.</strong></span> <span class='ocrx_word' id='word_1_740' title='bbox 265 2578 274 2594; x_wconf 85' lang='grc'><strong>1</strong></span> 
     </span>
    </p>
   </div>
   <div class='ocr_carea' id='block_1_99' title="bbox 183 2601 933 2639">
    <p class='ocr_par' dir='ltr' id='par_1_99' title="bbox 183 2601 933 2639">
     <span class='ocr_line' id='line_1_99' title="bbox 183 2601 933 2639; baseline -0.007 -7"><span class='ocrx_word' id='word_1_741' title='bbox 183 2603 437 2639; x_wconf 74' lang='grc' dir='ltr'><strong>(92)Ἐποιοῦντο.</strong></span> <span class='ocrx_word' id='word_1_742' title='bbox 454 2603 534 2631; x_wconf 85' lang='lat' dir='ltr'><strong>Deest</strong></span> <span class='ocrx_word' id='word_1_743' title='bbox 547 2603 572 2630; x_wconf 93' lang='lat' dir='ltr'><strong>in</strong></span> <span class='ocrx_word' id='word_1_744' title='bbox 589 2603 654 2637; x_wconf 69' lang='lat' dir='ltr'><strong>Reg.</strong></span> <span class='ocrx_word' id='word_1_745' title='bbox 667 2603 722 2634; x_wconf 91' lang='lat' dir='ltr'><strong>bm,</strong></span> <span class='ocrx_word' id='word_1_746' title='bbox 741 2601 789 2630; x_wconf 88' lang='lat' dir='ltr'><strong>0r.</strong></span> <span class='ocrx_word' id='word_1_747' title='bbox 809 2601 836 2634; x_wconf 87' lang='grc'><strong>1,</strong></span> <span class='ocrx_word' id='word_1_748' title='bbox 857 2601 933 2628; x_wconf 84' lang='lat' dir='ltr'><strong>aliis-</strong></span> 
     </span>
    </p>
   </div>
   <div class='ocr_carea' id='block_1_100' title="bbox 147 2639 502 2675">
    <p class='ocr_par' dir='ltr' id='par_1_100' title="bbox 147 2639 502 2675">
     <span class='ocr_line' id='line_1_100' title="bbox 147 2639 502 2675; baseline -0.006 -8"><span class='ocrx_word' id='word_1_749' title='bbox 147 2648 201 2675; x_wconf 84' lang='lat' dir='ltr'><strong>que</strong></span> <span class='ocrx_word' id='word_1_750' title='bbox 220 2640 340 2675; x_wconf 80' lang='lat' dir='ltr'><strong>pluribus</strong></span> <span class='ocrx_word' id='word_1_751' title='bbox 354 2639 502 2675; x_wconf 57' lang='lat' dir='ltr'><strong>codicibus.</strong></span> 
     </span>
    </p>
   </div>
   <div class='ocr_carea' id='block_1_101' title="bbox 183 2672 931 2710">
    <p class='ocr_par' dir='ltr' id='par_1_101' title="bbox 183 2672 931 2710">
     <span class='ocr_line' id='line_1_101' title="bbox 183 2672 931 2710; baseline -0.007 -7"><span class='ocrx_word' id='word_1_752' title='bbox 183 2672 240 2710; x_wconf 77' lang='lat'><strong>(95)</strong></span> <span class='ocrx_word' id='word_1_753' title='bbox 257 2674 288 2702; x_wconf 86' lang='lat' dir='ltr'><em>Tl</em></span> <span class='ocrx_word' id='word_1_754' title='bbox 297 2674 340 2701; x_wconf 85' lang='grc' dir='ltr'>δέ.</span> <span class='ocrx_word' id='word_1_755' title='bbox 354 2673 421 2709; x_wconf 77' lang='lat' dir='ltr'><strong>Reg.</strong></span> <span class='ocrx_word' id='word_1_756' title='bbox 435 2674 482 2706; x_wconf 90' lang='lat' dir='ltr'><strong>hu,</strong></span> <span class='ocrx_word' id='word_1_757' title='bbox 492 2679 518 2701; x_wconf 89' lang='lat' dir='ltr'><strong>et</strong></span> <span class='ocrx_word' id='word_1_758' title='bbox 528 2672 575 2700; x_wconf 94' lang='lat' dir='ltr'><strong>0r.</strong></span> <span class='ocrx_word' id='word_1_759' title='bbox 590 2673 617 2704; x_wconf 90' lang='grc'><strong>1,</strong></span> <span class='ocrx_word' id='word_1_760' title='bbox 628 2672 661 2698; x_wconf 88' lang='grc' dir='ltr'>Τί</span> <span class='ocrx_word' id='word_1_761' title='bbox 672 2672 724 2699; x_wconf 81' lang='grc' dir='ltr'>δαί.</span> <span class='ocrx_word' id='word_1_762' title='bbox 740 2673 801 2700; x_wconf 84' lang='lat' dir='ltr'><strong>Mox</strong></span> <span class='ocrx_word' id='word_1_763' title='bbox 810 2672 931 2698; x_wconf 74' lang='grc' dir='ltr'>ἐκείνων.</span> 
     </span>
    </p>
   </div>
   <div class='ocr_carea' id='block_1_102' title="bbox 146 2709 371 2744">
    <p class='ocr_par' dir='ltr' id='par_1_102' title="bbox 146 2709 371 2744">
     <span class='ocr_line' id='line_1_102' title="bbox 146 2709 371 2744; baseline -0.004 -6"><span class='ocrx_word' id='word_1_764' title='bbox 146 2710 229 2738; x_wconf 85' lang='lat' dir='ltr'><strong>Forte</strong></span> <span class='ocrx_word' id='word_1_765' title='bbox 250 2709 371 2744; x_wconf 81' lang='grc' dir='ltr'>ἐκείνης.</span> 
     </span>
    </p>
   </div>
   <div class='ocr_carea' id='block_1_103' title="bbox 183 2741 931 2780">
    <p class='ocr_par' dir='ltr' id='par_1_103' title="bbox 183 2741 931 2780">
     <span class='ocr_line' id='line_1_103' title="bbox 183 2741 931 2780; baseline -0.007 -7"><span class='ocrx_word' id='word_1_766' title='bbox 183 2745 240 2780; x_wconf 68' lang='grc'>(94)</span> <span class='ocrx_word' id='word_1_767' title='bbox 250 2741 447 2772; x_wconf 75' lang='grc' dir='ltr'>Οἰκειότιιτον.</span> <span class='ocrx_word' id='word_1_768' title='bbox 457 2743 542 2780; x_wconf 76' lang='lat' dir='ltr'><strong>R_egg.</strong></span> <span class='ocrx_word' id='word_1_769' title='bbox 555 2743 616 2780; x_wconf 90' lang='lat' dir='ltr'><strong>_bm,</strong></span> <span class='ocrx_word' id='word_1_770' title='bbox 628 2743 674 2775; x_wconf 91' lang='lat' dir='ltr'><strong>hu,</strong></span> <span class='ocrx_word' id='word_1_771' title='bbox 686 2741 769 2780; x_wconf 27' lang='grc'><strong>0111,</strong></span> <span class='ocrx_word' id='word_1_772' title='bbox 783 2742 931 2780; x_wconf 80' lang='grc' dir='ltr'>ἰδιώτατον.</span> 
     </span>
    </p>
   </div>
   <div class='ocr_carea' id='block_1_104' title="bbox 184 2778 933 2814">
    <p class='ocr_par' dir='ltr' id='par_1_104' title="bbox 184 2778 933 2814">
     <span class='ocr_line' id='line_1_104' title="bbox 184 2778 933 2814; baseline -0.005 -6"><span class='ocrx_word' id='word_1_773' title='bbox 184 2778 240 2814; x_wconf 81' lang='grc'>(95)</span> <span class='ocrx_word' id='word_1_774' title='bbox 255 2781 451 2812; x_wconf 82' lang='grc' dir='ltr'>Γυναικείοις.</span> <span class='ocrx_word' id='word_1_775' title='bbox 472 2778 517 2806; x_wconf 88' lang='lat' dir='ltr'><strong>Sic</strong></span> <span class='ocrx_word' id='word_1_776' title='bbox 536 2778 657 2814; x_wconf 83' lang='lat' dir='ltr'><strong>plerique</strong></span> <span class='ocrx_word' id='word_1_777' title='bbox 681 2779 804 2814; x_wconf 78' lang='lat' dir='ltr'><strong>codices,</strong></span> <span class='ocrx_word' id='word_1_778' title='bbox 824 2783 851 2805; x_wconf 86' lang='lat' dir='ltr'><strong>et</strong></span> <span class='ocrx_word' id='word_1_779' title='bbox 877 2779 933 2814; x_wconf 78' lang='lat' dir='ltr'><strong>ipse</strong></span> 
     </span>
    </p>
   </div>
   <div class='ocr_carea' id='block_1_105' title="bbox 147 2812 934 2846">
    <p class='ocr_par' dir='ltr' id='par_1_105' title="bbox 147 2812 934 2846">
     <span class='ocr_line' id='line_1_105' title="bbox 147 2812 934 2846; baseline -0.006 -2"><span class='ocrx_word' id='word_1_780' title='bbox 147 2812 250 2844; x_wconf 80' lang='lat' dir='ltr'><strong>Billius.</strong></span> <span class='ocrx_word' id='word_1_781' title='bbox 273 2816 345 2844; x_wconf 87' lang='lat' dir='ltr'><strong>Editi</strong></span> <span class='ocrx_word' id='word_1_782' title='bbox 373 2820 462 2842; x_wconf 79' lang='lat' dir='ltr'><strong>tamen</strong></span> <span class='ocrx_word' id='word_1_783' title='bbox 495 2814 596 2842; x_wconf 84' lang='lat' dir='ltr'><strong>habent</strong></span> <span class='ocrx_word' id='word_1_784' title='bbox 618 2812 741 2846; x_wconf 77' lang='grc' dir='ltr'>οἰκείοις,</span> <span class='ocrx_word' id='word_1_785' title='bbox 767 2823 776 2838; x_wconf 83' lang='grc'><strong>1</strong></span> <span class='ocrx_word' id='word_1_786' title='bbox 805 2813 934 2840; x_wconf 77' lang='lat' dir='ltr'><strong>domesti-</strong></span> 
     </span>
    </p>
   </div>
   <div class='ocr_carea' id='block_1_106' title="bbox 147 2859 222 2879">
    <p class='ocr_par' dir='ltr' id='par_1_106' title="bbox 147 2859 222 2879">
     <span class='ocr_line' id='line_1_106' title="bbox 147 2859 222 2879; baseline -0.04 0"><span class='ocrx_word' id='word_1_787' title='bbox 147 2859 197 2879; x_wconf 73' lang='lat' dir='ltr'><strong>CIS.</strong></span> <span class='ocrx_word' id='word_1_788' title='bbox 213 2861 222 2876; x_wconf 74' lang='grc'><strong>1</strong></span> 
     </span>
    </p>
   </div>
   <div class='ocr_carea' id='block_1_107' title="bbox 183 2882 932 2915">
    <p class='ocr_par' dir='ltr' id='par_1_107' title="bbox 183 2882 932 2915">
     <span class='ocr_line' id='line_1_107' title="bbox 183 2882 932 2915; baseline -0.005 -1"><span class='ocrx_word' id='word_1_789' title='bbox 183 2886 239 2915; x_wconf 82' lang='grc'>196)</span> <span class='ocrx_word' id='word_1_790' title='bbox 254 2886 308 2914; x_wconf 77' lang='grc' dir='ltr'><strong>Καὶ</strong></span> <span class='ocrx_word' id='word_1_791' title='bbox 324 2886 387 2914; x_wconf 77' lang='grc' dir='ltr'><strong>τόν.</strong></span> <span class='ocrx_word' id='word_1_792' title='bbox 406 2895 414 2911; x_wconf 85' lang='grc'><strong>1</strong></span> <span class='ocrx_word' id='word_1_793' title='bbox 434 2884 467 2913; x_wconf 73' lang='lat' dir='ltr'><strong>Et</strong></span> <span class='ocrx_word' id='word_1_794' title='bbox 479 2884 561 2912; x_wconf 84' lang='lat' dir='ltr'><strong>istud.</strong></span> <span class='ocrx_word' id='word_1_795' title='bbox 575 2893 583 2910; x_wconf 84' lang='grc'><strong>1</strong></span> <span class='ocrx_word' id='word_1_796' title='bbox 604 2882 633 2912; x_wconf 86' lang='lat' dir='ltr'><strong>Si</strong></span> <span class='ocrx_word' id='word_1_797' title='bbox 650 2883 707 2912; x_wconf 81' lang='lat' dir='ltr'><strong>bace</strong></span> <span class='ocrx_word' id='word_1_798' title='bbox 721 2883 807 2911; x_wconf 80' lang='lat' dir='ltr'><strong>oratio</strong></span> <span class='ocrx_word' id='word_1_799' title='bbox 824 2882 932 2911; x_wconf 79' lang='lat' dir='ltr'><strong>Arianzi</strong></span> 
     </span>
    </p>
   </div>
   <div class='ocr_carea' id='block_1_108' title="bbox 989 2356 1432 2390">
    <p class='ocr_par' dir='ltr' id='par_1_108' title="bbox 989 2356 1432 2390">
     <span class='ocr_line' id='line_1_108' title="bbox 989 2356 1432 2390; baseline 0 -8"><span class='ocrx_word' id='word_1_800' title='bbox 989 2356 1046 2390; x_wconf 76' lang='lat' dir='ltr'><strong>ligit</strong></span> <span class='ocrx_word' id='word_1_801' title='bbox 1059 2357 1218 2388; x_wconf 51' lang='lat' dir='ltr'><strong>Gregorius,</strong></span> <span class='ocrx_word' id='word_1_802' title='bbox 1236 2362 1265 2383; x_wconf 90' lang='lat' dir='ltr'><strong>ut</strong></span> <span class='ocrx_word' id='word_1_803' title='bbox 1282 2357 1337 2383; x_wconf 84' lang='lat' dir='ltr'><strong>vult</strong></span> <span class='ocrx_word' id='word_1_804' title='bbox 1353 2356 1432 2383; x_wconf 72' lang='lat' dir='ltr'><strong>Elius.</strong></span> 
     </span>
    </p>
   </div>
   <div class='ocr_carea' id='block_1_109' title="bbox 1025 2389 1660 2425">
    <p class='ocr_par' dir='ltr' id='par_1_109' title="bbox 1025 2389 1660 2425">
     <span class='ocr_line' id='line_1_109' title="bbox 1025 2389 1660 2425; baseline 0 -8"><span class='ocrx_word' id='word_1_805' title='bbox 1025 2390 1080 2425; x_wconf 88' lang='grc'>(97)</span> <span class='ocrx_word' id='word_1_806' title='bbox 1094 2391 1163 2418; x_wconf 81' lang='grc' dir='ltr'><strong>Οἷδ’.</strong></span> <span class='ocrx_word' id='word_1_807' title='bbox 1180 2391 1262 2425; x_wconf 68' lang='lat' dir='ltr'><strong>ltegg.</strong></span> <span class='ocrx_word' id='word_1_808' title='bbox 1280 2391 1334 2423; x_wconf 89' lang='lat' dir='ltr'><strong>bm,</strong></span> <span class='ocrx_word' id='word_1_809' title='bbox 1355 2395 1400 2422; x_wconf 82' lang='lat' dir='ltr'><strong>hu,</strong></span> <span class='ocrx_word' id='word_1_810' title='bbox 1411 2392 1457 2418; x_wconf 84' lang='lat' dir='ltr'><strong>0r.</strong></span> <span class='ocrx_word' id='word_1_811' title='bbox 1474 2392 1500 2421; x_wconf 82' lang='grc'><strong>1.</strong></span> <span class='ocrx_word' id='word_1_812' title='bbox 1521 2390 1577 2418; x_wconf 74' lang='lat' dir='ltr'><strong>Jes.</strong></span> <span class='ocrx_word' id='word_1_813' title='bbox 1591 2389 1660 2418; x_wconf 81' lang='grc' dir='ltr'>οἶδα.</span> 
     </span>
    </p>
   </div>
   <div class='ocr_carea' id='block_1_110' title="bbox 1006 2425 1778 2487">
    <p class='ocr_par' dir='ltr' id='par_1_110' title="bbox 1006 2425 1778 2487">
     <span class='ocr_line' id='line_1_110' title="bbox 1006 2425 1778 2487; baseline 0.003 -35"><span class='ocrx_word' id='word_1_814' title='bbox 1006 2425 1232 2487; x_wconf 41' lang='grc' dir='ltr'><strong>,ἐῧῆξςιῖαυτόνκ</strong></span> <span class='ocrx_word' id='word_1_815' title='bbox 1249 2426 1404 2460; x_wconf 82' lang='lat' dir='ltr'><strong>chendum</strong></span> <span class='ocrx_word' id='word_1_816' title='bbox 1421 2427 1535 2459; x_wconf 89' lang='lat' dir='ltr'><strong>videtur,</strong></span> <span class='ocrx_word' id='word_1_817' title='bbox 1549 2427 1658 2463; x_wconf 73' lang='grc' dir='ltr'>ἑαυτήν.</span> <span class='ocrx_word' id='word_1_818' title='bbox 1680 2425 1726 2455; x_wconf 90' lang='lat' dir='ltr'><strong>Sic</strong></span> <span class='ocrx_word' id='word_1_819' title='bbox 1739 2426 1778 2454; x_wconf 83' lang='lat' dir='ltr'><strong>lc-</strong></span> 
     </span>
     <span class='ocr_line' id='line_1_111' title="bbox 1007 2470 1137 2487; baseline 0 0"><span class='ocrx_word' id='word_1_820' title='bbox 1007 2470 1011 2487; x_wconf 96' lang='lat' dir='ltr'>I</span> <span class='ocrx_word' id='word_1_821' title='bbox 1058 2470 1062 2486; x_wconf 97' lang='grc' dir='ltr'><strong>Ι</strong></span> <span class='ocrx_word' id='word_1_822' title='bbox 1087 2470 1137 2487; x_wconf 80' lang='lat' dir='ltr'>IIIS.</span> 
     </span>
    </p>
   </div>
   <div class='ocr_carea' id='block_1_111' title="bbox 1007 2462 1137 2488">
    <p class='ocr_par' dir='ltr' id='par_1_111' title="bbox 1007 2462 1137 2488">
     <span class='ocr_line' id='line_1_112' title="bbox 1007 2462 1137 2488; baseline 0.008 -1"><span class='ocrx_word' id='word_1_823' title='bbox 1007 2462 1023 2487; x_wconf 91' lang='lat' dir='ltr'><strong>il</strong></span> <span class='ocrx_word' id='word_1_824' title='bbox 1035 2462 1137 2488; x_wconf 65' lang='lat' dir='ltr'><strong>“illius.</strong></span> 
     </span>
    </p>
   </div>
   <div class='ocr_carea' id='block_1_112' title="bbox 987 2469 1776 2531">
    <p class='ocr_par' dir='ltr' id='par_1_112' title="bbox 987 2469 1776 2531">
     <span class='ocr_line' id='line_1_113' title="bbox 987 2469 1776 2531; baseline -0.003 -7"><span class='ocrx_word' id='word_1_825' title='bbox 987 2469 1152 2531; x_wconf 53' lang='lat' dir='ltr'><strong>gu(gl&#39;)l)mllx§zit</strong></span> <span class='ocrx_word' id='word_1_826' title='bbox 1170 2496 1234 2528; x_wconf 81' lang='grc' dir='ltr'>τόν,</span> <span class='ocrx_word' id='word_1_827' title='bbox 1259 2501 1312 2525; x_wconf 86' lang='lat' dir='ltr'><strong>etc.</strong></span> <span class='ocrx_word' id='word_1_828' title='bbox 1333 2496 1359 2524; x_wconf 84' lang='lat' dir='ltr'><strong>Is</strong></span> <span class='ocrx_word' id='word_1_829' title='bbox 1373 2497 1523 2530; x_wconf 89' lang='lat' dir='ltr'><strong>spiritualis</strong></span> <span class='ocrx_word' id='word_1_830' title='bbox 1536 2497 1617 2525; x_wconf 72' lang='lat' dir='ltr'><strong>Pater</strong></span> <span class='ocrx_word' id='word_1_831' title='bbox 1631 2506 1663 2524; x_wconf 86' lang='lat' dir='ltr'><strong>ac</strong></span> <span class='ocrx_word' id='word_1_832' title='bbox 1687 2498 1776 2531; x_wconf 73' lang='lat' dir='ltr'><strong>magi-</strong></span> 
     </span>
    </p>
   </div>
   <div class='ocr_carea' id='block_1_113' title="bbox 988 2532 1775 2568">
    <p class='ocr_par' dir='ltr' id='par_1_113' title="bbox 988 2532 1775 2568">
     <span class='ocr_line' id='line_1_114' title="bbox 988 2532 1775 2568; baseline 0.003 -10"><span class='ocrx_word' id='word_1_833' title='bbox 988 2532 1108 2568; x_wconf 4' lang='lat' dir='ltr'><strong>ster-pluit</strong></span> <span class='ocrx_word' id='word_1_834' title='bbox 1123 2532 1277 2561; x_wconf 79' lang='lat' dir='ltr'><strong>Faustinus.</strong></span> <span class='ocrx_word' id='word_1_835' title='bbox 1291 2537 1353 2559; x_wconf 88' lang='lat' dir='ltr'><strong>tunc</strong></span> <span class='ocrx_word' id='word_1_836' title='bbox 1367 2532 1447 2560; x_wconf 86' lang='lat' dir='ltr'><strong>lconii</strong></span> <span class='ocrx_word' id='word_1_837' title='bbox 1470 2534 1624 2568; x_wconf 85' lang='lat' dir='ltr'><strong>episcopus.</strong></span> <span class='ocrx_word' id='word_1_838' title='bbox 1639 2532 1705 2560; x_wconf 83' lang='lat' dir='ltr'><strong>Vide</strong></span> <span class='ocrx_word' id='word_1_839' title='bbox 1718 2532 1775 2560; x_wconf 83' lang='grc' dir='ltr'><strong>Μυ-</strong></span> 
     </span>
    </p>
   </div>
   <div class='ocr_carea' id='block_1_114' title="bbox 990 2567 1358 2599">
    <p class='ocr_par' dir='ltr' id='par_1_114' title="bbox 990 2567 1358 2599">
     <span class='ocr_line' id='line_1_115' title="bbox 990 2567 1358 2599; baseline 0.003 -6"><span class='ocrx_word' id='word_1_840' title='bbox 990 2567 1038 2594; x_wconf 91' lang='lat' dir='ltr'><strong>nit.</strong></span> <span class='ocrx_word' id='word_1_841' title='bbox 1052 2567 1077 2593; x_wconf 94' lang='lat' dir='ltr'><strong>in</strong></span> <span class='ocrx_word' id='word_1_842' title='bbox 1094 2567 1163 2594; x_wconf 83' lang='lat' dir='ltr'><strong>hanc</strong></span> <span class='ocrx_word' id='word_1_843' title='bbox 1176 2572 1257 2599; x_wconf 89' lang='lat' dir='ltr'><strong>orat.,</strong></span> <span class='ocrx_word' id='word_1_844' title='bbox 1273 2575 1300 2594; x_wconf 89' lang='lat' dir='ltr'><strong>n.</strong></span> <span class='ocrx_word' id='word_1_845' title='bbox 1317 2575 1358 2594; x_wconf 90' lang='grc'><strong>111.</strong></span> 
     </span>
    </p>
   </div>
   <div class='ocr_carea' id='block_1_115' title="bbox 1024 2601 1778 2638">
    <p class='ocr_par' dir='ltr' id='par_1_115' title="bbox 1024 2601 1778 2638">
     <span class='ocr_line' id='line_1_116' title="bbox 1024 2601 1778 2638; baseline 0 -10"><span class='ocrx_word' id='word_1_846' title='bbox 1024 2601 1061 2638; x_wconf 88' lang='grc'>(1)</span> <span class='ocrx_word' id='word_1_847' title='bbox 1076 2601 1213 2636; x_wconf 71' lang='grc' dir='ltr'>Συξυγία.</span> <span class='ocrx_word' id='word_1_848' title='bbox 1230 2611 1239 2627; x_wconf 89' lang='grc'><strong>1</strong></span> <span class='ocrx_word' id='word_1_849' title='bbox 1262 2601 1314 2628; x_wconf 81' lang='lat' dir='ltr'><strong>Par</strong></span> <span class='ocrx_word' id='word_1_850' title='bbox 1332 2610 1439 2629; x_wconf 80' lang='lat' dir='ltr'><strong>sacrum</strong></span> <span class='ocrx_word' id='word_1_851' title='bbox 1454 2602 1580 2635; x_wconf 84' lang='lat' dir='ltr'><strong>ﬁliorum,</strong></span> <span class='ocrx_word' id='word_1_852' title='bbox 1595 2603 1650 2638; x_wconf 42' lang='lat' dir='ltr'><strong>{id</strong></span> <span class='ocrx_word' id='word_1_853' title='bbox 1662 2602 1778 2638; x_wconf 60' lang='lat' dir='ltr'><strong>est,_ginn</strong></span> 
     </span>
    </p>
   </div>
   <div class='ocr_carea' id='block_1_116' title="bbox 986 2636 1778 2699">
    <p class='ocr_par' dir='ltr' id='par_1_116' title="bbox 986 2636 1778 2699">
     <span class='ocr_line' id='line_1_117' title="bbox 986 2636 1778 2699; baseline 0.001 -36"><span class='ocrx_word' id='word_1_854' title='bbox 986 2636 1132 2699; x_wconf 44' lang='grc' dir='ltr'><strong>ᾗσι-130111³1</strong></span> <span class='ocrx_word' id='word_1_855' title='bbox 1145 2638 1205 2669; x_wconf 76' lang='lat' dir='ltr'><strong>lilii,</strong></span> <span class='ocrx_word' id='word_1_856' title='bbox 1221 2637 1266 2671; x_wconf 87' lang='lat' dir='ltr'><strong>qui</strong></span> <span class='ocrx_word' id='word_1_857' title='bbox 1276 2638 1394 2672; x_wconf 91' lang='lat' dir='ltr'><strong>episcopi</strong></span> <span class='ocrx_word' id='word_1_858' title='bbox 1410 2638 1495 2669; x_wconf 80' lang='lat' dir='ltr'><strong>luere,</strong></span> <span class='ocrx_word' id='word_1_859' title='bbox 1510 2637 1587 2671; x_wconf 83' lang='lat' dir='ltr'><strong>juxta</strong></span> <span class='ocrx_word' id='word_1_860' title='bbox 1601 2637 1698 2664; x_wconf 85' lang='lat' dir='ltr'><strong>Eliam.</strong></span> <span class='ocrx_word' id='word_1_861' title='bbox 1711 2636 1778 2664; x_wconf 84' lang='lat' dir='ltr'><strong>Vide</strong></span> 
     </span>
     <span class='ocr_line' id='line_1_118' title="bbox 1014 2679 1144 2699; baseline 0 0"><span class='ocrx_word' id='word_1_862' title='bbox 1014 2680 1058 2699; x_wconf 87' lang='grc'><strong>011.</strong></span> <span class='ocrx_word' id='word_1_863' title='bbox 1072 2680 1098 2698; x_wconf 83' lang='grc'><strong>11.</strong></span> <span class='ocrx_word' id='word_1_864' title='bbox 1113 2679 1144 2699; x_wconf 87' lang='grc'><strong>11.</strong></span> 
     </span>
    </p>
   </div>
   <div class='ocr_carea' id='block_1_117' title="bbox 1014 2679 1144 2699">
    <p class='ocr_par' dir='ltr' id='par_1_117' title="bbox 1014 2679 1144 2699">
     <span class='ocr_line' id='line_1_119' title="bbox 1014 2679 1144 2699; baseline 0 0"><span class='ocrx_word' id='word_1_865' title='bbox 1014 2680 1098 2699; x_wconf 82' lang='grc'><strong>011.11.</strong></span> <span class='ocrx_word' id='word_1_866' title='bbox 1113 2679 1144 2699; x_wconf 87' lang='grc'><strong>11.</strong></span> 
     </span>
    </p>
   </div>
   <div class='ocr_carea' id='block_1_118' title="bbox 1023 2705 1776 2743">
    <p class='ocr_par' dir='ltr' id='par_1_118' title="bbox 1023 2705 1776 2743">
     <span class='ocr_line' id='line_1_120' title="bbox 1023 2705 1776 2743; baseline 0.003 -9"><span class='ocrx_word' id='word_1_867' title='bbox 1023 2707 1061 2743; x_wconf 75' lang='grc'>(2)</span> <span class='ocrx_word' id='word_1_868' title='bbox 1077 2707 1141 2739; x_wconf 82' lang='grc' dir='ltr'>Τοῖς</span> <span class='ocrx_word' id='word_1_869' title='bbox 1154 2706 1224 2738; x_wconf 77' lang='grc' dir='ltr'><em>ζῶσι</em></span> <span class='ocrx_word' id='word_1_870' title='bbox 1241 2705 1413 2743; x_wconf 20' lang='grc' dir='ltr'><strong>κατάῗθεόιξ.</strong></span> <span class='ocrx_word' id='word_1_871' title='bbox 1429 2707 1474 2734; x_wconf 88' lang='lat' dir='ltr'><strong>Sic</strong></span> <span class='ocrx_word' id='word_1_872' title='bbox 1489 2707 1556 2742; x_wconf 71' lang='lat' dir='ltr'><strong>Reg.</strong></span> <span class='ocrx_word' id='word_1_873' title='bbox 1571 2707 1620 2742; x_wconf 82' lang='lat' dir='ltr'><strong>litt,</strong></span> <span class='ocrx_word' id='word_1_874' title='bbox 1635 2707 1682 2736; x_wconf 90' lang='lat' dir='ltr'><strong>0r.</strong></span> <span class='ocrx_word' id='word_1_875' title='bbox 1705 2708 1730 2739; x_wconf 83' lang='grc'><strong>1,</strong></span> <span class='ocrx_word' id='word_1_876' title='bbox 1749 2711 1776 2736; x_wconf 80' lang='lat' dir='ltr'><strong>et</strong></span> 
     </span>
    </p>
   </div>
   <div class='ocr_carea' id='block_1_119' title="bbox 986 2741 1476 2774">
    <p class='ocr_par' dir='ltr' id='par_1_119' title="bbox 986 2741 1476 2774">
     <span class='ocr_line' id='line_1_121' title="bbox 986 2741 1476 2774; baseline 0 -5"><span class='ocrx_word' id='word_1_877' title='bbox 986 2741 1137 2774; x_wconf 85' lang='lat' dir='ltr'><strong>Jes.Editi,</strong></span> <span class='ocrx_word' id='word_1_878' title='bbox 1156 2744 1213 2774; x_wconf 83' lang='grc' dir='ltr'>τοῖς</span> <span class='ocrx_word' id='word_1_879' title='bbox 1229 2742 1300 2769; x_wconf 80' lang='grc' dir='ltr'>κατὰ</span> <span class='ocrx_word' id='word_1_880' title='bbox 1315 2741 1382 2769; x_wconf 79' lang='grc' dir='ltr'>Θεὸν</span> <span class='ocrx_word' id='word_1_881' title='bbox 1397 2741 1476 2774; x_wconf 76' lang='grc' dir='ltr'>ζῶσι.</span> 
     </span>
    </p>
   </div>
   <div class='ocr_carea' id='block_1_120' title="bbox 1035 2777 1776 2813">
    <p class='ocr_par' dir='ltr' id='par_1_120' title="bbox 1035 2777 1776 2813">
     <span class='ocr_line' id='line_1_122' title="bbox 1035 2777 1776 2813; baseline 0.003 -9"><span class='ocrx_word' id='word_1_882' title='bbox 1035 2777 1061 2813; x_wconf 73' lang='grc' dir='ltr'><strong>ἔν)</strong></span> <span class='ocrx_word' id='word_1_883' title='bbox 1078 2778 1312 2808; x_wconf 77' lang='grc' dir='ltr'>Πλουτιζουσαν.</span> <span class='ocrx_word' id='word_1_884' title='bbox 1337 2777 1487 2813; x_wconf 76' lang='lat' dir='ltr'><strong>Gregorius</strong></span> <span class='ocrx_word' id='word_1_885' title='bbox 1505 2777 1549 2805; x_wconf 87' lang='lat' dir='ltr'><strong>hic</strong></span> <span class='ocrx_word' id='word_1_886' title='bbox 1572 2777 1637 2805; x_wconf 92' lang='lat' dir='ltr'><strong>mihi</strong></span> <span class='ocrx_word' id='word_1_887' title='bbox 1658 2778 1776 2811; x_wconf 69' lang='lat' dir='ltr'><strong>videtur.</strong></span> 
     </span>
    </p>
   </div>
   <div class='ocr_carea' id='block_1_121' title="bbox 987 2810 1776 2848">
    <p class='ocr_par' dir='ltr' id='par_1_121' title="bbox 987 2810 1776 2848">
     <span class='ocr_line' id='line_1_123' title="bbox 987 2810 1776 2848; baseline 0.003 -8"><span class='ocrx_word' id='word_1_888' title='bbox 987 2810 1040 2840; x_wconf 83' lang='lat' dir='ltr'><strong>non</strong></span> <span class='ocrx_word' id='word_1_889' title='bbox 1053 2810 1066 2839; x_wconf 80' lang='grc'><strong>’1</strong></span> <span class='ocrx_word' id='word_1_890' title='bbox 1091 2814 1231 2844; x_wconf 82' lang='lat' dir='ltr'><strong>tlitnnlent,</strong></span> <span class='ocrx_word' id='word_1_891' title='bbox 1247 2822 1256 2839; x_wconf 82' lang='lat'><strong>)</strong></span> <span class='ocrx_word' id='word_1_892' title='bbox 1272 2813 1319 2839; x_wconf 89' lang='lat' dir='ltr'><strong>sed</strong></span> <span class='ocrx_word' id='word_1_893' title='bbox 1337 2821 1346 2838; x_wconf 92' lang='grc'><strong>1</strong></span> <span class='ocrx_word' id='word_1_894' title='bbox 1371 2810 1488 2848; x_wconf 58' lang='lat' dir='ltr'><strong>largam:</strong></span> <span class='ocrx_word' id='word_1_895' title='bbox 1505 2813 1654 2847; x_wconf 85' lang='lat' dir='ltr'><strong>liberalem,</strong></span> <span class='ocrx_word' id='word_1_896' title='bbox 1667 2815 1776 2842; x_wconf 73' lang='lat' dir='ltr'><strong>muniti-</strong></span> 
     </span>
    </p>
   </div>
   <div class='ocr_carea' id='block_1_122' title="bbox 986 2848 1764 2883">
    <p class='ocr_par' dir='ltr' id='par_1_122' title="bbox 986 2848 1764 2883">
     <span class='ocr_line' id='line_1_124' title="bbox 986 2848 1764 2883; baseline -0.001 -7"><span class='ocrx_word' id='word_1_897' title='bbox 986 2857 1045 2876; x_wconf 76' lang='lat' dir='ltr'><strong>can-</strong></span> <span class='ocrx_word' id='word_1_898' title='bbox 1059 2849 1244 2882; x_wconf 80' lang='lat' dir='ltr'><strong>exceptionem</strong></span> <span class='ocrx_word' id='word_1_899' title='bbox 1263 2858 1272 2874; x_wconf 83' lang='grc'><strong>1</strong></span> <span class='ocrx_word' id='word_1_900' title='bbox 1294 2848 1456 2883; x_wconf 79' lang='lat' dir='ltr'><strong>signiﬁcare.</strong></span> <span class='ocrx_word' id='word_1_901' title='bbox 1759 2855 1764 2860; x_wconf 82' lang='lat'><strong><em>&#39;</em></strong></span> 
     </span>
    </p>
   </div>
   <div class='ocr_carea' id='block_1_123' title="bbox 1024 2883 1507 2918">
    <p class='ocr_par' dir='ltr' id='par_1_123' title="bbox 1024 2883 1507 2918">
     <span class='ocr_line' id='line_1_125' title="bbox 1024 2883 1507 2918; baseline 0 -7"><span class='ocrx_word' id='word_1_902' title='bbox 1024 2883 1062 2918; x_wconf 73' lang='grc'>(1)</span> <span class='ocrx_word' id='word_1_903' title='bbox 1074 2883 1195 2911; x_wconf 72' lang='lat' dir='ltr'><strong>Hdt/sm.</strong></span> <span class='ocrx_word' id='word_1_904' title='bbox 1213 2883 1294 2912; x_wconf 69' lang='lat' dir='ltr'><strong>Coial.</strong></span> <span class='ocrx_word' id='word_1_905' title='bbox 1311 2884 1336 2917; x_wconf 82' lang='grc'><strong>1,</strong></span> <span class='ocrx_word' id='word_1_906' title='bbox 1355 2883 1507 2917; x_wconf 71' lang='grc' dir='ltr'>παθήμασι.</span> 
     </span>
    </p>
   </div>
  </div>
