2069 3131
306 125 359 152 805

919 125 954 154 S.
973 125 1138 154 GREGORII
1157 125 1333 154 τιεοιοςι

1879 125 1932 155 8οὖ

304 182 391 210 vicem
405 181 550 209 dolendam
564 181 785 214 propensiorem!
803 181 933 214 Quanam
951 181 1083 209 liberalio-

1137 191 1212 215 νοις;
1236 183 1280 214 Ὠς
1303 183 1390 217 ἔγωγε
1420 183 1467 209 καὶ
1483 182 1517 209 τὰ
1531 183 1578 210 τοῦ
1602 182 1662 209 Ἰὼϐ
1678 183 1711 210 ἃν
1738 184 1782 210 ἐπ’
1796 184 1932 220 αὐτὴνβ)

304 237 364 257 rem
391 228 533 263 egentibus
559 234 670 253 matrum
703 228 844 262 porrexit?
870 229 1002 263 Equidem
1030 228 1089 256 Jobi

304 279 412 309 quoque
431 273 514 300 verba
535 272 567 299 de
583 280 614 299 ea
627 272 733 306 jactare
752 281 805 300 non
822 273 965 300 dubitem:
986 273 1090 301 Ostium

303 321 360 355 ejus
374 320 467 346 viatori
481 319 551 345 omni
565 322 681 352 patebat,
698 327 744 346 nec
762 319 828 353 {oris
839 321 960 346 manebat
975 321 1090 354 peregri-

303 365 392 392 nus".
408 364 544 392 Grecorum
559 364 650 391 oculus
666 370 737 396 erat,
753 365 908 391 dandorum
927 373 988 398 per,
1003 366 1090 399 pupil-

301 413 387 438 lorum
405 419 489 437 maler
497 411 531 438 ¹⁰.
548 411 585 438 De
601 411 686 446 ipsius
702 418 785 446 porro
803 419 868 446 erga
885 411 979 438 viduas
992 412 1089 438 htttna-

302 458 386 484 nitate
402 465 434 484 ac
450 457 635 484 misericordia
658 458 722 492 quid
747 457 835 491 majus
855 457 948 484 dicere
975 465 1089 485 necesse

300 508 354 536 est,
370 511 452 539 quam
470 504 541 539 quod
559 503 624 530 hinc
641 503 759 530 fructum
777 503 847 529 hunc
866 503 942 535 tulit,
959 508 988 530 ιιι
1007 503 1088 531 vidua

300 549 412 577 minime
426 554 520 577 vocata
537 549 593 577 sit?
608 548 683 576 illius
703 549 800 576 domus
824 549 982 584 propinquis
999 549 1087 582 inopia

300 595 490 623 laborantibus
516 596 626 631 hospitii
653 595 808 623 communis
834 595 893 622 loco
920 601 989 623 erat.
1016 595 1088 623 Illius

299 647 365 676 opes
391 642 556 676 pauperibus
584 641 713 668 omnibus
736 649 789 668 non
817 641 907 668 minus
929 649 1088 668 communes

299 691 389 720 erant,
404 695 486 721 quam
503 695 559 713 suae
572 687 669 721 cuique
686 687 841 714 facultates.
860 687 1003 719 Dispersit,
1017 687 1086 713 dedit

297 733 488 767 pauperibus“
507 742 514 759 :
531 737 613 767 atque
628 733 663 759 oh
681 732 766 758 divini
785 732 910 766 promissi
933 733 1086 759 lirmitatetn

297 785 488 813 summamque
511 781 652 805 veritatem
677 778 760 804 multa
782 779 810 804 in
839 778 959 804 ccelestia
989 777 1085 804 horrea

297 823 436 856 condidit,
465 831 497 850 ac
524 830 643 858 pereo-pe
665 823 697 849 de
727 822 819 849 multis
847 823 916 849 bene
940 824 1084 854 merendo,

297 869 436 897 Christum
455 869 542 904 ipsum
564 869 681 903 excepit.
696 868 828 902 Quodque
844 869 1082 903 praeclarissimum

297 920 356 948 est,
371 922 424 942 non
441 915 527 950 magis
549 916 650 950 optima
673 914 777 946 videri,
803 922 884 949 quam
907 921 998 940 revera
1023 921 1084 941 esse

296 961 423 989 studebat
440 970 447 988 :
464 962 529 995 quin
548 962 639 996 potius
662 961 688 987 in
704 961 884 993 abscondito,
910 961 981 995 apud
1006 967 1083 992 eum,

295 1007 341 1040 qui
358 1007 518 1034 abscondita
536 1007 667 1038 intuetur,
686 1007 814 1041 pietatem
833 1006 984 1034 luculenter
1001 1013 1084 1033 exco-

295 1052 378 1079 lebat.
392 1052 489 1080 Omnia
505 1053 597 1079 mttndi
616 1053 730 1087 principi
747 1053 863 1087 eripuit;
880 1053 969 1079 omnia
984 1053 1010 1079 in
1028 1056 1085 1078 tuta

295 1098 340 1125 illa
369 1098 467 1125 horrea
491 1099 642 1126 transtulit.
665 1098 737 1125 Nihil
762 1103 840 1126 terra:
867 1104 967 1133 praeter
986 1105 1084 1132 corpus

294 1145 426 1180 reliquit:
441 1146 531 1173 omnia
548 1153 609 1173 cum
625 1146 740 1173 alterius
755 1146 817 1172 vine
845 1153 892 1180 spe
923 1146 1121 1173 commutavit:

259 1209 262 1212 -
294 1193 436 1225 tationem,
455 1197 482 1220 et
498 1192 619 1227 ejusdem
635 1191 724 1219 laudis
737 1191 864 1219 studium.

329 1236 399 1264 XHI.
419 1236 475 1264 Nec
493 1244 558 1264 vero
576 1242 649 1264 tanta
665 1237 776 1272 quidem
791 1236 893 1271 ipsius,
913 1241 1024 1271 tamque
1039 1236 1082 1263 in-

293 1283 430 1311 credibilis
446 1283 529 1310 animi
546 1283 705 1319 magnitudo
720 1282 787 1314 fuit,
809 1289 903 1309 verum
928 1282 1031 1309 deliciis
1055 1286 1083 1309 et

292 1328 432 1356 eﬂ'renatis
449 1329 552 1356 ventris
569 1329 774 1364 voluptatibus,
790 1328 884 1355 rabido
895 1348 902 1360 ,
918 1328 1038 1362 inquam.
1054 1332 1082 1354 et

293 1375 406 1402 lanianti
420 1375 494 1407 cani,
509 1383 609 1410 corpus
621 1376 743 1407 tradidit,
757 1380 886 1409 tauquam
897 1375 1001 1402 scilicet
1016 1375 1082 1401 lihe-

293 1420 394 1446 ralitati
408 1427 464 1446 sua:
476 1427 509 1447 ac
522 1420 710 1448 beneﬁcentiae
723 1420 882 1451 conlidens,
903 1419 1081 1454 quemadmo-

292 1465 355 1491 dum
375 1465 499 1499 plerique
521 1465 610 1492 l'acere
633 1467 736 1498 solent,
755 1465 800 1499 qui
817 1466 1002 1493 misericordia
1017 1473 1080 1498 erga

292 1517 427 1545 pauperes
441 1512 533 1538 luxum
549 1519 581 1538 ac
595 1512 708 1539 delicias
726 1512 877 1543 redimunt,
894 1519 926 1538 ac
941 1519 994 1538 non
1009 1512 1080 1538 boiio

292 1557 392 1584 malum
407 1563 513 1589 sanant,
532 1558 578 1585 sed
595 1566 642 1592 pro
656 1558 727 1585 bono
742 1558 841 1585 malum
862 1557 1013 1592 rccipiunt;
1033 1563 1080 1584 aut

292 1604 429 1638 pulverem
445 1604 555 1638 quidem
569 1603 681 1638 jejuniis
699 1604 822 1639 subegit,
845 1604 889 1630 alii
911 1609 999 1630 autem
1015 1604 1079 1631 cha-

291 1649 413 1681 tneunim,
428 1649 510 1684 226
525 1649 576 1676 hoc
590 1654 642 1680 est,
660 1650 734 1676 humi
748 1650 917 1676 dormitiom‘s
928 1669 935 1681 ,
955 1651 1081 1683 pharma-

291 1704 351 1723 cum
381 1696 506 1730 reliquit;
534 1700 579 1723 aut
606 1696 632 1722 id
665 1697 774 1730 quidem
801 1696 899 1723 animae
929 1696 1078 1723 subsidium

291 1742 476 1777 excogitavit,
494 1749 586 1768 verum
607 1750 703 1769 somno
727 1742 816 1768 minus
827 1761 834 1772 ,
848 1749 929 1776 quam
945 1742 1079 1775 quispiam

291 1788 370 1819 alios,
391 1790 530 1814 moderata
544 1791 601 1818 est;
616 1791 662 1813 aut
674 1786 744 1814 hanc
760 1787 868 1821 quidem
884 1787 988 1821 legem,
1007 1787 1080 1814 velet

291 1834 413 1868 corporis
429 1841 524 1867 expers
536 1853 543 1865 ,
558 1833 608 1860 sibi
626 1833 739 1864 indixit,
762 1839 889 1860 Caeterum
916 1833 976 1859 aliis
1001 1838 1076 1859 recto

291 1887 406 1914 corpore
417 1879 570 1906 insomnem
582 1883 686 1906 uocteut
700 1878 871 1909 dttcenlibus,
885 1879 956 1913 quod
970 1879 1079 1912 quidem

291 1929 428 1952 certamen
446 1925 564 1952 maxime
580 1925 835 1959 pltilosopltirorttm
852 1925 971 1951 virorum
985 1930 1036 1956 est,
1052 1925 1078 1951 in

292 1977 392 1999 terram
416 1979 477 1998 sese
503 1971 623 2003 inﬂexit;
648 1976 695 1997 aut
715 1971 768 1998 hac
789 1971 898 2006 quidem
924 1971 950 1997 iu
976 1978 1004 1997 re
1025 1978 1078 1998 non

290 2017 419 2044 mulieres
434 2021 538 2043 tantum
551 2036 559 2047 ,
576 2017 622 2043 sed
638 2017 719 2043 etiam
733 2017 896 2044 fortissimos
908 2016 982 2043 viros
995 2016 1078 2043 animi

291 2062 478 2097 magnitudine
494 2062 650 2096 superavit,
666 2070 759 2089 verum
780 2063 906 2096 prudenti
925 2062 1079 2096 psalmodize

291 2111 372 2139 tono,
385 2107 428 2134 vel
449 2107 602 2134 divinorum
628 2107 802 2134 oraculorum
826 2107 940 2133 lectione
955 2111 982 2134 ct
995 2107 1079 2141 cxpli-

291 2153 408 2185 catione,
424 2153 466 2179 vel
482 2153 640 2187 tempestiva
656 2154 785 2180 memoria
796 2173 803 2184 ,
819 2152 860 2180 vel
874 2160 1002 2187 genuum,
1019 2160 1079 2186 quae

290 2199 384 2226 labore
400 2199 599 2232 occallucrant,
621 2204 648 2226 et
661 2200 737 2234 quasi
753 2199 812 2227 solo
827 2199 1000 2226 adhaerebant
1011 2217 1018 2230 ,
1037 2198 1078 2225 in-

290 2246 450 2279 clinatione,
465 2246 507 2273 vel
525 2246 653 2282 lacrymis
667 2247 763 2273 anima:
778 2246 853 2273 labes
865 2245 1037 2279 expiautibus
1049 2246 1076 2272 in

290 2292 372 2319 corde
386 2292 502 2319 contrito
520 2297 546 2319 et
569 2292 668 2327 spiritu
692 2292 853 2319 humilitatis
866 2312 874 2324 ,
887 2293 930 2319 vel
950 2292 1075 2318 oratione

290 2347 399 2366 sursum
419 2339 586 2371 collocante,
606 2339 649 2366 vel
668 2343 757 2366 tuente
780 2338 900 2370 sublata,
917 2343 944 2365 et
964 2337 1075 2364 minime

328 2398 349 2413 η
365 2396 414 2424 Job
429 2405 504 2428 xxxt,
519 2397 565 2424 32.
603 2397 625 2413 '°
639 2397 689 2425 Job
701 2405 777 2430 xxix,
794 2397 839 2428 15,
856 2396 900 2425 16.

325 2454 364 2524 f5)
379 2454 489 2487 Αὐτήν.
503 2454 588 2490 Regg.
606 2463 632 2488 ιι,
651 2456 707 2487 bm,
726 2455 772 2487 hu,
787 2454 846 2487 Or.,
867 2454 930 2482 Sav.
943 2455 1023 2490 αὐτῇ.

338 2491 365 2524 6)
384 2489 537 2523 Ἠνέῳκτο.
553 2490 606 2517 Jes.
625 2491 754 2524 ἀνέῳκτο.

338 2491 365 2524 6)
384 2489 537 2523 Ἠνέῳκτο.
553 2489 606 2517 Jes.
625 2491 754 2525 ἀνέῳκτο.

325 2525 364 2559 (7)
377 2525 497 2558 Ληνοῖς.
517 2535 526 2551 ι
544 2525 746 2552 Torcularibus.
759 2535 769 2559 ρ

326 2559 364 2594 (8)
377 2560 489 2587 Δοκεῖν.
508 2561 588 2587 Addit
600 2561 665 2595 Heg.
685 2561 719 2587 hu
731 2580 738 2591 ,
757 2558 806 2595 ἦν,
826 2569 834 2585 ι
853 2567 905 2587 non
922 2559 1076 2594 opinionem

290 2595 375 2630 pluris
392 2603 472 2630 quam
487 2596 625 2622 veritatem
643 2596 768 2623 faciebat.
785 2605 794 2621 I

325 2631 362 2665 (9)
383 2629 495 2662 Καλῶς.
519 2639 528 2655 ‹
547 2630 668 2665 Egregie.
683 2640 692 2657 ι
817 2635 822 2640 ’

326 2663 381 2699 (10)
398 2665 561 2699 Παρέδωκε.
577 2663 660 2700 Regg.
677 2673 703 2697 a,
721 2666 777 2695 but.
793 2665 838 2698 hu,
849 2669 903 2692 tres
918 2664 1006 2697 Colb.,
1018 2663 1073 2691 Jes.

291 2700 406 2735 καθῆκε,
420 2709 429 2724 ι
447 2701 567 2732 itmnisit,
585 2701 719 2728 submisit.
737 2710 746 2726 ι

327 2735 383 2770 (11)
398 2735 487 2762 Χοῦν.
504 2745 512 2760 ι
529 2735 634 2770 ςονρυε
649 2745 658 2761 ι
677 2735 802 2770 intelligit
818 2734 973 2770 Gregorius.

290 2802 306 2830 ᾳ
330 2768 386 2805 με)
399 2770 514 2804 Μέτρον
526 2768 627 2805 ἧττον,
639 2776 690 2798 ctc.
709 2771 756 2798 Or.
766 2768 885 2806 “μέτρον’
896 2769 990 2804 ἐτέρου
1006 2768 1077 2799 τινὸς

300 2813 378 2830 ιττον.

300 2813 378 2839 ;ττον.

326 2840 380 2875 (15)
401 2841 434 2867 Τὸ
448 2841 610 2876 ἀγώνισμα.
629 2841 707 2870 Deest
729 2841 760 2868 τό
784 2841 810 2869 in
835 2839 956 2873 pluribus
980 2839 1077 2866 codici-

1141 228 1279 264 θαρρήσας
1302 228 1544 264 καλλωπισαξμην·
1574 230 1653 263 Θύρα
1665 229 1700 256 δὲ
1723 229 1818 264 αὐτῆς
1841 230 1931 258 παντὶ

1139 275 1258 301 ἐλθόντι
1270 275 1403 308 ἠνέῳκτο
1416 275 1454 311 (6)
1467 283 1473 289 ·
1489 275 1548 308 ἕξω
1558 275 1593 302 δὲ
1611 277 1666 302 οὐκ
1681 275 1817 310 ηὐλίζετο
1831 277 1929 310 ξένος.

1146 321 1314 355 Ὀφθαλμὸς
1331 319 1370 355 ἦν
1386 321 1519 355 τυφλῶν,
1536 322 1613 354 ποῦς
1634 321 1668 348 δὲ
1691 322 1805 356 χωλῶν,
1830 323 1930 357 μήτηρ

1140 367 1173 393 δὲ
1189 366 1336 401 ὅρφανῶν.
1349 367 1405 402 Τῆς
1417 367 1446 393 δὲ
1463 368 1502 398 εἰς
1516 368 1603 402 χήρας
1619 367 1819 402 εὐσπλαγχνίας
1833 368 1859 394 τί
1876 367 1929 403 χρὴ

1141 410 1232 445 μεῖζον
1251 411 1380 446 εἰπεῖν,ἢ
1405 411 1445 437 ὃτι
1472 411 1502 437 τὸ
1519 412 1556 446 μὴ
1571 412 1643 446 χήρα
1670 411 1801 447 κληθῆναι
1824 413 1929 448 καρπὸν

1139 456 1272 491 ἠνέγκατο
1282 464 1289 488 ;
1308 456 1403 483 Κοινδν
1420 456 1469 491 μὲν
1489 455 1523 492 ἧν
1537 457 1553 492 ἠ
1569 458 1676 492 ἐκείνης
1689 457 1765 484 ἑστία
1782 459 1837 490 τοῖς
1849 467 1928 485 πενο-

1141 503 1232 538 μένοις
1256 503 1303 538 ἀφ*
1331 503 1445 538 αἵματος
1473 504 1643 538 καταγώγιον
1656 512 1663 519 ·
1683 505 1758 531 κοινά
1768 505 1796 531 δὲ
1812 505 1846 532 τὰ
1864 505 1929 533 ὄντα

1139 550 1206 576 πᾶσι
1217 551 1272 581 τοῖς
1287 550 1423 585 δεομένοις
1437 550 1484 585 οὐχ
1499 548 1577 586 ἦττον
1594 552 1610 586 ἢ
1627 551 1751 583 ἑκάστοις
1763 551 1797 578 τὰ
1813 553 1927 579 ἑαυτῶν.

1145 595 1352 629 Ἐσκόρπισεν,
1367 596 1459 623 ἔδωκε
1485 597 1548 629 τοῖς
1567 597 1676 631 πένησι
1689 606 1696 613 ·
1717 598 1764 624 καὶ
1779 598 1822 625 διὰ
1834 599 1864 625 τὸ
1878 599 1928 634 τῆς

1138 642 1304 675 ἐπαγγελίας
1327 643 1449 669 ἄπτωτον
1479 643 1526 669 καὶ
1541 643 1737 676 ἀψευδέστατον
1764 643 1849 670 πολλὰ
1866 645 1928 675 ταῖς

1138 686 1243 713 ἐκεῖθεν
1253 687 1343 722 ληνοῖς
1355 687 1393 723 (7)
1419 687 1574 719 ἐναπέθετο,
1591 688 1676 714 πολλὰ
1690 689 1807 724 Χριστὸν
1823 689 1869 715 καὶ
1883 689 1926 715 διὰ

1137 734 1242 760 πολλῶν
1258 733 1312 760 τῶν
1327 733 1357 760 εὖ
1373 734 1512 760 παθόντων
1528 735 1688 766 ἐδεξιώσατο
1701 743 1708 750 '
1727 735 1774 762 καὶ
1787 735 1818 761 τὸ
1832 735 1926 762 κάλλι-

1138 787 1209 809 στον,
1224 779 1264 805 ὅτι
1283 779 1320 814 μὴ
1337 778 1367 804 τὸ
1385 778 1472 805 δοκεῖν
1485 779 1523 813 (8)
1539 780 1602 814 παρ’
1618 780 1686 815 αὐτῇ
1698 779 1788 806 πλεῖον
1798 779 1848 814 τῆς
1861 780 1927 815 ἀλη-

1137 825 1224 856 θείας·
1243 824 1300 851 ἀλλ’
1316 825 1344 851 ἐν
1369 824 1407 859 τῷ
1429 825 1543 860 κρυπτῷ
1571 825 1660 857 καλῶς
1677 825 1714 861 (9)
1739 825 1869 861 ἐγεώργει
1886 825 1927 860 τῷ

1102 861 1121 886 Β
1138 871 1261 906 βλέποντι
1277 870 1310 896 τὰ
1323 870 1432 905 κρυπτὰ
1442 871 1491 906 τὴν
1501 871 1650 898 εὐσέϐειαν.
1663 871 1755 897 Πάντα
1770 871 1815 897 τοῦ
1827 880 1926 906 κοσμο⁴

1136 917 1268 952 κράτορος
1280 917 1417 951 ἥρπασεν·
1438 918 1525 944 πάντα
1539 918 1702 952 μετήνεγκεν
1716 919 1756 949 εἰς
1769 918 1816 949 τὰς
1835 918 1922 952 ἀσφα-

1133 963 1188 994 λεῖς
1205 963 1356 998 ἀποθήκας.
1386 963 1468 990 Οὐδὲν
1481 964 1569 998 ἀιρῆκε
1582 965 1614 999 τῇ
1631 966 1666 999 γῇ
1684 964 1753 999 πλὴν
1771 964 1817 990 τοῦ
1832 963 1924 999 σώμα-

1132 1018 1187 1041 τος.
1204 1009 1315 1036 Πάντων
1329 1009 1462 1044 ἠλλάξατο
1475 1009 1522 1040 τὰς
1543 1010 1646 1036 ἐκεῖθεν
1667 1009 1791 1040 ἐλπίδας·
1807 1009 1854 1035 Eva
1867 1010 1924 1042 τοῖς

1133 1053 1211 1079 παισὶ
1227 1052 1340 1079 πλοῦτον
1361 1054 1461 1088 ἀφῆκε,
1475 1053 1523 1088 τὴν
1543 1054 1658 1089 μίμησιν
1679 1055 1726 1081 καὶ
1737 1055 1787 1089 τὴν
1801 1055 1846 1080 ἐπὶ
1862 1055 1924 1081 τού-

1133 1106 1189 1128 τοις
1203 1097 1366 1131 φιλοτιμίαν.

1141 1145 1189 1172 has
1203 1153 1271 1172 unas
1290 1145 1383 1172 liberis
1398 1145 1453 1172 suis
1468 1153 1534 1180 opes
1549 1145 1669 1181 reliquit,
1689 1154 1785 1181 nempe
1801 1146 1843 1174 sui
1859 1147 1922 1173 imi-

1171 1234 1219 1260 II".
1236 1233 1290 1260 Καὶ
1305 1233 1335 1259 οὐ
1349 1232 1384 1259 τὰ
1405 1233 1454 1267 μὲν
1476 1234 1526 1268 τῆς
1544 1233 1744 1268 μεγαλοψυχίας
1754 1235 1866 1262 τοιαῦτα
1875 1233 1922 1261 καὶ

1135 1281 1219 1312 οὕτως
1232 1280 1345 1311 ἄπιστα,
1365 1278 1395 1304 τὸ
1405 1279 1433 1304 δὲ
1447 1279 1527 1314 σῶμα
1546 1279 1687 1314 παρέδωκε
1702 1279 1758 1316 (10)
1773 1281 1806 1315 τῇ
1821 1281 1922 1316 τρυφῇ,

1134 1326 1181 1353 καὶ
1205 1327 1264 1357 ταῖς
1288 1324 1449 1355 ἀκαθέκτοις
1469 1325 1518 1359 τῆς
1534 1325 1651 1359 γαστρὸς
1664 1325 1781 1360 ἡδοναῖς,
1796 1325 1834 1361 τῷ
1858 1325 1922 1352 λυσ-

1132 1372 1214 1398 σῶντι
1232 1371 1293 1398 κυνὶ
1307 1371 1354 1397 καὶ
1383 1371 1575 1406 σπαράττοντι,
1595 1371 1632 1403 ὡς
1649 1371 1681 1398 ἂν
1704 1371 1842 1407 θαρροῦσα
1862 1374 1921 1403 ταῖς

1130 1418 1274 1449 εὐποιίαις,
1291 1417 1359 1452 ὅπερ
1371 1417 1518 1451 πάσχουσιν
1529 1418 1553 1443 οἱ
1571 1417 1672 1449 πολλοὶ,
1685 1418 1733 1452 τῆς
1745 1418 1783 1448 είς
1796 1419 1857 1449 τοὺς
1874 1419 1915 1444 πέ-

1130 1473 1213 1500 νητας
1231 1463 1430 1498 εὐσπλαγχνίας
1444 1463 1473 1489 τὸ
1492 1464 1596 1498 τρυφᾷν
1619 1463 1806 1498 ἐξωνούμενοι,
1828 1464 1875 1490 καὶ
1890 1465 1920 1490 οὺ

1131 1511 1205 1546 καλῷ
1220 1511 1250 1537 τὸ
1280 1510 1364 1537 κακὸν
1385 1509 1503 1545 ἰώμενοι,
1521 1509 1602 1536 καλοῦ
1624 1509 1652 1535 δὲ
1672 1510 1703 1535 τὸ
1722 1510 1822 1544 φαῦλον
1848 1510 1921 1536 ἀντι-

1093 1543 1116 1574 c
1131 1543 1329 1590 λαμβάνοντες’
1346 1555 1362 1591 ἢ
1389 1543 1526 1590 νηστείαις
1542 1554 1592 1590 μὲν
1616 1554 1661 1581 τὸν
1692 1543 1756 1590 χοῦν
1779 1556 1834 1590 (11)
1855 1564 1921 1582 κατ-

1131 1603 1287 1633 επάλαισεν,
1299 1601 1383 1636 ἑτέρῳ
1392 1601 1419 1626 δὲ
1430 1600 1460 1626 τὸ
1469 1601 1517 1634 τῆς
1527 1601 1690 1635 χαμειινίας
1698 1601 1805 1636 παρῆκε
1815 1601 1920 1637 φάρμα-

1131 1659 1177 1676 κον
1187 1659 1194 1664 '
1209 1650 1225 1684 ἣ
1240 1649 1318 1675 τοῦτο
1337 1648 1385 1683 μὲν
1400 1648 1493 1683 ἐξεῦρε
1510 1649 1542 1682 τῇ
1557 1648 1629 1683 ψυχῇ
1641 1647 1671 1673 τὸ
1687 1647 1823 1683 βοὴθημα,
1843 1647 1920 1682 ὕπνῳ

1129 1695 1157 1721 δὲ
1169 1695 1267 1730 μέτρον
1279 1692 1359 1729 ἦττον
1377 1693 1431 1728 (12)
1448 1693 1540 1729 ἑτέρου
1560 1694 1633 1724 τινὸς
1644 1693 1777 1729 ἐπέθηκεν
1789 1702 1795 1709 ”
1810 1695 1825 1730 ἢ
1842 1694 1920 1720 τοῦτο

1133 1743 1181 1777 μὲν
1200 1741 1394 1777 ἐνομοθέτησεν
1411 1740 1504 1776 ὥσπερ
1523 1740 1675 1775 ἀσώματος,
1707 1740 1801 1777 ἐκλίθη
1831 1741 1859 1767 δὲ
1880 1742 1920 1773 εἰς

1129 1789 1191 1823 γῆν,
1207 1788 1307 1823 ἑτέρων
1334 1787 1550 1821 παννυχιζόντων
1577 1788 1605 1813 ἐν
1630 1787 1703 1822 ὀρθῷ
1724 1787 1838 1823 σώματι,
1857 1788 1871 1814 ὃ
1886 1788 1919 1823 δὴ

1131 1834 1247 1868 μάλιστα
1274 1833 1424 1868 φιλοσόφων
1452 1833 1555 1868 ἀνδρῶν
1588 1833 1618 1858 τὸ
1645 1832 1786 1868 ἀγώνισμα
1803 1833 1876 1867 (15)·
1899 1833 1918 1869 ἢ

1129 1879 1206 1906 τοῦτο
1223 1879 1272 1914 μὲν
1286 1879 1316 1905 οὐ
1334 1879 1413 1914 μόνον
1427 1879 1482 1914 (Η)
1502 1878 1648 1912 γυναικῶν,
1667 1878 1734 1904 ἀλλὰ
1749 1879 1795 1904 καὶ
1815 1879 1920 1914 ἀνδρῶν

1129 1925 1205 1960 (Irqu
1221 1925 1274 1951 τῶν
1283 1925 1481 1959 γενναιοτάτων
1496 1924 1690 1960 ἀνδρικώτερα,
1711 1924 1870 1959 ψαλμῳδίας
1889 1924 1919 1951 te

1129 1972 1204 1998 τόνον
1221 1971 1353 2006 ἔμφρονα,
1377 1970 1392 2005 ἣ
1411 1970 1490 1996 θείων
1513 1969 1611 2003 λογίων
1627 1970 1755 2003 ἔντευξιν,
1767 1970 1784 2005 ἦ
1799 1970 1919 1997 ἀνάπτυ-

1129 2016 1169 2048 ξιν
1186 2016 1280 2051 (15),ἣ
1296 2017 1404 2050 μνήμην
1421 2014 1558 2050 εὔκαιρον,
1574 2015 1590 2049 ἢ
1604 2014 1691 2040 κλίσιν
1707 2014 1828 2048 γονάτων
1854 2023 1920 2040 κατ-

1129 2060 1335 2096 εσκληκότα)νῆ
1347 2059 1441 2094 ὠσπερ
1455 2059 1510 2094 (16)
1523 2058 1562 2094 τῷ
1579 2059 1672 2094 ἐδάφει
1688 2059 1917 2094 συμπεφυκότων,

1129 2107 1145 2142 ἢ
1160 2107 1274 2141 δάκρυον
1289 2106 1375 2142 ῥύπου
1387 2106 1533 2141 καθάρσιον
1545 2107 1573 2131 ὲν
1588 2106 1686 2140 καρδίᾳ.
1699 2105 1918 2141 συντετριμμένῃ

1129 2153 1176 2179 καὶ
1186 2153 1318 2188 πνεύματι
1326 2151 1523 2184 ταπεινώσεως,
1536 2152 1640 2187 ἣεὺχὴν
1652 2152 1707 2178 ἄνω
1718 2152 1837 2178 τιθεῖσαν
1849 2152 1916 2185 (17),

1095 2214 1114 2240 D
1130 2199 1176 2226 καὶ
1203 2199 1264 2225 νοῦν
1290 2198 1398 2232 ἀπλανῆ
1426 2198 1473 2224 καὶ
1515 2198 1677 2234 μετάρσιον
1702 2197 1787 2224 ταῦτα
1817 2197 1916 2229 πάντα,

1128 2245 1145 2280 ἢ
1168 2244 1270 2271 τούτων
1295 2244 1350 2279 (18)
1377 2243 1403 2270 τί
1426 2244 1499 2270 ἐστιν
1518 2244 1592 2274 ὅστις
1621 2243 1726 2279 ἀνδρῶν
1746 2243 1763 2278 ἢ
1780 2243 1917 2277 γυναικῶν

1129 2290 1235 2325 ἐκείνην
1249 2288 1466 2324 ὑπερϐεϐηκέναι
1481 2289 1646 2324 καυχήσαιτο
1661 2289 1715 2323 (19)
1728 2297 1735 2320 ;
1759 2288 1828 2314 Ἀλλ’
1845 2288 1918 2314 ἐκεῖ·

1129 2345 1157 2362 νο
1172 2336 1244 2371 μέγα
1274 2336 1322 2371 μὲν
1348 2336 1445 2368 εἰπεῖν,
1482 2335 1578 2370 ἀληθὲς
1593 2335 1631 2367 δὲ,
1647 2334 1732 2361 ὅτιτὸ
1752 2334 1801 2369 μὲν
1819 2333 1916 2368 ἐζήλου

940 2396 962 2412 ’¹
977 2396 1048 2423 Psal.
1062 2402 1117 2426 cxt,
1133 2394 1159 2421 9.

1126 2453 1217 2523 bu(511»)
1229 2489 1338 2515 Μόνον.
1356 2487 1433 2515 Deest
1451 2488 1478 2514 in
1497 2487 1561 2523 Reg.
1577 2487 1633 2514 hm.
1656 2521 1661 2523 _
1702 2521 1726 2523 η
1792 2495 1796 2498 ”

1164 2520 1220 2558 (15)
1240 2523 1399 2555 Ἐντευξιν
1415 2523 1434 2556 ἢ
1454 2520 1633 2554 ἀνάπτυξιν.
1648 2521 1792 2558 Assiduam
1802 2520 1917 2555 scriptu-

1126 2556 1217 2587 rarum
1234 2558 1376 2585 lectionem
1390 2558 1531 2592 intelligit;
1544 2558 1626 2584 libros
1640 2564 1732 2584 sacros
1750 2556 1846 2592 diurna
1866 2564 1916 2582 un-

1127 2600 1275 2628 cturnaque
1296 2601 1376 2620 manu
1396 2591 1539 2624 versando,
1563 2592 1694 2620 volvendo
1715 2596 1743 2618 et
1771 2591 1916 2618 revolven-

1127 2630 1220 2699 do(16)
1235 2664 1272 2690 Ἢ
1289 2663 1399 2696 ὥσπερ.
1415 2663 1480 2697 Reg.
1492 2663 1547 2696 hin,
1568 2662 1627 2694 Or.,
1642 2661 1696 2699 les.
1709 2661 1757 2689 καὶ
1772 2661 1876 2696 ὥσπερ.

1164 2699 1220 2734 (17)
1239 2699 1384 2726 Τιθεῖσαν.
1405 2698 1488 2734 Cgisl.
1504 2698 1530 2729 1,
1548 2698 1748 2734 tte:11:0&i_sav.

1164 2702 1207 2734 (17
1239 2702 1384 2726 Τιθεῑσαν.
1405 2702 1488 2725 Coisl.
1504 2702 1530 2729 1,
1548 2702 1748 2733 μετατιυεῐσαν.

1129 2770 1140 2778 ἢ
1163 2702 1269 2768 (181“11
1288 2734 1409 2760 τούτων.
1427 2733 1494 2768 Reg.
1512 2734 1557 2765 Ittt,
1572 2734 1588 2768 ἡ
1605 2742 1630 2759 τι
1647 2732 1766 2765 τούτων,
1779 2731 1820 2763 τίς
1840 2732 1917 2759 ἐστιν

1127 2778 1217 2839 οσῖἶὲ)
1231 2803 1431 2838 Καιιχήσαιτο.
1449 2804 1522 2832 (Σοί-ἶ
1552 2804 1578 2837 1,
1589 2803 1823 2837 κατεκαυχήσατο.
