2069 3131
166 151 221 181 εστ

501 151 628 180 ORATIO
649 152 714 180 Vlll.
733 164 769 172 --
787 148 821 178 IN
841 150 982 179 LAUDEM
1002 149 1151 179 SORORIS
1170 150 1252 178 'SUzE
1272 150 1472 178 GORGONIE.

1737 151 1790 181 806

169 211 224 238 τῶν
237 211 337 244 καλῶν,
355 211 400 238 τοῦ
413 211 440 238 δὲ
457 209 490 247 ἦν
504 211 583 246 ζῆλος
595 220 601 227 ”
617 212 664 238 καὶ
686 211 716 237 τὸ
730 211 779 246 μὲν
794 207 867 246 εὗρε,
882 211 913 237 τὸ
927 210 954 237 δὲ

1007 214 1137 244 vagante;
1154 209 1198 237 his
1220 210 1328 244 inquam
1350 209 1476 236 omnibus
1502 208 1599 241 relms,
1627 214 1674 236 aut
1696 218 1792 238 narunt

170 257 305 293 ἐνίκησεν.
321 257 376 283 Καὶ
392 258 417 283 εἰ
429 257 490 284 καθ’
504 257 533 284 ’ἑν
549 266 575 284 τι
594 257 695 284 τούτων
714 257 776 292 ἔσχε
790 257 821 283 τὸ
836 256 956 291 ἁμιλλώ-

171 311 252 338 μενον
271 302 338 338 (20),
352 302 419 329 ἀλλὰ
429 302 468 338 τῷ
481 311 513 336 γε
527 303 575 337 μία
590 302 645 338 (21)
659 303 693 329 τὰ
704 302 791 328 πάντα
803 301 955 333 συλλαϐεῖν,

169 349 279 376 πάντων
298 349 457 384 ἐκράτησεν.
474 348 552 375 Οὕτω
581 350 630 384 μὲν
644 349 678 375 τὰ
708 348 797 374 πάντα
821 347 958 383 κατορθώ-

170 403 249 426 σασα,
269 394 411 426 οὒς-οὐδεὶς
425 395 480 429 (22)
496 395 574 426 ἄλλος
585 395 614 421 ἓν
634 395 681 421 καὶ
695 394 810 430 μετρίως
822 402 830 409 ·
847 392 917 420 οὕτω
931 392 954 419 δ’

169 439 210 470 εἰς
223 439 304 475 ἄκρον
314 440 436 472 ἕκαστον,
450 440 519 467 ὥστε
534 442 581 467 καὶ
595 441 655 467 ἀντὶ
670 441 778 467 πάντων
792 440 821 467 ἓν
831 439 954 474 ἐξαρκεῖν

170 485 217 511 καὶ
228 485 315 520 μόνον.

1009 255 1111 291 aliqua,
1124 256 1251 291 quisnam
1266 256 1384 282 virorum
1399 261 1447 282 aut
1461 255 1600 282 mulierum
1611 261 1662 289 est,
1675 257 1720 292 qni
1731 265 1792 285 eam

1008 309 1022 328 a
1037 309 1067 329 se
1080 306 1235 336 superatam
1249 308 1309 328 esse
1322 301 1431 336 gloriari
1445 301 1545 335 queat?
1558 301 1598 328 Ac
1611 302 1644 328 de
1664 302 1721 337 ipsa
1739 310 1794 330 non

1009 346 1100 373 minus
1115 353 1179 373 vere
1190 354 1271 380 quam
1293 345 1438 380 magniﬁce
1456 345 1597 377 praedicari
1611 351 1708 380 potest,
1721 348 1794 382 quod

1007 392 1138 418 virtutum
1160 391 1227 418 alias
1244 391 1349 418 imitata
1365 391 1418 422 sit.
1435 390 1549 417 aliarum
1565 391 1718 425 exemplum
1735 393 1796 420 fue-

1009 438 1066 464 rit:
1088 442 1169 473 atque
1186 438 1253 465 alias
1267 437 1374 472 quidem
1387 437 1538 470 invenerit,
1556 438 1623 465 alias
1643 442 1731 465 autem
1746 446 1795 466 su-

1011 485 1156 518 peraverit.
1181 483 1213 510 Et
1235 487 1264 510 ιιι
1288 483 1419 518 quosdam
1442 483 1526 510 fuisse
1544 483 1657 515 detnus,
1678 484 1722 518 qui
1741 492 1794 511 una

170 533 259 567 aliqua
279 535 379 561 virtute
393 542 453 561 cum
473 535 528 569 ipsa
544 535 751 567 contenderent,
767 538 795 561 at
813 534 863 561 hoc
878 539 952 561 certe
971 533 1082 559 nomine
1099 539 1193 559 omnes
1208 531 1283 564 vicit,
1315 531 1384 566 quod
1419 539 1469 560 Iua
1484 532 1597 559 virtutes
1612 540 1706 559 onmes
1719 539 1794 559 com-

169 578 247 612 plexa
262 579 307 606 sit.
324 578 369 606 Sic
381 580 451 606 enim
466 580 555 607 omnia
571 581 705 615 praestitit,
743 585 772 607 ut
805 587 836 606 ne
869 579 1044 607 mediocriter
1062 577 1171 611 quidem
1191 586 1274 604 unmn
1300 578 1444 612 quisquam
1471 578 1539 605 alius
1558 589 1564 605 :
1586 578 1627 606 sic
1648 584 1737 606 autem
1760 579 1795 606 ad

169 630 305 650 summum
324 624 437 658 singula.
459 629 490 651 ut
505 625 548 652 vel
568 633 649 652 unum
666 625 752 652 solum
769 632 818 659 pro
830 625 956 651 omnibus
976 622 1085 650 abunde
1099 623 1242 652 sulliceret.

204 671 252 698 1Δ¹.
271 672 304 698 Ὢ
331 671 444 708 πιναροῧ
470 673 594 709 σώματος
619 674 665 700 καὶ
688 663 846 710 ἓνδύματος,
871 674 954 710 ἀρετῇ

170 717 248 753 μόνον
261 718 420 749 ἀνθοῦντοςί
437 719 469 745 Ὢ
480 719 568 755 ψυχῆς
595 720 793 756 διακρατοὺσης
811 722 841 748 τὸ
864 722 954 757 σῶμα,

167 763 216 790 καὶ
233 763 293 798 δίχα
320 765 422 800 τροφῆς
443 765 546 801 σχεδὸν,
576 765 669 801 ὥσπερ
689 766 785 793 ἇῡλονῑ
806 767 905 802 μᾶλλον
928 768 955 794 δὲ

168 809 293 844 σώματος
304 809 468 845 βιασαμένου
484 810 654 847 νεκρωθῆναι
665 812 711 838 καὶ
722 812 774 847 πρὸ
789 812 838 848 τῆς
851 812 957 845 διαζεύ-

1048 669 1117 697 χιν.
1136 670 1157 697 0
1178 671 1330 705 squalidum
1347 678 1464 706 corpus,
1486 676 1513 698 et
1530 671 1716 699 indumentum
1741 672 1796 700 vir-

1011 721 1067 743 tute
1079 717 1136 743 sola
1152 716 1269 744 ﬂorens!
1278 716 1300 744 0
1312 719 1441 750 animam,
1455 725 1553 751 corpus
1564 725 1632 751 pene
1644 718 1724 744 etiam
1735 719 1795 746 sine

1010 762 1088 795 cibo,
1112 762 1185 789 velut
1212 763 1332 790 materia:
1353 770 1467 797 expers.
1493 763 1668 790 retinentem!
1690 764 1749 798 vel,
1765 770 1795 792 ut

1010 810 1112 835 rectius
1127 809 1233 843 loquar,
1247 816 1263 836 ο
1279 816 1390 843 corpus,
1401 810 1482 836 etiam
1498 815 1561 838 ante
1573 811 1795 845 disiunctionem,

168 853 245 886 ξεως,
260 855 292 880 ἵν’
311 855 365 890 (⁵25)
381 855 534 891 ἐλευθερίαν
559 855 628 893 λάϐῃ
650 857 733 892 ψυχὴ.
748 857 794 884 καὶ
813 857 849 893 μὴ
866 867 954 894 παρα-

1011 854 1081 880 tnori
1098 858 1238 887 coactum,
1255 860 1284 882 ut
1300 856 1389 882 anima
1409 855 1560 883 libertatem
1577 857 1795 889 nancisceretur,

167 900 309 936 ποδίζηται
325 903 385 933 ταῖς
399 902 574 937 αἰσθήσεσινί
598 903 629 928 Ὢ
645 903 749 929 νυκτῶν
764 903 884 935 ἁΰπνων,
911 905 958 930 καὶ

166 946 336 982 ψαλμῳδίας,
353 948 399 974 καὶ
415 948 534 979 στάσεως
552 949 581 981 ἐξ
597 949 701 984 ἡμέρας
721 950 760 981 εἰς
773 949 877 985 ἡμέραν
891 950 958 977 ἀπο-

166 991 320 1027 ληγούσηςῑ
342 993 373 1018 Ὢ
391 993 482 1024 Δαῧὶδ,
503 995 564 1025 ταῖς
579 994 688 1025 πισταίς
709 995 789 1029 μόνον
808 994 907 1030 ψυχαῖς
926 996 956 1021 οὐ

168 1037 262 1074 μακρὰ
287 1038 459 1074 μελῳδήσαςῐ
482 1039 513 1065 Ὢ
529 1039 617 1074 μελῶν
643 1040 813 1075 ἁπαλιὶτητος
835 1041 882 1067 ἐπὶ
906 1041 957 1076 γῆς

167 1085 352 1120 ἐρριμμένων,
366 1086 412 1111 xui
422 1085 497 1120 παρὰ
507 1086 555 1121 τὴν
568 1086 648 1121 φύσιν
659 1087 865 1122 τραχυνομένων
881 1088 936 1120 (‘24)
949 1089 954 1114 !

170 1128 202 1155 Ὢ
214 1130 300 1165 πηγαὶ
313 1129 438 1166 δακρύων
468 1132 654 1167 σπειρομένων
676 1133 708 1158 ἐκ
735 1132 859 1167 θλίψεως,
879 1132 910 1159 ἵν’
927 1134 956 1159 ἐν

167 1175 324 1210 ἀγαλλιάσει
339 1176 474 1212 θερίσαιεν
491 1177 547 1211 (25)
561 1178 567 1203 !
596 1178 627 1204 Ὢ
644 1177 708 1212 βοῆς
737 1179 894 1214 νυκτερινῆς
918 1187 957 1204 va-

168 1221 252 1255 φέλας
274 1221 461 1257 διερχομένης,
479 1223 526 1249 καὶ
553 1223 706 1259 φθανούσης
728 1224 796 1259 πρὸς
813 1224 857 1251 τὸν
873 1225 955 1259 οὐρά-

168 1267 307 1301 νιον(26)ῑ
323 1268 354 1294 Ὢ
365 1268 530 1303 θερμότητος
547 1269 602 1304 (27)
620 1269 783 1305 πνεύματος,
801 1270 889 1297 κυνῶν
906 1279 957 1297 κα-

167 1312 345 1348 τατολμώσης
374 1314 538 1349 νυκτερινῶν
559 1314 594 1341 δι’
614 1315 760 1350 ἐπιθυμίαν
790 1315 882 1350 εὐχῆς,
905 1316 956 1345 ,καὶ

169 1359 292 1395 κρυμῶν,
310 1359 357 1386 καὶ
373 1359 468 1391 ὐετῶν,
489 1360 536 1386 καὶ
551 1359 679 1396 βροντῶν,
697 1362 744 1387 καὶ
761 1361 891 1397 χαλάζης,
908 1362 956 1388 καὶ

167 1405 287 1440 ἁωρίαςῐ
307 1405 339 1431 Ὢ
350 1406 493 1439 γυναικεία
507 1405 587 1440 φύσις
612 1406 661 1441 τὴν
681 1406 806 1442 ἀνδρείαν
822 1409 955 1442 νικήσασα

167 1450 213 1477 διὰ
230 1450 276 1477 τὸν
303 1451 393 1478 κοινὸν
420 1451 513 1486 ἀγῶνα
529 1452 578 1487 τῆς
596 1452 741 1486 σωτηρίας,
769 1452 817 1479 καὶ
830 1452 954 1488 σώματος

167 1497 297 1533 διαφορὰν
312 1498 341 1523 οὐ
357 1497 444 1533 ψυχῆς
459 1498 489 1523 τὸ
505 1498 569 1533 θῆλυ
583 1499 631 1524 καὶ
652 1498 682 1524 τὸ
696 1499 779 1534 ἄρρεν
803 1499 952 1533 ἐλέγξασαῐ

169 1543 201 1568 Ὢ
211 1543 261 1578 τῆς
277 1543 345 1578 μετὰ
357 1543 467 1579 λουτρὸν
483 1544 538 1579 (28)
567 1543 685 1577 ἁγνείας,
718 1545 762 1571 καὶ
783 1545 832 1579 τῆς
847 1545 956 1581 νύμφης

167 1589 284 1626 Χριστοῦ
309 1589 396 1625 ψυχῆς
418 1591 446 1616 ἐν
465 1590 577 1625 καθαρῷ
591 1590 765 1626 νυμιρῶνιτῴ
779 1591 900 1626 σώματιί
923 1593 955 1618 Ὢ

167 1636 253 1670 πικρὰ
270 1636 374 1670 γεῦσις,
391 1637 438 1663 καὶ
451 1636 507 1662 Εὕα
525 1637 611 1672 μῆτερ
631 1638 677 1663 καὶ
700 1638 794 1672 γένους
806 1639 853 1666 καὶ
866 1640 955 1676 ἁμαρ-

166 1682 235 1713 τίας,
262 1683 309 1708 καὶ
323 1682 368 1716 ὃςξι
385 1682 468 1709 πλάνε
483 1683 530 1709 καὶ
552 1683 662 1715 θάνατε,
684 1685 716 1718 τῇ
734 1684 841 1720 ἐκείνης
856 1685 955 1720 ἐγκρα-

166 1726 228 1761 τείᾳ
240 1727 295 1762 (29)
311 1728 475 1762 νενικημένοι
487 1729 493 1754 !
507 1729 538 1754 Ὢ
556 1729 674 1764 Χριστοῦ
688 1730 812 1762 κένωσις,
830 1731 876 1757 καὶ
895 1732 955 1758 δού-

165 1772 212 1799 λου
226 1773 326 1809 μορφὴ,
344 1774 390 1800 καὶ
403 1774 559 1810 παθήματα,
575 1776 608 1810 τῇ
619 1775 725 1810 ἐκείνης
737 1776 868 1811 νεκρώσει
885 1785 955 1802 tart-

167 1826 205 1854 μη
209 1818 276 1854 μένα
283 1820 289 1845 !

201 1893 251 1919 lE’.
267 1893 314 1919 ὨΙ
335 1894 393 1926 πῶς
410 1895 426 1930 ἢ
444 1895 683 1931 καταριθμήσομαι
709 1897 764 1931 (50)
789 1897 824 1924 τὰ
846 1898 954 1932 ἐκείνης

167 1939 284 1971 ἅπαντα,
298 1939 314 1975 ἦ
332 1939 366 1966 τὰ
383 1940 468 1967 πλείω
484 1942 578 1977 παρεὶς
592 1942 628 1977 μὴ
647 1942 778 1977 ζημιὼσω
793 1943 856 1975 τοὺς
872 1945 953 1977 ἁγνο-

165 1984 278 2017 οὖνταςς
307 1985 387 2012 Ἀλλά
415 1995 459 2021 μοι
479 1987 558 2013 καλὸν
579 1988 628 2023 ἤδη
649 1987 806 2022 προσθεῖναι
824 1989 879 2024 (51)
904 1990 953 2024 τῆς

167 2029 308 2062 εὐσεϐείας
327 2031 373 2057 καὶ
384 2033 418 2058 τὰ
433 2032 557 2068 ἐπίχειρα
567 2041 574 2047 ⁸
589 2033 636 2059 καὶ
650 2034 704 2069 γάρ
718 2043 762 2068 μοι
787 2035 878 2061 ποθεῖν
899 2036 953 2062 πά-

167 2075 211 2102 λαι
233 2077 336 2103 δοκεῖτε
355 2078 402 2104 καὶ
428 2077 517 2114 ζητεῖν
540 2080 568 2105 ἐν
585 2079 623 2114 τῷ
639 2079 724 2115 λόγῳ,
745 2081 769 2106 οἰ
795 2081 830 2107 τὰ
846 2081 953 2114 ἐκείνης

166 2122 257 2154 καλῶς
281 2123 390 2155 εἰδότες,
417 2125 447 2151 οὺ
474 2125 509 2151 τὰ
533 2125 654 2160 παρόντα
672 2126 761 2161 μόνον,
776 2127 835 2153 οὐδὲ
849 2125 891 2158 οἷς
905 2127 953 2154 νῦν

167 2168 271 2194 ἐκεῖθεν
287 2169 441 2203 ἀγάλλεται,
450 2170 467 2196 ἃ.
477 2171 591 2206 κρείττω
606 2172 653 2198 καὶ
663 2171 793 2204 διανοίας,
809 2173 856 2199 καὶ
869 2173 953 2208 ἀκοῆς

1009 906 1059 925 nec
1080 907 1095 925 a
1115 899 1241 927 sensibus
1267 900 1452 935 impedimenti
1474 903 1620 936 quidquam
1641 902 1794 938 acciperet!

1008 944 1030 971 Ο
1045 950 1137 972 noctes
1152 945 1302 976 insomnes,
1319 950 1346 973 et
1360 947 1526 980 psalmorum
1539 952 1646 980 e:mtns,
1660 953 1687 975 et
1702 950 1796 976 statio-

1008 998 1068 1017 nem
1085 997 1117 1016 ex
1137 990 1180 1018 die
1198 991 1224 1018 in
1240 992 1310 1019 diem
1329 994 1504 1027 productam!
1525 994 1546 1021 0
1562 994 1655 1026 David,
1670 1003 1750 1029 quam
1767 1000 1795 1022 tu

1008 1035 1060 1069 piis
1083 1036 1213 1062 duntaxat
1229 1037 1372 1064 animabus
1388 1038 1460 1065 haud
1475 1039 1579 1073 prolixe
1602 1040 1745 1067 cccinisti!
1772 1039 1795 1068 Ο

1008 1085 1102 1108 tenera
1115 1083 1235 1109 membra
1252 1083 1326 1110 humi
1343 1088 1474 1118 prnstrata
1485 1106 1492 1118 ,
1513 1093 1545 1112 ac
1560 1089 1656 1118 pra'ter
1670 1090 1795 1112 naturam

1008 1134 1068 1154 sese
1083 1129 1291 1161 exasperantia!
1314 1129 1336 1156 0
1357 1130 1538 1166 lacrymarmn
1563 1130 1670 1163 fontes,
1688 1139 1748 1166 qua;
1762 1139 1795 1158 ex

1007 1171 1152 1200 aﬂliclione
1173 1174 1388 1207 seminabantur,
1412 1181 1441 1202 ut
1463 1177 1490 1203 in
1511 1177 1693 1204 exsultatione
1712 1181 1794 1204 mete-

1007 1218 1098 1245 rcnt“
1110 1219 1116 1245 !
1129 1218 1152 1246 0
1164 1223 1327 1247 nocturnum
1339 1220 1486 1249 clamorem
1500 1223 1584 1250 nubes
1596 1228 1794 1257 penetrantem,

1007 1269 1088 1299 atque
1102 1264 1135 1291 ad
1151 1265 1234 1292 Deum
1247 1267 1439 1301 pervadentem
1452 1268 1458 1294 !
1476 1266 1497 1295 0
1513 1268 1624 1302 spiritus
1643 1267 1775 1295 fervorem
1786 1286 1796 1300 ,

1007 1311 1042 1337 ob
1058 1311 1192 1338 orationis
1205 1312 1368 1340 desiderium
1380 1334 1387 1346 ,
1406 1321 1455 1341 nec
1467 1321 1547 1342 canes
1561 1318 1725 1347 nocturnos,
1746 1321 1795 1341 nec

1007 1354 1121 1391 frigora,
1138 1364 1187 1384 nec
1205 1357 1305 1384 imbres
1318 1377 1326 1390 ,
1348 1365 1397 1385 nec
1412 1359 1531 1386 tonitrua
1542 1379 1550 1391 .
1563 1367 1613 1387 nec
1625 1361 1794 1395 grandinem,

1007 1411 1057 1430 nec
1080 1403 1206 1430 tenebras
1231 1403 1441 1432 formidantem!
1461 1405 1483 1433 0
1510 1405 1655 1434 femineum
1683 1415 1794 1441 sexum,

1006 1449 1052 1483 qui
1068 1454 1178 1484 propter
1195 1457 1338 1478 comnume
1353 1451 1434 1486 227
1457 1452 1553 1480 salutis
1570 1457 1708 1480 certamen
1727 1455 1794 1481 viri-

1007 1495 1058 1522 lem
1074 1503 1167 1522 sexum
1183 1496 1328 1529 superasti,
1339 1501 1419 1531 atque
1435 1497 1500 1524 illud
1516 1499 1690 1533 conspicuum
1709 1499 1794 1527 fecisti

970 1540 991 1567 C
1008 1540 1156 1568 masculum
1172 1545 1199 1567 et
1217 1541 1361 1575 feminam,
1378 1545 1519 1577 corporis,
1535 1552 1588 1571 non
1605 1544 1668 1571 item
1686 1546 1794 1577 anitme,

1009 1586 1153 1613 discrimen
1168 1588 1245 1615 esse!
1272 1587 1294 1615 Ο
1315 1594 1372 1623 post
1396 1589 1561 1623 baptismum
1577 1591 1748 1625 castitatem,
1769 1598 1794 1620 et

1009 1639 1136 1666 sponsam
1151 1632 1253 1660 Chri»ti
1270 1634 1388 1661 animam
1406 1635 1432 1663 in
1447 1643 1515 1670 puro
1527 1638 1648 1671 corporis
1659 1638 1793 1666 thalamo!

1008 1679 1030 1706 0
1049 1688 1171 1706 amarum
1193 1686 1317 1716 gustum,
1334 1687 1360 1708 ct
1376 1682 1458 1709 Evam
1469 1703 1475 1712 .
1495 1688 1550 1710 tum
1568 1686 1675 1719 generis
1690 1687 1795 1720 nostri,

1009 1730 1064 1752 tum
1089 1727 1192 1761 peccati
1214 1733 1328 1754 matrem
1339 1748 1346 1760 ,
1362 1733 1389 1755 et
1401 1729 1577 1761 impostorem
1592 1737 1756 1764 serpentem,
1768 1737 1794 1760 et

1008 1775 1122 1797 mortem
1134 1791 1141 1803 ,
1159 1770 1232 1798 illius
1249 1773 1413 1799 continentia
1429 1777 1573 1809 superata!
1590 1776 1611 1803 0
1628 1776 1728 1804 Christi
1746 1785 1794 1805 ex-

1008 1815 1198 1850 inanitionem,
1218 1822 1245 1844 et
1260 1818 1330 1844 servi
1346 1817 1477 1853 formam,
1496 1824 1523 1847 et
1538 1821 1694 1856 passiones,
1711 1823 1794 1857 ipsius

1008 1861 1217 1889 mortiﬁcatione
1234 1863 1399 1890 honoratas!

1044 1905 1101 1932 XV.
1118 1906 1156 1932 Ol
1174 1915 1290 1940 quonam
1307 1913 1394 1942 pacto,
1419 1908 1461 1935 vel
1477 1910 1566 1936 omnia
1591 1910 1662 1939 illius
1676 1919 1788 1940 enume-

1012 1952 1142 1981 raho,vcl
1167 1952 1297 1986 majorem
1326 1961 1419 1980 eorum
1444 1960 1546 1988 partem
1574 1959 1794 1989 prartermittens.

1010 2003 1067 2027 eos,
1081 1997 1180 2030 quibus
1194 2005 1225 2023 ea
1240 1997 1329 2032 ignota
1339 2004 1410 2029 sunt,
1422 2000 1585 2027 detrimento
1600 2010 1652 2028 non
1662 2003 1794 2032 alliciam?

1008 2042 1061 2068 Sed
1087 2041 1138 2075 iam
1157 2042 1297 2076 pulchrum
1324 2045 1406 2071 fuerit
1422 2046 1531 2079 pietatis
1554 2055 1660 2082 quoque
1683 2052 1793 2084 praemia

1009 2095 1082 2114 nunc
1108 2087 1235 2122 adjicere.
1262 2089 1314 2116 Vos
1337 2090 1421 2123 enim,
1446 2091 1492 2125 qui
1520 2092 1600 2119 vitam
1625 2093 1697 2121 illius
1710 2096 1794 2129 prohe

1009 2133 1105 2164 nostis,
1120 2133 1186 2160 mihi
1208 2134 1371 2169 jampridem
1399 2143 1510 2171 cupere.
1526 2143 1608 2172 atque
1626 2140 1653 2166 in
1671 2142 1793 2169 oratioue

1010 2186 1068 2205 mea
1084 2180 1223 2214 requirere
1240 2181 1379 2214 videmini,
1408 2190 1460 2209 non
1483 2186 1626 2218 prmsentia
1649 2186 1791 2219 duntaxat,

167 2213 351 2250 ἀνθρωπίνης,
369 2216 416 2242 καὶ
427 2216 524 2250 ὅψεως,
538 2217 606 2243 ἀλλὰ
622 2217 670 2244 καὶ
679 2215 720 2249 οἷς
732 2218 858 2245 ἐντεῦθεν
872 2219 954 2255 αὐτὴν

1010 2228 1038 2250 et
1051 2224 1085 2251 ob
1101 2213 1161 2258 qua:
1180 2233 1252 2252 nunc
1283 2226 1338 2254 illic
1365 2228 1494 2260 exsultat,
1510 2237 1571 2263 qnte
1584 2235 1610 2256 et
1631 2231 1749 2264 aurium,
1767 2238 1793 2260 et

166 2261 182 2286 ὁ
202 2261 305 2293 δίκαιος
323 2262 522 2298 μισθαποδότης
544 2263 696 2298 quaid/arm
718 2265 779 2290 ἐπεὶ
801 2266 848 2291 καὶ
873 2265 952 2292 τοῦτο

166 2308 239 2333 ποιεί
254 2307 383 2340 πολλάκις
399 2309 439 2340 εἰς
453 2309 595 2345 οἰκοδομὴν
616 2310 670 2336 τῶν
681 2310 812 2343 ἀπίστων,
831 2313 886 2343 τοῖς
907 2321 952 2347 μι-

166 2355 242 2388 κροῖς
253 2354 288 2381 τὰ
302 2354 405 2389 μεγάλα
420 2355 608 2390 πιστούμενος,
626 2357 673 2382 καὶ
688 2357 744 2388 τοῖς
759 2357 906 2392 ὁρωμένοις
919 2357 952 2384 τὰ

204 2411 226 2426 ’⁸
242 2411 313 2439 Psal.
329 2421 411 2445 cur,
425 2414 450 2440 5.

203 2482 537 2524 (20)ητὸιᾴιςᾳ.1ῴμεῖοις.
559 2484 712 2524 [ιρεεηιιηῃ
739 2486 785 2520 hu,
810 2488 855 2514 τὸν
868 2489 950 2524 ἁμιλ-

166 2517 295 2555 λώμενον.
312 2519 391 2555 Coisl.
409 2517 438 2550 1,
447 2520 501 2555 τῶν
513 2517 716 2555 ἁμιλλωμένων.

203 2553 259 2595 (21)
277 2554 345 2581 Μία.
374 2554 420 2582 Sic
446 2554 510 2590 lli-3.
532 2553 583 2587 hu,
601 2553 648 2582 0r.
668 2561 694 2583 et
714 2555 834 2585 Combef.
862 2559 950 2591 Editi,

283 2623 330 2658 Ὧς
344 2624 453 2656 οὐδείς.
471 2624 516 2652 Sic
531 2624 598 2660 Reg.
621 2625 667 2658 Im,
681 2631 707 2653 et
719 2626 802 2654 Coisl.
818 2628 842 2654 ι.
858 2628 906 2656 Ed.
922 2629 952 2660 ὃς

165 2658 263 2690 οὐδεὶς.

204 2693 258 2727 (25)
275 2693 340 2721 "Ir‘.
354 2693 418 2728 Reg.
433 2696 479 2726 hu,
494 2696 548 2723 ἵνα.

203 2727 257 2764 (24)
272 2731 509 2764 Τραχυνομένων.
530 2740 538 2755 ι
557 2730 708 2759 llorrentia.
728 2742 737 2758 ι

202 2763 260 2799 (25)
278 2763 441 2798 Θερίσαιὲν.
456 2766 540 2793 Coisl.
557 2766 582 2797 1.
601 2766 766 2802 θερισθεῖεν,
787 2778 795 2793 ι
816 2775 950 2796 ωειετθιιι

165 2802 259 2872 lui-20)
274 2834 329 2872 Td):
344 2836 494 2872 οίνράνιον.
508 2837 571 2872 Heg.
590 2839 625 2866 hu
649 2837 730 2866 Coisl.
753 2839 777 2872 Ι,
803 2838 883 2866 αὑτὸν
903 2839 950 2865 οὺ-

166 2868 268 2903 ράνιον,
282 2879 291 2895 t
309 2868 413 2900 Cazltim
429 2873 525 2906 ipsum.
542 2868 551 2897 ἰ

1008 2270 1133 2297 humana:
1160 2272 1269 2303 mentis.
1290 2278 1318 2300 et
1342 2274 1482 2302 oculorum
1512 2283 1621 2311 captum
1646 2278 1792 2311 excedunt,

1007 2316 1053 2342 sed
1067 2317 1148 2344 etiam
1161 2325 1206 2349 ea,
1220 2319 1381 2354 quaajnstus
1397 2321 1443 2347 ille
1463 2323 1610 2349 retrihutor
1626 2323 1652 2350 in
1673 2325 1723 2352 hac
1738 2326 1791 2352 vita

1008 2360 1058 2394 ipsi
1088 2363 1243 2397 rependit;
1261 2373 1323 2392 nam
1352 2366 1404 2394 hoc
1425 2374 1532 2402 quoque
1556 2377 1741 2398 smoeliumero
1758 2372 1791 2398 ad

1027 2491 1097 2552 6:27)
1110 2493 1143 2519 Ὢ
1158 2493 1345 2528 θερμότητος.
1360 2493 1406 2521 Sic
1422 2494 1477 2521 Jes.
1493 2495 1563 2522 Eum
1582 2503 1660 2528 vero,
1681 2495 1704 2523 ὣ
1729 2497 1790 2533 θερ-

1058 2535 1101 2552 'nc.

1114 2562 1144 2588 Ὣ
1159 2561 1213 2595 τῆς
1226 2562 1301 2596 μετὰ
1319 2564 1463 2598 λουτρόν,
1488 2569 1541 2591 etc.
1567 2573 1577 2590 ‹
1598 2563 1620 2592 0
1638 2566 1787 2593 castitatem

1005 2601 1066 2631 post
1082 2597 1252 2630 baptisnuun.
1269 2607 1278 2622 ι
1296 2598 1385 2626 Schol.
1400 2599 1466 2626 Cod.
1489 2599 1554 2629 Reiz.
1584 2599 1677 2627 Medic.
1696 2601 1789 2628 Ἔοικε

1007 2631 1049 2672 μὴ
1056 2631 1244 2672 προσελθοῦσα
1257 2632 1296 2672 τῷ
1308 2633 1384 2672 ἀνδρὶ
1401 2634 1468 2672 μετᾲ
1482 2635 1513 2672 τὸ
1529 2634 1680 2672 βάπτισμα,
1692 2636 1722 2662 οὐ
1728 2637 1788 2672 Απρὸ

1006 2665 1103 2704 πολλοῦ
1117 2667 1165 2704 τῆς
1185 2665 1337 2703 κοιμήσεως
1353 2665 1541 2703 βατέτισθεῖσαζ
1556 2678 1565 2694 ι
1583 2665 1693 2696 Videtur
1710 2665 1788 2704 (Gn-:-

1000 2702 1091 2738 gonia)
1110 2703 1142 2728 ad
1159 2704 1286 2738 maritum
1311 2702 1363 2730 non
1388 2705 1536 2730 accessisse
1560 2709 1618 2738 post
1643 2702 1786 2738 baptisma,

1000 2737 1147 2774 quodnon
1159 2737 1237 2771 longo
1254 2742 1317 2774 ante
1331 2743 1444 2774 mortem
1461 2737 1578 2774 tempore
1599 2739 1727 2774 suscepit.
1741 2749 1751 2767 ι

1114 2772 1296 2813 ςξγκραξείᾳ,
1312 2782 1321 2798 ε
1335 2773 1447 2813 jejunio,
1460 2771 1660 2813 abstinentia.)

1107 2806 1379 2846 Eatuptgjuiagyai.
1394 2807 1445 2846 0r._
1454 2809 1482 2846 ρ,
1497 2808 1747 2846 καταριθμήσαιμι.

1036 2841 1092 2876 (51)
1103 2842 1287 2876 Πέιιοίνυεῖναι.
1299 2841 1353 2870 Jcs.
1365 2843 1522 2879 ﬁpOd’Oﬁvat.
