2069 3131
283 136 338 165 ὁῸῚ

903 132 932 165 S.
953 137 1116 166 GREGORII
1135 137 1307 167 TllEOLOGl

1851 141 1904 169 808

285 201 377 221 eoruut
394 192 439 228 qui
460 193 539 220 dubia
553 193 605 220 [ide
627 198 700 225 sunt,
718 192 922 220 aediﬁcationem
935 193 1010 225 facit,
1021 201 1067 227 per

1121 194 1156 228 μὴ
1173 194 1298 229 ὁρώμενα
1326 194 1391 228 (5‘2).
1414 194 1484 229 Ἐρῶ
1509 194 1538 220 δὲ
1565 194 1597 220 τὰ
1630 195 1678 229 μὲν
1703 193 1828 229 γνώριμα
1845 196 1903 226 τοῖς

288 240 385 274 exigua
400 239 504 266 scilicet
515 245 543 266 et
565 240 591 266 iu
612 244 750 274 aspectuut
767 239 903 271 cadentia,
921 240 1070 274 majoribus

285 290 313 312 et
327 285 509 312 invisibilibus
525 285 605 312 ﬁdem
622 290 758 312 astruens.
773 284 896 312 Narrabo
908 289 998 312 autem
1009 293 1070 319 par-

286 331 336 358 tim
372 331 498 358 omnibus
525 335 598 360 nota,
627 330 725 365 partim
755 330 890 365 plerisque
919 338 1017 357 arcana
1044 336 1071 358 et

287 376 395 410 ignota;
409 376 537 402 nimirum
551 376 602 403 ltoc
626 383 733 410 quoque
753 376 812 410 ipsa
830 376 920 402 studio
941 376 1069 409 habebat,

286 421 319 448 de
333 421 480 455 gratiarum
492 422 570 449 donis
584 421 695 448 ntiniute
708 429 738 448 se
746 421 851 456 jactare
863 426 942 455 atque
949 422 1069 456 gloriari.

290 466 377 493 Mulas
392 466 451 493 illas
466 466 557 492 furore
573 466 690 500 percitas
706 466 801 498 nostis,
814 471 841 493 et
855 466 971 492 vehiculi
988 466 1069 492 abre—

285 512 417 546 ptionem,
432 510 632 544 iufaustamque
645 510 716 537 illaut
730 511 933 538 subversionem
943 530 950 542 ,
968 516 994 538 et
1006 511 1070 537 imr-

285 557 398 585 tendant
410 557 602 592 raptatiouem,
614 564 646 584 ac
662 556 747 584 malas
758 556 972 588 conlractiones,
990 561 1071 590 atque

285 603 350 631 itinc
374 608 461 631 ortam
484 602 638 630 houtinibus
658 610 673 628 a
702 602 755 629 lide
771 602 867 629 alienis
884 602 1069 634 oﬂ'ensioneut,

286 652 357 686 quod
373 658 470 686 nempe
489 651 555 685 justi
587 651 620 678 ad
651 651 723 678 hunc
747 653 856 678 modum
871 652 1024 684 tradantur,
1040 659 1071 678 ac

286 697 404 724 celerem
435 697 603 724 inﬁdelitatis
633 697 851 729 correctionem;
874 697 1002 731 quoniam
1026 697 1070 724 illa

285 734 391 770 ossibus
406 743 531 770 omnibus
550 747 576 768 et
591 742 730 775 membris,
744 747 798 769 tam
816 743 1069 777 conspicuis,quam

286 787 321 814 ab
340 792 450 822 aspectu
469 788 593 820 remotis,
612 787 727 814 contrita
752 792 780 815 et
802 787 922 820 concisa,
938 795 973 814 tte
987 788 1071 814 medi-

285 841 347 861 cunt
367 833 476 868 quidem
488 833 569 860 aliuut
581 838 679 868 printer
690 834 816 868 eum,qui
831 841 891 860 eam
909 833 1068 864 tradiderat,

1121 240 1196 265 πᾶσι.
1215 239 1248 265 τὰ
1264 239 1291 265 δὲ
1306 240 1447 274 ἀπόρρητα
1461 241 1516 271 τοῖς
1536 240 1656 272 πολλοῖς·
1678 241 1726 266 καὶ
1743 239 1821 267 τοῦτο
1835 241 1902 267 ὲκείν

1120 294 1168 320 νης
1187 285 1408 320 φιλοσοφησάσης
1427 286 1494 321 (55),
1516 286 1546 312 τὸ
1566 286 1603 321 μὴ
1619 285 1835 317 καλλωπίζεσθαι
1850 287 1905 317 τοῖς

1121 331 1296 366 χαρίσμασιν.
1316 332 1388 357 Ἴστε
1404 332 1453 362 τὰς
1473 331 1605 366 μανείσας
1629 331 1768 367 ἡμιόνους,
1797 331 1843 358 καὶ
1858 331 1906 365 τὴν

1121 377 1296 412 συναρπαγὴν
1315 377 1362 403 τοῦ
1379 377 1427 412 ὸχή
1433 386 1525 412 ματος,
1546 377 1593 404 καὶ
1611 377 1659 412 τὴν
1681 377 1818 417 ἀπευκτὴν
1833 378 1906 403 ὲκεί-

1120 430 1168 455 νην
1191 422 1368 458 περιτροπὴν,
1396 423 1442 449 καὶ
1460 422 1510 458 τὴν
1529 423 1630 450 ἄτοπον
1642 423 1725 456 ἕλξιν,
1742 423 1790 449 καὶ
1809 423 1843 450 τὰ
1856 432 1905 450 πο-

1120 466 1190 501 νηρὰ
1209 466 1410 502 συντρίμματα,
1425 468 1471 493 καὶ¹
1484 468 1514 493 τὸ
1526 467 1670 502 γενόμενον
1681 467 1803 494 ἐντεῦθεν
1823 469 1906 494 σκάν-

1120 510 1200 537 δαλον
1228 511 1284 543 τοῖς
1307 512 1440 544 ἀπίστοις,
1455 513 1479 538 εἰ
1500 512 1571 538 οὕτω
1587 513 1686 539 δίκαιοι
1705 513 1905 548 παραδίδονται,

1120 558 1167 584 καὶ
1186 558 1235 593 τὴν
1253 559 1366 593 ταχεῖαν
1382 559 1430 594 τῆς
1447 559 1574 590 ἀπιστίας
1590 559 1732 594 διόρθωσιν
1743 567 1750 574 ⁸
1763 559 1804 585 ὄτι
1818 559 1907 585 πάντα

1121 604 1290 639 συντριϐεῖσα
1307 604 1353 630 καὶ
1366 607 1532 637 συγκοπεῐσα
1549 605 1595 630 καὶ
1607 605 1674 631 ὀστᾶ
1693 604 1740 631 καὶ
1757 604 1823 640 μέλη
1839 604 1907 639 (54),

1120 650 1262 684 καὶὰιρανῆ
1277 650 1323 676 καὶ
1333 650 1492 685 φαινόμενα,
1509 650 1556 677 καὶ
1566 649 1626 676 οὔτε
1642 650 1733 685 ἰατρὸν
1746 650 1824 676 ἄλλον
1838 650 1907 685 πλὴν

1119 695 1166 721 τοῦ
1181 695 1345 730 παραδόντος
1359 696 1487 730 ἠνέσχετο
1497 704 1504 711 ⁸
1520 695 1588 731 ὁμοῦ
1606 695 1654 730 μὲν
1671 695 1718 722 καὶ
1728 695 1788 730 δψιν
1803 695 1907 731 ἀνδρῶν

1120 741 1264 776 αἰδουμένη
1285 741 1332 767 καὶ
1347 742 1438 776 χεῖρας
1465 741 1505 776 (τὸ
1522 742 1577 776 γὰρ
1590 741 1701 776 κόσμιον
1723 741 1772 767 κάν
1784 743 1840 772 τοῖς
1856 742 1908 768 πά-

1121 785 1178 812 θεσι
1191 785 1367 820 διεσώσατο)·
1384 785 1452 821 ὁμοῦ
1468 786 1495 812 δὲ
1511 786 1558 813 καὶ
1568 786 1617 821 τὴν
1629 785 1776 820 ἀπολογίαν
1788 785 1907 822 ζητοῦσα

1121 831 1197 866 παρὰ
1219 830 1266 857 τοῦ
1294 831 1381 858 ταῦτα
1400 831 1498 858 παθεῖν
1511 833 1744 867 συγχωρήσαντος,
1761 831 1822 858 οὔτε
1842 832 1907 867 παρ’

287 879 388 907 habere
399 879 548 909 sustinuit;
564 884 620 905 tum
634 879 704 913 quod
719 879 840 905 virorum
860 878 952 906 oculos
970 883 996 905 et
1012 886 1069 904 ma-

1121 876 1200 903 ἀλλου
1216 876 1288 908 τινὸς
1303 876 1319 912 ἢ
1340 877 1444 903 ἐκείνου
1461 877 1512 911 τῆς
1532 878 1670 913 σωτηρίας
1691 878 1799 913 ἔτυχεν·
1816 878 1853 910 ὡς
1869 879 1907 914 μὴ

285 933 336 952 nus
351 925 523 953 erubesceret
539 925 711 960 (utodestiattt
735 926 807 952 enim
833 930 861 952 et
877 924 1068 952 verecundiam

287 970 313 996 iit
327 970 393 1004 ipsis
405 977 512 1004 quoque
533 970 671 997 doloribus
701 970 812 997 retinuit
825 969 848 1005 ),
879 975 934 996 tum
954 969 1023 1003 quod
1037 969 1070 995 ab

285 1023 318 1042 eo
335 1015 518 1044 defensionem
548 1020 692 1050 quzcrerel,
719 1016 795 1050 cujus
810 1015 943 1050 permissu
960 1015 985 1042 in
1002 1015 1071 1041 hanc

285 1061 466 1089 calamitatem
483 1062 627 1093 inciderat,
648 1070 696 1089 nec
718 1062 752 1088 ab
778 1062 831 1088 ullo
847 1061 910 1093 alio,
927 1069 1008 1096 quant
1036 1062 1070 1088 ab

285 1114 318 1133 eo
344 1106 457 1134 salutem
470 1111 512 1134 est
524 1110 683 1134 consecuta.
700 1106 759 1139 Quo
776 1107 877 1133 factum
894 1112 947 1138 est,
970 1111 998 1132 ut
1010 1105 1066 1140 qni-

286 1153 346 1178 dam
365 1159 417 1178 non
433 1153 519 1186 magis
537 1152 587 1179 hac
615 1151 769 1179 calamitate
795 1154 926 1187 percussi,
943 1159 1023 1187 quant
1037 1160 1070 1178 ex

287 1198 424 1231 insperato
439 1197 565 1224 sanitatis
579 1198 710 1224 restituta:
735 1197 866 1224 miraculo
889 1202 999 1231 stupore
1011 1204 1071 1231 per-

286 1243 352 1271 culsi
365 1243 475 1276 fuerint,
492 1249 572 1278 atque
589 1244 624 1270 ob
643 1250 701 1270 eam
727 1250 836 1270 causam
863 1244 920 1270 haec
941 1243 1071 1277 tragotdin

287 1288 432 1322 contigisse
464 1288 520 1315 visa
546 1288 593 1321 sit,
622 1293 651 1314 ιιι
682 1287 794 1322 gloriam
812 1292 840 1314 et
853 1287 1025 1322 splendorem
1037 1294 1070 1313 ex

287 1333 371 1367 228
396 1333 594 1361 calamitatibus
611 1338 848 1367 consequeretur;
874 1332 1001 1358 nimirum
1027 1331 1071 1358 illa

286 1379 393 1412 quidem
412 1378 506 1406 dolore
520 1379 615 1406 aﬂ'ecta
631 1383 660 1404 ut
672 1378 764 1408 homo,
783 1382 955 1410 prmstauttus
967 1381 1069 1409 atttctn,

287 1432 366 1458 quam
398 1424 515 1450 humana
541 1424 660 1450 conditio
695 1423 767 1449 l‘erre
795 1422 942 1454 videretur,
976 1428 1070 1448 sanata

287 1469 456 1502 posterisque
474 1469 658 1495 narrationem
673 1467 819 1501 praeberet,
835 1466 979 1492 maximam
999 1465 1069 1492 illam

288 1515 395 1548 quidem
411 1514 444 1540 ad
469 1515 529 1541 lidei
555 1514 581 1540 iit
598 1512 798 1544 aﬂlictionibus,
819 1517 846 1538 et
868 1511 1029 1538 constantiae
1044 1512 1069 1538 in

1123 921 1221 956 μᾶλλον
1233 922 1288 956 (55)
1304 922 1350 948 ἐπὶ
1364 921 1403 957 τῷ
1418 922 1497 949 πάθει
1517 922 1652 958 πληγῆναί
1670 932 1755 955 τινας,
1775 924 1791 960 ἢ
1811 924 1857 949 ἐπὶ
1867 925 1906 959 τῷ

1121 967 1263 1002 παραδόξῳ
1277 967 1327 1002 τῆς
1342 968 1447 1001 ὑγιείας
1470 969 1688 1003 καταπλαγῆναι,
1704 969 1750 995 καὶ
1762 969 1806 995 διὰ
1828 969 1907 995 τοῦτο

1120 1010 1195 1043 δόξαι
1215 1011 1350 1046 συμϐῆναι
1368 1012 1418 1047 τὴν
1445 1012 1606 1047 τραγῳδίαν,
1625 1013 1658 1038 ἵν’
1682 1013 1827 1048 ἐνδοξασθῇ
1851 1015 1906 1045 τοῖς

1121 1056 1219 1083 πάθεσι
1235 1064 1241 1071 ·
1264 1057 1387 1083 παθοῦσα
1404 1057 1453 1092 μὲν
1465 1058 1502 1089 ὡς
1516 1058 1667 1094 ἄνθρωπος,
1684 1058 1786 1084 ίαθεῖσα
1799 1059 1827 1085 δὲ
1838 1059 1905 1094 ὑπὲρ

1121 1101 1274 1137 ἄνθρωπον,
1289 1104 1335 1129 καὶ
1342 1103 1463 1139 διήγημα
1477 1103 1559 1130 δοῦσα
1575 1106 1631 1136 τοῖς
1645 1104 1767 1139 ὕστερον,
1780 1104 1905 1138 μέγιστον

1123 1148 1172 1182 μὲν
1192 1149 1231 1180 είς
1247 1149 1384 1181 ἀπόδειξιν
1403 1149 1452 1185 τῆς
1478 1150 1507 1175 ὲν
1523 1151 1579 1181 τοῖς
1596 1150 1694 1177 πάθεσι
1723 1150 1839 1180 πίστεως
1859 1150 1905 1176 καὶ

1121 1193 1170 1228 τῆς
1186 1193 1253 1229 πρὸς
1267 1195 1301 1220 τὰ
1314 1194 1388 1221 δεινὰ
1402 1195 1558 1230 καρτερίας,
1574 1194 1665 1230 μεῖζον
1676 1195 1704 1221 δὲ
1714 1195 1764 1230 τῆς
1779 1195 1827 1221 τοῦ
1840 1195 1906 1220 Θεοῦ
1948 1203 1951 1206 '

1121 1239 1185 1274 περὶ
1196 1240 1259 1271 τοὺς
1274 1240 1409 1273 τοιούτους
1422 1241 1637 1275 φιλανθρωπίας,
1652 1241 1697 1276 Τῷ
1711 1241 1775 1276 γὰρ,
1790 1241 1846 1267 Ὅτ¹
1870 1239 1906 1267 ἂν

1121 1285 1201 1318 πέσῃ
1223 1287 1258 1313 οὐ
1273 1287 1555 1320 καταρῤαχυήσεται,
1572 1285 1693 1321 περὶτοῦ
1702 1285 1805 1312 δικαίου
1819 1285 1906 1316 καλῶς

1121 1331 1268 1366 εἰρημένῳ,
1283 1332 1434 1367 προσετέθη
1449 1332 1614 1366 καινότερον,
1625 1332 1655 1357 τὺ
1666 1331 1718 1358 κᾶν
1734 1332 1906 1367 καταρῤαγῇ,

1120 1378 1234 1409 ’τάχιστα
1249 1376 1432 1411 ὀρθωθήσεται
1445 1376 1512 1412 (56),
1532 1376 1580 1402 καὶ
1599 1375 1800 1412 δοξασθήσεται.
1811 1376 1842 1401 Et
1855 1376 1906 1410 γὰρ

1121 1423 1197 1459 παρὰ.
1218 1424 1248 1450 τὸ
1260 1424 1333 1456 εἰκὸς
1352 1425 1451 1451 ἔπαθεν
1468 1424 1535 1460 (57),
1551 1424 1619 1451 ἀλλὰ
1641 1425 1688 1450 καὶ
1703 1424 1773 1459 ὑπὲρ
1786 1424 1816 1450 τὸ
1836 1424 1907 1455 εἰκὸς

1121 1469 1256 1504 ἐπανῆλθε
1268 1470 1336 1505 πρὸς
1354 1471 1463 1506 ἑαυτὴν,
1486 1472 1524 1502 ὡς
1537 1469 1636 1506 μικροῦ
1651 1470 1706 1505 (58)
1722 1470 1857 1505 κλαπῆναι
1873 1471 1908 1505 τῇ

1121 1513 1212 1549 ὺγιεὶξι
1225 1514 1256 1540 τὺ
1276 1515 1371 1547 πάθος,
1385 1516 1432 1542 καὶ
1457 1516 1690 1551 περιφανεστέραν
1706 1515 1832 1549 γενέσθαι
1858 1515 1908 1550 τὴν

287 1561 415 1594 gravibus
441 1565 469 1586 et
483 1560 642 1594 periculosis
665 1561 745 1586 rebus
768 1563 968 1594 argumentum,
987 1558 1070 1592 majo-

1122 1557 1270 1592 θεραπείαν
1284 1559 1301 1593 ἢ
1314 1559 1364 1595 τὴν
1383 1560 1502 1596 πληγήν.

288 1614 345 1633 rem
360 1612 449 1634 autent
459 1608 493 1634 ad
509 1606 606 1634 divina:
628 1614 690 1642 erga
706 1606 861 1640 hujusmodi
885 1605 1008 1632 homines
1042 1603 1217 1639 benignitatis
1242 1605 1513 1634 demonstrationem.
1541 1606 1581 1634 Ad
1615 1607 1641 1634 id
1666 1606 1750 1637 enim,
1781 1606 1851 1640 quod
1873 1605 1907 1632 de

287 1653 359 1688 justo
382 1654 441 1682 viro
469 1658 542 1681 recte
558 1653 659 1680 dictum
683 1657 748 1679 est:
783 1650 850 1678 Cum
878 1651 1011 1684 ceciderit,
1042 1659 1092 1677 non
1124 1651 1261 1678 collidelur
1277 1652 1310 1685 ",
1327 1653 1412 1686 magis
1437 1660 1535 1680 novum
1548 1653 1648 1687 aliquid
1664 1654 1818 1688 adjunctutn
1843 1657 1906 1679 est:

288 1700 399 1727 Etiamsi
427 1700 538 1727 collisus
572 1699 665 1730 fueril,
692 1698 835 1726 celerrime
859 1696 1009 1729 sanabitur,
1044 1697 1181 1732 gloriaque
1213 1698 1392 1725 allicietur“.
1415 1698 1482 1726 Nam
1511 1699 1559 1730 si,
1591 1706 1770 1733 prmterquam
1797 1705 1902 1732 aaquum

291 1744 810 1780 essevidcbatur,a-grotatit,atetiam
845 1748 1025 1779 praeterquam
1055 1742 1113 1769 ﬁeri
1134 1750 1213 1777 posse
1238 1745 1390 1777 videbatur,
1418 1746 1451 1772 ad
1477 1753 1507 1772 se
1533 1745 1623 1778 rediit,
1646 1745 1714 1772 adeo
1731 1749 1759 1771 ut
1770 1745 1908 1771 ntorbusa

290 1792 406 1819 sanitate
424 1792 616 1826 propemodum
632 1790 773 1824 subreptus
785 1791 832 1821 sit,
856 1789 1011 1823 clariorque
1025 1789 1142 1822 curatio,
1161 1798 1241 1824 quant
1256 1790 1332 1825 plaga
1348 1790 1441 1818 fuerit.

326 1837 397 1865 XVI.
416 1836 437 1864 0
456 1836 615 1864 laudabilem
631 1841 659 1862 et
675 1835 861 1862 admirandam
876 1833 1073 1861 calamitatem!

291 1884 314 1911 Ο
340 1883 492 1919 passionem
514 1882 699 1909 incoluutilate
723 1880 928 1907 sublimiorem!
955 1879 976 1906 υ
992 1886 1073 1912 quant

290 1931 347 1958 itare
364 1929 455 1961 verba,
472 1927 607 1954 l’ercutt’et
624 1932 647 1953 et
662 1926 805 1952 turundam
833 1924 973 1956 adhibebit,
989 1928 1011 1950 et
1029 1932 1074 1950 sa-

290 1977 372 2008 nabit,
389 1981 412 2002 et
427 1975 502 2001 tertia
514 1974 556 2001 die
582 1973 720 2000 suscituhit
737 1972 770 2002 ",
785 1972 848 1998 licet
862 1971 895 1998 ad
908 1971 988 1997 altius
998 1970 1074 2004 quid-

290 2024 351 2051 dam
371 2021 510 2056 magisque
523 2020 665 2055 mysticum
681 2019 831 2048 tenderent,
849 2022 878 2044 ut
905 2024 971 2043 sane
989 2021 1075 2042 teten-

290 2069 398 2100 derunt,
413 2066 586 2094 ttihilosecius
608 2071 696 2092 tanteu
714 2063 792 2097 hujus
807 2070 913 2097 quoque
928 2061 1073 2088 calamitati

291 2116 404 2151 pulchre
420 2114 585 2142 conveniunt
598 2113 605 2139 l
626 2112 679 2139 Sed
693 2112 744 2138 hoc
755 2111 890 2140 outuibus,
905 2115 987 2135 etiam
1010 2116 1074 2142 pro-

291 2160 334 2188 cul
347 2168 362 2186 a
378 2160 456 2187 nobis
473 2158 584 2190 dissitis,
601 2162 711 2189 uotum;
736 2156 769 2182 ad
788 2162 881 2182 omnes
903 2154 973 2180 enim
991 2154 1071 2186 hujus

290 2205 413 2234 miraculi
426 2205 496 2232 fama
511 2203 689 2239 pet-manavit,
706 2207 786 2236 atque
809 2202 866 2228 hinc
889 2200 1001 2227 historia
1020 2207 1071 2226 uua

290 2260 352 2280 eum
373 2250 539 2278 admirandis
552 2249 612 2276 aliis
629 2248 676 2275 Dei
703 2247 840 2282 operibus,
856 2249 884 2272 et
901 2245 1071 2279 potentiis,in

290 2297 411 2324 ontuium
426 2296 525 2330 linguis
550 2295 715 2328 auribusque
739 2297 872 2319 versatur.
892 2291 968 2324 Quod
983 2296 1072 2318 autem

291 2344 317 2370 in
331 2342 427 2376 vulgus
443 2342 531 2368 adhuc
543 2341 577 2368 ob
592 2348 665 2372 eam,
682 2346 762 2373 quant
779 2337 846 2369 dixi,
860 2336 1030 2370 sapientiam,
1046 2340 1074 2363 ct

291 2389 418 2423 pietatem
433 2395 447 2414 a
463 2387 533 2414 fastu
547 2392 628 2421 atque
644 2385 827 2413 ostentatione
851 2383 978 2415 alienam,
997 2382 1072 2418 igno-

291 2439 348 2461 tuut
361 2439 388 2461 et
404 2433 548 2460 obscurum
562 2437 614 2464 est,
630 2431 707 2458 visne
729 2431 785 2465 jam
802 2429 828 2456 itt
850 2428 967 2455 medium
981 2428 1072 2461 profe-

326 2492 350 2508 ²³
361 2491 433 2519 Psal.
446 2498 540 2523 xxxvt,
554 2490 599 2517 ει.
637 2489 660 2505 ³³
672 2489 743 2516 Psal.
761 2495 837 2519 cxcv,
855 2487 883 2513 8.

327 2560 384 2594 (52)
409 2559 563 2594 Ὀρὼμενα.
578 2558 659 2595 Coisl.
676 2559 702 2589 1,
717 2557 879 2595 βλεπόμενα.
911 2590 925 2595 η

328 2590 384 2631 (55)
401 2590 665 2629 Φιξὶοὶγοφησάσης.
686 2603 695 2618 ι
715 2590 782 2620 Cum
803 2590 855 2618 hoc
880 2590 1004 2625 teligiose
1025 2597 1073 2617 ca-

290 2635 375 2659 veret.
393 2639 403 2657 ι

327 2665 383 2701 (54)
396 2664 450 2693 Καὶ
461 2664 551 2699 μέλη.
564 2664 630 2698 lieg.
648 2663 695 2695 itu,
710 2663 792 2691 Coisl.
816 2664 842 2695 ‘l,
865 2662 911 2688 καὶ
932 2660 1073 2696 ἁρμονίας,

295 2710 305 2727 ι
324 2707 475 2735 compages.
491 2709 503 2735 ν»

328 2730 394 2771 (55)¹
408 2730 504 2768 Ὠς-μὴ
519 2733 649 2771 μᾶλλον,
664 2737 716 2760 etc.
732 2742 741 2758 ι
758 2731 800 2771 Ut_
811 2730 972 2771 ttonnntagis
994 2737 1073 2771 casus

295 2766 448 2796 acerbitate
457 2766 676 2803 percellereutur.
692 2776 771 2802 quatit
794 2766 914 2794 inaudito
940 2766 1071 2793 restituta:

293 2805 387 2833 salutis
401 2804 529 2831 miraculo
544 2807 690 2837 stuperent.
712 2812 720 2828 ι

330 2839 384 2869 (36)
408 2838 629 2871 Ὀρθωθήσεται.
645 2848 654 2864 ι
672 2837 804 2873 lirigetur.
816 2847 824 2862 t

1159 1836 1218 1868 ις’.
1229 1836 1260 1861 Ὢ
1277 1836 1418 1870 συμφορᾶς
1429 1835 1626 1870 ἐπαινουμένης
1640 1835 1687 1861 καὶ
1695 1834 1864 1870 θαυμασίαςι
1876 1836 1910 1863 Ὠ

1123 1882 1226 1914 πάθους
1241 1882 1373 1914 ἀπαθείας
1387 1882 1569 1918 ὑψηλοτέρουῑ
1588 1882 1620 1908 Ὢ
1636 1882 1696 1915 τοῦ,
1711 1882 1839 1915 Πατάξει
1855 1882 1907 1910 καὶ

1118 1928 1258 1962 μοτώσει,
1287 1929 1336 1955 καὶ
1362 1929 1491 1963 ὑγιάσει,
1520 1929 1570 1955 καὶ
1595 1928 1670 1963 μετά
1694 1929 1773 1962 τρεῖς
1795 1929 1908 1963 ἡμέρας

1122 1973 1297 2007 ἀναστήσει,
1318 1974 1447 2010 φέροντος
1459 1975 1507 2010 μὲν
1524 1974 1579 2009 (59)
1592 1975 1632 2006 εἰς
1646 1974 1738 2009 μεῖζον
1755 1975 1801 2002 καὶ
1813 1983 1906 2010 μυστι-

1123 2018 1252 2052 κώτερον,
1270 2018 1364 2054 ὥσπερ
1378 2017 1424 2046 οὖν
1438 2020 1564 2053 ἦνεγκεν,
1577 2020 1626 2053 οὐχ
1643 2017 1723 2054 ἧττον
1734 2019 1761 2046 δὲ
1773 2021 1829 2051 τοῖς
1842 2020 1892 2047 ταύ

1122 2072 1171 2099 της
1188 2064 1243 2099 (40)
1261 2064 1426 2100 ἁρμόζοντος
1439 2065 1554 2092 πάθεσιῑ
1571 2065 1657 2092 Τοῦτο
1675 2065 1725 2100 μὲν
1737 2063 1793 2097 οὖν,
1815 2065 1829 2091 ὅ
1841 2067 1907 2092 πᾶσι

1123 2109 1255 2144 πρόδηλον
1268 2111 1315 2137 καὶ
1336 2111 1393 2141 τοῖς
1409 2110 1561 2147 πόρρωθεν,
1575 2110 1636 2137 ἐπεὶ
1650 2110 1696 2136 καὶ
1713 2111 1753 2141 είς
1765 2110 1866 2142 πάντας
1878 2110 1907 2136 τὺ

1122 2155 1214 2190 θαῦμα
1229 2155 1331 2191 διῆλθε,
1347 2157 1394 2182 καὶ
1408 2157 1436 2182 ὲν
1447 2158 1507 2188 ταῖς
1521 2156 1628 2183 πάντων
1645 2157 1733 2182 κεῖται
1747 2155 1802 2190 (Η)
1822 2155 1896 2189 γλώσ

1124 2210 1184 2233 σαις
1199 2203 1245 2229 καὶ
1253 2203 1347 2233 ἀκοαῖς
1355 2202 1385 2228 τὸ
1394 2202 1516 2237 διήγημα
1531 2202 1600 2237 μετὰ
1613 2201 1666 2228 τῶν
1680 2201 1766 2228 ἄλλων
1783 2201 1829 2227 τοῦ
1840 2199 1906 2226 Θεοῦ

1126 2248 1283 2284 θαυμασίων
1296 2257 1326 2274 τε
1339 2248 1386 2275 καὶ
1409 2248 1559 2283 δυνάμεων.
1575 2247 1612 2274 Τὸ
1623 2247 1651 2274 δὲ
1670 2247 1751 2282 μέχρι
1768 2246 1814 2273 νῦν
1828 2247 1893 2280 ὰγνο

1125 2295 1239 2329 σύμενον
1252 2296 1308 2327 τοῖς
1333 2294 1439 2326 πολλοῖς
1455 2295 1502 2321 καὶ
1520 2293 1705 2329 κρυπτόμενον
1726 2292 1760 2318 δι’
1776 2293 1809 2327 ἣν
1832 2289 1905 2317 εἴποι.

1127 2340 1284 2375 φιλοσοφίαν
1297 2359 1304 2371 ,
1335 2341 1381 2366 καὶ
1408 2339 1439 2366 τὸ
1462 2341 1511 2375 τῆς
1538 2339 1677 2370 εὐσεϐείας
1697 2338 1796 2372 ἄτυφόν
1812 2345 1841 2363 τε
1862 2338 1906 2364 καὶ

1126 2384 1340 2415 ἀκαλλώπιστον,
1357 2385 1426 2411 εἴπω
1458 2384 1588 2416 κελεύεις,
1616 2380 1638 2409 ὦ
1656 2382 1791 2417 ποιμένων
1814 2382 1904 2416 ἄριστε

1127 2430 1174 2456 καὶ
1192 2429 1352 2462 τελεώτατε,
1367 2430 1382 2455 ὁ
1394 2429 1441 2456 τοῦ
1471 2430 1543 2464 ἱεροῦ
1559 2429 1694 2465 προὸἁτου
1719 2427 1821 2454 ἐκείνου
1849 2436 1893 2454 ποι

922 2486 945 2502 ’⁵
960 2485 1023 2514 Ose.
1037 2493 1074 2518 v1,
1095 2486 1122 2514 2.

1159 2555 1216 2590 (57)
1233 2557 1374 2583 Ἐπαθεν.
1389 2565 1398 2580 ι
1416 2554 1494 2582 Passa
1512 2558 1563 2581 est.
1578 2563 1587 2578 I

1160 2585 1216 2626 (58)
1234 2591 1281 2623 Ὠς
1293 2590 1413 2625 μικροῦ,
1431 2595 1484 2616 etc.
1505 2599 1514 2615 ι
1536 2590 1567 2616 Ut
1587 2587 1647 2614 ntali
1671 2587 1712 2614 vis
1731 2585 1818 2613 subita
1836 2585 1907 2612 salti-

1126 2631 1180 2652 tate
1197 2634 1278 2659 prope
1293 2626 1418 2659 subrepta
1432 2626 1475 2651 sit.
1496 2635 1504 2650 I

1160 2654 1216 2695 (39)
1231 2654 1383 2694 τύἐροντοξ
1402 2659 1469 2693 μέν.
1493 2661 1538 2686 b‘ic
1568 2658 1650 2694 [ἷξες.
1672 2657 1728 2688 but,
1755 2656 1801 2685 hu.
1820 2654 1907 2682 etOr.

1126 2694 1206 2721 Deest
1225 2696 1284 2722 μέν.
1300 2697 1324 2722 itt
1339 2699 1382 2720 ett.

1143 2704 1206 2721 lCCSl
1225 2704 1284 2730 μεν,
1300 2704 1324 2722 ΙΙΙ
1339 2704 1382 2720 Cll.

1143 2730 1218 2770 _'(ttO)
1233 2731 1305 2770 ’Τοῖς
1327 2730 1447 2763 ταύτης.
1472 2728 1517 2756 Sic
1542 2727 1660 2756 melioris
1674 2731 1744 2756 uota:
1763 2725 1842 2753 codd.
1857 2724 1910 2752 Ed.

1131 2773 1339 2835 initiiigigiu.
1360 2799 1438 2828 Deest
1454 2800 1479 2827 in
1493 2798 1612 2834 pluribus
1627 2795 1777 2826 codicibus.
