2069 3131
170 153 224 181 8ὒ9

491 151 620 179 ORATIO
639 151 705 179 VIII.
726 167 759 172 —
779 149 812 177 IN
833 150 973 178 LAUDEM
994 150 1141 178 SOIIORIS
1159 150 1238 178 SUAE
1260 149 1458 178 GORGONIIE.

1744 150 1796 177 8H)

172 211 225 247 μὴν
238 211 305 248 (ΔΞ),
322 210 367 237 καὶ
383 210 461 237 τοῦτο
472 211 558 243 νεύεις
575 210 685 242 λοιπόν;
701 209 809 245 Ἐπειδὴ
824 209 872 236 καὶ
884 208 958 244 μόνοι

1019 216 1081 241 'am,
1100 216 1115 235 ο
1130 213 1267 243 pastorum
1281 209 1381 242 optime
1394 211 1422 235 et
1443 207 1650 242 perfectissime.
1670 212 1696 235 et
1712 215 1797 236 sacrae

171 257 201 283 τὸ
222 257 368 293 μυστήριον
381 257 592 292 ὲπιστεύῦημεν,
608 256 656 283 καὶ
675 255 813 291 μάρτυρες
836 255 961 290 ἀλλήλοις

172 303 255 338 ἐσμὲν
274 304 329 338 (45)
358 302 404 329 τοῦ
421 302 576 338 θαύματος·
601 302 617 338 ἢ
635 302 675 328 ἔτι
692 303 724 337 τῇ
742 300 897 336 ἀπελθούσῃ
912 300 960 336 τὴν

173 349 264 376 πίστιν
278 348 440 384 φυλάξωμεν
448 349 521 384 (44);
544 348 624 375 ’Λλλά
637 357 682 384 μοι
693 348 775 378 δοκεῖ,
792 347 886 381 ὥσπερ
901 347 961 372 τότε

172 395 268 430 καιρὸς
285 395 340 431 (45)
360 393 430 422 εἶναι
450 395 499 431 τῆς
521 395 637 428 σιωπῆς,
656 395 725 421 οὕτω
736 394 783 421 νῦν
799 395 848 429 τῆς
871 393 963 426 ἐξαγο-

174 441 302 477 ρεύσεως,
325 441 356 467 οὐ
372 441 451 476 μόνον
467 442 507 473 εἰς
521 441 569 476 τὴν
587 440 632 467 τοῦ
650 440 717 466 Θεοῦ
732 439 821 472 δόξαν,
835 439 904 465 ἀλλὰ
916 439 962 466 καὶ

173 488 213 519 εις
228 486 400 523 παράκλησιν
414 487 468 513 τῶν
483 488 512 514 ἐν
527 486 655 522 θλίψεσιν.

208 620 259 648 IZ'.
280 619 418 654 Ἔχαμνεν
437 617 505 653 αὐτῇ
524 617 554 643 τὸ
571 617 661 652 σῶμα,
676 617 724 642 καὶ
748 616 863 642 διέκειτο
880 615 963 650 πονή-

175 675 239 703 ρως,
253 666 299 692 καὶ
321 665 338 700 ἡ
350 664 427 696 νόσος
441 661 475 699 ἦν
488 663 541 689 τῶν
553 662 645 698 ἀήθων
665 662 711 688 καὶ
725 661 877 689 ἀλλοκότων
888 670 895 676 ·
912 661 965 687 πύ-

175 721 257 749 ρωσις
284 712 333 747 μὲν
358 710 443 746 ἁθρόα
468 709 567 741 παντὸς
590 709 636 735 τοῦ
663 708 803 744 σώματος,
834 709 881 735 καὶ
909 706 965 734 οἷον

175 759 296 795 βρασμός
312 767 364 790 τις,
380 757 427 784 καὶ
441 756 516 788 ζέσις
532 756 656 791 αἵματος,
673 753 733 782 εἶτα
758 755 839 790 πῆξις
856 754 963 786 τούτου,

173 806 221 832 καὶ
236 805 336 841 νάρκη,
351 803 397 830 καὶ
414 803 543 839 ὠχρίασις
555 802 677 833 ἄπιστος,
694 802 740 828 καὶ
754 801 799 827 νοῦ
814 801 860 827 καὶ
877 800 965 836 μελῶν

174 849 343 885 παράλυσις·
361 848 407 875 καὶ
431 848 510 874 τοῦτο
538 847 587 874 οὐκ
603 848 635 873 ὲκ
653 846 766 882 μακρῶν
781 846 835 872 τῶν
855 845 966 880 διαστη-

175 896 286 932 μάτων.
304 895 361 921 ἀλλ’
378 892 412 930 ἦν
435 894 478 920 ὅτε
500 894 546 920 καὶ
566 893 625 920 λίαν
647 891 766 927 συνεχῶς
782 891 837 927 (46)
849 900 856 905 ·
875 891 923 917 καὶ
934 891 965 917 τὸ

174 942 258 969 κακὸν
269 941 319 968 οὐκ
335 939 504 976 ἀνθρώπινον
533 938 682 975 ἐνομίζετο,
700 937 748 964 καὶ
772 936 834 964 οὔτε
863 937 963 972 ἰατρῶν

173 987 276 1023 ἤρκουν
290 985 381 1020 τέχναι
398 984 457 1011 λίαν
485 983 621 1019 ἐπιμελῶς
639 983 875 1018 διασκεπτομένων
900 981 965 1017 περὶ

173 1032 221 1058 τοῦ
234 1031 346 1062 πάθους,
361 1030 406 1057 καὶ
426 1029 487 1056 καθ’
501 1029 595 1056 ἑαυτὸν
606 1029 733 1060 ἑκάστου,
749 1028 796 1055 καὶ
814 1029 863 1055 σὺν
880 1027 965 1062 ἀλλή-

173 1075 240 1108 λοις,
252 1074 312 1101 οὔτε
321 1074 421 1109 γονέων
428 1075 543 1109 δάκρυα,
553 1073 638 1100 πολλὰ
652 1073 782 1105 πολλάκις
789 1073 881 1108 δεδυνη
887 1072 966 1108 μένα,

173 1120 236 1147 οὔτε
261 1120 397 1155 πάνδημοι
413 1119 485 1146 λιταὶ
505 1119 552 1146 καὶ
569 1119 685 1151 ίκεσίαι,
705 1118 748 1150 ἃς,
775 1118 813 1150 ὡς
830 1119 900 1154 ὑπὲρ
916 1118 966 1154 τῆς

174 1166 270 1193 ἑαυτοῦ
287 1165 424 1201 σωτηρίας
435 1165 560 1198 ἕκαστος,
578 1164 719 1191 ἐποιοῦντο
734 1165 787 1196 πᾶς
803 1165 816 1190 ό
829 1164 903 1195 λαός
920 1164 967 1190 καὶ

174 1212 228 1248 γὰρ
252 1210 287 1248 ἦν
312 1211 399 1238 ἅπασι
427 1211 549 1245 σωτηρία
571 1211 602 1237 τὺ
617 1211 723 1246 ἐκείνην
742 1210 886 1242 σώζεσθαι,
914 1210 967 1236 ὦσ-

174 1269 228 1295 περ
247 1259 413 1292 τούναντίον,
435 1259 520 1291 πάθος
538 1259 626 1286 κοινὸν
646 1259 676 1286 τὸ
697 1261 730 1295 τῇ
752 1259 894 1295 ἀρρωστία
919 1268 968 1286 κα-

173 1307 313 1334 κοπαθεῖν.

210 1453 264 1480 IFI'.
279 1451 311 1478 Τί
331 1448 404 1487 οὖνὴ
420 1449 525 1486 μεγάλη
543 1449 591 1476 καὶ
609 1448 663 1475 τῶν
685 1448 820 1483 μεγίστων
833 1447 889 1484 (47)
903 1447 968 1481 ἀξία

174 1499 260 1535 ψυχὴ,
276 1499 322 1526 καὶ
337 1498 408 1533 τίςὴ
434 1496 540 1533 ἰατρεία
558 1495 606 1522 τοῦ
620 1495 739 1527 πάθους;
761 1494 893 1521 Ἐνταῦθα
913 1494 968 1529 γὰρ

176 1546 227 1582 ἤδη
251 1545 298 1572 καὶ
323 1544 352 1571 τὸ
379 1543 545 1579 ἀπόρρητον.
578 1541 691 1568 Πάντων
722 1540 880 1575 ἀπογνοῦσα
913 1540 967 1567 τῶν

176 1592 274 1622 ἄλλων.
289 1592 335 1618 ἐπὶ
346 1591 391 1618 τὸν
401 1590 508 1617 πάντων
520 1589 610 1625 ἰατρὸν
626 1587 804 1623 καταφεύγει,
815 1588 862 1614 καὶ
872 1587 968 1619 νυκτὸς
982 1599 1004 1628 C

176 1639 280 1676 ἀωρίαν
294 1639 452 1674 τηρήσασα,
469 1637 566 1673 μικρὸν
584 1635 713 1671 ἐνδούσης
729 1635 796 1670 αὐτῇ
808 1634 858 1669 τῆς
873 1633 950 1661 νόσου
960 1654 968 1666 ,

177 1685 216 1721 τῷ
231 1684 417 1720 θυσιαστηρίῳ
437 1682 604 1719 προσπίπτει
622 1681 692 1717 μετὰ
706 1681 756 1716 τῆς
774 1680 905 1711 πίστεως,
921 1680 969 1706 καὶ

177 1731 222 1758 σὺν
233 1730 275 1757 ἐπ’
286 1729 359 1765 αὐτῷ
369 1729 524 1765 τιμώμενον
534 1727 589 1764 (48)
604 1726 812 1762 ἀνακαλουμένη
823 1725 929 1762 μεγάλῃ
937 1727 969 1761 τῇ

179 1777 239 1812 βοῇ,
253 1777 300 1803 καὶ
311 1776 412 1811 πάσαις
423 1776 483 1806 ταῖς
495 1774 619 1809 κλήσεσι,
638 1772 685 1799 καὶ
699 1772 795 1798 πασῶν
811 1771 892 1798 αὑτὸν
915 1771 970 1798 τῶν

179 1819 288 1846 πώποτε
297 1820 353 1854 (ιθ)
364 1818 504 1853 δυνάμεων
525 1817 706 1852 ὑπομνήσασα.
721 1816 801 1851 (σοφὴ
813 1815 867 1852 γὰρ
879 1815 970 1850 ἐκείνη

179 1865 274 1893 καὶτὰ
290 1864 394 1892 παλαιὰ
412 1865 459 1891 καὶ
478 1863 512 1890 τὰ
526 1863 596 1897 νέα),
611 1862 687 1893 τέλος
713 1861 813 1896 εὐσεϐῆ
837 1869 898 1887 τινα
924 1861 971 1887 καὶ

179 1911 264 1947 καλὴν
279 1910 471 1945 ἀναισχυντίαν
486 1909 676 1943 ἀναισχυντεῖ·
697 1908 820 1942 μιμεῖται
843 1906 892 1942 τὴν
916 1907 972 1938 τοῖς

181 1957 345 1993 κρασπέδοις
357 1955 475 1992 Χριστοῦ
488 1955 643 1990 ξηράνασαν
657 1954 749 1989 πηγὴν
775 1953 901 1988 αἵματος.
916 1953 973 1979 Καὶ

179 2003 207 2029 τί
223 2004 309 2034 ποιεῖ;
324 2002 363 2037 τῷ
377 2000 563 2036 θυσιαστηρίῳ
577 1999 626 2035 τὴν
643 1999 766 2035 κεφαλὴν
777 1998 877 2033 ἑαυτῆς
888 2007 973 2034 προσ-

182 2048 260 2075 θεῖσα
275 2048 331 2083 (50)
354 2047 421 2083 μετὰ
443 2047 494 2081 τῆς
520 2046 581 2082 ἴσης
599 2045 674 2081 βοῆς,
692 2045 739 2071 καὶ
763 2045 878 2080 δάκρυσι
894 2044 973 2070 τοῦτο

181 2094 328 2126 πλουσίοις,
346 2093 441 2128 ὥσπερ
453 2102 493 2124 τις
504 2092 587 2119 πάλαι
605 2092 667 2123 τοὺς
686 2091 769 2123 πόδας
784 2090 902 2126 Χριστοῦ
917 2090 973 2126 (51)

182 2140 398 2176 καταὸρέχουσα,
408 2139 455 2166 καὶ
467 2139 505 2175 μὴ
516 2138 649 2174 πρότερον
659 2138 769 2173 ἀνήσειν
782 2138 799 2173 ἦ
813 2137 861 2172 τῆς
869 2136 974 2172 ὑγιείας

182 2188 273 2222 τυχεῖν
287 2185 436 2212 ἀπειλοῦσα
448 2185 515 2220 (ὃ2)·
527 2182 587 2211 εἶτα
599 2184 637 2220 τῷ
649 2184 714 2220 παρ’
724 2184 826 2219 ἑαυτῆς
835 2183 974 2219 φαρμάκῳ

182 2232 270 2268 τούτῳ
283 2231 312 2259 τὸ
326 2231 404 2266 σῶμα
423 2231 477 2257 πᾶν
493 2230 688 2265 ὲπαλείιρουσα.
703 2231 750 2257 καὶ
766 2231 793 2257 ετ
810 2230 862 2257 πού
880 2239 906 2256 τι
920 2229 974 2256 τῶν

1012 255 1084 282 illius
1099 256 1157 282 ovis
1173 260 1275 289 pastor,
1286 255 1367 289 idque
1379 261 1451 282 nunc
1462 254 1570 281 demum
1584 253 1798 287 annuis?Quan-

1011 300 1156 334 doquidem
1176 301 1253 328 nobis
1268 300 1333 328 solis
1347 300 1400 328 hoc
1413 307 1544 327 arcanum
1559 301 1733 327 commissum
1744 304 1797 331 est,

1013 351 1096 381 atque
1110 346 1189 381 hujus
1202 346 1324 374 miraculi
1340 349 1423 373 testes
1433 345 1578 380 nobisipsis
1588 350 1680 372 mutuo
1693 352 1798 376 sumus.

1012 400 1045 418 an
1060 392 1138 419 iidem
1153 392 1286 419 defuncta:
1299 392 1390 418 datam
1413 391 1514 419 diutius
1534 391 1720 419 servabimus?
1734 391 1798 418 Mihi

1012 444 1088 469 vero,
1104 441 1133 464 ut
1144 441 1200 464 turn
1210 438 1317 465 silentio
1327 437 1493 472 premendae,
1515 437 1551 464 ita
1569 444 1642 464 nunc
1654 436 1799 464 efferenda:

1013 490 1044 510 ac
1061 483 1240 518 praedicanda:
1252 482 1331 518 hujus
1344 483 1382 511 rei
1401 488 1507 518 tempus
1524 490 1585 510 esse
1604 483 1721 515 videtur,
1746 491 1799 510 non

1013 529 1099 556 solum
1113 530 1147 555 ad
1164 529 1211 556 Dei
1227 529 1350 564 gloriam,
1363 529 1409 556 sed
1423 530 1456 557 ad
1474 536 1568 556 eorum
1589 529 1682 563 etiam,
1697 529 1743 564 qui
1755 536 1801 556 ca-

1013 574 1183 602 lamitatibus
1197 579 1365 609 premuntur,
1383 575 1606 603 consolationem.

1049 620 1129 648 XVII.
1158 621 1277 648 Adversa
1303 621 1427 655 corporis
1453 620 1606 648 valetudine
1640 619 1800 650 tenebatur,

1014 667 1187 703 graviterque
1207 667 1357 698 laborabat,
1371 672 1482 702 eratque
1494 667 1612 695 insolens
1625 666 1760 702 quoddam
1774 671 1802 693 et
1836 660 1839 661 ν

1014 714 1201 749 prodigiosum
1225 713 1315 740 morbi
1337 721 1422 748 genus
1437 722 1443 740 :
1458 714 1548 741 subita
1569 713 1699 741 nimirum
1719 713 1803 740 totius

1015 759 1136 792 corporis
1162 757 1348 790 inﬂammatio,
1373 766 1405 785 ae
1435 759 1509 786 velut
1531 758 1654 786 ebullitio
1667 758 1803 793 qumdam.

1015 810 1042 832 et
1061 805 1152 832 fervor
1167 805 1318 840 sanguinis,
1342 813 1374 832 ac
1390 805 1489 833 deinde
1508 805 1628 840 ejusdem
1653 805 1801 836 concretio.

1015 855 1043 878 et
1060 854 1162 885 torpor,
1177 850 1319 885 pallorque
1331 851 1510 884 incredibilis,
1525 855 1553 878 et
1564 851 1662 879 mentis
1675 859 1706 878 ac
1717 858 1804 878 mem-

1015 896 1126 922 brorum
1141 895 1282 923 dissolutio
1299 904 1306 922 :
1320 897 1400 930 idque
1416 903 1469 923 non
1493 904 1540 931 per
1555 896 1635 931 longa
1651 897 1803 928 intervalla,

1018 941 1066 968 sed
1082 949 1274 975 nonnunquam
1292 942 1374 969 etiam
1387 943 1530 970 admodum
1543 943 1638 970 crebra
1648 949 1675 971 et
1683 943 1804 977 assidua;

1017 986 1172 1021 malumque
1181 986 1263 1023 229
1279 987 1349 1015 istud
1363 988 1435 1016 haud
1449 989 1596 1016 humanum
1622 996 1683 1017 esse
1701 988 1805 1024 judica-

1017 1035 1108 1066 batur,
1123 1043 1173 1063 nec
1186 1037 1363 1069 medicorum,
1382 1041 1437 1063 tum
1453 1037 1619 1072 separatim,
1644 1041 1702 1063 tum
1723 1035 1803 1063 etiam

1018 1081 1089 1109 inter
1103 1089 1132 1108 se
1144 1082 1177 1109 de
1193 1083 1286 1110 morbo
1312 1083 1406 1110 sedulo
1426 1082 1650 1115 consultantium,
1674 1086 1757 1116 artes,
1771 1082 1804 1108 ad

1018 1127 1228 1161 propulsandum
1251 1128 1383 1161 dolorem,
1406 1136 1486 1163 pares
1511 1136 1572 1155 esse
1597 1132 1730 1162 poterant,
1756 1135 1807 1156 nec

1021 1178 1165 1207 parentum
1181 1173 1318 1208 lacryntw,
1336 1181 1396 1208 qua:
1418 1173 1531 1200 multum
1557 1180 1628 1207 saepe
1652 1173 1805 1204 valuerant,

1019 1226 1068 1246 nec
1082 1219 1194 1253 publicae
1207 1226 1302 1254 preces
1319 1224 1346 1247 et
1360 1219 1495 1254 supplices
1507 1220 1655 1253 orationes,
1681 1227 1764 1254 quas.
1777 1225 1807 1247 nt

1018 1272 1067 1298 pro
1081 1272 1128 1292 sua
1144 1265 1258 1300 quisque
1269 1265 1366 1298 salute,
1384 1266 1498 1301 populus
1523 1267 1667 1294 universus
1679 1266 1806 1296 faciebat.

1018 1309 1118 1337 Omnes
1131 1310 1202 1337 enim
1210 1318 1243 1338 eo
1256 1311 1346 1338 animo
1354 1311 1549 1344 crant,utillius
1559 1311 1672 1339 salutem
1679 1319 1755 1340 suam
1764 1319 1809 1338 es-

1018 1362 1047 1382 se
1054 1354 1167 1382 salutem
1175 1356 1542 1390 ducerent,qnemadmudum
1550 1362 1643 1384 contra
1650 1357 1721 1384 illius
1733 1365 1808 1384 mor.

1019 1401 1092 1432 bum,
1099 1408 1268 1429 communem
1275 1403 1396 1430 omnium
1405 1403 1528 1430 morbum
1535 1408 1562 1431 et
1571 1404 1762 1432 calamitatem.

1057 1444 1149 1474 XVIII.
1172 1447 1241 1480 Quid
1258 1448 1340 1483 igitur
1352 1456 1447 1484 magna
1464 1449 1521 1481 illa,
1532 1449 1711 1484 maximisque
1724 1450 1808 1478 rebus

1019 1493 1099 1528 digna
1113 1494 1201 1521 anima
1219 1494 1293 1528 facit,
1312 1499 1340 1522 et
1358 1502 1439 1530 quam
1461 1494 1546 1522 dolori
1574 1495 1735 1523 tnedieinam
1758 1496 1806 1522 ad-

1019 1539 1113 1567 hibet?
1127 1539 1176 1567 Ilic
1189 1540 1261 1568 enim
1278 1540 1335 1575 jam
1349 1548 1478 1569 arcanum
1488 1541 1570 1569 situm
1586 1546 1637 1570 est.
1653 1542 1810 1578 Desperatis

1020 1585 1146 1613 omnibus
1159 1586 1220 1614 aliis
1232 1586 1354 1620 auxiliis,
1371 1587 1405 1614 ad
1419 1587 1573 1614 mortalium
1588 1588 1709 1616 omnium
1724 1589 1811 1616 medi-

1024 1639 1085 1659 eum
1099 1631 1230 1667 confugit,
1248 1638 1329 1667 atque
1347 1633 1508 1668 intempesta
1523 1638 1603 1661 nocte
1618 1638 1736 1669 captata,
1747 1642 1809 1662 cum

1022 1678 1133 1706 morbus
1163 1679 1289 1706 nonnihil
1330 1679 1493 1712 remisisset,
1520 1679 1553 1706 ad
1576 1679 1663 1707 altare
1677 1687 1738 1707 cum
1758 1680 1810 1707 lide

1021 1725 1186 1759 procumbit,
1203 1731 1319 1760 eumque
1335 1724 1381 1760 qui
1408 1731 1490 1759 super
1505 1725 1562 1759 ipso
1577 1725 1725 1752 honoratur
1746 1733 1808 1753 cum

1022 1771 1124 1805 ingenti
1144 1770 1264 1798 clamore
1284 1771 1432 1804 invocans,
1452 1771 1631 1806 omnibusque
1655 1771 1810 1799 nominibus

1023 1816 1169 1850 appellans,
1186 1821 1266 1850 atque
1280 1816 1371 1844 omnia
1395 1824 1438 1849 ea,
1468 1824 1528 1852 qua:
1547 1825 1666 1852 unquam
1694 1817 1811 1846 mirifice

1023 1867 1155 1897 gesserat,
1174 1862 1248 1890 velut
1265 1863 1292 1889 in
1307 1863 1466 1890 memoriam
1485 1864 1509 1890 ei
1536 1871 1667 1891 revocans
1685 1863 1770 1900 (nam,
1783 1868 1812 1892 et

1024 1914 1140 1942 veteres,
1157 1913 1185 1936 et
1203 1917 1286 1937 novas
1306 1910 1434 1938 historias
1449 1910 1590 1944 callebat),
1605 1911 1711 1938 tandem
1727 1911 1770 1946 pia
1783 1916 1811 1939 et

1026 1955 1156 1990 praeclara
1182 1956 1298 1990 quadam
1324 1956 1489 1990 impudentia
1509 1956 1632 1984 elIertur.
1658 1956 1733 1989 Eam,
1752 1964 1813 1991 quas

1023 2001 1126 2028 Christi
1158 2001 1264 2028 iimbria
1292 2002 1432 2037 sanguinis
1449 2002 1609 2037 profluvium
1637 2009 1812 2037 compresse-

1025 2052 1067 2074 rat
1084 2047 1118 2080 ”,
1137 2048 1267 2076 imitatur.
1283 2048 1352 2082 Quid
1368 2049 1440 2076 enim
1457 2048 1530 2084 agit?
1545 2049 1610 2076 Cum
1633 2053 1716 2083 caput
1731 2057 1810 2076 suum

1026 2093 1084 2127 pari
1097 2100 1158 2120 cum
1172 2093 1302 2126 clamore,
1318 2094 1508 2130 lacrymisque,
1537 2095 1634 2128 quibus
1645 2094 1811 2127 abundabat.

1028 2139 1151 2166 mulieris
1168 2140 1242 2167 illius
1258 2140 1355 2172 instar,
1371 2148 1431 2175 quae
1457 2141 1521 2168 olim
1547 2141 1648 2168 Christi
1678 2141 1759 2176 pech
1773 2141 1813 2168 ri—

1026 2187 1100 2222 gavit
1112 2187 1146 2220 ¹⁷,
1162 2187 1240 2214 altari
1258 2188 1446 2220 admovisset;
1473 2195 1523 2214 nec
1536 2195 1566 2214 se
1586 2187 1660 2221 prius
1675 2187 1746 2214 Istud
1770 2187 1812 2214 di-

1027 2233 1170 2260 missuram
1183 2241 1246 2261 esse
1260 2234 1459 2266 denuntiasset,
1484 2241 1564 2268 quam
1581 2234 1724 2261 sanitatem
1743 2234 1814 2260 obti-

183 2277 340 2305 ἀντιτύπων
352 2278 408 2312 (55)
423 2277 469 2303 τοῦ
487 2276 579 2312 τιμίου
595 2276 721 2312 σώματος
736 2276 752 2311 ἢ
766 2276 813 2303 τοῦ
828 2276 943 2312 αἵματος
958 2276 969 2302 ’ἒ

1028 2280 1191 2314 nuisset;ac
1202 2281 1298 2308 deinde
1315 2281 1367 2308 hoc
1381 2289 1430 2308 suo
1449 2281 1596 2316 pharmace
1612 2288 1712 2315 corpus
1729 2285 1812 2307 totum

184 2326 244 2360 χεὶρ
259 2324 449 2360 ὲθησαύρισεν,
473 2323 552 2350 τοῦτο
569 2323 763 2358 καταμιγνῦσα
780 2323 837 2358 (54)
850 2324 907 2354 τοῖς
921 2322 968 2349 δά-

221 2372 243 2387 ¹⁵
261 2371 356 2398 Matth.
374 2379 412 2403 lx,
424 2370 470 2397 20.
509 2371 530 2386 ²⁷
548 2370 613 2397 Luc.
639 2378 686 2402 vn,
699 2370 744 2397 '58.

222 2416 277 2452 (42)
293 2417 426 2444 Ἐχεινου
442 2416 564 2451 ποιμήν.
582 2415 648 2452 Reg.
665 2417 711 2450 hu,
728 2415 775 2444 0r.
793 2421 820 2443 et
841 2415 896 2444 Jes.
916 2425 976 2443 ποι-

188 2452 242 2488 μὴν
256 2451 370 2479 ἐκείνου.

223 2487 278 2523 (45)
298 2487 414 2523 Ἐσμέν.
429 2487 548 2523 Deestrin
563 2487 646 2522 Begg.
663 2494 695 2523 ει,
709 2487 763 2523 htn.
779 2487 826 2519 hu,
840 2486 888 2514 Or.
903 2486 958 2514 Jes.

223 2521 279 2558 (44)
295 2522 488 2557 Φιιλάξωμεν.
510 2522 576 2557 Reg.
593 2521 640 2553 hu.
653 2521 818 2558 φυλάξομεν.

223 2557 281 2592 (45)
295 2558 412 2594 Καιρόςζ
430 2559 495 2591 lteg.
511 2558 557 2590 hu,
571 2558 653 2594 Coisl.
671 2557 695 2589 1,
712 2558 819 2594 καιρόν.

225 2594 279 2628 (Ιιϋ)
293 2592 441 2628 Συνεχῶς.
457 2593 539 2628 Regg.
555 2595 612 2627 bm,
626 2593 671 2625 hu,
686 2598 740 2620 tres
757 2592 833 2621 Colb.
852 2593 898 2621 0r.
920 2601 980 2620 συν‹

187 2638 267 2657 εγων.

203 2639 282 2700 liii)
302 2663 362 2691 Τῶν·
377 2664 534 2700 μεγίστων.
554 2663 615 2691 Haec
639 2663 672 2691 de
696 2665 853 2698 parentibus
877 2664 982 2700 Gorgo-

191 2701 242 2728 nia:
258 2704 371 2734 possunt
385 2699 506 2732 intelligi.

226 2732 280 2770 (i8)
294 2735 349 2761 Kal
363 2734 416 2761 τὸν
429 2734 474 2760 ἐπ’
487 2732 566 2765 αὐτῷ
578 2733 751 2770 τιμώμενον.
765 2735 907 2770 Chrysost.
916 2742 977 2769 pas-

190 2769 242 2798 sim
264 2770 348 2797 utitur
365 2769 406 2796 his
432 2770 553 2805 vocibus,
569 2769 676 2795 κεῖσθαι
698 2774 725 2796 et
745 2769 881 2805 κείμενον.
907 2771 975 2798 Galli

191 2813 266 2838 vero,
283 2815 292 2830 ‹
313 2811 422 2839 reposer
436 2812 484 2830 sur
499 2804 600 2831 l‘autel.
617 2814 626 2829 ι
642 2805 745 2837 Quibus
761 2804 868 2836 verbis,
894 2805 976 2832 Chri-

191 2841 226 2867 sti
242 2841 267 2867 in
288 2840 458 2867 Eucharistia
474 2846 556 2873 supra
572 2839 659 2866 altare
680 2839 760 2867 realis
777 2841 919 2875 praesentia
936 2842 974 2868 si-

190 2876 342 2910 gniﬁcatur.

348 2921 486 2953 Ρλτιιοι..
508 2920 567 2952 Gn.
591 2920 720 2952 XXXV.

1022 2324 1202 2360 perfudisset;
1218 2331 1245 2354 et
1257 2327 1280 2354 si
1297 2326 1362 2362 quid
1373 2327 1478 2362 uspiam
1491 2327 1674 2363 antityporum
1701 2325 1813 2362 pretiosi

1076 2417 1121 2450 49)
1138 2416 1271 2443 Πώποτε.
1288 2415 1371 2450 Regg.
1386 2423 1412 2447 a.
1429 2416 1474 2449 hu,
1491 2416 1545 2444 Jes.
1561 2425 1636 2444 ποτε.

1078 2451 1122 2487 50)
1138 2452 1318 2485 Προσθεῖσα.
1334 2451 1416 2478 Coisl.
1431 2452 1455 2482 Ι,
1468 2451 1608 2487 προθεῖσα.
1626 2461 1635 2478 ε
1651 2451 1717 2479 Cum
1733 2453 1812 2479 altari

1030 2493 1111 2521 caput
1135 2488 1311 2519 admovisset,
1337 2491 1418 2520 atque
1436 2487 1498 2513 illud
1516 2487 1697 2522 lacrytnarum
1724 2489 1812 2521 copia,

1028 2523 1103 2549 velut
1119 2523 1240 2557 qnardam
1254 2522 1318 2548 olim
1335 2521 1431 2549 mulier
1447 2522 1547 2549 Christi
1566 2521 1648 2557 pedes
1661 2521 1763 2550 affatim
1777 2524 1814 2550 ri-

1030 2565 1106 2592 gans.
1122 2556 1307 2592 perfndissetq

1067 2591 1128 2627 (51)
1141 2592 1279 2628 Χριστοῦ,
1296 2591 1372 2628 Regi
1383 2592 1430 2624 hu,
1445 2591 1492 2619 τοῦ
1503 2591 1632 2628 Χριστοῦ.

1069 2628 1123 2663 (52)
1137 2627 1328 2654 Ἂπειλοῦσα.
1341 2662 1344 2663 ν
1357 2627 1439 2655 Coisl.
1465 2629 1491 2660 Ι,
1517 2628 1710 2656 ἐπαπειλοῦσα.
1733 2628 1814 2662 Quasi

1037 2674 1045 2691 ι
1061 2663 1258 2693 minitalmnda,
1278 2673 1288 2689 ι
1307 2662 1372 2698 vel}
1388 2671 1499 2693 vovcns,
1519 2672 1528 2688 ι
1547 2669 1575 2690 ut
1591 2664 1716 2698 intelligit
1730 2664 1814 2691 Elius.

1062 2699 1118 2733 (55)
1136 2698 1323 2726 ’Λντιτύπων.
1347 2697 1400 2725 Per
1419 2698 1552 2725 ἀντίτυπα
1564 2719 1572 2731 ,
1595 2704 1669 2725 recte
1684 2699 1755 2725 Elias
1776 2701 1816 2733 ip-

1027 2743 1084 2762 sam
1109 2734 1311 2761 Eucharistiam
1326 2733 1465 2768 intelligit,
1482 2739 1509 2761 ct
1523 2734 1610 2768 ipsum
1630 2740 1693 2761 vere
1717 2742 1816 2769 corpus

1026 2769 1126 2798 Christi
1139 2770 1258 2801 exponit.

1062 2805 1118 2840 (54)
1132 2805 1221 2832 Τοῦτο
1234 2805 1441 2839 καταμιγνῡσα
1449 2805 1510 2838 τοῖς
1523 2803 1681 2839 δάκρυσιν.
1697 2804 1759 2832 Haec
1770 2809 1814 2831 de.

1027 2845 1089 2869 sunt
1104 2841 1130 2868 in
1148 2841 1213 2876 lieg.
1232 2841 1286 2872 bm,
1304 2842 1390 2868 tribus
1408 2840 1484 2868 Golb.
1505 2841 1551 2868 0r.
1568 2840 1623 2868 Jes.

1617 2919 1656 2949 26
