2069 3131
189 1923 192 1956 ὶ

196 2070 201 2111 ι

207 167 223 193 8
231 142 260 193 ίδ

523 163 653 193 ORATIO
673 162 739 191 Vill.
756 178 793 184 —
809 161 844 190 ιΝ
862 161 1004 190 LAUDEM
1024 160 1172 189 SORORlS
1192 161 1271 189 SUAE
1292 158 1490 189 GORGONIAE.

1776 159 1831 187 εςι

211 226 259 252 Ἓν
274 225 301 252 δὲ
318 225 373 256 τοῖς
386 224 452 250 πᾶσι
464 222 645 259 προστεθῆναι
658 221 777 257 ζητοῦσα
786 222 835 257 τὴν
846 221 893 248 τοῦ
903 221 999 257 ἀνδρὸς

1052 221 1098 248 sed
1113 220 1229 254 sigillum
1245 223 1314 246 erat.
1331 219 1415 246 Porro
1431 226 1493 247 cum
1515 226 1598 246 unum
1612 226 1662 247 .toc
1681 219 1715 247 ad
1740 221 1831 248 omnia

208 271 348 299 τελείωσιν
380 268 522 305 (βούλεσθε
548 268 647 303 γράψω
672 267 717 294 τὸν
737 267 821 302 ἄνδρα
840 267 996 302 συντόμως;

210 317 305 353 ἀνδρὸς
320 317 438 352 ἐκείνης,
459 316 506 342 καὶ
521 315 570 341 οὐκ
585 312 636 340 οἶδ’
655 313 669 340 ὃ
682 322 708 339 τι
721 313 772 349 χρὴ
787 312 869 340 πλέον
883 313 997 345 εἰπεῖν),

209 364 244 392 ἶν’
256 364 308 399 ὅλῳ
323 363 362 398 τῷ
379 362 484 398 σώματι
501 360 560 396 Θεῷ
584 359 750 397 καθιερωθῇ,
768 359 815 386 καὶ
830 359 867 395 μὴ
887 359 917 392 ἐξ
930 361 997 395 ἡμι-

212 411 287 443 σείας
302 410 408 446 ἀπέλθῃ
422 407 615 442 τετελεσμένη,
631 407 691 443 μηδ’
708 406 888 442 ὑπολείπηται
901 415 928 433 τι
945 405 998 433 τῶν

209 456 310 491 ἑαυτῆς
327 455 432 486 ἀτελὲς.
446 453 508 481 οὐδὲ
522 452 624 488 ταύτης
633 452 870 489 διαμαμάνειτῆς
880 452 998 488 δεήσεως

211 502 287 538 παρὰ
299 502 346 528 τοῦ
359 501 463 536 θέλημα
475 500 528 527 τῶν
551 499 724 535 φοϐουμένων
748 499 829 525 αὗτὺν
846 498 997 531 ποιοῦντος,

210 549 258 576 καὶ
272 549 312 581 εἰς
328 548 416 585 πέρας
432 547 543 582 ἄγοντος
559 546 594 573 τὰ
605 546 755 582 αἰτήματα.

245 680 310 706 KA’.
335 679 378 711 Ὠς
396 679 424 706 δὲ
446 679 552 705 ἅπαντα
576 675 648 713 εἶχεν
671 677 740 712 αὐτῇ
765 674 835 703 κατὰ
856 675 932 708 νοῦν,
951 674 999 701 καὶ

211 726 287 752 οὐδὲν
295 724 376 751 ἐνέδει
383 724 436 750 τῶν
445 722 629 758 ποθουμὲνων,
639 722 708 756 καὶὴ
719 721 800 757 κυρία
809 720 866 755 (66)
874 719 998 755 πλησίον,

211 772 296 803 οὕτως
308 771 357 806 ἠδη
374 771 413 806 τῷ
429 770 536 804 θανάτῳ
552 767 746 799 συσκευάζεται
761 766 807 793 καὶ
822 767 855 801 τῇ
870 764 998 800 ὲκδημζίᾳ,

211 819 258 844 καὶ
277 818 375 852 πληροῖ
390 817 435 842 τὸν
452 816 516 851 περὶ
534 815 621 841 ταῦτα
635 814 716 849 νόμον
731 813 774 839 διὰ
799 812 848 847 τῆς
868 810 998 838 κατακλί-

212 863 353 899 σεως(67).
374 860 628 897 Ἐπισκήψασα(68)
649 860 677 886 δὲ
700 859 747 886 καὶ
763 858 851 894 ἀνδρὶ,
881 857 928 884 καὶ
953 857 999 883 τέ-

1051 266 1180 293 accedere
1195 265 1487 300 cuperet.ntmaritus
1511 271 1619 299 quoque
1656 265 1833 300 perﬁceretur

1049 311 1142 347 (vultis
1168 319 1221 338 uno
1249 311 1330 338 verbo
1351 310 1438 338 virutn
1466 310 1637 337 describam?
1670 311 1713 338 vir
1740 311 1831 339 illius:

1049 365 1098 384 nec
1115 357 1186 385 enim
1203 357 1271 386 svio.
1287 357 1351 391 quid
1364 356 1481 391 amplius
1501 356 1592 384 dicere
1608 364 1719 384 necesse
1733 357 1791 392 sit),
1806 363 1836 384 ut.

1049 402 1088 430 sic
1102 408 1159 429 toto
1169 409 1283 437 corpore
1300 403 1354 430 Deo
1365 407 1586 435 consecraretur,
1611 409 1642 429 ac
1658 409 1710 429 non
1721 403 1834 430 dimidia

1050 453 1155 474 tantum
1177 455 1208 475 ex
1227 451 1302 482 parte
1320 448 1439 483 perfecta
1455 447 1618 480 discederet,
1632 448 1772 482 ipsiusque
1783 449 1835 475 ali-

1049 493 1112 527 quid
1132 494 1321 528 iuiperfectum
1342 494 1551 529 relinqueretur,
1574 495 1625 522 hoc
1650 502 1758 529 quoque
1773 503 1835 529 pru-

1048 539 1126 566 cibtts
1142 540 1175 566 ab
1188 547 1231 573 eo,
1244 541 1289 574 qui
1310 540 1476 568 voluntatem
1497 541 1648 567 timentium
1676 548 1705 568 se
1722 540 1786 568 facit
1801 540 1835 574 ¹⁹,

1049 593 1081 613 ac
1106 586 1251 621 petitiones
1272 594 1366 615 eorum
1387 588 1421 615 ad
1447 587 1528 620 ﬁnem
1554 587 1687 622 perducit,
1708 587 1838 624 impetra—

1048 632 1096 659 vit.

1083 678 1162 713 231
1170 677 1241 705 XXI.
1254 678 1320 706 Cum
1335 684 1423 706 autem
1437 680 1567 707 omniaex
1583 680 1666 715 ipsius
1676 680 1759 707 animi
1774 688 1838 708 sen-

1051 727 1133 752 tentia
1148 733 1208 754 sese
1219 726 1362 759 haberent,
1376 734 1426 753 nec
1441 727 1587 761 quidquam
1600 735 1704 760 eorum,
1715 735 1774 762 qua:
1789 735 1838 753 nu-

1049 772 1150 807 piebat,
1164 773 1282 804 abesset,
1293 773 1403 807 jamque
1417 773 1584 808 prsestitutus
1599 774 1655 801 dies
1671 774 1837 802 immineret.

1050 819 1085 845 ita
1096 818 1152 853 jam
1165 819 1197 845 ad
1219 823 1333 846 mortem
1348 824 1375 846 et
1389 819 1490 846 exitum
1502 827 1532 847 se
1544 823 1692 853 comparat,
1705 824 1796 854 atque,
1810 825 1840 845 ut

1050 863 1149 898 legem,
1156 871 1215 898 qua:
1225 864 1252 891 in
1265 864 1417 899 hujusmodi
1430 866 1513 892 rebus
1519 866 1600 900 viget,
1608 865 1738 900 expleret,
1754 865 1781 892 in
1799 865 1838 891 lc-

211 918 296 941 κνοις,
314 909 360 935 καὶ
374 908 471 942 φίλοις,
485 908 535 933 ὅσα
551 906 623 937 εἰκὸς
639 905 686 941 τὴν
698 904 850 940 φίλανδρον,
866 903 912 930 καὶ
926 901 999 937 φιλό-

1052 915 1122 936 clum
1129 916 1158 936 se
1165 910 1283 945 conjicit.
1290 910 1412 946 Cumque
1423 911 1561 943 advirum,
1568 916 1595 937 et
1602 911 1680 943 ﬁlios,
1691 917 1717 937 et
1724 911 1838 942 amicos,

211 963 314 987 τεκνον,
330 955 376 982 καὶ
389 953 558 988 φιλάδελφον,
575 953 622 979 καὶ
634 951 768 988 λαμπρῶς
780 950 845 987 περὶ
858 949 912 976 τῶν
928 950 999 975 ὲκεῖ-

209 1000 257 1028 θεν
269 1001 483 1036 φιλοσοφήσασα,
503 999 552 1026 καὶ
565 998 746 1034 πανηγύρεως
762 997 869 1033 ἡμέραν
884 1003 999 1030 ποιησα-

212 1048 280 1084 μένη
297 1048 345 1082 τὴν
361 1046 527 1079 τελευταίαν,
545 1046 686 1081 κοιμᾶται,
702 1044 809 1079 πλήρης
825 1043 874 1078 μὲν
895 1042 926 1069 οὐ
943 1041 996 1067 τῶν

210 1093 282 1120 κατὰ
297 1092 437 1127 ἄνθρωπον
455 1090 575 1126 ἡμερῶν,
595 1090 609 1116 ὃ
626 1098 653 1116 τι
674 1088 742 1124 μηδὲ
761 1086 910 1122 συνηύχετο
932 1085 998 1120 (69),

210 1139 312 1170 ταύτας
335 1138 418 1173 ἑαυτῇ
438 1136 559 1172 πονηρὰς
582 1135 678 1166 εἰδυῖα,
700 1134 748 1160 καὶ
767 1132 801 1159 τὰ
824 1131 910 1158 πολλὰ
931 1131 1000 1166 μετὰ

211 1185 258 1212 τοῦ
271 1186 332 1221 χοὸς
347 1185 402 1220 (70)
416 1184 463 1211 καὶ
476 1184 526 1219 τῆς
541 1183 656 1218 πλάνης,
673 1181 727 1207 τῶν
743 1180 772 1206 δὲ
788 1178 860 1206 κατὰ
874 1177 940 1205 Θεὸν
952 1178 1000 1204 καὶ

212 1233 272 1260 λίαν
290 1233 407 1268 πλήρης,
418 1232 456 1263 ὠς
468 1231 518 1257 οὐκ
533 1228 580 1257 οἷδ’
596 1229 676 1261 εἴτις
691 1227 790 1264 ῥᾳδίως
802 1226 857 1253 τῶν
873 1226 902 1252 ὲν
917 1225 1000 1252 πλου-

213 1279 259 1314 σίᾳ
278 1280 309 1314 τῇ
332 1279 412 1313 πολιᾷ
428 1276 648 1307 καταλυσάντων,
671 1274 718 1301 καὶ
741 1272 843 1304 πολλὰς
859 1271 927 1299 ἐτῶν
950 1281 1000 1298 πε-

213 1325 318 1360 ριόδους
344 1323 566 1359 ἀριθμησάντων.
597 1320 690 1351 Οὕτως
723 1319 815 1354 ὲκείνη
849 1317 952 1351 λύεται,
981 1318 998 1354 ἢ

213 1370 463 1406 προσλαμῦάνεται,
486 1369 612 1404 κρεῖσσον
637 1366 735 1397 εἰπεῖν,
760 1365 777 1400 ἢ
803 1364 963 1399 ἀφίπταται,
978 1364 1000 1400 ζῆ

215 1414 420 1452 μετοικίζεται,
447 1414 464 1449 ἦ
491 1413 588 1450 μικρὸν
614 1411 804 1448 προαποδημεῖ
833 1408 880 1436 τοῦ
907 1408 1001 1444 σώμα-

212 1469 259 1494 τος
271 1461 340 1498 (71).

1050 962 1187 984 sermones
1205 957 1356 990 habuisset,
1373 965 1441 992 quos
1469 957 1621 988 mulierem,
1638 958 1701 991 viri,
1715 961 1744 984 et
1767 956 1838 984 tilio—

1050 1008 1121 1033 rum,
1138 1006 1165 1028 et
1178 1001 1293 1028 fratrum
1310 1009 1403 1030 amore
1422 1002 1561 1037 praeditam
1582 1003 1683 1031 habere
1706 1010 1754 1037 par
1769 1010 1839 1034 erat,

1050 1053 1082 1073 ac
1096 1046 1129 1074 de
1144 1047 1227 1074 altera
1242 1048 1295 1075 vita
1311 1048 1440 1083 prmclare
1454 1049 1638 1082 disseruisset,
1655 1050 1780 1084 diemque
1792 1058 1840 1076 cx-

1051 1096 1166 1119 tremum
1187 1093 1287 1120 festum
1311 1094 1381 1121 diem
1398 1093 1519 1127 fecisset,
1545 1095 1581 1121 ita
1610 1096 1717 1123 demum
1739 1096 1840 1123 obd0r~

1050 1136 1149 1169 miscit,
1178 1137 1268 1172 plena,
1294 1146 1348 1166 non
1372 1140 1552 1166 humanorum
1584 1140 1701 1174 dierum,
1718 1148 1788 1176 quos
1808 1150 1841 1167 ne

1051 1181 1108 1216 ipsa
1123 1182 1232 1216 quidem
1256 1184 1411 1218 exoptabat,
1429 1189 1524 1219 utpote
1539 1193 1606 1220 quos
1635 1186 1684 1214 sibi
1702 1187 1796 1219 malos.
1811 1192 1839 1214 et

1053 1229 1082 1250 ut
1107 1225 1252 1259 plurimum
1279 1233 1340 1253 cum
1368 1226 1478 1262 pulvere
1504 1233 1532 1255 et.
1559 1235 1654 1256 errore
1679 1229 1841 1264 conjunctos

1050 1276 1112 1297 esse
1125 1277 1177 1297 non
1192 1271 1347 1306 ignoraret;
1378 1273 1424 1300 sed
1450 1273 1554 1301 dierum
1575 1274 1726 1301 secundum
1755 1275 1839 1302 Deum

1052 1316 1088 1343 ita
1103 1317 1193 1351 plena,
1208 1321 1234 1343 ut
1251 1318 1321 1345 haud
1350 1318 1408 1346 scio
1433 1326 1467 1346 an
1494 1320 1606 1354 perinde
1628 1320 1771 1355 quiequam
1795 1329 1842 1348 eo-

1052 1369 1122 1394 rum,
1137 1363 1183 1396 qui
1200 1362 1226 1389 in
1241 1363 1374 1390 ditissima
1389 1369 1530 1391 senectute
1554 1370 1669 1392 mortem
1699 1365 1836 1398 obierunt,

1051 1414 1084 1435 ac
1098 1408 1199 1436 multos
1223 1416 1355 1437 annorutn
1373 1410 1456 1438 orbes
1478 1415 1669 1444 numerarunt,
1695 1412 1840 1439 exstiterit.

1055 1453 1101 1481 Sic
1117 1454 1161 1482 illa
1177 1455 1301 1488 solvitur,
1322 1459 1378 1488 aut,
1394 1460 1424 1482 ut
1437 1457 1533 1484 melius
1561 1457 1668 1491 loquar,
1683 1457 1840 1488 assumitur.

1056 1505 1102 1528 aut
1115 1501 1214 1532 avolat,
1232 1507 1278 1528 aut
1292 1503 1476 1538 transmigrat,
1495 1508 1542 1530 aut
1557 1503 1696 1538 paululum
1710 1509 1772 1531 ante
1783 1511 1830 1531 cor

1053 1553 1103 1581 pus
1118 1547 1250 1576 abscedit.

247 1598 310 1625 ΚΒ.
333 1597 402 1624 Ἀλλ’
417 1594 471 1624 οἶόν
488 1604 521 1632 με
543 1595 638 1631 μικρὸν
647 1594 703 1630 (72)
732 1594 785 1620 τῶν
801 1593 909 1629 ἐκείνης
931 1601 1000 1628 παρ-

1091 1593 1174 1622 ΧΧΙΙ.
1195 1593 1294 1621 Verum
1323 1595 1462 1622 enimvero
1478 1596 1564 1631 qualis
1593 1596 1676 1631 ipsius
1696 1595 1754 1624 iaus
1776 1598 1840 1624 mihi

214 1643 349 1680 έδραμενί
367 1643 438 1678 τάχα
458 1643 481 1669 δ’
499 1641 532 1669 ἂν
547 1642 577 1668 οὺ
595 1640 795 1676 συνεχώρησας,
813 1637 836 1666 ὦ
858 1641 890 1666 σὺ
914 1639 1002 1674 πάτερ

213 1688 320 1723 ἐκείνης
333 1687 512 1723 πνευματικὲ,
525 1687 539 1713 ό
556 1686 604 1712 καὶ
618 1686 742 1721 τηρήσας
755 1684 877 1720 ὰκριὸὦς
894 1684 924 1710 τὸ
937 1683 1002 1711 θαῦ-

215 1743 264 1770 μα,
279 1735 327 1761 καὶ
343 1735 408 1769 ἡμῖν
429 1733 564 1769 γνωρίσας
578 1741 585 1748 ·
613 1733 685 1768 μέγα
709 1732 759 1767 μὲν
781 1733 821 1764 εἰς
846 1731 1001 1766 φιλοτιμίαν

213 1781 315 1817 ἐκείνῃ,
342 1781 413 1815 μέγα
435 1779 464 1806 δὲ
487 1780 553 1815 ἡμῖν
581 1779 621 1810 εἰς
645 1778 796 1813 ὑπόμνησιν
818 1777 928 1812 ἀρετῆς,
955 1776 1002 1803 κα)¹

215 1827 296 1854 πόθον
308 1826 356 1861 τῆς
373 1825 458 1860 αὐτῆς
477 1824 642 1855 ἀναλύσεως.
657 1824 712 1849 Καί
730 1832 763 1858 με
779 1822 863 1858 φρίκη
879 1830 920 1853 τις
933 1822 1001 1848 ὑπο-

214 1873 316 1908 τρέχει,
333 1872 378 1898 καὶ
402 1872 518 1907 δάκρυον
542 1869 621 1905 ὁμοῦ,
638 1869 810 1905 μεμνημένον
832 1867 878 1894 τοῦ
897 1866 1002 1902 θαύμα-

213 1927 270 1950 τος.
292 1918 399 1945 Ἑλύετο
415 1918 464 1952 μὲν
479 1917 528 1953 ἤδη
545 1916 592 1942 καὶ
606 1915 717 1942 ἀνέπνει
736 1914 771 1940 τὰ
784 1913 937 1943 τελευταῖα,
955 1912 1002 1938 καὶ

215 1965 294 2000 χορὺς
309 1964 372 2000 περὶ
383 1963 466 1999 αὐτὴν
482 1963 588 1989 οίκείων
604 1970 633 1987 τε
649 1961 696 1987 καὶ
712 1960 794 1992 ξένων
812 1958 1001 1994 χαριζομένων

214 2011 248 2037 τὰ
259 2010 472 2046 προπεμπτήρια
480 2017 486 2023 ·
495 2009 542 2035 καὶ
552 2007 653 2043 μητρὸς
661 2015 696 2042 γη
702 2007 779 2042 ραιᾶς
787 2004 924 2035 ὲπίνευσις
934 2003 1001 2039 (75),

215 2056 263 2082 καὶ
277 2055 366 2090 φυχῆς
383 2054 544 2090 σπαραγμὸς
566 2051 768 2088 ζηλοτυπούσης
787 2050 836 2085 τὴν
860 2049 1001 2084 ἐκδημίαν,

215 2101 261 2128 καὶ
282 2100 392 2136 φίλτρον
411 2099 538 2127 ἁπάντων
560 2098 666 2133 ἀγωνία
690 2096 852 2131 σύγκρατον,
875 2094 928 2121 τῶν
954 2094 1003 2129 μὲν

215 2147 229 2174 ὂ
245 2156 271 2172 τι
287 2146 423 2173 ἀκούσωσι
444 2145 501 2180 (74)
520 2144 684 2175 ποθούντων,
701 2144 810 2178 μνήμης
825 2141 1001 2176 ὲμπύρευμα,

215 2193 304 2219 τῶνδὲ
314 2193 327 2219 ὅ
335 2201 360 2218 τι
377 2191 535 2227 φθέγξονται
545 2191 613 2225 (75),
621 2189 772 2224 τολμῶντος
783 2188 811 2214 δὲ
822 2187 877 2223 (76)
886 2187 1001 2219 οὐδενός.

215 2239 271 2265 Καὶ
285 2239 365 2273 κωφὰ
379 2238 413 2264 τὰ
426 2237 539 2273 δάκρυα,
555 2236 602 2263 καὶ
616 2237 632 2271 ἠ
649 2237 697 2270 τῆς
713 2233 801 2269 λύπης
816 2233 879 2260 ὠδὶν
902 2233 1002 2280 ᾁθερα-
1019 2252 1041 2280 D

215 2293 312 2316 πευτος
334 2284 405 2319 (οὐδὲ.
427 2283 482 2319 γὰρ
504 2280 578 2310 ὅσιοᾶ
599 2281 685 2308 ἐδόκει
710 2280 819 2316 Θρήνοις
844 2279 927 2314 τιμᾷν
951 2278 1001 2314 τὴν

215 2329 286 2357 οὕτω
300 2329 508 2366 χωριζομένην),
525 2328 587 2364 σιγὴ
606 2327 634 2354 δὲ
649 2326 754 2362 βαθεῖα,
771 2325 819 2352 καὶ
843 2324 938 2360 τελετή
959 2332 1002 2356 τις

243 2399 265 2415 ¹⁹
285 2398 355 2426 Psal.
369 2406 459 2431 cxuv,
474 2397 517 2424 19.

252 2481 308 2516 (66)
327 2481 355 2508 Ἠ
372 2479 468 2514 κυρία.
497 2477 633 2516 ευιιοιηςὴ
647 2477 787 2516 ρρισθεῐσα
808 2475 854 2503 τοῦ
887 2475 1000 2502 θανάτου

216 2512 317 2552 ἡμέρα,
334 2512 522 2553 «faustitutus
535 2512 734 2553 mortis_die_s.i
778 2547 791 2553 η
823 2548 829 2553 _
878 2545 883 2553 ’

252 2547 306 2586 (67)
325 2551 381 2584 Τῆς
392 2551 607 2580 κατακλίσεως.
619 2548 701 2586 Coisl.
720 2548 745 2579 l,
760 2547 938 2586 τῆς-ἐσχάτης
951 2554 1001 2571 κα-

215 2583 376 2617 τακλίσεως.
394 2594 403 2610 ι
415 2586 536 2611 ultimum
550 2591 579 2610 se
592 2583 687 2609 lectulo
700 2583 845 2615 componit.
860 2591 869 2606 ›

253 2621 309 2656 (68)
327 2615 551 2653 Ἐξπισκήψασα.
565 2618 662 2656 Malim
678 2625 684 2643 :
713 2625 794 2656 ccum
812 2615 932 2656 pluribus
947 2623 1004 2642 ser-

217 2652 342 2683 monibus
359 2652 494 2683 obtestata
523 2658 604 2685 esset,
628 2652 797 2686 injuuxisset,
814 2652 978 2684 mandasset,
992 2660 1001 2676 ι

216 2696 269 2719 εις.

253 2726 308 2761 (69)
323 2726 505 2761 Συνηύχεζο.
524 2723 588 2761 Reg.
605 2722 661 2752 bm.
668 2721 830 2761 ξυνεύχετο.

253 2755 308 2795 (70)
323 2755 403 2788 Μετά
425 2755 477 2787 τ’οῦ
495 2755 575 2793 χοόςξ
591 2763 644 2786 etc.
667 2755 786 2784 Billius‘}
801 2764 861 2783 cum
876 2755 1001 2790 pulverea

217 2796 286 2824 male
301 2801 382 2829 atque
394 2796 552 2828 itupostura.
569 2804 577 2819 l

252 2831 308 2867 (7i)
324 2827 531 2865 Προαποδημεῖ
544 2829 597 2856 τοῦ
614 2828 758 2863 σώματος.
782 2836 791 2852 ι
803 2827 920 2860 Corpore
936 2827 999 2854 abs-

218 2867 299 2894 cedit.
314 2876 324 2892 »
485 2877 487 2879 ·

254 2902 309 2935 (72)
326 2902 449 2936 Μικρόν.
477 2900 542 2936 Reg.
567 2907 592 2934 τι,
611 2899 692 2927 Coisl.
708 2898 732 2927 l.
747 2896 801 2925 les.
818 2901 844 2924 et
866 2895 998 2929 Combef.,

1053 1639 1245 1673 propemodum
1260 1639 1376 1666 excidit!
1400 1639 1516 1667 fortasse
1531 1645 1620 1669 autem
1638 1649 1671 1668 ne
1689 1647 1716 1668 tu
1732 1642 1840 1676 quidem

1053 1684 1080 1711 id
1106 1692 1202 1719 passus
1229 1685 1338 1718 fuisses,
1370 1693 1388 1713 ο
1417 1686 1567 1720 spiritualis
1593 1687 1664 1714 illius
1689 1692 1775 1721 pater,
1795 1688 1842 1722 qui

1053 1731 1133 1758 etiam
1146 1732 1306 1759 miraculum
1319 1733 1390 1760 istud
1401 1738 1529 1761 accurate
1541 1734 1701 1766 observasti,
1711 1734 1843 1769 nobisque

1053 1777 1199 1804 indicasti:
1220 1785 1346 1812 magnum
1365 1785 1440 1810 sane,
1465 1783 1496 1806 ut
1521 1778 1572 1813 ipsi
1597 1779 1631 1805 ad
1653 1779 1778 1814 gloriam,
1805 1781 1842 1808 ita

1054 1823 1132 1850 nobis
1149 1822 1181 1850 ad
1198 1823 1308 1851 virtutis
1328 1824 1523 1851 monimentum
1546 1829 1627 1859 atque
1652 1825 1772 1860 ejusdem
1787 1826 1842 1853 dis-

1053 1868 1198 1896 solutionis
1213 1869 1388 1897 desiderium.
1405 1870 1445 1897 Ac
1460 1870 1526 1897 mihi
1540 1869 1636 1898 horror
1652 1871 1762 1905 quidam
1777 1872 1841 1899 sub-

1054 1914 1086 1945 it,
1111 1913 1292 1949 lacrymteque
1316 1915 1409 1946 simul,
1428 1915 1479 1942 hoc
1499 1914 1659 1942 miraculum
1676 1916 1840 1945 recordanti.

1053 1958 1116 1985 Jam
1130 1959 1300 1992 solvcbatur,
1316 1964 1397 1994 atqtte
1407 1965 1544 1988 extremos
1557 1961 1669 1995 spiritus
1680 1961 1797 1994 emahat,
1809 1970 1843 1989 ac

1053 2004 1157 2032 circum
1171 2012 1230 2032 eam
1255 2011 1311 2033 tum
1340 2006 1565 2042 propinquorum.
1597 2012 1653 2034 tum
1685 2012 1841 2036 exterarum

1054 2050 1153 2078 chorus
1168 2055 1238 2083 erat,
1253 2051 1453 2085 prosecutionis
1464 2051 1550 2079 cilicia
1569 2052 1620 2086 ipsi
1635 2053 1841 2088 praestantium;

1054 2101 1082 2123 et
1100 2096 1196 2123 vetulae
1226 2097 1321 2125 matris
1349 2098 1515 2130 observatio,
1542 2098 1693 2132 animaeque
1717 2099 1844 2127 distortio

1055 2140 1156 2168 exitum
1177 2141 1312 2177 zelotypia
1342 2144 1541 2178 prosequentis,
1560 2148 1588 2170 et
1618 2144 1704 2172 mirus
1722 2146 1843 2172 ontnium

1055 2194 1132 2214 amor
1145 2187 1283 2215 anxietate
1300 2189 1456 2222 permistus,
1483 2197 1596 2224 quorum
1619 2189 1676 2222 alii,
1695 2191 1728 2217 ad
1748 2199 1844 2219 usus-

1055 2233 1192 2261 citandam
1218 2234 1245 2261 in
1271 2241 1364 2261 eorum
1380 2235 1479 2262 animis
1502 2235 1584 2269 ipsius
1608 2237 1777 2270 memoriam,
1796 2237 1845 2264 ali-

1056 2279 1121 2313 quid
1137 2279 1232 2307 audire
1257 2281 1421 2314 gestiebant,
1439 2280 1483 2307 alii
1502 2287 1566 2308 vero
1589 2281 1661 2316 loqui
1689 2283 1844 2317 cupiebant,

1055 2332 1106 2352 nec
1116 2330 1206 2353 tamen
1231 2326 1375 2353 audebant.
1402 2327 1442 2354 Ac
1465 2332 1546 2354 muta:
1574 2331 1712 2364 lacrymai,
1729 2337 1846 2357 ιιιωτοτ-

1081 2483 1167 2501 ικοου.

1058 2483 1349 2544 μιῗξὲἴοῈπίνευσις.
1379 2518 1388 2535 1
1403 2504 1573 2541 Observatio,
1599 2511 1752 2544 propensio.
1764 2520 1773 2536 ι
1791 2512 1845 2538 Atl-

1058 2545 1146 2571 slabat
1163 2545 1366 2580 euimrlougzeva
1384 2549 1478 2576 mater,
1502 2546 1630 2572 inclinato
1643 2554 1766 2580 corpore,
1779 2555 1844 2580 pro-

1059 2580 1101 2606 nis
1112 2579 1209 2611 oculis,
1223 2579 1382 2615 observans,
1397 2584 1424 2606 ut
1437 2580 1494 2615 lieri
1506 2580 1583 2611 solet,
1596 2579 1733 2609 extremos
1746 2579 1845 2615 Gorgo-

1058 2615 1109 2641 nire
1127 2615 1234 2642 halitus.
1254 2614 1337 2645 Elius,
1357 2622 1437 2648 quem
1463 2614 1555 2641 Billius
1576 2616 1707 2649 sequitur,
1727 2624 1775 2649 pro
1790 2614 1846 2642 ἐξί-

1058 2657 1158 2684 νευσις,
1184 2649 1264 2676 habet
1280 2649 1448 2681 ὲπίπνευσις,
1470 2651 1639 2684 ιερὶτιιιὶος»
1673 2659 1734 2684 qua:
1754 2660 1844 2683 voces,

1054 2683 1130 2717 juxta
1145 2684 1346 2712 Combet'isium.
1363 2685 1407 2711 ltic
1426 2683 1519 2719 parum
1537 2685 1673 2712 differunt.

1092 2718 1148 2752 (7-1)
1163 2719 1198 2745 ”0
1215 2727 1242 2745 τι
1256 2719 1421 2746 ἀκούσωσι.
1438 2718 1571 2750 Ουιιιιωί..
1584 2721 1597 2746 ὃ
1610 2729 1636 2747 τι
1653 2720 1807 2747 ἀκουσουσι.

1092 2754 1147 2803 (75)
1164 2754 1202 2780 Ak
1217 2754 1234 2780 ὅ
1261 2762 1286 2780 τι
1298 2754 1487 2789 φθέγξωνται.
1505 2754 1586 2782 Coisl.
1601 2756 1614 2783 1
1635 2761 1662 2782 et
1677 2755 1732 2783 Jes.
1752 2756 1773 2782 δ’
1785 2757 1799 2782 ὅ
1817 2765 1845 2783 τι

1076 2788 1233 2816 θεγεωνται.

1093 2798 1233 2821 εγςωνται.

1056 2798 1233 2824 φυεγςωνται.

1091 2825 1144 2859 (Ἱϋ)
1163 2824 1336 2859 Τολμῦντος
1360 2824 1403 2857 δέ,
1432 2829 1484 2852 etc.
1514 2824 1541 2852 Si
1557 2828 1691 2859 przecedat
1713 2831 1842 2860 punctum

1054 2860 1090 2896 ita
1107 2861 1262 2896 vertendum
1280 2869 1288 2887 :
1306 2861 1434 2888 «nemine
1452 2867 1516 2888 vero
1532 2861 1658 2896 audente,
1684 2869 1763 2890 mutat
1776 2861 1843 2890 ﬂuo—

1054 2895 1119 2922 baut
1134 2895 1268 2930 lacrymte,
1282 2905 1291 2921 ι
1310 2900 1361 2923 etc.
