2069 3131
233 169 285 197 845

854 161 882 190 S.
897 159 1062 189 GREGORII
1084 159 1259 188 TIIEOLOGI

1813 155 1864 181 8i6

234 234 286 262 que
303 225 461 254 incurabilis
497 223 559 259 (nec
579 223 652 249 enim
677 221 750 256 pium
775 220 927 253 videbatur,
953 228 1024 252 eam,

1088 230 1091 244 ι
1106 219 1230 250 θάνατος.
1251 216 1282 243 Ἣ
1296 216 1324 243 δὲ
1339 217 1439 247 ἄπνους
1451 224 1480 242 τε
1493 215 1540 242 καὶ
1556 213 1693 248 ἀκίνητος,
1706 212 1753 239 καὶ
1764 211 1864 246 ἄφθογ-

235 279 296 308 quae
310 272 346 298 ita
376 269 538 301 discederet,
558 267 629 294 luctu
649 265 808 301 prosequi),
824 264 963 299 altumque
985 265 1023 292 si-

236 318 347 345 lentium
362 319 431 348 erat,
446 321 479 342 ac
490 320 565 340 mors
587 312 658 339 illius
675 318 762 339 sacrae
784 311 925 345 cujusdam
942 317 1026 337 caere-

237 364 334 391 moniae
351 361 468 397 speciem
484 359 611 389 habebat.
626 357 672 385 llla
702 362 803 389 autem,
824 361 954 391 quantum
969 357 1026 391 qui-

238 410 300 437 dem
313 416 346 435 ex
373 410 481 441 aspectu
506 404 605 439 conjici
626 407 746 439 p0terat.
761 409 811 429 nec
830 402 960 436 spirabat,
977 409 1026 429 nec

238 454 407 484 movebatur,
421 458 470 478 ttec
488 458 583 478 sonutn
608 449 691 476 ullum
709 448 817 480 edebat,
835 447 1028 481 silentiumque

238 500 302 527 illud
321 498 398 526 fracti
413 501 439 523 et
454 496 579 524 dissoluti
593 496 715 530 corporis
729 494 885 529 opinionem
903 493 1028 521 onmibus

239 545 387 577 afferebat;
408 544 521 579 perinde
529 542 656 570 videlicet
670 545 752 575 atque
770 542 845 568 vocis
860 541 1027 568 instrumen-

239 597 277 624 ta,
294 591 328 618 ob
356 590 468 621 auinue,
494 595 547 623 qua
577 586 770 619 movebantur,
802 593 954 617 excessum,
972 586 1028 618 jam

238 643 369 672 oppressa
382 635 463 670 232
483 640 510 661 et
525 633 661 661 exstincta
680 637 781 660 essent.
798 633 834 659 At
850 639 911 658 cum
937 636 1030 666 pastor

240 683 294 714 ille,
312 682 356 716 qui
370 686 480 716 propter
505 678 678 712 miraculum,
703 678 774 713 quod
797 677 925 705 omnibus
951 675 1030 702 rebus

239 727 373 757 elucebat.
387 725 457 753 facta
475 725 601 759 dictaque
613 724 685 751 illius
703 723 794 751 omnia
817 722 961 756 diligenter
982 720 1031 748 ob-

241 772 378 804 servabat,
395 771 465 798 labia
481 769 566 804 ipsius
593 769 689 796 leuiter
705 767 807 796 moveri
821 767 964 797 sensisset.
980 773 1030 793 au-

241 828 352 856 remque
368 820 479 855 propius
515 819 682 846 admovisset
698 817 838 853 (fidentem
853 817 926 844 enim
957 824 1030 848 eum,

242 875 302 894 cntn
317 867 358 894 sui
381 874 480 898 mores,
498 870 554 893 tum
581 864 784 892 commiseratio
809 863 867 899 ipsa
893 863 1031 897 faciebat,)

1077 274 1134 300 γος,
1147 265 1178 291 τὸ
1193 265 1366 299 φαινόμενον,
1378 263 1426 289 καὶ
1439 263 1456 298 ἡ
1473 261 1563 296 σιωπὴ
1576 259 1623 287 τοῦ
1640 259 1765 295 σώματος
1779 259 1866 285 ἐδόκει

1079 311 1239 347 παράλυσις,
1256 307 1311 337 οἷον
1328 310 1379 345 ἤδη
1400 308 1454 335 τῶν
1472 306 1634 343 φωνητικῶν
1653 305 1777 341 ὀργάνων
1794 313 1866 331 νενε-

1077 358 1236 394 κρωμένων,
1257 356 1302 383 διὰ
1323 356 1373 390 τὴν
1394 354 1441 381 τοῦ
1468 352 1606 384 κινοῦντος
1632 351 1865 387 ἐγχώρησινΠἸ).

1084 404 1188 439 Ἠρέμα
1209 403 1239 429 δὲ
1265 402 1319 429 τῶν
1341 400 1452 436 χειλέων
1476 398 1644 433 κινουμένων
1671 396 1833 429 αἰσθόμενος
1852 396 1867 422 ὁ

1079 451 1168 478 πάντα
1179 449 1271 486 τηρῶν
1294 448 1328 475 τὰ
1345 447 1452 482 ἐκείνης
1474 445 1612 481 ἐπιμελῶς
1627 442 1728 479 ποιμὴν
1744 441 1812 477 (78),
1825 442 1868 468 διὰ

1078 497 1108 523 τὺ
1122 498 1150 523 ὲν
1165 496 1232 523 πᾶσι
1249 494 1350 530 θαῦμα,
1366 493 1414 520 καὶ
1428 491 1562 528 παραθεὶς
1572 490 1608 517 τὰ
1619 486 1675 517 ὦτα
1687 491 1744 521 τοῖς
1766 488 1869 524 χείλεσι

1080 544 1120 579 (τὸ
1136 542 1189 577 γὰρ
1205 542 1316 577 θαρῤεῐν
1328 538 1385 574 εἶχε
1397 538 1445 566 καὶ
1460 537 1537 574 παρὰ
1551 536 1597 564 τοῦ
1614 535 1716 572 τρόπον
1731 535 1779 562 καὶ
1793 534 1871 570 παρὰ

1079 589 1128 624 τῆς
1159 586 1352 623 συμπαθείας).
1378 584 1458 615 αὐτὸς
1481 583 1610 619 διήγησαι
1632 581 1662 608 τὸ
1684 581 1733 616 τῆς
1753 580 1870 615 ἡσυχίας

1082 634 1241 670 μυστήριον,
1257 633 1270 659 ὅ
1285 633 1311 658 τί
1327 639 1393 658 ποτε
1405 629 1439 666 ἦν
1453 629 1500 656 καὶ
1514 625 1568 655 οἷον
1575 627 1629 663 (79)
1639 626 1740 657 ὀὐδεὶς
1752 626 1868 660 ἀπιστή-

1082 668 1122 707 σει
1144 668 1190 705 σοῦ
1211 678 1345 712 λέγοντος.
1366 674 1519 710 Ψαλμῳδῐα
1537 673 1568 700 τὸ
1593 671 1810 706 ὑπολαλούμενον
1824 668 1868 706 ἦν,

1082 726 1129 752 καὶ
1152 723 1312 760 ψαλμῳδιας
1334 722 1370 749 τὰ
1392 719 1548 756 ὲξόδια(8ὓ)
1567 719 1694 755 ῥήματα.-
1718 718 1742 744 εἱ
1766 717 1795 743 δὲ
1817 716 1871 752 χρὴ

1082 770 1196 806 τάληθὲς
1212 770 1309 802 εἰπεῖν,
1328 767 1466 804 μαρτυρία
1478 766 1528 801 τῆς
1542 764 1709 801 παρῤησίας,
1728 763 1786 798 μεθ’
1799 761 1833 799 ἦς
1854 763 1871 797 ἡ

1083 817 1180 850 ἔξοδος.
1199 816 1254 843 Καὶ
1273 815 1407 851 μακάριος
1431 814 1505 845 ὅστις
1529 813 1587 848 μετ’
1607 811 1719 837 ἐκείνων
1737 808 1874 836 ἀναπαύε-

1083 872 1127 890 ται
1140 863 1195 898 (81)
1218 862 1272 889 τῶν
1299 861 1447 897 ῥημάτων·
1475 859 1527 886 Ἐν
1544 857 1648 892 εἰρήνῃ
1671 856 1719 883 ἐπὶ
1741 855 1774 882 τὸ
1799 854 1872 882 αὐτὸ

243 913 308 948 quin
322 917 350 940 ιιι
366 912 423 947 ipse
441 912 520 946 hujus
542 911 643 938 silentii
659 910 817 945 mysterium
833 909 965 944 exponis?
980 908 1032 936 Pte-

1088 908 1301 945 »ιοιμηθήσσμαι
1318 908 1367 935 καὶ
1398 905 1539 934 ὐπνώσω.
1564 903 1656 931 Ταῦτα
1678 903 1725 930 καὶ
1744 902 1874 937 summ

243 966 288 986 mo
301 959 400 994 quippe
416 958 462 985 tibi
478 957 600 984 narranti
622 957 701 984 Iidem
727 956 880 990 abrogabit.
909 955 1031 982 Psalmo-

243 1004 286 1030 dia
302 1007 371 1036 erat,
383 1003 408 1030 id
418 1003 488 1038 quod
502 1002 725 1032 submussitahat,
735 1009 767 1028 ac
776 1001 932 1035 psalmodize
949 1001 1031 1028 verba

244 1048 277 1075 ad
297 1049 397 1076 exitum
415 1048 577 1083 pertinentia
594 1055 601 1074 :
617 1052 654 1080 et,
674 1049 696 1075 si
713 1055 776 1075 vere
795 1047 958 1081 loquendum
979 1050 1031 1078 est,

244 1093 377 1121 libertatis
401 1094 473 1121 illius
495 1101 527 1120 ac
549 1093 663 1126 fiduciae,
679 1101 741 1120 cum
763 1101 815 1128 qtta
836 1092 901 1120 hinc
920 1092 1036 1120 excede-

1087 965 1137 987 σοι,
1152 955 1281 990 καλλίστη
1297 953 1446 989 γυναικῶν,
1461 953 1507 980 καὶ
1524 951 1681 978 συνέϐαινεν
1691 958 1697 964 ·
1714 950 1761 977 καὶ
1777 950 1794 984 ἡ
1806 948 1875 983 ψαλ-

1088 1002 1174 1038 μῳόία
1196 1002 1228 1028 τὸ
1248 1001 1390 1037 γινόμενον
1411 997 1457 1035 ἦν,
1475 998 1523 1026 καὶ
1545 997 1614 1033 μετὰ
1636 998 1687 1032 τῆς
1711 994 1843 1031 ἐκδημίας
1860 995 1876 1021 ὁ

1086 1049 1227 1083 ἐπιτάφιος
1236 1056 1244 1063 ⁸
1259 1044 1282 1074 ὦ
1293 1046 1382 1078 καλῶς
1397 1046 1452 1073 ἀπὸ
1463 1045 1516 1072 τῶν
1529 1043 1624 1072 παθῶν
1638 1042 1820 1079 εἰρηνεὺσασα
1831 1041 1876 1073 σὺ,

1087 1095 1132 1122 καὶ
1142 1094 1189 1121 τὸν
1200 1093 1374 1128 ὀφειλόμενον
1385 1093 1440 1124 τοῖς
1450 1091 1602 1127 ἀγαπητοῖς
1611 1090 1694 1117 ὕπνον
1703 1087 1878 1116 ἀπολαϐοῦσα

245 1140 301 1172 bat,
318 1140 511 1167 testimonium.
529 1139 568 1167 Ac
593 1141 688 1167 beatus
707 1139 762 1171 ille,
786 1139 831 1174 qui
858 1146 919 1166 cum
946 1139 1036 1166 verbis

1088 1142 1155 1178 πρὸς
1171 1141 1210 1176 τῷ
1232 1140 1315 1175 κοινῷ
1339 1141 1389 1174 τῆς
1412 1139 1576 1173 κοιμήσεως,
1601 1137 1638 1168 ὡς
1665 1135 1738 1167 εἰκὸς
1760 1135 1810 1171 τὴν
1831 1134 1878 1160 καὶ

245 1185 299 1214 illis
317 1191 466 1214 extremum
489 1186 551 1213 vita:
571 1187 697 1220 spiritum
724 1186 831 1213 claudet
848 1194 854 1211 :
870 1184 904 1212 In
924 1192 988 1219 pace
1009 1186 1037 1212 in

1088 1188 1208 1223 ζήσασαν
1232 1187 1280 1214 καὶ
1298 1184 1469 1213 ἀπελθοῦσαν
1483 1185 1512 1211 ὲν
1525 1184 1583 1216 τοῖς
1599 1182 1649 1218 τῆς
1673 1180 1814 1211 εὐσεϐείας
1830 1180 1878 1215 ρή·

244 1235 362 1270 idipsum
374 1235 505 1262 dormiam
528 1239 552 1262 et
575 1236 736 1270 requiescam
751 1234 785 1260 ³ο.
805 1233 878 1266 Haec,
891 1237 944 1261 eta
963 1237 998 1266 te,
1020 1240 1037 1260 ο

1089 1242 1182 1270 μασιν.

247 1281 391 1308 mulierum
406 1282 643 1316 prastantissima,
661 1281 837 1312 canebantur,
852 1284 882 1308 et
897 1279 946 1307 tibi
963 1280 1172 1314 contingebant;
1191 1287 1224 1307 ac
1254 1277 1414 1314 psalmodia,
1449 1277 1476 1304 id
1506 1280 1576 1308 erat,
1608 1274 1679 1310 quod
1696 1273 1789 1305 fiebat,
1806 1279 1878 1300 con-

243 1325 425 1362 junctumque
461 1334 523 1355 cum
544 1328 665 1355 discessu
704 1327 871 1362 epitaphium
894 1333 954 1356 erat
973 1337 980 1355 :
1001 1327 1101 1363 quippe
1132 1334 1193 1362 qua:
1215 1330 1332 1354 mentem
1351 1333 1367 1352 a
1390 1324 1496 1352 vitiosis
1514 1322 1729 1358 permotionibus
1757 1321 1808 1347 rite
1830 1329 1878 1356 p.1-

247 1376 336 1398 catam
355 1372 498 1405 habueris,
518 1379 550 1400 ac
567 1378 666 1408 praiter
694 1380 865 1401 communem
898 1381 1035 1408 soporem,
1055 1373 1175 1401 debitum
1190 1379 1299 1408 quoque
1314 1372 1369 1399 Deo
1399 1371 1491 1399 charis
1521 1369 1675 1397 hominibus
1689 1375 1813 1395 somnum
1830 1373 1878 1394 ac-

246 1418 364 1452 ceperis,
378 1418 604 1452 quemadmodum
622 1425 683 1445 eam
704 1427 752 1453 par
768 1425 838 1451 erat,
852 1427 913 1454 quae
933 1420 959 1447 in
978 1420 1087 1454 pietatis
1109 1419 1210 1450 verbis,
1224 1424 1251 1446 et
1264 1419 1382 1450 vixerat,
1399 1422 1427 1444 et
1446 1417 1626 1444 abscesserat.

284 1461 378 1489 XXIII.
399 1462 529 1496 Equidem
545 1470 599 1490 non
614 1463 718 1494 dubito,
734 1464 798 1498 quin
814 1464 858 1496 iis,
870 1471 930 1499 quae
949 1464 1036 1492 oculis

1127 1465 1189 1490 Kl".
1207 1463 1335 1499 Κρείσσω
1351 1462 1400 1498 μὲν
1417 1460 1463 1489 οὗν
1483 1460 1513 1488 εὖ
1528 1459 1587 1487 οῖδα
1611 1460 1657 1487 καὶ
1673 1458 1771 1494 μακρῷ
1786 1458 1882 1494 τιμιώ-

248 1511 416 1539 cernuntur,
451 1508 536 1535 multo
566 1510 757 1542 prmstantiora
787 1509 843 1536 sint
866 1516 920 1542 ea,
940 1510 1041 1545 quibus

250 1560 322 1580 nunc
342 1552 451 1585 frueris,
472 1560 569 1588 nempe
596 1561 678 1581 sonus
694 1554 860 1589 epulantium
874 1554 908 1587 “,
932 1555 1041 1591 angelo-

249 1606 310 1626 rum
327 1599 438 1631 cltorea,
462 1597 581 1626 caelestis
597 1598 684 1630 ordo,
709 1598 802 1633 gloriae
828 1600 1038 1635 contemplatio,

247 1651 311 1671 eum
340 1643 463 1676 alterius,
489 1649 545 1671 tum
574 1651 708 1679 supremae
731 1643 873 1673 Trinitatis
902 1645 994 1680 purior
1014 1651 1042 1673 et

251 1689 396 1725 perfectior
414 1690 586 1723 iilutninatio,
613 1698 666 1718 non
692 1690 749 1726 jam
776 1692 894 1719 vinctam
921 1697 1039 1719 mentem

251 1744 283 1763 ac
300 1744 347 1771 per
364 1744 459 1764 sensus
480 1736 605 1764 diffusam
621 1737 802 1773 suﬂ'ugientis,
820 1739 867 1766 sed
881 1742 964 1766 totam
981 1745 1041 1766 sese

251 1783 300 1809 toti
319 1782 400 1810 menti
418 1783 656 1818 contemplandatn
676 1789 704 1811 et
726 1783 868 1812 tenendam
883 1784 1041 1819 pratbentis,

253 1833 362 1862 totoque
378 1829 528 1856 divinitatis
553 1829 655 1857 lumitte
672 1830 770 1858 animis
795 1831 899 1858 nostris
917 1830 1044 1866 effulgen-

253 1875 299 1901 tis.
327 1874 455 1906 Omnino.
472 1875 595 1910 inquam,
621 1876 664 1903 Itis
684 1876 783 1904 fruaris
805 1884 931 1912 quorum,
961 1878 1042 1905 etiam

253 1919 315 1947 dum
335 1921 423 1948 adhuc
436 1921 462 1947 in
478 1925 548 1949 terra
564 1928 650 1954 esses,
667 1922 701 1949 ob
714 1923 850 1950 sincerant
870 1923 950 1954 adma
973 1931 1046 1951 tuen-

254 1923 315 1947 tlum
335 1923 423 1948 adhuc
436 1923 462 1947 in
478 1925 548 1949 terra
564 1928 650 1954 esses,
667 1923 701 1949 ob
714 1923 850 1950 sincerant
870 1930 885 1950 a
919 1931 950 1950 ea
973 1931 1045 1951 tuen-

254 1965 288 1992 tis
301 1966 477 1998 erectionem,
493 1967 597 1994 rivulos
617 1967 748 1995 habebas.
765 1968 843 2001 Quod
867 1923 972 2004 sidauid
996 1976 1045 1997 eos

253 2019 372 2046 quoque,
389 2012 433 2046 qui
456 2012 503 2040 tibi
523 2020 538 2040 a
554 2013 634 2041 nobis
651 2014 796 2047 habentur,
815 2015 934 2043 honores
953 2023 1043 2048 curas,

253 2062 334 2092 atque
348 2057 400 2084 hoc
412 2058 514 2092 praemii
528 2058 631 2085 sanctis
645 2058 744 2086 animis
757 2060 888 2087 divinitus
900 2061 1043 2095 contingit,

254 2106 284 2129 ut
310 2102 362 2129 ista
382 2104 517 2135 sentiant,
539 2108 659 2130 nostram
681 2111 789 2139 qttoque
811 2107 962 2133 orationem
995 2114 1044 2142 pro

1089 1519 1156 1546 τερα
1169 1511 1203 1537 τὰ
1220 1509 1343 1545 παρόντα
1358 1517 1399 1535 σοι
1413 1508 1460 1535 νῦν
1479 1507 1495 1543 ἢ
1519 1506 1590 1534 κατὰ
1607 1505 1643 1532 τὰ
1663 1505 1800 1541 ὁρώμενα,
1814 1503 1880 1540 ἦχος

1089 1556 1281 1592 ἑορταζόντων,
1299 1555 1422 1589 ἀγγέλων
1438 1554 1532 1590 χορεία
1543 1574 1550 1583 .,
1569 1553 1645 1586 τάξις
1659 1551 1782 1588 οὐρανία,
1802 1552 1882 1586 δόξης

1091 1603 1201 1640 θεωρία,
1218 1603 1267 1638 τῆς
1288 1611 1318 1629 τε
1338 1601 1421 1636 ἄλλης
1437 1601 1484 1628 καὶ
1499 1601 1548 1636 τῆς
1561 1599 1692 1627 ἀνωτάτω
1706 1598 1822 1634 Τριὰδος
1836 1597 1880 1624 ἕλ-

1091 1650 1193 1686 λαμψις
1209 1649 1390 1685 καθαρωτέρα
1411 1657 1440 1674 τε
1459 1647 1507 1674 καὶ
1523 1646 1685 1682 τελεωτέρα,
1704 1645 1802 1681 μηκέτι
1817 1645 1884 1672 ὑπο-

1093 1695 1244 1732 φευγούσης
1267 1695 1312 1722 τὸν
1333 1695 1444 1730 δέσμιον
1469 1692 1533 1721 νοῦν
1558 1693 1605 1720 κα)¹
1626 1692 1799 1728 διαχεόμενον
1823 1692 1884 1722 ταῖς

1093 1742 1262 1778 αἰσθήσεσιν,
1285 1740 1342 1768 ἀλλ’
1363 1740 1428 1776 ὅλης
1448 1739 1501 1775 ὅλῳ
1522 1738 1563 1765 νοτ
1585 1738 1776 1774 θεωρουμένης
1790 1745 1820 1764 τε
1836 1736 1885 1764 καὶ

1093 1787 1292 1822 κρατουμένης,
1308 1786 1356 1813 καὶ
1369 1783 1650 1822 προσαστραπτούσης
1660 1784 1722 1814 ταῖς
1737 1781 1885 1818 ἡμετέραις

1093 1833 1192 1868 ψυχαῖς
1217 1832 1271 1868 ὅλῳ
1293 1831 1332 1867 τῷ
1353 1831 1424 1866 φωτὶ
1442 1831 1491 1866 τῆς
1518 1830 1644 1865 θεότητος
1683 1829 1795 1855 Πάντων
1820 1829 1886 1854 ἁπο-

1093 1877 1186 1909 λαύοις
1198 1877 1265 1912 (8-2),
1286 1874 1323 1904 ὧν
1342 1876 1381 1902 ἔτι
1397 1875 1468 1911 ὑπὲρ
1492 1875 1545 1909 γῆς
1566 1872 1638 1909 εἶχες
1659 1873 1710 1904 τὰς
1734 1872 1886 1908 ἀπορῤοίας

1094 1923 1138 1951 διὰ
1149 1923 1179 1950 τὸ
1192 1924 1303 1958 γνήσιον
1316 1923 1366 1958 τῆς
1383 1922 1451 1958 πρὸς
1463 1921 1532 1948 αὐτὰ
1545 1921 1663 1951 νεύσεως
1673 1919 1740 1955 (85).
1760 1919 1793 1945 Εἰ
1804 1918 1832 1944 δέ
1844 1918 1889 1949 τίς

1097 1978 1137 1996 σοι
1153 1969 1209 2003 (84)
1224 1969 1271 1995 καὶ
1285 1968 1339 1995 τῶν
1355 1968 1496 2003 ἡμετέρων
1509 1966 1630 2002 ὲστὶ(85)
1644 1965 1732 2000 λόγος,
1746 1965 1794 1992 καὶ
1808 1965 1887 1992 τοῦτο

1095 2016 1156 2046 ταῖς
1178 2015 1266 2046 ὁσίαις
1286 2015 1386 2050 ψυχαῖς
1408 2015 1441 2041 ὲκ
1463 2013 1531 2040 Θεοῦ
1558 2013 1660 2049 γέρας,
1682 2011 1738 2039 τῶν
1758 2011 1888 2039 τοιούτων

1097 2060 1319 2091 ἐπαισθάνεσοαι,
1345 2061 1432 2095 δέχοιο
1458 2060 1506 2086 καὶ
1525 2059 1570 2086 τὸν
1587 2059 1722 2094 ἡμέτερον
1739 2058 1818 2092 λόγον
1830 2058 1888 2094 (86)

1098 2105 1158 2132 ἀντὶ
1175 2105 1280 2132 πολλῶν
1294 2105 1340 2132 καὶ
1354 2105 1408 2141 πρὸ
1425 2105 1531 2132 πολλῶν
1545 2104 1689 2139 ὲνταφίων,
1702 2104 1732 2130 ὃν
1744 2103 1889 2139 Καισαρίῳ

256 2148 359 2180 multis,
375 2156 407 2175 ac
421 2156 476 2183 pra;
493 2148 585 2176 multis
598 2148 760 2178 funebribus
771 2150 849 2178 donis
862 2152 980 2186 accipias
999 2160 1037 2180 ve-

1098 2152 1147 2187 μὲν
1160 2151 1216 2187 (87)
1235 2152 1289 2188 πρὸ
1304 2151 1362 2183 σοῦ,
1384 2152 1431 2178 κα)⁴
1445 2151 1486 2178 σοὶ
1508 2151 1566 2186 μετ’
1584 2151 1690 2177 ἐκεῖνον
1712 2150 1887 2178 ἀποδεδώκα-

254 2193 313 2226 lim,
332 2202 411 2232 qttam
433 2194 552 2222 Ctesario
568 2199 631 2223 ante
652 2200 688 2228 te,
708 2200 736 2223 et
750 2197 798 2224 tibi
816 2202 877 2231 post
891 2198 965 2225 illtttn
983 2206 1042 2233 per-

253 2240 397 2273 solvimus,
425 2241 640 2276 quandoquidem
673 2241 786 2270 fratrum
808 2243 950 2272 funeribus
980 2253 1046 2273 oras

255 2286 329 2313 tione
352 2286 545 2321 prosequendis
562 2294 657 2314 sumus
673 2289 815 2316 reservati.
842 2291 885 2318 An
903 2298 967 2318 vero
993 2299 1045 2319 nos

255 2339 363 2367 quoque
385 2337 445 2367 post
464 2340 512 2360 vos
539 2333 595 2368 pari
612 2333 716 2361 honore
733 2335 868 2370 quispiam
897 2336 1046 2365 aliecturus

292 2390 314 2406 ³⁸
326 2389 396 2417 Psal.
410 2391 488 2421 tv.10
515 2391 536 2406 ³¹
554 2390 625 2418 Psal.
638 2399 694 2423 xu,
711 2391 738 2418 5.

283 2471 349 2514 ’(77)
367 2470 561 2506 Ἐγχώρησιν.
577 2471 733 2505 DuoCoisl.,
746 2475 800 2499 tres
816 2471 906 2504 Colb.,
921 2470 990 2505 Jes.,
1002 2472 1046 2498 εὑ-

274 2515 385 2534 ωρησιν.

257 2515 487 2578 χωὲἳὲῗιῖὶοιμῄν,
500 2545 555 2578 etc.
573 2541 608 2578 iis
632 2541 779 2577 spiritualis
792 2541 934 2577 Gorgonis:
955 2546 1046 2578 pastor

257 2582 325 2609 erat,
339 2576 406 2604 'non
429 2576 653 2611 Amphilochius,
667 2582 696 2604 ut
721 2576 869 2604 arbitratur
885 2576 969 2610 Elias‘,
998 2578 1045 2605 sed

257 2612 403 2640 Faustinus
417 2616 479 2639 tunc
509 2611 593 2639 lconii
612 2612 763 2647 episcopus.
791 2611 858 2640 Vide
872 2615 1001 2641 monitum
1018 2613 1045 2640 in

259 2648 328 2675 hanc
355 2647 515 2679 orationem,
551 2646 749 2675 n.5.'ldcirco
778 2652 869 2682 pastor
892 2649 936 2676 ille
952 2655 1046 2676 omnes

258 2682 399 2710 morientis
426 2682 569 2717 (ἔοι-κοιλίαι
603 2688 691 2710 tnotus
718 2683 837 2710 studiose
868 2684 1040 2715 observabat,

262 2726 271 2742 (
285 2718 356 2751 qttod
374 2717 439 2743 nihil
452 2717 477 2743 in
491 2717 543 2744 illis
556 2724 607 2745 non
623 2722 696 2746 esset
710 2718 873 2745 tnirandttm.
890 2728 899 2745 ι

295 2753 351 2788 (79)
385 2752 547 2788 ’ᾯτίγποτε
580 2751 619 2788 ἦν
643 2753 692 2780 καὶ
722 2752 796 2780 οἷον.
821 2753 944 2782 Combef.
972 2754 1047 2788 legit,

259 2786 346 2814 mtov;
375 2786 465 2820 oQuid
482 2786 598 2821 tandem,
624 2795 656 2816 ac
683 2788 832 2823 cujusmodi
847 2788 939 2823 fuerit,
963 2786 1048 2823 expo-

260 2829 303 2849 ne.
318 2832 328 2848 D

295 2856 352 2892 (80)
375 2856 501 2888 Ἐξόδια.
515 2856 570 2884 Jes.
586 2857 694 2890 ὲξώδια.

295 2892 351 2927 (8t)
374 2892 574 2920 Ἀναπιιύεται.
604 2894 668 2928 tteg.
687 2895 744 2927 bin,
764 2894 845 2923 Coisl.
865 2896 891 2929 I,
903 2894 972 2930 Jes.,
986 2895 1052 2922 ἀνα-

1101 2207 1150 2234 μεν
1162 2219 1169 2230 ,
1192 2199 1285 2234 ἐπειδὴ
1305 2207 1338 2233 γε
1356 2197 1479 2232 ἀδελφῶν
1501 2197 1655 2232 ἐπιταφίοις
1675 2197 1887 2233 ὲταμιεὺθημεν.

1099 2245 1131 2271 Εἰ
1144 2245 1172 2272 δὲ
1187 2245 1234 2271 καὶ
1246 2245 1322 2280 ἡμᾶς
1336 2243 1525 2280 τιμήσειέ(88)
1533 2253 1574 2275 τις
1585 2244 1644 2280 μεθ’
1655 2244 1728 2279 ὑμᾶς
1740 2245 1796 2275 τοῖς
1808 2245 1886 2275 ῐσοις,

1098 2291 1150 2317 οὐκ
1167 2290 1223 2325 ἔχω
1240 2290 1330 2324 λέγειν
1341 2298 1348 2306 ’
1368 2289 1439 2326 πλὴν
1459 2290 1641 2326 τιμηθειημέν
1655 2299 1687 2324 γε
1703 2291 1783 2326 μόνον
1795 2290 1845 2326 τὴν
1860 2291 1889 2316 ἐν

1098 2338 1158 2373 Θεῷ
1175 2337 1269 2373 τιμὴν,
1286 2338 1333 2364 καὶ
1348 2336 1542 2373 παροικοῦντες
1558 2335 1614 2371 (89)
1629 2337 1677 2363 καὶ
1697 2336 1890 2367 κατοικοῦντες

1097 2471 1240 2498 παύσεται.

1130 2507 1188 2541 (8'2)
1211 2507 1392 2540 Ἃπθλαύοις.
1407 2506 1488 2535 Cois].
1506 2507 1533 2541 1,
1550 2506 1725 2539 ἀπολαύσοις.

1133 2542 1188 2578 (8.5)
1199 2543 1347 2578 Νεύσεως.
1368 2552 1376 2568 t
1390 2542 1603 2574 lnclinationem,
1620 2543 1794 2570 intentionem
1807 2553 1817 2569 ι

1133 2577 1189 2613 (84)
1205 2578 1239 2604 Εἰ
1262 2577 1296 2604 δέ
1319 2579 1365 2610 τίς
1377 2586 1436 2610 σοι,
1450 2583 1503 2605 etc.
1529 2587 1537 2604 ι
1554 2578 1582 2605 Si
1596 2585 1648 2612 qua
1669 2583 1824 2606 nostrorum
1841 2578 1887 2605 libi

1097 2620 1161 2639 cura
1177 2617 1238 2645 est;
1263 2613 1285 2640 si
1309 2617 1462 2640 nostrorum
1490 2613 1591 2647 aliquid
1620 2613 1653 2639 ad
1683 2618 1708 2639 te
1730 2614 1858 2647 pertinet.
1876 2623 1886 2640 ι

1096 2647 1179 2674 Coisl.
1195 2648 1220 2680 I,
1235 2647 1308 2675 addit
1318 2647 1416 2683 τιμῶν.
1433 2648 1478 2683 Sic
1487 2649 1570 2676 etiam
1584 2647 1764 2683 IesitrBillius.

1145 2682 1189 2718 8:3)
1208 2682 1301 2710 Ἐστί.
1321 2683 1400 2711 Deest
1413 2683 1438 2710 in
1450 2682 1517 2718 Reg.
1534 2684 1589 2715 bm,
1604 2688 1632 2710 et
1643 2682 1699 2710 Jes.

1145 2717 1189 2751 86)
1201 2718 1309 2752 Λόγον.
1323 2718 1403 2745 Deest
1415 2718 1440 2745 in
1455 2717 1521 2753 Reg.
1537 2718 1592 2745 btn.

1135 2752 1191 2788 (87)
1206 2753 1280 2781 Μέν.
1299 2753 1378 2780 Deest
1388 2753 1414 2780 in
1434 2752 1568 2788 Regibm,
1579 2757 1607 2781 et
1621 2752 1678 2781 Jes.

1205 2787 1350 2828 ζξᾳιήσειε.
1371 2788 1437 2828 Reg.
1453 2787 1507 2821 bri],
1524 2794 1553 2816 et
1570 2787 1639 2828 Jes._.
1654 2789 1777 2824 τιμήσει.

1146 2822 1191 2856 89)
1203 2823 1259 2850 Kal.
1281 2822 1508 2857 παροικοῦντες,
1521 2829 1574 2851 etc.
1603 2824 1630 2851 Id
1649 2822 1702 2856 est,
1715 2822 1725 2850 ἰ
1738 2831 1796 2852 aevo
1815 2831 1888 2858 prte-

1100 2857 1170 2885 senti
1185 2865 1216 2885 ac
1227 2858 1327 2895 futuro.
1341 2869 1351 2885 ι
1375 2858 1426 2895 llic
1444 2860 1519 2886 nobis
1543 2860 1685 2894 iucoiatus,
1711 2859 1755 2888 hic
1771 2857 1892 2895 peregri-

1101 2899 1207 2921 namur.
1227 2893 1399 2922 Habitntioin
1416 2895 1502 2929 patria
1517 2900 1567 2921 est.

1179 2512 1189 2614 ξ
