2069 3131
215 198 269 227 817
641 200 771 229 ORATIO
790 201 836 228 IX.
856 215 888 220 ——
909 199 1173 228 APOLOGETICUS
1193 200 1237 227 Al)
1256 199 1408 227 PATREM.
1785 198 1837 225 SIS

216 256 246 282 ἐν
259 255 370 292 Χριστῷ
389 256 475 292 Ἰησοῦ
489 256 529 292 τῷ
539 257 634 293 Κυρίῳ
647 257 736 293 ἡμῶν,
748 254 770 291 ᾧ
783 259 799 291 ἡ
815 257 877 290 δόξα
896 257 943 284 καὶ
963 256 1002 292 τῷ
1017 261 1033 288 Α

1018 261 1039 289 Α
1052 257 1097 288 sit,
1112 257 1202 284 dicere
1230 257 1301 283 haud
1321 264 1410 291 queo:
1431 260 1557 284 caeterum
1574 263 1607 284 eo
1629 256 1761 284 duntaxat
1787 257 1835 284 lm-

217 302 304 337 Πατρὶ
325 303 374 329 σὺν
401 303 471 338 ἁγίῳ
501 302 638 339 Πνεύματι
667 304 707 334 εἰς
723 303 778 339 (90)
799 304 861 336 τοὺς
890 303 1000 334 αἰῶνας.

1048 310 1133 335 ,nore,
1151 302 1195 336 qui
1218 302 1273 329 Deo
1289 308 1381 336 gratus
1403 302 1449 334 sit,
1467 301 1625 333 alliciamur,
1639 307 1694 328 tum
1720 303 1837 336 peregri-

223 348 317 384 ’Λμήν.
1057 353 1163 378 nantes.
1181 353 1236 374 tum
1264 347 1428 381 habitantes,
1446 347 1472 374 in
1501 347 1609 374 Christo
1638 345 1700 374 Jcsu
1727 347 1838 374 Domino

217 398 320 425 nostro,
347 395 391 422 cui
406 394 490 430 gloria
504 400 531 422 et
545 393 619 422 Patri
643 401 705 422 cum
731 393 833 429 Spiritu
851 398 946 422 sancto
964 394 990 420 in
1004 393 1100 420 srecnla
1117 393 1286 421 saeculorum.
1304 392 1400 420 Amen.

254 451 309 486 (90)
321 451 397 484 Δόξα
458 453 510 485 εἰς.
542 451 682 486 Interiectu
701 451 796 478 desunt
810 452 836 478 in
856 451 922 484 Reg.
945 450 999 480 bm,
1024 455 1050 477 et
1065 449 1119 477 Jcs.

372 597 452 633 233
470 592 758 639 MONITUM
797 593 860 637 IN
898 590 1241 637 OBATIONES
1281 592 1367 640 IX,
1402 593 1442 635 X
1481 590 1553 634 ET
1590 591 1677 633 XI.

267 762 294 793 Ι.
325 761 361 791 ln
392 761 553 800 plerisque
577 761 723 792 melioris
745 766 828 792 notae
851 760 1027 800 codicibus,
1048 763 1079 791 et
1101 760 1134 791 in
1155 759 1234 797 ipsis
1261 763 1354 792 etlam
1376 762 1615 797 lnlel'prt‘llh'JS,
1637 762 1695 792 hoc
1723 762 1836 792 ordine

224 801 293 832 istae
317 798 601 840 tres'colloc‘antur
630 800 804 840 orationes.
832 798 953 831 Sasima
969 799 1175 840 spectant,rid
1192 803 1251 840 est,
1275 799 1421 840 Gregorii
1438 800 1475 830 ad
1500 801 1696 832 Sasimorum
1715 801 1837 840 episco-

225 844 332 880 patum
360 839 615 880 ordinationem;
641 839 778 880 ideoque
800 840 912 880 eodem
939 847 1034 875 anno,
1056 839 1160 880 m_edi_o
1177 838 1384 880 scilicet372,
1410 840 1623 880 pronuntiata;
1641 838 1836 880 suntfPrior

222 877 352 918 quidem
370 879 550 918 habitarest,
567 888 639 918 cum
656 877 791 916 longmvt
815 878 911 918 patris
930 877 1119 918 reverentia,
1136 877 1243 918 Basilii
1261 877 1414 918 amicitia,
1429 879 1599 918 actimore
1620 879 1734 915 victus,
1753 888 1835 910 novo

224 916 417 957 Sasimorum
439 917 673 957 episcopatui}:
686 916 854 952 cervicem.
868 929 882 946 η
899 921 934 948 ut
953 917 1021 956 ipse
1051 916 1195 957 loquitur
1221 917 1394 955 Gregorius
1423 916 1497 957 (91).
1516 929 1530 946 «
1545 926 1608 948 non
1627 918 1768 949 animum
1783 919 1836 948 in—

225 958 325 989 ﬂexit.
340 968 354 985 ››
379 956 499 991 Altera,
515 965 586 987 cum
603 966 620 988 e
635 956 722 995 fuga,
738 966 834 996 quam
848 961 919 996 post
935 956 1207 996 consecrationem
1235 960 1426 996 capesserat,
1447 956 1559 993 redux,
1577 965 1611 987 se
1628 968 1643 985 α
1660 957 1690 987 in
1707 956 1836 988 Christo

225 998 377 1031 vinctum,
404 1004 468 1026 non
493 995 612 1026 catenis
640 994 762 1030 ferreis}
793 994 856 1028 sed
878 995 1090 1027 tenacissimis
1108 995 1243 1034 spiritus
1272 994 1410 1026 vinculis
1433 996 1655 1032 constrictum,
1672 1000 1837 1028 senectute

225 1040 256 1067 et
284 1035 422 1067 amicitia
447 1035 519 1066 duci
538 1046 552 1075 ξ
572 1035 734 1073 proﬁtetur
750 1036 824 1075 (92).
845 1035 1006 1075 Posterior
1035 1034 1174 1075 denique
1193 1041 1257 1064 non
1275 1034 1330 1075 diu
1356 1038 1437 1075 post,
1459 1044 1564 1075 coram
1580 1036 1733 1074 Gregorio
1752 1036 1838 1073 Nys-

223 1083 314 1111 seno,
339 1083 432 1114 quem
463 1075 501 1104 ad
530 1074 719 1114 Gregorium
748 1073 893 1105 nostrum
911 1073 1049 1105 Basilius
1072 1073 1212 1109 miserat,
1231 1077 1265 1104 ut
1282 1085 1297 1102 α
1316 1074 1588 1113 ipsins'atllictum
1614 1073 1658 1106 ob
1670 1083 1836 1106 consecra-

225 1113 355 1145 tionem
370 1113 510 1154 animum
537 1113 757 1154 consolaretur
774 1114 852 1154 7(93).
872 1125 887 1142 ι

264 1154 304 1183 Il.
319 1154 437 1184 Harum
451 1153 544 1183 trium
557 1153 736 1184 orationum
749 1152 834 1184 idem
849 1161 965 1191 scopus
978 1152 1128 1191 idemque
1142 1155 1364 1191 argumentum
1380 1156 1438 1184 est.
1453 1153 1606 1190 Priorem,
1620 1154 1645 1184 si
1664 1152 1837 1184 Tillemon—

226 1193 271 1223 tio
291 1193 379 1225 tides.
396 1195 466 1231 post
483 1195 662 1229 su5ceptam
681 1200 833 1223 manuum
850 1190 1233 1231 impositionem,rdictam
1255 1190 1356 1223 fuisse
1373 1193 1644 1223 existimabimus.
1663 1193 1781 1222 Verum
1798 1193 1837 1224 de

226 1233 285 1262 hac
302 1240 334 1262 re
362 1231 446 1261 inter
471 1240 506 1261 se
532 1231 710 1271 discrepant
730 1230 922 1271 interpretes
946 1239 982 1262 ac
999 1230 1134 1271 eruditi.»
1156 1231 1236 1271 sunt
1255 1231 1340 1261 enim
1363 1232 1416 1271 qui
1444 1232 1537 1262 aliter
1556 1241 1591 1263 ac
1610 1231 1837 1271 Tillemontius

227 1271 378 1302 sentiant.
405 1269 644 1301 Leuvenklaius
663 1269 825 1309 siquidem
857 1270 944 1301 hunc
971 1278 1103 1301 servans
1126 1269 1222 1300 istius
1248 1269 1404 1302 orationis
1429 1271 1569 1306 titulum,
1597 1280 1614 1302 e
1643 1270 1837 1301 membranis

226 1310 331 1350 forsan
359 1314 497 1350 erutum,
522 1309 569 1340 sic
597 1310 716 1341 vertit:
735 1321 750 1338 α
764 1309 875 1342 Oratio
893 1310 932 1340 ad
956 1313 1076 1348 patrem
1098 1317 1194 1350 suum
1215 1317 1429 1350 magnumque
1443 1310 1594 1341 Basilium
1620 1310 1737 1350 habita,
1764 1318 1836 1341 cum

227 1349 279 1380 hic
296 1351 368 1380 e'um
386 1349 582 1379 Sasimorum
603 1349 776 1380 antistitem
795 1352 879 1380 esset
896 1347 1070 1380 creaturus.
1084 1347 1196 1379 »Elias
1211 1347 1343 1388 quoque
1361 1347 1394 1380 in
1418 1354 1606 1388 argumento
1623 1350 1670 1380 sic
1684 1349 1838 1387 interpre-

228 1392 312 1419 tatur
329 1398 337 1417 :
357 1400 370 1415 α
387 1388 459 1424 Quo
490 1392 630 1426 tempore
650 1388 844 1419 Sasimorum
863 1388 995 1419 antistes
1013 1388 1168 1418 creandas
1184 1391 1261 1418 erat.
1280 1387 1295 1416 ἡ
1314 1388 1488 1420 Bilibaldus
1514 1389 1608 1419 etiam
1628 1389 1660 1419 in
1685 1387 1838 1418 orationis

227 1427 399 1467 epigraphe
424 1427 465 1458 ait
483 1438 522 1467 ενα
534 1435 606 1457 cum
619 1427 655 1467 in
673 1427 1071 1467 episcopumSasimorum
1087 1426 1201 1457 fuisset
1217 1432 1353 1463 creatus,
1372 1436 1433 1459 non
1460 1428 1563 1459 adhuc
1581 1428 1803 1467 inauguratus.
1823 1439 1837 1455 ι

227 1467 272 1496 Ex
285 1465 414 1506 ‘quibus
436 1466 594 1506 conjicere
618 1465 704 1506 licet,
727 1475 762 1498 ea
782 1465 853 1506 quae
868 1466 921 1497 hic
936 1466 1103 1502 dicuntur,
1127 1473 1190 1506 non
1214 1466 1253 1506 de
1273 1470 1397 1506 peracta
1418 1467 1501 1506 jam,
1527 1467 1581 1498 sed
1604 1467 1643 1498 de
1669 1465 1838 1506 designata

230 1504 368 1545 moxque
399 1505 504 1536 futura
521 1505 724 1537 ordinatione
736 1504 870 1545 intelligi
890 1513 1054 1545 posse;ac
1069 1504 1203 1545 proinde
1220 1504 1300 1536 nihil
1317 1504 1450 1536 omnino
1466 1510 1714 1540 vetatasserere,
1734 1504 1838 1536 solum

228 1543 373 1583 Gregorii
389 1544 422 1575 in
442 1553 532 1575 suam
550 1544 786 1576 Ordinationem
804 1543 996 1576 consensum
1015 1543 1076 1576 hac
1090 1543 1235 1575 oratione
1252 1545 1399 1582 exprimi.
1427 1546 1464 1576 Et
1483 1554 1570 1583 vero,
1594 1546 1652 1576 iste
1682 1544 1838 1583 Ttieologi

228 1592 405 1616 consensus
431 1591 495 1614 non
519 1587 604 1615 certe
623 1593 715 1622 parva
733 1593 783 1615 res
802 1587 862 1619 est,
884 1593 942 1615 nec
962 1584 1104 1622 indigna,
1129 1591 1201 1622 qua!
1219 1584 1350 1622 speciali
1373 1585 1516 1616 oratione
1540 1585 1731 1616 celebretur.
1759 1584 1841 1614 Hinc

228 1624 314 1654 enim
334 1623 452 1662 quietis
472 1631 507 1654 ac
529 1622 716 1654 solitudinis
731 1631 819 1654 amor
836 1623 1057 1661 superandus;
1074 1622 1147 1653 hinc
1171 1622 1325 1654 adversus
1341 1623 1491 1659 honores,
1519 1624 1656 1655 maxime
1680 1631 1787 1654 sacros
1811 1628 1841 1653 et

229 1662 475 1698 ecclesiasticos,
497 1662 665 1700 trepidatio
688 1666 718 1693 et
746 1662 943 1698 reverentia;
966 1662 1040 1694 hinc
1069 1662 1209 1701 denique
1230 1662 1289 1694 loci
1306 1665 1336 1694 et
1357 1663 1666 1694 circumstantiarum
1687 1662 1838 1697 rationes,

228 1710 300 1741 quae
314 1702 422 1732 omnia
444 1701 586 1741 Gregorii
612 1702 755 1742 animum
772 1710 964 1742 magnopere
981 1701 1195 1733 deterrebant.
1212 1701 1296 1732 Nihil
1317 1710 1392 1741 ergo
1413 1703 1543 1739 ntirum,
1559 1702 1644 1742 quod
1660 1704 1721 1732 tam
1739 1702 1838 1739 tarde,

229 1745 357 1780 tamque
371 1749 453 1779 (egre
477 1748 668 1771 consensum
686 1741 780 1772 istum
799 1741 979 1779 praebuerit.

269 1780 324 1813 III.
341 1780 500 1816 Quaeritur
522 1784 629 1811 autem
655 1783 763 1811 utrum
781 1780 927 1816 Sasimis,
954 1788 994 1811 an
1018 1780 1179 1816 Cmsareae,
1203 1788 1242 1810 an
1260 1780 1407 1811 Nazianzi
1435 1781 1609 1818 Gregorius
1635 1785 1839 1811 consecratus

227 1819 336 1850 fuerit.
364 1819 450 1850 Nihil
465 1819 524 1850 erit
544 1819 663 1857 negotii
688 1820 727 1850 de
743 1820 800 1851 hac
816 1828 848 1851 re
865 1820 1083 1858 pronuntiare.
1097 1819 1166 1849 Non
1185 1823 1270 1850 certe
1294 1819 1444 1857 Sasimis;
1464 1820 1533 1858 ipse
1548 1820 1634 1850 enim
1655 1819 1839 1858 Theologus

228 1862 334 1897 aperte
349 1859 465 1890 fatetur
489 1858 563 1897 (9h),
584 1869 598 1887 α
611 1867 645 1889 se
660 1867 824 1898 nunquam
840 1857 942 1889 datam
959 1858 1018 1890 sibi
1037 1857 1250 1898 Sasimensem
1269 1858 1436 1890 ecclesiam
1458 1857 1614 1898 attigisse,
1633 1867 1690 1889 nec
1706 1859 1771 1890 illic
1786 1857 1840 1889 aa-

230 1907 317 1929 crum
338 1898 467 1929 unicum
485 1898 617 1933 obiisse,
636 1906 693 1929 nec
709 1905 780 1929 cum
797 1898 890 1937 plebe
909 1898 975 1928 Deo
990 1906 1100 1937 preces
1116 1897 1314 1931 adhibuisse.
1331 1906 1389 1928 nec
1406 1898 1548 1936 denique
1564 1899 1714 1937 cuiquam
1729 1907 1841 1929 manus

230 1937 434 1976 imposuisse.
455 1948 468 1965 υ
480 1937 514 1967 Id
529 1937 667 1976 profecto
683 1936 871 1968 dicere’non
884 1936 1052 1975 potuisset.
1065 1936 1091 1967 si
1107 1936 1136 1966 in
1153 1937 1327 1967 Sasimensi
1344 1937 1476 1968 ecclesia
1493 1938 1608 1969 fuisset
1623 1936 1839 1969 consecratus.

229 1977 291 2007 Res
313 1986 368 2015 per
395 1985 429 2006 se
449 1981 544 2015 patet.
564 1976 631 2006 Non
656 1977 752 2007 etiam
774 1976 942 2011 Ctesareaa;
963 1984 999 2007 ac
1022 1977 1123 2015 primo
1145 1976 1273 2014 quidem
1302 1976 1374 2006 huic
1389 1977 1620 2008 consecrationi
1641 1977 1748 2007 aderat
1764 1977 1842 2007 Gre-

230 2017 340 2053 gorius
357 2016 477 2053 senior,
498 2015 590 2055 cujus
606 2019 744 2046 extrema
766 2020 841 2046 tetas
862 2024 923 2046 non
938 2015 1064 2047 sinebat
1080 2019 1114 2046 ut
1136 2015 1310 2046 Caesaream
1331 2024 1365 2046 se
1385 2016 1564 2052 conferret;
1588 2016 1705 2047 deinde
1723 2015 1749 2046 si
1766 2016 1844 2047 illuc

230 2063 265 2086 se
287 2055 487 2091 contulisset,
510 2054 543 2085 id
566 2055 673 2093 procul
699 2055 799 2086 dubio
818 2054 948 2086 silentio
970 2056 1052 2092 234
1076 2062 1140 2085 non
1162 2054 1365 2093 praeteriisset
1380 2055 1573 2094 Theologns.
1601 2055 1706 2094 Ipsius
1729 2056 1764 2086 in
1784 2058 1842 2085 hac

231 2103 264 2124 re
285 2095 447 2125 silentium
469 2095 641 2125 maximum
663 2098 884 2133 argumentum
905 2097 965 2129 est,
989 2102 1064 2124 eum
1079 2094 1228 2125 Ctesareaa
1247 2102 1309 2124 non
1326 2094 1427 2125 fuisse
1442 2098 1673 2126 consecratum.
1692 2095 1841 2125 Nazianzi

231 2133 329 2172 igitur
350 2134 541 2164 Sasimensis
556 2133 709 2173 Ecclesiae
723 2134 856 2164 antistes
875 2133 1083 2173 inauguratus
1106 2137 1166 2173 est,
1183 2133 1310 2173 ipsique
1329 2134 1468 2165 Basilius
1483 2134 1527 2165 ibi
1546 2143 1657 2166 manus
1676 2134 1840 2173 imposuit.

232 2171 265 2213 Id
287 2172 488 2213 manifestum
507 2173 632 2213 videtur
647 2182 685 2203 ex
704 2172 753 2203 his
774 2172 920 2213 Gregorii
937 2171 1041 2203 verbis
1054 2171 1135 2213 (95):
1159 2184 1174 2201 α
1193 2171 1335 2204 Accessit
1351 2173 1389 2204 ad
1405 2182 1463 2204 nos
1479 2173 1559 2205 mihi
1575 2173 1713 2205 maxime
1724 2171 1843 2204 ‘charus

231 2211 380 2246 Basilius,
404 2212 486 2243 alius
507 2212 588 2242 mihi
609 2213 709 2243 multo
734 2212 844 2243 durior
865 2215 965 2251 pater,
981 2211 1065 2243 netc.

271 2251 326 2282 IV.
349 2252 483 2282 Unctum
504 2251 604 2282 fuisse
626 2261 643 2282 a
668 2251 786 2282 Basilio
803 2251 1071 2291 Gregorium,_vel
1087 2251 1126 2282 ab
1141 2251 1237 2282 initio
1257 2251 1359 2291 prodit
1375 2252 1476 2283 oratio
1498 2252 1633 2284 decima.
1656 2251 1720 2291 Ipsi
1744 2251 1844 2282 adfuit

232 2290 405 2329 Gregorius
420 2290 539 2321 senior.
558 2291 697 2321 Adfuere
715 2291 810 2321 etiam
825 2290 974 2321 nonnulli
992 2289 1044 2319 alii
1059 2289 1296 2321 consecrator’es
1313 2292 1475 2329 praesules,
1499 2296 1534 2322 ut
1556 2300 1595 2322 ex
1612 2291 1660 2322 his
1674 2289 1843 2322 ‘oratiunis

233 2338 325 2370 nonae
349 2330 394 2370 (n.
416 2331 446 2368 6)
472 2330 600 2370 verbis:
618 2341 633 2370 gr
649 2330 720 2370 Me,
736 2334 767 2360 et
787 2338 913 2370 mecum
933 2337 1057 2370 sacrum
1080 2329 1165 2360 hunc
1179 2338 1315 2370 gregem
1336 2331 1465 2369 pascite,
1481 2341 1495 2358 »
1513 2331 1684 2368 colligitur.
1708 2330 1789 2366 lmo,
1807 2339 1843 2360 cx

233 2368 294 2399 isto
319 2368 471 2401 contextu
511 2369 641 2408 conjicit
661 2369 888 2400 Tillemontius
909 2368 1064 2408 quosdam
1086 2377 1103 2399 θ
1118 2368 1355 2400 Sasimensibus
1371 2371 1409 2401 ad
1428 2371 1460 2401 id
1484 2370 1659 2408 delegatos,
1682 2380 1697 2398 ι
1714 2370 1844 2408 gregis»

235 2408 334 2439 vicem
353 2413 512 2447 gerentes,
535 2407 682 2447 Gregorii
700 2407 931 2439 consecrationi
950 2407 1146 2438 interfuisse.
1164 2408 1296 2444 Verum,
1316 2410 1345 2439 id
1363 2409 1490 2440 interim
1514 2413 1547 2440 ut
1563 2407 1689 2446 demus,
1711 2407 1783 2440 duo
1795 2409 1844 2438 Vel

235 2451 299 2478 tres
324 2447 460 2487 delegati
486 2447 620 2486 «gregis
636 2458 661 2487 »ί
678 2448 809 2478 nomine
833 2455 997 2485 nunquam
1021 2447 1191 2487 signiﬁcari
1219 2454 1365 2487 possunt,
1390 2449 1525 2480 maxime
1549 2449 1582 2479 in
1609 2449 1719 2485 majori
1739 2448 1847 2479 multi-

234 2487 347 2529 tudine
365 2486 508 2529 permiin
521 2490 562 2529 _et
578 2486 724 2529 confusi,
749 2486 782 2517 in
807 2495 870 2526 qua
895 2487 948 2529 vi__x
970 2494 1140 2529 numerum
1155 2486 1298 2529 faciunt.
1318 2488 1457 2529 Laudata
1476 2487 1581 2529 igitur
1602 2497 1618 2518 a
1640 2487 1846 2529 Tillemontin

235 2526 343 2562 verba,
366 2525 431 2557 non
455 2527 494 2557 de
518 2525 756 2556 Sasimensibus
782 2525 1011 2565 praesentibus,
1037 2525 1070 2565 si
1089 2525 1215 2557 tandem
1243 2527 1390 2557 nonnulli
1416 2526 1632 2563 interfuerint,
1656 2527 1712 2558 sed
1737 2527 1778 2558 de
1807 2527 1847 2556 iis

235 2566 421 2603 generatim,
443 2566 499 2605 qui
522 2565 592 2604 ejus
618 2565 691 2596 ﬁdei
716 2565 754 2596 ab
778 2564 935 2605 episc0pis
958 2564 1248 2602 committebantur,
1267 2571 1299 2596 ut
1317 2566 1516 2597 Sasimensas
1533 2567 1677 2605 quidem,
1700 2565 1847 2605 quamvis

235 2613 300 2645 non
320 2603 503 2645 necessario
530 2603 714 2645 prieseiites,
735 2603 942 2645 intelligenda
968 2608 1054 2645 sunt.
1078 2605 1163 2645 Hinc
1201 2605 1406 2641 scholiastes,
1425 2606 1481 2645 qui
1506 2603 1591 2636 hunc
1616 2603 1848 2645 commentatur

236 2643 380 2683 ejusdem
404 2644 558 2675 orationis
584 2651 678 2674 nonae
704 2643 749 2682 (n.
773 2643 803 2683 3)
830 2644 958 2674 locum:
986 2643 1052 2673 «Ut
1073 2643 1213 2681 Spiritus
1235 2652 1286 2675 me
1321 2643 1468 2675 ministro
1494 2648 1647 2682 uteretur,
1674 2644 1713 2675 ad
1739 2643 1848 2683 p0puli

235 2681 332 2724 hujus
353 2683 593 2724 perfectionem,
611 2693 626 2711 ιι
651 2681 724 2719 etei,
753 2681 1022 2724 demonstrantem
1052 2682 1235 2724 articulurn,
1262 2695 1276 2711 α
1295 2683 1402 2724 hujus,
1418 2696 1431 2712 ιι
1461 2681 1698 2723 θῐριιηεὶῐ,⁷υῑ,
1729 2681 1849 2724 {emota

236 2721 326 2752 illius
339 2722 425 2753 vocis
437 2722 656 2760 ambiguitate,
668 2721 846 2761 propositio
857 2722 1033 2760 generatim
1045 2726 1199 2752 sumatur.
1212 2721 1363 2754 Fatemur
1373 2727 1478 2754 tamen
1491 2721 1667 2754 orationem
1683 2723 1849 2757 decimam,

235 2761 319 2792 anud
339 2761 623 2797 Leuvenklaicum,
648 2770 718 2793 esse
740 2761 924 2801 inscriptam
950 2771 957 2791 :
976 2761 1049 2792 «Ad
1068 2761 1304 2793 Sasimenses.»
1333 2762 1393 2794 Sed
1417 2762 1605 2795 manifestus
1630 2771 1718 2794 error
1734 2767 1796 2799 est,
1812 2770 1850 2792 ex

269 2844 325 2877 (9|)
342 2845 431 2873 Carm.
446 2845 474 2878 2,
489 2852 559 2874 vers.
569 2845 631 2874 487.
1105 2845 1160 2880 (94)
1170 2845 1260 2873 Carm.
1271 2846 1299 2877 2,
1313 2853 1382 2874 vers.
1395 2846 1456 2874 529.

270 2881 314 2915 (9‘2
336 2880 382 2908 0r.
399 2888 426 2913 Χ,
442 2889 468 2907 n.
487 2881 513 2908 I.
775 2901 778 2903 λ

269 2880 325 2952 (973
341 2915 388 2945 0r.
401 2923 439 2951 XI,
451 2924 477 2944 n.
493 2916 520 2944 5.

494 2881 513 2944 l5.
775 2901 778 2903 λ
1099 2880 1155 2917 (95)
1168 2881 1234 2909 Ibid.
1250 2881 1311 2909 586.
