2069 3131
269 192 321 220 3'25

868 190 897 218 S.
917 188 1083 219 GREGORII
1103 186 1274 216 THEOLOGI

1828 181 1880 208 εει

265 251 299 277 ad
319 249 469 275 animarum
484 249 716 283 gubernationem,
733 250 764 277 ad
785 254 928 284 utrumque
945 249 1048 277 doctri—

1100 254 1187 281 νησιν,
1199 244 1268 280 πρὸς
1275 242 1448 270 διδασκαλίαν
1456 241 1504 277 τὴν
1511 242 1540 268 ἐν
1549 241 1629 276 λόγῳ,
1643 241 1689 267 καὶ
1698 239 1745 275 τὴν
1755 240 1786 266 ὲν
1797 239 1878 275 ἔργῳ,

265 302 307 322 nte
325 302 419 330 genus,
447 299 500 321 tam
521 295 591 329 quod
612 295 638 322 in
663 302 798 327 sermone,
821 303 902 330 quam
924 296 995 330 quod
1024 295 1050 322 in

268 348 349 374 opere
364 346 481 375 vrtzeque
494 341 618 376 exemplo
638 341 772 374 consistit,
788 348 835 376 per
848 349 922 368 arma
937 340 1051 375 iustitia:

265 393 279 412 a
295 385 399 413 dextris
417 389 444 412 et
472 392 487 412 ιι
512 385 632 413 sinistris
649 385 682 419 υ,
707 386 740 413 ad
770 386 892 413 idoneam
921 385 1049 420 pascendi

264 431 354 467 gregis
371 431 516 464 rationem,
534 439 594 466 quae
613 439 629 459 a
643 432 743 459 mundo
754 431 904 463 abstrahat.
918 431 952 459 ad
966 432 1048 459 Deum

265 478 391 510 adducat,
407 478 548 505 exhauriat
575 485 682 512 corpus,
706 478 830 513 spiritum
852 482 960 513 augeat,
979 483 1049 505 tene-

264 523 329 551 bras
344 523 463 559 etl'ugiat,
478 523 538 551 luce
556 525 692 558 gaudeat,
712 524 844 559 propellat
866 524 938 552 feras
951 545 959 557 ,
978 524 1049 552 ovile

265 568 383 604 colligat,
401 569 550 604 praecipitia
567 578 594 596 et
611 570 732 598 desertas
759 570 918 598 solitudines
943 575 1048 601 caveat.

265 616 328 642 dum
349 616 382 642 ad
402 620 507 642 montes
524 620 551 642 et
568 615 639 643 edita
660 615 718 642 loca
746 622 842 650 greges
861 615 982 649 impellit.
1011 615 1049 642 De

265 661 362 695 quibus
382 661 445 688 mihi
464 661 569 689 locutus
585 662 691 688 videtur
705 661 820 688 eximius
836 660 973 692 Michaaas,
987 668 1049 687 cum

266 715 315 735 nos
330 707 374 735 his
393 708 483 736 verbis
499 715 531 735 ex
550 708 631 734 humo
645 707 678 734 ad
699 707 806 742 fastigia
828 711 921 734 nostra
945 711 1049 741 pertra-

265 753 340 780 lieret
361 762 370 782 :
397 754 614 788 Appropinquale
635 753 769 780 montibus
788 753 908 780 aeternis.
930 753 1050 787 Exsurge

264 803 291 825 et
305 799 423 831 ambula,
441 800 568 834 quoniam
588 798 632 825 hic
648 798 706 830 tibi,
726 799 777 825 hoc
790 802 841 830 est,
859 798 886 825 in
900 799 982 825 rebus
1003 798 1051 825 ab.

262 841 353 875 jeetis,
368 848 393 870 et
403 850 463 878 quae
473 844 599 870 deorsum
611 843 767 876 volvuntur,
779 850 831 870 non
843 847 885 870 est
899 843 1005 878 requies
1016 843 1049 874 ",

265 888 328 916 licet
341 888 421 916 aliter
442 888 603 923 quibusdam
621 889 755 916 videatur.

1101 292 1147 318 καὶ
1160 290 1347 325 ὑποδείγματι,
1364 288 1409 315 διὰ
1418 288 1472 315 τῶν
1486 288 1575 314 ὅπλων
1588 287 1638 322 τῆς
1649 286 1819 321 δικαιοσύνης
1828 285 1881 312 τῶν

1100 337 1194 370 δεξιῶν
1216 336 1263 363 καὶ
1288 335 1451 372 ἀριστερῶν,
1468 334 1536 370 πρὸς
1556 333 1736 369 ποιμαντικὴν
1758 332 1879 364 εὔθετον,

1100 382 1267 411 ἀποσπῶσαν
1287 382 1400 418 κόσμου,
1421 380 1481 416 Θεῴ
1502 380 1702 416 προσάγουσαν,
1720 379 1882 407 δαπανῶσαν

1103 430 1193 466 σῶμα,
1219 429 1354 464 πνεύματι
1378 427 1578 463 προστιθεῖσαν,
1602 427 1696 458 σκότος
1719 426 1879 461 φεύγουσαν,

1101 476 1172 510 φωτὶ
1194 475 1351 511 χαίρουσαν,
1373 474 1459 510 θῆρας
1487 472 1660 505 ἐλαύνουσαν,
1685 472 1805 507 μάνδραν
1826 471 1882 505 (20)

1088 510 1279 555 ὶἐιυνιίγουσιιν,
1300 520 1439 556 κρημνοὺς
1462 518 1666 554 φυλασσομένην
1685 518 1731 545 καὶ
1755 517 1881 553 ἐρημίας,

1100 567 1177 604 ὄρεσι
1192 567 1239 594 καὶ
1254 567 1333 601 ὕψεσι
1354 565 1409 601 (21)
1432 565 1676 600 προσελαύνουσαν.
1697 563 1764 599 Περὶ
1779 560 1816 590 ὧν
1836 571 1882 598 μοι

1100 614 1176 641 δοκεῖ
1189 613 1235 639 καὶ
1252 614 1266 640 ὁ
1281 611 1504 646 θαυμασιώτατος
1518 610 1637 646 Μιχαίας
1651 610 1748 644 λέγειν.
1764 609 1882 644 χαμόθεν

1101 659 1176 694 ἡμᾶς
1192 659 1311 685 ἀνέλκων
1323 658 1379 694 (22)
1396 658 1442 684 ἐπὶ
1459 657 1493 684 τὰ
1509 656 1631 692 ἡμέτερα
1649 655 1716 691 Way
1741 655 1882 689 Ἐγγίσατε

1101 704 1192 740 ὄρεσιν
1209 705 1337 736 αἰωνίοις.
1359 704 1475 731 Ἀνάστα
1494 704 1541 729 καὶ
1562 702 1688 737 πορεύου,
1704 702 1744 728 ὃτι
1762 701 1811 727 οὐκ
1825 700 1882 727 ἐστι

1101 760 1142 779 σοι
1163 752 1233 786 αὕτη
1253 751 1416 782 ἀνάπαυσις.
1435 750 1485 777 κᾶν
1506 750 1570 785 δοκῇ
1597 759 1665 777 τισιν
1691 746 1760 775 εἶναι
1781 748 1816 774 τὰ
1831 755 1883 782 χα-

1103 797 1222 832 μαιπετῆ
1237 796 1283 822 καὶ
1298 796 1372 822 κάτω
1388 795 1569 831 στρεφόμενα.

299 932 344 960 lV.
357 933 432 961 Hanc
447 933 558 969 regendi
570 933 659 968 gregis
675 938 759 960 artem
772 933 837 960 mibi
851 934 957 966 tradite,
969 933 1050 968 237

1136 937 1173 965 A'.
1187 938 1294 973 Ταύτην
1308 947 1341 973 με
1355 938 1478 971 διδάξατε
1495 937 1544 973 τὴν
1556 937 1746 973 ποιμαντικὴν.
1763 934 1786 964 ὦ
1801 936 1880 972 φίλοι,

264 979 355 1011 amici,
366 979 422 1014 jam
437 979 563 1013 deinceps
580 979 644 1006 mihi
663 983 784 1014 pastores
801 984 829 1006 et
850 979 969 1013 collegae.
993 979 1049 1006 lin-

262 1024 307 1059 jus
322 1025 386 1052 Inibi
407 1029 524 1052 tesseras
541 1024 613 1056 date,
628 1031 655 1052 et
670 1029 709 1056 tu,
725 1025 874 1052 communis
895 1024 986 1057 Pater,
1003 1025 1048 1059 qui

265 1070 364 1098 multos
378 1075 501 1106 pastores
521 1071 546 1098 in
571 1076 624 1098 tam
642 1071 721 1106 longa
734 1075 813 1098 aetate
834 1071 998 1102 instruxisti,
1017 1078 1052 1098 ac

267 1118 451 1151 commutasti,
464 1123 492 1145 et
508 1122 534 1145 tu
551 1117 729 1152 philosophiae
755 1124 821 1144 mea:
839 1117 1006 1151 explorator,
1023 1121 1050 1144 et

263 1164 357 1199 iudex.
371 1164 412 1192 An
437 1170 502 1191 vero
528 1163 668 1197 (benigne,
684 1169 786 1197 quaeso,
805 1162 876 1196 quod
896 1162 984 1189 dicam
1005 1169 1051 1189 ae-

265 1209 335 1244 cipe)
371 1209 431 1236 tieri
457 1213 545 1243 potest
585 1213 623 1240 ut,
641 1215 702 1236 cum
731 1207 757 1234 in
779 1207 867 1234 media
893 1211 1050 1241 tempestate

263 1256 408 1291 jactemur,
435 1255 618 1288 tluctuumque
642 1254 755 1288 strepitu
779 1253 896 1287 undique
924 1252 1050 1280 obtunda-

266 1308 337 1334 mur,
353 1301 441 1335 perite
458 1307 567 1336 gregem
584 1307 712 1327 curemus
732 1304 759 1327 et
774 1299 934 1334 pascamus?
950 1298 999 1330 Te,
1013 1298 1051 1325 in-

265 1354 358 1382 quam,
374 1346 488 1381 appello,
504 1346 549 1380 qui
568 1346 713 1373 humanior
726 1352 787 1373 eras
812 1344 882 1372 inter
895 1351 960 1371 oves
985 1344 1049 1379 (nisi

265 1392 330 1426 quid
345 1397 372 1420 te
382 1391 493 1420 offendit.
509 1392 566 1419 haec
578 1390 688 1426 oratio),
705 1398 765 1417 cum
785 1390 877 1424 pascui
900 1389 970 1417 bruti
989 1397 1051 1424 par-

266 1439 364 1472 ticipes
392 1445 444 1466 una
470 1445 601 1469 essemus.
631 1445 711 1471 quam
728 1443 799 1464 nunc
825 1437 894 1463 inter
919 1440 1050 1470 pastores,

267 1489 442 1518 posteaquam
460 1483 551 1511 divino
565 1483 696 1510 beneﬂcio
711 1484 744 1509 ad
762 1482 904 1517 spirituale
923 1489 1051 1516 pascuum

267 1530 346 1557 acciti
361 1536 464 1556 sumus.
484 1528 536 1561 En,
551 1529 622 1563 quod
639 1528 686 1555 tibi
713 1528 739 1555 in
758 1528 829 1555 votis
842 1532 911 1559 erat,
926 1528 952 1554 in
977 1533 1053 1562 pote-

267 1578 337 1601 state
350 1573 408 1608 jam
425 1581 468 1600 me
486 1573 579 1605 habes,
592 1577 675 1608 atque
688 1572 896 1606 insuperabilem
907 1573 1050 1607 superasti.

1099 982 1192 1009 λοιπὸν
1206 983 1268 1018 ἐμοὶ
1283 983 1412 1018 ποιμένες
1436 983 1483 1009 καὶ
1498 983 1681 1018 συμποιμένες
1692 983 1757 1017 (25).
1775 982 1883 1017 Ταύτης

1098 1028 1156 1054 δότε
1175 1037 1219 1063 μοι
1242 1028 1276 1055 τὰ
1290 1029 1459 1064 συνθήματα,
1479 1028 1511 1055 σύ
1527 1037 1558 1055 τε
1574 1029 1588 1055 ὸ
1604 1028 1692 1060 κοινὸς
1713 1028 1818 1064 Πατὴρ,
1837 1030 1882 1055 καὶ

1099 1073 1213 1105 πολλοὺς
1231 1073 1270 1109 τῷ
1288 1074 1376 1110 χρόνῳ
1398 1074 1562 1108 καταρτίσας
1577 1074 1624 1101 καὶ
1640 1074 1817 1109 παραμείψας
1826 1074 1882 1107 (24)

1098 1118 1240 1154 ποιμένας,
1261 1119 1293 1146 σύ
1310 1128 1339 1146 τε
1355 1121 1370 1146 ὁ
1387 1121 1438 1155 τῆς
1454 1120 1522 1155 ἐμῆς
1543 1119 1700 1154 φιλοσοφίας
1721 1118 1883 1154 βασανιστὴς

1099 1165 1146 1191 καὶ
1167 1166 1274 1200 κριτής.
1302 1166 1371 1192 Ἀλλ’
1395 1166 1479 1201 (ὅπως
1514 1174 1558 1201 μοι
1584 1166 1735 1201 φιλοσόφως
1752 1165 1814 1202 δέξῃ
1837 1165 1882 1191 τὸν

1099 1209 1176 1244 λόγον
1187 1210 1267 1246 [25]),
1282 1211 1454 1246 ἠδυνάμεθα,
1470 1212 1516 1238 καὶ
1529 1212 1557 1237 ὲν
1572 1211 1640 1247 μέσῃ
1653 1211 1721 1247 ζάλῃ
1734 1211 1883 1246 στρεφόμε-

1099 1265 1139 1283 νοι
1156 1257 1202 1283 καὶ
1216 1257 1437 1293 περιηχούμενοι,
1450 1257 1604 1292 ποιμαίνειν
1623 1257 1820 1293 ἐπιστημόνως,
1837 1258 1882 1284 καὶ

1099 1302 1241 1337 ἐκτρέφειν
1256 1303 1285 1329 τὺ
1299 1303 1442 1338 ποίμνιονς
1469 1303 1497 1329 '0
1514 1303 1766 1339 φιλανθρωπότερος
1779 1303 1835 1338 (26)
1854 1304 1883 1329 ὲν

1100 1347 1247 1382 προϐάτοις
1267 1348 1302 1383 (εί
1325 1349 1362 1383 μή
1388 1357 1433 1384 μοι
1444 1348 1623 1384 δυσχεραίνῃς
1640 1347 1721 1384 [27]),
1737 1348 1817 1383 ἡνίκα
1833 1347 1884 1382 τῆς

1100 1391 1197 1426 ἀλόγου
1215 1393 1298 1427 νομῆς
1313 1392 1368 1429 (28)
1386 1393 1556 1428 μετείχομεν,
1572 1393 1588 1428 ἢ
1606 1394 1634 1419 ὲν
1651 1393 1789 1428 ποιμέσιν,
1803 1393 1884 1428 ἡνίκα

1100 1438 1149 1473 τῆς
1164 1439 1350 1474 πνευματικῆς
1364 1438 1530 1474 ἠξιώθημεν.
1553 1439 1644 1474 Ἔχεις
1662 1439 1720 1474 μὲν,
1737 1440 1805 1474 ὅπερ
1821 1439 1884 1465 ἐπό-

1101 1483 1167 1515 θεις,
1184 1484 1236 1511 ὑπὸ
1250 1486 1342 1520 χεῖρας
1355 1486 1440 1520 ἡμᾶς,
1455 1485 1502 1512 καὶ
1514 1485 1659 1521 νενίκηκας
1673 1485 1719 1511 τὸν
1731 1485 1863 1520 ἀήττητον
1874 1493 1881 1500 ·

1102 1529 1150 1556 καὶ
1167 1530 1220 1556 ἰδού
1247 1539 1287 1556 σοι
1311 1531 1380 1565 μετὰ
1402 1531 1449 1557 καὶ
1461 1530 1518 1566 (29)
1531 1531 1585 1557 τῶν
1608 1530 1696 1557 ἄλλων
1716 1532 1730 1556 ὀ
1747 1530 1833 1564 λόγος,
1855 1530 1884 1557 ὃν

1102 1574 1180 1606 είδὼς
1200 1575 1353 1611 ἐπεζήτεις,
1378 1576 1425 1602 καὶ
1439 1576 1468 1602 ὃν
1483 1575 1611 1607 ἐπαινῶν,
1625 1575 1735 1607 ἐϐαλλες
1748 1575 1886 1611 ἀργοῦντα

268 1619 308 1646 En
335 1623 434 1654 praeter
451 1618 503 1645 alia
531 1618 621 1646 omnia
647 1624 800 1645 sermonem
824 1624 931 1651 quoque
953 1617 1050 1652 ipsum,

1102 1620 1214 1653 πολλαῖς
1242 1622 1296 1648 τῶν
1320 1622 1373 1648 σῶν
1404 1622 1490 1656 λόγων
1516 1622 1563 1649 καὶ
1587 1622 1702 1653 πυκναῖς
1726 1622 1787 1652 ταῖς
1806 1621 1884 1656 νιφά-

267 1673 348 1699 quem
367 1665 415 1692 tibi
436 1665 573 1700 cognitum
588 1664 762 1699 exposcebas,
775 1668 802 1690 et
819 1671 910 1698 quem,
928 1663 1050 1690 laudibus

269 1711 369 1746 alioqui
380 1711 506 1744 ell‘erens,
517 1716 666 1738 cessantem
681 1715 782 1743 tamen,
795 1710 898 1738 crebris
909 1710 1054 1744 densisque

268 1759 413 1786 verborum
430 1758 538 1785 nivibus
556 1757 712 1792 impetebas.

304 1803 337 1830 V.
357 1803 454 1831 Verum
467 1803 587 1830 nonnihil
601 1803 703 1836 habeo,
726 1803 797 1838 quod
816 1803 905 1831 amico
918 1803 1053 1838 objiciam.

268 1850 336 1884 Quis
356 1857 390 1876 ex
411 1849 600 1877 communibus
615 1849 711 1876 amicis
727 1855 836 1876 causam
862 1856 948 1875 meam
963 1849 1052 1875 disce-

268 1895 376 1929 ptabit?
392 1895 447 1922 Aut
458 1894 520 1928 quis
530 1894 633 1929 integer
647 1894 700 1921 erit
711 1894 793 1928 judex
809 1915 816 1927 ,
838 1898 867 1920 ut
877 1894 976 1927 justam
991 1902 1054 1922 sen-

271 1941 380 1968 tentiam
397 1939 477 1972 ferat,
493 1947 524 1967 ac
540 1947 592 1967 non
603 1960 610 1971 ,
625 1940 695 1974 quod
713 1939 834 1974 plerique
850 1938 940 1967 facere
956 1939 1052 1972 solent,

270 1984 329 2017 plus
345 1983 438 2018 gratia:
454 1991 534 2017 quam
548 1983 655 2010 veritati
672 1983 791 2010 tribuat?
812 1983 859 2010 Vis
874 1984 975 2010 crimen
993 1991 1054 2018 pro-

269 2029 372 2061 feram;
392 2036 443 2055 nec
456 2033 599 2063 propterea
611 2029 742 2056 orationis
755 2033 806 2056 tua}
826 2029 949 2056 aculeum
969 2030 995 2056 in
1012 2037 1054 2057 me

269 2082 365 2102 rursus
377 2075 524 2102 immittas?
539 2074 599 2101 Fuit
616 2074 749 2109 quoddam
765 2075 812 2102 tibi
825 2075 964 2102 nobiscum
975 2083 1052 2103 arca-

269 2129 350 2154 num,
368 2121 410 2148 vir
426 2121 584 2149 admirando
596 2140 603 2152 ,
619 2128 747 2148 arcanum
763 2128 828 2148 Vere
842 2125 922 2156 atque
937 2122 1050 2149 incredi-

304 2168 327 2184 “
348 2167 369 2195 ll
386 2167 450 2196 Cor.
466 2176 503 2200 νι,
525 2167 552 2194 7.
589 2167 613 2184 ⁸¹
627 2168 707 2195 Mich.
722 2176 752 2200 ιι,
768 2167 813 2195 10.

268 2223 322 2242 vox
360 2215 602 2243 «instaurationem
620 2224 629 2240 ι
653 2222 705 2249 qna
738 2214 831 2242 Billius
859 2215 954 2242 utitur.
991 2215 1048 2242 Non

269 2251 341 2277 enim
354 2250 529 2282 instauratur,
557 2250 607 2276 nisi
632 2249 703 2284 quod
719 2249 893 2283 depravatum
919 2255 970 2276 est.
987 2250 1053 2284 Quis

1105 1673 1146 1693 σιν
1161 1666 1226 1702 (50).

1136 1803 1173 1830 Ε’.
1188 1803 1257 1829 Ἀλλ’
1274 1802 1327 1837 ἔχω
1340 1811 1365 1828 τι
1382 1803 1415 1837 τῇ
1429 1802 1504 1838 φιλίᾳ
1519 1803 1566 1829 καὶ
1581 1802 1747 1838 μέμψασθαι·
1762 1802 1804 1835 τίς
1813 1803 1884 1830 δικά-

1102 1857 1143 1876 σει
1161 1858 1205 1884 μοι
1218 1849 1271 1876 τῶν
1293 1849 1389 1875 κοινῶν
1406 1849 1506 1883 φίλων;
1532 1849 1549 1884 ἢ
1574 1849 1616 1881 τίς
1642 1849 1787 1881 ἀδέκαστος
1808 1850 1884 1876 ἔσται

1101 1895 1206 1930 κριτὴς,
1224 1895 1267 1921 ἴνα
1282 1894 1331 1930 τὴν
1351 1894 1457 1921 δικαίαν
1476 1895 1575 1931 ἐνέγκῃ
1592 1894 1691 1929 ψῆφον,
1708 1894 1775 1921 ἀλλὰ
1796 1895 1833 1930 μὴ
1854 1895 1884 1921 τὸ

1102 1941 1156 1968 τῶν
1166 1940 1269 1967 πολλῶν
1281 1941 1365 1976 πάθῃ,
1378 1941 1425 1968 καὶ
1438 1941 1508 1978 λάϐῃ
1517 1941 1571 1975 (51)
1582 1942 1610 1967 ὲν
1625 1941 1713 1978 κρίσει
1725 1942 1883 1976 apisci-nov;

1101 1985 1178 2013 Εἴπω
1194 1986 1314 2018 κελεύεις
1333 1987 1383 2022 τὴν
1402 1987 1514 2022 μέμψιν,
1536 1987 1582 2014 καὶ
1603 1987 1652 2013 οὐκ
1668 1987 1817 2021 ὲπαφήσεις
1839 1995 1884 2022 μοι

1101 2032 1181 2058 πάλιν
1205 2032 1250 2059 τὸν
1274 2032 1369 2066 λόγον;
1395 2032 1517 2067 Ἐγένετό
1540 2042 1566 2060 τι
1588 2034 1636 2060 καὶ
1655 2034 1695 2060 σοὶ
1721 2033 1789 2068 πρὸς
1810 2034 1885 2067 ἡμᾶς

1101 2079 1265 2115 ἀπόρρητον,
1277 2076 1299 2106 ὦ
1312 2079 1456 2114 θαυμάσιε,
1473 2080 1587 2114 πρᾶγμα
1600 2079 1683 2110 ὅντως
1694 2079 1749 2113 (52)
1765 2079 1885 2114 ὰπόῤῥη-

1100 2125 1146 2151 τόν
1165 2134 1196 2152 τε
1219 2127 1266 2152 καὶ
1286 2126 1409 2158 ἄπιστον,
1429 2126 1477 2152 καὶ
1495 2124 1571 2152 οὔπω
1590 2125 1645 2161 (55)
1670 2126 1800 2160 πρότερον
1821 2126 1884 2159 περὶ

1137 2215 1193 2250 (ἕξεί)
1213 2216 1318 2250 Λόγον,
1334 2214 1364 2249 ἢ.
1381 2215 1448 2242 Tres
1462 2214 1546 2250 Regg.
1562 2219 1590 2242 et
1604 2214 1649 2250 0r.
1665 2214 1693 2246 2,
1708 2213 1795 2248 λόγον,
1811 2215 1845 2242 εί.

1139 2251 1195 2285 (2(3)
1222 2251 1506 2283 Φιλανθρωπότερος.
1532 2250 1614 2277 Coisl.
1637 2249 1668 2282 1,
1697 2249 1883 2285 φιλανθρωπό-

270 2292 334 2312 vero
370 2285 468 2312 dixerit
505 2274 677 2318 (lepravatant
709 2274 907 2311 Νξὲἑιςέιιὶέιῖςιῖη
923 2274 1052 2318 ὧιὲιῖἑῆὶξ
1070 2274 1192 2317 οταὶὲέέ

270 2327 350 2354 qnam
364 2319 510 2352 Gregorius
528 2321 618 2346 senior
631 2325 684 2346 tam
702 2319 781 2354 longo
797 2324 917 2353 tempore
929 2319 1010 2347 verbo
1027 2325 1054 2347 et

270 2355 392 2389 exemplo
407 2354 590 2381 formaverat?

306 2389 364 2430 ρει)
380 2389 613 2430 www.m-
636 2389 815 2430 ιιιιημᾴνξρςιτ

306 2423 362 2460 (2i)
380 2424 478 2460 Ὀρεσι
500 2424 548 2460 καὶ
566 2423 667 2460 ὕψεσι.
691 2423 897 2460 δείιυιζᾬοΙϋη
917 2424 985 2460 πρὸς
1002 2424 1052 2460 ὅρη

271 2458 452 2494 πνευματικὰ,
469 2459 521 2495 τὴν
539 2459 626 2495 ὀρθῶς
648 2458 761 2493 ἔχουσαν
785 2458 885 2495 πίστιν,
914 2458 950 2486 τὰ
971 2458 1055 2495 νοητᾶ

271 2495 394 2531 πρόὸατα
411 2494 633 2531 συμνελαύνουσαν.
657 2495 742 2531 -ι-Διι-
758 2494 910 2527 spirituales
938 2494 1053 2531 montes,

271 2528 374 2557 certam
389 2529 493 2557 scilicet
506 2530 597 2561 tidem,
623 2528 776 2564 spirituales
802 2536 867 2556 oves
891 2529 1054 2564 compellen-

272 2571 335 2592 tem.
347 2574 356 2590 ι

306 2599 362 2634 (22)
385 2599 537 2628 Ἀνέλκων.
551 2597 619 2633 Reg.
631 2599 677 2630 hu,
693 2597 789 2625 ἕλκων.

306 2632 363 2669 (25)
389 2635 532 2669 Ποιμένες
556 2632 605 2661 καί
633 2633 853 2669 σρμποιμὲνεςε
873 2632 940 2666 Hie,
957 2638 1055 2667 prater

272 2667 430 2705 Gregorium
441 2667 588 2696 ‘seniorem
605 2674 633 2695 et
649 2667 790 2705 Basilina),
809 2668 857 2703 qui
871 2673 945 2705 certe
971 2669 1054 2702 ipsius

272 2703 468 2732 consecrationi
490 2705 616 2737 aderant,
634 2703 703 2729 alios
724 2704 805 2730 etiam
823 2703 964 2730 nonnullos
988 2711 1053 2730 con-

271 2746 423 2767 secratores
440 2739 568 2773 praesules
582 2738 764 2773 intelligimus.
781 2738 845 2766 Vide
861 2737 955 2765 Monit.
971 2746 998 2765 ιι.
1013 2745 1051 2764 ιν.

307 2774 363 2815 (24)
384 2774 586 2815 Itqupslyac:
617 2774 662 2800 Sic
684 2773 1051 2815 pasilit'i‘s'contmentatur.:

273 2807 316 2835 Ἦ
324 2807 361 2844 τῷ
373 2807 561 2844 πολλῷχρόνῳ
572 2809 709 2844 ἀρχιερεῖς
720 2807 939 2842 ἀποθνήσκοντας
953 2807 1052 2842 ἧμειψε

273 2843 414 2875 πλείστους
425 2843 453 2870 ὲν
470 2843 645 2879 μῆτροπόλεν
655 2843 674 2869 ⁷ι
688 2844 755 2876 Quia
774 2843 902 2879 plurimos
915 2843 1054 2879 in_metro-

273 2879 392 2914 politana
411 2877 477 2914 sede
494 2877 546 2914 sibi
570 2879 746 2906 succedentes
769 2878 909 2913 episcopos
931 2877 1051 2911 viderat,

274 2912 319 2942 aut
337 2912 462 2949 sutIragio
476 2912 628 2942 collocarat.
653 2922 664 2940 ι

1141 2322 1195 2354 (27)
1224 2321 1439 2356 Δυσχεραίνῃς.
1465 2319 1548 2354 Regg.
1565 2319 1620 2352 brn,
1644 2320 1690 2347 hu.
1707 2318 1753 2347 Or.
1775 2319 1793 2346 2
1805 2340 1813 2353 ,
1828 2319 1883 2347 Jes.

1104 2357 1298 2391 δυσχεραίνεις.

1139 2389 1194 2427 (28)
1225 2392 1344 2426 Ἀλόγου
1368 2390 1474 2424 νομῆς.
1503 2389 1661 2427 Gregorius”
1675 2399 1702 2427 ιγ
1721 2389 1883 2427 irrationalia

1105 2425 1202 2461 pascua
1224 2435 1233 2452 ι
1249 2425 1363 2460 appellat
1379 2433 1473 2461 onmes
1493 2425 1621 2461 profanas
1637 2425 1810 2461 disciplinas;
1826 2433 1885 2458 qua:

1105 2459 1169 2488 Vero
1185 2459 1345 2488 Christianae
1362 2459 1437 2491 sunt‘.
1457 2469 1466 2485 ι
1483 2459 1632 2493 spiritualia
1647 2469 1656 2484 ι
1676 2460 1807 2487 nominat.

1140 2495 1280 2558 (69.951911.
1298 2497 1376 2523 Deest
1395 2496 1422 2522 in
1447 2495 1529 2529 Begg.
1551 2495 1595 2521 bm
1607 2513 1615 2527 ,
1632 2495 1679 2527 hu,
1704 2494 1790 2522 tribus
1807 2494 1884 2522 Colb.

1169 2540 1190 2557 Γ.
1225 2552 1231 2557 .

1104 2537 1131 2559 et
1143 2532 1190 2558 0r.
1202 2532 1231 2558 2.

1139 2567 1196 2602 (50)
1214 2566 1348 2602 Πυκναῑς
1360 2563 1572 2602 ταῗςγγιφάσιν.
1593 2563 1749 2602 Melaphora
1773 2571 1805 2602 ex
1829 2563 1885 2590 Ho-

1105 2598 1192 2633 mero,
1209 2600 1244 2627 1ί.
1262 2602 1292 2633 Γ,
1310 2601 1404 2635 petita.
1429 2598 1486 2627 Hac
1503 2607 1568 2635 voce
1588 2604 1700 2635 utuntur
1713 2598 1810 2635 ϐῖκοι,
1823 2607 1883 2626 cum

1105 2643 1228 2670 magnam
1245 2637 1282 2663 rei
1298 2634 1411 2670 alicujus
1424 2635 1528 2670 copiam
1543 2634 1697 2670 signiﬁcare
1710 2634 1811 2661 volunt.

1140 2668 1195 2706 (3i)
1214 2671 1270 2706 Καὶ
1288 2668 1376 2704 λάϐῃ,
1396 2668 1557 2706 ειεζΜιιΙίιιι
1571 2675 1631 2696 cum
1649 2668 1772 2703 Vulgata,
1794 2678 1805 2695 ι
1821 2675 1884 2703 per-

1104 2705 1198 2732 sonam
1211 2706 1237 2732 in
1251 2705 1352 2737 judicio
1367 2705 1492 2739 accipiat.
1505 2713 1514 2730 ι

1140 2740 1196 2776 (52)
1216 2741 1339 2776 ξρντως,
1353 2745 1406 2767 etc.
1422 2737 1502 2776 (“Res
1519 2738 1598 2776 plane
1614 2745 1711 2776 arcana
1728 2741 1755 2765 et
1769 2737 1884 2776 incredi-

1103 2772 1174 2802 bilis.
1186 2772 1201 2801 ἰ
1216 2774 1275 2801 Vim
1289 2772 1359 2801 illam
1376 2774 1509 2808 intelligit,
1527 2774 1603 2808 juxta
1621 2773 1704 2800 Etiam
1715 2793 1722 2805 ,
1737 2780 1789 2807 qua
1809 2772 1884 2799 Sasi-

1104 2818 1222 2837 nlensem
1238 2810 1383 2837 Ecclesiam
1397 2810 1533 2843 suscipere
1549 2812 1656 2835 coactus
1670 2809 1729 2834 l'uit.

1139 2845 1196 2879 (55)
1217 2844 1271 2871 Καὶ
1285 2845 1367 2871 ιγῦπω
1383 2866 1388 2872 .
1407 2843 1453 2880 Sic
1469 2841 1520 2880 duo
1537 2843 1633 2880 llegg..
1645 2841 1882 2875 tresColb.,0r.2,

1104 2877 1218 2912 llei‘vag.
1233 2885 1286 2907 etc.
1304 2880 1383 2907 Editi.
1396 2879 1444 2906 καὶ
1459 2877 1538 2905 οὕτω.
