2069 3131
225 193 277 221 825

646 194 773 222 ORATIO
793 194 838 222 IX.
860 211 894 218 ν--
913 193 1176 223 APOLOGETICUS
1195 194 1241 222 AD
1258 194 1409 222 PATREM.

1792 196 1845 223 826

224 250 303 285 ἡμῶν
323 249 464 276 ἀκουσθέν.
486 250 542 277 Οὐκ
564 250 740 287 ἐπείσθημεν,
758 252 815 279 ἀλλ’
833 252 1009 288 ἐϐιάσθημεν.

1063 253 1116 280 bile
1132 255 1267 288 negotium
1279 273 1287 286 ,
1303 261 1354 280 nec
1367 253 1482 280 antehac
1497 253 1530 280 de
1545 252 1622 280 nobis
1635 260 1752 288 unquam
1766 253 1846 282 fando

226 295 258 321 Ὦ
284 294 331 321 τοῦ
353 294 504 329 θαύματοςί
537 296 579 328 Ὡς
601 296 696 332 γέγονε
722 298 809 324 πάντα
830 298 928 325 καινάῑ
955 298 1008 324 Καὶ

225 343 286 368 ὅσον
297 341 436 376 διέστησεν
452 342 540 377 ἡμᾶςῐ
554 343 580 370 τί
592 343 680 378 βούλει
690 345 738 372 καὶ
751 345 830 378 εἴπω,
847 345 892 371 τὸν
905 344 1007 379 Θρόνον,

226 387 243 422 ἢ
263 387 293 413 τὸ
307 387 357 422 τῆς
374 387 484 423 χάριτος
500 388 629 423 μέγεθος;
651 389 724 425 Πλὴν
740 389 819 425 ἡγοῦ,
844 390 892 416 καὶ
913 398 1010 416 κατευ-

225 431 296 463 οδοῦ,
313 432 359 459 καὶ
377 431 511 466 βασίλευε,
529 433 574 460 καὶ
587 434 711 469 ποίμαινε
726 435 798 470 ἡμᾶς
808 435 1008 470 ποιμαίνοντας.

233 477 276 510 Ὠς
289 478 392 513 ἕτοιμοί
408 486 440 512 γε
454 480 535 513 ἡμεῖς
550 479 673 511 ἕπεσθαι,
690 481 735 507 καὶ
750 481 802 507 ὑπὸ
815 481 864 515 τῆς
879 481 930 516 σῆς
949 490 1009 508 ποι-

229 524 360 560 μαντικῆς
388 524 476 559 ψυχῆς
500 524 554 560 (54)
576 525 689 559 ἄγεσθαι
714 526 763 562 τῆς
784 526 889 562 ὑψηλῆς
907 528 954 554 καὶ
967 529 1010 554 ὲν-

228 569 305 596 θέουο
324 570 461 606 εἰρήσεται
479 570 532 605 γὰρ
545 570 669 606 τάληθὲς,
681 571 741 598 είτι
757 572 802 598 καὶ
817 572 891 608 παρὰ
909 572 954 599 τὸν
966 573 1009 599 νό-

229 623 277 650 μον
296 615 325 647 ἐξ
338 615 448 651 ἀγάπης
461 616 663 652 τετολμήκαμεν
677 617 743 653 (35).
759 617 867 651 Δίδαξον
888 618 944 653 (56)
961 619 1010 655 τὴν

228 661 277 696 σὴν
287 661 397 697 ἀγάπην
407 661 470 697 περὶ
483 661 517 688 τὰ
527 662 648 698 ποίμνια,
660 662 690 700 το
702 663 746 689 σὺν
757 664 885 699 ἐπιμελές
895 673 925 691 τε
942 665 1009 700 ὁμοῦ

227 707 274 733 καὶ
295 707 448 740 εὐσύνετον,
468 707 515 743 τὴν
531 698 700 740 ἐπιστασίαν,
716 708 766 740 τὰς
780 710 944 745 ἀγρυπνίας,
960 711 1009 747 τὴν

225 752 280 779 τῶν
299 752 353 779 σῶν
371 753 477 788 σαρκῶν
496 753 680 789 ὑποχώρησιν,
699 755 732 790 ἣν
750 754 788 790 τῷ
808 756 942 791 πνεύματι
959 757 1010 784 ὺπ-

225 797 377 835 εχώρησαν,
396 799 427 825 τὸ
443 799 489 826 τοῦ
517 799 562 826 σοῦ
588 800 733 836 χρώματος
754 801 834 834 ἄνθος
855 803 886 838 τῇ
908 803 1009 840 ποίμνῃ

226 844 384 879 κάμνοντος,
405 845 435 871 τὺ
464 846 493 872 ὲν
521 847 657 882 πραΰτητι
690 847 828 880 σύντονον,
852 849 883 875 τὸ
915 849 944 875 ἐν
970 849 1009 884 τῷ

226 890 369 926 πρακτικῷ
385 890 500 926 γαληνόν
522 901 552 918 τε
576 893 623 919 καὶ
642 893 744 928 ἥμερον
769 894 895 930 (πρᾶγμα
913 895 963 922 οὐκ
980 897 1009 922 ὲν

1063 299 1194 325 auditum.
1209 298 1266 325 Non
1286 299 1413 325 sttasione
1427 299 1527 325 indncti
1540 317 1547 331 ,
1570 299 1618 326 sed
1633 299 1720 326 coacti
1740 307 1845 327 sumus.

1063 343 1085 370 0
1102 351 1156 370 rem
1172 343 1285 370 mirami
1302 343 1387 376 Quam
1403 351 1470 370 nova
1488 344 1558 371 facta
1582 348 1643 371 sunt
1659 343 1749 371 omnia
1758 343 1797 370 "l
1814 344 1848 371 Et

1062 393 1191 422 quantum
1206 396 1255 414 nos
1268 388 1416 422 disjnnxit!
1434 388 1554 421 thronus,
1567 388 1664 420 dicam,
1676 396 1710 415 an
1722 389 1814 422 gratiae
1823 389 1846 405 “

1063 433 1238 468 magnitudo?
1254 433 1307 462 Sed
1323 439 1412 461 tamen
1427 434 1490 469 prmi
1501 455 1509 468 ,
1527 441 1654 469 prospere
1668 434 1783 468 procede
1793 453 1802 467 ,
1818 439 1848 462 et

1064 487 1144 511 regna
1154 478 1186 511 η,
1204 486 1307 514 nosque
1319 484 1441 513 pastores
1453 487 1543 514 pasce.
1557 478 1647 506 Parati
1661 479 1769 513 quidem
1784 487 1844 513 nos,

1064 529 1092 549 ut
1107 528 1150 550 tua
1165 531 1311 558 sequamur
1329 523 1439 558 vestigia
1449 544 1456 556 ,
1472 529 1553 557 atque
1568 523 1712 558 pastoralis
1742 531 1845 551 necnon

1063 569 1185 597 sublimis
1212 574 1239 597 et
1258 570 1355 596 divinae
1379 570 1476 596 anima:
1502 575 1553 597 tua}
1572 569 1681 597 nutibus
1704 569 1844 597 ducamur.

1065 615 1133 642 Vera
1155 615 1227 642 enim
1255 615 1378 650 eloquar,
1399 615 1505 643 etiamsi
1527 623 1584 650 prae
1602 622 1694 644 amore
1717 616 1846 644 audacius

1063 661 1197 696 quidpiam
1210 666 1306 695 [ιι-αξιοι·
1317 661 1401 695 legem
1415 662 1616 695 protulerimus.
1628 661 1683 689 Nos
1695 661 1761 689 doce
1773 666 1845 689 tuam

1062 715 1124 743 erga
1140 715 1248 743 gregem
1265 708 1444 740 cliaritatem,
1469 713 1541 735 tuam
1561 708 1640 735 simul
1662 712 1691 736 et.
1708 715 1800 736 curam
1819 713 1848 735 et

1063 753 1211 786 solertiam,
1230 753 1451 786 sollicitmlinem,
1471 753 1587 788 vigilias,
1606 753 1670 781 illud
1687 753 1846 788 obsequium

1062 805 1076 825 ιι
1092 806 1175 826 carne
1199 803 1242 825 tua
1267 799 1373 833 spiritui
1397 799 1566 834 praestitum,
1592 799 1667 827 illum
1693 799 1790 827 coloris
1807 799 1846 826 tui

1062 843 1174 876 ﬂorent,
1207 845 1252 879 qui
1280 852 1329 879 pro
1342 852 1422 879 grege.
1447 845 1628 877 contabescit,
1657 844 1722 872 illud
1748 845 1846 880 ingenii

1063 898 1176 918 acumen
1192 890 1302 917 lenitate
1319 895 1512 924 temperatum,
1529 890 1600 918 illam
1616 891 1642 917 in
1658 889 1738 917 rebus
1752 897 1846 925 geren-

225 935 332 968 πολλοῖς
349 936 550 972 εὐρισκόμενον,
567 938 627 965 οὐδὲ
647 939 732 966 πολλὰ
754 939 814 975 ἔχον
833 940 867 967 τὰ
880 942 1009 977 παραδεί-

1061 935 1101 963 tlis
1117 937 1290 963 serenitatem
1307 940 1334 963 et
1349 936 1580 963 mansuetudinem
1597 935 1675 971 (quat
1694 943 1738 962 res
1759 935 1845 962 haud-

223 982 337 1015 γματα),
349 982 411 1014 τοὺς
428 983 496 1018 ὑπὲρ
511 984 561 1018 τῆς
577 984 694 1020 ποίμνης
708 985 851 1021 πολέμους,
870 987 920 1018 τὰς
932 986 1009 1019 νίκας

223 1026 257 1058 ἃς
273 1028 301 1053 ἐν
312 1027 421 1064 Χριστῷ
437 1029 468 1056 σὺ
486 1029 640 1066 νενίκηκας.

260 1117 306 1149 q'.
327 1116 396 1143 Εἰπὲ
410 1117 464 1143 τίσι
484 1116 539 1144 τῶν
551 1116 640 1153 νομῶν
663 1119 842 1153 προσακτέον,
868 1120 914 1147 ἐπὶ
930 1121 1009 1153 ποίας

224 1162 314 1196 πηγὰς
329 1162 407 1194 ιτέον,
424 1162 470 1189 καὶ
489 1163 566 1195 τίνας
580 1164 720 1198 φευκτέον,
738 1164 754 1200 ἢ
771 1164 866 1200 νομὰς,
886 1165 903 1201 ἢ
922 1167 1009 1201 νάμα-

223 1215 272 1233 τα·
294 1207 370 1239 τίνας
398 1208 561 1244 ποιμαντέον
586 1210 618 1244 τῇ
640 1208 788 1245 βακτηρίᾳ,
811 1211 888 1242 τίνας
907 1212 940 1246 τῇ
962 1211 1009 1238 σύ-

224 1260 313 1288 ριγγι·
337 1254 402 1280 πότε
429 1254 525 1280 ἀκτέον
547 1255 592 1281 ἐπὶ
615 1255 710 1290 νομὰς,
739 1256 786 1282 καὶ
808 1257 872 1283 ποτε
889 1257 1008 1293 ἀνακλη-

226 1299 282 1326 τέον
297 1300 354 1335 (37)
368 1300 422 1327 ἀπὸ
442 1301 532 1336 νομῶν
543 1309 549 1315 ·
572 1301 630 1333 πῶς
647 1301 813 1337 πολεμητέον
835 1305 891 1334 τοῖς
905 1303 1006 1336 λύκοις,

224 1345 270 1372 καὶ
286 1345 344 1377 πῶς
356 1347 412 1377 τοῖς
429 1347 556 1381 ποιμέσιν
573 1348 603 1373 οὐ
621 1347 787 1382 πολεμητέον
799 1355 806 1362 ”
827 1348 874 1374 καὶ
892 1349 1008 1384 μάλιστα

223 1392 252 1417 ὲν
268 1391 306 1425 τῷ
317 1391 365 1418 νῦν
376 1392 475 1427 καιρῷ,
492 1393 535 1419 ὅτε
551 1394 678 1428 ποιμένες
690 1393 899 1429 ἡφρονεύσαντο,
913 1396 960 1421 καὶ
971 1395 1008 1421 δι-

223 1436 353 1472 έσπειραν
370 1437 405 1464 τὰ
427 1438 549 1473 πρόϐατα
570 1438 620 1473 τῆς
639 1439 733 1475 νομῆς.
754 1439 797 1465 ἵνα
818 1441 874 1471 τοῖς
892 1441 1008 1474 ἁγιωτά-

225 1491 278 1514 τοις
291 1484 445 1519 προφήταις
461 1484 495 1511 τὰ
509 1484 578 1510 αὐτὰ
593 1485 791 1520 συνοδύρωμαι.
809 1486 871 1518 Πῶς
883 1486 914 1512 τὸ
929 1487 1009 1513 ἀσθε-

223 1530 267 1561 νὲς
290 1530 432 1566 ὲνισχύσω,
453 1531 499 1558 καὶ
519 1531 550 1557 τὸ
570 1531 712 1562 πεπτωκὸς
735 1531 889 1567 ἀναστήσω,
913 1532 960 1558 καὶ
979 1532 1009 1558 τὸ

223 1576 396 1611 πλανώμενον
411 1577 574 1613 ἐπιστρέψω,
592 1578 639 1604 καὶ
659 1577 688 1603 τὸ
702 1577 839 1609 ἀπολωλὸς
854 1577 1006 1614 ἐκζητήσω,

223 1623 270 1649 καὶ
289 1608 398 1658 φυλάξω
417 1623 446 1650 τὸ
461 1608 588 1658 niuea;
607 1623 668 1654 Πῶς
683 1623 768 1649 ταῦτα
784 1608 835 1649 καῖ
850 1608 939 1658 paco,
949 1608 1008 1650 ’καὶ
1022 1608 1043 1637 C

223 1667 334 1703 φυλάξω
348 1667 419 1695 κατὰ
435 1669 481 1695 τὸν
500 1668 579 1704 ὀρθὸν
595 1668 643 1704 τῆς
660 1668 842 1704 ποιμαντικῆς
856 1669 943 1703 λόγον,
961 1669 1008 1695 καὶ

224 1714 268 1740 τὸν
281 1713 413 1749 ὑμέτερον
429 1713 482 1748 (58)
493 1722 500 1728 ·
519 1713 586 1740 ἀλλὰ
603 1713 640 1749 μὴ
653 1713 776 1748 γένωμαι
797 1714 880 1745 κακὸς
895 1715 1007 1749 ποιμὴν,

223 1759 253 1786 τὸ
265 1759 334 1794 γάλα
347 1760 505 1790 κατεσθίων,
523 1760 569 1786 καὶ
579 1759 613 1785 τὰ
630 1759 690 1794 ἔρια
708 1760 947 1795 περιϐαλλόμενος,
963 1762 1009 1787 καὶ

223 1806 256 1832 τὰ
268 1805 409 1841 παχύτερα
424 1805 605 1840 κατασφάζων
618 1806 672 1840 (59)
697 1806 714 1840 ἢ
728 1806 905 1840 ἀπεμπολῶν,
917 1807 963 1832 καὶ
975 1807 1009 1833 τὰ

223 1851 291 1878 ἄλλα
306 1852 402 1887 παρεὶς
418 1853 474 1883 τοῖς
485 1852 589 1888 θηρίοις
606 1853 652 1878 καὶ
664 1854 720 1883 τοῖς
735 1854 877 1887 κρημνοῖς,
898 1853 1008 1887 ποιμαί-

223 1906 276 1923 νων
289 1895 417 1932 ὲμαυτὸν.
431 1897 462 1924 οὑ
477 1897 510 1924 τὰ
524 1897 657 1933 πρόϐατα,
670 1899 738 1933 ὅπερ
751 1897 916 1929 ὠνειδίζοντο
926 1899 950 1925 οἱ
962 1900 1010 1925 πά-

224 1943 269 1970 λαι
290 1943 460 1979 προεστῶτες
476 1943 522 1970 τοῦ
547 1944 666 1979 Ἰσραήλ.
684 1944 777 1970 Ταῦτα.
793 1943 943 1970 διδάσκοιτέ
964 1953 1008 1979 με,

225 1990 271 2016 καὶ
285 1989 388 2021 τούτοις
401 1990 554 2025 στηρίζοιτε
575 1991 631 2021 τοῖς
646 1989 746 2024 λόγοις.
764 1989 810 2017 καὶ
826 1990 894 2025 μετὰ
909 1990 1011 2018 τούτων

225 2036 393 2069 ποιμαίνοιτε
408 2037 456 2064 καὶ
471 2036 694 2071 συμποιμαίνοιτε
716 2035 769 2071 (40)
786 2036 840 2063 τῶν
856 2037 1012 2072 παραγγελ-

228 2082 329 2117 μάτων,
343 2082 390 2108 καὶ
403 2082 525 2114 σώζοιτε,
544 2081 637 2117 ὥσπερ
650 2083 682 2117 τῇ
694 2081 862 2116 διδασκαλίᾳ,
875 2081 946 2108 οὕτω
963 2082 1011 2108 καὶ

226 2129 284 2159 ταῖς
308 2128 410 2163 εὐχαῖς,
425 2128 476 2163 ἐμέ
491 2137 520 2154 τε
537 2128 583 2154 καὶ
603 2128 634 2154 τὸ
646 2128 716 2163 ἱερὸν
734 2127 813 2154 τοῦτο
826 2127 959 2163 ποίμνιον,
971 2128 1010 2159 είς

226 2170 375 2204 ἀσφάλειαν
389 2172 462 2206 ἐμοὶ,
476 2172 516 2202 είς
531 2171 660 2206 καύχημα
678 2172 741 2206 ὑμῖν
758 2172 787 2197 ὲν
805 2172 896 2207 ἡμέρᾳ
912 2173 1011 2207 ἐπιφα-

227 2216 299 2247 νείας
313 2216 359 2243 καὶ
378 2217 573 2251 ἀποκαλύψεως
584 2217 632 2244 τοῦ
648 2217 766 2252 μεγάλου
782 2217 859 2249 Θεοῦ,
874 2218 920 2244 καὶ
935 2218 1011 2253 ἀρχι-

1059 988 1194 1016 quaquam
1221 980 1305 1015 238
1329 981 1355 1008 in
1386 981 1479 1008 multis
1504 983 1648 1015 reperitur.
1674 981 1782 1016 rarique
1804 985 1846 1008 est

1058 1026 1207 1061 exempli),
1235 1027 1303 1054 bella
1333 1027 1376 1053 illa
1405 1034 1453 1061 pro
1478 1027 1567 1062 gregis
1589 1027 1675 1054 salute
1701 1032 1845 1061 suscepta.

1060 1073 1186 1100 victorias
1202 1073 1261 1100 illas
1278 1080 1346 1107 quas
1363 1073 1390 1099 in
1405 1072 1513 1100 Christo
1529 1072 1655 1100 retulisti.

1094 1119 1139 1146 Vl.
1159 1119 1217 1151 Die,
1237 1127 1296 1153 quae
1311 1127 1409 1153 pascua
1425 1120 1551 1154 petenda,
1562 1119 1606 1154 qui
1620 1120 1706 1147 fontes
1717 1119 1845 1152 adeundi,

1059 1173 1090 1192 ac
1115 1173 1222 1192 rursum
1238 1173 1296 1199 qua:
1319 1173 1418 1199 pascua
1440 1165 1568 1198 vitanda,
1592 1165 1636 1199 qui
1663 1165 1777 1192 latices:
1800 1165 1845 1199 qui

1062 1210 1161 1238 baculo
1177 1211 1298 1245 regendi,
1314 1211 1359 1244 qtti
1375 1210 1461 1237 listula
1476 1220 1482 1237 :
1497 1218 1551 1245 quo
1568 1215 1687 1245 tempore
1700 1210 1733 1238 ad
1746 1217 1844 1244 pascua

1059 1257 1196 1284 ducendus
1213 1265 1295 1292 grex,
1311 1262 1338 1284 et
1354 1264 1407 1291 quo
1429 1258 1534 1283 rursum
1556 1264 1571 1283 a
1591 1257 1697 1291 pascuis
1717 1264 1847 1284 revocan-

1057 1303 1107 1329 dus
1122 1311 1129 1329 :
1147 1311 1199 1337 quo
1211 1304 1290 1329 modo
1304 1302 1401 1329 bellum
1422 1302 1490 1336 lupis
1508 1302 1685 1335 inferendum,
1701 1310 1754 1337 quo
1768 1304 1847 1330 modo

1059 1356 1111 1375 non
1128 1348 1278 1376 lacessendi
1294 1353 1431 1383 pastores;
1447 1349 1498 1376 hac
1512 1349 1660 1383 praesertim
1676 1354 1845 1384 tempestate,

1059 1402 1112 1429 qua
1145 1399 1269 1429 pastores
1297 1395 1378 1421 stulte
1402 1402 1463 1422 sese
1488 1399 1645 1429 gesserunt,
1675 1400 1754 1430 atque
1781 1402 1846 1422 oves

1059 1447 1164 1475 pascua:
1181 1440 1366 1474 disperserunt
1377 1439 1410 1471 “,
1426 1444 1455 1466 ut
1469 1441 1581 1473 eadem,
1603 1448 1663 1474 qua;
1682 1441 1845 1468 sanctissimi

1059 1485 1209 1520 prophetae,
1224 1485 1318 1512 iisdem
1335 1485 1425 1513 verbis
1441 1486 1589 1521 deplorem.
1602 1486 1661 1519 Quo
1674 1486 1763 1518 modo,
1775 1487 1846 1521 quod

1059 1531 1194 1558 inﬁrmum
1210 1537 1270 1563 est,
1287 1531 1421 1558 roborabo
1432 1553 1439 1564 ,
1459 1532 1530 1566 quod
1547 1531 1650 1566 lapSum
1668 1537 1711 1559 est
1726 1533 1828 1567 erigam
1839 1553 1846 1566 ,

1059 1577 1130 1612 quod
1147 1576 1259 1604 oberrat
1273 1576 1299 1604 in
1322 1577 1392 1604 viam
1409 1578 1547 1611 reducam,
1562 1577 1631 1611 quod
1643 1577 1722 1611 periit
1733 1578 1846 1611 conqui-

1060 1630 1136 1655 ram,
1160 1622 1233 1657 quod
1256 1623 1370 1657 integris
1391 1623 1494 1650 viribus
1514 1627 1557 1650 est
1574 1623 1760 1651 conservabo?
1777 1623 1846 1656 Quo,

1060 1669 1182 1704 inquam,
1198 1669 1278 1696 modo
1290 1669 1348 1696 haec
1361 1669 1500 1696 addiscam
1512 1689 1519 1700 .
1542 1673 1623 1703 atque
1640 1669 1691 1701 ita,
1718 1673 1747 1696 ut
1773 1675 1846 1696 recta

1059 1713 1203 1747 pastoralis
1219 1714 1285 1741 artis
1301 1719 1443 1748 vestraque
1455 1714 1524 1741 ratio
1535 1714 1663 1748 postulat,
1678 1714 1844 1744 custodiam;

1061 1766 1094 1785 ac
1110 1766 1174 1790 non,
1189 1758 1259 1792 quod
1274 1758 1397 1785 scelerati
1409 1759 1525 1792 pastoris
1537 1763 1589 1790 est,
1606 1759 1647 1785 lac
1660 1759 1809 1791 comedam,
1819 1764 1847 1786 et

1060 1803 1119 1831 lana
1138 1803 1276 1834 induar",
1290 1807 1318 1830 et
1337 1803 1511 1838 pinguissima
1526 1811 1640 1838 qumque.
1656 1802 1774 1837 jngnlem
1799 1809 1846 1830 aut

1060 1849 1173 1876 vendam
1185 1868 1192 1881 ,
1212 1849 1312 1884 reliqua
1328 1854 1418 1876 autem
1438 1849 1532 1876 bestiis
1551 1853 1577 1876 et
1594 1849 1749 1883 praecipitiis
1766 1848 1846 1875 relin-

1060 1903 1152 1930 quam.
1164 1902 1207 1922 me
1219 1895 1305 1927 ipsum
1319 1902 1442 1929 pascens,
1458 1902 1511 1922 non
1529 1902 1651 1929 gregem,
1667 1894 1846 1929 quemadmo-

1061 1941 1124 1968 dum
1140 1941 1204 1968 olim
1223 1940 1405 1968 lsraelitarum
1422 1940 1555 1975 praefectis
1577 1940 1765 1975 objiciebatur.
1785 1940 1847 1968 llaec

1062 1995 1122 2018 me,
1141 1994 1249 2020 quteso,
1267 1987 1380 2018 docete,
1403 1987 1446 2014 his
1474 1986 1645 2014 sermonibus
1669 1986 1778 2018 fulcite.
1804 1987 1847 2014 his

1062 2031 1204 2067 praeceptis
1216 2051 1224 2064 ,
1240 2037 1341 2064 etme,
1359 2037 1386 2060 et
1401 2039 1505 2060 mecum
1522 2040 1630 2060 sacrutn
1650 2032 1720 2059 hunc
1739 2038 1846 2066 gregem

1063 2076 1178 2109 pascite.
1191 2081 1283 2111 atque.
1301 2082 1330 2104 ut
1347 2077 1481 2110 doctrina,
1501 2077 1538 2104 ita
1555 2077 1680 2111 precibus
1693 2076 1774 2103 etiam
1790 2084 1847 2103 ser-

1063 2127 1136 2153 vate.
1153 2123 1217 2150 mihi
1235 2124 1344 2157 quidem
1358 2124 1391 2150 ad
1407 2123 1597 2155 securitatem,
1616 2122 1694 2149 vobis
1709 2126 1798 2149 autem
1813 2121 1845 2148 ad

1063 2168 1252 2202 gloriationem
1268 2169 1295 2195 in
1312 2169 1354 2195 die
1368 2169 1500 2196 adventus
1517 2176 1549 2195 ac
1563 2167 1736 2195 revelationis
1757 2168 1845 2202 magni

1063 2213 1110 2241 Dei
1128 2218 1155 2241 et
1168 2214 1297 2248 principis
1320 2215 1437 2249 pastoris
1451 2214 1536 2241 nostri
1557 2213 1619 2241 Jesu
1638 2212 1738 2241 Christi
1748 2213 1781 2247 ⁸⁸,
1799 2221 1847 2248 per

226 2261 354 2296 ποιμένος
367 2261 445 2297 ἡμῶν
466 2262 553 2298 Ἰησοῦ
566 2262 697 2298 Χριστοῖι,
715 2263 749 2290 δι’
763 2259 794 2290 οὗ
808 2264 854 2290 καὶ
871 2263 930 2298 μεθ’
948 2261 977 2290 οὗ
995 2265 1009 2300 ἡ

1064 2267 1145 2295 quem
1161 2264 1260 2286 etcum
1277 2267 1331 2294 quo
1353 2259 1437 2294 gloria
1463 2259 1538 2286 Patri
1563 2259 1760 2294 omnipotenti,
1785 2267 1846 2286 cum

226 2306 288 2339 δόξα
294 2308 381 2343 Πατρὶ
388 2309 584 2344 παντοκράτορι
593 2310 640 2335 σὺν
648 2309 685 2345 τῷ
692 2309 761 2345 ἁγίῳ
771 2310 818 2336 καὶ.
824 2309 946 2344 ζωοποιῷ
955 2309 982 2344 (Il
988 2310 1011 2345 Ι)

227 2352 364 2387 Πνεύματι
389 2354 437 2380 καὶ
449 2353 496 2380 νῦν
513 2355 560 2381 καὶ
578 2355 618 2386 εὶς
630 2356 692 2386 τοὺς
707 2355 808 2387 αἰῶνας
823 2355 878 2381 τῶν
894 2354 1008 2383 αἰώνων.

233 2398 329 2432 Ἀμήν.

1065 2308 1158 2331 sancto
1177 2309 1205 2330 et
1221 2304 1325 2331 vivilico
1348 2304 1447 2339 Spiritu
1490 2308 1518 2331 et
1544 2306 1629 2337 nene,
1649 2308 1676 2331 et
1697 2304 1723 2331 in
1749 2304 1847 2332 saacula

1064 2350 1232 2378 stcculorum.
1250 2350 1346 2377 Amen.

263 2496 351 2540 “uisa:
364 2504 443 2540 ξιιιι,
462 2497 504 2540 lg.
578 2497 657 2526 Hebr.
675 2507 711 2540 ιγ,
726 2500 768 2527 16.
807 2501 829 2517 ⁸⁸
840 2501 911 2529 Ρειιε.
941 2511 1009 2536 κων,

1093 2502 1185 2530 “Jer.
1210 2511 1243 2536 ιι,
1258 2504 1302 2530 2t.
1342 2503 1363 2519 "
1380 2503 1477 2530 Ezech.
1504 2509 1596 2535 xulv,
1621 2502 1650 2531 4.
1687 2503 1710 2519 ⁸⁸
1726 2503 1844 2540 Philipp.

229 2538 262 2564 lt,
277 2531 325 2564 lli;
340 2531 426 2559 lCor.
441 2541 460 2564 ι,
475 2532 505 2565 8;
522 2532 530 2559 Ι
546 2532 618 2560 Petr.
636 2541 661 2566 ν,
677 2535 703 2560 4.

263 2622 319 2660 (54)
332 2622 456 2660 Ψυχῆς.
465 2623 544 2651 Deest
558 2623 582 2650 in
599 2623 701 2650 duobus
711 2623 809 2660 Regg.,

227 2657 310 2685 Coisl.
327 2658 353 2688 1.
369 2665 395 2685 et
408 2658 463 2685 Jes.

264 2693 331 2729 (35)_
342 2693 577 2727 Τετυλμήκαμεν.
599 2693 666 2729 Tres
688 2693 784 2729 Ἆρες..
799 2693 847 2721 0r.
860 2694 895 2726 2,
915 2699 942 2721 et
957 2693 1012 2721 Jes.

226 2727 478 2767 κατετολμήσαμεν.
494 2729 566 2756 E!ias
578 2748 586 2761 ,
603 2737 613 2754 ‹
631 2728 654 2756 si
676 2727 800 2763 quid‘per
816 2730 902 2764 legem
918 2730 1014 2756 atnici-

229 2767 283 2794 lta',
299 2772 308 2788 ι
326 2768 377 2790 σιμ.

264 2797 319 2831 (56)
338 2797 473 2829 Δίδαξον.
490 2797 555 2833 Reg.
571 2805 599 2833 ει,
614 2797 696 2830 addit,
714 2798 796 2833 ἡμᾶς

264 2832 318 2867 (57)
345 2832 553 2866 Ἀνακλητέον.
571 2832 636 2866 Reg.
653 2840 678 2858 ιι.
693 2833 833 2861 ἀνακτέον.

262 2867 319 2905 (5.8)
344 2867 510 2901 ἠιέτερον.
527 2867 703 2905 Combelisius
725 2868 807 2905 legit,
819 2869 963 2905 ἡμέτερον,
981 2875 1008 2896 et

229 2903 311 2930 vertit
326 2913 332 2930 ;
350 2911 359 2928 ι
385 2906 530 2938 nostraque
548 2902 628 2930 ratio.
646 2912 655 2928 ι
680 2902 845 2931 (ἐυιιιτιιὶιιι
861 2902 1007 2940 Gregorius

823 2624 908 2651 tribus
922 2623 1012 2657 Colb.,

1063 2624 1119 2663 jam
1135 2625 1192 2659 ipse
1202 2631 1295 2663 pa_s_tor
1310 2631 1391 2658 esset,
1409 2627 1478 2654 ratio
1489 2627 1577 2662 gregis
1595 2627 1703 2663 regendi
1722 2628 1771 2663 ipsi
1785 2636 1845 2656 cum

1065 2660 1126 2686 altis
1141 2661 1293 2694 pastoribus
1307 2662 1459 2689 communis
1470 2660 1539 2690 erat.

1111 2695 1156 2732 39)
1171 2695 1380 2732 Κατᾳσφὰζων.
1395 2696 1461 2731 Reg.
1476 2697 1523 2728 hu.
1534 2702 1560 2724 et
1573 2696 1628 2724 Jes.
1641 2697 1844 2732 κατασφάγιων.

1113 2729 1156 2764 40)
1185 2730 1241 2756 Καὶ
1259 2729 1516 2766 συμποιμαίιὶοιτε.
1536 2732 1616 2759 Deest
1638 2733 1664 2760 in
1685 2729 1741 2759 les:
1763 2729 1779 2758 ι’
1799 2733 1847 2760 H.s

1066 2766 1209 2804 prteceptis
1234 2773 1267 2793 ac
1287 2767 1455 2794 documentis
1469 2768 1570 2802 pascite
1582 2786 1590 2799 ,
1604 2767 1785 2804 pascendique
1801 2777 1845 2795 sn-

1065 2802 1134 2838 ciam
1158 2807 1267 2838 operam
1283 2805 1380 2828 navale
1394 2821 1402 2833 ,
1418 2807 1508 2838 atque,
1526 2808 1554 2828 ut
1570 2802 1710 2836 doctrina,
1729 2803 1764 2829 ita
1784 2811 1846 2838 pre-

1064 2834 1197 2872 cibusmie
1208 2836 1319 2872 pariter,
1330 2841 1356 2872 et
1364 2834 1470 2864 sacrum
1490 2837 1561 2864 hunc
1575 2845 1682 2872 gregem
1703 2834 1819 2865 Servate.
1833 2848 1843 2864 ι

1060 2868 1315 2939 ἀγὲιΐὲῑώοποιῷ.
1343 2871 1426 2907 Regg.
1445 2879 1470 2906 τι,
1489 2872 1535 2906 hu,
1556 2868 1638 2901 (loile
1662 2873 1687 2908 1,
1710 2877 1737 2901 et
1750 2872 1798 2902 0r.
1818 2874 1847 2906 1,
