2069 3131
197 175 250 202 8:3

694 171 822 199 ORATIO
841 171 889 198 XI.
910 187 944 191 —
963 170 1009 197 AD
1027 171 1178 200 GREGOB.
1202 172 1347 200 NYSSEN.

1765 177 1819 207 85b

231 233 270 259 B'.
289 230 352 268 Ἃρ*
364 229 411 258 οὖν
430 231 510 258 ἱκανὰ
531 230 627 264 ταῦτα,
650 231 696 257 καί
715 231 832 267 μετρίως
845 230 901 265 (75)
918 231 982 265 ὑμῖν

1069 230 1101 258 ll.
1120 231 1161 258 An
1177 236 1240 259 vero
1260 232 1316 258 lucc
1331 231 1476 264 sutIieiunt,
1505 236 1587 267 atque
1611 233 1719 261 abunde
1737 235 1814 263 vobis

196 281 242 306 τὸν
257 279 340 314 ἄνδρα
360 280 374 305 ὁ
397 278 475 312 λόγος
494 277 629 312 ἕγραψεν;
653 277 687 302 ’Ἡ
707 276 757 308 δεῖ,
777 276 903 311 καθάπερ
917 276 980 307 τοὺς

197 325 336 361 ἐπιμελεῖς
359 324 413 351 τῶν
435 323 598 359 ζωγράφων,
624 322 752 354 πολλάκις
775 322 930 349 ἐπιϐάλλειν
949 322 983 348 τὰ

198 369 340 405 χρώματα,
365 369 407 396 ἵνα
427 368 592 403 τελεωτέραν
607 369 671 403 ὑμῖν
688 367 744 402 (76)
767 368 817 402 τὴν
837 367 883 393 τοῦ
904 367 983 401 λόγου

198 415 305 451 γραφὴν
322 415 558 450 παραστήσωμενς
581 414 635 440 Καὶ
650 413 682 449 δὴ
697 413 837 450 γράψομεν
852 412 907 448 (77)
919 413 983 448 ὑμῖν

198 459 360 494 τελεώτερον
377 467 406 485 τε
422 458 468 485 καὶ
489 458 662 493 σαφέστερον.
688 458 735 489 Τίς
756 457 908 492 νομοθετῶν
925 459 984 484 ἐπι-

200 504 381 539 φανὲστατος;
404 503 532 538 Μωῦσῆς.
551 503 598 534 Τίς
621 503 715 538 ἱερέων
732 502 898 537 ἅγιώτατος;
922 503 983 529 ’Λα-

202 549 269 586 ρών·
285 550 334 585 οὐχ
348 547 428 584 ἦττον
441 549 549 584 ἀδελφοὶ
560 550 609 584 τὴν
621 549 758 576 εὐσέϐειαν
769 549 786 585 ἢ
802 549 838 575 τὰ
852 548 964 584 σώματα
975 558 981 564 ·

203 595 301 631 μᾶλλον
315 595 343 622 δὲ
360 596 374 621 ὁ
390 595 438 631 μὲν
455 595 520 627 Θεὸς
542 595 650 630 Φαραὼ,
667 596 714 622 καὶ
727 594 774 621 τοῦ
798 595 905 630 Ἰσραὴλ
917 604 984 630 προ-

202 641 301 676 στάτης
316 640 372 676 (78)
386 640 433 667 καὶ
457 640 614 676 νομοθέτης,
641 641 687 667 καὶ
711 641 761 676 τῆς
785 641 898 675 νεφέλης
920 641 984 667 εἵσω

201 686 306 720 χωρῶν,
323 686 370 712 καὶ
395 685 474 711 θείων
501 686 658 722 μυστηρίων
683 686 805 720 ἐπόπτης
822 694 851 712 τε
869 685 917 711 καὶ
936 695 985 720 μυ-

201 733 340 767 σταγωγὸς
349 732 414 767 (79).
426 733 473 758 καὶ
481 732 530 767 τῆς
541 732 641 767 σκηνῆς
649 731 698 767 τῆς
708 731 838 766 ἀληθινῆς
849 731 983 766 τεχνίτης,

200 778 233 813 ἦν
250 777 348 813 ἔπηξεν
370 778 384 803 ὁ
403 777 510 813 Κύριος,
529 777 576 803 καὶ
601 777 653 803 οὑκ
673 777 833 812 ἄνθρωπος·
857 777 939 813 ἱερεῖς
955 777 983 803 δὲ

200 824 299 859 ὁμοίως
316 823 473 859 ἀμφότεροι.
498 823 600 858 Μωσῆς
619 822 684 858 γὰρ,
711 823 787 858 φησὶ,
809 823 856 849 καὶ
879 821 984 858 Ἀαρὼν

200 870 230 895 ὲν
244 871 298 901 τοῖς
311 869 365 904 (80)
386 869 502 904 ἱερεῦσιν
519 868 616 895 αὑτοῦ·
637 870 651 895 ὁ
665 869 714 903 μὲν
730 869 821 905 ἄρχων
835 868 983 904 ἀρχόντων,

200 914 248 941 καλ⁸
273 913 362 949 ἱερεὺς
386 913 489 949 ἱερέων,
507 912 646 948 χρώμενος
665 913 714 948 μὲν
737 913 788 940 ὅσα
814 913 924 949 γλώσσῃ
946 912 984 948 τῷ
1000 904 1020 932 Β

206 959 320 995 Ἃαρὼν,
339 959 419 990 αὐτὸς
432 958 460 984 δὲ
475 959 507 985 τὰ
525 959 593 994 πρὸς
608 958 673 985 θεὸν
687 959 785 994 ἐκείνῳ
797 959 952 994 γινόμενος·
971 959 985 984 ὁ

200 1004 228 1030 δὲ
242 1004 301 1039 μετ’
315 1005 416 1030 ζεκεῖνον
439 1004 486 1039 μὲν
507 1003 597 1035 εὐθὺς,
617 1003 684 1031 πολὺ
709 1003 738 1030 δὲ
759 1004 812 1041 πρὸ
828 1004 881 1030 τῶν
899 1004 985 1030 ἄλλων

199 1049 264 1084 ἀξίᾳ.
278 1058 307 1075 τε
322 1049 367 1076 καὶ
380 1051 413 1084 τῇ
427 1049 493 1084 πρὸς
500 1048 564 1075 Θεὸν
575 1048 712 1084 ἐγγύτητι.
727 1049 887 1085 ’Λμιρότεροι
900 1049 985 1084 βασα-

200 1095 318 1128 νίζοντες
330 1095 476 1130 Αἴγυπτον,
497 1095 632 1122 θάλασσαν
645 1095 798 1130 τέμνοντες,
811 1095 857 1122 τὸν
878 1096 986 1132 Ἰσραὴλ

199 1141 377 1175 διεξάγοντες,
390 1141 452 1172 τοὺς
465 1140 577 1176 ἐχθροὺς
590 1140 774 1174 βαπτίζοντες,
788 1139 870 1175 ἄρτον
882 1140 985 1167 ἄνωθεν

201 1187 334 1218 ἕλκοντες,
345 1186 417 1221 ὕδωρ
432 1186 544 1213 ἄπιστον
557 1187 585 1212 ὲν
599 1186 705 1222 ἐρήμῳ,
716 1185 747 1212 τὸ
761 1186 810 1220 μὲν
824 1185 983 1220 ἐκδιδόντες,

201 1233 231 1260 τὸ
243 1233 271 1260 δὲ
286 1232 472 1267 γλυκαίνοντες
483 1241 489 1247 ·
510 1231 659 1267 ἀμφότεροι
672 1231 922 1266 καταποὶιεμοῦντες
941 1232 984 1267 81)

201 1279 246 1305 τὸν
264 1278 386 1314 Ἀμαλὴκ
400 1277 508 1304 ἐκτάσει
523 1277 621 1313 χειρῶν
634 1277 710 1313 ἁγίᾳ,
731 1279 778 1304 καὶ
791 1277 869 1313 τύπῳ
885 1287 986 1314 μυστη-

202 1325 260 1360 ρίου
278 1324 397 1360 μείζονος
407 1333 414 1339 ·
427 1324 576 1360 ἀμφότεροι
594 1324 661 1359 πρὸς
676 1324 724 1360 τὴν
737 1324 788 1359 γῆν
804 1324 852 1359 τῆς
869 1325 987 1359 ἐπαγγε-

201 1370 270 1402 λίας,
285 1371 331 1397 καὶ
345 1370 503 1405 ὁδηγοῦντες
520 1370 568 1397 καὶ
582 1370 752 1401 σπεύδοντες.
774 1370 819 1404 Μή
836 1378 862 1395 τι
885 1378 985 1406 γνωρι-

204 1417 323 1453 μώτερον
334 1416 388 1452 (82)
405 1415 454 1451 τῆς
476 1415 594 1448 εἰκόνος;
611 1416 648 1442 Οὐ
666 1415 756 1450 σαφῶς
773 1416 837 1450 ὑμῖν
852 1415 898 1442 τὸν
912 1415 985 1451 ὁμώ-

202 1472 284 1498 νυμον
299 1463 354 1497 (85)
370 1461 431 1497 ἐμοὶ⁸
445 1462 492 1488 καὶ
506 1461 641 1497 ὁμόψυχον
655 1461 710 1497 (84)
725 1463 738 1488 ὁ
753 1462 897 1498 ζωγράφος
908 1461 986 1497 λόγος

202 1507 393 1534 ἁνετυπώσατο
401 1515 408 1521 ·

237 1640 274 1666 I‘.
286 1639 394 1666 Τούτων
408 1641 422 1666 ὁ
438 1639 487 1675 μὲν
503 1639 610 1676 ἔχρισεν
625 1640 708 1676 ἡμᾶς,
719 1641 766 1668 καὶ
781 1641 987 1677 κρυπτομένους

203 1688 242 1719 είς
257 1687 336 1722 μέσον
350 1687 451 1723 ἢγαγεν
461 1696 469 1702 '
486 1687 536 1713 οὐκ
549 1685 596 1713 οἶδ’
610 1687 623 1713 ὃ
638 1696 664 1714 τι
679 1687 782 1720 παθὼν,
798 1687 814 1723 ἢ
837 1687 894 1719 πῶς
908 1697 987 1723 κινη-

203 1733 260 1766 θεὶς
279 1733 396 1770 ἀναξίως
416 1733 462 1759 τοῦ
483 1733 511 1759 ὲν
535 1733 609 1769 αὐτῷ
633 1734 800 1769 πνεύματος·
824 1734 941 1770 καὶγὰρ
964 1735 987 1761 εί

202 1779 368 1815 τραχύτερος
388 1781 402 1806 ὁ
423 1779 511 1813 λόγος,
535 1779 609 1814 ὅμως
629 1779 684 1815 (85)
712 1780 868 1815 εἰρήσεται·
899 1780 987 1807 πάντα

203 1825 354 1859 οἴσει-φιλία
368 1825 414 1851 κα)¹
429 1824 570 1860 πάσχουσα
586 1826 631 1850 καὶ
643 1824 788 1851 ἀκούουσα.
810 1825 838 1851 '0
854 1824 882 1851 δὲ
897 1834 988 1860 παρα-

203 1871 324 1897 καλέσων
352 1871 424 1905 ἥκει,
452 1871 499 1897 καὶ
524 1869 709 1905 συμϐιϐάσων,
736 1871 783 1897 καὶ
807 1870 988 1907 προσημερώ-

205 1926 257 1943 σων
274 1917 328 1952 (86)
345 1917 383 1953 τῷ
397 1916 545 1952 Πνεύματι.
560 1916 639 1951 Μέγα
652 1917 712 1951 μὲν,
728 1917 769 1943 ὅτι
786 1918 832 1943 καὶ
845 1917 902 1948 νῦν,
926 1918 988 1953 ἐμοί

205 1963 272 1998 (πῶς
286 1964 314 1990 δὲ
334 1964 364 1990 οὺ
389 1964 533 1999 μέγιστον;
553 1963 582 1994 ὅς
597 1971 629 1997 γε
653 1963 755 1995 παντὸς
773 1964 845 1998 ὑμᾶς
870 1964 916 1990 τοῦ
929 1964 987 1999 βίον

204 2009 425 2045 προεστησάμην)
439 2017 446 2024 ·
467 2008 606 2044 μέμφομαι
622 2008 660 2037 δὲ,
678 2009 721 2035 ὅτι
735 2009 784 2044 τῆς
802 2009 897 2045 χρείας
911 2009 989 2037 ὓστε-

205 2064 250 2090 ρος
263 2054 329 2090 (87).
356 2054 419 2085 Πῶς
436 2053 505 2089 μετὰ
525 2053 573 2089 τὴν
593 2051 678 2089 ἧτταν
707 2053 757 2080 καὶ
779 2054 953 2090 καταδρομὴν
970 2056 987 2090 ἡ

204 2101 356 2136 συμμαχία,
373 2098 396 2127 ὦ
411 2100 494 2135 φίλων
507 2099 600 2135 ἄριστε
615 2100 661 2126 καὶ
676 2099 843 2134 συμμάχων;
858 2101 905 2126 καὶ
919 2102 988 2136 μετὰ

203 2147 251 2183 τὴν
265 2147 346 2183 ζάλην
361 2148 375 2173 ὁ
389 2147 567 2182 κυϐερνήτης,
582 2146 629 2173 καὶ
641 2145 710 2182 μετὰ
720 2146 770 2181 τὴν
781 2146 862 2182 οὐλὴν
874 2147 904 2173 τὸ
918 2147 988 2184 φάρ-

206 2201 308 2228 μακον;
327 2193 443 2228 Πότερον
458 2192 495 2224 ὡς
510 2191 667 2226 φιλάδελςρος
680 2192 816 2228 ᾐσχύνθης
830 2192 879 2229 τὴν
893 2202 989 2229 τυραν-

1036 278 1105 304 lnmc
1121 278 1207 304 virum
1225 277 1312 305 oratio
1329 278 1469 311 depinxit?
1486 277 1526 305 An
1540 279 1617 306 nobis
1636 280 1725 314 potius
1738 282 1819 307 sedu-

1035 323 1074 349 los
1087 330 1118 349 ac
1133 322 1274 358 diligentes
1288 323 1406 358 pictores
1429 324 1527 350 imitari
1546 326 1670 352 comenit
1681 347 1689 359 ,
1704 328 1816 362 saepius-

1034 375 1085 402 que
1102 368 1207 396 colores
1223 369 1361 401 inducere,
1375 377 1429 404 quo
1446 369 1635 404 perfectiorem
1657 372 1732 399 vobis
1756 380 1817 400 ser-

1037 415 1123 441 monis
1145 415 1277 448 picturam
1292 414 1326 441 ob
1341 414 1433 441 oculos
1449 416 1598 449 ponamus?
1623 416 1656 443 Et
1679 425 1743 444 vero
1760 418 1818 445 cla-

1034 459 1091 485 rius
1107 459 1285 492 exactiusque
1299 459 1376 485 vobis
1392 459 1528 486 hominem
1543 460 1738 488 describemus.
1752 462 1818 496 Quis

1034 503 1218 536 legislatorum
1239 503 1455 530 illustrissimus?
1479 504 1594 539 Moyses.
1613 505 1679 538 Quis
1691 508 1818 534 sacerdo-

1036 554 1092 575 tum
1128 549 1333 576 sanetissinms?
1361 549 1450 576 Aaron
1470 559 1477 577 :
1497 558 1550 577 non
1588 550 1677 577 minus
1708 552 1817 586 pietate,

1034 603 1113 628 quant
1129 595 1286 628 corporibus
1312 595 1427 626 fratres;
1457 595 1498 622 vel
1515 596 1616 630 potius,
1641 596 1687 624 ille
1708 597 1816 632 quidem

1034 640 1182 667 Pharaonis
1210 640 1279 667 Deus
1308 640 1341 673 ",
1376 645 1403 668 et
1430 641 1613 668 lsraelitnrum
1649 643 1761 670 antistes
1791 647 1819 669 et

1034 686 1182 721 legislator,
1209 690 1235 713 et
1263 686 1362 714 nubem
1405 687 1577 721 ingrediens,
1611 692 1639 714 et
1665 689 1817 716 divinorum

1035 733 1227 767 mysteriorum
1248 737 1383 766 speetator
1407 738 1434 759 et
1457 733 1565 767 pnnsul,
1590 737 1617 760 et
1650 734 1816 762 tabernaculi

1035 778 1107 804 illius
1122 778 1178 804 veri
1195 777 1351 811 l‘abriCntor,
1370 777 1441 812 quod
1461 785 1475 805 a
1493 778 1557 811 Deo,
1582 786 1635 805 non
1653 779 1688 806 ab
1707 779 1817 807 homine

1035 827 1219 850 constructum
1234 829 1275 850 est
1288 824 1311 839 ⁷⁰
1329 832 1336 850 :
1351 824 1430 850 ambo
1451 829 1541 850 autent
1559 832 1635 859 teque
1651 825 1816 854 sacerdotes.

1036 867 1123 896 Moses
1147 869 1230 901 enim,
1258 870 1295 895 ait
1312 869 1365 901 ille,
1392 874 1419 897 et
1447 870 1548 902 Aaron,
1568 870 1639 897 inter
1665 870 1820 898 sacerdotes

1035 915 1136 947 eius”.
1155 915 1199 942 Ille
1213 915 1365 949 principum
1384 915 1519 950 princeps,
1536 919 1563 942 et
1585 917 1756 944 sacerdotum
1772 925 1817 944 sa-

1036 960 1141 993 cerdos,
1155 960 1262 988 Aarone
1277 969 1325 995 pro
1343 961 1432 996 lingua
1454 966 1543 994 utens,
1569 962 1674 996 ipsique
1694 963 1816 991 vicissim

1036 1005 1062 1045 in
1077 1006 1110 1033 iis
1123 1006 1204 1033 rebus
1219 1014 1330 1040 operam
1346 1013 1457 1036 navans.
1475 1015 1534 1041 quae
1548 1009 1581 1034 ad
1599 1009 1682 1034 Deum
1696 1009 1816 1043 pertine-

1035 1051 1100 1078 bant
1117 1051 1139 1067 "
1154 1061 1160 1078 :
1175 1052 1217 1078 hic
1234 1052 1269 1078 illi
1282 1052 1373 1078 statim
1386 1053 1531 1085 secundus,
1547 1053 1614 1080 alios
1628 1059 1718 1081 autem
1732 1053 1818 1089 digni-

1037 1101 1090 1123 tate
1113 1101 1140 1124 et
1165 1097 1366 1132 propinquitate
1382 1097 1416 1124 ad
1443 1098 1526 1125 Deum
1545 1098 1623 1133 longe
1646 1100 1819 1128 antecedens.

1035 1142 1122 1168 Ambo
1135 1141 1281 1178 Egyptum
1298 1148 1437 1176 vexantes,
1456 1151 1530 1171 mare
1547 1144 1712 1178 sciudentes,
1733 1145 1821 1172 Israe-

1036 1186 1087 1213 lem
1101 1187 1277 1221 trajicientes,
1288 1187 1378 1215 hostes
1389 1188 1586 1223 demergentes,
1598 1197 1693 1224 panem
1705 1197 1821 1224 superne

1037 1231 1186 1264 trahentes,
1211 1239 1307 1266 aquam
1334 1232 1472 1259 hominum
1500 1232 1578 1260 Iidem
1604 1240 1774 1268 superantem
1794 1235 1820 1261 in

1036 1276 1144 1305 deserto
1163 1278 1260 1312 partim
1286 1278 1494 1313 profundentes,
1522 1279 1619 1314 partim
1644 1280 1819 1307 edulcantes:

1037 1323 1115 1350 ambo
1134 1331 1182 1358 per
1196 1329 1318 1351 sanctam
1336 1332 1464 1351 manuum
1481 1325 1668 1352 extensionem
1686 1325 1719 1357 ⁷³,
1736 1326 1821 1352 subli-

1037 1370 1185 1404 tniorisque
1198 1369 1318 1405 mysterii
1344 1369 1467 1404 ﬁguram,
1481 1370 1645 1396 Amalecitas
1663 1370 1818 1404 opprimen-

1037 1420 1078 1443 tes
1094 1424 1101 1442 :
1120 1416 1200 1442 ambo
1213 1416 1246 1443 ad
1260 1416 1419 1452 promissam
1437 1421 1535 1443 terram
1550 1416 1633 1444 duces
1646 1417 1696 1443 viae
1709 1423 1738 1443 se
1750 1424 1822 1449 prae.-

1036 1462 1143 1493 bentes,
1159 1469 1191 1488 ac
1207 1466 1395 1496 properantes.
1412 1462 1515 1497 Ecquid
1533 1463 1582 1489 hac
1599 1463 1715 1497 imagine
1731 1463 1821 1491 notius

1037 1508 1215 1541 apertiusque
1229 1507 1343 1542 cogitari
1357 1508 1458 1542 potest?
1467 1506 1561 1535 Nonne
1573 1508 1713 1542 perspicue
1723 1516 1822 1542 cogno-

1001 1571 1022 1600 ο
1041 1554 1139 1581 minem
1171 1560 1258 1580 meum
1285 1553 1397 1588 parique
1424 1554 1515 1581 animo
1540 1554 1692 1588 praeditum,
1721 1554 1819 1588 pictrix

1039 1598 1126 1625 oratio
1144 1597 1265 1625 rﬂinxit?

1074 1642 1118 1670 Ill.
1142 1642 1244 1670 Horum
1270 1642 1338 1669 alter
1356 1649 1406 1670 nos
1437 1641 1522 1674 unxit,
1547 1649 1579 1669 ac
1604 1641 1717 1670 latentes
1742 1643 1823 1679 2&3

1040 1689 1065 1716 in
1090 1689 1207 1716 medium
1231 1688 1472 1723 produxit:quod,
1492 1688 1555 1723 quid
1581 1688 1605 1715 ei
1630 1689 1769 1720 acciderit,
1793 1695 1823 1716 ut

1040 1734 1151 1765 faceret,
1166 1738 1212 1760 aut
1223 1734 1286 1768 quid
1303 1741 1363 1760 eum
1380 1733 1412 1760 ad
1428 1733 1498 1760 hanc
1513 1740 1567 1760 rem
1589 1734 1734 1768 impulerit,
1750 1734 1822 1761 haud

1039 1780 1096 1807 scio
1108 1799 1116 1812 ,
1131 1785 1214 1812 certe,
1233 1787 1287 1806 non
1307 1783 1335 1805 ut
1349 1779 1458 1814 dignum
1475 1785 1535 1806 erat
1549 1786 1581 1806 eo
1598 1779 1704 1814 spiritu,
1729 1780 1774 1814 qui
1796 1781 1822 1807 in

1040 1826 1098 1861 ipso
1113 1831 1175 1859 est;
1190 1825 1276 1852 dicam
1289 1825 1373 1856 enim,
1384 1825 1436 1852 etsi
1453 1825 1574 1860 asperior
1597 1825 1640 1852 hic
1658 1831 1748 1852 sermo
1766 1826 1822 1858 sit;

1039 1871 1130 1899 omnia
1146 1871 1214 1899 feret
1225 1871 1356 1903 amicitia,
1379 1875 1433 1898 tum
1450 1871 1616 1906 perpetiens,
1631 1875 1685 1898 tum
1698 1871 1821 1898 audiens.

1038 1917 1114 1944 Alter
1139 1917 1206 1944 hanc
1231 1923 1338 1943 causam
1368 1916 1421 1944 huc
1443 1915 1567 1943 veniendi
1594 1916 1700 1949 habuit,
1728 1921 1757 1943 ut
1774 1924 1823 1943 nos

1039 1961 1205 1993 consoletur,
1221 1968 1254 1988 ac
1268 1960 1420 1992 conﬁrmet,
1438 1959 1594 1994 Spirituque
1616 1959 1820 1988 mansuefaciat.

1040 2007 1124 2041 Quem
1142 2007 1250 2041 quidem
1272 2006 1324 2033 etsi
1347 2013 1417 2033 nunc
1435 2013 1543 2040 quoque
1567 2005 1694 2037 venisse,
1713 2004 1822 2040 plurhni

1039 2053 1108 2080 duco
1131 2053 1198 2084 (nec
1219 2052 1328 2084 mirum,
1342 2059 1402 2079 ctnn
1417 2059 1464 2078 vos
1477 2052 1539 2078 vitae
1552 2057 1619 2078 mea!
1628 2050 1700 2077 omni
1715 2057 1823 2084 semper

1039 2098 1252 2135 proposuerim):
1263 2098 1313 2133 hoc
1325 2102 1413 2124 tamen
1430 2097 1572 2124 molestum
1588 2101 1640 2128 est,
1652 2095 1724 2130 quod
1737 2095 1823 2122 serius

1039 2153 1119 2181 quam
1150 2153 1193 2172 res
1216 2143 1377 2179 postularet,
1410 2142 1566 2171 accesserit.
1591 2141 1712 2175 Quanam
1741 2142 1821 2168 modo

1039 2195 1099 2225 post
1117 2190 1220 2217 cladem
1235 2193 1263 2216 et
1282 2189 1407 2216 hostilem
1429 2188 1556 2222 impetum
1569 2206 1577 2219 ,
1593 2187 1733 2221 suppetim,
1752 2187 1817 2213 ami-

203 2239 261 2266 νίδα
271 2239 376 2272 ;Ἢ,καὶ
384 2238 464 2269 αὐτὸς
472 2238 508 2270 ὡς
517 2238 647 2273 δυνάστης
657 2237 837 2273 ἐδυσχέρανας
845 2238 894 2274 τὴν
909 2240 961 2266 ἀπε
966 2249 986 2266 ι-

1041 2244 1134 2264 eorum
1155 2240 1184 2263 et
1211 2234 1423 2262 commilitonum
1448 2232 1823 2268 praestantissime?Quonam

204 2285 292 2317 θείαν;
309 2284 418 2320 Ποτέρῳ
440 2283 494 2310 τῶν
514 2283 635 2318 ἀδελφῶν
653 2284 789 2318 ἐγκαλεῖς,
804 2285 851 2311 καὶ
873 2285 987 2321 πότερον

203 2331 293 2366 ἀψιεὶς
304 2329 359 2365 (88)
375 2330 423 2364 τῆς
437 2329 582 2364 μέμψεως
599 2329 752 2365 Φθέγξομαί
767 2338 793 2356 τι
805 2329 860 2365 (89)
876 2331 944 2366 πρὸς
958 2331 987 2358 σὲ

1043 2283 1122 2309 modo
1136 2285 1194 2316 post
1210 2283 1408 2313 tempestatem,
1431 2278 1607 2313 gubernator,
1629 2281 1689 2311 post
1711 2277 1822 2304 cicatri-

1041 2335 1111 2358 cem.
1125 2325 1274 2354 medicina?
1289 2325 1383 2352 Utrum
1400 2329 1436 2354 te.
1453 2329 1481 2351 ut
1495 2324 1590 2351 fratris
1605 2329 1739 2351 amantem
1749 2343 1757 2357 ,
1783 2323 1824 2350 vis

240 2392 264 2408 "
280 2393 363 2422 Exod.
382 2403 431 2426 vn,
449 2395 474 2422 Ι.
509 2395 532 2410 ⁷⁸
549 2394 628 2422 Hebr.
646 2402 705 2426 vm,
728 2395 754 2422 2.
793 2394 817 2410 "
839 2393 909 2422 Psal.
928 2403 1022 2426 xcvnr,
1039 2394 1066 2421 6.
1078 2394 1101 2409 "
1116 2391 1201 2420 Exod.
1215 2397 1251 2422 tv,
1268 2388 1310 2417 16.
1332 2389 1355 2405 ⁷³
1369 2388 1454 2416 Exod.
1468 2395 1534 2420 xvn,
1552 2388 1594 2414 l2.

239 2464 295 2500 (75)
315 2464 455 2499 Μετρίως.
476 2473 485 2490 ι
504 2461 684 2500 Mediocriter,
700 2461 817 2497 parcius.
840 2471 849 2487 ι

238 2498 296 2534 (76)
320 2498 414 2534 ⁷Υμῖν.
437 2500 502 2534 Iieg.
524 2498 670 2534 bmlﬂp'iv.

310 2531 490 2574 [ρὶὲψυμενῖ
499 2533 555 2574 Diuo
570 2531 652 2574 uegg.
672 2531 832 2574 γράψωμεν.

253 2569 296 2601 78)
313 2567 496 2603 Προὸντᾶτης.
510 2568 556 2596 0r.
571 2567 601 2603 2.
615 2567 802 2603 παραστάτης,

253 2570 296 2601 78)
313 2570 496 2603 Προστάτης.
510 2570 556 2596 Ον.
571 2570 598 2595 2.
615 2570 802 2602 παραστάτης.

240 2570 297 2643 ί79)
328 2606 477 2643 Ἐπόπιῖης
500 2611 532 2630 τε
555 2601 604 2629 καὶ
625 2601 832 2643 μᾳοντατωγός.
862 2599 984 2630 Combel'.

207 2649 217 2666 ε
236 2640 422 2675 Mysteriorum
435 2641 571 2675 inspector
583 2643 611 2663 et
624 2640 754 2664 initiator.
775 2647 784 2661 1

243 2671 299 2710 (80)
321 2675 369 2701 Ἐν
381 2674 452 2708 τοῖς,
473 2671 519 2702 Sic
534 2674 616 2707 Κείς.
629 2677 744 2707 quatuor
760 2676 786 2699 et
801 2671 876 2700 Pass.
896 2671 925 2698 1n
942 2671 985 2698 ed.

204 2710 266 2738 Par.
289 2710 365 2736 deest
382 2710 420 2737 ὲν.

240 2744 296 2780 (8i)
318 2743 612 2779 Καταπολεμοῦντες.
632 2750 642 2767 ι
665 2741 875 2777 Expugnantes,
895 2740 987 2768 debel-

204 2780 304 2848 Ιῃῐίὲξ).
318 2789 553 2848 ὶνωριμώτερον.
572 2812 648 2848 Pass.
665 2811 737 2848 addit
752 2811 827 2848 ὑμῖν.

206 2886 212 2892 ⁸
320 2845 562 2884 Τὸνᾝῂώνύμον.
586 2846 743 2881 Gregorium
768 2845 916 2881 l‘tyssenum
943 2845 988 2872 hic

206 2886 365 2956 ""85";th
380 2920 545 2954 ὁμόψυχον.
558 2917 640 2946 Coisl.
655 2915 682 2950 2,
695 2915 837 2950 ὁμόζυγον,
853 2924 862 2941 ι
878 2920 904 2942 et
917 2915 988 2942 hunc

1035 2460 1127 2499 animo
1142 2458 1207 2499 mihi
1224 2458 1488 2499 conjunctis-simum;
1511 2458 1680 2499 unanimum.
1696 2468 1705 2484 ι
1724 2457 1819 2499 Credi:

1035 2495 1125 2535 tlerinr
1144 2494 1194 2533 hac
1211 2500 1275 2533 v_0re
1297 2493 1442 2535 signiﬁcari
1468 2493 1596 2534 Basilium
1618 2501 1744 2528 magnum
1760 2512 1767 2522 .
1789 2492 1825 2518 ob

1036 2530 1174 2564 Superiora
1187 2529 1264 2555 istius
1279 2537 1306 2555 ιι.
1322 2529 1414 2562 verba,
1432 2537 1441 2554 ι
1455 2536 1508 2555 nou
1523 2529 1612 2555 minus
1625 2531 1724 2563 pietate
1739 2535 1819 2562 quam

1039 2564 1196 2597 corporibus
1210 2563 1315 2590 fratres.
1334 2572 1343 2588 ι

1070 2598 1128 2667 (85)
1147 2598 1254 2631 Ὅμως.
1279 2597 1398 2625 Combef.
1417 2597 1492 2633 legit,
1513 2597 1570 2624 ἀλλ’
1583 2597 1669 2632 ὅμως.

1082 2633 1139 2675 86)Δ
1155 2632 1215 2675 Καὶ.
1227 2633 1488 2675 γπριξᾳημερώσων.
1503 2632 1574 2675 ,βίαι
1587 2632 1754 2675 restituinmuts
1767 2639 1824 2675 rau-

1036 2665 1166 2707 etoritate‘
1183 2665 1262 2707 trium
1285 2665 1379 2707 lli-ggf
1391 2668 1482 2707 codd.,
1503 2666 1634 2707 ‘Coilelut
1645 2672 1673 2693 et
1685 2667 1713 2699 2,
1734 2665 1779 2694 0r.
1795 2667 1823 2698 ’2,

1036 2703 1090 2732 Jes.
1106 2707 1134 2730 ct
1148 2701 1208 2728 Par.
1222 2701 1354 2736 Agnoscit
1367 2707 1393 2729 et
1410 2704 1490 2729 vertit
1503 2702 1560 2736 ipse
1576 2701 1680 2729 Billius.

1037 2772 1049 2782 ⁸
1072 2737 1127 2773 (87)
1151 2735 1301 2771 Ὕστερος.
1325 2737 1408 2772 ltegg.
1434 2738 1461 2769 d,
1486 2735 1532 2772 pli.
1554 2741 1580 2763 et
1605 2737 1724 2772 quinque
1744 2735 1823 2764 Colb.

1037 2780 1268 2843 υσῖἕὶςῗνίὶφιείς.
1286 2806 1354 2833 Tres
1368 2806 1454 2841 Rt-gg.
1469 2806 1567 2867 ἀφίηὲ,

1071 2844 1126 2867 ι89ὶ
1146 2842 1311 2867 Φθὲνέοιιαί
1331 2851 1367 2867 τι.
1398 2843 1433 2867 lla
1451 2849 1505 2867 tres
1552 2841 1603 2867 eeii

1071 2840 1126 2876 (89)
1146 2842 1311 2876 euersam!
1331 2851 1367 2869 τι.
1398 2840 1437 2867 lui
1451 2849 1505 2868 tres
1527 2840 1615 2875 Regii,
1631 2841 1721 2877 plures
1733 2840 1822 2874 Colb..

1035 2877 1116 2906 Coisl.
1133 2883 1244 2912 uterque
1257 2884 1284 2905 et
1298 2877 1344 2905 Or.
1361 2879 1384 2904 ι’..
1402 2878 1479 2905 Deest
1493 2885 1519 2904 τι
1535 2877 1560 2904 in
1576 2878 1620 2905 ed.
