2069 3131
237 170 289 197 839
841 169 869 196 S.
890 167 1055 196 GREGOllll
1076 167 1238 197 TllEOLOG
1815 167 1867 195 840

238 226 402 260 libidinosis,
419 226 476 254 lucc
490 226 623 254 castitatis
637 231 664 253 et
678 227 862 260 temperantia:
878 227 1020 259 studiosis;

1082 226 1152 262 ιγμκῖιν
1167 226 1224 262 (15)
1249 226 1274 252 οἱ
1295 226 1448 261 μάρτυρες·
1472 224 1544 252 οὕτω
1562 233 1615 260 γαρ
1636 225 1722 251 είπεῖν
1751 224 1870 260 μετριιίμ

239 273 285 300 illa
310 272 388 300 carni
410 272 542 303 addictis.
564 273 621 300 htcc
642 273 677 300 iis
696 273 742 307 qui
766 273 888 308 corporis
910 273 1025 301 vinculis
1077 281 1167 307 τερον.

241 320 393 348 solvuntur.
414 319 528 352 Deinde,
542 320 622 354 gestit
641 320 749 354 quidem
773 320 879 347 animtts
898 320 1030 348 audacius
1049 320 1149 354 aliquid
1163 321 1296 355 proferre,
1326 320 1372 347 sed
1384 321 1435 348 diei
1451 320 1531 354 hujus
1545 319 1695 346 reverentia
1726 319 1866 351 cohibeor,

239 374 275 394 ne
292 366 355 402 quid
382 365 473 392 infesti
491 370 573 400 atque
592 366 681 400 asperi
706 366 806 394 dicant.
827 366 972 400 Gtt-terum,
999 371 1030 393 ut
1049 367 1140 393 tnitius
1154 367 1261 401 loquar,
1278 367 1484 401 haudquaquam
1519 366 1576 393 bzec
1592 373 1607 392 a
1626 365 1702 392 nobis
1735 370 1868 401 martyris

240 416 401 448 exposcunt.

276 457 320 485 Vl.
334 456 434 484 Demus
451 457 532 491 igitur
543 465 665 492 operam,
681 457 791 491 fratres,
812 465 847 486 ne
865 464 958 486 sancta
977 459 1027 486 int-

240 511 318 539 pure.
336 507 364 530 et
390 503 515 531 sublimia
535 503 664 535 demisse,
677 509 704 531 et
729 503 831 532 honore
845 505 924 540 digna
943 506 1027 540 turpi.

242 552 346 580 tenet,
370 553 399 575 ut
422 556 476 575 uno
496 549 578 576 verbo
603 549 780 582 complectar,
795 549 945 583 spiritualia
971 555 1026 577 ter-

240 602 305 622 rene
319 594 498 622 celebremus.
514 594 609 621 Festos
624 595 733 628 quidem
751 595 810 622 dies
823 593 930 623 Jttdreus
944 597 1026 623 etiam

241 641 334 676 agitat,
350 649 443 668 verum
462 641 610 668 secundum
627 641 763 673 litteram;
779 641 862 668 festos
885 642 943 669 dies
963 642 1026 669 item

240 687 360 722 gentilis.
381 695 474 714 verum
493 692 520 714 ut
549 687 716 713 dtemonibus
748 687 846 720 placet.
875 688 910 714 At
939 689 1025 720 nobis,

241 733 468 767 quemadmodum
482 732 633 768 spiritualia
647 733 736 759 omnia
750 738 822 765 sunt,
833 734 914 766 actio,
927 739 1024 768 motus,

240 781 379 812 voluntas,
397 787 499 812 sermo,
513 780 636 806 incessus
660 779 778 813 denique
794 785 822 806 et
841 779 934 811 vestis,
947 785 1027 815 atque

240 825 309 852 adeo
322 826 380 860 ipse
394 825 534 852 oculorum
550 830 642 856 nutus,
653 825 758 851 ratione
770 825 875 852 scilicet
887 827 920 852 ad
936 827 1026 852 omnia

241 872 419 906 pertingeute,
448 875 529 905 atque
550 871 686 898 hominem
702 889 709 901 ,
726 877 787 897 eum
810 871 855 905 qui
880 872 1027 898 secunduut

241 919 324 945 Deum
351 923 402 949 est,
421 922 602 952 componente
627 925 660 943 ac
683 917 861 949 moderante;
882 916 922 944 sic
946 918 1028 944 etiam

241 962 392 998 spiritualis
404 967 446 990 est
466 963 596 990 festorum
617 961 841 989 celebrandorum
862 963 1030 989 animorum-

241 1015 293 1043 que
309 1009 532 1036 oblectandorum
545 1008 624 1035 ratio.
645 1007 703 1034 Non
731 1008 803 1034 enim
822 1007 904 1035 animi
924 1008 1029 1035 relaxa—

242 1056 343 1082 tionem
361 1055 532 1082 interdictam
550 1055 626 1087 volo,
645 1054 691 1081 sed
706 1054 883 1088 petulantiam
905 1062 1028 1082 coerceo.

242 1101 271 1128 Si
288 1109 337 1128 nos
350 1101 383 1128 ad
406 1101 478 1128 hunc
507 1100 615 1127 modum
632 1100 838 1132 conveniamus,
856 1108 888 1127 ac
905 1099 973 1127 festa
985 1108 1030 1128 ce-

244 1147 397 1178 lebremus,
414 1153 539 1181 magnum
565 1145 672 1180 quidem
694 1145 776 1172 fuerit
805 1145 941 1173 afﬁrmare
954 1166 962 1176 .
980 1153 1029 1173 nos

241 1193 335 1220 Cadent
354 1192 463 1226 praemia
477 1196 504 1219 et
524 1191 645 1225 ejusdem
660 1190 752 1226 gloria:
766 1191 950 1218 hzeredilatem
970 1199 1031 1226 per-

241 1243 368 1272 cepturos
384 1247 391 1266 :
407 1246 467 1273 qua:
491 1238 564 1266 enim
591 1244 642 1265 nec
665 1236 760 1264 oculus
779 1237 862 1269 vidit,
878 1244 930 1264 nec
955 1237 1030 1264 auris

241 1285 355 1317 audivit,
373 1292 422 1312 nec
438 1285 571 1311 humanus
593 1283 746 1310 intellectus
762 1290 810 1318 pro
837 1286 971 1317 potestate
991 1287 1031 1309 at-

243 1337 295 1364 que
320 1330 433 1357 arbitrio
450 1329 532 1366 246
555 1329 749 1366 beatitudinem
775 1327 897 1363 ﬁngens,
913 1335 1030 1363 unquam

243 1375 400 1403 informavit
413 1375 455 1408 ⁸⁸,
476 1377 532 1402 haec
551 1382 597 1401 eos
609 1394 618 1407 ,
631 1374 677 1409 qui
696 1381 745 1408 per
770 1381 895 1401 cruorem
923 1373 1030 1408 purgati

243 1422 355 1455 fuerint,
371 1422 527 1456 Christique
541 1421 706 1448 sacrificium
725 1420 776 1447 sibi
793 1420 952 1447 imitandum
969 1427 1032 1454 pro-

246 1468 398 1500 posuerint,
413 1475 522 1494 ntancre
534 1467 688 1500 iudicamus
705 1475 710 1492 :
731 1471 758 1492 at
773 1466 839 1492 illud
860 1472 933 1492 certe
954 1466 1032 1493 nobis

245 1512 401 1546 continget,
422 1515 451 1537 ut
486 1516 643 1538 sanctorum
679 1515 828 1544 martyrum
856 1511 1030 1544 splendorem

1116 460 1161 493 (τ’.
1192 458 1238 494 Μὴ
1269 458 1358 485 τοίνυν
1383 458 1506 492 ἀνάγνως
1530 457 1662 493 τελῶμεν,
1690 458 1809 493 ἀδελφοὶ,
1833 457 1868 484 τά

1081 505 1157 539 ἆγια,
1175 505 1241 540 μηδὲ
1257 504 1290 531 τὰ
1305 504 1394 540 ὑψηλὰ
1413 505 1557 536 ταπεινῶς,
1575 504 1636 540 μηδ’
1655 504 1760 539 ἀτίμως
1776 505 1809 530 τὰ
1825 504 1868 531 τί-

1082 560 1140 586 μια,
1157 550 1233 586 μηδὲ,
1252 550 1395 577 συνελόντα
1418 552 1514 581 εἰπεῖν,
1530 551 1630 586 χοῖκῶς
1656 551 1690 577 τὰ
1712 551 1758 577 τοῦ
1783 551 1866 577 πνεύ-

1081 606 1175 632 ματος.
1202 596 1383 632 Πανηγυρίζει
1406 597 1453 622 καὶ
1485 597 1619 628 Ἰουδαῖος,
1646 597 1714 624 ἀλλά
1739 597 1810 623 κατά
1837 597 1868 624 τὸ

1080 643 1212 678 γράμμα’
1230 643 1352 678 ἑορτάζει
1375 643 1422 669 καὶ
1439 643 1548 678 Ἕλλην,
1566 643 1624 669 ἀλλ’
1637 643 1675 675 ὡς
1687 643 1799 678 ἀρέσκει
1812 645 1869 675 τοῖς

1079 688 1214 723 δαίμοσιν.
1239 688 1319 722 Ἡμῖν
1336 687 1375 719 δὲ,
1395 687 1433 718 ὡς
1450 687 1538 713 πάντα
1552 687 1735 721 πνευματικὰ,
1758 686 1866 722 πρᾶξις,

1080 735 1194 768 κίνημα,
1220 732 1354 768 βούλημα,
1372 732 1460 766 λόγος,
1483 731 1546 767 ἄχρι
1567 732 1613 758 καὶ
1637 731 1800 766 βαδίσματος
1821 731 1869 758 καὶ

1081 779 1237 814 ἐνδύματος,
1257 779 1322 813 ἄχρι
1338 778 1385 804 καὶ
1402 778 1544 812 νεύματος,
1558 778 1598 809 εἰς
1616 778 1703 804 πάντα
1727 777 1774 803 τοῦ
1790 777 1867 811 λόγου

1082 825 1228 860 φθάνοντος
1240 825 1286 852 καὶ
1299 823 1478 859 ρυθμίζοντος
1489 823 1534 849 τὸν
1549 823 1618 849 κατά
1633 823 1699 849 Θεὸν
1715 823 1867 858 ἄνθρωπον·

1080 871 1152 898 οὕτω
1165 871 1213 898 καὶ
1226 870 1281 905 (16)
1297 870 1328 896 τὸ
1343 868 1548 905 πανηγυρίζειν,
1563 869 1651 896 καὶτὸ
1666 869 1867 904 φαιδρύνεσθαι.

1081 919 1118 944 Οὐ
1131 917 1184 952 γὰρ
1206 916 1301 943 κωλύω
1324 915 1373 951 τὴν
1393 916 1494 947 ἄνεσιν,
1512 914 1579 942 ὀλλά
1599 914 1705 946 κολάζω
1731 914 1779 950 τὴν
1801 915 1869 950 ἁμε-

1080 963 1159 999 τρίαν
1168 963 1234 997 (l7).
1245 963 1293 988 “Av
1301 961 1372 988 οὕτω
1382 960 1527 996 ουνιῶμεν,
1539 961 1585 988 καὶ
1595 960 1666 986 οὕτω
1678 959 1870 995 πανηγυρίζω-

1083 1017 1142 1044 μεν,
1162 1009 1232 1044 μέγα
1255 1008 1315 1043 μὲν,
1333 1008 1372 1034 ὅτι
1394 1007 1442 1034 καὶ
1463 1007 1540 1034 αὐτοὶ
1553 1006 1701 1042 τευξόμεθα
1714 1006 1767 1033 τῶν
1780 1007 1870 1033 αὐτῶν

1082 1054 1180 1085 ἄθλων,
1196 1055 1294 1084 εἰπεῖν,
1319 1054 1365 1081 καὶ
1383 1053 1434 1088 τῆς
1459 1054 1542 1088 αὐτῆς
1564 1052 1643 1088 δόξης
1667 1053 1870 1088 κληρονομήσο-

1083 1109 1147 1136 μεν·
1162 1100 1180 1127 ει
1192 1100 1245 1136 γὰρ
1256 1100 1319 1126 οὔτε
1331 1099 1386 1135 (l8)
1400 1099 1537 1135 ὀφθαλμὸς
1553 1097 1632 1131 εἶδεν,
1647 1099 1708 1126 οὔτε
1727 1097 1774 1131 οὖς
1788 1100 1870 1135 ἡκου-

1083 1156 1138 1179 trav,
1155 1146 1217 1174 οὔτε
1240 1146 1409 1183 ἀνθρώπινός
1428 1155 1494 1172 ποτε
1506 1146 1562 1181 (19)
1579 1146 1641 1178 νοῦς
1666 1146 1869 1178 ἀνετυπώσατο,

1082 1195 1141 1220 κατ’
1159 1192 1282 1226 ἐξουσίαν
1300 1193 1424 1220 πλάττων
1441 1193 1640 1228 μακαριότητα,
1656 1191 1744 1219 ταῦτα
1759 1191 1870 1228 νομίζο-

1083 1248 1132 1275 μεν
1150 1239 1206 1274 (20)
1223 1238 1385 1267 ἀποκεῖσθαι
1401 1240 1457 1271 τοῖς
1474 1239 1676 1274 καθηραμένοις
1692 1238 1725 1265 δι’
1742 1239 1868 1274 αἵματος,

1082 1285 1130 1312 καὶ
1143 1284 1193 1321 τὴν
1207 1284 1325 1321 Χριστοῦ
1341 1285 1437 1312 θυσίαν
1452 1285 1654 1321 μιμησαμένοις
1665 1293 1672 1300 '
1689 1284 1758 1311 ἀλλά
1773 1285 1823 1320 τήν
1838 1293 1870 1318 τε

1082 1331 1262 1367 λαμπρότητα
1284 1330 1338 1357 τῶν
1365 1331 1450 1365 ἁγίων
1479 1330 1624 1366 μαρτύρων
1650 1330 1782 1366 ὀψόμεθα,
1810 1331 1870 1357 οὐδὲ

1082 1377 1137 1413 γὰρ
1152 1377 1231 1403 τοῦτο
1247 1376 1355 1412 μικρὸν,
1371 1377 1408 1408 ὡς
1424 1378 1438 1403 ὁ
1459 1377 1524 1412 ἐμὸς
1539 1377 1627 1411 λόγος,
1645 1377 1692 1404 καὶ
1708 1377 1748 1409 είς
1761 1376 1810 1413 τὴν
1821 1386 1871 1412 χα-

1085 1423 1134 1458 ρὰν
1152 1423 1198 1449 τοῦ
1213 1423 1295 1449 αὑτοῦ
1313 1422 1414 1458 Κυρίου
1435 1422 1656 1458 εῑσελευσόμεθα,
1671 1423 1717 1450 καὶ
1739 1423 1779 1458 τῷ
1799 1424 1870 1458 φωτὶ

1082 1469 1131 1504 τῆς
1147 1469 1284 1504 μακαρίας
1301 1469 1347 1495 καὶ
1362 1469 1478 1504 ἀρχικῆς
1491 1469 1548 1503 (τι)
1565 1469 1689 1503 Τριάδος,
1708 1466 1737 1495 εὖ
1756 1467 1814 1501 οἷδ’,
1829 1470 1870 1496 ὅτι

1083 1514 1329 1550 ἐλλαμφοησόμεθα
1350 1515 1511 1550 τρανότερόν
1525 1523 1554 1541 τε
1571 1514 1626 1550 (22)
1644 1516 1692 1542 καὶ
1714 1515 1872 1551 καθαρώτε-

245 1563 398 1589 cernamus,
410 1555 480 1590 quod
495 1555 603 1590 quidem
614 1576 621 1587 ,
639 1563 698 1581 utea
717 1554 853 1582 sententia
866 1575 874 1585 ,
888 1555 946 1582 leve
962 1563 1028 1582 ceu-

1082 1569 1138 1596 ρον,
1155 1561 1194 1592 εἰς
1215 1561 1249 1596 ῆν
1266 1560 1499 1595 πεπιστεύκαμεν,
1519 1561 1566 1588 καὶ
1621 1561 1788 1596 λατρεὺομεν
1801 1561 1869 1596 (9.3),

245 1601 300 1628 seri
316 1608 368 1627 non
382 1601 471 1632 debet,
492 1606 574 1634 atque
593 1600 618 1626 in
641 1599 761 1634 ejusdem
778 1599 883 1626 Domini
904 1601 1031 1635 gaudium

246 1647 388 1679 intremus,
405 1647 558 1681 clariusque
579 1651 606 1673 et
629 1646 724 1681 purius
746 1645 832 1673 beatae
852 1653 884 1674 ac
901 1647 1032 1682 principis

245 1692 388 1719 Trinitatis
397 1692 499 1718 lumine
512 1691 713 1724 collustremur,
725 1691 751 1717 in
765 1698 844 1726 quam
855 1692 1030 1726 credidimus,

245 1747 326 1774 quant
343 1738 468 1770 colimus,
483 1743 511 1765 et
522 1745 614 1766 coram
632 1737 687 1764 Deo
700 1742 782 1773 atque
799 1738 954 1767 hominibus
965 1747 1032 1767 con-

246 1794 364 1824 lilemur,
379 1793 444 1820 nihil
461 1794 597 1825 timentes,
617 1794 752 1821 nentinem
773 1799 908 1827 verentes,
923 1803 974 1822 non
989 1803 1035 1823 ex-

246 1845 338 1867 ternos
352 1840 454 1869 hostes.
471 1847 524 1866 nott
539 1847 596 1871 eos,
610 1840 656 1874 qui
682 1840 752 1867 inter
777 1849 826 1868 nos
845 1846 938 1876 agunt,
953 1843 1036 1870 falsos

245 1885 428 1918 Christianos,
437 1886 578 1919 sanctique
585 1885 703 1920 Spiritus
715 1887 817 1914 hostes.
827 1887 915 1922 Atque
932 1888 1034 1915 utinam

246 1931 279 1958 ad
293 1937 444 1958 extremum
466 1939 552 1966 usque
567 1932 628 1959 vita:
654 1933 779 1967 spiritum
804 1941 864 1967 cum
890 1941 986 1968 magna
1001 1933 1034 1960 li-

245 1977 350 2005 bertate
367 1978 543 2005 confiteatnur
559 1978 719 2013 praeclarum
731 1978 796 2005 illttd
810 1984 965 2006 sanctorum
980 1980 1032 2006 Pa-

1085 1606 1132 1633 xal.
1145 1607 1178 1642 ἢν
1194 1606 1377 1641 ὁμολογοῦμεν
1394 1606 1547 1642 ἔμπροσθεν
1566 1606 1634 1633 Θεοῦ
1649 1607 1696 1634 καὶ
1708 1606 1870 1643 ἀνθρώπων,

1087 1652 1168 1687 μηδὲν
1182 1652 1340 1685 δεδοικότες,
1362 1652 1444 1688 μηδὲν
1457 1653 1513 1687 (24)
1535 1653 1734 1689 αἰσχυνόμενοι,
1751 1654 1789 1690 μὴ
1808 1655 1872 1686 τοὺς

1085 1699 1183 1732 ἔξωθεν
1202 1699 1325 1735 ἐχθροὺς,
1343 1700 1379 1736 μὴ
1397 1700 1453 1734 (25)
1477 1700 1542 1732 τοὺς
1567 1701 1597 1726 ἐν
1613 1701 1678 1737 ἡμῖν
1698 1701 1790 1732 αὺτοῖς
1806 1701 1872 1735 ψευ-

1084 1746 1239 1783 δοχρίστους
1258 1747 1305 1773 καὶ
1318 1746 1463 1782 πολεμίους
1484 1745 1531 1773 τοῦ
1552 1746 1720 1782 Πνεὺματος.
1740 1747 1796 1774 Καὶ
1806 1749 1872 1782 ὀμο-

1085 1792 1175 1828 λογοίη
1180 1801 1229 1827 μεν
1245 1792 1325 1827 μέχρι
1342 1792 1391 1827 τῆς
1401 1791 1519 1827 ἐσχάτης
1530 1791 1586 1827 (:26)
1599 1792 1737 1827 ἀναπνοῆς
1747 1792 1777 1818 ἐν
1788 1793 1871 1828 πολλῇ

1085 1838 1226 1874 παρρησίᾳ
1241 1838 1290 1874 τὴν
1305 1838 1391 1874 καλὴν
1407 1838 1641 1873 παρακαταθήκην
1653 1838 1708 1864 τῶν
1721 1838 1806 1872 ἀγίων
1816 1839 1872 1865 [ια-

1083 1885 1180 1920 τέρων,
1194 1884 1248 1910 τῶν
1261 1884 1400 1919 ἐγγυτέρω
1414 1883 1544 1919 Χριστοῦ,
1560 1883 1606 1910 καὶ
1618 1883 1668 1918 τῆς
1690 1883 1802 1920 πρώτης
1826 1884 1871 1910 πί-

1084 1940 1178 1962 στεως,
1193 1931 1242 1966 τὴν
1258 1930 1406 1966 σύντροφον
1420 1931 1486 1966 ἡμῖν
1501 1931 1532 1957 ὲκ
1553 1930 1656 1958 παίδων
1670 1931 1824 1966 ὁμολογίαν,
1837 1931 1871 1966 ἣν

1086 1977 1196 2013 πρώτην
1213 1976 1268 2012 (9.7)
1285 1976 1475 2012 ἐφθεγξάμεθα
1488 1995 1495 2008 ,
1520 1977 1567 2003 καὶ⁸
1634 1977 1786 2004 τελευταῖον
1807 1985 1871 2004 συν-

247 2027 330 2055 truin,
347 2023 392 2058 qui
413 2023 536 2057 Christo,
552 2025 729 2059 naseentique
744 2025 805 2052 iidei
827 2026 1029 2060 propinquiores

1086 2024 1260 2060 απέλθοιμεν,
1273 2023 1362 2055 τοῦτο,
1376 2024 1401 2050 εί
1418 2023 1455 2059 μή
1469 2031 1494 2049 τι
1510 2023 1584 2056 ἄλλο,
1601 2024 1723 2051 ἐντεῦθεν
1734 2024 1870 2060 ἀποφερό-

245 2069 422 2102 exstiterunt,
448 2070 611 2103 depositum,
629 2070 828 2098 confessionem
852 2071 924 2098 illam
951 2079 1029 2107 quam

1088 2079 1173 2106 μενοι.
1190 2071 1239 2106 τὴν
1253 2070 1282 2096 εὑ
1287 2069 1404 2097 σέεειαν.

247 2113 328 2140 simul
354 2122 415 2141 cum
442 2114 511 2142 lacte
527 2115 693 2149 imbibimus,
719 2124 799 2151 quant
821 2118 934 2152 primam
968 2118 1098 2152 prolocuti
1124 2125 1228 2149 sumus,
1260 2122 1288 2144 et
1310 2124 1370 2143 eum
1388 2124 1442 2151 qua
1460 2117 1562 2144 utinam
1591 2120 1726 2151 postremo
1759 2123 1793 2144 ex
1820 2117 1870 2144 hac

248 2161 302 2186 vita
323 2161 479 2196 migremus,
495 2162 518 2190 si
540 2163 606 2190 nihil
631 2163 715 2196 aliud,
731 2163 795 2190 hinc
816 2168 891 2191 certe
907 2164 1035 2198 pietatem
1055 2164 1193 2191 nobiscnnt
1214 2163 1367 2192 efferentes.

285 2205 338 2234 VII.
357 2207 426 2234 Deus
445 2213 534 2235 autem
559 2211 643 2243 pacis,
655 2209 700 2244 qui
725 2217 774 2236 nos
793 2209 844 2236 sibi
861 2217 908 2244 per
926 2217 1029 2237 crucem

1122 2209 1159 2237 Z'.
1180 2209 1210 2236 '0
1229 2209 1258 2236 δὲ
1281 2209 1347 2241 Θεὸς
1367 2209 1417 2244 τῆς
1436 2210 1558 2245 εἰρήνης,
1577 2210 1591 2236 ὁ
1607 2208 1778 2240 meamea;
1797 2209 1871 2244 ἡμᾶς

247 2252 547 2286 reconciliavit",eunt
573 2256 648 2288 prius
665 2263 713 2288 per
738 2261 877 2290 peccatum
902 2255 996 2283 hostes
1007 2256 1029 2282 ei

1085 2256 1173 2291 ἑαυτῷ
1186 2256 1230 2282 διὰ
1244 2255 1291 2281 τοῦ
1309 2255 1437 2291 σταυροῦ,
1453 2255 1497 2281 διὰ
1514 2255 1563 2290 τῆς
1585 2254 1721 2290 ἁμαρτίας
1745 2254 1870 2289 πολεμω-

249 2297 312 2325 facti
328 2305 467 2332 essemus;
482 2301 527 2334 qui
545 2300 662 2328 faustum
683 2302 758 2335 pacis
773 2302 907 2333 nuntium,
921 2306 975 2327 tum
991 2302 1029 2328 his

1085 2301 1195 2333 θέντας·
1214 2302 1228 2327 ὁ
1246 2300 1490 2335 εὖαγγελισάμενος
1509 2300 1619 2335 εἰρήνην
1638 2301 1694 2332 τοῖς
1710 2300 1802 2334 ἐγγὺς,
1821 2299 1869 2325 καὶ

248 2343 293 2378 qui
308 2351 390 2378 prope
406 2350 494 2378 erant,
514 2351 568 2373 tum
597 2347 639 2374 his
651 2346 697 2382 qui
717 2347 796 2382 longe
805 2347 838 2380 ⁸⁸,
853 2347 904 2374 hoc
916 2352 957 2374 est
976 2352 1029 2374 tum

1084 2349 1140 2379 τοῖς
1158 2347 1276 2383 μακρὰν,
1295 2348 1350 2378 τοῖς
1365 2355 1394 2373 τε
1410 2347 1461 2373 ὑπὸ
1474 2346 1555 2382 νόμον
1570 2346 1616 2373 καὶ
1631 2347 1687 2377 τοῖς
1702 2345 1754 2378 ἔξω
1768 2345 1849 2380 νόμου
1860 2352 1868 2360 ο

285 2441 309 2457 ⁵⁸
324 2442 376 2469 Isa.
393 2450 465 2476 thv,
482 2444 609 2478 4;lt‘or.
639 2453 670 2478 .t,
690 2444 717 2472 9.
755 2445 777 2460 “
798 2444 818 2471 ll
836 2443 899 2471 Cor.
914 2452 940 2477 ν,
956 2444 999 2473 l8.
1037 2445 1061 2460 “
1074 2444 1173 2480 Ephes.
1190 2452 1220 2476 tt,
1240 2445 1283 2471 l7.

285 2531 340 2575 (b5).
363 2533 436 2573 [ἔρρ’
456 2533 556 2575 fuitin}.
574 2534 620 2561 Sic
641 2540 695 2562 tres
713 2535 798 2571 Regg.
819 2535 847 2563 ln
862 2535 1032 2570 quibusdam,

250 2567 418 2604 nap‘pptb‘t,
438 2577 448 2593 ι
467 2567 481 2594 a
498 2569 582 2595 vultis.
601 2579 608 2594 t
755 2567 784 2571 "
870 2567 878 2570 “

1087 2567 1148 2597 nnis
1162 2567 1218 2597 litee
1233 2567 1347 2604 r‘epuéua
1366 2567 1443 2599 es.~e.'
1454 2579 1463 2595 t
1478 2573 1530 2596 etc.

287 2601 355 2636 (ιθγ
373 2602 454 2629 Οὕτω
468 2604 529 2630 καί.
546 2603 628 2631 Cuisl.
647 2605 670 2636 Ι,
684 2605 780 2637 Οὕτως
796 2605 885 2633 ἔνθεον
900 2605 970 2633 ἔστω
986 2605 1033 2632 καὶ
1125 2605 1180 2638 (21)
1212 2601 1366 2638 Μακαρέας
1393 2604 1443 2631 καὶ
1474 2603 1600 2639 ἀρχικῆς
1633 2603 1765 2638 Τριάδος.
1792 2602 1864 2630 Pass.

249 2636 280 2673 τὺ
304 2638 497 2673 πανηγυρίζειν
516 2647 523 2653 ·
539 2648 547 2664 ι
574 2640 620 2666 Sic
640 2640 721 2668 etiam
744 2636 834 2668 divina
852 2647 880 2668 et
895 2649 972 2668 sacra
998 2646 1029 2668 sit

1085 2636 1175 2671 addit,—
1183 2639 1230 2666 καὶ
1245 2636 1334 2673 ἁγίας.

251 2672 378 2710 festorum
397 2672 620 2710 celebrandorum
645 2676 723 2702 ratio.
740 2684 749 2701 ι
767 2676 891 2703 Concinit
905 2675 1029 2707 Hicetas.

1118 2674 1174 2710 (‘22)
1196 2672 1376 2710 Tpaftjtepdr
1388 2683 1428 2701 τε.
1443 2675 1490 2702 Or.
1504 2675 1530 2707 Ξ,
1548 2673 1727 2710 τρανώτερον.

250 2707 320 2748 οὕτω
335 2707 382 2734 καὶ
395 2709 424 2734 ὲν
435 2711 492 2740 ταῖς
508 2709 614 2744 ἑορταῖς
632 2709 702 2737 ἔστω
717 2710 873 2748 φαιδρότης,
900 2721 910 2737 ι
926 2711 986 2738 talis
997 2711 1029 2738 sit

250 2747 277 2769 et
293 2750 318 2768 Ill
335 2743 410 2770 festis
426 2744 528 2770 hetitia.
547 2754 556 2770 ι

1118 2707 1175 2746 (25)
1192 2707 1248 2736 Καὶ
1270 2707 1290 2745 ᾖ
1313 2707 1508 2745 λατρεύομε).
1528 2707 1590 2738 Huic
1615 2707 1712 2737 desunt
1738 2710 1764 2737 in
1783 2708 1867 2744 lit-g3.

1083 2752 1109 2770 a.
1125 2753 1149 2770 ι’.

250 2747 277 2769 et
293 2745 318 2768 in
335 2745 410 2770 festis
426 2745 528 2771 hetitia.
547 2754 556 2770 ι
783 2745 789 2748 ⁷
842 2745 847 2748 ’
1083 2752 1109 2771 a.
1125 2753 1149 2771 r.

271 2765 277 2817 ί
291 2765 535 2817 (ἶῖῖτλξιὲξῇἶᾶἶ.
547 2765 572 2805 ἰ
588 2780 640 2808 Sed
653 2788 712 2808 eam
721 2800 728 2814 ,
742 2789 802 2816 qua:
822 2781 930 2809 modum
950 2788 1024 2809 exce-

1083 2765 1109 2777 ’Ἷ
1194 2779 1304 2817 Μηδέν.
1321 2779 1388 2817 Tres
1404 2780 1485 2817 [ἷξες.
1497 2785 1525 2808 et
1540 2787 1601 2808 octo
1612 2781 1687 2809 Colb.
1705 2779 1816 2817 μηδένα.

250 2810 307 2850 dit._
316 2810 492 2850 reprehendo.
512 2824 521 2840 ι
721 2810 727 2814 ’
750 2810 760 2816 ⁸

1119 2810 1175 2850 (~25)
1195 2810 1252 2846 Μή.
1271 2815 1335 2850 tteg.
1353 2816 1377 2845 tl,
1396 2810 1473 2850 μηεέῖ

285 2846 341 2884 ((8)
368 2847 451 2873 Οὔτε.
469 2849 532 2884 [{eg.
549 2851 594 2884 ph,
609 2851 677 2878 οὔτ’.

287 2882 341 2917 (19)
365 2885 445 2909 ﬂore.
468 2882 584 2912 Deest-iu
600 2887 645 2913 Ur.
665 2886 690 2914 2.

1123 2535 1180 2571 (‘20)
1199 2534 1370 2569 Νομίζομεν.
1391 2534 1456 2570 Reg.
1486 2535 1531 2568 plt,
1552 2533 1716 2570 νομίζωμεν.
1740 2542 1750 2559 t
1767 2533 1870 2561 Creda-

1121 2849 1177 2887 (29)
1199 2849 1358 2887 ἶῌσχάτης,
1376 2851 1454 2876 Addit
1472 2850 1527 2887 les.
1547 2851 1635 2887 ἡμῶν.

1121 2885 1176 2920 (i7)
1196 2886 1326 2919 Πρώτην.
1345 2886 1419 2912 l'ass.
1433 2885 1551 2921 πρῶτον.
