2069 3131
232 173 281 202 8M
797 165 924 195 ORATIO
940 165 999 194 XII.
1017 181 1053 187 —
1071 166 1118 194 AD
1136 164 1287 193 PATREM.

1808 167 1859 194 8ίῖ

233 231 247 256 ὁ
260 230 310 264 τῆς
326 227 434 264 ἀγάπης
449 227 549 264 πατὴρ,
567 227 584 262 ὴ
605 226 713 260 ἀγάπη’
734 225 819 251 ταῦτα
835 225 889 260 γὰρ
905 224 958 260 πρὸ
969 223 1022 250 τῶν

1077 224 1108 251 iis
1120 223 1164 258 qui
1175 223 1225 258 legi
1240 222 1366 258 subjecti,
1379 225 1435 249 tum
1450 221 1510 254 illis,
1523 222 1568 257 qui
1585 230 1599 249 a
1613 222 1672 258 lege
1681 223 1761 251 alieni
1772 229 1858 256 erant,

233 275 321 303 ἄλλων
344 274 434 310 χαίρει
457 273 633 309 καλούμενος,
657 272 700 298 ἵνα
723 270 890 307 νομοθετήσῃ
903 269 958 305 (28)
974 269 1020 296 καὶ

233 323 290 353 τοῖς
311 320 423 356 ὀνόμασι
449 319 479 346 τὸ
503 318 673 354 φιλάδελφον,
691 318 705 344 ὁ
724 317 773 353 τὴν
796 316 892 352 καινὴν
912 315 1021 350 ἐντολὴν

234 367 296 399 δοὺς
309 368 339 394 ὲν
354 366 392 402 τῷ
405 365 528 392 τοσοῦτον
541 366 650 400 ἀγαπᾷν
664 363 804 399 ἀλλήλους,
820 363 882 390 ὅσον
896 362 942 388 καὶ
954 362 1022 396 ἠγα-

235 412 361 448 πήμεθα·
380 412 394 438 ὁ
417 411 479 443 δοὺς
504 412 550 438 καὶ
571 411 712 446 τυραννεῖν
734 408 834 440 καλῶς,
859 408 906 434 καὶ
923 414 1023 442 τυραν-

235 459 338 487 νεῖσθαι
352 459 396 486 διὰ
410 459 456 485 τὸν
470 458 561 492 φόϐον,
577 457 624 484 καὶ
640 456 800 484 ἀναδύεσθαι
814 456 862 482 σὺν
877 453 1021 490 λόγῳβθ),

234 507 282 534 καὶ
296 506 406 542 θαρρεῖν
429 505 508 532 πάλιν
527 504 570 530 διὰ
593 504 639 530 τὸν
662 503 756 538 λόγον·
771 503 785 529 ὁ
801 502 848 528 καὶ
869 501 902 528 τὰ
919 499 1023 536 μεγάλα

237 553 347 587 ποίμνια
369 551 552 587 καταρτίζων,
574 549 670 576 καὶτὰ
693 547 778 584 μικρὰ
802 546 959 583 μεγαλύνων
980 545 1023 572 διὰ

236 599 286 633 τῆς
296 598 416 634 χάριτος,
431 597 523 628 αὐτὸς,
535 596 605 623 κατὰ
620 595 650 622 τὸ
665 594 764 630 πλῆθος
778 595 827 629 τῆς
838 591 936 620 ἑαυτοῦ
954 600 1023 627 χρη-

237 644 373 679 στότητος,
385 644 458 679 ἡμᾶς
474 643 523 678 μὲν
536 641 723 677 παρακαλέσαι
738 639 909 676 παρακλήσει
927 638 1023 673 πολλῇ,

237 692 284 718 καὶ
307 691 346 722 εἰς
369 690 403 716 τὰ
424 689 578 725 ἔμπροσθεν
587 688 644 724 (50)
668 688 730 722 ἄγοι
748 685 955 722 συμποιμαίνων
977 684 1024 710 καὶ

235 735 375 767 διασώζων
390 735 420 761 τὸ
433 734 557 770 ποίμνιον
567 742 574 748 ·
591 734 661 769 ὑμᾶς
677 733 705 760 δὲ
721 731 911 767 καταρτίσειεν
921 731 961 762 εἰς
970 729 1024 756 πᾶν

238 782 317 818 ἔργον
335 781 444 815 ἀγαθὸν,
467 781 514 807 καὶ
533 779 723 815 πνευματικῶς
747 775 944 813 πανηγυρίζειν
969 776 1025 806 τοῖς

239 827 356 863 μάρτυσι
370 827 483 859 πείσειε,
506 826 552 852 καὶ
567 826 617 861 τῆς
637 825 741 851 ἐκεῖθεν
764 823 869 860 τρυφῆς
892 820 1026 854 καταξιώ-

238 881 318 905 σειεν,
337 871 399 898 ἔνθα
413 872 469 907 (51)
492 871 599 898 πάντων
613 870 834 906 εὐφραινομένων
848 869 864 904 ή
888 867 1024 898 κατοικία,

1074 269 1165 297 attulit
1181 277 1189 297 :
1210 269 1272 302 ille,
1289 269 1398 304 inquam
1409 288 1415 300 ,
1431 269 1574 296 charitatis
1598 277 1714 304 parcns,
1732 269 1786 297 imo
1803 269 1860 304 ipsa

1075 315 1194 343 charitas
1211 315 1253 348 ⁸⁷;
1267 315 1308 343 his
1322 315 1392 343 enim
1409 315 1533 343 onmibus
1550 315 1685 350 praecipue
1698 315 1859 347 delectatur,

1075 367 1161 396 utper
1175 362 1231 396 ipsa
1244 369 1352 396 quoque
1371 361 1498 389 vocabula
1513 366 1635 388 mutuum
1648 369 1768 389 amorem
1783 361 1860 396 quasi

1075 407 1129 434 lata
1144 408 1200 443 lege
1223 408 1390 443 prnmulget,
1403 408 1448 443 qui
1471 415 1568 436 novum
1593 408 1750 435 mandatum
1768 407 1860 439 dedit,

1076 457 1106 480 ut
1123 457 1225 480 tantum
1244 461 1292 481 nos
1314 454 1387 487 ipsos
1409 458 1502 481 mutuo
1517 453 1661 489 diligamus
1677 453 1710 485 ³⁸,
1728 460 1807 488 quam
1819 452 1862 479 di-

1076 499 1137 526 lecti
1154 507 1261 533 sumus;
1279 499 1325 534 qui
1343 499 1418 527 dedit
1435 504 1463 527 et
1482 504 1556 527 recte
1575 491 1656 534 atque
1679 499 1791 526 honeste
1806 499 1861 525 vim

1077 545 1184 578 aﬁerre,
1198 550 1225 573 et
1240 551 1314 573 recte
1331 545 1394 573 item
1410 550 1520 580 propter
1533 551 1633 572 metum
1645 545 1793 576 cederc,ac
1807 544 1862 570 vim

1077 591 1190 626 perpeti,
1206 596 1234 618 et
1259 599 1319 618 cum
1339 592 1443 618 ratione
1467 591 1587 618 cunctari
1601 611 1608 623 ,
1628 599 1660 618 ac
1682 591 1822 625 refugere,
1836 594 1864 616 et

1077 645 1172 664 rursus
1186 645 1246 664 cum
1263 638 1368 664 ratione
1384 637 1509 665 ﬁduciam
1531 636 1693 672 concipere;
1707 637 1752 671 qui
1765 640 1791 662 et
1806 643 1864 661 ma-

1077 689 1144 717 gnos
1161 688 1256 717 greges
1277 682 1392 717 perﬁcit,
1417 687 1444 709 et
1461 689 1559 715 parvos
1573 689 1622 716 per
1639 681 1754 716 gratiam
1771 684 1863 714 auget,

1079 728 1135 762 ipse
1152 728 1258 761 quidem
1271 735 1320 762 pro
1331 728 1496 762 amplissima
1513 735 1562 756 sua
1575 727 1741 762 benignitate
1755 726 1864 760 cepiose

1078 781 1122 800 me
1136 773 1304 806 consoletur,
1319 778 1398 808 atque
1415 774 1543 801 interiora
1564 773 1651 806 ducat,
1679 780 1787 808 gregem
1804 778 1862 798 me-

1078 825 1138 844 cum
1155 825 1270 852 pascens
1283 825 1366 852 atque
1380 826 1561 846 conservans:
1574 826 1621 857 νος
1633 823 1722 845 autent
1737 817 1771 844 ιιιὶ
1785 822 1865 844 omne

1079 863 1178 891 bonum
1194 871 1261 898 opus
1288 865 1411 899 perﬁciat
1429 865 1470 898 ⁸³,
1487 864 1613 900 vobisque
1631 865 1658 892 in
1682 864 1802 891 animum
1820 862 1864 890 in-

238 919 285 946 καὶ
300 919 430 953 ὀφθέντας
445 919 473 944 ὲν
489 917 646 954 δικαιοσύνῃ
661 917 710 952 τῆς
733 915 829 943 ἑαυτοῦ
849 915 927 949 δόξης
946 913 1023 950 κορέ-

1078 909 1169 942 ducat,
1181 915 1210 936 ut
1224 915 1373 946 martyrum
1385 910 1452 938 festa
1469 911 1600 946 spirituali
1618 911 1697 937 modo
1709 909 1863 940 celebretis,

240 973 322 997 σειεν,
340 964 504 1000 ἐποφθεὶσης
520 965 549 991 ὲν
564 963 674 999 Χριστῷ
700 962 787 998 Ἰησοῦ
803 962 858 997 (52)
873 961 912 996 τῷ
930 959 1025 996 Κυρίῳ

238 1011 328 1046 ἡμῶν,
339 1008 360 1044 ᾧ
372 1012 389 1046 ὴ
403 1010 465 1042 δόξα
478 1010 525 1037 καὶ
540 1009 570 1036 τὸ
584 1010 695 1046 κράτος,
706 1010 722 1044 ἡ
735 1009 801 1044 τιμὴ
813 1008 861 1035 καὶ
874 1007 890 1042 ἡ
904 1005 1026 1042 προσκύ-

238 1065 316 1090 νησις
331 1058 371 1087 εἰς
385 1058 446 1088 τοὺς
460 1055 561 1088 αἰῶνας
576 1056 628 1082 τῶν
644 1055 759 1083 αἰώνων.
789 1054 885 1090 Ἀμήν.

1078 955 1287 990 ccelestibusque
1315 956 1367 984 illis
1395 957 1515 989 deliciis,
1540 957 1567 983 in
1595 957 1694 991 quibus
1715 954 1864 982 laztantium

1078 1002 1197 1028 omnium
1216 1002 1347 1030 habitatio
1362 1003 1441 1035 est",
1457 1010 1502 1030 vos
1516 1003 1596 1029 donet
1610 1022 1617 1034 ,
1630 1007 1656 1030 et
1675 1009 1737 1029 cum
1760 1001 1865 1036 justitoia

1079 1052 1239 1082 apparentes
1257 1047 1340 1083 gloria
1358 1056 1406 1076 sua
1424 1049 1546 1079 saliet".
1570 1056 1629 1084 qua:
1644 1047 1752 1082 quidem
1775 1046 1865 1074 cerni-

239 1108 284 1131 tur
301 1104 326 1131 in
344 1103 451 1131 Christo
473 1102 536 1130 Jesu
558 1102 671 1130 Domino
694 1106 804 1134 nostro,
821 1100 865 1128 cui
888 1098 984 1130 gloria,
996 1100 1023 1124 et
1042 1095 1171 1131 potentia,
1197 1100 1223 1121 et
1239 1094 1333 1127 honor,
1345 1101 1372 1122 et
1403 1096 1523 1122 aduratio
1538 1095 1564 1122 in
1579 1094 1677 1123 sarcula
1690 1093 1861 1122 smculorum.

240 1151 336 1179 Amen.

276 1221 298 1238 ⁵⁷
315 1220 323 1247 I
339 1227 417 1248 .oan.
434 1228 471 1253 tv,
487 1219 529 1247 l6.
567 1220 590 1236 ⁸³
603 1218 681 1246 Joan.
700 1226 762 1250 xm,
782 1217 826 1244 δι.
866 1217 888 1232 ⁸³
900 1215 1015 1252 Philipp.

1077 1220 1090 1246 ἱ.
1129 1219 1152 1236 ’⁵
1166 1218 1236 1247 I’sal.
1253 1227 1361 1252 Lxxxw,
1375 1220 1400 1246 7.
1438 1220 1458 1235 "
1474 1219 1544 1246 I‘sal.
1557 1227 1611 1251 χιι,
1626 1220 1669 1247 l5.

260 1277 332 1319 ‘(28)
350 1276 555 1319 Noyodsrﬁcn.
573 1285 582 1302 ‹
598 1275 634 1303 Ut
649 1275 810 1307 fraternam,
826 1278 946 1301 mutuam
961 1275 1026 1302 cha-

245 1317 351 1339 ritatem
368 1317 482 1340 sanciat.
502 1321 511 1338 )

279 1347 333 1382 (29)
357 1347 415 1374 Σὺν
426 1347 515 1381 λόγῳ.
535 1346 600 1379 Reg.
622 1346 667 1380 ph,
685 1344 816 1382 auitkéxtp.

279 1377 334 1416 (50)
358 1382 413 1409 Kal
435 1377 538 1415 ειξδτὰ
559 1377 740 1416 ἔμπροσθεν.
765 1377 880 1407 Bittius:
908 1389 917 1406 ι
936 1380 969 1407 ad
998 1387 1023 1406 ea

1078 1380 1189 1416 addunt,
1201 1377 1224 1414 ᾦ

243 1425 303 1453 quae
321 1424 335 1444 a
351 1417 440 1445 fronte
456 1421 566 1453 sunt.)
584 1421 636 1443 etc.

278 1453 334 1488 (δι)
369 1453 472 1480 Ἔνθα.
492 1461 502 1477 ι
517 1451 580 1479 Ubi.
596 1460 605 1476 ι

1114 1274 1170 1310 (52)
1198 1275 1397 1310 Ἐποφθείσης
1418 1275 1453 1302 ἐν
1470 1276 1587 1310 Χριστῷ
1609 1276 1721 1310 Ἰησοῦ.
1748 1276 1812 1309 Qum
1838 1277 1865 1304 in

1077 1309 1158 1337 editis
1169 1309 1326 1344 sequuntur,
1342 1311 1438 1346 desunt
1453 1310 1480 1337 in
1493 1312 1577 1338 tribus
1590 1311 1688 1346 Regg.,
1704 1311 1749 1344 qui
1761 1313 1864 1339 addunt

1079 1349 1182 1382 tantum
1191 1345 1343 1382 ᾈμῄνεξιιι
1357 1345 1438 1382 Coisl.
1453 1346 1483 1377 2,
1498 1351 1603 1382 resecto
1617 1345 1700 1374 etiam
1708 1347 1867 1382 Ἀμήν.ΑΙίὶ

1271 1381 1334 1418 δόξα
1348 1381 1388 1412 εἰς
1401 1381 1463 1413 τοὺς
1476 1381 1588 1413 αῐῶνας.
1609 1382 1706 1417 Ἀμήν,
1725 1381 1796 1410 (cui
1808 1382 1866 1418 glo—

1081 1415 1119 1441 ria
1135 1415 1161 1442 in
1179 1415 1287 1443 sarcula.
1306 1416 1404 1442 Amen.

535 1595 615 1632 ³4⁷
640 1602 928 1649 MONITUM
966 1603 1026 1646 IN
1065 1601 1427 1647 ORATIONEM
1465 1603 1581 1646 XII.

284 1756 308 1787 Ι.
330 1755 591 1794 Inaugurantium
613 1755 761 1795 manibus
787 1755 984 1790 «cervicem,
1012 1762 1075 1795 non
1104 1755 1244 1795 animum
1267 1755 1423 1786 ﬂexerat»
1449 1755 1623 1793 Gregorius
1639 1755 1711 1794 (33).
1739 1755 1864 1795 Itaque.

243 1800 413 1836 postquam
432 1795 600 1836 ordinatus
630 1798 677 1825 est
702 1794 885 1836 episcopus,
908 1794 1180 1833 quemadmodum
1205 1794 1270 1836 jam
1300 1798 1390 1836 antea
1419 1797 1489 1832 post
1513 1794 1660 1836 collatum
1680 1795 1740 1825 sibi
1765 1794 1868 1836 sacer-

243 1833 505 1869 dotii'ordinem,
527 1833 647 1872 fugam,
670 1841 765 1872 quam
785 1834 846 1864 sub
867 1834 936 1872 ipsa
959 1841 1040 1873 pene
1061 1842 1214 1863 manuum
1238 1833 1446 1872 impositione
1468 1833 1691 1870 meditabatur,
1720 1835 1867 1873 arripuit.

243 1877 310 1906 Non
327 1877 450 1905 tantum
475 1873 660 1904 solitudinis
675 1881 774 1908 amor,
800 1881 910 1902 verum
930 1872 1024 1912 etiam
1051 1873 1295 1904 contentionum
1322 1873 1426 1907 timor,
1445 1873 1603 1912 hancipsi
1624 1873 1729 1911 fugam
1754 1874 1868 1904 suasit.

242 1917 311 1946 Jam
337 1914 422 1944 enim
453 1921 602 1951 magnum
628 1916 776 1950 eruperat
802 1911 1076 1951 dissidiuminter
1102 1912 1254 1942 Basilium
1273 1915 1303 1942 et
1321 1912 1526 1948 Anthimum,
1555 1911 1693 1951 Quorum
1715 1913 1794 1943 alter
1807 1913 1870 1943 Cm-

243 1961 352 1989 sarete,
377 1952 457 1984 alter
480 1950 596 1990 Tyanae
624 1956 690 1982 erat
712 1952 857 1982 antistes.
884 1950 1081 1991 Cappadocia
1101 1951 1269 1991 siquidem,
1291 1951 1322 1981 in
1345 1953 1425 1982 duas
1447 1950 1639 1991 provinbias,
1667 1960 1737 1988 seu,
1756 1952 1788 1982 in
1808 1953 1870 1990 pri-

243 2002 326 2024 mam
359 1996 390 2023 et
425 1991 597 2022 Secundam
624 1991 854 2031 Cappadociam
890 1990 1077 2031 nuperrime
1107 1991 1231 2026 divisa,
1254 1990 1373 2031 factum
1405 1990 1475 2027 est,
1505 1995 1540 2022 ut
1565 1991 1598 2022 in
1632 1992 1711 2022 duas
1737 1999 1868 2031 quoque

248 2032 440 2069 metropoles
463 2030 565 2061 divisa
590 2032 630 2061 sit
662 2030 1014 2070 s’piritualisﬂputeslas.
1041 2030 1154 2061 Primaa
1179 2034 1286 2061 autem
1309 2030 1519 2070 Cappadocia)
1545 2035 1676 2068 prmerat
1702 2030 1864 2066 Basilius,

244 2072 392 2102 secundae
415 2079 489 2101 vero
514 2069 701 2100 Aulhimus.
726 2069 809 2100 Hinc
829 2069 1040 2100 dissidiorum
1071 2070 1174 2108 origo.
1201 2081 1216 2097 α
1234 2069 1400 2100 Plurima»
1427 2070 1513 2101 enim
1546 2082 1560 2099 α
1583 2079 1621 2102 ex
1649 2070 1745 2108 priori
1776 2079 1867 2101 novas

245 2109 412 2154 metropoli
436 2107 794 2154 g‘djungebantunwh).
812 2119 827 2136 )›
848 2109 891 2154 De
918 2109 1050 2154 Sasimis
1077 2109 1236 2154 prmcipue
1261 2109 1426 2154 litigabant
1445 2110 1538 2154 ambo
1565 2107 1869 2154 prmsulcszldcireo

244 2160 260 2181 ιι
290 2147 408 2180 Basilio
435 2147 618 2187 Ttieologus
645 2152 754 2188 noster
772 2147 923 2188 creatus,
942 2151 989 2188 est
1016 2147 1214 2188 Sasimorum
1245 2149 1428 2187 episcopus.
1463 2150 1541 2180 Cum
1565 2147 1674 2179 autem
1707 2149 1756 2179 vir
1782 2149 1868 2188 pacis

245 2197 353 2220 amans
380 2189 504 2219 timeret
532 2197 573 2218 ne
595 2196 650 2224 pro
675 2187 847 2218 Sasimensi
869 2187 946 2218 sede
971 2187 1091 2218 bellum
1116 2196 1227 2225 gerere
1264 2188 1437 2224 videretur,
1459 2198 1479 2216 ·‹‹
1495 2189 1640 2219 concitus
1665 2188 1698 2217 in
1727 2187 1866 2218 montem

243 2229 336 2267 fugit,
363 2232 398 2259 ut
420 2228 522 2258 charte
556 2227 743 2268 solitudinis
773 2226 898 2268 deliciis
925 2226 1102 2268 frueretut,
1131 2235 1232 2266 seque
1260 2231 1362 2258 totum
1385 2227 1597 2267 philosophiae
1622 2226 1701 2268 (35),
1722 2239 1736 2255 ι)
1765 2228 1797 2258 id
1823 2232 1870 2258 est

244 2266 394 2299 solitaria;
420 2270 450 2297 et
480 2266 662 2297 monasticae
688 2266 758 2296 vitae
780 2266 1005 2297 exercitationi
1033 2266 1192 2296 «daret.»

285 2308 324 2338 II.
354 2305 474 2338 Verum
500 2305 723 2346 Gregorius”!
740 2305 812 2346 aliis
834 2305 868 2346 i‘n
892 2305 987 2336 rebus
1012 2309 1175 2342 constans,
1188 2314 1208 2346 si
1228 2309 1263 2337 ut
1283 2308 1321 2337 de
1341 2315 1377 2337 se
1396 2306 1467 2345 ipse
1492 2309 1625 2337 testatur
1647 2306 1721 2346 (36),
1749 2318 1765 2336 α
1781 2307 1814 2337 in
1832 2315 1870 2338 eo

245 2350 310 2378 erat
334 2346 478 2385 ignavus,
505 2346 589 2384 quod
621 2345 717 2383 patris
744 2344 822 2375 iram
838 2344 920 2385 ferre
945 2353 1008 2385 non
1026 2349 1175 2385 posset.»
1193 2345 1296 2376 Cessit
1326 2344 1425 2383 igitur
1441 2346 1578 2384 parenti,
1604 2350 1635 2377 et
1651 2344 1725 2377 ’cito
1754 2356 1772 2378 e
1795 2347 1870 2384 fuga

246 2384 359 2417 rediit.’
375 2386 455 2415 Tum
477 2389 562 2423 pater
586 2385 703 2414 iterum
720 2387 817 2423 atque
841 2384 955 2415 iterum
980 2384 1080 2414 ﬁlium
1103 2384 1328 2416 vehementius
1347 2385 1467 2416 hortari
1491 2385 1596 2423 CCBpII,
1623 2389 1656 2415 ut
1675 2385 1869 2417 Sasimensis

245 2424 394 2456 Ecclesiae
421 2424 561 2461 regimen
597 2424 788 2462 susciperet.
821 2423 893 2462 lpse
921 2431 1008 2459 vero,
1038 2427 1221 2455 constanter
1237 2424 1268 2455 in
1299 2424 1462 2463 preposito
1492 2433 1710 2463 perseverans,
1739 2434 1871 2462 prorsus

245 2465 413 2495 recusavit.
445 2464 535 2494 Tunc
563 2462 692 2493 demum
721 2466 820 2500 pater,
846 2466 911 2493 tum
937 2463 1098 2502 precibus,
1126 2467 1190 2493 tum
1209 2462 1319 2499 minis,
1341 2467 1406 2494 tum
1425 2462 1626 2500 auctoritate,
1653 2468 1718 2494 tum
1739 2465 1869 2494 rationi-

246 2503 316 2540 bus,
342 2502 491 2538 obtinuit,
513 2505 548 2533 ut
568 2502 653 2533 ﬁlius
674 2510 738 2542 una
759 2510 867 2532 secum
891 2513 906 2530 α
924 2502 1123 2533 collaborans
1139 2503 1347 2534 Nazianzenaa
1370 2502 1519 2534 Ecclesiae
1542 2512 1650 2534 curam
1675 2507 1811 2542 gereret,
1837 2513 1871 2534 ac

248 2543 334 2573 velut
357 2550 477 2587 magna)
504 2542 627 2587 cuidam
645 2541 782 2587 aquilae,
809 2541 1015 2587 etaltissime
1042 2543 1173 2587 volanti,
1192 2542 1299 2587 pullus
1317 2550 1392 2587 ἰιοῃ
1413 2542 1540 2587 inutilis
1565 2544 1784 2587 e_propinquﬂ
1807 2543 1868 2587 cir-

246 2591 317 2613 cum
341 2581 470 2611 assidue
495 2582 613 2612 volaret
642 2580 726 2621 (37);
745 2592 760 2609 ››
788 2589 823 2621 ea
847 2583 952 2612 tamen
975 2581 1171 2621 conditione,
1192 2580 1234 2621 rut
1251 2590 1291 2612 ne
1315 2581 1438 2621 invitus
1463 2581 1540 2613 huic
1554 2580 1737 2620 alligat-etut"
1758 2583 1871 2613 Eccle-

245 2622 312 2656 siae,
334 2624 376 2655 et,
402 2625 531 2660 parente
555 2620 692 2656 mortuo,
712 2620 910 2660 discedendi,
944 2624 975 2651 et
997 2629 1062 2660 quo
1079 2620 1175 2651 vellet
1191 2620 1326 2651 liberam
1353 2620 1484 2652 haberet
1503 2622 1641 2652 abeundi
1669 2621 1868 2653 facultatem.

285 2660 340 2691 III.
374 2659 439 2690 Hac
460 2660 761 2700 igiturroccasione,
784 2663 816 2690 et
848 2659 908 2690 hoc
936 2660 1192 2700 ipsortempnre,
1219 2663 1358 2691 exeunte
1379 2660 1530 2691 nimirum
1552 2669 1637 2691 anno
1659 2661 1730 2696 372,
1748 2662 1871 2691 duode-

189 2694 202 2706 ⁸
247 2700 359 2730 cimam
386 2694 670 2730 hanc-orationem
695 2699 819 2730 habuit.
849 2701 885 2730 In
913 2694 956 2730 ea'
977 2694 1112 2730 debitas‘
1128 2700 1283 2738 Gregorio
1309 2699 1392 2738 patri
1423 2700 1534 2731 laudes
1561 2700 1686 2737 tribuit,
1712 2694 1781 2738 qui,
1809 2699 1871 2731 etsi

246 2739 361 2778 quovis
385 2739 447 2769 alio
469 2749 484 2766 ι(
503 2738 657 2769 valentior
681 2747 716 2770 ac
733 2738 886 2770 fervidior
915 2739 960 2778 (ιι.
977 2739 1020 2778 3),
1039 2751 1052 2766 n
1078 2739 1255 2778 adjutorem
1282 2743 1385 2770 tamen
1408 2739 1470 2770 sibi
1493 2743 1661 2779 qurereret,
1687 2748 1745 2772 nec
1766 2739 1871 2772 homi-

280 2821 337 2853 (33)
351 2820 442 2848 Carm.
458 2820 485 2853 2,
503 2828 575 2848 vers.
595 2821 658 2848 487.

280 2855 337 2887 (54)
354 2857 400 2883 0r.
419 2863 495 2887 ant,
510 2864 536 2882 ιι.
554 2855 598 2883 58.

281 2891 337 2926 (35)
356 2891 447 2918 Carm.
463 2891 490 2922 ‘2,
507 2898 578 2918 vers.
600 2891 661 2918 490.

407 2938 542 2968 ΡΔτιιοι..
566 2937 624 2967 Gn.
650 2937 780 2969 XXXV.

1673 2934 1713 2965 27

1121 2820 1177 2855 (56)
1198 2821 1276 2854 Ihid.,
1293 2829 1363 2848 vers.
1384 2821 1446 2850 ιθδ.

1122 2856 1177 2892 (57)
1197 2856 1243 2884 0r.
1260 2865 1309 2890 xu,
1325 2865 1350 2883 ιι.
1369 2857 1397 2884 5.
