2069 3131
185 166 237 193 8ιῦ
785 163 813 192 S.
833 161 999 192 GREGORII
1016 160 1192 190 THEOLOGl
1755 158 1808 186 θα

188 229 265 251 num
286 219 406 258 judicia
423 220 591 258 metueret,
616 226 655 249 eo
673 219 847 258 praesertim
866 221 1020 258 tempore,
1041 225 1105 258 quo
1123 228 1137 245 α
1150 215 1504 258 ορὶεερρθηςρῑεηῖῐεξ,
1522 215 1696 258 multowm
1713 214 1803 251 vitio,

190 254 332 290 miriﬁca;
356 259 519 296 cujusdam
544 254 716 296 voluptatis
741 254 1117 297 plenajudicabatuﬂn.
1145 254 1187 294 3).
1206 267 1218 282 ιι
1236 255 1374 297 Exponit
1396 254 1522 297 deipde.
1540 254 1615 284 hinc
1639 263 1734 297 suum
1753 263 1806 284 so-

189 298 332 329 litudinis
348 293 530 336 quietisque
551 293 758 332 desiderium,
789 293 879 326 illinc
899 299 1018 326 metum
1039 293 1118 336 quo
1144 293 1345 336 percellitur,
1372 302 1412 324 ne
1445 294 1517 336 Deo
1533 294 1681 336 vocanti,
1713 296 1808 332 atque

187 338 336 369 Ecclesia;
359 333 486 367 utilitati
501 337 597 367 desit.
620 336 708 373 Quos
729 337 812 366 inter
830 336 975 371 affectus,
994 334 1170 365 «timorem
1188 345 1203 362 ››
1228 333 1350 364 scilicet
1366 344 1381 361 α
1399 335 1428 373 et
1446 333 1665 373 cupiditatem,
1682 336 1723 363 ita
1743 341 1810 364 me-

170 376 276 410 tti-ium
305 376 462 415 quoddam
482 376 542 406 iter
563 371 721 414 sequitur,
752 379 786 405 ut
811 374 923 415 partim
953 373 1135 415 cupiditati,
1159 373 1272 412 partim
1301 372 1428 410 spiritui
1446 371 1629 415 satisfaciat
1656 372 1702 410 (η.
1724 372 1808 415 5η»

188 425 224 447 ac
247 417 290 447 ita
314 411 495 454 paciscitur,
522 419 555 445 ut
581 411 686 454 neque
711 423 746 445 se
773 411 924 454 Ecclesiae
948 411 1076 454 penitus
1104 411 1246 451 negaret,
1276 420 1380 450 neque
1410 411 1505 454 etiam
1536 411 1703 454 adnectite
1729 412 1806 442 soli-

190 450 320 486 tudinis'
343 455 504 485 desiderio
537 450 742 489 descisceret,
765 454 793 484 si
821 450 993 492 aliquando
1020 452 1120 490 ipsam
1153 450 1303 492 repetere
1320 460 1374 489 per
1396 459 1431 482 se
1463 450 1600 492 licuerit.
1630 451 1719 492 Unde
1743 459 1810 481 sure

188 494 342 525 libertatis
370 494 592 533 recuperandae
619 497 745 532 tempus
771 493 809 524 ad
840 489 985 533 parentis
998 489 1122 522 obitum
1151 489 1340 529 praestituit;
1359 494 1456 533 atque
1475 489 1808 533 hanc_conditionem,

188 537 251 564 tam
275 534 371 570 clare,
402 529 529 572 tumque
560 529 861 568 diserte‘enuntiat,
885 536 920 572 ut
946 531 1061 561 mirum
1077 532 1119 572 sit
1137 534 1273 572 exstare,
1296 530 1464 572 autetiam
1484 529 1647 572 exstitisse
1665 537 1806 572 unqua_t_n

189 574 341 612 aliquem,
367 574 423 612 qui
447 569 647 610 Theologum
679 575 823 603 nostrum
849 571 1057 602 Nazianzcnm
1077 570 1228 601 Ecclesiae
1255 569 1441 608 episcopum
1473 569 1600 605 dixerit,
1630 573 1685 599 aut
1704 569 1808 600 credi-

188 612 284 643 derit.

430 775 621 815 ORATIO
635 773 741 815 ΧΙΓ·

1284 771 1464 815 ΛΟΓΟΣ
1482 767 1554 811 1Β’.

225 856 309 903 248
324 867 363 893 Ad
376 872 488 901 patrem,
502 874 560 893 cum
579 866 603 892 ei
623 864 802 903 Nazianzeme
819 864 942 891 Ecclesiae

1029 864 1076 896 Εις
1089 864 1148 903 ’τὸν
1176 864 1287 903 πατέρα
1308 862 1379 903 (38)~
1391 862 1510 903 ἐιξιηζοῦ,
1520 896 1534 903 Β
1544 863 1624 903 ῄνζιέ
1649 861 1813 903 ἐξέτρεψεν·

436 910 526 928 curam
546 901 725 927 commisisset.

225 957 244 983 1.
263 956 298 982 Os
324 963 407 983 meum
440 955 547 987 aperui,
567 959 590 980 et
614 954 715 980 attraxi
744 953 871 987 Spiritum
894 953 926 984 ³³,
944 960 975 980 ac

190 1010 249 1029 mea
261 1002 363 1034 omnia,
383 1008 479 1035 meque.
502 1001 569 1027 adeo
595 1000 682 1035 ipsum
710 998 824 1033 Spiritui
850 999 920 1026 dono
934 998 975 1025 of-

192 1049 259 1081 fero,
275 1048 407 1075 actionem
430 1054 461 1074 ac
484 1053 647 1078 sermonem,
663 1045 748 1072 otium
765 1052 797 1072 ac
814 1044 950 1071 silentium
966 1053 972 1070 :

192 1100 296 1122 tantum
315 1101 358 1121 me
380 1093 486 1124 habeat,
500 1099 531 1119 ac
555 1091 645 1124 ducat,
663 1096 743 1125 atque
764 1096 791 1118 et
808 1098 928 1122 manum,
948 1095 976 1117 et

192 1145 319 1173 mentem,
333 1145 359 1168 et
370 1139 487 1175 linguam
510 1139 543 1166 ad
557 1145 588 1166 ea
601 1145 662 1172 quae
679 1141 784 1172 oportet
797 1141 825 1163 et
840 1136 905 1169 vult,
918 1143 975 1162 mo-

191 1191 272 1218 veat;
293 1194 439 1221 rursusque
455 1185 488 1212 ab
506 1185 538 1212 iis
560 1185 685 1216 abducat,
704 1191 718 1210 a
737 1183 834 1218 quibus
850 1183 936 1215 decet,
949 1186 977 1210 et

192 1233 325 1260 abstinere
343 1236 461 1271 prastat.
474 1231 611 1264 Organum
636 1230 756 1257 divinum
774 1229 832 1263 ipse
845 1237 914 1262 sum,
930 1236 976 1256 or-

192 1286 290 1312 ganum
307 1279 411 1305 ratione
424 1278 712 1312 prmditum,organum
727 1276 798 1310 quod
815 1283 828 1303 a
847 1275 976 1310 praeclaro

192 1323 306 1355 artiﬁce,
325 1324 375 1351 hoc
391 1327 443 1355 est,
462 1330 477 1350 a
492 1323 591 1357 Spiritu
605 1327 709 1354 sancto,
727 1329 842 1349 concors
858 1321 978 1348 redditur

192 1375 224 1397 ac
242 1369 371 1404 pulsatur.
408 1368 470 1395 Heri
501 1367 637 1395 silentium
661 1367 851 1402 operabatur?
871 1366 977 1393 silentio

192 1414 342 1441 studebam.
359 1413 445 1449 Hodie
467 1418 585 1440 mentem
605 1412 718 1446 pulsat?
733 1412 868 1440 sermonis
882 1419 976 1439 sonum

192 1460 287 1490 etlam,
306 1466 338 1485 ac
359 1458 430 1492 loqui
453 1458 578 1486 studebo.
599 1457 656 1484 Nec
673 1464 755 1489 vero,
772 1461 818 1484 aut
840 1461 914 1483 tanta
935 1456 976 1483 lo-

192 1504 329 1539 quacitate
341 1511 410 1535 sum,
427 1507 456 1530 ut
474 1503 555 1531 verba
574 1503 665 1530 facere
681 1503 800 1538 cupiam,
816 1510 877 1530 cum
891 1502 978 1536 Spiri-

1061 898 1155 925 αὑτὸν
1164 896 1328 932 φρονέίζειὺ·
1343 897 1398 932 τῆς
1407 896 1564 928 Ναζιανζοῦ
1585 898 1775 930 Ἐκκλησίας.

1059 955 1097 982 Δ¹.
1115 956 1149 982 Τὸ
1164 956 1259 989 στόμα
1269 964 1329 990 μου
1343 955 1460 989 ἣνοιξα,
1476 955 1524 981 καὶ
1539 955 1668 982 εἶλκυσα
1683 953 1813 988 Πνεῦμα,

1026 1001 1073 1027 καὶ
1087 1001 1181 1036 δίδωμι
1194 1001 1227 1027 τὰ
1241 1000 1360 1036 ἐμαυτοῦ
1372 1000 1470 1032 πάντα,
1486 1001 1533 1027 καὶ
1546 1000 1664 1036 ἐμαυτὸν
1676 1000 1715 1035 τῷ
1727 999 1813 1026 Πνεύ-

1027 1057 1102 1084 ματι,
1117 1049 1163 1074 καὶ
1177 1047 1287 1083 πρᾶξιν,
1304 1048 1351 1074 καὶ
1364 1047 1455 1081 λόγον,
1470 1046 1518 1073 καὶ
1531 1045 1681 1081 ἀπραξίαν,
1692 1046 1739 1071 καὶ
1753 1053 1815 1071 σιω-

1026 1095 1096 1129 πήν·
1118 1093 1198 1128 μόνον
1212 1093 1297 1128 ἐχέτω
1322 1101 1366 1128 με,
1384 1093 1431 1119 καὶ
1445 1092 1546 1126 ἀγέτω,
1569 1092 1616 1119 καὶ
1641 1091 1750 1117 κινείτω
1769 1090 1815 1117 καὶ

1026 1141 1114 1175 χεῖρα,
1132 1140 1178 1165 καὶ
1196 1138 1268 1170 νοῦν,
1285 1139 1332 1165 καὶ
1353 1138 1491 1172 γλῶσσαν,
1507 1137 1549 1172 ἐφ’
1566 1137 1584 1164 ἃ
1606 1137 1647 1164 δεῖ
1663 1137 1710 1164 καὶ
1726 1136 1816 1171 βούλε-

1026 1195 1070 1212 ται
1087 1185 1156 1220 (59)·
1177 1185 1224 1212 καὶ
1237 1184 1368 1219 ἀπαγέτω
1383 1184 1463 1210 πάλιν
1475 1184 1521 1218 ἀφ’
1533 1181 1571 1210 ὧν
1583 1184 1639 1219 (40)
1652 1184 1702 1215 δεῖ,
1716 1184 1763 1210 καὶ
1778 1179 1816 1209 ὧν

1027 1232 1146 1266 ἄμεινον.
1161 1231 1295 1266 Ὀργανόν
1307 1232 1364 1265 είμι
1380 1230 1460 1261 θεῖον,
1474 1230 1589 1265 ὄργανον
1601 1229 1719 1264 λογικὸν,
1733 1229 1816 1264 ὄργα-

1027 1286 1071 1303 νον
1083 1277 1157 1312 καλῷ
1176 1277 1286 1313 τεχνίτῃ
1299 1276 1339 1312 τῷ
1349 1276 1487 1312 Πνεύματι
1502 1276 1688 1312 ἁρμοζόμενον
1701 1276 1748 1302 κα)¹
1760 1275 1816 1311 (41)

1027 1322 1200 1358 κρουόμενον.
1214 1322 1285 1354 Χθὲς
1298 1323 1410 1358 ἐνήργει
1425 1322 1474 1358 τὴν
1493 1323 1612 1358 σιωπήν;
1633 1322 1662 1348 τὺ
1680 1321 1716 1357 μὴ
1729 1321 1818 1355 λέγειν

1027 1367 1215 1402 ἐφιλοσόφουν,
1235 1368 1358 1403 Σήμερον
1382 1367 1475 1403 κρούει
1496 1367 1541 1394 τὸν
1563 1367 1642 1399 νοῦν;
1663 1367 1759 1402 ἠχήσω
1772 1367 1818 1392 τὸν

1027 1412 1115 1446 λόγον,
1130 1414 1177 1439 καὶ
1198 1413 1373 1448 φιλοσοφήσω
1391 1413 1422 1439 τὺ
1436 1412 1613 1447 φθέγγεσθαι.
1629 1413 1684 1440 Καὶ
1697 1412 1758 1438 οὔτε
1772 1411 1819 1439 λά-

1028 1457 1072 1490 ).ος
1084 1458 1138 1494 (42)
1155 1459 1242 1490 οὕτως
1259 1459 1328 1494 είμὶ,
1345 1459 1382 1490 ὡς
1394 1459 1484 1493 λέγειν
1500 1458 1654 1494 ἐπιθυμεῖν,
1672 1458 1702 1485 τὸ
1715 1458 1818 1492 σιωπᾷν

1028 1504 1222 1540 ὲνεργούμενος
1233 1513 1239 1519 ·
1256 1504 1318 1532 οὗτε
1335 1504 1471 1539 σιωπηλὸς
1491 1504 1562 1531 οὕτω
1583 1504 1630 1530 καὶ
1643 1503 1760 1539 ἀμαθὴς.
1782 1503 1820 1534 ὡς

193 1556 238 1578 tus
253 1551 280 1577 in
297 1557 340 1576 me
355 1548 492 1576 silentium
504 1548 605 1576 efﬁcit:
623 1554 669 1576 aut
687 1553 740 1576 tam
761 1549 856 1583 supina
870 1547 977 1575 tacitur-

1030 1550 1058 1576 ἐν
1076 1550 1165 1586 καιρῷ
1180 1550 1259 1585 λόγου
1272 1551 1327 1586 (45)
1342 1550 1447 1577 τιθέναι
1472 1550 1596 1586 φυλακὴν
1613 1551 1670 1582 τοῖς
1685 1549 1816 1584 χείλεσιν

194 1596 278 1623 nitate
301 1599 329 1623 et
353 1595 477 1626 inscitia,
493 1599 523 1621 ut
551 1602 612 1622 cum
635 1594 708 1628 loqui
726 1595 896 1622 commodum
915 1599 976 1626 est,

194 1642 271 1669 labiis
286 1641 353 1668 meis
375 1640 524 1668 custodiam
543 1648 639 1675 ponam
651 1640 693 1672 '3;
712 1641 760 1667 sed
776 1640 810 1667 ad
827 1640 935 1672 Mentis,
951 1645 979 1667 et

1031 1595 1098 1622 ἀλλὰ
1113 1596 1161 1622 καὶ
1175 1596 1256 1623 κλείω
1271 1597 1319 1623 καὶ
1333 1596 1434 1630 ἀνοίγω
1446 1596 1495 1631 τὴν
1512 1596 1581 1631 ἐμὴν
1599 1596 1683 1631 θύραν
1698 1595 1755 1630 Νῷ,
1771 1596 1817 1622 καὶ

1032 1641 1120 1677 Λόγῳ,
1133 1643 1180 1668 καὶ
1194 1642 1343 1678 Πνεύματι,
1356 1644 1390 1678 τῇ
1404 1644 1453 1678 μιᾷ
1467 1643 1589 1678 ωμφυῖᾳ
1601 1651 1630 1669 τε
1641 1642 1689 1669 καὶ
1700 1641 1815 1677 θεότητι.

194 1688 323 1720 Verbi,et
339 1687 465 1723 Spiritus.
480 1694 594 1721 quorum
611 1695 662 1713 una
677 1691 704 1714 et
720 1685 814 1713 eadem
844 1691 886 1713 est
900 1690 996 1713 natura
1016 1693 1044 1714 et
1063 1688 1191 1716 divinitas
1202 1709 1209 1721 ,
1242 1689 1396 1722 arbitrium,
1413 1689 1456 1716 vel
1475 1689 1588 1722 januam
1606 1695 1694 1716 meam
1718 1687 1815 1715 claudo

193 1735 236 1762 vel
253 1734 357 1768 aperio.

232 1778 262 1806 Ἰ.
278 1779 386 1814 Loquar
402 1779 494 1814 igitur,
517 1785 625 1813 quanao
644 1783 681 1805 ita
699 1777 810 1812 jubeor;
828 1782 855 1806 et
872 1779 980 1814 quidem

195 1827 228 1853 ad
244 1827 343 1853 bonum
355 1825 426 1852 hunc
440 1829 587 1860 pastorem,
600 1828 627 1852 et
643 1824 675 1850 ad
692 1831 750 1856 vos,
762 1831 871 1859 gregem
889 1832 979 1852 sacro-

195 1877 330 1903 sanctum,
346 1879 498 1899 sermonem
516 1871 612 1904 habeo,
627 1878 713 1905 eaque
738 1871 825 1897 dicam
850 1878 909 1905 qua:
933 1871 981 1898 ho—

196 1917 290 1944 dierno
304 1916 358 1949 die,
372 1921 400 1944 et
421 1917 486 1944 mihi
513 1916 597 1949 dictu,
611 1922 638 1944 et
662 1916 739 1944 vobis
759 1916 850 1943 auditu
870 1916 988 1944 meliora

196 1971 256 1991 esse
274 1963 399 1991 arbitror.
415 1963 484 1997 Quid
499 1963 547 1990 tibi
561 1964 668 1995 accidit,
685 1968 714 1990 ut
727 1963 829 1998 collega
846 1971 913 1997 opus
931 1963 980 1990 ha-

195 2010 274 2037 beres
289 2009 301 2036 ?
316 2010 337 2035 Α
358 2014 384 2036 te
397 2010 470 2036 enim
495 2009 600 2036 initium
618 2009 726 2042 ducam,
741 2017 758 2036 ο
772 2010 883 2036 charum
901 2009 980 2036 mihi-

196 2064 248 2090 que
260 2055 443 2083 venerandum
454 2060 544 2090 caput.
566 2063 616 2083 nec
631 2055 678 2082 illo
699 2056 816 2087 Aaronis
833 2056 921 2090 capite
937 2056 980 2082 in-

196 2102 290 2134 ferius,
307 2102 333 2128 in
348 2102 419 2136 quod
431 2109 517 2136 usque
531 2101 563 2128 ad
578 2101 688 2129 barbam
704 2106 732 2128 et
743 2106 843 2129 vestem
861 2109 982 2136 tinguen-

1065 1781 1102 1808 B'.
1117 1780 1271 1816 Φθέγξομαι
1285 1781 1334 1816 μὲν
1353 1777 1410 1812 οὖν,
1437 1779 1529 1814 ἐπειδὴ
1554 1778 1632 1805 τοῦτο
1657 1787 1818 1814 κελευομαι,

1030 1826 1179 1862 φθέγξομαι
1200 1827 1229 1853 δὲ
1250 1827 1320 1862 πρός
1340 1835 1370 1852 τε
1390 1826 1435 1853 τὸν
1457 1825 1559 1860 ἀγαθὸν
1578 1825 1671 1852 τοῦτον
1693 1825 1819 1860 ποιμένα,

1029 1873 1076 1899 καὶ
1092 1872 1141 1908 τὴν
1161 1873 1236 1908 ἱερὰν
1258 1873 1377 1908 ποίμνην
1403 1872 1486 1907 ὑμᾶς,
1509 1871 1527 1898 ἆ
1555 1880 1599 1907 μοι
1622 1871 1695 1898 δοκεῖ
1718 1871 1821 1906 βέλτιον

1031 1915 1110 1949 εἶναι,
1124 1918 1174 1953 ἐμέ
1189 1926 1219 1944 τε
1232 1918 1328 1950 εἰπεῖν,
1350 1917 1398 1944 καὶ
1421 1917 1495 1951 ὑμᾶς
1512 1916 1628 1944 ἀκοῦσαι
1641 1917 1773 1952 σήμερον.
1787 1916 1820 1942 Τί

1031 1965 1072 1990 ὅτι
1096 1964 1143 1990 τοῦ
1166 1964 1413 1999 συμποιμαίνοντος
1434 1963 1563 1998 ὲδεήθης;
1587 1963 1653 1989 Ἀπὸ
1671 1962 1718 1989 σοῦ
1738 1963 1792 1997 γὰρ
1806 1963 1821 1989 ὁ

1031 2008 1109 2042 λόγος
1128 2007 1250 2043 ἄρξεται,
1270 2005 1293 2034 ὦ
1311 2008 1375 2043 φίλη
1400 2007 1447 2034 καὶ
1468 2007 1546 2042 τιμία
1570 2016 1616 2042 μοι
1635 2007 1752 2043 κεφαλὴ,
1774 2007 1821 2034 καὶ

1030 2055 1081 2089 τῆς
1101 2053 1205 2089 Ἀαρὼν
1219 2053 1326 2088 ἐκείνης
1340 2053 1412 2087 ἀξία,
1422 2053 1483 2080 καθ’
1497 2051 1531 2090 ἦς
1547 2053 1640 2086 στάζει
1656 2053 1687 2080 τὸ
1699 2061 1822 2088 πνευμα-

1031 2100 1106 2126 τικόν
1120 2108 1149 2126 τε
1171 2100 1218 2127 καὶ
1239 2100 1377 2135 ἱερατικὸν
1397 2101 1485 2126 ὲκεῖνο
1511 2099 1595 2134 μύρον
1613 2099 1676 2134 ἄχρι
1692 2098 1821 2133 πώγωνος

197 2155 252 2175 tum
272 2148 335 2175 illud
355 2147 496 2182 spirituale
517 2154 548 2174 ac
569 2147 738 2174 sacerdotale
757 2146 850 2174 deﬂuit
863 2147 899 2173 ’⁵.
912 2146 977 2180 Quid

1033 2146 1079 2172 καὶ
1101 2145 1258 2181 ἐνδύματος.
1282 2145 1314 2172 Τί
1337 2146 1378 2172 ὅτι
1392 2145 1460 2180 (44),
1484 2145 1598 2176 πολλοὺς
1622 2145 1760 2180 στηρίζειν
1781 2145 1820 2171 ἔτι

196 2201 285 2222 causa;
296 2194 530 2228 est,quamobrcm
546 2201 606 2220 cum
621 2193 708 2220 adhuc
724 2193 822 2220 multos
836 2193 932 2220 fulcire
949 2200 977 2220 ac

1033 2191 1079 2216 καὶ
1095 2192 1274 2226 χειραγωγεῖν
1285 2190 1443 2225 δυνάμενος,
1460 2190 1508 2216 καὶ
1523 2190 1614 2225 μέντοι
1629 2190 1676 2216 καὶ
1688 2197 1821 2224 χειραγω-

195 2240 294 2268 dticere
307 2246 400 2274 queas,
415 2245 495 2274 atque
516 2239 583 2266 adeo
610 2239 728 2273 Spiritus
756 2239 861 2266 viribus
887 2238 977 2271 ducas,

1030 2237 1086 2270 γῶν
1098 2238 1126 2263 ἐν
1141 2238 1173 2272 τῇ
1187 2237 1259 2272 ἰσχύϊ
1271 2237 1317 2263 τοῦ
1333 2237 1501 2273 Πνεύματος,
1519 2237 1669 2272 βακτηρίαν
1684 2235 1823 2271 ὑποῦάλλῃ

196 2284 380 2320 spiritualibus
397 2290 484 2311 tamen
507 2284 663 2310 muneribus
680 2289 707 2311 et
725 2284 877 2310 actionibus
898 2283 977 2310 bacil-

1029 2284 1086 2314 τοῖς
1108 2284 1304 2318 πνευματικοῖς
1331 2283 1422 2319 ἔργοις
1444 2284 1491 2310 καὶ
1515 2283 1649 2319 ἔρεισμα;
1683 2283 1717 2308 Ἦ
1741 2282 1822 2309 τοῦτο

196 2329 251 2356 lum
264 2333 292 2356 et
311 2329 503 2356 adminiculum
519 2328 630 2363 subjicis
649 2328 661 2354 ‘t
675 2328 715 2355 An
743 2328 805 2362 quia
829 2331 854 2354 te
868 2326 977 2354 iniuime

1032 2328 1109 2360 εἰδὼς
1122 2329 1168 2355 καί
1185 2328 1302 2361 ἀκούων,
1318 2329 1359 2355 ὅτι
1378 2329 1425 2355 καὶ
1438 2329 1507 2364 μετὰ
1524 2328 1633 2364 Ἀαρὼν
1651 2328 1755 2355 ἐκείνου
1774 2327 1821 2354 τοῦ

197 2374 275 2409 fugit,
290 2381 350 2401 cum
378 2374 484 2401 Aarone
502 2374 548 2402 illo
572 2373 720 2408 perillustri
738 2374 808 2406 viro,
822 2373 977 2399 Eleazarum

1032 2374 1102 2400 πάνυ
1124 2374 1288 2410 ὲχρὶσθησαν
1308 2375 1439 2410 Ἐλεάζαρ
1455 2375 1502 2401 καὶ
1524 2374 1636 2410 Ἰθάμαρ
1652 2375 1676 2401 οἱ
1688 2374 1741 2400 υἱοὶ
1760 2374 1822 2400 ’Δα-

237 2473 256 2489 ⁹²
273 2473 344 2501 Psal.
358 2481 452 2506 cxvtu,
463 2473 523 2501 i3].
561 2474 584 2490 "
600 2473 670 2501 Psal.
689 2480 750 2505 οη,
765 2472 792 2499 ὅ.
831 2472 854 2487 ³³
864 2471 935 2499 Psal.
948 2480 1040 2500 cxxxu
1052 2493 1058 2505 ,
1071 2473 1098 2501 2.

232 2575 326 2602 aAlias
342 2574 410 2605 Vlll:
424 2582 483 2608 qua;
495 2579 583 2602 autem
599 2573 631 2601 1‘2
645 2578 714 2606 erat,
729 2580 799 2601 nunc
814 2572 979 2601 6.—-—Ilabita

201 2611 272 2639 circa
290 2618 389 2637 annum
402 2610 455 2637 572
463 2615 616 2637 exeuntem.

233 2645 287 2681 (38)
304 2646 355 2678 Εις
368 2646 421 2672 τὸν
436 2646 565 2679 πατέρα,
576 2650 633 2681 etc.
650 2645 746 2681 Vin-ius
763 2644 789 2681 in
806 2644 978 2681 variis‘codi-

198 2679 325 2708 riliusest
335 2681 412 2714 hujus
423 2681 553 2708 orationis
565 2680 665 2708 titulus.
679 2680 747 2708 Tres
766 2679 841 2706 Coll).
858 2679 974 2706 habent:

199 2716 245 2747 Εἰς
258 2716 351 2742 ἑαυτὸν
371 2716 418 2742 καὶ
436 2717 475 2747 είς
490 2716 614 2750 γέροντα.
639 2724 648 2740 ι
670 2715 698 2742 1η
713 2715 829 2750 seipsum
844 2719 871 2750 et
887 2714 919 2740 ad
931 2721 978 2750 se-

200 2758 271 2786 nem.
287 2760 296 2776 ι
322 2751 350 2786 ln
360 2751 436 2786 ﬁlteg.
462 2749 597 2786 bm,'pror
610 2750 771 2786 ἐπέτρεψεν,
807 2749 902 2783 legitur
929 2749 979 2775 ἑπ-

199 2785 313 2820 ετράφη.
325 2785 424 2821 luReg.
438 2786 484 2817 litt,
502 2785 641 2821 ἐπετράπη
658 2785 819 2821 φροντίζειν.

234 2819 360 2855 (59)Δεῖ
380 2819 428 2846 καὶ
443 2819 594 2852 βούλεται.
614 2819 706 2848 Bittius
724 2830 730 2848 :
757 2830 766 2846 ι
787 2826 846 2855 quae
863 2819 975 2848 honesta

199 2860 261 2882 sunt
273 2855 375 2890 ipsique
392 2861 476 2890 grata.
493 2866 502 2881 ι

1071 2573 1127 2609 (40)
1161 2573 1218 2608 Ἀφ’
1240 2570 1294 2608 ὧν,
1319 2577 1371 2601 etc.
1393 2574 1454 2602 Bill.
1482 2584 1491 2600 ι
1520 2575 1540 2602 Α
1563 2575 1660 2610 quibus
1684 2574 1820 2602 abstinere

1035 2614 1360 2679 pras;;3l:A}Jy0(djwvor
1371 2645 1429 2678 καί,
1445 2649 1498 2671 etc.
1516 2654 1525 2670 ι
1540 2645 1677 2679 Organum
1690 2644 1821 2679 praeclaro

1033 2679 1130 2706 artiﬁci
1145 2684 1278 2714 aptatum,
1296 2685 1323 2714 et
1338 2679 1408 2713 quod
1429 2680 1463 2706 ab
1477 2680 1522 2706 illo
1538 2680 1669 2714 pulsatur.
1685 2688 1695 2705 ι

1071 2714 1129 2751 (42)
1147 2713 1255 2751 Λάλρς.
1275 2723 1285 2740 ι
1300 2713 1355 2751 Nec
1364 2721 1432 2751 vero
1446 2714 1482 2741 ita
1497 2713 1556 2742 sum
1571 2714 1742 2749 garrulus...
1760 2721 1820 2741 cum

1031 2749 1167 2778 silentium
1186 2749 1275 2775 aillatu
1290 2749 1444 2776 indicitur.)

1068 2785 1133 2825 (45)"
1156 2784 1207 2811 Ἕν
1231 2783 1322 2819 καιρῷ
1344 2785 1447 2819 λόγου.
1472 2794 1482 2810 ι
1503 2784 1570 2812 Cum
1594 2789 1699 2820 tempus
1720 2787 1763 2812 est
1784 2784 1823 2811 lo-

1034 2821 1171 2891 Ψᾙῗῗῖι
1181 2854 1234 2882 ὅτι.
1249 2854 1294 2882 Sic
1304 2854 1420 2883 Colbert.
1431 2862 1455 2889 c,
1463 2859 1486 2882 et
1499 2854 1578 2883 Herv.
1590 2854 1670 2883 Deest
1680 2854 1731 2887 ὅτι,
1743 2854 1770 2882 in
1778 2855 1822 2882 ed.
