2069 3131
265 190 317 217 845

829 185 957 213 ORATIO
975 185 1034 213 XII.
1054 201 1088 206 —-
1108 187 1153 213 AD
1171 185 1321 214 PATREM.

1833 174 1884 214 sui

269 248 320 284 ρών
332 255 339 280 ;
356 247 401 274 τὸν
413 247 466 282 γὰρ
479 247 569 274 Ναδὰῦ
580 249 626 273 καὶ
645 246 749 273 Ἀὁιοὺδ
759 245 829 272 ἑκὼν
842 247 1030 282 ὑπερϐήσομαι
1041 268 1049 281 ,

1103 247 1184 274 etiam
1206 251 1232 274 et
1253 246 1416 273 llhamarum
1439 245 1554 274 Aaronis
1578 246 1647 273 ﬁlios
1671 247 1813 274 sacerdotii
1826 248 1884 275 oleo

269 295 318 321 iést
331 293 381 328 τῆς
402 293 584 328 βλασφημίας·
608 293 654 320 καὶ
676 292 796 327 Μωῡσῆς
816 293 874 319 ἀνθ’
892 293 989 320 ἑαυτοῦ
1005 294 1051 320 τὸν

272 339 375 378 Ἰησοῦν
402 339 590 366 ἀναδείκνυσιν
611 338 650 364 ἔτι
676 338 730 370 ζῶν
754 339 815 365 ἀντὶ
840 338 984 374 νομοθέτου
1004 340 1051 366 καὶ

272 384 418 420 πρατηγοῦ
434 384 500 420 (45),
525 385 582 416 τοῖς
602 383 649 410 ἐπὶ
670 383 719 419 τὴν
743 384 794 419 γῆν
817 384 868 419 τῆς
884 384 1051 418 ἐπαγγελίας

269 429 469 464 ἐπειγομένοιςς
487 430 542 456 Καὶ
559 429 589 456 τὸ
607 430 657 465 μὲν
672 429 725 464 γὰρ
740 429 796 465 (46)
809 429 857 456 τοῦ
887 429 991 466 Ἀαρὼν
1005 432 1052 458 καὶ

265 475 312 502 τοῦ
336 476 384 511 Ὢρ
407 475 642 512 ὑποστηριζόντων
665 475 714 507 τὰς
734 477 828 511 χεῖρας
851 476 990 508 Μωῠσέως
1006 477 1052 504 ἐπὶ

264 520 312 547 τοῦ
327 521 417 557 ὄρους,
433 521 466 548 ἶν’
482 521 536 556 (47)
549 521 564 547 ὁ
584 520 708 556 Ἀμαλὴκ
723 521 934 557 καταπολεμηθῇ
948 521 1003 558 (48)
1013 522 1052 558 τῷ

266 567 385 603 σταυρῷ,
400 567 540 603 πόρρωθεν
556 567 803 602 σκιαγραφουμένῳ
816 568 864 594 καὶ
879 569 1050 604 τυπουμένῳ,

265 612 335 640 δοκῶ
350 613 404 649 (49)
421 621 465 649 μοι
480 613 614 648 παρήσειν
636 612 716 644 ἑκὼν,
731 612 769 644 ὡς
782 613 812 639 οὐ
831 613 934 648 σφόδρα
954 615 1052 641 οἰκεῖον

265 660 330 694 ἡμῖν
344 659 391 686 καὶ
406 659 560 695 πρόσφορον
570 667 577 674 ·
588 659 618 685 οὐ
627 658 681 694 γὰρ
692 658 887 693 συννομοθέτας
895 660 986 695 ᾑρεῖτο
995 660 1051 695 (50)

264 705 375 737 τούτους
387 705 515 740 Μωῠσῆς,
538 703 595 731 ἀλλ’
612 704 694 740 εὐχῆς
715 703 841 739 βοηθοὺς,
864 705 911 731 καὶ
928 706 1050 741 καμάτου

266 752 363 788 χειρῶν
377 752 537 787 ἐρείσματα.

300 883 337 911 I".
357 884 402 910 Σοὶ
415 884 443 910 δὲ
462 884 488 910 τί
506 884 620 918 nde-xu;
636 884 662 910 τί
676 883 788 919 κάμνεις
806 884 843 910 Τὸ
859 884 955 920 σῶμα;
972 885 1052 911 Ὑπο-

1102 293 1185 321 fuisse
1218 292 1352 320 delibatos
1371 292 1419 319 "2
1442 291 1535 319 Nadab
1566 292 1637 319 enim
1658 298 1685 321 et
1698 293 1836 326 Abiud",
1853 303 1885 320 ne

1102 339 1165 374 quid
1184 338 1246 366 mali
1260 338 1359 366 ominis
1378 338 1504 374 importet
1521 339 1624 371 oratio,
1637 338 1759 367 consulto
1774 342 1885 374 praeter:

1101 385 1156 412 ibo.
1173 384 1290 420 Moysem
1316 384 1435 418 insuper,
1447 391 1510 412 cum
1532 384 1620 411 adhuc
1636 384 1698 412 vitae
1712 393 1793 412 usura
1811 385 1884 413 frue-‘

1102 434 1194 462 retur,
1210 437 1259 456 suo
1283 429 1342 457 loco
1370 428 1461 456 Jesum
1488 430 1656 464 designasse,
1677 431 1723 465 qui
1738 430 1837 458 Iudaeis
1852 423 1885 459 ad

1101 475 1291 511 promissionis
1314 479 1416 502 terram
1436 476 1643 510 properantibus
1662 485 1711 511 pro
1733 475 1885 512 legislatorti

1101 528 1134 548 ac
1151 521 1191 548 rei
1211 521 1340 549 militaris
1350 522 1478 556 praefecto
1491 522 1585 550 esset?
1600 522 1678 558 (Nam
1691 523 1754 559 illud
1771 525 1883 552 Aaronis

1102 568 1184 599 atque
1204 563 1271 597 Hur,
1285 566 1331 600 qui
1347 565 1447 601 Moysis
1463 573 1559 594 manus
1581 567 1608 594 in
1628 572 1719 595 monte
1735 568 1816 604 249
1830 570 1886 597 suf-

1102 609 1259 644 fulciebanl,
1279 616 1308 638 ut
1329 619 1378 647 per
1391 620 1498 651 crucem
1518 617 1593 640 tanto
1607 619 1670 642 ante
1686 614 1884 650 adumbratam,

1101 656 1212 683 Amalec
1222 657 1419 690 opprimeretur
1429 658 1451 674 '7
1462 679 1469 691 ,
1486 666 1537 686 non
1555 659 1654 687 invitus
1670 661 1884 695 praetermittam,

1101 700 1176 728 velut
1190 702 1267 729 nobis
1288 701 1497 738 haudquaquam
1521 709 1613 740 aptum
1630 710 1711 741 alque
1722 708 1886 741 appositum.

1102 745 1194 781 Neque
1207 747 1278 774 enim
1293 755 1341 776 eos
1355 749 1380 776 in
1392 749 1480 785 legum
1497 750 1667 779 institutione
1681 753 1769 780 socios
1781 752 1885 789 Moyses

1102 792 1229 826 habebat,
1240 795 1286 822 sed
1300 794 1327 821 in
1342 794 1474 823 orationis
1487 795 1887 833 adjumentum,languentium;

1103 846 1155 880 que
1170 847 1298 867 manuum
1313 841 1434 869 levamen
1454 843 1624 880 asciscebat.)
1770 875 1778 885 ο

1137 885 1181 912 Ill.
1200 886 1270 919 Quid
1289 891 1379 914 autem
1397 888 1444 915 tibi
1464 888 1683 925 condolet‘iquid
1695 885 1887 921 fatiscit?An-

267 930 403 966 στηρίζειν
423 930 531 966 ἕτοιμος
554 930 609 966 (51)
622 939 628 944 ·
648 930 716 956 ἀλλὰ
737 930 783 957 καὶ
806 929 984 965 ὑπεστήριξα,
1006 931 1052 957 καὶ

1104 938 1138 958 ne
1154 939 1251 966 corpus
1266 932 1278 959 ?
1294 932 1408 960 Paratus
1424 934 1531 968 quidem
1556 942 1605 970 ego
1631 941 1659 964 ut
1674 937 1738 964 illud
1757 938 1886 973 fulciam;

266 975 440 1011 ὲστηρίχθην,
456 975 493 1007 ὡς
512 976 527 1002 ὁ
550 974 646 1001 Ἰακὼὸ
666 976 779 1008 ἐκεῖνος,
805 977 952 1010 πατρικαῖς
974 976 1051 1003 εὐλο-

266 1017 347 1052 γίαις.
369 1019 448 1046 Ἀλλὰ
468 1019 498 1045 τὸ
520 1019 643 1054 πνεῦμα;
664 1020 711 1052 Τίς
729 1021 901 1056 ἰσχυρότερος
918 1021 987 1057 (52),
1006 1022 1053 1048 καὶ

266 1065 438 1101 θερμότερος,
466 1066 511 1092 καὶ
537 1066 585 1092 νῦν
606 1066 733 1101 μάλιστα,
754 1067 809 1102 ὅσῳ
828 1066 862 1093 τὰ
885 1067 935 1102 τῆς
952 1067 1052 1103 σαρκὸς

266 1110 407 1139 ὑποϐαίνει
423 1111 471 1137 καὶ
485 1111 659 1144 ὑπεξίσταται
676 1112 743 1148 (55),
760 1112 854 1148 ὥσπερ
869 1113 947 1147 φωτὶ,
964 1114 995 1140 τὸ
1007 1114 1053 1141 ἀνι

265 1157 411 1193 τιφράττον
423 1157 469 1184 καὶ
483 1157 680 1193 ἀντικείμενον,
693 1158 740 1185 καὶ
759 1157 862 1185 κωλύον
878 1158 926 1194 τὴν
943 1159 1053 1196 λαμπη-

265 1201 346 1235 δόνα;
363 1201 437 1229 Φιλεῖ
445 1202 498 1238 γὰρ
512 1202 550 1234 ὡς
561 1202 594 1229 τὰ
609 1203 694 1230 πολλὰ
708 1203 897 1239 ἀντιπολεμεῖν
910 1204 994 1231 ταῦτα
1006 1204 1053 1231 ἀλ-

265 1247 356 1283 λήλοις
377 1248 426 1274 καὶ
447 1248 669 1281 ἀντικαθέζεσθαι
683 1249 756 1285 (54)·
777 1241 824 1275 κα).
844 1249 923 1284 σῶμα
942 1249 991 1285 μὲν
1007 1249 1052 1276 εὑ-

266 1295 365 1326 εκτεῖν,
382 1294 537 1330 καμνούσης
551 1293 649 1329 ψυχῆς,
660 1294 750 1330 ψυχὴν
761 1295 790 1321 δὲ
804 1294 860 1331 (55)
877 1295 984 1322 θάλλειν
1001 1296 1049 1322 καὶ

266 1341 321 1368 ἄνω
336 1341 455 1376 βλέπειν,
468 1340 522 1367 τῶν
535 1334 637 1376 ἡδονῶν
651 1340 854 1368 ὑποδαινουσῶν
875 1341 922 1367 καὶ
936 1349 1053 1380 συναπο-

268 1386 472 1422 μαραινομένων
490 1385 530 1421 τῷ
547 1385 663 1420 σώματι.
680 1386 731 1412 Σοῦ
753 1386 782 1412 δὲ
799 1385 846 1413 καὶ
872 1385 960 1417 ἄλλως
971 1385 1052 1412 ἐθαύ-

268 1441 341 1467 μασα
353 1432 384 1459 τὸ
397 1432 527 1468 ἀρχαϊκὸν
542 1431 596 1467 (56)
610 1432 658 1459 καὶ
668 1432 802 1466 γενναῖον,
827 1431 885 1464 πῶς
901 1432 961 1459 οὐδὲ
974 1432 1054 1459 τοῦτο

266 1479 372 1511 ἔδεισας
388 1479 454 1514 (57),
470 1478 573 1515 σφόδρα
586 1478 640 1505 τῶν
661 1477 708 1505 νῦν
729 1479 851 1514 ὑπάρχον
867 1478 972 1514 καιρῶν
985 1478 1052 1514 (58),

268 1527 305 1561 μή
329 1533 370 1552 σοι
388 1525 419 1551 τὸ
431 1524 538 1560 πνεῦμα
551 1524 686 1559 πρόφασις
699 1524 824 1560 νομισθῇ,
846 1524 895 1551 καὶ
915 1524 1053 1560 σαρκικῶς

267 1571 352 1598 ταῦτα
374 1571 521 1606 λαμϐάνειν
543 1570 667 1605 δοκῶμεν
689 1571 745 1601 τοῖς
769 1569 886 1602 πολλοῖς,
905 1579 1054 1605 πνευματι-

267 1617 323 1649 κῶς
337 1616 573 1653 προσποιούμενοι.
598 1616 705 1652 Ἐπειδὴ
730 1616 802 1651 μέγα
823 1616 854 1643 τδ
871 1617 988 1652 πρᾶγμα
1005 1616 1052 1643 καὶ

267 1663 435 1699 τυραννικὸν,
460 1662 506 1689 καὶ
524 1662 678 1698 θαυμασίαν
691 1662 750 1688 οἵαν
765 1662 826 1697 ἕχον
846 1662 1006 1695 ἀπόλαυσιν,
1027 1663 1052 1689 οί

268 1707 360 1735 πολλοὶ
374 1707 530 1743 νομίζεσθαι
547 1709 743 1744 πεποιήκασιν·
760 1708 812 1735 κᾶν
836 1708 875 1735 ἔτι
892 1708 1053 1744 στενοτέρας

266 1763 309 1787 τις
324 1754 379 1790 (59)
395 1754 413 1789 ἢ
426 1753 495 1781 κατὰ
511 1753 613 1789 ταύτην
629 1755 769 1790 προστατῇ
786 1753 833 1780 καὶ
843 1753 973 1789 ἐξηγῆται
995 1753 1055 1780 ποί-

269 1809 349 1836 μνης,
363 1801 409 1827 καὶ
425 1799 506 1826 πλέον
528 1799 663 1836 φερούσης
676 1799 730 1826 τῶν
748 1799 834 1834 ἡδέων
856 1799 890 1826 τὰ
918 1799 1052 1834 μοχθηρά.

268 1846 352 1873 Τοῦτο
375 1847 423 1881 μὲν
447 1845 480 1881 δὴ
502 1846 552 1880 τῆς
574 1846 624 1880 σῆς
643 1844 700 1871 εἴτε
718 1845 868 1880 ἁπλότητος
883 1844 939 1870 εἶτε
955 1844 1057 1879 φιλοτε-

268 1892 345 1924 χνίας
356 1892 424 1927 (60),
437 1892 482 1926 ὑφ’
495 1888 529 1927 ἦς
545 1890 608 1918 οὔτε
627 1899 653 1916 τι
668 1889 724 1917 τῶν
740 1889 877 1925 πονηρῶν,
891 1889 954 1916 οὔτε
974 1890 1056 1921 αὐτὸς

269 1937 418 1973 παραδέχῃ,
430 1937 492 1964 οὔτε
511 1937 576 1972 περὶ
597 1935 651 1962 τῶν
674 1935 761 1963 ἄλλων
778 1935 878 1971 ῥᾳδίως
897 1935 1056 1970 ὑπολαμϐά-

268 1991 339 2015 νεις·
356 1983 451 2019 (βραδὺ
469 1982 524 2018 γὰρ
548 1983 588 2014 είς
614 1981 740 2008 ὑπόνοιαν
766 1981 851 2007 κακοῦ
870 1981 901 2008 τὸ
919 1981 986 2017 πρὸς
1005 1991 1057 2008 κα-

269 2027 331 2055 κίαν
349 2028 537 2064 δυσκίνητον-)
563 2027 625 2063 ἐμοὶ
645 2027 673 2054 δὲ
697 2027 744 2053 καὶ
767 2026 893 2062 δεύτερον
925 2028 994 2062 πρὸς
1012 2027 1057 2054 τὸν

269 2074 323 2100 εἴτε
335 2066 381 2100 σον
391 2074 445 2100 εῐτε
458 2073 505 2100 καὶ
520 2067 585 2100 sub»;
597 2072 660 2100 λαὸν
674 2071 771 2100 τοῦτον
792 2071 896 2107 Βοαχέα
912 2072 1055 2102 διαλεγθῆ-

269 2129 324 2146 ναι.

1105 975 1158 1003 imo
1170 975 1226 1010 jam
1241 975 1344 1010 fulcivi,
1358 984 1439 1013 atque
1463 979 1518 1014 ipse
1534 980 1666 1014 vicissim,
1689 990 1742 1010 non
1761 991 1840 1013 secus
1855 993 1888 1013 ac

1104 1015 1187 1049 Iacob
1209 1023 1270 1055 ille,
1288 1024 1407 1058 paternis
1423 1024 1655 1055 benedictionibus
1671 1027 1752 1057 fultus
1777 1039 1836 1058 sum
1852 1032 1888 1059 ".

1103 1067 1144 1092 An
1166 1066 1274 1101 Spiritus
1291 1068 1303 1094 ?
1325 1068 1391 1101 Quis
1405 1069 1552 1102 valentior,
1570 1075 1650 1105 atque
1674 1072 1889 1106 fervidior,‘hac

1104 1112 1253 1146 przeserlim
1277 1118 1367 1145 aetate,
1386 1113 1438 1147 qua
1459 1115 1548 1142 carnis
1572 1115 1685 1145 affectus
1704 1119 1829 1153 subsidit,
1846 1128 1889 1148 ce-

1105 1157 1208 1192 ditque,
1222 1158 1296 1186 velut
1311 1158 1417 1193 lumini,
1430 1160 1456 1188 id
1481 1161 1551 1195 quod
1574 1158 1679 1197 obiectu
1698 1171 1749 1192 suo
1762 1166 1889 1194 adversa;

1105 1208 1159 1236 tur,
1177 1202 1363 1239 splendorique
1382 1205 1603 1240 impedimentum
1625 1204 1703 1236 affert
1718 1203 1729 1236 ‘2
1742 1209 1805 1238 Haec
1816 1212 1888 1239 enim

1104 1243 1204 1276 bellum
1229 1250 1298 1277 inter
1309 1257 1339 1278 se
1356 1255 1385 1277 ut
1407 1251 1552 1286 plurimum
1569 1259 1678 1288 gerunt,
1691 1261 1836 1292 castraque
1855 1265 1889 1285 ex

1105 1295 1218 1322 adverso
1229 1295 1329 1322 habent
1344 1303 1350 1321 :
1364 1300 1392 1322 et
1404 1303 1501 1331 corpus
1513 1297 1620 1332 quidem
1635 1296 1783 1334 aegrotante
1796 1303 1889 1331 anima

1104 1340 1173 1367 belle
1195 1340 1293 1373 habet;
1311 1341 1400 1368 anima
1420 1339 1508 1369 autem
1528 1341 1616 1376 ﬂoret,
1640 1342 1722 1379 atque
1743 1352 1849 1376 erectos
1859 1350 1888 1376 in

1104 1385 1202 1413 coelum
1219 1385 1312 1413 oculos
1337 1386 1427 1421 habet,
1443 1394 1503 1414 cum
1518 1385 1668 1423 voluptates
1687 1391 1829 1426 decedunt,
1848 1399 1890 1420 at-

1104 1438 1157 1466 que
1171 1438 1223 1457 una
1239 1438 1299 1458 cum
1312 1439 1426 1467 corpore
1441 1439 1622 1461 marcescunt.
1639 1434 1708 1469 Quin
1726 1441 1798 1464 tuam
1821 1447 1889 1474 quo~

1104 1484 1157 1511 que
1173 1482 1292 1505 veterem
1308 1477 1509 1511 simplicitatem
1525 1480 1664 1516 animique
1681 1485 1888 1517 generositatem

1105 1523 1232 1550 demirari
1247 1522 1311 1550 mihi
1328 1522 1421 1557 subiit,
1433 1525 1479 1560 qui
1496 1534 1530 1553 ne
1551 1525 1602 1554 hoc
1618 1524 1737 1563 quidem,
1748 1531 1819 1565 quod
1846 1528 1889 1560 his

1105 1569 1272 1604 temporibus
1297 1569 1441 1598 admodum
1464 1570 1591 1606 frequens
1614 1579 1671 1607 est,
1693 1577 1887 1611 providendqu

1107 1614 1155 1641 tibi
1170 1615 1288 1649 duxeris,
1300 1623 1334 1642 ne
1347 1616 1469 1650 spiritus,
1482 1624 1535 1652 quo
1549 1621 1675 1652 moveris,
1686 1620 1763 1649 fucus
1778 1623 1887 1657 quidam

1105 1667 1167 1689 esse
1179 1661 1359 1695 existimetur,
1379 1669 1411 1689 ac
1427 1670 1476 1690 nos
1487 1658 1608 1699 plerique
1621 1666 1723 1694 carnali
1741 1669 1819 1696 modo
1830 1669 1887 1697 lucc

1106 1707 1229 1741 accipere
1248 1707 1403 1752 videamur,
1418 1710 1524 1737 tametsi
1536 1710 1669 1744 spirituali
1686 1713 1817 1748 accipere,
1832 1723 1887 1750 pra:

1105 1752 1182 1779 nobis
1200 1752 1327 1780 feramus.
1349 1751 1572 1789 Quandoquidem
1597 1757 1742 1785 multorum
1767 1759 1832 1786 vitio
1848 1760 1888 1787 fa-

1104 1802 1177 1824 ctum
1194 1802 1247 1830 est,
1261 1802 1290 1825 ut
1305 1799 1362 1826 haec
1375 1800 1501 1835 dignitas,
1514 1800 1601 1836 ampla
1618 1808 1645 1830 et
1661 1804 1890 1838 regia,miriiicae-'

1104 1851 1157 1878 que
1188 1843 1328 1878 cujusdam
1356 1845 1500 1880 voluptatis
1531 1847 1608 1881 plena
1639 1857 1701 1877 esse
1723 1850 1887 1884 judicetur:

1104 1889 1252 1923 quamlibet
1279 1891 1359 1918 etiam
1388 1893 1547 1926 angustiori,
1563 1902 1643 1929 quam
1660 1896 1696 1923 sit
1717 1897 1761 1924 hic
1785 1895 1888 1931 noster,

1105 1936 1179 1971 gregi
1202 1936 1336 1971 quispiam
1357 1938 1464 1972 pra-sit,
1481 1938 1595 1974 plusque
1608 1941 1793 1970 molestiarum
1807 1948 1888 1978 quani

1105 1981 1272 2016 voluptatum
1294 1981 1427 2010 aﬂ‘erenli.
1451 1985 1491 2012 Ac
1505 1986 1538 2013 de
1553 1991 1595 2013 tua
1613 1988 1720 2022 quidem
1740 1990 1796 2017 sive
1806 1988 1889 2018 animi

1106 2028 1290 2064 simplicitate,
1311 2029 1368 2056 sive
1386 2034 1497 2064 paterna
1511 2031 1664 2066 dilectione,
1681 2042 1732 2069 qua
1749 2036 1778 2062 lit
1790 2040 1818 2062 ut
1836 2034 1887 2064 nec

1106 2074 1165 2108 ipse
1178 2074 1326 2109 quidquam
1347 2079 1424 2109 turpe
1439 2075 1576 2110 admittas,
1591 2085 1641 2106 nec
1661 2080 1693 2106 de
1712 2078 1772 2107 aliis
1788 2079 1891 2108 temere"

1106 2117 1251 2152 suspiceris
1274 2119 1336 2153 (uec
1351 2118 1423 2145 enim
1439 2120 1461 2146 is
1477 2120 1554 2149 facile
1567 2123 1600 2150 de
1623 2122 1675 2151 alio
1688 2124 1786 2152 malum
1802 2127 1891 2160 suspi-

274 2169 371 2196 catur,
403 2163 449 2198 qui
474 2170 526 2190 non
542 2162 620 2190 facile
644 2162 677 2189 ad
703 2161 803 2189 malum
828 2161 996 2197 impellitur),
1019 2163 1077 2190 hate
1097 2162 1162 2189 mihi
1178 2163 1251 2190 dicta
1275 2162 1420 2192 cuﬂiciant.
1438 2162 1566 2201 Sequitur
1583 2167 1659 2203 jam,
1677 2168 1705 2197 ut
1729 2171 1837 2198 brevem
1854 2171 1889 2199 ad

271 2207 354 2243 iuum,
370 2210 413 2237 vel
435 2212 516 2237 etiam
543 2217 649 2242 meum,
663 2210 735 2236 hunc
754 2209 880 2244 populum
895 2210 1044 2237 orationem
1066 2211 1192 2239 habeam.

305 2257 340 2283 A’.
361 2255 597 2292 Τετυραννήμεθα,
613 2252 635 2282 ὦ
663 2254 734 2289 φίλοι
762 2255 808 2281 καὶ
829 2254 953 2289 ἀδελφοί·
982 2256 1054 2290 ὑμᾶς

1143 2256 1186 2283 ιν.
1208 2248 1252 2285 Vis
1275 2258 1352 2287 nobis
1377 2258 1458 2287 allata
1482 2265 1544 2294 est,
1560 2261 1658 2289 fratres
1675 2268 1702 2290 et
1719 2264 1799 2293 amici
1818 2273 1826 2298 ;
1843 2270 1891 2294 ve-‘

270 2301 334 2337 γὰρ,
348 2302 373 2328 εἰ
386 2302 432 2328 καὶ
447 2300 484 2337 μὴ
500 2301 570 2334 τότε,
584 2300 658 2336 ζὰλλὰ
674 2299 721 2327 νῦν
737 2299 939 2336 ἐπιϐοησόμεθα
949 2308 956 2316 ·
977 2309 1054 2327 τετυ-

305 2393 328 2409 ³¹
342 2388 429 2420 Levit.
448 2400 506 2425 vui,
521 2391 549 2418 2.

306 2481 361 2516 (15)
394 2481 468 2508 Ἀντί
494 2478 658 2516 νομοθέτου
679 2480 728 2506 καὶ
753 2478 932 2516 στρατηγοῦ.
965 2481 976 2504 ἄ
1005 2473 1055 2512 Qui

270 2513 431 2552 leg'islatoris
444 2521 472 2542 et
480 2513 655 2552 impiaraloris
671 2520 762 2552 partes
780 2513 910 2552 expleret.
919 2523 928 2538 ›

307 2547 434 2592 (ιω-ΚΞ)
447 2547 571 2592 36‘1-131“
589 2549 656 2588 711p;
676 2550 712 2592 Ita
729 2548 896 2592 (“Aegi’zqﬁbnil
909 2552 937 2575 et
953 2548 999 2575 bu.
1027 2547 1054 2575 In

270 2582 393 2615 Coislil.
408 2585 461 2611 Τοῦ
478 2582 526 2619 μὲν
539 2582 597 2619 γὰρ
612 2583 669 2610 τοῦ.
685 2583 764 2610 Deest
776 2582 806 2608 τό
822 2582 848 2610 in
864 2583 908 2610 ed.

307 2592 351 2613 ‘ISI.
366 2592 393 2615 1,
408 2592 461 2611 Ιου
478 2592 526 2619 μεν
539 2592 593 2644 γαῖρ
612 2592 633 2609 τ(

307 2620 362 2658 μῖ)
381 2621 448 2658 Ἴτ’·
462 2619 509 2647 ον·
527 2619 553 2658 μ
581 2627 633 2658 ve;

306 2653 362 2690 (48)
396 2653 643 2688 Καταπολεμηθῇ.
675 2662 684 2678 ι
711 2653 888 2684 Vincerelur,
919 2659 1054 2687 expugna-

272 2695 357 2718 retur.
375 2700 385 2716 ι

317 2725 362 2760 49)
381 2723 472 2760 Δοκῷ.
496 2722 619 2760 Nonnulli
636 2723 753 2754 codices,
767 2721 839 2748 δοκεῖ
858 2730 913 2749 μοι.

316 2758 361 2793 EO)
382 2759 502 2793 ᾘρεῖτο.
523 2768 532 2784 ‹
551 2758 702 2793 ElegeratJ

319 2791 364 2829 51)
385 2791 607 2827 ’Υποστηρίζειφέ
620 2792 751 2829 (ἕτοιμος.
774 2791 885 2823 Billius,
912 2799 921 2816 ι
947 2795 974 2818 at
990 2791 1056 2819 nihil

277 2827 361 2858 [ansae
375 2829 447 2860 dico,
462 2830 605 2862 quominus
619 2827 682 2854 illud
697 2827 815 2854 fulcrum.
833 2836 842 2852 ι

320 2864 364 2897 52)
385 2864 431 2896 Τίς
448 2861 649 2897 ίολχυρότερος,
668 2862 733 2897 Reg.
750 2861 839 2897 ικαὶ
854 2861 895 2888 τό,

321 2894 363 2933 55)
391 2894 611 2930 ’Ῠπεξῗσὶατιὶι.
629 2894 697 2932 Reg.
709 2894 744 2930 ἠ,
763 2896 909 2927 ἐξίσταται.

1108 2306 1191 2328 stram
1206 2302 1278 2329 enim
1290 2303 1381 2336 fidem,
1397 2304 1421 2330 si
1439 2312 1492 2332 non
1509 2311 1541 2332 eo
1554 2305 1684 2340 tempore,
1700 2304 1770 2335 nunc
1780 2311 1891 2343 quidem

599 2392 622 2407 ’θ
639 2390 725 2419 Levit.
747 2399 780 2423 κ,
795 2390 820 2417 l.
859 2391 880 2406 ’⁷
895 2390 982 2418 Exod.
1002 2399 1067 2425 xvn,
1081 2392 1126 2419 η.
1165 2393 1188 2409 ’⁸
1200 2392 1268 2420 Gen.
1283 2391 1366 2427 xx'vn,
1385 2394 1431 2421 28.

1141 2481 1195 2517 (54)
1225 2476 1497 2519 ξΑντικαθιξξειγθαι.Δ
1522 2478 1588 2519 Reg.
1618 2485 1671 2518 hu,
1699 2485 1892 2515 ἀντικαθιστὰ-

1107 2515 1235 2543 σθαι.Ἀ‹Ι
1252 2525 1335 2551 marg.
1352 2525 1398 2551 γρ.
1415 2518 1462 2545 καὶ
1477 2515 1649 2551 καθέζεσθαι.

1140 2551 1197 2593 (ἕξ)
1218 2551 1331 2593 Evam
1345 2551 1392 2593 ῥέε
1411 2553 1482 2593 Βεει.
1493 2554 1635 2593 ηυριρν-
1650 2557 1676 2593 ί,
1689 2557 1762 2593 ψυχὴ
1781 2559 1818 2585 δέ.

1217 2586 1518 2625 ζὸ-άρχᾳζξιόνκϐοἱξί,
1533 2589 1558 2621 l,
1573 2591 1696 2625 ἀρχικόν.

1142 2621 1199 2661 (57)
1217 2621 1281 2654 Πῶς
1298 2622 1369 2649 οὐδὲ
1383 2622 1471 2650 τοῦτο
1487 2621 1626 2657 ἕδεισαξξ
1637 2634 1646 2650 ε
1662 2625 1712 2658 Qui
1726 2628 1776 2655 hoc
1791 2629 1891 2656 veritus

1107 2662 1158 2682 nou
1174 2663 1222 2688 εις,
1237 2664 1296 2688 ne)
1312 2661 1366 2684 etc.

1216 2686 1279 2734 Τέηί
1289 2691 1378 2734 νῦν-ι...
1391 2693 1511 2727 καιρῶν.
1522 2694 1606 2734 Eoisl:
1619 2697 1643 2727 Ι,
1793 2698 1890 2734 καιρῷ.

1141 2725 1198 2760 (59)
1228 2727 1406 2768 Στενιξτὲρας
1433 2725 1487 2768 τις.
1521 2729 1566 2755 Sic
1591 2725 1644 2768 duo
1657 2725 1750 2768 Cbisl.,
1777 2725 1892 2768 φοι-ὐἷα

1106 2768 1191 2797 unus,
1203 2761 1370 2797 στενωτέρας
1387 2771 1437 2794 τις.
1457 2763 1535 2790 Deest
1556 2773 1597 2796 τις
1618 2766 1643 2793 in
1657 2766 1746 2795 editis.

1142 2795 1197 2830 (60)
1218 2796 1288 2823 Εῑτε
1307 2795 1506 2831 θέιλοτεκνίας.
1541 2795 1592 2826 δίο
1608 2801 1690 2828 Coisl.
1708 2803 1718 2829 l
1747 2808 1773 2830 et
1794 2803 1822 2830 5.
1845 2804 1891 2830 Sic

1106 2830 1187 2872 etiam
1201 2831 1264 2866 legit
1279 2831 1369 2860 Billius
1380 2853 1387 2865 ,
1404 2835 1526 2868 quamvis
1541 2834 1607 2863 edit.
1625 2837 1687 2864 Par.
1703 2838 1799 2866 habeat
1815 2837 1893 2874 φιλσὲ

1106 2873 1222 2891 τεγνιας.

1104 2874 1222 2900 τεχνιας.
