2069 3131
193 189 242 217 ειν

805 186 834 214 S.
854 185 1019 215 GREGORII
1040 186 1216 215 TllEOLOGl

1773 187 1825 215 848

195 253 268 276 certe
291 246 457 282 implorabo;
472 246 538 279 vim,
564 245 685 280 inquam.
705 244 781 273 nonis
809 247 909 278 attulit.
927 251 980 274 tum

1037 247 1192 283 ραννὴμεθα
1204 247 1277 281 γήρα
1290 246 1392 281 πατρὸς
1407 246 1453 273 κα).
1468 246 1544 281 φίλον
1556 245 1623 281 (Gl),
1645 246 1689 273 ἵνα
1708 247 1825 282 μετρίως

196 293 282 327 patris
297 298 433 324 senectus,
447 297 501 319 tttm
518 292 616 323 amici,
638 296 667 318 ut
683 291 778 319 leniter
791 292 890 324 dicam,
906 293 984 320 beni-

196 339 293 374 gnitas.
309 339 348 365 Ac
363 338 446 369 mihi,
463 345 566 372 qurnso,
586 344 634 372 pro
657 342 747 365 vestra
766 337 882 373 quisque
899 338 983 366 facul-

197 391 263 417 tate,
277 391 354 419 opem
380 383 484 415 auerte,
503 391 535 410 ac
556 391 665 410 manum
690 384 823 418 porrigite
843 392 984 419 oppresso,

197 436 277 465 atque
291 438 305 456 a
316 430 463 463 cupiditate
487 434 514 456 et
542 429 637 464 spiritu
654 431 728 456 varie
749 429 830 465 250
845 431 983 458 distracto.

198 476 244 503 llla
262 476 362 511 fugam,
377 480 404 502 et.
431 481 548 506 tuentes,
571 480 598 502 et
622 475 801 508 solitudines,
815 481 843 503 et
861 478 985 511 corporis

196 527 276 557 atque
294 521 377 548 animi
392 521 672 556 quictem,mentique
698 521 724 548 itt
750 522 866 556 seipsam
892 530 983 550 seces-

198 569 312 599 sionem.
327 573 354 595 et
367 575 381 594 a
398 567 522 594 sensibus
534 568 722 595 collectionem
736 569 841 599 suadet,
853 574 883 595 ut
897 569 984 595 omni-

195 613 247 641 bus
272 613 385 640 maculis
410 621 511 640 vacuus
528 613 751 641 consuetudinem
778 622 838 641 cum
862 613 916 642 Deo
937 615 985 641 lta-

196 660 287 692 beam,
301 661 473 694 Spiritusque
490 660 635 695 splendore
652 668 717 694 pure
732 661 876 688 collustrer
887 681 895 693 ,
912 661 985 688 nttlla

196 707 300 735 scilicet
319 711 426 734 terrena
442 712 469 734 et
485 706 592 734 turbida
607 715 636 734 re
653 715 682 735 se
706 708 891 740 admiscente,
903 713 984 742 atque

198 755 224 780 in
248 754 338 781 lumen
367 754 488 780 divinum
516 754 670 787 incidente,
688 762 829 789 quousque
849 755 880 781 ad
899 755 984 790 ipsum

197 799 303 826 laudent
321 799 456 826 radiorum
476 800 556 833 hujus
576 801 637 827 vita:
655 799 756 827 fontem
781 801 983 835 perveniamus,

196 853 227 871 ac
242 844 361 880 depulsis
375 853 389 871 a
407 845 521 872 veritate
535 845 667 880 speculis,
686 845 822 873 desiderio
834 851 926 872 nostro
939 853 985 873 cu-

196 891 357 926 piditatique
376 891 454 918 linem
469 893 648 926 imponamus.
662 891 712 918 llic
729 896 822 918 contra
833 911 841 923 ,
859 892 984 918 hortatur

1036 294 1114 324 εἴπω,
1132 293 1306 328 χρηστότητι.
1322 292 1375 318 Καί
1388 301 1431 327 μοι
1449 292 1580 327 βοηθεῖτε,
1594 293 1667 324 ὅστις
1678 291 1710 318 ἂν
1725 289 1780 324 οἷός
1795 301 1824 318 τε

1034 337 1063 376 ᾖ,
1085 339 1133 365 καὶ
1155 338 1213 364 δότε
1231 340 1310 373 χεῖρα
1332 339 1494 374 πιεζομένῳ,
1520 338 1566 365 καὶ
1585 338 1750 374 διελκομένῳ
1772 338 1826 365 ὑπὸ

1036 385 1118 411 πόθου
1145 385 1193 411 καὶ
1214 385 1383 419 πνεύματος·
1397 386 1411 411 ό
1436 385 1485 420 μὲν
1508 386 1659 420 εἰσηγεῖται
1675 385 1822 420 δρασμοὺς,

1036 431 1083 457 καὶ
1099 431 1161 466 ὅρη,
1175 432 1221 458 καὶ
1238 430 1366 466 ἐρημίας,
1383 431 1430 458 καὶ
1443 431 1557 466 ἡσυχίαν
1570 431 1659 466 ψυχῆς
1673 431 1720 457 καὶ
1732 430 1825 466 σώμα-

1035 486 1090 510 τος,
1117 478 1162 504 καὶ
1188 478 1234 504 τὸν
1258 478 1319 504 νοῦν
1336 479 1375 509 εἰς
1391 477 1485 504 ἑαυτὸν
1504 477 1689 513 ἀναχωρῆσαι,
1705 477 1752 504 καὶ
1775 485 1822 503 συ⁴

1037 524 1189 559 στραφῆναι
1203 523 1257 550 ἀπὸ
1270 523 1324 550 τῶν
1343 523 1504 559 αἰσθήσεων,
1519 523 1589 549 ὥστε
1609 523 1712 558 ὁμιλεῖν
1729 523 1823 558 ἁκηλι-

1035 568 1127 600 δώτως
1137 568 1206 604 Θεῷ,
1224 568 1270 595 καὶ
1281 569 1342 600 ταῖς
1359 568 1406 595 τοῦ
1422 568 1577 603 Πνεύματος
1589 569 1685 602 αὐγαῖς
1697 568 1824 604 καθαρῶς

1036 614 1279 650 ἐναστραπτεσθαι,
1307 615 1421 650 μηδενὸς
1440 614 1653 649 ὲπιμιγνυμένου
1673 614 1725 641 τῶν
1749 614 1823 640 κάτω

1036 660 1083 685 καὶ
1106 658 1232 695 θολερῶν,
1257 659 1323 694 μηδὲ
1345 659 1383 693 τῷ
1404 659 1466 694 θείῳ
1479 660 1550 693 φωτὶ
1571 659 1820 694 παρεμπίπτοντος,

1002 711 1004 713 ·
1035 704 1088 736 ἓως
1100 704 1131 731 ἂν
1145 705 1190 730 ἐπὶ
1205 704 1252 740 τὴν
1266 704 1486 740 πηγὴνέλθωμεν
1502 704 1556 731 τῶν
1567 704 1630 739 τῇδε
1645 704 1823 738 ἀπαυγασμά-

1035 759 1100 781 των.
1114 751 1161 777 καὶ
1173 751 1279 785 στῶμεν
1294 751 1340 777 τοῦ
1357 751 1439 776 πόθον
1457 751 1503 777 καὶ
1520 752 1567 785 τῆς
1585 750 1714 784 ἐφέσεως,
1733 750 1823 776 λυθέν-

1035 805 1088 822 των
1104 796 1158 823 τῶν
1175 796 1314 831 ἐσόπτρων
1335 798 1366 832 τῇ
1389 796 1511 831 ἀληθεία.
1533 796 1661 823 Βούλεται
1679 796 1734 830 (62)
1748 796 1778 822 τὸ
1793 796 1822 822 δὲ

1036 842 1075 872 είς
1088 841 1169 876 μέσον
1186 841 1272 874 ἄγειν,
1287 841 1333 867 καὶ
1345 842 1529 876 καρποφορεῖν
1541 841 1579 876 τῷ
1589 840 1670 876 κοινῷ
1688 840 1821 875 βούλεται,

1037 887 1173 914 καὶτοῦτο
1189 887 1358 921 ὠφελεῖσθαι,
1374 887 1404 913 τὸ
1422 887 1536 921 ὠφελεῖν
1555 887 1694 922 ἀλλήλους,
1713 887 1760 913 καὶ
1773 887 1822 921 δη-

195 942 226 964 ut
242 937 267 964 itt
284 937 400 965 medium
415 937 554 972 prodeam,
571 937 740 972 publicaeque
762 937 870 965 utilitati
887 945 980 965 consu-

1037 933 1173 968 μοσιεύειν
1186 933 1234 969 τὴν
1251 932 1392 968 ἓλλαμψιν,
1407 933 1453 960 καὶ
1469 933 1616 968 προσάγειν
1628 933 1687 968 θεῷ
1699 933 1762 959 λαὸν
1776 942 1823 959 πε-

194 983 260 1015 lam,
273 988 354 1018 atque
366 982 432 1010 alios
447 983 565 1017 juvattdo
584 984 716 1016 meipsum
728 983 832 1018 jnvem.
844 983 981 1010 divinum-

193 1035 248 1063 que
261 1027 431 1062 splendorem
445 1029 470 1055 in
488 1028 624 1063 publicum
639 1028 787 1063 proferam,
803 1033 831 1055 et
851 1030 884 1055 ad
898 1029 981 1056 Deum

195 1075 326 1102 adducam
351 1074 480 1101 eximium
503 1074 629 1109 populum
643 1095 650 1107 ,
667 1079 774 1109 gentem
794 1079 929 1108 sanctam,
942 1082 982 1102 re-

195 1120 254 1154 gale
282 1119 464 1147 sacerdotium
478 1119 613 1154 ",atque
640 1119 785 1154 imaginem
812 1119 837 1146 in
861 1119 983 1154 pluribus

195 1163 521 1198 perpurgatam.Utcnitn
541 1164 635 1191 hortus
651 1164 822 1198 praestantior
835 1169 877 1191 est
902 1171 982 1197 quam

194 1212 276 1244 stirps
294 1217 357 1242 una,
369 1215 395 1237 et
407 1209 503 1237 cadum
521 1209 678 1237 universum
693 1218 754 1238 cum
769 1210 824 1237 suis
838 1217 983 1237 ornamen-

195 1256 248 1288 tis,
266 1263 347 1290 quant
365 1255 443 1282 unica
469 1255 564 1288 stella,
582 1260 608 1282 et
635 1263 734 1291 corpus
760 1263 841 1290 quant
873 1255 981 1282 unicum

195 1304 345 1328 membrum
363 1311 370 1334 ;
390 1301 425 1328 ita
454 1301 525 1335 apud
557 1301 640 1327 Deum
672 1301 896 1336 prazstabiliorem
923 1309 982 1328 esse

194 1348 273 1374 istam
291 1347 438 1374 Ecclesiam
464 1352 537 1374 recte
561 1348 758 1381 compositam,
777 1355 830 1375 uno
853 1348 980 1380 homine,

186 1395 238 1429 qui
251 1393 338 1422 ollicio
351 1401 400 1421 suo
423 1394 506 1428 probe
531 1393 768 1428 lungitur:atque
793 1394 875 1420 etiam
899 1401 980 1428 opor-

195 1445 260 1471 tere.
273 1448 324 1466 non
341 1447 387 1466 sua
401 1447 535 1474 quentqtte
549 1440 681 1466 duntaxat
691 1440 834 1467 commoda
848 1445 980 1474 spectare,

191 1485 240 1512 sed
255 1491 282 1512 et
298 1485 411 1512 aliornnt
435 1486 567 1512 rationem
587 1485 696 1513 habere.
712 1485 779 1512 Nam
804 1486 861 1520 ipse
875 1493 982 1520 qttoque

188 1532 327 1563 Christus.
344 1532 386 1557 cui
399 1539 460 1558 cum
477 1531 503 1557 in
517 1538 566 1558 suo
585 1531 687 1558 [tortore
708 1538 739 1558 ac
754 1531 854 1558 deitate
868 1539 981 1559 tttatterc

1036 981 1170 1016 ριούσιον,
1198 980 1273 1012 ἔθνος
1307 980 1393 1014 ἅγιον,
1429 979 1563 1014 βασίλειον
1597 979 1760 1014 ἱεράτευμα,
1794 980 1822 1005 ἐν

1035 1026 1140 1052 πλείοσι
1170 1025 1261 1052 εἰκόνα
1286 1025 1504 1061 κεκαθαρμένην.
1529 1026 1661 1061 Κρεῖσσον
1682 1025 1736 1061 γὰρ
1753 1023 1822 1052 εἶναι

1035 1073 1080 1098 καὶ
1100 1072 1202 1105 πλεῖον,
1223 1071 1317 1108 ὥσπερ
1340 1071 1424 1106 φυτοῦ
1445 1071 1620 1107 παράδεισον,
1641 1071 1688 1098 καὶ
1709 1071 1822 1106 ἀστέρος

1034 1119 1092 1150 ἐνὸς
1109 1118 1221 1154 οὐρανὸν
1238 1118 1298 1144 ὅλον
1320 1118 1369 1144 σὺν
1387 1119 1444 1150 τοῖς
1459 1117 1556 1145 ἑαυτοῦ
1574 1117 1694 1149 κάλλεσι,
1715 1118 1760 1144 καὶ
1779 1117 1824 1153 μὲ-

1032 1165 1094 1196 λους
1117 1164 1207 1200 σῶμα,
1228 1163 1299 1190 οὕτω
1325 1165 1371 1190 καὶ
1393 1164 1453 1199 Θεῷ
1469 1163 1663 1200 κατορθοῦντος
1682 1164 1740 1195 ἐνὸς
1759 1163 1823 1199 ὅλην

1040 1210 1201 1246 Ἐκκλησίαν
1227 1210 1462 1245 κατηρτισμένην·
1482 1210 1529 1237 καὶ
1548 1210 1647 1246 χρῆναι
1664 1210 1701 1245 μὴ
1718 1209 1747 1236 τὸ
1761 1209 1823 1236 ἐαυ-

1033 1255 1080 1282 τοῦ
1093 1256 1173 1291 μόνον
1187 1257 1309 1287 σκοπεῖν,
1325 1256 1393 1284 ἀλλὰ
1408 1257 1455 1282 καὶ
1467 1257 1497 1282 τὸ
1508 1255 1562 1282 τῶν
1573 1255 1669 1283 ἄλλων.
1690 1255 1765 1281 Ἐπεὶ
1777 1255 1823 1281 καὶ

1034 1300 1149 1335 Χριστὸς
1164 1300 1261 1332 οὕτως,
1286 1297 1309 1334 ᾧ
1333 1300 1424 1336 μένειν
1445 1300 1505 1330 ἐΞον
1526 1301 1571 1327 ἐπὶ
1589 1301 1638 1336 τῆς
1660 1300 1726 1332 ἰδίας
1742 1301 1823 1335 τιμῆς

1033 1348 1080 1374 καὶ
1105 1347 1242 1382 θεότητος,
1259 1348 1289 1374 οὐ
1309 1348 1388 1383 μόνον
1412 1347 1545 1374 ἐκένωσεν
1562 1347 1656 1374 ἑαυτὸν
1675 1347 1754 1382 μέχρι
1773 1348 1823 1381 τῆς

1032 1393 1079 1420 τοῦ
1096 1393 1189 1420 δούλου
1211 1395 1327 1430 μορφῆς.
1345 1393 1412 1421 ἀλλὰ
1429 1394 1475 1433 καὶ
1495 1393 1610 1430 σταυρον
1620 1393 1765 1428 ὑπέμεινεν
1779 1393 1822 1419 αἰ-

1034 1439 1133 1474 σχύνης
1157 1439 1377 1474 καταφρονήσεις,
1395 1439 1428 1465 ἵν’
1447 1439 1476 1465 ὲν
1501 1441 1556 1470 τοῖς
1584 1438 1680 1465 ἑαυτοῦ
1708 1438 1822 1465 πάθεσιν

1032 1484 1159 1522 ἀναλώσῃ
1176 1485 1226 1520 τὴν
1242 1486 1390 1521 ἁμαρτίαν,
1409 1485 1457 1511 καὶ
1478 1485 1628 1521 ἀποκτείνῃ
1655 1485 1694 1520 τῷ
1714 1484 1822 1519 θανάτῳ

1031 1531 1077 1558 τὴν
1093 1532 1216 1559 θάνατον.
1243 1531 1350 1558 Ἐκεῖνα
1365 1531 1412 1566 μὲν
1423 1531 1454 1566 δὴ
1468 1533 1517 1567 τῆς
1533 1531 1678 1566 ἐπιθυμίας
1700 1531 1734 1557 τα
1753 1530 1822 1556 πλά-

193 1577 297 1608 ῖίεοτει,
317 1584 368 1603 non
387 1576 473 1603 solum
490 1584 575 1610 usque
591 1576 624 1602 ad
637 1576 708 1603 servi
731 1575 845 1603 fortnam
861 1577 978 1611 seipsum

1033 1586 1124 1613 σματα
1137 1577 1205 1612 (65),
1224 1577 1310 1604 ταῦτα
1328 1577 1356 1604 δὲ
1372 1577 1419 1604 τοῦ
1435 1577 1592 1612 Πνεύματος
1606 1577 1640 1604 τὰ
1655 1577 1817 1611 διδάγματα.

193 1622 368 1655 exinanivit',
381 1622 428 1648 sed
441 1622 533 1653 ctiam,
549 1627 702 1656 contempta
716 1622 862 1657 ignominia
873 1643 880 1654 ,
892 1622 980 1649 crucis

192 1668 354 1703 supplicium
369 1668 451 1695 subiit
461 1689 468 1700 ,
496 1673 526 1695 ut
551 1676 599 1703 per
612 1676 643 1695 ea
662 1675 721 1703 quae
735 1668 888 1702 perferebat
898 1689 904 1700 ,
918 1676 981 1703 pec-

192 1719 282 1742 catum
300 1715 415 1746 deleret,
429 1722 460 1740 ac
481 1719 567 1741 murte
584 1722 632 1741 sua
658 1719 771 1741 mortem
785 1715 818 1741 de
833 1715 919 1741 medio
932 1714 981 1741 tol-

194 1763 260 1790 leret
272 1762 292 1787 ².
308 1761 353 1788 llla
370 1761 525 1796 cupiditatis
543 1761 668 1795 ﬁgmenta
693 1766 771 1793 sunt,
789 1760 845 1788 hmc
863 1760 980 1796 Spiritus

192 1808 362 1835 documenta.
389 1807 472 1834 Porro
504 1808 573 1834 inter
597 1807 771 1842 cupiditatem
803 1807 980 1841 spiritumque

1031 1625 1120 1655 Μέσος
1131 1623 1158 1650 δὲ
1168 1623 1204 1649 ὢν
1218 1623 1300 1650 πόθου
1318 1624 1364 1650 καὶ
1382 1623 1544 1658 πνεύματος,
1557 1623 1604 1650 καὶ
1621 1623 1670 1649 οῦκ
1686 1623 1755 1658 ἔχων
1769 1623 1822 1649 τίνι

1029 1670 1059 1696 τὺ
1077 1669 1157 1696 πλέον
1176 1669 1322 1705 χαρίσομαι
1336 1669 1403 1703 (64),
1422 1670 1436 1696 ὅ
1450 1679 1494 1704 μοι
1507 1669 1578 1696 δοκῶ
1591 1669 1732 1696 κάλλιστον
1745 1670 1823 1704 εὑρη-

1031 1716 1108 1742 κέναι
1132 1715 1180 1742 καὶ
1200 1715 1414 1749 ἀσφαλέστατον,
1436 1715 1600 1751 κοινώσομαι
1620 1715 1666 1742 καὶ
1685 1715 1758 1751 ὑμῖν,
1779 1715 1822 1741 ἴνα

1032 1769 1076 1795 μοι
1089 1760 1302 1796 συνδοκιμάσητε
1315 1761 1362 1787 καὶ
1383 1760 1551 1796 συλλάϐησθε
1576 1761 1632 1796 (65)
1649 1760 1695 1787 τοῦ
1714 1760 1821 1796 βουλεύ-

1031 1815 1124 1840 ματος.

192 1854 366 1884 constitutus,
381 1857 462 1887 atque
488 1853 648 1880 addubitaus
675 1853 728 1879 utri
761 1853 850 1887 potius
877 1852 968 1879 favere
988 1853 1111 1884 debeam,
1137 1853 1208 1886 quod
1224 1852 1289 1879 mihi
1307 1853 1437 1886 optimum
1454 1854 1671 1888 ttttissmtumque
1688 1854 1821 1888 reperisse

191 1898 293 1930 videor,
311 1899 387 1925 vobis
399 1906 542 1933 exponam,
561 1903 590 1924 ut
606 1898 630 1925 id
645 1898 724 1932 quale
736 1898 780 1931 sit,
803 1905 909 1925 utecum
931 1898 1104 1932 expettdatis,
1117 1906 1260 1932 meumque
1282 1899 1423 1925 consilium
1439 1899 1518 1926 simul
1538 1899 1670 1933 adjuvetis

229 1947 260 1974 ν,
273 1946 335 1974 Mihi
355 1947 434 1982 igitur
452 1947 581 1981 optimum
596 1951 676 1980 atque
688 1954 702 1973 a
716 1946 834 1980 periculo
851 1947 977 1973 remotis-

191 1992 289 2019 simum
305 1993 389 2018 Visum
402 1996 452 2023 est,
467 1991 584 2018 tttediuttt
610 1990 745 2024 quoddam
767 1990 830 2021 iter,
845 1990 978 2024 cupidita-

193 2043 246 2064 tem
269 2038 339 2064 inter
356 2042 383 2063 ct.
402 2037 525 2064 timorem
549 2037 643 2070 sequi,
661 2044 692 2063 ae
716 2036 813 2070 partim
833 2035 975 2070 cupiditati

191 2085 288 2119 partim
305 2083 409 2118 spiritui
425 2083 592 2110 satisfacere.
613 2083 639 2109 ld
655 2086 743 2109 autent
757 2082 796 2109 sic
810 2081 867 2109 fieri
888 2089 978 2116 posse,

191 2130 214 2157 si
231 2137 280 2157 nec
295 2137 400 2157 sacrum
421 2136 519 2156 munus
541 2129 651 2155 outttino
670 2127 808 2163 defugiam
821 2148 828 2159 .
843 2135 894 2159 ne,
906 2128 977 2162 quod

192 2176 372 2211 periculosum
399 2180 459 2206 est,
479 2175 593 2210 gratiam
624 2174 743 2209 rejiciam
760 2183 766 2200 :
785 2181 834 2201 nec
863 2181 975 2206 rursus,

192 2221 263 2254 quod
279 2220 420 2246 molestum
444 2224 471 2246 et
496 2219 623 2246 acerbttm
639 2223 693 2251 est,
718 2219 868 2254 graviorem
896 2227 975 2253 qualn

1068 1946 1106 1972 E'.
1121 1945 1214 1979 Ἔδοξέ
1232 1955 1276 1981 μοι
1291 1946 1436 1982 κράτιστον
1456 1945 1525 1974 εἶναι
1544 1947 1591 1974 καὶ
1605 1948 1819 1980 ἀκινδυνότατον,

1034 1991 1120 2027 μέσην
1132 1991 1192 2018 τινὰ
1203 1992 1353 2027 τραπέσθαι
1367 1992 1414 2020 τοῦ
1431 1993 1513 2020 πόθου
1529 1993 1575 2020 καὶ
1589 1995 1638 2029 τῆς
1650 1994 1759 2026 δειλίας,
1774 1996 1821 2022 καὶ

1032 2037 1063 2062 τὸ
1078 2039 1126 2072 μὲν
1140 2038 1172 2072 τῇ
1187 2037 1319 2073 ἐπιθυμίᾳ
1336 2038 1436 2068 δοῦναι,
1453 2039 1482 2064 τὺ
1497 2039 1524 2065 δὲ
1539 2038 1577 2073 τῷ
1588 2039 1721 2074 πνεύματι
1737 2048 1743 2054 ·
1763 2039 1821 2066 τοῦ-

1028 2091 1057 2109 το
1067 2083 1095 2109 δὲ
1109 2084 1141 2110 ἂν
1157 2083 1295 2117 γενέσθαι,
1314 2085 1382 2120 μήτε
1396 2085 1484 2120 πάντῃ
1499 2085 1628 2120 φυγόντος
1644 2087 1692 2121 τὴν
1704 2087 1821 2121 λειτουρ-

1027 2131 1099 2165 γίαν,
1114 2131 1185 2158 ὥστε
1199 2132 1331 2167 ἀθετῆσαι
1346 2132 1394 2168 τὴν
1411 2133 1500 2169 χάριν,
1519 2133 1668 2167 ἐπισφαλὲς
1687 2133 1751 2169 γὰρ,
1769 2135 1819 2169 μή-

1026 2186 1055 2204 τε
1070 2177 1162 2213 μεῖζον
1177 2178 1193 2213 ἦ
1208 2179 1268 2205 κατ’
1284 2179 1402 2213 ἐμαυτὸν
1417 2179 1555 2214 ἀραμένου
1570 2179 1625 2214 (66ὶ
1641 2180 1760 2216 φορτίον,
1774 2180 1819 2215 βα-

1028 2221 1060 2256 ρὺ
1079 2221 1147 2256 γάρ·
1165 2221 1254 2248 καὶτὸ
1272 2222 1322 2257 μὲν
1337 2222 1456 2259 κεφαλῆς
1471 2223 1550 2250 ἄλλον
1564 2224 1629 2259 (67),
1649 2224 1679 2251 τὸ
1697 2224 1725 2251 δὲ
1738 2225 1818 2251 δυνά-

193 2266 263 2291 vires
280 2263 379 2296 ferant,
398 2264 533 2290 sarcinam
553 2263 673 2290 humeris
693 2263 795 2289 tollam.
820 2262 887 2289 lllud
904 2262 974 2289 enim

1032 2255 1121 2301 μεωςί
1138 2266 1239 2301 μᾶλλον
1259 2255 1286 2293 δὲ
1306 2255 1439 2300 ἀπονοίαςγ
1456 2255 1768 2305 ἀμφότερα.Ἐῦσε6είας
1789 2271 1818 2297 δὲ

191 2309 301 2337 alterius
332 2310 428 2344 capitis
452 2317 527 2341 esse,
555 2309 606 2336 hoc
637 2308 749 2335 aliarum
776 2308 898 2334 virium:
921 2307 975 2334 itno

191 2361 336 2389 utrumque
366 2355 448 2382 animi
480 2361 574 2388 parum
612 2354 681 2381 sani.
722 2353 761 2380 Pii
794 2359 883 2380 autettt
913 2353 973 2384 viri,

190 2401 324 2436 simulque
341 2401 479 2428 securitati
504 2408 559 2428 suze
580 2400 748 2427 consulentis
772 2406 843 2432 esse,
861 2399 977 2426 functio-

190 2455 250 2474 ttettt
266 2453 372 2474 sacram
392 2446 494 2473 viribus
507 2446 596 2472 metiri
612 2454 620 2478 ;
637 2450 665 2472 ttt
682 2446 797 2478 scilicet,
810 2450 938 2480 tanquam
951 2446 976 2473 itt

224 2535 247 2551 "
261 2535 269 2562 l
283 2535 354 2562 Petr.
371 2534 438 2567 11,9.
477 2535 485 2549 ¹
506 2534 622 2569 Philipp.
637 2542 675 2567 ιι,
691 2533 716 2561 'l.
755 2535 765 2549 '
781 2533 864 2562 llebr.
879 2542 928 2567 xtl,
939 2534 966 2562 2.

226 2617 282 2652 (6i)
304 2617 357 2645 Kal
374 2617 476 2652 φίλου.
493 2617 620 2644 Basilium
639 2616 773 2652 intelligit.
789 2615 865 2643 Unde
882 2617 972 2644 Schol.

191 2650 234 2679 τὸν
248 2652 323 2687 φίλον
334 2650 422 2687 λέγίειν
432 2651 519 2688 οἶμαι,
532 2652 577 2679 τὸν
588 2650 970 2688 Βασίλειονίχειροτονήσαντα·

193 2695 202 2711 ί
222 2686 357 2720 Amicum,
371 2686 405 2715 rut
420 2686 547 2719 arbitror,
564 2687 679 2722 appellat
698 2686 825 2713 Basilium
840 2707 848 2718 ,
863 2688 908 2722 qui
922 2687 972 2721 ipsi

191 2723 224 2748 ad
239 2723 421 2757 episcopatum
437 2731 532 2749 manus
547 2723 737 2756 illlpUSllel'MJ

227 2757 282 2793 (62)
294 2759 448 2785 Βούλεται.
465 2759 508 2785 Sic
520 2758 638 2793 plerique
650 2757 764 2784 codices.
775 2756 851 2784 Deest
865 2757 891 2793 in
904 2757 969 2784 edit.

226 2791 283 2827 (ϋὸ)
304 2793 477 2827 ludiarum.
496 2791 574 2821 llerv.
593 2791 777 2827 παλαίσματα,
792 2801 801 2818 ι
819 2792 973 2819 artiﬁciosa:

191 2827 361 2854 luctatioues.
368 2838 376 2853 I

225 2861 281 2896 (65)
300 2863 472 2896 Χαρίσομαι.
490 2862 555 2897 Reg.
573 2863 616 2889 bm
632 2867 656 2889 et
670 2862 716 2889 Or.
733 2863 758 2894 l,
771 2862 936 2897 χαρίσωμαι.

227 2897 282 2933 (65)
300 2898 509 2932 Συλλάϐησθε,
528 2896 578 2925 etc.
602 2897 666 2932 livg.
692 2905 718 2929 a,
734 2896 814 2924 Coisl.
831 2897 860 2929 l,
878 2896 973 2924 συλλά-

1029 2309 1098 2338 εἷναι
1112 2312 1171 2347 ἅμα
1187 2314 1233 2339 καὶ
1251 2314 1399 2348 ἀσφαλείας
1421 2314 1478 2350 (68)
1501 2316 1636 2351 μετρῆσαι
1657 2317 1689 2352 τῇ
1706 2316 1818 2352 δυνάμει

1028 2356 1078 2392 τὴν
1088 2357 1257 2394 λειτουργίαν
1268 2368 1273 2374 ·
1291 2360 1337 2385 καὶ
1348 2359 1441 2394 ὥσπερ
1455 2361 1557 2395 τροφῆς
1569 2361 1618 2396 τὴν
1633 2361 1682 2396 μὲν
1697 2361 1767 2387 κατὰ
1776 2361 1818 2388 δύ-

1031 2411 1112 2437 ναμιν
1135 2404 1303 2439 προσίεσθαι,
1319 2405 1367 2440 τὴν
1391 2405 1418 2432 δὲ
1434 2405 1504 2441 ὑπὲρ
1519 2405 1633 2441 δύναμιν
1654 2407 1818 2442 ἀποπέμψα-

1033 2447 1093 2475 σθαι
1106 2457 1112 2464 ’
1134 2449 1205 2476 οὕτω
1226 2449 1280 2486 γὰρ
1297 2450 1352 2486 (69)
1374 2450 1479 2486 σώματι
1499 2451 1547 2486 μὲν
1571 2452 1676 2484 εὐεξίαν
1701 2453 1818 2489 παραγί-

1032 2616 1108 2653 6ητε.
1118 2627 1136 2653 il
1154 2618 1270 2652 Mihique
1284 2618 1317 2645 ad
1333 2617 1478 2644 ineundum
1499 2617 1640 2645 consilium
1653 2624 1730 2652 opem
1743 2617 1816 2645 fera-

1029 2653 1071 2679 tis.
1086 2664 1103 2688 ιν
1117 2652 1209 2680 Billius
1224 2663 1231 2680 :
1251 2662 1260 2678 ί
1276 2653 1433 2688 exploretis.
1447 2662 1456 2678 ι

1062 2687 1117 2724 (66)
1143 2687 1318 2724 Ἀριιμέγουξ
1333 2689 1379 2716 0r.
1397 2688 1423 2720 l,
1447 2687 1584 2724 ἀραμένῳ.

1066 2722 1122 2757 (67)
1142 2723 1283 2757 Κεφαλῆς
1299 2723 1406 2750 ἄλλου.
1427 2722 1548 2751 Coiubel'.
1562 2722 1685 2758 κεφαλῆς
1699 2722 1815 2757 φαύλου,

1031 2766 1040 2782 ι
1065 2757 1190 2785 imbecilli
1207 2760 1314 2792 capttis.
1327 2768 1336 2784 ›

1059 2793 1114 2826 (68)
1140 2794 1332 2827 Ἀσφαλειας.
1363 2802 1373 2819 ι
1396 2792 1465 2820 Τυιο
1486 2800 1517 2820 ac
1532 2797 1610 2821 caute
1624 2792 1786 2821 incedentis.
1801 2802 1812 2820 ι

1030 2827 1131 2863 Billius,
1149 2837 1158 2853 (
1179 2829 1363 2863 tranquillitati
1379 2828 1553 2855 consulentis.
1570 2837 1579 2853 ι

1064 2862 1121 2898 (69)
1137 2862 1210 2898 Γάρ.
1230 2862 1308 2892 Deest
1325 2865 1350 2891 in
1368 2864 1472 2892 duobus
1487 2863 1569 2899 Regg.
