2069 3131
251 204 305 231 819

815 206 943 234 ORATIO
963 206 1019 233 XII.
1041 223 1074 227 —
1094 207 1139 234 AD
1158 207 1308 236 PATREM.

1814 206 1869 236 850

258 260 356 291 Ιεσθαι,
380 259 452 294 ψυχῇ
469 259 497 286 δὲ
515 260 662 295 ἀσφάλειαν
685 262 740 297 (70)
769 264 806 298 τῷ
831 264 983 299 μετριάζειν
1006 266 1034 291 ὲν

1093 266 1166 298 cibis,
1189 274 1247 293 eam
1268 266 1451 298 admittamos,
1475 266 1517 293 cui
1541 273 1619 300 pares
1639 273 1698 294 esse
1712 273 1864 300 possumus,

255 305 427 340 ἀμφοτέροις,
443 304 491 331 Διὰ
503 305 581 332 τοῦτο
595 307 642 333 νῦν
658 307 706 342 μὲν
717 307 829 344 δέχομαι
841 309 880 344 τῷ
895 309 969 344 καλῷ
982 319 1033 336 πα-

252 350 297 386 τρὶ
313 350 497 386 συνδιαφὲρειν
508 351 556 386 τὴν
573 352 739 387 ἐπιμέλειαν,
756 353 849 389 ὥσπερ
864 355 933 390 ἀετῷ
952 355 1035 390 μεγά-

254 397 291 431 λῳ
308 397 354 423 καὶ
371 397 487 433 omnem
507 398 562 433 (71)
584 398 690 430 νεοσσὸς
707 399 756 425 οὐκ
773 399 905 435 ἄχρηστος
919 401 974 435 (72)
991 402 1035 435 ἐγ-

253 441 335 476 γύθεν
351 444 627 478 συμπαριπτάμενος”
652 445 721 479 μετὰ
744 445 772 471 δὲ
794 446 872 472 τοῦτο
895 446 972 473 δώσω
997 447 1035 482 τῷ

253 486 393 522 Πνεύματι
409 487 457 522 τὴν
474 489 543 523 ἐμὴν
557 488 678 524 πτέρυγα
693 489 786 525 φέρειν
832 490 966 525 βούλεται,
989 493 1035 518 καὶ

250 530 289 562 ὡς
304 531 426 566 βούλεται
437 541 444 547 '
468 533 514 559 καὶ
529 532 615 565 οὐδεὶς
634 535 648 560 ὁ
665 533 833 570 βιασόμενος,
852 536 912 562 οὐδὲ
924 536 1034 568 ἀπάξων

253 577 375 612 ἑτέρωθι,
398 577 466 612 μετὰ
488 580 580 605 τούτου
604 579 806 615 βουλευόμενον.
829 581 891 608 Ἡδὺ
913 583 961 616 μὲν
981 582 1035 618 γὰρ

253 622 355 657 πατρὸς
371 623 445 649 πόνοι
462 623 512 658 κλη
516 632 575 659 ρονο
579 624 628 659 μού
633 633 717 660 μενοι,
736 626 781 652 καὶ
795 626 824 652 τὸ
842 627 1035 663 συνηθέστερον

252 668 376 702 ποίμνιον
391 669 437 695 τοῦ
451 669 525 702 ξένου
543 671 590 696 καὶ
605 670 743 706 ἀλλοτρίου
753 679 759 686 ·
785 672 930 707 προσθείην
952 673 973 698 δ’
991 673 1033 706 ἂν,

252 715 292 740 ὃτι
310 714 356 741 καὶ
370 714 429 750 Θεῷ
437 715 608 750 τιμιώτερον,
622 715 646 741 εί
664 716 699 751 μή
714 724 746 751 με
762 717 851 751 ἀπατᾷ
872 716 901 743 τὸ
914 717 1034 752 φίλτρον,

252 761 299 786 καὶ
319 760 429 787 κλέπτει
446 761 494 796 τὴν
508 761 632 796 αἴσθησιν
647 762 664 796 ἡ
681 761 824 797 συνήθεια·
842 762 917 788 οὔπω
932 763 960 789 δὲ
980 763 1035 797 (75)

252 806 458 842 χρησιμώτερον
486 807 533 833 τοῦ
561 807 673 838 ἑκόντας
698 808 814 835 ἑκόντων
839 809 949 844 ἄρχειν,
975 809 1035 835 οὐδὲ

253 852 453 887 ἀσφαλέστερον
463 861 469 867 ·
484 853 577 888 ἐπειδὴ
591 853 628 889 μὴ
643 853 710 889 πρὸς
723 854 782 889 βίαν
796 855 872 888 ἄγειν
884 855 930 881 τοῦ
943 855 1036 890 ἡμετέ-

255 906 302 932 ρου
328 897 409 932 νόμου
431 898 498 934 (74),
524 899 591 934 μηδὲ
608 899 797 933 ἀναγκαστῶς,
819 900 874 926 ἀλλ’
893 901 1033 932 ἑκουσίως.

1086 319 1145 338 eam
1170 317 1258 338 autem
1272 332 1278 343 ,
1293 319 1353 346 qua:
1369 311 1442 338 vires
1468 316 1576 339 nostras
1596 318 1704 347 superat
1717 333 1724 345 ,
1741 313 1865 347 repudie-

1086 365 1155 383 mus.
1177 357 1223 384 Sic
1250 357 1321 384 enim
1346 357 1424 392 251
1440 356 1497 384 fore
1509 377 1516 389 ,
1535 361 1562 384 ut
1580 362 1606 384 et
1622 358 1727 392 corpori
1746 357 1865 390 sanitas,

1086 405 1112 428 cl.
1129 401 1225 428 animat:
1243 402 1424 436 tranquillitas
1436 405 1551 434 constet,
1570 401 1592 428 si
1618 401 1643 428 in
1673 401 1794 435 utrisque
1809 409 1866 429 me—

1086 446 1215 473 diocritas
1246 450 1378 473 teneatur.
1404 445 1442 473 Ae
1458 446 1570 480 proinde
1593 453 1664 472 nunc
1680 446 1786 479 quidem
1804 453 1865 473 cum

1086 490 1217 525 prteclaro
1228 495 1341 525 parente
1356 497 1450 517 curam
1464 489 1534 516 hanc
1548 489 1683 523 suscipere
1695 496 1747 516 non
1761 496 1866 520 recuso,

1087 536 1160 563 velut
1174 543 1279 571 magnae
1296 536 1392 570 aquila:
1410 540 1437 562 ct
1449 535 1578 562 altissime
1595 534 1693 561 volanti
1712 534 1800 568 pullus
1814 541 1866 561 non

1088 581 1190 608 inutilis
1209 588 1224 608 e
1239 582 1389 616 propinquo
1406 581 1542 608 advolans.
1560 580 1654 608 Postea
1671 588 1735 607 vero
1752 587 1866 615 pennam

1087 634 1173 654 meam
1192 627 1321 661 Spiritui,
1338 634 1390 661 quo
1415 627 1495 659 volet,
1511 631 1539 653 ct
1561 633 1668 660 quoquo
1684 625 1762 652 modo
1779 625 1865 656 volet,

1088 673 1225 700 ferendam
1239 673 1326 700 dabo:
1344 680 1394 700 nec
1407 673 1547 707 quisquam
1565 673 1627 704 erit,
1642 672 1686 706 qui
1702 680 1745 700 me
1760 680 1867 707 cogere,

1087 724 1133 746 aut
1155 719 1282 746 aliorsum
1302 719 1442 746 traducere
1469 718 1564 753 possit,
1585 726 1644 745 cum
1663 726 1695 745 eo
1710 718 1867 746 consultan-

1088 770 1150 792 tem.
1172 764 1237 791 Nam
1262 765 1312 792 etsi
1336 764 1454 799 paternis
1469 764 1606 791 laboribus
1633 765 1776 791 succedere
1792 764 1868 791 dulce

1086 811 1132 842 sit,
1156 817 1189 837 ac
1208 815 1273 837 nolo
1288 815 1314 836 ct
1334 809 1459 836 familiari
1482 810 1555 845 gregi
1573 817 1689 843 praeesse
1711 810 1868 844 jucundius,

1088 863 1171 890 quam
1187 861 1300 883 externo
1317 860 1344 881 et
1358 855 1445 882 alieno
1457 863 1463 888 ;
1476 855 1571 882 addam
1583 856 1663 882 etiam
1685 855 1738 882 Deo
1751 855 1868 886 eltarius.

1088 901 1138 928 nisi
1157 908 1201 928 me
1213 900 1281 928 fallit
1299 907 1384 931 amor,
1400 905 1427 926 ct
1439 907 1546 927 sensum
1563 900 1866 935 surripitconsuetudo;

253 942 339 969 Τοῦτο
355 943 403 978 μὲν
418 943 471 980 γὰρ
487 944 542 979 (75)
558 945 610 971 οὐδ’
625 945 657 971 ἂν
670 945 753 981 ἄλλην
765 946 851 982 ἀρχὴν
865 947 1035 982 συστήσειεν,

1093 953 1140 972 non
1166 950 1255 972 tamen
1274 944 1467 971 conducibilius
1487 949 1546 977 est,
1560 951 1610 971 nec
1632 945 1730 975 tutius,
1746 951 1825 978 quam
1842 948 1871 970 ut

255 989 346 1024 ἐπειδὴ
367 989 439 1023 φιλεῖ
456 989 485 1015 τὺ
501 989 546 1025 βίᾳ
563 991 747 1027 κρατούμενον
770 991 969 1027 ἐλευθεριάζειν
989 1001 1038 1018 πο-

253 1035 283 1060 τὲ
298 1034 352 1069 (76)
365 1035 460 1070 καιροῦ
473 1035 636 1071 λαϐόμενον·
654 1037 702 1072 τὴν
725 1037 753 1063 δὲ
772 1037 908 1073 ἡμετέραν
924 1037 974 1064 οὐκ
986 1038 1036 1073 ἁρ-

254 1080 314 1115 χὴν,
339 1080 407 1107 ἀλλὰ
426 1082 623 1116 παιδαγωγίαν,
648 1083 695 1109 καὶ
714 1083 822 1110 πάντων
845 1083 901 1119 (77)
919 1084 1036 1118 μάλιστα

253 1127 381 1161 συντηρεῖ
392 1127 422 1153 τὸ
435 1127 566 1155 ἑκούσιον.
585 1128 757 1164 Βουλομένων
773 1129 838 1165 γὰρ,
851 1129 880 1155 οὐ
897 1137 1037 1164 τυραννου-

254 1171 352 1206 μένων,
366 1172 396 1198 τὸ
410 1173 458 1208 τῆς
473 1173 613 1206 εὐσεϐείας
625 1173 681 1210 (78)
700 1175 857 1210 μυστήριον.

1088 990 1207 1018 volentes
1232 990 1383 1018 volentibus
1412 990 1531 1026 przesint.
1556 989 1776 1024 Quandoquidem
1804 989 1870 1023 legis

1089 1041 1189 1064 nostra:
1209 1044 1261 1065 non
1282 1042 1333 1069 est,
1348 1037 1372 1063 vi
1384 1041 1411 1063 et
1428 1040 1533 1066 coacte,
1548 1035 1594 1062 sed
1610 1039 1703 1069 sponte
1715 1034 1868 1068 gubernari.

1090 1082 1146 1110 lloc
1161 1083 1232 1110 enim
1250 1090 1283 1109 ne
1295 1082 1365 1109 aliud
1378 1082 1484 1116 quidem
1503 1081 1644 1116 itnperium
1660 1080 1799 1107 continere
1809 1086 1872 1114 pos-

1090 1129 1136 1160 sit,
1152 1129 1368 1163 quandoquidem
1384 1128 1454 1162 quod
1467 1127 1492 1154 vi
1509 1127 1612 1161 cogitur
1623 1147 1630 1160 ,
1644 1126 1732 1153 oblata
1751 1126 1873 1152 occasio-

1090 1182 1132 1204 ne.
1148 1173 1182 1201 ad
1200 1173 1351 1201 libertatem
1365 1174 1451 1200 redire
1465 1173 1614 1204 consuevit,
1625 1172 1721 1198 nedum
1738 1176 1871 1203 nostrum,

253 1227 306 1246 non
322 1219 408 1247 dicam
424 1221 577 1255 imperiutn,
601 1222 649 1249 sed
666 1222 863 1257 magisterium,
878 1223 949 1257 quod
964 1222 1034 1249 nulla
1055 1229 1084 1249 re
1116 1229 1192 1256 teque
1220 1229 1252 1248 ac
1267 1220 1413 1247 voluntatis
1429 1219 1554 1248 libertate
1573 1223 1755 1246 conservatur.
1776 1217 1873 1245 Volen—

255 1264 320 1291 tiuut
336 1265 418 1298 enim,
443 1273 495 1293 non
511 1271 683 1299 coactorum,
706 1266 812 1301 pietatis
835 1272 1033 1294 sacramentum
1052 1272 1104 1295 est.

288 1322 334 1354 ς’.
344 1318 427 1354 Οὗτος
439 1323 453 1349 ὁ
465 1323 529 1357 παρ’
543 1322 608 1357 ἐμοῦ
619 1322 697 1356 λόγος
707 1323 781 1358 ὑμῖν,
794 1319 816 1349 ὦ
827 1323 932 1358 ἄνδρες,
946 1323 1037 1354 ἁπλῶς

252 1375 283 1393 τε
300 1367 355 1401 (79)
374 1368 420 1394 καὶ
437 1367 505 1402 μετὰ
522 1368 611 1403 πάσης
628 1368 733 1400 εὐνοίας
744 1369 899 1404 είρημένος,
917 1370 965 1397 καὶ
978 1369 1039 1395 τοῦ-

253 1421 284 1438 το
300 1413 330 1439 τὸ
343 1414 392 1448 τῆς
405 1413 474 1449 ἐμῆς
484 1414 603 1446 διανοίας
617 1416 773 1451 μυστήριον.
790 1415 884 1452 Νικὼῃ
897 1416 925 1442 δὲ
936 1416 950 1442 ὅ
965 1425 990 1442 τι
1006 1416 1038 1442 ἂν

255 1459 302 1485 καὶ
318 1460 383 1493 ὑμῖν
403 1460 451 1486 καὶ
466 1461 530 1495 ἡμῖν
548 1461 632 1497 μέλλῃ
641 1461 789 1494 συνοίσειν,
813 1461 860 1487 τοῦ
878 1461 1039 1496 Πνεύματος

255 1505 367 1538 ἄγοντος
385 1505 419 1532 τὰ
437 1505 557 1541 ἡμέτερα
577 1506 667 1540 (πάλιν
683 1506 738 1542 γὰρ
757 1507 796 1538 εἰς
817 1507 914 1533 ταυτὸν
933 1507 947 1533 ὁ
961 1506 1038 1540 λόγος

255 1550 398 1585 ἀνέρχεται
415 1550 494 1586 [80]),
513 1548 535 1585 ᾧ
546 1551 701 1586 δεδώκαμεν
718 1552 791 1586 ἡμᾶς
802 1552 911 1583 αὐτοὺς,
929 1552 975 1578 καὶ
990 1551 1038 1586 τὴν

256 1596 411 1632 χρισθεῖσαν
424 1597 542 1632 κεφαλὴν
556 1596 595 1632 τῷ
608 1597 690 1633 ἐλαίῳ
704 1598 753 1633 τῆς
769 1597 933 1630 τελειώσεως
942 1599 971 1625 ἐν
982 1599 1039 1625 Πα-
1055 1609 1076 1638 C

255 1642 300 1677 τρὶ
317 1643 524 1679 παντοκράτορι,
549 1643 595 1670 καὶ
616 1643 654 1678 τῷ
673 1645 812 1679 μονογενεῖ
831 1643 918 1678 Λόγῳ,
942 1644 988 1670 καὶ
1004 1644 1042 1679 τῷ

256 1687 325 1723 ἁγίῳ
342 1688 479 1723 Πνεύματι
492 1688 537 1714 καὶ
556 1688 624 1723 Θεῷ.
638 1689 727 1723 Μέχρι
742 1688 796 1723 γὰρ
813 1687 884 1719 τίνος
902 1687 941 1722 τῷ
958 1687 1042 1723 μοδίῳ

257 1734 301 1761 τέιν
318 1734 413 1769 λύχνον
429 1735 649 1771 περικαλύψομεν
666 1735 732 1770 (Si),
745 1735 792 1761 καὶ
807 1734 977 1769 φθονήσομεν
988 1735 1043 1766 τοῖς

232 1784 233 1788 ‘
257 1780 344 1812 ἄλλοις
367 1781 416 1815 τῆς
433 1781 536 1813 τελείας
555 1781 702 1816 Θειότητος,
722 1781 780 1806 δέον
803 1780 849 1806 ἐπὶ
867 1780 916 1815 τὴν
934 1780 1043 1815 λυχνίαν

257 1826 306 1861 ⁴ἤδη
324 1827 427 1854 τιθέναι
447 1828 493 1854 καὶ
510 1827 626 1862 λάμπειν
643 1827 742 1858 πάσαις
762 1826 935 1861 Ἐκκλησίαις
950 1835 980 1852 τε
996 1826 1042 1852 καὶ

257 1871 366 1907 ψυχαῖς,
382 1874 428 1899 κα).
439 1873 518 1899 παντὶ
535 1873 573 1908 τῷ
586 1873 635 1907 τῆς
646 1872 808 1907 οἰκουμένης
823 1871 879 1906 (82)
896 1871 1041 1907 πληρώμα-

258 1926 295 1950 τι,
317 1918 415 1954 μηκέτι
431 1918 619 1954 εἰκαζόμενον,
642 1918 708 1954 μηδὲ
729 1919 762 1953 τῇ
782 1918 886 1953 διανοίᾳ
913 1925 1045 1952 σκιαγρα-

260 1964 402 1999 φούμενον,
423 1965 491 1992 ἀλλὰ
515 1965 560 1991 καὶ
582 1964 705 2000 φανερῶς
725 1963 936 1999 ἐκλαλοὺμενον;
955 1963 1046 1998 ’Ἡπερ

259 2010 291 2045 δὴ
313 2010 465 2045 τελεωτάτη
482 2010 532 2045 τῆς
553 2010 692 2044 Θεολογίας
712 2010 848 2042 ἀπόδειξις
871 2010 926 2040 τοῖς
946 2007 1045 2042 ταύτης

259 2056 419 2091 ἠξιωμένοις
441 2056 491 2091 τῆς
510 2055 619 2091 χάριτος
640 2056 668 2081 ὲν
688 2055 759 2090 αὐτῷ
775 2054 884 2091 Χριστῷ
903 2053 989 2089 Ἰησοῦ
1004 2053 1043 2088 τῷ

261 2101 352 2137 Κυρίῳ
365 2103 453 2138 ἡμῶν,
467 2100 488 2136 ᾧ
501 2104 517 2137 ἡ
533 2102 605 2134 δόξα,
628 2101 703 2138 τιμὴ,
724 2101 822 2137 κράτος
837 2102 876 2132 εἰς
894 2100 956 2131 τοὺς
976 2098 1041 2126 αὶῶ-

260 2155 317 2178 νας.
337 2148 432 2183 Ἀμήν.

301 2257 356 2291 (70)
380 2257 565 2292 Ὰσφάλειαν.
586 2258 651 2291 Reg.
670 2265 696 2290 a,
716 2262 770 2284 tres
785 2257 860 2284 Colb.
878 2262 905 2284 et
917 2257 999 2285 Coisl.
1018 2257 1044 2288 1,

261 2292 405 2326 ἀσφάλεια,
424 2302 431 2317 ι
452 2293 591 2319 securitas.
611 2302 621 2319 ι

299 2327 352 2362 (71)
379 2327 527 2361 Ὺψιπέτῃ.
545 2326 612 2362 Reg.
629 2335 642 2354 a
660 2333 686 2354 et
700 2327 746 2355 0r.
760 2327 787 2358 2,
803 2327 936 2361 ὑψιπετεῖ.

299 2362 353 2397 (ἹΞ)
371 2364 431 2389 Οὐκ
444 2362 606 2396 ἄχρηστος.
618 2362 719 2394 Dillius,
735 2372 744 2387 ι
761 2371 812 2388 non
826 2362 1020 2389 incommodus.
1035 2372 1044 2387 ›

300 2397 356 2432 (73)
376 2398 464 2424 Οὔπω
487 2397 530 2428 δέ,
552 2402 603 2424 etc.
631 2407 640 2423 ι
658 2397 714 2424 Νοιι
741 2403 828 2424 tamen
853 2397 1048 2424 conducibilius

263 2438 315 2463 est,
331 2432 482 2459 volentibus
494 2439 620 2465 prmesse,
632 2440 682 2459 nec
697 2433 790 2459 tutius.
809 2441 817 2457 ι

301 2467 356 2502 (74)
380 2467 436 2495 Τοῦ
461 2466 604 2501 ἡμετέρου
625 2467 729 2502 νόμου.
747 2466 851 2498 Billius,
879 2476 888 2492 ι
913 2467 1047 2494 nemiuem

265 2503 291 2530 vi
313 2503 373 2530 duci
396 2502 454 2529 vult
474 2503 515 2528 lex
533 2507 641 2533 nostra,
664 2507 809 2536 coactoque
828 2510 859 2528 ac
881 2510 933 2528 non
954 2506 1049 2534 sponte

265 2537 436 2571 gubernari.)
452 2537 553 2563 Alludit
564 2536 710 2572 Gregorius
726 2538 757 2563 ad
775 2537 831 2564 haec
845 2537 926 2564 verba
948 2537 955 2563 Ι
974 2537 1046 2562 Petr.

264 2580 292 2603 ν,
303 2572 331 2604 2,
351 2581 360 2598 ι
371 2572 542 2605 Pascite,qui
559 2573 584 2598 in
600 2573 676 2599 vobis
692 2577 749 2605 est,
765 2579 871 2607 gregem
886 2571 943 2604 Dei,
957 2571 1048 2606 provi-

266 2609 361 2635 dentes
376 2615 429 2634 non
446 2612 549 2638 coacto,
565 2607 612 2634 sed
629 2613 802 2641 spontanee.»

303 2641 359 2676 (75)
389 2641 480 2669 Τοῦτο
496 2642 554 2676 μὲν
577 2640 651 2676 γάρ,
669 2647 721 2669 etc.
738 2642 838 2672 lltllius.
868 2651 876 2667 ι
900 2641 951 2668 hoc
978 2640 1048 2666 enim

266 2679 346 2703 modo
360 2684 393 2704 ne
411 2678 463 2703 alia
485 2678 591 2711 quidem
611 2678 721 2712 imperia
743 2677 872 2704 contineri
891 2684 923 2702 ac
939 2683 1050 2712 conser-

267 2712 325 2738 vari
349 2717 470 2746 possunt,
489 2713 559 2745 quod
575 2713 611 2739 ita
633 2718 727 2739 natura
750 2716 933 2746 comparatum
955 2711 999 2742 sit,
1021 2714 1051 2736 ut

266 2747 395 2782 quidquid
416 2747 439 2773 vi
456 2753 572 2779 tenetur,
587 2752 694 2782 arrepta
713 2747 856 2774 occasione
869 2746 958 2774 statim
974 2753 1002 2772 se
1023 2746 1049 2771 itt

270 2781 420 2808 libertatem
433 2787 544 2809 asserat.
562 2791 571 2807 ι

305 2816 360 2847 (76)
376 2817 461 2844 Ποτέ.
481 2816 525 2843 Sic
539 2816 620 2843 Coisl.
641 2817 666 2843 1.
683 2816 761 2843 Deest
778 2817 804 2843 in
818 2816 908 2843 editis.

305 2851 361 2884 (77)
376 2852 429 2878 Καὶ
443 2851 572 2878 πάντων.
589 2851 670 2878 Coisl.
687 2851 712 2884 1,
724 2852 737 2878 ὃ
750 2852 795 2878 καὶ
810 2851 926 2878 πάντων.

306 2884 360 2920 (78)
389 2887 560 2920 Εὑσεϐείας.
589 2886 673 2920 Regg.
699 2895 731 2918 ιι,
760 2888 810 2917 Ιιιι,
834 2891 948 2920 quatuor
975 2884 1049 2913 Coll).

269 2922 350 2949 Coisl.
367 2923 377 2949 1
393 2922 456 2955 ct'i,
471 2921 517 2949 0r.
536 2924 559 2956 ‘l,
573 2921 715 2956 σωτηρίας,
726 2931 735 2947 ‹
746 2922 838 2950 salutis
859 2921 1024 2956 mysterium.
1038 2929 1047 2946 ›

1112 1322 1171 1350 ινι.
1196 1322 1258 1350 ΠίῺο
1283 1323 1375 1355 habui,
1403 1323 1451 1349 viri
1478 1322 1649 1355 Nauanzcni,
1674 1330 1732 1358 quin
1757 1323 1872 1357 simplici

1092 1370 1182 1396 animo
1196 1369 1445 1404 benevolentiteque
1467 1369 1544 1404 pleno
1562 1370 1595 1396 ad
1618 1378 1664 1396 vos
1683 1371 1818 1402 dicerem;
1833 1374 1872 1395 at-

1092 1423 1143 1448 que
1159 1415 1209 1442 hoc
1224 1420 1263 1442 est
1285 1415 1368 1441 animi
1386 1414 1438 1441 tnei
1456 1422 1594 1441 arcanum.
1614 1413 1709 1441 Vincat.
1725 1419 1813 1441 autem
1829 1421 1874 1441 ve-

1092 1461 1149 1494 lim,
1163 1460 1233 1494 quod
1259 1460 1336 1487 vobis
1366 1460 1485 1494 mihique
1510 1459 1678 1494 profuturum
1698 1464 1756 1492 est,
1772 1459 1874 1494 Spiritu

1094 1506 1220 1533 nimirum
1237 1514 1280 1534 res
1297 1510 1404 1533 nostras
1418 1506 1573 1534 moderante
1586 1506 1660 1540 (nam
1674 1506 1768 1533 eodem
1782 1513 1875 1533 rursus

1093 1552 1212 1579 ascendit
1233 1551 1349 1587 oratio),
1367 1553 1408 1579 cui
1435 1559 1484 1579 nos
1506 1553 1580 1587 ipsos
1603 1552 1672 1579 dono
1696 1552 1826 1583 dedimus,
1848 1555 1883 1580 ει.

1093 1602 1172 1632 caput
1195 1604 1278 1624 sacrae
1298 1597 1458 1624 initiatiouis
1480 1597 1539 1624 oleo
1565 1597 1702 1632 perfusum
1716 1618 1722 1628 ,
1742 1597 1767 1623 in
1796 1595 1875 1623 Patre

1093 1643 1288 1677 Omnipotente,
1301 1647 1328 1670 et
1349 1642 1417 1669 Filio
1443 1643 1590 1677 unigenito,
1613 1647 1639 1669 et
1661 1641 1762 1674 Spiritu
1781 1646 1874 1668 sancto

1093 1697 1124 1716 ac
1141 1689 1204 1716 Deo.
1226 1689 1372 1723 Quousque
1388 1689 1458 1715 enim
1483 1689 1620 1716 lucernam
1636 1688 1725 1715 modio
1749 1691 1875 1720 contege-

1093 1742 1163 1766 tnus,
1178 1741 1208 1760 ac
1225 1733 1330 1768 plenam
1347 1733 1520 1768 numerisque
1539 1733 1688 1760 absolutam
1706 1733 1874 1759 divinitatem

1093 1780 1153 1807 aliis
1166 1780 1356 1812 iuvidebimus,
1372 1779 1500 1813 cumjam
1514 1787 1594 1813 supra
1610 1778 1802 1806 candelabrum
1818 1778 1875 1805 col-

1096 1825 1206 1852 locanda
1232 1825 1278 1858 sit,
1293 1830 1322 1852 ut
1337 1825 1442 1852 cunctis
1459 1825 1505 1851 ille
1529 1824 1657 1852 Ecclesiis
1675 1828 1702 1851 et
1717 1823 1814 1850 animis
1825 1842 1832 1855 ,
1844 1830 1876 1849 ac

1095 1871 1209 1906 denique
1223 1872 1348 1898 universo
1357 1871 1415 1899 orbi
1431 1870 1530 1903 luceat,
1544 1878 1595 1897 non
1609 1870 1664 1904 jam
1683 1869 1798 1904 imagine
1809 1876 1876 1903 qua—

1094 1918 1154 1944 datn
1168 1922 1286 1950 notatus,
1301 1925 1332 1944 ac
1354 1917 1516 1952 cogitatione
1535 1916 1718 1947 adutnbratns,
1735 1915 1780 1941 sed
1798 1915 1877 1949 plane

1094 1967 1241 1997 aperteque
1271 1963 1432 1997 praedicatus
1454 1961 1466 1988 ?
1484 1961 1560 1994 Quod
1581 1960 1687 1994 quidem
1714 1959 1877 1994 perfectissi-

1095 2016 1168 2034 lllllm
1184 2007 1323 2042 theologia:
1345 2011 1531 2041 argumentum
1552 2011 1608 2036 est,
1622 2005 1690 2039 apud
1707 2013 1754 2031 eos
1774 2004 1876 2038 utique,

1096 2055 1141 2089 qui
1159 2055 1229 2082 hanc
1248 2055 1362 2089 gratiam
1378 2053 1515 2081 consecuti
1534 2057 1596 2079 suttt
1614 2052 1641 2078 in
1657 2051 1750 2078 eodem
1770 2050 1876 2077 Christo

1096 2100 1158 2127 Jesu
1173 2099 1286 2127 Domino
1306 2103 1408 2131 nostro,
1426 2099 1468 2125 etti
1488 2098 1584 2133 gloria,
1597 2097 1682 2125 honor
1693 2101 1720 2123 et
1736 2095 1882 2130 imperium

1097 2146 1124 2173 in
1141 2147 1238 2173 saecula
1253 2145 1422 2172 steculorum.
1439 2145 1533 2170 Amen.

1134 2255 1189 2288 (79)
1212 2254 1336 2287 'Aﬂlcoc.
1352 2253 1434 2281 Coisi.
1452 2254 1476 2282 1.
1493 2252 1603 2284 ἁπλοῦς.

1134 2291 1187 2323 (8(1)
1209 2291 1385 2323 Ἀνέρχεται.
1402 2288 1483 2315 Coisl.
1503 2289 1526 2319 1,
1539 2289 1725 2323 ἐπανερχεται.

1135 2291 1176 2323 (3i!
1209 2291 1385 2323 Ἀνέρχεται.
1402 2291 1483 2315 Coisl.
1503 2291 1526 2319 ι,
1539 2291 1725 2323 ἐπανερχεται.

1135 2291 1188 2359 (Si)
1213 2325 1468 2358 Περικίιλύψομεν,
1487 2329 1538 2350 etc.
1561 2323 1626 2356 Reg.
1655 2327 1708 2354 bm,
1732 2322 1877 2358 περικαλύ-

1098 2361 1192 2395 ιζωμεν
1205 2361 1251 2395 καὶ
1266 2359 1452 2394 φθονήσωμεν.

1105 2391 1110 2396 ’
1135 2389 1190 2430 ('59,,
1213 2389 1467 2428 Τῆς-ὀικοὶιμένης.
1482 2389 1589 2430 (ξοῑειᾼ
1617 2390 1876 2430 ιιιιιιὶιςΕκκλῃσεας,

1102 2441 1111 2456 ι
1129 2425 1396 2456 ιίιιίίὉΓςόῈρςΙεδῙιιξ
1418 2425 1509 2455 coetui.
1531 2435 1539 2451 ι
1561 2427 1625 2457 Qua:
1644 2425 1750 2458 quidem
1774 2426 1877 2452 theolo-

1100 2467 1160 2499 gim,
1176 2464 1285 2491 deitatis
1302 2464 1428 2490 nimirum
1444 2461 1619 2499 doctrinaiac
1646 2460 1877 2499 lt‘illiAaniS,_ttDS()v

1101 2494 1230 2527 iulissima
1249 2499 1380 2532 professio
1398 2503 1449 2524 est.
1472 2496 1548 2530 Apud
1562 2496 1686 2534 Grtncos,
1704 2494 1763 2534 est;
1787 2495 1876 2530 λόγια,

1102 2545 1110 2560 ι
1130 2542 1206 2561 sacra
1228 2529 1378 2568 scriptura,
1394 2542 1404 2558 ι
1429 2529 1600 2568 nuncupatur
1621 2538 1629 2554 α
1650 2529 1799 2568 theologia;
1818 2529 1879 2568 iuet

1104 2581 1112 2596 (
1131 2569 1246 2604 theologi
1266 2578 1275 2594 ι
1290 2565 1429 2600 dicuntur,
1451 2567 1495 2601 qui
1514 2565 1578 2604 huic
1596 2565 1755 2604 incumbunt
1771 2565 1877 2604 studio,

1101 2612 1196 2638 nempe
1217 2600 1262 2638 qui
1287 2604 1326 2629 vel
1354 2600 1674 2638 scripto’velns‘ermqne
1699 2609 1707 2624 ι
1730 2600 1880 2638 divinitatis

1101 2633 1250 2667 ducti-inani
1279 2647 1288 2664 ›
1306 2633 1515 2673 prosequuntur.
1532 2633 1600 2661 Hinc
1627 2633 1788 2673 Gregorius,
1806 2635 1880 2673 solus

1100 2684 1132 2702 ex
1158 2668 1330 2705 Patribusft
1356 2668 1506 2706 Tlfeologus
1526 2679 1535 2695 ι
1558 2674 1605 2706 est
1623 2668 1789 2706 appellatus,
1810 2670 1881 2706 quod

1101 2709 1189 2736 nulltts
1212 2710 1280 2735 lianc
1294 2704 1437 2735 intateriam
1458 2704 1605 2733 sublimiori
1626 2709 1653 2731 et
1674 2704 1791 2740 graviori
1813 2705 1883 2740 style

1101 2744 1280 2779 [tottraetariL
1306 2742 1505 2779 ltaque_qui_t
1530 2740 1562 2779 de
1586 2739 1684 2779 intristi
1707 2739 1879 2779 divinitate)

1102 2774 1254 2805 sermonem
1270 2774 1395 2809 instituit,
1409 2774 1454 2804 is}
1479 2776 1506 2802 in
1524 2774 1654 2808 theologia
1672 2775 1772 2800 versari
1789 2785 1797 2799 ι
1814 2774 1880 2800 dici-

1103 2820 1154 2841 tur.
1177 2814 1205 2840 Si
1225 2818 1313 2840 autent
1339 2823 1348 2838 ‹
1370 2814 1402 2839 de
1416 2810 1515 2838 Christi
1533 2810 1699 2836 humanitate
1714 2815 1739 2835 et
1757 2809 1882 2835 inuti-na-

1104 2851 1174 2876 tione
1191 2859 1200 2875 ι
1218 2856 1306 2875 sermo
1325 2847 1370 2874 ﬁat
1383 2867 1390 2878 ,
1424 2856 1432 2871 ι
1451 2845 1598 2873 meonomia
1616 2853 1625 2868 ι
1647 2844 1805 2878 appellatur.
1829 2845 1883 2878 Τὴν

1103 2883 1308 2920 ὲνσινθρώπησιν
1322 2882 1369 2920 τοῦ
1385 2882 1451 2908 Θεοῦ
1467 2880 1553 2920 Λόγου
1568 2878 1702 2920 καλοῦμεν
1717 2879 1881 2920 οἰκονομίαν,

1106 2930 1114 2945 ι
1125 2914 1338 2948 lttcai'ttattottem
1348 2918 1404 2952 Dei,
1413 2915 1592 2945 recouomiatn
1602 2914 1679 2944 Verbi
1688 2914 1861 2951 appellamus.
1869 2923 1880 2938 ι
