2069 3131
268 184 319 212 855

583 183 712 211 ORATIO
730 183 797 211 XIII.
819 199 852 204 —
875 184 907 211 IN
925 184 1210 213 CONSECRATIONE
1228 186 1367 215 EULALII
1389 187 1567 217 EPISCOI‘L

1833 188 1885 215 831

270 243 386 279 ὶρδείαν,
401 243 447 269 καὶ
464 241 497 269 τὰ
511 241 557 268 δύο
573 241 658 268 λεπτὰ
671 243 719 277 τῆς
732 243 828 278 χήρας,
846 243 892 270 καὶ
906 243 952 270 τοῦ
970 244 1052 270 τελώ-

1105 249 1129 272 et
1147 245 1199 272 duo
1214 245 1299 272 vidure
1320 246 1421 272 minuta
1433 245 1454 276 ',
1466 249 1493 272 et
1511 245 1648 271 Puhlicani
1669 244 1844 279 dejectionem
1861 246 1882 276 ⁸.

269 297 310 315 νου
321 288 369 322 τὴν
385 287 559 319 ταπείνωσιν,
577 287 624 314 καὶ
638 287 683 313 τοῦ
695 288 826 323 Μανασσῆ
843 288 892 324 τὴν
905 288 1049 324 ἐξαγόρευ-

267 340 318 359 σιν.
346 331 461 364 Δέξασθε
489 331 567 364 λόγον
587 331 739 358 νεόκτιστον
760 331 815 367 (88)
834 332 882 358 ἐπὶ
904 333 1049 368 νεοκτίστῳ

269 378 374 413 ποιμένι
388 378 442 412 (89)
452 385 459 393 '
472 376 583 410 δέξασθε
600 377 691 412 φωνὴν
703 377 911 413 εὐχαριστήριον
928 378 975 404 ἐπὶ
993 379 1050 410 τοῖς

269 423 412 459 ερωμένοις
425 422 555 455 Θαύμασι.
569 423 669 458 Μικροὶ
684 422 733 458 μὲν
749 423 830 458 ἡμεῖς
845 423 892 449 καὶ
915 423 1048 458 ἐλάχιστοι

271 469 295 496 ὲν
310 470 376 501 υἱοῖς
393 469 502 504 Ἰσραήλ
512 477 518 483 “
533 469 702 504 εὐχαριστεῖν
719 468 747 494 δὲ
762 468 894 500 πλουσίως
908 469 984 496 οὐδὲν
994 478 1049 495 κω-

267 514 324 542 λύει
338 514 392 551 (90)
409 515 456 542 καὶ
471 514 534 547 τοὺς
552 514 676 550 μικρούς.
690 514 746 549 Τὴν
765 514 813 549 μὲν
828 511 874 541 οὖν
885 514 1049 550 τελεωτέραν

266 562 403 597 εὐφημίαν
415 560 584 588 ἀποδώσουσι
593 560 631 594 τῷ
642 559 700 594 Θεῷ
718 560 825 592 πάντως
841 561 865 587 οἱ
881 559 1046 596 τελεώτερον

266 608 348 644 ἡμεῖς
373 607 402 633 δὲ
427 607 478 641 τὴν
501 605 575 632 κατὰ
599 605 714 641 δύναμιν
743 605 895 641 εἰσοίσομεν
918 607 1047 642 σήμερον.

266 652 415 688 Τοιγαροῦν
427 652 520 685 ᾁσατε
529 651 569 684 τῷ
581 651 677 685 ΚιῬίῳ
689 651 771 685 ᾆσμα
786 652 890 678 καινόν
900 659 906 664 ·
921 651 964 678 ὅτι
980 653 1050 679 θαυ-

266 699 365 734 μαστὰ
371 699 524 732 ἐποίησεν.
534 697 761 732 Ἐκυμαινόμεθα,
777 697 911 732 ὲπολεμού
916 697 995 732 μεοα,
1004 698 1048 730 εξ-

266 744 409 780 ωθούμεοα
418 753 424 759 ·
439 744 474 770 τὰ
487 744 536 779 μὲν
551 743 600 778 ἤδη
612 743 701 778 παρῆν
711 741 764 769 τῶν
771 741 876 774 δεινῶν,
887 741 920 768 τὰ
928 743 955 769 δὲ
965 743 1049 778 ἤμελ-

266 791 321 819 λεν.
342 790 422 817 Ἀλλὰ
433 789 474 822 τίς
486 789 582 825 ἔστησε
600 789 649 825 τὴν
666 788 809 823 καταιγὶδα
830 789 868 820 εἰς
885 788 987 824 αὔραν,
1003 788 1050 820 Τίς

268 836 426 872 συνέτριψεν
445 836 536 867 ὅπλον,
556 836 603 863 καὶ
620 835 766 870 ῥομφαίαν,
785 834 832 861 καὶ
849 834 980 870 πόλεμον;
1003 835 1050 865 Τίς

267 884 329 914 τοὺς
343 882 510 917 ὲξωσμένους
526 881 580 916 (91)
596 881 641 908 καὶ
663 880 884 916 ἀπερῥιμμένους
901 881 974 915 ἡμᾶς
994 879 1049 914 (9Ξ)

1103 295 1129 318 et
1146 290 1277 318 Manassis
1295 291 1489 318 confessionem
1501 291 1521 316 ⁷.
1542 290 1643 317 Novam
1661 295 1770 326 propter
1784 298 1882 318 novum

1102 340 1237 370 pastorem
1265 337 1414 364 orationem
1439 335 1560 369 accipite.
1588 335 1704 370 Vocem,
1720 337 1754 364 ob
1775 344 1807 364 ea
1825 343 1884 370 qua

1102 383 1238 409 cerninms
1271 382 1401 409 miracula
1418 402 1425 414 ,
1453 383 1554 416 gratias
1583 386 1725 416 agentem,
1759 383 1882 419 accipite.

1102 427 1180 454 Parvi
1198 427 1304 461 quidem
1330 427 1380 461 ipsi
1407 435 1517 460 sumus,
1539 433 1564 455 et
1590 428 1692 455 minimi
1718 429 1789 456 inter
1815 430 1884 457 ﬁlios

1101 473 1183 500 Israel
1199 481 1205 499 :
1231 478 1259 499 at
1282 472 1347 500 nihil
1366 473 1489 507 prohibet
1503 492 1510 504 ,
1528 472 1671 506 quominus
1685 473 1760 507 parvi
1778 481 1885 509 quoque

1102 519 1202 546 aﬁ‘atim
1216 524 1243 546 et
1257 520 1364 554 copiose
1381 519 1481 554 gratias
1492 523 1581 552 agant.
1599 518 1654 546 Deo
1664 527 1729 546 sane
1743 519 1884 554 perfectio-

1103 573 1158 592 rem
1178 565 1282 591 laudem
1303 564 1478 598 perfectiores
1500 564 1635 591 reddent:
1655 572 1703 592 nos
1720 569 1810 592 autem
1835 573 1883 600 pro

1103 610 1204 637 viribus
1224 609 1292 636 hanc
1312 610 1390 636 hodie
1406 609 1558 636 olleremus.
1576 609 1758 643 Quamobrem
1782 615 1892 637 cantate.

1104 655 1216 682 Domino
1244 656 1375 682 canticum
1404 663 1509 688 nouum,
1539 656 1600 690 quia
1627 656 1759 683 mirabilia
1782 656 1844 691 fecit
1863 656 1883 682 ⁸.

1104 701 1243 728 Fluctibus
1255 701 1437 735 jactabamur,
1459 701 1528 728 bello
1544 701 1741 736 premebamur,
1758 702 1885 730 extrude-

1103 747 1208 778 bamur,
1234 747 1401 776 calamitates
1424 747 1639 782 acerbitatesque
1665 747 1769 779 multat,
1787 748 1884 782 partim

1105 793 1248 826 urgebant,
1277 792 1374 826 partim
1403 793 1604 828 impendebant.
1626 792 1724 819 Verum
1747 793 1808 827 quis
1823 800 1885 826 pro-

1104 838 1199 865 cellam
1223 838 1248 864 in
1267 845 1360 865 auram
1375 838 1484 870 statuit,
1504 843 1583 872 atque
1609 837 1805 871 compressit”?
1821 836 1886 870 Quis

1104 879 1235 914 confregit
1257 885 1381 914 scutum,
1401 880 1517 916 gladium
1538 886 1565 908 et
1585 881 1683 908 bellum
1697 881 1739 907 “'1
1756 881 1821 914 Quis
1838 889 1887 908 nos

267 928 434 961 εἰσεδέξατο;
455 927 528 963 οὐχὶ
542 927 582 954 σὺ
601 929 617 954 ὀ
635 926 716 959 Θεὸς,
731 928 746 953 ό
763 926 927 961 ἐνεργήσας
945 926 1052 957 mira;

1105 925 1229 960 expulsos
1238 930 1318 960 atque
1334 925 1465 960 proiectos
1479 926 1613 961 suscepit?
1630 925 1724 954 Nonne
1741 932 1780 961 tu,
1797 926 1865 953 Deus
1877 946 1886 959 ,

268 975 374 1010 Κύριος
389 973 527 1008 κραταιὸς
545 973 592 999 καὶ
606 971 743 1005 δυνατὸς,
760 972 865 1006 Κύριος
881 971 1008 1004 δυνατὸς
1019 971 1053 997 ἐν

268 1020 399 1055 πολέμῳ.
715 1020 719 1023 “

303 1067 340 1094 B'.
350 1063 433 1098 Οὗτος
448 1065 528 1100 ἔτεμε
539 1064 675 1091 θάλασσαν
686 1073 692 1079 ι
708 1060 784 1096 οὗτος
797 1063 907 1100 ἔτρεψεν
919 1064 946 1089 ἐν
958 1063 1006 1100 ἑρή
1012 1071 1054 1098 μῳ

267 1113 330 1139 λαὸν
349 1112 466 1147 φυγάδα,
483 1111 558 1143 ξένον
582 1110 658 1136 ὑετὸν
681 1109 879 1145 χαρισάμενος·
907 1105 983 1141 οὗτος
1006 1118 1054 1135 πε-

267 1166 334 1193 τραν
359 1156 514 1191 ὲπήγασεν⁴
531 1152 608 1185 οὗτος
636 1153 840 1188 κατεπολέμησε
862 1152 906 1179 τὸν
920 1151 1053 1187 Ἀμαλὴκ,

268 1202 367 1238 χειρῶν
383 1201 531 1237 ἀπορρήτῳ
549 1199 603 1236 (95)
618 1200 663 1227 καὶ
677 1198 801 1235 μυστικῷ
819 1199 947 1234 σχήματι.
971 1197 1055 1224 Τοῦτο

268 1249 322 1282 γὰρ
340 1247 452 1282 ἴσχυσαν
467 1246 562 1282 ἱερέως
575 1246 664 1281 χεῖρες
687 1244 732 1271 ἐπὶ
747 1243 793 1270 τοῦ
807 1243 886 1279 ὅρους
900 1243 1052 1278 αἰρόμεναι,

269 1294 315 1320 καὶ
337 1293 377 1325 εὶς
398 1292 480 1328 εὐχὴν
498 1291 676 1326 τυπούμεναι,
696 1290 710 1317 ὃ
730 1290 826 1317 πολλαὶ
851 1289 981 1325 μυριάδες
1005 1289 1055 1315 οὐκ

271 1339 393 1374 ἴσχυσαν.
408 1336 490 1370 Οὗτος
508 1338 585 1372 τείχη
601 1337 756 1364 κατέσεισεν
771 1336 885 1371 ἀμάχως
899 1335 946 1362 καὶ
959 1334 1055 1361 ἀπολέ-

270 1393 344 1420 μως·
365 1385 422 1417 καὶ,
434 1384 477 1410 ἴνα
501 1384 536 1410 τὰ
554 1383 694 1410 τελευταῖα
709 1382 790 1416 λέγω,
811 1379 887 1413 οὗτος
904 1381 1055 1416 κατήνεγκε

268 1430 314 1456 τὸν
336 1429 432 1456 Γολιὰο
450 1429 506 1465 (94)
521 1429 590 1455 κατὰ
606 1427 653 1455 τοῦ
671 1427 789 1462 μεγάλου
806 1426 888 1453 Δαὸὶδ
907 1426 1054 1462 τολμήσαν-

268 1484 313 1507 τα,
328 1475 373 1501 τὸν
392 1474 556 1510 ἐπηρμένον,
575 1472 622 1499 καὶ
636 1471 763 1503 ἀλαζόνα,
783 1471 831 1498 καὶ
852 1471 983 1504 ἀπόγονον
1000 1469 1054 1496 τῶν

269 1522 414 1556 γιγάντων.
433 1520 482 1546 Διά
498 1519 583 1546 ταῦτα
599 1516 645 1546 οὖν
658 1518 713 1554 (95)
727 1518 899 1553 ὁμοθυμαδὸν
910 1517 1032 1552 λέγωμεν
1046 1524 1052 1531 ·

270 1566 442 1602 Εὐλογητὸς
459 1566 576 1599 Κύριος,
599 1564 630 1597 ὃς
650 1565 705 1591 οὐκ
721 1563 833 1590 ἔδωκεν
851 1562 929 1597 ἡμᾶς
942 1564 985 1595 εὶς
1003 1562 1055 1595 01(-

1104 971 1148 997 α·ιὶ
1164 973 1219 998 Itan:
1237 971 1345 1003 e/Tecisti
1359 971 1400 997 “?
1415 971 1542 998 Dominus
1565 972 1640 1006 fortia
1663 977 1686 999 et
1706 978 1794 1006 potem
1805 991 1813 1004 ,
1830 971 1884 999 Do—

1106 1017 1190 1044 minus
1206 1023 1295 1050 potens
1314 1017 1340 1044 in
1356 1017 1422 1044 bello
1437 1017 1468 1043 ".

1140 1062 1170 1089 11.
1194 1062 1241 1089 llic
1259 1070 1334 1090 mare
1355 1063 1444 1090 scidit.
1473 1063 1521 1090 llic
1541 1063 1680 1097 profugum
1705 1063 1831 1098 populum
1859 1071 1890 1090 Ill

1105 1109 1213 1136 deserto
1228 1109 1304 1141 aluit,
1319 1117 1415 1136 novam
1432 1113 1510 1144 atque
1524 1110 1670 1136 inauditam
1684 1110 1800 1144 pluviam
1815 1109 1886 1137 elar—

1105 1155 1192 1190 gitus;
1206 1155 1259 1188 hic,
1279 1160 1307 1182 ut
1321 1161 1394 1190 pctra
1412 1155 1493 1182 inlitis
1508 1156 1559 1182 ritu
1575 1157 1729 1189 scaturiret,
1748 1156 1831 1188 fecit;
1844 1156 1888 1183 hic

1105 1208 1154 1235 per
1171 1207 1296 1228 arcanam
1315 1205 1342 1227 et
1361 1201 1503 1235 mysticam
1529 1209 1656 1228 manuum
1677 1201 1791 1235 ﬁguram
1807 1201 1889 1227 Ama-

1105 1246 1244 1273 lecitarum
1263 1246 1353 1280 copias
1367 1245 1448 1280 fregit
1478 1254 1510 1274 ac
1526 1247 1677 1282 proﬂigavit
1691 1247 1723 1273 ¹³.
1743 1247 1798 1274 Hoc
1815 1247 1895 1274 enim.

1105 1291 1254 1318 sacerdotis
1271 1299 1365 1319 manus
1383 1293 1408 1319 in
1429 1297 1519 1319 monte
1536 1291 1664 1324 sublatae.
1680 1297 1761 1326 atque
1775 1292 1808 1319 ad
1824 1299 1886 1326 pre-

1105 1337 1237 1364 cationem
1253 1338 1406 1372 compositae
1416 1358 1424 1370 ,
1440 1343 1596 1373 potuerunt,
1611 1338 1684 1373 quod
1700 1337 1782 1365 multa
1799 1337 1890 1366 homi-

1106 1390 1169 1409 num
1188 1383 1268 1410 millia
1282 1383 1411 1417 perﬁcere
1424 1383 1613 1418 nequiverunt.
1635 1383 1685 1410 llic
1697 1383 1804 1410 urbium
1819 1390 1887 1410 mm-

1107 1427 1151 1454 nia
1167 1426 1249 1463 254
1270 1432 1297 1454 ct
1315 1429 1512 1463 propugnacula
1529 1428 1587 1456 sine
1607 1428 1677 1456 bello
1693 1428 1746 1455 ullo
1759 1433 1786 1456 et
1798 1433 1888 1456 certa-

1106 1473 1177 1500 mine
1192 1473 1329 1501 concussit
1345 1481 1377 1501 ac
1391 1474 1487 1509 dcjecit
1498 1475 1530 1501 ".
1558 1473 1600 1506 Et,
1618 1479 1647 1501 ut
1661 1479 1796 1509 postrema
1812 1482 1888 1502 com-

1105 1526 1273 1551 memorem,
1304 1519 1348 1546 bic
1377 1520 1523 1554 superbum
1550 1520 1624 1547 illum
1656 1525 1684 1547 et
1717 1525 1893 1554 arrogantem

1106 1564 1232 1597 Goliath.
1255 1570 1336 1599 alque
1360 1573 1375 1592 a
1407 1566 1559 1600 gigantibus
1585 1566 1741 1599 oriundum,
1761 1568 1896 1597 adversus,

269 1622 326 1648 ραν
342 1612 403 1645 τοῖς
418 1611 542 1638 ὀδοῦσιν
555 1609 668 1638 αὐτῶν·
685 1610 741 1641 καὶ,
757 1609 919 1644 Χείμαῤῥογ
933 1608 1052 1642 διῆλθεν

1108 1618 1232 1646 magnum
1243 1611 1367 1638 Davidem
1381 1619 1496 1646 pugnam
1508 1611 1574 1639 inire
1586 1619 1690 1644 ausum,
1703 1612 1848 1647 prostravit
1857 1613 1888 1639 ".

270 1659 290 1693 ὴ
307 1658 392 1693 ψυχὴ
409 1657 492 1692 ἡμῶν
504 1665 510 1671 “
525 1657 565 1690 ὼς
578 1657 738 1690 στρουθίον
750 1656 880 1690 ἐρῤύσθη
890 1655 924 1681 ἐκ
936 1654 989 1689 τῆς
1004 1663 1056 1680 πα-

270 1704 353 1741 γίδος
366 1703 426 1730 τῶν
439 1703 639 1737 θηρευὼητων·
656 1702 724 1729 ἄλλα
742 1710 771 1728 τε
791 1702 840 1728 ὅσα
857 1700 929 1736 ψυχὴ
943 1709 1054 1735 περιχα-

271 1749 321 1785 ρὴς
335 1749 382 1775 ἐπὶ
397 1748 464 1775 Θεοῦ
482 1747 672 1783 μεγαλοδωρεᾷ
689 1747 845 1782 φθέγγεται.
865 1746 921 1772 Οὐκ
940 1745 1055 1781 ἤλθομεν

272 1794 378 1831 βάλλειν
401 1794 455 1830 (96)
473 1795 618 1829 μάχαιραν,
637 1793 694 1820 ἀλλ’
718 1793 839 1829 εἰρήνην.
863 1793 920 1818 Οὐκ
940 1792 1055 1827 ἤλθομεν

272 1842 316 1868 ἐπ’
331 1841 428 1876 ἀτιμίᾳ
441 1841 486 1868 τοῦ
502 1841 619 1876 μεγάλου
637 1840 765 1875 ποιμένος
779 1840 845 1875 (97),
857 1839 904 1866 τοῦ
923 1839 973 1874 τῆς
985 1839 1056 1874 λαμ--

273 1889 344 1923 πρᾶς
358 1887 594 1924 προκαοεξομένου
611 1886 730 1919 πόλεως’
750 1886 840 1921 τίμιον
858 1886 945 1921 ἴσμεν,
971 1893 1056 1919 κεφα-

271 1933 320 1968 λὴν
331 1932 511 1968 γινώσκομεν,
544 1933 620 1967 ᾶγιον
651 1932 805 1968 καλοῦμεν,
837 1931 883 1958 καὶ
912 1930 1056 1965 ἀδικούμε-

273 1987 312 2005 νοι
329 1978 402 2014 (98)·
422 1979 500 2014 μόνον
510 1978 582 2005 ἔστω
593 1978 757 2013 φιλότεκνος,
771 1978 817 2004 καὶ
832 1977 921 2012 πάσης
937 1976 1056 2012 προνοῶν

279 2024 450 2060 Ἐκκλησῐας.
466 2024 628 2060 Προσοήκην
647 2024 741 2059 ἱερέων
762 2022 1058 2059 ὲπραγματευσάμεθα,

273 2072 322 2107 οὺχ
334 2071 484 2107 ὑφαίρεσιν·
504 2070 651 2107 αἱρετικῶν
666 2070 831 2105 ἀνατροπὴν,
848 2070 897 2096 οὐκ
912 2069 1059 2105 ὀρθοδόξων

274 2116 429 2144 ἐλάττωσιν.

1108 1657 1146 1684 Ac
1160 1657 1270 1691 proinde
1284 1664 1377 1684 omnes
1395 1665 1448 1684 uno
1463 1658 1553 1684 animo
1571 1658 1692 1685 dicamus
1708 1667 1715 1684 :
1731 1657 1893 1686 Benedictus

1108 1701 1236 1729 Dominus
1255 1703 1299 1737 qui
1323 1711 1375 1729 non
1394 1703 1464 1730 dedit
1488 1711 1533 1730 nos
1559 1704 1586 1729 in
1612 1704 1756 1737 captionem
1772 1704 1893 1730 dentibus

1109 1756 1198 1774 eorum
1213 1749 1244 1779 ”.
1261 1752 1304 1781 et,
1322 1747 1471 1775 Torrentem
1489 1749 1651 1783 pertransivit
1666 1749 1756 1775 anima
1777 1754 1865 1776 nostra
1880 1757 1895 1777 ι,

1109 1794 1186 1828 quasi
1201 1802 1291 1828 passer
1307 1799 1394 1828 erepta
1408 1799 1444 1820 est
1458 1794 1490 1821 de
1500 1794 1593 1827 laqueo
1607 1795 1755 1821 venantium
1769 1794 1790 1810 "
1802 1804 1809 1821 :
1827 1794 1893 1821 alia-

1110 1846 1162 1873 que
1177 1839 1266 1866 omnia
1278 1859 1285 1872 ,
1305 1846 1364 1873 qua:
1380 1839 1481 1871 anima,
1498 1839 1531 1867 ob
1549 1839 1595 1866 Dei
1614 1839 1827 1867 muniﬁcentiam
1850 1841 1891 1867 iu-

1110 1885 1182 1919 genti
1201 1884 1292 1912 laetitia
1311 1884 1418 1920 perfusa
1440 1885 1618 1919 proloquitur.
1638 1884 1696 1913 Non
1714 1887 1846 1920 venimus,
1865 1891 1894 1912 ut

1110 1929 1226 1964 gladium
1242 1930 1380 1956 mittamus
1392 1949 1399 1961 ,
1418 1930 1464 1957 sed
1480 1935 1508 1956 ut
1533 1937 1627 1964 pacem
1640 1931 1672 1957 ιδ.
1693 1929 1751 1958 Non
1772 1931 1894 1960 venimus

1111 1975 1137 2002 in
1152 1976 1240 2010 magni
1253 1975 1324 2002 illius
1335 1976 1450 2009 pastoris
1469 1980 1652 2011 contemptum
1667 1981 1694 2004 et
1707 1977 1896 2011 ignominiam,

1108 2022 1154 2057 qui
1179 2022 1326 2057 Splendida:
1343 2023 1443 2050 civitati
1465 2023 1602 2057 praesidet.
1630 2023 1819 2051 llonorahilem
1839 2024 1894 2050 sci-

1110 2076 1185 2100 mus,
1200 2073 1280 2103 caput
1294 2069 1477 2104 agnoscimus,
1492 2074 1614 2096 sanctum
1628 2076 1770 2102 vocamus,
1785 2070 1893 2097 tametsi

1110 2113 1206 2148 injuria
1222 2114 1320 2141 aﬁ‘ccti.
1341 2113 1455 2141 Tantum
1471 2135 1478 2147 ,
1495 2114 1675 2149 indulgentem
1700 2120 1726 2142 et
1749 2115 1894 2143 humanum

275 2168 377 2197 patrem
399 2163 461 2190 ﬁliis
481 2170 510 2190 se
528 2163 664 2198 praebeat,
691 2163 791 2197 totique
814 2162 940 2189 Ecclesiae
958 2161 1051 2189 sedulo
1071 2161 1227 2196 prospiciat.
1252 2161 1413 2190 Sacerdotes
1436 2165 1463 2189 ct
1493 2161 1621 2196 praesules
1656 2168 1754 2196 augere
1794 2161 1896 2189 studui:

275 2216 344 2241 mus,
361 2216 414 2235 non
430 2208 603 2242 subtrahere;
621 2209 763 2236 lucreticos
777 2214 899 2235 evertere
911 2226 918 2240 ,
938 2215 990 2234 non
1005 2207 1171 2235 orthodoxos
1186 2206 1346 2234 imminuere

309 2256 345 2282 Γ’.
366 2255 397 2282 Τί
414 2255 476 2291 φὴς,
494 2252 517 2282 ὧ
537 2257 586 2282 παῖ
605 2255 692 2282 Δαοὰν
711 2255 766 2289 (99)
789 2255 835 2282 καὶ
860 2254 1000 2290 ’Λϐειρὼν,
1019 2263 1052 2281 κα

1153 2253 1195 2281 lll.
1217 2254 1285 2287 Quid
1301 2254 1356 2285 ais,
1374 2253 1422 2281 Fili
1441 2253 1545 2282 Dathan
1561 2258 1588 2281 ct
1601 2253 1714 2287 Abiron,
1732 2258 1759 2281 et
1774 2254 1827 2281 dux
1845 2261 1897 2280 nu-

310 2357 394 2386 ‘Luc.
408 2366 465 2391 ut,
481 2359 508 2386 2.
547 2359 555 2374 ‘
569 2359 633 2386 Luc.
649 2368 726 2392 xvm,
745 2361 787 2387 15.

277 2394 297 2410 ¹¹
314 2393 366 2421 lsa.
384 2401 444 2425 ην,
460 2394 486 2422 7,
525 2394 546 2409 ⁸³
567 2394 638 2422 Psal.
658 2403 735 2426 uin,
750 2395 777 2422 8.

277 2435 344 2462 xm,
361 2428 405 2456 49.
443 2428 465 2444 ’⁸
485 2429 556 2456 Psal.
573 2437 669 2457 cum.
691 2430 718 2457 6.
757 2430 778 2446 "
799 2430 863 2457 ibid.
890 2430 924 2462 5,

276 2487 415 2524 codicibus
427 2487 535 2519 desunt.
552 2493 634 2522 atque
648 2489 751 2524 respuit
767 2489 983 2521 Leuvenklaius;
1005 2488 1058 2515 Bil-

276 2521 431 2560 li_us_autem
443 2531 474 2560 ea
488 2521 624 2560 agnoscit,
642 2529 670 2551 et
693 2521 802 2560 quidem
818 2525 913 2551 merito
928 2544 935 2556 ,
950 2532 1010 2550 cum
1033 2525 1058 2550 in

275 2556 412 2593 plerisque
427 2559 504 2584 codd.
512 2556 650 2593 lcgantur.

309 2591 356 2626 (88
382 2591 578 2620 Νεόκτιστοὶε.
595 2593 642 2620 0r.
661 2594 686 2625 l,
705 2593 859 2621 νεώκιστον.

309 2592 367 2662 (89)
386 2628 555 2661 Νεοκτίστφ
569 2629 696 2662 ποιμένι.
719 2638 727 2654 1
747 2629 859 2662 Propter

309 2627 367 2662 (89)
386 2628 555 2661 Νεοκτίστῳ
569 2629 696 2663 ποιμένι.
719 2638 727 2654 1
747 2629 859 2664 Propter
876 2635 970 2656 recens
985 2637 1060 2657 crea-

255 2665 332 2690 ,tum
365 2668 510 2690 astorem.)

311 2670 367 2723 (99))
385 2698 508 2723 Κωλύει.

311 2695 367 2731 (90)
385 2698 508 2725 Κωλύει.
523 2698 607 2726 Coisl.
625 2699 651 2730 1,
671 2699 796 2726 κωλύσει.

826 2361 836 2375 ’¹
850 2359 869 2386 ll
885 2359 970 2387 Pural.
987 2367 1049 2386 xui

1105 2360 1135 2386 νδ.
1166 2359 1177 2375 ⁸
1192 2358 1262 2385 Psal.
1272 2366 1353 2390 xcvn,
1367 2367 1384 2385 ι.
1413 2359 1423 2374 ⁸
1435 2358 1505 2386 Psal.
1519 2366 1572 2390 cvi,
1584 2358 1630 2386 99.
1661 2359 1682 2374 '°
1696 2358 1765 2385 Psal.
1779 2366 1858 2386 cxxv.
1871 2359 1895 2385 1.

829 2395 850 2411 ¹³
864 2395 946 2422 Exod.
970 2403 1025 2425 xtv,
1039 2395 1089 2426 2i;
1115 2394 1234 2425 “1.15;
1257 2402 1322 2426 xm,
1340 2395 1356 2420 6
1371 2402 1430 2429 sqq.

952 2429 977 2458 7.
1017 2430 1038 2445 ¹³
1058 2429 1121 2457 Luc.
1139 2438 1187 2462 xtl,
1203 2429 1248 2456 51.

1488 2394 1510 2408 ⁸⁸
1529 2393 1610 2421 Josue
1622 2401 1659 2426 γι,
1677 2394 1718 2420 16.
1761 2394 1781 2409 ¹¹
1802 2395 1811 2420 l
1831 2394 1896 2427 11ης.

1151 2489 1207 2522 (9ὃ)
1229 2487 1300 2515 Οὖν.
1316 2487 1474 2514 Addidimus
1496 2487 1618 2522 codicum
1630 2486 1806 2522 auctoritate.

1148 2520 1203 2559 (96)
1222 2524 1363 2550 Βάλλειν.
1377 2521 1444 2549 Tres
1461 2522 1544 2556 ηυδε.
1560 2521 1607 2548 0r.
1626 2521 1651 2553 1,
1667 2526 1694 2547 et
1707 2520 1828 2548 Combel'.
1848 2520 1897 2555 βα,-

1114 2561 1179 2586 λεῖν.

1150 2594 1206 2630 (97)
1222 2591 1524 2630 λιεγᾴλοοίτοιμένος.
1541 2590 1669 2618 Putamus
1683 2590 1726 2617 hic
1744 2599 1752 2615 1
1769 2589 1896 2618 Basilium

1114 2629 1137 2657 Μ
1144 2628 1241 2663 agnum
1263 2638 1272 2653 ι
1296 2628 1418 2661 intelligi.

1151 2659 1207 2698 (98)
1228 2659 1441 2698 Ἀδικούμεῖ-οι.
1468 2661 1559 2698 liefert
1583 2660 1728 2698 Gregorius
1753 2659 1898 2698 1mideoAse

1117 2694 1213 2734 injuria
1228 2694 1352 2734 aﬁectuni
1368 2707 1376 2723 ι
1391 2706 1405 2723 a
1418 2696 1528 2728 Basilio,
1548 2696 1618 2729 quod
1633 2702 1693 2734 eum
1710 2694 1826 2734 Basilius
1838 2694 1898 2734 __Sa-

311 2729 368 2770 (9l_)
382 2732 606 2770 _‘E£1atrjt,érovc.
631 2729 676 2761 Sic
690 2738 745 2762 tres
763 2736 858 2770 ltcgg.,
873 2735 926 2762 duo
941 2734 1023 2762 Coisl.
1039 2739 1064 2762 et
1117 2729 1246 2770 simorum
1267 2733 1424 2766 episcopum
1449 2737 1569 2758 creasset
1588 2739 1594 2756 :
1613 2730 1706 2756 eadem
1733 2730 1759 2756 in
1776 2729 1899 2764 pluribus

276 2766 369 2804 0'11.-
381 2767 469 2804 l.',',°‘_]-
486 2766 669 2804 ἒξωσμένους.

325 2801 370 2839 ἓξ)
389 2801 487 2839 ᾘμᾶς.
506 2804 552 2831 Sic
563 2801 620 2831 duo
632 2805 716 2839 chg.
732 2809 758 2831 ct
772 2805 865 2831 Comh.
882 2804 963 2837 Editi,
982 2805 1065 2839 ὑμᾶς.

327 2836 372 2870 95)
399 2837 572 2873 Ἀποῤῥὴτῳ.
601 2836 721 2867 (ΣοὶΒΙῘἾ
749 2841 911 2875 ἀπορρήτων
939 2836 1067 2866 ἐκστάσει

325 2802 370 2835 92)
389 2802 402 2828 1

314 2802 372 2896 (ρ.)
399 2837 402 2843 ς

279 2879 314 2898 κα
327 2889 335 2902 ,
350 2876 402 2898 etc.

316 2905 385 2941 (94.)
400 2908 520 2936 Fuluio.
537 2908 580 2936 Sic
592 2910 642 2937 duo
655 2909 772 2945 Regg.cl
788 2910 833 2938 Or.
851 2910 950 2945 l._EtIiti
969 2910 1071 2938 Γολιάδ.

1117 2769 1183 2796 locis
1198 2772 1402 2796 commemorat.

1155 2804 1210 2839 (99)
1226 2801 1262 2829 Ὠ
1279 2802 1334 2839 παῖ
1347 2800 1521 2839 Arretii-Leto.
1539 2800 1623 2839 Quem
1635 2799 1678 2826 hic
1696 2800 1816 2835 designet
1832 2799 1898 2830 Gre.

1122 2836 1230 2874 gorius.
1251 2837 1415 2871 ambiguum.
1437 2836 1512 2874 [ﬁlias
1532 2836 1696 2874 Anthymum
1717 2843 1780 2874 esse
1804 2839 1897 2874 putat;

1125 2869 1258 2902 innuerim
1277 2869 1435 2909 quidemtut
1448 2872 1474 2898 in
1491 2871 1574 2909 Moon
1590 2869 1617 2909 It.
1629 2871 1656 2901 ‘2,
1667 2871 1828 2909 declaratur.
1845 2869 1899 2909 Eil-

1127 2911 1189 2944 lius,
1209 2903 1349 2944 quem-dam
1366 2907 1519 2943 episcopum
1538 2906 1665 2934 Anthimo
1686 2906 1829 2933 addictum.
1845 2903 1894 2931 Νου
