2069 3131
154 138 205 165 855

751 130 779 157 S.
800 130 963 158 GREGORII
983 129 1155 157 THEOLOGI

1718 129 1768 157 856

155 194 242 222 litaris
263 197 406 221 contumax
419 212 428 226 ,
446 193 490 228 qui
515 192 642 218 adversus
665 190 781 226 Moysem
797 191 936 225 insurgere

998 189 1123 225 πτρατηγὲ
1138 188 1333 223 ἀσωφρόνιστε,
1347 189 1360 214 ὁ
1379 188 1448 215 κατὰ
1465 188 1601 218 Μωῡσὲως
1622 187 1770 224 τολμήσας,

157 248 239 268 ausus
253 247 282 268 es
298 240 332 273 ",
355 240 399 274 qui
416 246 509 266 manus
524 238 551 265 in
570 245 629 267 nos.
650 237 877 271 quemadmodum
898 236 937 263 illi

156 287 263 322 linguas
284 286 311 312 in
335 292 458 320 magnum
477 284 550 311 illum
574 284 619 310 Dei
637 290 761 314 servum,
782 282 938 308 immisisti?

158 331 217 359 Non
230 331 390 359 cohorruisti
402 330 414 356 ?
430 329 487 356 Non
501 329 602 363 pudore
614 328 733 356 suﬁusus
744 328 794 355 es?
807 327 864 355 Non
883 328 940 354 hcce

160 378 251 405 animo
267 377 377 412 agitanti
393 383 488 402 carnes
504 375 530 401 iu
546 380 644 402 terram
661 375 786 409 collapsa:
808 374 893 402 sunt?
909 373 940 400 Et

160 428 250 458 postea
266 429 360 449 manus
376 421 425 447 has
441 428 546 448 sursum
565 420 598 447 ad
614 420 697 446 Deum
713 420 825 446 teudes?
846 419 939 445 Postra

160 470 228 495 dona
241 467 358 496 offeres?
377 468 472 495 Postea
493 467 626 494 orationes
644 473 692 500 pro
710 465 807 499 populo
825 464 940 491 fundes?

161 513 261 541 Vereor
277 513 401 548 equidem
426 521 459 539 ne
482 512 526 539 Dei
548 512 652 546 gladius
673 511 772 538 tamdiu
792 510 941 544 rubiginem

160 559 314 590 contrahat,
329 563 356 585 et
368 559 549 592 conquiescat.
566 557 619 584 Nec
639 565 653 584 a
670 562 777 592 pastore
792 561 838 583 tuo
850 557 942 590 ingen-

163 610 215 631 tem
241 604 357 638 aliquam
379 604 492 638 gratiam
515 603 653 634 iuiisti,ct
674 607 700 629 te
713 602 799 636 ipsum
826 601 943 627 maximo

164 649 325 677 detrimento
340 648 491 677 mulctasti.
508 653 533 674 te
549 649 635 682 ipsum
651 646 776 674 videlicet
791 654 805 673 a
822 647 866 673 Dei
882 654 944 681 gru-

163 696 198 722 tia
213 699 370 721 extraneum
389 694 512 721 reddens.

198 741 242 768 IV.
262 741 301 768 Ac
324 748 411 773 nunc,
435 748 450 767 ο
468 745 604 774 pastorum
624 740 723 774 optime
741 743 765 766 et
778 739 945 773 praestantis-

163 786 241 818 sime,
254 786 393 817 adesdum,
408 793 440 812 ac
452 785 603 817 uobiscum,
617 785 671 811 imo
687 789 749 811 ante
759 792 808 811 nos
820 783 944 818 populum

164 836 238 858 tuum
253 831 361 865 πεῖρε,
376 838 455 865 quem
474 830 589 864 Spiritus
607 834 714 856 sanctus
732 830 779 856 libi
795 829 943 860 commisil,

163 883 243 910 quem
259 876 343 910 angeli
366 876 491 907 oﬁ‘eruut,
509 883 588 910 quem
602 880 629 902 et
643 875 707 907 vita,
724 879 748 902 el
765 882 869 902 tuorum
883 882 943 910 pro—

998 879 1178 914 προσάγουσιν
1200 879 1320 913 ἄγγελοι,
1348 879 1377 905 ὃν
1405 879 1420 905 ὁ
1439 878 1494 913 βίος
1517 878 1563 905 καὶ
1580 878 1705 913 ὸτρόπος
1720 877 1780 903 ὲπῐ-
1813 892 1816 912 ι

165 922 244 954 bitas,
260 922 320 949 ﬁdei
339 928 390 949 tua:
406 922 529 949 credidit.
549 921 623 954 Quod
638 921 660 947 si
674 928 722 955 per
739 921 901 947 lentationes
918 925 945 946 et

165 968 353 1002 impedimenta
376 968 463 994 throni
486 967 669 994 hazrcditatem
687 966 870 1000 consequeris.
893 973 944 992 nou

165 1019 207 1041 est
230 1022 277 1041 cur
301 1014 348 1040 tibi
370 1013 420 1040 hoc
447 1012 544 1039 mirum
569 1012 653 1039 videri
674 1011 781 1039 debeat.
803 1011 881 1038 Nulla
903 1019 944 1038 res

166 1068 262 1096 magna
279 1060 444 1095 probationis
458 1063 484 1086 et
500 1058 645 1086 auxietatis
665 1062 705 1085 est
725 1065 831 1092 expers.
846 1057 945 1084 Natura

165 1108 236 1134 enim
251 1108 287 1134 ita
305 1110 486 1140 comparatum
502 1109 553 1136 est,
569 1109 654 1131 utres
672 1104 786 1131 humiles
797 1108 824 1131 et
836 1103 947 1137 abiectu:

165 1154 238 1181 facili
259 1154 366 1189 negotio
388 1158 526 1188 parentur,
545 1160 589 1180 res
608 1157 697 1179 autem
714 1151 841 1178 sublimes
857 1155 885 1178 et
899 1158 947 1178 ex-

166 1200 255 1232 celsm,
271 1208 322 1226 non
335 1200 385 1227 nisi
401 1206 506 1227 summo
517 1198 607 1226 studio
618 1204 645 1226 et
660 1197 825 1225 tlilﬁcultate.
838 1196 946 1223 Audisti

167 1243 279 1270 Paulum
299 1244 432 1270 dicentem
450 1252 458 1270 :
482 1242 562 1277 255
579 1241 705 1276 Oportere
719 1249 767 1268 nos
787 1249 833 1274 per
851 1240 947 1266 multa:

167 1288 349 1316 tribulatione:
361 1289 468 1316 introire
483 1289 511 1314 in
525 1295 631 1322 regnum
645 1287 768 1314 caelorum
781 1287 815 1314 ".
829 1286 876 1313 llic
892 1286 948 1321 ipse

167 1341 275 1369 quoque
303 1342 310 1361 :
344 1333 525 1360 Transiuimus
552 1342 597 1367 per
624 1333 710 1367 ignem
738 1338 761 1359 et
784 1340 897 1366 aquam,
925 1336 948 1358 et

167 1380 281 1407 eduxiin
295 1387 342 1406 nos
354 1380 380 1406 in
392 1379 558 1414 refrigerium
573 1379 606 1407 “.
620 1379 642 1406 0
655 1379 760 1414 insigne
771 1378 927 1406 miraculum
941 1387 948 1404 :

168 1426 209 1452 Ad
223 1433 353 1459 vesperum
369 1425 519 1452 demoratus
536 1429 572 1451 est
588 1425 676 1459 ﬂetus,
691 1429 719 1457 ει,
738 1424 773 1450 ad
790 1424 948 1450 matutinum

168 1470 262 1497 lwtitia
275 1471 307 1496 ".
325 1470 390 1497 Sine
405 1478 463 1503 eos,
477 1470 522 1505 qui
533 1470 631 1498 bellum
644 1474 751 1504 gerunt,
763 1469 858 1505 nugari
870 1473 950 1504 atque

169 1516 298 1550 ineptire,
313 1522 346 1542 ac
370 1516 477 1542 diducto
499 1516 566 1543 rictu
583 1516 658 1542 hiare
671 1535 679 1548 ,
696 1520 726 1542 ut
746 1522 827 1542 canes
848 1514 949 1542 frustra

168 1561 353 1588 oblatrantes:
378 1568 426 1588 nos
449 1565 539 1588 autem
564 1567 599 1588 ne
622 1560 690 1587 bello
713 1567 850 1587 vexemur.
878 1559 950 1587 Doce

169 1606 283 1633 adorare
299 1606 380 1634 Deum
395 1606 502 1633 Patrem
512 1626 520 1639 ,
535 1605 617 1633 Deum
631 1605 727 1633 Filium
739 1626 747 1639 ,
766 1606 848 1632 Deum
863 1604 951 1640 Spiri-

171 1658 227 1679 tum
246 1657 369 1680 sanctum
382 1672 390 1683 ,
412 1652 438 1678 in
456 1652 541 1679 tribus
557 1651 682 1686 personis
693 1672 700 1684 ,
715 1651 741 1678 in
759 1658 811 1678 una
827 1651 910 1686 gloria
924 1655 951 1678 et

170 1698 322 1732 splendore.
343 1697 419 1731 Quod
444 1697 541 1732 periit,
566 1697 695 1731 exquire:
716 1696 787 1731 quod
812 1695 951 1723 inﬁrmum

170 1748 222 1776 est,
237 1744 382 1772 corrobora
396 1752 402 1770 :
418 1743 488 1777 quod
500 1743 605 1770 ﬁrmum
618 1748 667 1776 est,
678 1750 755 1770 serva
764 1743 797 1769 “.
809 1742 922 1769 Tantam
937 1749 952 1769 a

172 1795 197 1816 te
212 1790 237 1816 iu
249 1789 431 1825 spirituallbus
443 1790 524 1817 rebus
537 1789 640 1816 laudem
654 1789 822 1822 nominisque
835 1789 948 1824 gloriam

171 1835 347 1870 cillagitamus
357 1855 365 1868 ,
377 1840 505 1870 quautam
522 1836 549 1862 in
563 1835 678 1862 terrenis
691 1835 806 1870 negotiis
821 1834 950 1869 cognovi-

171 1881 269 1908 vimus.
292 1880 486 1908 Periectiorem
510 1886 676 1908 armaturam
698 1887 713 1907 a
737 1879 883 1914 majoribus
902 1880 953 1906 du-

171 1927 247 1953 cibus
261 1926 378 1961 accipies
389 1945 396 1958 ,
410 1934 458 1962 per
471 1934 551 1961 quam
565 1926 666 1960 poteris
679 1925 762 1961 ignita
781 1925 882 1953 diaboli
901 1924 953 1952 tela

171 1971 344 2007 exstinguere
357 1972 391 2004 “,
421 1979 453 1998 ac
471 1971 566 1999 sistere
588 1971 703 1998 Domino
715 1971 818 2005 plebem
834 1970 954 2005 peculia-

989 289 1037 311 σας
1055 280 1093 314 τῷ
1107 279 1216 315 μεγάλῳ
1228 279 1265 313 (1)
1277 279 1420 313 θεράποντι
1430 286 1437 311 ;
1449 278 1506 304 Οὐκ
1520 277 1631 313 ἕφριξας
1643 286 1650 310 ;
1665 278 1720 304 Οὐκ
1730 279 1772 304 ἐν-

989 325 1126 360 ετράπης
1144 325 1200 351 Οὐκ
1215 323 1348 359 ἑῤῥευσάν
1363 332 1402 350 σοι
1416 322 1500 350 ταῦτα
1512 323 1691 358 διανοουμένῳ
1702 324 1772 350 κατὰ

989 371 1041 406 γῆς
1061 371 1089 396 αἱ
1107 371 1225 405 σάρκες;
1244 367 1310 396 Εἶτα
1326 369 1375 400 τὰς
1395 371 1489 404 χεῖρας
1504 369 1604 400 ταύτας
1626 369 1771 400 ἁνατείνεις

989 416 1028 451 τῷ
1055 415 1134 450 Θεῷ;
1162 413 1228 441 Εἶτα
1247 415 1320 450 δῶρα
1347 414 1510 450 προσάξεις;
1545 411 1611 440 Εἶτα
1637 413 1772 450 ὑπερεύξῃ

990 461 1072 493 λαοῦ;
1096 460 1232 495 Φοϐοῦμαι
1254 461 1290 496 μή
1317 469 1381 486 ποτε
1405 459 1528 486 τοσοῦτον
1551 461 1566 495 ἡ
1588 460 1708 495 ῥομφαία
1726 460 1771 486 τοῦ

991 507 1059 534 Θεοῦ
1074 507 1193 542 κατιωθῇ
1210 506 1260 541 (⁸2),
1274 506 1320 532 καὶ
1333 506 1506 541 ἠρεμήσειεν.
1524 505 1592 531 Οΰτε
1611 505 1648 540 τῷ
1667 506 1772 541 ποιμένι

991 551 1030 587 τῷ
1045 551 1083 587 σῷ
1100 551 1171 587 μέγα
1185 560 1211 577 τι
1224 550 1351 586 ἐχαρίσω,
1365 550 1411 576 καὶ
1428 550 1525 576 σαυτὸν
1540 549 1573 576 τὰ
1590 549 1701 585 μέγιστα
1712 550 1774 586 ἐζη-

994 599 1108 634 μίωσας,
1123 597 1305 633 ἀλλοτριώσας
1327 597 1364 632 (5)
1382 597 1492 623 σεαυτὸν
1510 597 1558 632 τῆς
1574 597 1621 624 τοῦ
1640 597 1706 623 Θεοῦ
1726 597 1775 632 χά-

995 653 1078 680 ριτος.

989 211 1001 216 ⁷
1011 211 1123 225 ’τ’-”Ιδ-
1139 211 1260 223 ’“““”Υῐ’“⁷
1271 211 1290 214 ⁷’
1300 211 1333 219 ⁷⁷*
1349 211 1359 214 “
1379 211 1448 215 ’”⁷“”“
1465 211 1601 218 ’⁷”⁷”⁷““⁷ῗ
1628 211 1770 224 ””“Γ⁷Ἰ“’”¹ΙῚ

988 235 1034 261 καὶ
1050 236 1141 269 χεῖρας
1155 233 1271 268 ἐπαφεὶς
1291 233 1366 268 ἡμῖν,
1388 233 1482 267 ὥσπερ
1499 233 1596 259 ἐκεῖνοι
1613 233 1662 264 τὰς
1682 233 1770 266 γλώσ-

989 289 1037 311 σας
1055 280 1093 314 τῷ
1107 279 1216 315 μεγάλῳ
1228 279 1265 313 (1)
1277 279 1420 313 θεράποντι
1430 286 1437 311 ;
1449 278 1506 304 Οὐκ
1520 277 1631 313 ἕφριξας
1643 286 1650 310 ;
1665 278 1720 304 Οὐκ
1730 279 1772 304 ἐν-

989 325 1126 360 ετράπης
1144 325 1200 351 Οὐκ
1215 323 1348 359 ἑῤῥευσάν
1363 332 1402 350 σοι
1416 322 1500 350 ταῦτα
1512 323 1691 358 διανοουμένῳ
1702 324 1772 350 κατὰ

989 371 1041 394 vi:
1061 371 1089 394 αἱ
1107 371 1224 394 σάοκεεε
1244 367 1310 394 Εἶτα
1326 369 1375 394 τὰς
1395 371 1489 394 νεῖοαε
1504 369 1604 394 ταύτας
1626 369 1771 394 ἁνατείνειε

1030 742 1065 768 Δ”.
1075 741 1132 767 Νῦν
1147 741 1186 772 δὲ,
1200 737 1222 767 ὧ
1236 740 1370 775 ποιμένων
1384 740 1476 776 ἄριστε
1490 740 1538 766 καὶ
1551 739 1708 770 τελεώτατε,
1723 737 1778 764 65'3-
1800 739 1803 766 ἕ

997 788 1027 823 ρό
1045 796 1089 823 μοι
1109 787 1155 814 καὶ
1173 787 1217 813 τὸν
1233 787 1277 812 σὺν
1289 786 1464 822 ἀπολάμϐανε
1479 786 1541 813 λαὸν
1557 786 1604 812 σὺν
1615 787 1680 821 ἡμῖν
1691 794 1720 811 τε
1731 786 1777 811 καὶ
1804 787 1807 812 ἶ

996 833 1049 869 πρὸ
1066 833 1152 868 ἡμῶν,
1165 833 1194 859 ὃν
1207 832 1352 867 ἐνεχείρισε
1373 841 1413 858 σοι
1431 833 1461 859 τὸ
1472 832 1584 867 Πνεῦμα
1598 832 1628 858 τὸ
1645 832 1732 866 ἅγιον,
1750 831 1778 857 ὃν

998 933 1118 951 στευσεν.
1145 925 1177 951 Εἰ
1195 925 1223 951 δὲ
1242 925 1285 951 διὰ
1302 923 1462 960 πειρασμῶν
1486 924 1532 950 καὶ
1550 923 1717 958 κωλυμάτων
1735 923 1779 949 τὸν

997 971 1090 1006 θρόνον
1104 970 1290 1006 κληρονομεῖς,
1309 969 1346 1005 μὴ
1363 969 1503 1005 θαυμάσῃς
1516 978 1522 984 ·
1537 969 1612 996 οὐδὲν
1628 968 1681 995 τῶν
1696 968 1780 1003 μεγά-

996 1015 1049 1041 λων
1063 1015 1201 1049 ἀδόκιμον,
1219 1014 1296 1040 οὐδὲν
1307 1014 1496 1041 ἀϐασάνιστον.
1508 1014 1623 1040 ’Ἐπεται
1634 1013 1688 1049 γὰρ
1702 1013 1782 1048 φύσει

997 1061 1053 1093 τοῖς
1068 1060 1116 1095 μὲν
1127 1061 1265 1091 ταπεινοῖς
1280 1059 1309 1086 τὸ
1329 1060 1429 1095 ῥᾴδιον,
1443 1061 1498 1092 τοῖς
1511 1059 1539 1086 δὲ
1556 1059 1666 1094 ὑψηλοῖς
1680 1059 1710 1085 τδ
1724 1058 1783 1085 δύσ-

998 1115 1106 1142 κτητον.
1124 1107 1262 1137 ’Ἤκουσας
1286 1105 1331 1132 τοῦ
1351 1105 1481 1138 εἰπόντος,
1495 1106 1559 1132 ’Ὅτι
1580 1105 1626 1131 δεῖ
1641 1104 1720 1140 ἡμᾶς
1735 1104 1783 1131 διὰ

998 1151 1121 1178 πολλῶν
1133 1152 1265 1186 θλίψεων
1279 1151 1426 1178 εἰσελθεῖν
1435 1152 1477 1183 εἰς
1490 1150 1546 1184 τὴν
1553 1151 1715 1182 ,ϐασιλείαν
1725 1149 1784 1176 τῶν

999 1196 1150 1231 οὐρανῶν·
1171 1197 1231 1223 εἰπὲ
1251 1197 1299 1223 καὶ
1319 1196 1414 1228 αὐτός’
1442 1196 1608 1230 Διήλθομεν
1626 1195 1674 1222 διὰ
1690 1195 1784 1229 πιψὸς

999 1243 1047 1269 καὶ
1060 1242 1178 1276 ὓδατος,
1194 1243 1242 1269 καὶ
1255 1242 1400 1277 ἐξήγαγες
1414 1240 1493 1276 ἡμᾶς
1508 1243 1551 1274 εἰς
1560 1240 1734 1275 ἀναψυχήν.
1752 1241 1785 1265 Ὢ

999 1288 1046 1315 τοῦ
1073 1289 1225 1324 θαύματοςῑ
1249 1288 1286 1315 Τὸ
1307 1287 1435 1322 ἑσπέρας
1464 1287 1594 1321 ηὐλίσθη
1623 1285 1784 1320 κλαυθμὸς.

1000 1333 1047 1360 καὶ
1059 1334 1102 1365 εἰς
1118 1333 1150 1360 τὸ
1164 1333 1238 1367 πρωῒ
1248 1334 1439 1367 ἀγαλλίασις.
1454 1333 1505 1359 Ἔα
1519 1332 1611 1368 ληρεῖν
1631 1332 1692 1363 τοὺς
1707 1331 1785 1357 πολε⁴

1002 1378 1119 1414 μοῦντας
1142 1379 1189 1404 καὶ
1215 1379 1402 1414 περιχάσκειν,
1433 1378 1470 1410 ὡς
1496 1377 1580 1409 κύνας
1605 1376 1787 1407 ὑλακτοῦντας

1001 1424 1142 1460 διακενῆς·
1167 1425 1247 1460 ἡμεῖς
1266 1425 1294 1452 δὲ
1311 1425 1348 1460 μὴ
1367 1423 1556 1460 πολεμῶμεοα.
1575 1423 1687 1450 Δίδασκε
1705 1430 1787 1457 προσ-

1001 1472 1092 1498 κυνεῖν
1120 1471 1186 1498 Θεδν
1210 1470 1255 1498 τὸν
1278 1471 1398 1508 Πατέρα,
1427 1471 1493 1497 Θεὸν
1520 1470 1565 1496 τὸν
1584 1469 1658 1501 Υἱὺν,
1679 1469 1743 1495 Θεὸν
1759 1469 1789 1496 τὸ

1002 1516 1114 1552 Πνεῦμα
1132 1516 1163 1543 τὸ
1183 1517 1269 1551 ἅγιον,
1286 1518 1315 1543 ὲν
1335 1517 1424 1553 τρισὶν
1441 1516 1630 1547 ὑποστάσεσιν,
1643 1517 1671 1542 ὲν
1686 1516 1734 1551 μιᾷ.
1745 1515 1790 1541 δό-

1003 1562 1035 1597 ξῃ
1049 1562 1087 1597 (4)
1100 1570 1129 1588 τε
1145 1563 1190 1588 καὶ
1206 1562 1386 1598 λαμπρότητι,
1404 1562 1440 1588 Τὸ
1456 1561 1594 1593 ἀπολωλὸς
1612 1561 1735 1596 ὲκζήτει*
1759 1560 1790 1587 τὸ

1004 1607 1116 1639 ἀσθενὲς
1135 1608 1242 1643 ἐνίσχυε
1252 1617 1259 1624 ·
1274 1608 1305 1635 τὸ
1317 1608 1425 1643 ἰσχυρὸν
1438 1608 1567 1642 φύλασσε.
1588 1607 1728 1642 Τοσαύτην
1738 1607 1791 1633 ἀπ-

1004 1652 1134 1688 αιτοῦμεν
1154 1662 1184 1680 σε
1202 1654 1252 1690 τὴν
1273 1655 1302 1680 ὲν
1322 1655 1378 1685 τοῖς
1391 1655 1586 1689 πνευματικοῖς
1605 1653 1788 1688 εὐδοκίμησιν,

1005 1699 1070 1734 ὅσην
1093 1699 1140 1726 ἐπὶ
1162 1699 1216 1725 τῶν
1241 1699 1381 1735 κοσμικῶν
1405 1701 1588 1735 συνέγνωμεν.
1607 1699 1661 1735 Τὴν
1681 1699 1730 1735 μὲν
1744 1697 1790 1726 οὖν

1006 1744 1172 1780 τελεωτέραν
1198 1745 1303 1772 ὅπλισιν
1327 1745 1414 1780 δὲχοιο
1430 1746 1467 1781 (5)
1489 1745 1564 1781 παρὰ
1587 1744 1640 1771 τῶν
1662 1744 1791 1780 μειζόνων

1007 1790 1177 1826 στρατηγῶν,
1193 1791 1226 1817 δι’
1243 1788 1276 1826 ἧς
1294 1791 1396 1828 δυνήσῃ
1412 1791 1445 1818 τὰ
1464 1791 1529 1826 βέλη
1553 1790 1600 1817 τοῦ
1622 1790 1739 1826 πονηροῦ
1757 1790 1792 1817 τὰ

1007 1837 1192 1870 πεπυρωμένα
1207 1835 1310 1868 σϐέσαι,
1327 1836 1373 1862 καὶ
1384 1835 1559 1872 παραστῆσαι
1573 1835 1612 1871 τῷ
1620 1835 1714 1871 Κυρίῳ
1728 1834 1791 1862 λαὸν

1007 1881 1171 1915 περιούσιον,
1196 1881 1271 1913 ἔθνος
1297 1882 1383 1916 ἅγιον,
1415 1881 1548 1916 βασίλειον
1577 1881 1735 1917 ἱεράτευμα,
1762 1880 1791 1907 ἐν

1007 1927 1117 1962 Χριστῷ
1140 1927 1226 1962 Ἰησοῦ
1242 1928 1280 1963 τῷ
1293 1928 1388 1963 Κυοίῳ
1401 1927 1478 1963 ἡμῶν
1491 1927 1540 1962 (6),
1596 1927 1613 1962 ἡ
1625 1927 1688 1960 δόξα
1699 1927 1736 1962 (7)
1752 1927 1791 1958 εις

1009 1973 1070 2004 τοὺς
1089 1973 1199 2005 αἰῶνας.
1222 1974 1316 2009 Ἀμήν.

173 2025 242 2049 rem.
258 2022 365 2052 gentem
393 2021 526 2050 sanctam,
543 2015 632 2051 regale
651 2016 832 2043 sacerdotium
846 2016 879 2048 ’⁵,
901 2016 926 2043 in
946 2015 1054 2044 Christo
1068 2017 1131 2045 Jesu
1154 2018 1266 2046 Domino
1285 2024 1387 2050 nostro.
1409 2019 1450 2045 cui
1481 2019 1564 2052 gloria
1584 2019 1608 2045 in
1625 2017 1720 2045 saecula
1738 2024 1790 2044 sae-

173 2063 303 2090 culorum.
320 2065 415 2091 Amen.

211 2123 232 2138 ¹⁹
254 2122 332 2148 Num.
349 2130 404 2152 xvi.
425 2122 450 2149 1.
490 2123 512 2138 ²⁹
523 2123 581 2149 Aet.
600 2131 654 2155 xxv,
668 2124 713 2150 21.
751 2123 855 2150 “Psal.
875 2131 936 2155 va,
953 2123 996 2150 l2.
1036 2124 1058 2138 ²²
1079 2123 1150 2150 Psal.
1175 2123 1286 2154 xxtx,6.
1325 2124 1346 2138 "
1368 2124 1466 2151 Ezech.
1485 2131 1582 2155 xxxtv,
1596 2123 1622 2150 4.
1661 2122 1790 2157 “Ephes.

174 2165 211 2190 ιι,
228 2158 270 2184 16.
308 2157 330 2172 ²⁵
354 2158 362 2183 1
378 2157 450 2184 Petr.
466 2165 495 2189 ιι,
510 2160 537 2185 9.

174 2210 348 2240 vusioperuru
366 2203 393 2229 S.
409 2203 499 2240 Basilii
513 2204 609 2235 editor.
630 2205 656 2231 in
672 2205 730 2239 ejus
743 2205 803 2232 Vita
825 2210 889 2231 tom.
906 2204 949 2236 Ill,

1040 2203 1079 2240 (2)
1099 2203 1241 2238 Κατιωθῇ.
1263 2204 1375 2240 Rectius
1394 2211 1474 2238 quain
1499 2204 1574 2240 κάτω
1594 2203 1638 2239 θῇ,
1655 2208 1683 2240 ut
1702 2202 1793 2240 Dillius

174 2247 198 2266 c.
219 2239 270 2275 24,7
279 2246 307 2265 ιι.
322 2238 354 2275 5_._
368 2245 394 2271 p.
412 2237 472 2271 “6.
489 2239 652 2273 probabilius
665 2237 749 2275 certe.
765 2241 951 2275 presbyterum

174 2272 502 2310 quemdam'l‘yanensem
516 2295 523 2305 ,
538 2275 589 2310 qui
606 2279 699 2301 contra
717 2272 959 2310 Basilium'pugna-

173 2313 261 2340 verat,
277 2308 345 2344 etin
365 2309 451 2344 ipsum
468 2309 548 2335 etiam
570 2308 728 2344 GregOrium
750 2308 878 2344 iniecerat
897 2308 957 2337 ima-

175 2351 237 2382 utts,
253 2347 286 2382 ut.
301 2343 334 2368 ah
352 2343 615 2382 Aulltimogratimn
629 2343 722 2382 iniret.
744 2343 812 2371 Huic
835 2345 880 2382 Dei
901 2345 959 2382 gla-

176 2378 248 2405 dium
275 2378 421 2414 rimprecari
449 2379 554 2405 videtur
578 2379 741 2414 Theologus,
773 2388 782 2405 ι
811 2385 840 2406 ut
857 2381 883 2406 in
903 2378 962 2407 ’hac

175 2414 240 2445 vita,
262 2413 362 2449 inquit
388 2413 476 2449 Elius.
510 2415 628 2440 audaciae
663 2413 718 2441 suae
745 2421 840 2449 poenas
864 2414 960 2446 luens,

175 2448 282 2475 aeternis
296 2448 434 2481 suppliciis
445 2449 589 2475 eximatur.
607 2459 616 2474 ι

179 2482 314 2554 @031:ch
327 2482 458 2519 μεγάλῳ.
484 2482 529 2511 Sic
544 2488 600 2511 tres
614 2483 697 2519 Regg.
713 2489 739 2511 et
761 2484 807 2512 0r.
832 2485 859 2513 l.
877 2485 956 2512 Deest

1009 2238 1123 2275 primum
1140 2241 1240 2274 legerat
1260 2245 1288 2266 et
1305 2239 1473 2271 reddiderat,
1493 2247 1503 2264 ι
1521 2239 1646 2266 deorsum
1669 2239 1713 2265 Dei
1730 2238 1788 2272 gla-

1011 2275 1072 2301 dius
1088 2275 1262 2309 propendeat.
1275 2284 1284 2300 ι

1045 2307 1096 2347 (τῇ
1107 2307 1336 2347 ᾈζλλοτριῴςζας.
1353 2308 1429 2347 ¢_Dei
1443 2308 1530 2347 gratia
1540 2312 1566 2334 te
1580 2307 1754 2335 excludens.»

1046 2345 1084 2378 (ιι)
1109 2345 1157 2372 Ἐν
1170 2343 1224 2379 μιᾷ
1239 2344 1325 2378 δόξῃ.
1345 2354 1354 2369 ‹
1369 2344 1397 2370 ln
1413 2351 1464 2370 una
1480 2343 1630 2377 majestate.
1647 2352 1658 2368 ι

1046 2379 1084 2415 (5)
1102 2379 1214 2415 Δέχοιο.
1231 2388 1240 2404 ι
1254 2380 1385 2415 Apeipito.
1402 2388 1411 2404 ι

1029 2411 1091 2477 ἀφ)
1128 2411 1236 2449 Ἣμῶν.
1270 2411 1327 2441 δῆθ’
1346 2414 1374 2440 in
1403 2413 1523 2448 pluribus
1555 2413 1632 2440 codd.
1658 2412 1737 2439 Deest
1766 2411 1792 2438 iu

1047 2458 1052 2476 |
1069 2457 1100 2476 IS.

1012 2451 1100 2476 editis.

1013 2519 1020 2525 _
1049 2484 1088 2519 (7)
1101 2484 1192 2525 ,Δόξα
1209 2483 1316 2511 Addunt
1334 2483 1468 2516 nonnulli,
1485 2483 1532 2510 καὶ
1553 2482 1582 2509 τὸ
1600 2482 1699 2517 κράτος
1712 2501 1719 2514 ,
1739 2490 1747 2506 ι
1767 2485 1795 2507 et

1013 2527 1180 2554 tmpenunm

451 2627 533 2663 2⁵6
558 2636 846 2682 MONITUM
885 2637 949 2680 ΙΝ

998 2635 1345 2682 ΉῖΑΤΙΟΝΕΜ
1380 2637 1511 2682 XIV.

219 2757 242 2787 l.
271 2758 422 2794 Quamvis
450 2759 484 2789 in
507 2759 669 2798 plerisque
693 2758 946 2798 manuhexaratis
962 2758 1138 2798 codicibus,
1162 2758 1228 2798 haec
1247 2757 1346 2787 oratio
1366 2757 1463 2787 istum
1483 2765 1595 2798 prte_se
1614 2755 1692 2787 ferat
1716 2756 1795 2798 titu-

180 2796 244 2826 lutu
274 2807 281 2825 :

307 2795 625 2837 Περὶπτωχοτροφίαςξ
640 2798 684 2827 De
708 2796 825 2826 alendis
852 2806 950 2836 paupe

998 2806 1064 2830 lus;
1085 2796 1282 2837 prmtulimus
1302 2799 1403 2827 tamen
1432 2805 1501 2827 cum
1530 2796 1724 2834 Hieronymo
1741 2795 1792 2834 (8),

217 2847 256 2883 (8)
274 2847 347 2876 llicr.
377 2849 414 2876 De
446 2850 536 2884 script.
551 2853 626 2882 εισι..
653 2850 695 2876 ed.
714 2848 776 2876 Bas.
803 2847 883 2881 1529,
899 2856 959 2882 pag.
980 2848 1038 2876 149.

1797 714 1801 736 1
