  <div class='ocr_page' id='page_1' title='image "/cluster/home/n/w/nwhite01/storage/ocr_20150623/35/njp.32101077772554/443.png"; bbox 0 0 2069 3131; ppageno 0'>
   <div class='ocr_carea' id='block_1_1' title="bbox 284 177 341 209">
    <p class='ocr_par' dir='ltr' id='par_1_1' title="bbox 284 177 341 209">
     <span class='ocr_line' id='line_1_1' title="bbox 284 177 341 209; baseline 0 0"><span class='ocrx_word' id='word_1_1' title='bbox 284 177 341 209; x_wconf 74' lang='lat'><strong>859</strong></span> 
     </span>
    </p>
   </div>
   <div class='ocr_carea' id='block_1_2' title="bbox 904 162 1312 211">
    <p class='ocr_par' dir='ltr' id='par_1_2' title="bbox 904 162 1312 211">
     <span class='ocr_line' id='line_1_2' title="bbox 904 162 1312 211; baseline 0.002 -3"><span class='ocrx_word' id='word_1_2' title='bbox 904 181 933 208; x_wconf 90' lang='lat' dir='ltr'><strong>s.</strong></span> <span class='ocrx_word' id='word_1_3' title='bbox 954 182 1119 211; x_wconf 80' lang='lat' dir='ltr'><strong>anGonn</strong></span> <span class='ocrx_word' id='word_1_4' title='bbox 1139 162 1312 210; x_wconf 76' lang='lat' dir='ltr'><strong>&#39;rnsomct</strong></span> 
     </span>
    </p>
   </div>
   <div class='ocr_carea' id='block_1_3' title="bbox 1867 190 1922 219">
    <p class='ocr_par' dir='ltr' id='par_1_3' title="bbox 1867 190 1922 219">
     <span class='ocr_line' id='line_1_3' title="bbox 1867 190 1922 219; baseline 0.018 -1"><span class='ocrx_word' id='word_1_5' title='bbox 1867 190 1922 219; x_wconf 83' lang='lat'><strong>860</strong></span> 
     </span>
    </p>
   </div>
   <div class='ocr_carea' id='block_1_4' title="bbox 284 235 1059 278">
    <p class='ocr_par' dir='ltr' id='par_1_4' title="bbox 284 235 1059 271">
     <span class='ocr_line' id='line_1_4' title="bbox 284 235 1059 271; baseline -0.001 -5"><span class='ocrx_word' id='word_1_6' title='bbox 284 239 367 270; x_wconf 84' lang='lat' dir='ltr'><strong>enim,</strong></span> <span class='ocrx_word' id='word_1_7' title='bbox 383 236 473 271; x_wconf 81' lang='lat' dir='ltr'><strong>parvis</strong></span> <span class='ocrx_word' id='word_1_8' title='bbox 488 236 615 264; x_wconf 76' lang='lat' dir='ltr'><strong>adhibitis</strong></span> <span class='ocrx_word' id='word_1_9' title='bbox 633 235 783 269; x_wconf 80' lang='lat' dir='ltr'><strong>mensuris,</strong></span> <span class='ocrx_word' id='word_1_10' title='bbox 809 237 879 265; x_wconf 88' lang='lat' dir='ltr'><strong>alius</strong></span> <span class='ocrx_word' id='word_1_11' title='bbox 897 238 979 264; x_wconf 91' lang='lat' dir='ltr'><strong>alium</strong></span> <span class='ocrx_word' id='word_1_12' title='bbox 999 244 1059 265; x_wconf 82' lang='lat' dir='ltr'><strong>ante</strong></span> 
     </span>
    </p>
   </div>
   <div class='ocr_carea' id='block_1_5' title="bbox 1112 235 1920 278">
    <p class='ocr_par' dir='ltr' id='par_1_5' title="bbox 1112 237 1920 278">
     <span class='ocr_line' id='line_1_5' title="bbox 1112 237 1920 278; baseline 0.007 -14"><span class='ocrx_word' id='word_1_13' title='bbox 1112 263 1115 268; x_wconf 43' lang='grc' dir='ltr'>λ</span> <span class='ocrx_word' id='word_1_14' title='bbox 1130 238 1263 270; x_wconf 79' lang='grc' dir='ltr'>ἅπαντες,</span> <span class='ocrx_word' id='word_1_15' title='bbox 1284 238 1330 265; x_wconf 82' lang='grc' dir='ltr'>καὶ</span> <span class='ocrx_word' id='word_1_16' title='bbox 1347 237 1397 273; x_wconf 74' lang='grc' dir='ltr'>τῆς</span> <span class='ocrx_word' id='word_1_17' title='bbox 1415 238 1489 270; x_wconf 83' lang='grc' dir='ltr'>θείας</span> <span class='ocrx_word' id='word_1_18' title='bbox 1505 240 1615 276; x_wconf 83' lang='grc' dir='ltr'>χάριτος</span> <span class='ocrx_word' id='word_1_19' title='bbox 1635 241 1760 275; x_wconf 77' lang='grc' dir='ltr'><strong>ἐπιδεεῖς,</strong></span> <span class='ocrx_word' id='word_1_20' title='bbox 1774 244 1824 272; x_wconf 80' lang='grc' dir='ltr'><strong>κᾶν</strong></span> <span class='ocrx_word' id='word_1_21' title='bbox 1839 245 1920 278; x_wconf 74' lang='grc' dir='ltr'>ἄλλος</span> 
     </span>
    </p>
   </div>
   <div class='ocr_carea' id='block_1_6' title="bbox 283 283 1070 317">
    <p class='ocr_par' dir='ltr' id='par_1_6' title="bbox 283 283 1070 317">
     <span class='ocr_line' id='line_1_6' title="bbox 283 283 1070 317; baseline -0.003 -5"><span class='ocrx_word' id='word_1_22' title='bbox 283 283 382 312; x_wconf 89' lang='lat' dir='ltr'><strong>cellere</strong></span> <span class='ocrx_word' id='word_1_23' title='bbox 418 283 551 314; x_wconf 82' lang='lat' dir='ltr'><strong>videatur,</strong></span> <span class='ocrx_word' id='word_1_24' title='bbox 580 290 715 317; x_wconf 74' lang='lat' dir='ltr'><strong>pauperes</strong></span> <span class='ocrx_word' id='word_1_25' title='bbox 742 287 832 310; x_wconf 88' lang='lat' dir='ltr'><strong>tamen</strong></span> <span class='ocrx_word' id='word_1_26' title='bbox 851 291 947 310; x_wconf 87' lang='lat' dir='ltr'><strong>omnes</strong></span> <span class='ocrx_word' id='word_1_27' title='bbox 976 291 1070 311; x_wconf 84' lang='lat' dir='ltr'><strong>revera</strong></span> 
     </span>
    </p>
   </div>
   <div class='ocr_carea' id='block_1_7' title="bbox 283 328 1072 365">
    <p class='ocr_par' dir='ltr' id='par_1_7' title="bbox 283 328 1072 365">
     <span class='ocr_line' id='line_1_7' title="bbox 283 328 1072 365; baseline -0.001 -8"><span class='ocrx_word' id='word_1_28' title='bbox 283 336 389 361; x_wconf 85' lang='lat' dir='ltr'><strong>sumus,</strong></span> <span class='ocrx_word' id='word_1_29' title='bbox 402 328 544 364; x_wconf 89' lang='lat' dir='ltr'><strong>gratiaque</strong></span> <span class='ocrx_word' id='word_1_30' title='bbox 559 328 652 356; x_wconf 80' lang='lat' dir='ltr'><strong>divina</strong></span> <span class='ocrx_word' id='word_1_31' title='bbox 668 329 850 364; x_wconf 83' lang='lat' dir='ltr'><strong>indigemus),</strong></span> <span class='ocrx_word' id='word_1_32' title='bbox 867 329 937 357; x_wconf 85' lang='lat' dir='ltr'><strong>hanc</strong></span> <span class='ocrx_word' id='word_1_33' title='bbox 953 329 987 356; x_wconf 91' lang='lat' dir='ltr'><strong>de</strong></span> <span class='ocrx_word' id='word_1_34' title='bbox 1004 337 1072 365; x_wconf 86' lang='lat' dir='ltr'><strong>pau-</strong></span> 
     </span>
    </p>
   </div>
   <div class='ocr_carea' id='block_1_8' title="bbox 282 373 1071 411">
    <p class='ocr_par' dir='ltr' id='par_1_8' title="bbox 282 373 1071 411">
     <span class='ocr_line' id='line_1_8' title="bbox 282 373 1071 411; baseline 0 -9"><span class='ocrx_word' id='word_1_35' title='bbox 282 382 376 411; x_wconf 86' lang='lat' dir='ltr'><strong>perum</strong></span> <span class='ocrx_word' id='word_1_36' title='bbox 391 381 485 401; x_wconf 86' lang='lat' dir='ltr'><strong>amore</strong></span> <span class='ocrx_word' id='word_1_37' title='bbox 498 374 648 402; x_wconf 85' lang='lat' dir='ltr'><strong>orationem</strong></span> <span class='ocrx_word' id='word_1_38' title='bbox 665 382 717 402; x_wconf 91' lang='lat' dir='ltr'><strong>non</strong></span> <span class='ocrx_word' id='word_1_39' title='bbox 733 379 847 410; x_wconf 86' lang='lat' dir='ltr'><strong>anguste</strong></span> <span class='ocrx_word' id='word_1_40' title='bbox 859 378 887 402; x_wconf 82' lang='lat' dir='ltr'><strong>et</strong></span> <span class='ocrx_word' id='word_1_41' title='bbox 900 373 1002 409; x_wconf 85' lang='lat' dir='ltr'><strong>jejune,</strong></span> <span class='ocrx_word' id='word_1_42' title='bbox 1025 376 1071 402; x_wconf 84' lang='lat' dir='ltr'><strong>sed</strong></span> 
     </span>
    </p>
   </div>
   <div class='ocr_carea' id='block_1_9' title="bbox 281 419 1068 455">
    <p class='ocr_par' dir='ltr' id='par_1_9' title="bbox 281 419 1068 455">
     <span class='ocr_line' id='line_1_9' title="bbox 281 419 1068 455; baseline 0.001 -8"><span class='ocrx_word' id='word_1_43' title='bbox 281 419 370 454; x_wconf 81' lang='lat' dir='ltr'><strong>ample</strong></span> <span class='ocrx_word' id='word_1_44' title='bbox 387 424 415 448; x_wconf 86' lang='lat' dir='ltr'><strong>et</strong></span> <span class='ocrx_word' id='word_1_45' title='bbox 430 420 572 455; x_wconf 84' lang='lat' dir='ltr'><strong>magniﬁce</strong></span> <span class='ocrx_word' id='word_1_46' title='bbox 591 421 717 454; x_wconf 72' lang='lat' dir='ltr'><strong>accipite,</strong></span> <span class='ocrx_word' id='word_1_47' title='bbox 733 425 762 447; x_wconf 90' lang='lat' dir='ltr'><strong>ut</strong></span> <span class='ocrx_word' id='word_1_48' title='bbox 777 421 850 455; x_wconf 82' lang='lat' dir='ltr'><strong>regni</strong></span> <span class='ocrx_word' id='word_1_49' title='bbox 861 428 926 455; x_wconf 85' lang='lat' dir='ltr'><strong>opes</strong></span> <span class='ocrx_word' id='word_1_50' title='bbox 943 428 1068 455; x_wconf 84' lang='lat' dir='ltr'><strong>assequa-</strong></span> 
     </span>
    </p>
   </div>
   <div class='ocr_carea' id='block_1_10' title="bbox 281 465 1071 500">
    <p class='ocr_par' dir='ltr' id='par_1_10' title="bbox 281 465 1071 500">
     <span class='ocr_line' id='line_1_10' title="bbox 281 465 1071 500; baseline 0 -7"><span class='ocrx_word' id='word_1_51' title='bbox 281 466 346 493; x_wconf 89' lang='lat' dir='ltr'><strong>mini</strong></span> <span class='ocrx_word' id='word_1_52' title='bbox 361 474 368 498; x_wconf 88' lang='lat'><strong>;</strong></span> <span class='ocrx_word' id='word_1_53' title='bbox 385 473 417 493; x_wconf 88' lang='lat' dir='ltr'><strong>ac</strong></span> <span class='ocrx_word' id='word_1_54' title='bbox 437 466 517 493; x_wconf 88' lang='lat' dir='ltr'><strong>simul</strong></span> <span class='ocrx_word' id='word_1_55' title='bbox 531 469 620 498; x_wconf 88' lang='lat' dir='ltr'><strong>orate,</strong></span> <span class='ocrx_word' id='word_1_56' title='bbox 637 470 666 492; x_wconf 91' lang='lat' dir='ltr'><strong>ut</strong></span> <span class='ocrx_word' id='word_1_57' title='bbox 680 473 739 493; x_wconf 88' lang='lat' dir='ltr'><strong>eam</strong></span> <span class='ocrx_word' id='word_1_58' title='bbox 757 466 867 500; x_wconf 79' lang='lat' dir='ltr'><strong>copiose</strong></span> <span class='ocrx_word' id='word_1_59' title='bbox 882 465 957 493; x_wconf 86' lang='lat' dir='ltr'><strong>vobis</strong></span> <span class='ocrx_word' id='word_1_60' title='bbox 971 465 1071 493; x_wconf 84' lang='lat' dir='ltr'><strong>submi-</strong></span> 
     </span>
    </p>
   </div>
   <div class='ocr_carea' id='block_1_11' title="bbox 281 511 1069 546">
    <p class='ocr_par' dir='ltr' id='par_1_11' title="bbox 281 511 1069 546">
     <span class='ocr_line' id='line_1_11' title="bbox 281 511 1069 546; baseline 0 -8"><span class='ocrx_word' id='word_1_61' title='bbox 281 511 440 544; x_wconf 86' lang='lat' dir='ltr'><strong>nistremus,</strong></span> <span class='ocrx_word' id='word_1_62' title='bbox 451 515 479 539; x_wconf 86' lang='lat' dir='ltr'><strong>et</strong></span> <span class='ocrx_word' id='word_1_63' title='bbox 495 519 622 540; x_wconf 84' lang='lat' dir='ltr'><strong>sermone</strong></span> <span class='ocrx_word' id='word_1_64' title='bbox 640 512 747 539; x_wconf 91' lang='lat' dir='ltr'><strong>animos</strong></span> <span class='ocrx_word' id='word_1_65' title='bbox 768 515 876 539; x_wconf 87' lang='lat' dir='ltr'><strong>vestros</strong></span> <span class='ocrx_word' id='word_1_66' title='bbox 890 511 1004 543; x_wconf 88' lang='lat' dir='ltr'><strong>alamus,</strong></span> <span class='ocrx_word' id='word_1_67' title='bbox 1021 519 1069 546; x_wconf 87' lang='lat' dir='ltr'><strong>pa-</strong></span> 
     </span>
    </p>
   </div>
   <div class='ocr_carea' id='block_1_12' title="bbox 280 557 1067 594">
    <p class='ocr_par' dir='ltr' id='par_1_12' title="bbox 280 557 1067 594">
     <span class='ocr_line' id='line_1_12' title="bbox 280 557 1067 594; baseline 0.001 -9"><span class='ocrx_word' id='word_1_68' title='bbox 280 565 397 593; x_wconf 89' lang='lat' dir='ltr'><strong>nemque</strong></span> <span class='ocrx_word' id='word_1_69' title='bbox 413 558 580 593; x_wconf 88' lang='lat' dir='ltr'><strong>spiritualem</strong></span> <span class='ocrx_word' id='word_1_70' title='bbox 602 558 674 585; x_wconf 82' lang='lat' dir='ltr'><strong>fame</strong></span> <span class='ocrx_word' id='word_1_71' title='bbox 696 557 885 585; x_wconf 90' lang='lat' dir='ltr'><strong>laborantibus</strong></span> <span class='ocrx_word' id='word_1_72' title='bbox 898 557 1067 594; x_wconf 83' lang='lat' dir='ltr'><strong>frangamus,</strong></span> 
     </span>
    </p>
   </div>
   <div class='ocr_carea' id='block_1_13' title="bbox 279 603 1068 640">
    <p class='ocr_par' dir='ltr' id='par_1_13' title="bbox 279 603 1068 640">
     <span class='ocr_line' id='line_1_13' title="bbox 279 603 1068 640; baseline 0.003 -10"><span class='ocrx_word' id='word_1_73' title='bbox 279 604 337 631; x_wconf 88' lang='lat' dir='ltr'><strong>sive</strong></span> <span class='ocrx_word' id='word_1_74' title='bbox 353 605 435 639; x_wconf 88' lang='lat' dir='ltr'><strong>prisci</strong></span> <span class='ocrx_word' id='word_1_75' title='bbox 451 604 524 631; x_wconf 93' lang='lat' dir='ltr'><strong>illius</strong></span> <span class='ocrx_word' id='word_1_76' title='bbox 548 603 632 639; x_wconf 77' lang='lat'><strong>258</strong></span> <span class='ocrx_word' id='word_1_77' title='bbox 654 604 753 640; x_wconf 83' lang='lat' dir='ltr'><strong>Moysis</strong></span> <span class='ocrx_word' id='word_1_78' title='bbox 775 604 803 632; x_wconf 91' lang='lat' dir='ltr'><strong>in</strong></span> <span class='ocrx_word' id='word_1_79' title='bbox 821 613 936 636; x_wconf 89' lang='lat' dir='ltr'><strong>morem,</strong></span> <span class='ocrx_word' id='word_1_80' title='bbox 951 605 1041 632; x_wconf 89' lang='lat' dir='ltr'><strong>cibum</strong></span> <span class='ocrx_word' id='word_1_81' title='bbox 1053 612 1068 632; x_wconf 88' lang='lat' dir='ltr'><strong>e</strong></span> 
     </span>
    </p>
   </div>
   <div class='ocr_carea' id='block_1_14' title="bbox 279 649 1068 685">
    <p class='ocr_par' dir='ltr' id='par_1_14' title="bbox 279 649 1068 685">
     <span class='ocr_line' id='line_1_14' title="bbox 279 649 1068 685; baseline -0.001 -8"><span class='ocrx_word' id='word_1_82' title='bbox 279 649 350 678; x_wconf 73' lang='lat' dir='ltr'><strong>cmlo</strong></span> <span class='ocrx_word' id='word_1_83' title='bbox 365 650 490 684; x_wconf 87' lang='lat' dir='ltr'><strong>pluentes</strong></span> <span class='ocrx_word' id='word_1_84' title='bbox 505 650 539 682; x_wconf 78' lang='lat'><strong>&#39;°,</strong></span> <span class='ocrx_word' id='word_1_85' title='bbox 563 655 645 684; x_wconf 86' lang='lat' dir='ltr'><strong>atque</strong></span> <span class='ocrx_word' id='word_1_86' title='bbox 659 650 817 685; x_wconf 78' lang='lat' dir='ltr'><strong>angelorum</strong></span> <span class='ocrx_word' id='word_1_87' title='bbox 835 658 932 685; x_wconf 85' lang='lat' dir='ltr'><strong>panem</strong></span> <span class='ocrx_word' id='word_1_88' title='bbox 951 650 1068 685; x_wconf 80' lang='lat' dir='ltr'><strong>largien-</strong></span> 
     </span>
    </p>
   </div>
   <div class='ocr_carea' id='block_1_15' title="bbox 279 696 1065 731">
    <p class='ocr_par' dir='ltr' id='par_1_15' title="bbox 279 696 1065 731">
     <span class='ocr_line' id='line_1_15' title="bbox 279 696 1065 731; baseline -0.001 -8"><span class='ocrx_word' id='word_1_89' title='bbox 279 701 319 723; x_wconf 88' lang='lat' dir='ltr'><strong>tes</strong></span> <span class='ocrx_word' id='word_1_90' title='bbox 334 696 376 728; x_wconf 85' lang='lat'><strong>&quot;;</strong></span> <span class='ocrx_word' id='word_1_91' title='bbox 403 696 461 723; x_wconf 86' lang='lat' dir='ltr'><strong>sive</strong></span> <span class='ocrx_word' id='word_1_92' title='bbox 478 696 571 730; x_wconf 90' lang='lat' dir='ltr'><strong>paucis</strong></span> <span class='ocrx_word' id='word_1_93' title='bbox 591 696 707 731; x_wconf 86' lang='lat' dir='ltr'><strong>panibus</strong></span> <span class='ocrx_word' id='word_1_94' title='bbox 722 696 805 723; x_wconf 89' lang='lat' dir='ltr'><strong>multa</strong></span> <span class='ocrx_word' id='word_1_95' title='bbox 827 696 909 723; x_wconf 90' lang='lat' dir='ltr'><strong>etiam</strong></span> <span class='ocrx_word' id='word_1_96' title='bbox 926 696 1065 723; x_wconf 87' lang='lat' dir='ltr'><strong>hominum</strong></span> 
     </span>
    </p>
   </div>
   <div class='ocr_carea' id='block_1_16' title="bbox 278 741 1064 776">
    <p class='ocr_par' dir='ltr' id='par_1_16' title="bbox 278 741 1064 776">
     <span class='ocr_line' id='line_1_16' title="bbox 278 741 1064 776; baseline 0 -8"><span class='ocrx_word' id='word_1_97' title='bbox 278 741 367 769; x_wconf 76' lang='lat' dir='ltr'><strong>millia</strong></span> <span class='ocrx_word' id='word_1_98' title='bbox 378 742 404 769; x_wconf 90' lang='lat' dir='ltr'><strong>in</strong></span> <span class='ocrx_word' id='word_1_99' title='bbox 423 741 534 769; x_wconf 82' lang='lat' dir='ltr'><strong>deserto</strong></span> <span class='ocrx_word' id='word_1_100' title='bbox 545 742 577 769; x_wconf 90' lang='lat' dir='ltr'><strong>ad</strong></span> <span class='ocrx_word' id='word_1_101' title='bbox 592 743 766 769; x_wconf 84' lang='lat' dir='ltr'><strong>saturitatem</strong></span> <span class='ocrx_word' id='word_1_102' title='bbox 781 749 868 776; x_wconf 82' lang='lat' dir='ltr'><strong>usque</strong></span> <span class='ocrx_word' id='word_1_103' title='bbox 879 745 1022 776; x_wconf 89' lang='lat' dir='ltr'><strong>pascentes</strong></span> <span class='ocrx_word' id='word_1_104' title='bbox 1031 741 1064 774; x_wconf 74' lang='grc'><strong>’⁸,</strong></span> 
     </span>
    </p>
   </div>
   <div class='ocr_carea' id='block_1_17' title="bbox 277 787 1064 822">
    <p class='ocr_par' dir='ltr' id='par_1_17' title="bbox 277 787 1064 822">
     <span class='ocr_line' id='line_1_17' title="bbox 277 787 1064 822; baseline -0.001 -7"><span class='ocrx_word' id='word_1_105' title='bbox 277 788 459 822; x_wconf 79' lang='lat' dir='ltr'><strong>velutpOSIea</strong></span> <span class='ocrx_word' id='word_1_106' title='bbox 480 787 562 816; x_wconf 81' lang='lat' dir='ltr'><strong>Jesus</strong></span> <span class='ocrx_word' id='word_1_107' title='bbox 575 788 651 820; x_wconf 83' lang='lat' dir='ltr'><strong>iecit,</strong></span> <span class='ocrx_word' id='word_1_108' title='bbox 671 796 765 821; x_wconf 84' lang='lat' dir='ltr'><strong>verus,</strong></span> <span class='ocrx_word' id='word_1_109' title='bbox 781 789 903 822; x_wconf 89' lang='lat' dir='ltr'><strong>inquam,</strong></span> <span class='ocrx_word' id='word_1_110' title='bbox 915 787 961 815; x_wconf 91' lang='lat' dir='ltr'><strong>ille</strong></span> <span class='ocrx_word' id='word_1_111' title='bbox 975 787 1064 822; x_wconf 91' lang='lat' dir='ltr'><strong>panis,</strong></span> 
     </span>
    </p>
   </div>
   <div class='ocr_carea' id='block_1_18' title="bbox 276 833 1064 869">
    <p class='ocr_par' dir='ltr' id='par_1_18' title="bbox 276 833 1064 869">
     <span class='ocr_line' id='line_1_18' title="bbox 276 833 1064 869; baseline -0.003 -7"><span class='ocrx_word' id='word_1_112' title='bbox 276 839 305 862; x_wconf 85' lang='lat' dir='ltr'><strong>et</strong></span> <span class='ocrx_word' id='word_1_113' title='bbox 327 842 398 861; x_wconf 70' lang='lat' dir='ltr'><strong>verae</strong></span> <span class='ocrx_word' id='word_1_114' title='bbox 416 835 477 862; x_wconf 62' lang='lat' dir='ltr'><strong>vitae</strong></span> <span class='ocrx_word' id='word_1_115' title='bbox 496 840 602 862; x_wconf 90' lang='lat' dir='ltr'><strong>auctor.</strong></span> <span class='ocrx_word' id='word_1_116' title='bbox 634 834 682 862; x_wconf 86' lang='lat' dir='ltr'><strong>Est</strong></span> <span class='ocrx_word' id='word_1_117' title='bbox 706 835 816 869; x_wconf 89' lang='lat' dir='ltr'><strong>quidem</strong></span> <span class='ocrx_word' id='word_1_118' title='bbox 831 834 903 861; x_wconf 87' lang='lat' dir='ltr'><strong>haud</strong></span> <span class='ocrx_word' id='word_1_119' title='bbox 919 833 1064 861; x_wconf 89' lang='lat' dir='ltr'><strong>admodum</strong></span> 
     </span>
    </p>
   </div>
   <div class='ocr_carea' id='block_1_19' title="bbox 276 879 1060 916">
    <p class='ocr_par' dir='ltr' id='par_1_19' title="bbox 276 879 1060 916">
     <span class='ocr_line' id='line_1_19' title="bbox 276 879 1060 916; baseline -0.004 -8"><span class='ocrx_word' id='word_1_120' title='bbox 276 886 431 916; x_wconf 91' lang='lat' dir='ltr'><strong>promptum</strong></span> <span class='ocrx_word' id='word_1_121' title='bbox 444 884 470 907; x_wconf 92' lang='lat' dir='ltr'><strong>ct</strong></span> <span class='ocrx_word' id='word_1_122' title='bbox 488 879 568 907; x_wconf 76' lang='lat' dir='ltr'><strong>facile</strong></span> <span class='ocrx_word' id='word_1_123' title='bbox 582 880 654 908; x_wconf 89' lang='lat' dir='ltr'><strong>inter</strong></span> <span class='ocrx_word' id='word_1_124' title='bbox 668 880 796 912; x_wconf 87' lang='lat' dir='ltr'><strong>virtutes,</strong></span> <span class='ocrx_word' id='word_1_125' title='bbox 813 886 884 911; x_wconf 85' lang='lat' dir='ltr'><strong>eam,</strong></span> <span class='ocrx_word' id='word_1_126' title='bbox 901 886 962 913; x_wconf 62' lang='lat' dir='ltr'><strong>qua;</strong></span> <span class='ocrx_word' id='word_1_127' title='bbox 979 883 1060 906; x_wconf 63' lang='grc' dir='ltr'>επιε-</span> 
     </span>
    </p>
   </div>
   <div class='ocr_carea' id='block_1_20' title="bbox 1129 284 1918 326">
    <p class='ocr_par' dir='ltr' id='par_1_20' title="bbox 1129 284 1918 326">
     <span class='ocr_line' id='line_1_20' title="bbox 1129 284 1918 326; baseline 0.01 -16"><span class='ocrx_word' id='word_1_128' title='bbox 1129 284 1209 311; x_wconf 87' lang='grc' dir='ltr'>ἄλλου</span> <span class='ocrx_word' id='word_1_129' title='bbox 1227 284 1355 319; x_wconf 80' lang='grc' dir='ltr'><strong>προέχειν</strong></span> <span class='ocrx_word' id='word_1_130' title='bbox 1365 284 1442 320; x_wconf 85' lang='grc' dir='ltr'>δοκῇ,</span> <span class='ocrx_word' id='word_1_131' title='bbox 1461 287 1568 321; x_wconf 82' lang='grc' dir='ltr'><strong>μικροῖς</strong></span> <span class='ocrx_word' id='word_1_132' title='bbox 1587 286 1696 322; x_wconf 83' lang='grc' dir='ltr'><strong>μέτροις</strong></span> <span class='ocrx_word' id='word_1_133' title='bbox 1724 290 1918 326; x_wconf 79' lang='grc' dir='ltr'>μετρούμενος,</span> 
     </span>
    </p>
   </div>
   <div class='ocr_carea' id='block_1_21' title="bbox 1123 329 1916 371">
    <p class='ocr_par' dir='ltr' id='par_1_21' title="bbox 1123 329 1916 371">
     <span class='ocr_line' id='line_1_21' title="bbox 1123 329 1916 371; baseline 0.009 -15"><span class='ocrx_word' id='word_1_134' title='bbox 1123 329 1235 362; x_wconf 80' lang='grc' dir='ltr'>δέξασθε</span> <span class='ocrx_word' id='word_1_135' title='bbox 1242 330 1287 356; x_wconf 79' lang='grc' dir='ltr'><strong>τὸν</strong></span> <span class='ocrx_word' id='word_1_136' title='bbox 1296 330 1358 366; x_wconf 76' lang='grc' dir='ltr'>περὶ</span> <span class='ocrx_word' id='word_1_137' title='bbox 1369 330 1552 366; x_wconf 82' lang='grc' dir='ltr'>φιλοπτωχίας</span> <span class='ocrx_word' id='word_1_138' title='bbox 1562 331 1617 368; x_wconf 78' lang='grc'>(17)</span> <span class='ocrx_word' id='word_1_139' title='bbox 1625 333 1711 366; x_wconf 83' lang='grc' dir='ltr'>λόγον,</span> <span class='ocrx_word' id='word_1_140' title='bbox 1723 334 1760 370; x_wconf 91' lang='grc' dir='ltr'><strong>μὴ</strong></span> <span class='ocrx_word' id='word_1_141' title='bbox 1769 337 1916 371; x_wconf 81' lang='grc' dir='ltr'><strong>πενιχρῶς,</strong></span> 
     </span>
    </p>
   </div>
   <div class='ocr_carea' id='block_1_22' title="bbox 1122 375 1915 416">
    <p class='ocr_par' dir='ltr' id='par_1_22' title="bbox 1122 375 1915 416">
     <span class='ocr_line' id='line_1_22' title="bbox 1122 375 1915 416; baseline 0.01 -15"><span class='ocrx_word' id='word_1_142' title='bbox 1122 375 1189 404; x_wconf 74' lang='grc' dir='ltr'>ἀλλὰ</span> <span class='ocrx_word' id='word_1_143' title='bbox 1199 375 1357 411; x_wconf 71' lang='grc' dir='ltr'><strong>φιλοτίμως,</strong></span> <span class='ocrx_word' id='word_1_144' title='bbox 1366 376 1409 403; x_wconf 86' lang='grc' dir='ltr'><strong>ἴνα</strong></span> <span class='ocrx_word' id='word_1_145' title='bbox 1420 376 1558 411; x_wconf 84' lang='grc' dir='ltr'>βασιλείαν</span> <span class='ocrx_word' id='word_1_146' title='bbox 1568 378 1736 415; x_wconf 79' lang='grc' dir='ltr'><strong>πλουτήσητε</strong></span> <span class='ocrx_word' id='word_1_147' title='bbox 1743 380 1810 416; x_wconf 79' lang='grc'>(18)”</span> <span class='ocrx_word' id='word_1_148' title='bbox 1822 383 1915 408; x_wconf 81' lang='grc' dir='ltr'>συνεύ-</span> 
     </span>
    </p>
   </div>
   <div class='ocr_carea' id='block_1_23' title="bbox 1123 420 1914 462">
    <p class='ocr_par' dir='ltr' id='par_1_23' title="bbox 1123 420 1914 462">
     <span class='ocr_line' id='line_1_23' title="bbox 1123 420 1914 462; baseline 0.008 -15"><span class='ocrx_word' id='word_1_149' title='bbox 1123 420 1203 453; x_wconf 77' lang='grc' dir='ltr'>ξασοε</span> <span class='ocrx_word' id='word_1_150' title='bbox 1221 421 1249 448; x_wconf 83' lang='grc' dir='ltr'>δὲ</span> <span class='ocrx_word' id='word_1_151' title='bbox 1266 422 1313 448; x_wconf 82' lang='grc' dir='ltr'><strong>καὶ</strong></span> <span class='ocrx_word' id='word_1_152' title='bbox 1329 422 1403 458; x_wconf 86' lang='grc' dir='ltr'>ἡμᾶς</span> <span class='ocrx_word' id='word_1_153' title='bbox 1419 423 1554 455; x_wconf 79' lang='grc' dir='ltr'><strong>πλουσίως</strong></span> <span class='ocrx_word' id='word_1_154' title='bbox 1562 423 1656 451; x_wconf 80' lang='grc' dir='ltr'>τοῦτον</span> <span class='ocrx_word' id='word_1_155' title='bbox 1674 425 1738 460; x_wconf 84' lang='grc' dir='ltr'>ὑμῖν</span> <span class='ocrx_word' id='word_1_156' title='bbox 1750 427 1914 462; x_wconf 77' lang='grc' dir='ltr'>χορηγῆσαι,</span> 
     </span>
    </p>
   </div>
   <div class='ocr_carea' id='block_1_24' title="bbox 1123 467 1914 506">
    <p class='ocr_par' dir='ltr' id='par_1_24' title="bbox 1123 467 1914 506">
     <span class='ocr_line' id='line_1_24' title="bbox 1123 467 1914 506; baseline 0.006 -13"><span class='ocrx_word' id='word_1_157' title='bbox 1123 468 1169 493; x_wconf 82' lang='grc' dir='ltr'>καὶ</span> <span class='ocrx_word' id='word_1_158' title='bbox 1183 467 1280 503; x_wconf 66' lang='grc' dir='ltr'>θρέψαι</span> <span class='ocrx_word' id='word_1_159' title='bbox 1294 467 1332 503; x_wconf 85' lang='grc' dir='ltr'><strong>τῷ</strong></span> <span class='ocrx_word' id='word_1_160' title='bbox 1353 468 1424 504; x_wconf 85' lang='grc' dir='ltr'>λόγῳ</span> <span class='ocrx_word' id='word_1_161' title='bbox 1440 468 1490 500; x_wconf 84' lang='grc' dir='ltr'><strong>τὰς</strong></span> <span class='ocrx_word' id='word_1_162' title='bbox 1517 469 1652 506; x_wconf 78' lang='grc' dir='ltr'><strong>ὑμετέρας</strong></span> <span class='ocrx_word' id='word_1_163' title='bbox 1673 471 1772 506; x_wconf 81' lang='grc' dir='ltr'>ψυχὰς,</span> <span class='ocrx_word' id='word_1_164' title='bbox 1789 471 1836 498; x_wconf 82' lang='grc' dir='ltr'>καὶ</span> <span class='ocrx_word' id='word_1_165' title='bbox 1853 472 1914 498; x_wconf 76' lang='grc' dir='ltr'>δια-</span> 
     </span>
    </p>
   </div>
   <div class='ocr_carea' id='block_1_25' title="bbox 1122 512 1915 551">
    <p class='ocr_par' dir='ltr' id='par_1_25' title="bbox 1122 512 1915 551">
     <span class='ocr_line' id='line_1_25' title="bbox 1122 512 1915 551; baseline 0.006 -13"><span class='ocrx_word' id='word_1_166' title='bbox 1122 512 1222 548; x_wconf 72' lang='grc' dir='ltr'>θρύψαι</span> <span class='ocrx_word' id='word_1_167' title='bbox 1241 513 1355 540; x_wconf 82' lang='grc' dir='ltr'><strong>πεινῶσι</strong></span> <span class='ocrx_word' id='word_1_168' title='bbox 1369 513 1414 540; x_wconf 85' lang='grc' dir='ltr'>τὸν</span> <span class='ocrx_word' id='word_1_169' title='bbox 1425 514 1607 550; x_wconf 79' lang='grc' dir='ltr'>πνευματικὸν</span> <span class='ocrx_word' id='word_1_170' title='bbox 1622 515 1713 551; x_wconf 74' lang='grc' dir='ltr'>ἄρτον·</span> <span class='ocrx_word' id='word_1_171' title='bbox 1732 517 1785 542; x_wconf 73' lang='grc' dir='ltr'>εἴτε</span> <span class='ocrx_word' id='word_1_172' title='bbox 1802 517 1849 543; x_wconf 84' lang='grc' dir='ltr'><strong>ἀπ’</strong></span> <span class='ocrx_word' id='word_1_173' title='bbox 1868 517 1915 543; x_wconf 84' lang='grc' dir='ltr'><strong>οὑ-</strong></span> 
     </span>
    </p>
   </div>
   <div class='ocr_carea' id='block_1_26' title="bbox 1123 559 1913 598">
    <p class='ocr_par' dir='ltr' id='par_1_26' title="bbox 1123 559 1913 598">
     <span class='ocr_line' id='line_1_26' title="bbox 1123 559 1913 598; baseline 0.006 -13"><span class='ocrx_word' id='word_1_174' title='bbox 1123 559 1206 594; x_wconf 86' lang='grc' dir='ltr'>ρανοῦ</span> <span class='ocrx_word' id='word_1_175' title='bbox 1222 560 1325 595; x_wconf 73' lang='grc' dir='ltr'>τροφὴν</span> <span class='ocrx_word' id='word_1_176' title='bbox 1348 559 1443 592; x_wconf 77' lang='grc' dir='ltr'>ὓοντας</span> <span class='ocrx_word' id='word_1_177' title='bbox 1465 560 1532 596; x_wconf 83' lang='grc'>(19),</span> <span class='ocrx_word' id='word_1_178' title='bbox 1551 561 1676 598; x_wconf 82' lang='grc' dir='ltr'>καθάπερ</span> <span class='ocrx_word' id='word_1_179' title='bbox 1693 563 1812 598; x_wconf 81' lang='grc' dir='ltr'>Μωῦσῆς</span> <span class='ocrx_word' id='word_1_180' title='bbox 1824 564 1838 589; x_wconf 85' lang='grc' dir='ltr'>ὁ</span> <span class='ocrx_word' id='word_1_181' title='bbox 1857 572 1913 590; x_wconf 87' lang='grc' dir='ltr'>πα-</span> 
     </span>
    </p>
   </div>
   <div class='ocr_carea' id='block_1_27' title="bbox 1119 603 1912 642">
    <p class='ocr_par' dir='ltr' id='par_1_27' title="bbox 1119 603 1912 642">
     <span class='ocr_line' id='line_1_27' title="bbox 1119 603 1912 642; baseline 0.006 -13"><span class='ocrx_word' id='word_1_182' title='bbox 1119 603 1194 636; x_wconf 58' lang='lat' dir='ltr'><strong>latin;</strong></span> <span class='ocrx_word' id='word_1_183' title='bbox 1207 605 1319 636; x_wconf 81' lang='grc' dir='ltr'>ἐκεῖνος,</span> <span class='ocrx_word' id='word_1_184' title='bbox 1341 605 1388 631; x_wconf 78' lang='grc' dir='ltr'><strong>καὶ</strong></span> <span class='ocrx_word' id='word_1_185' title='bbox 1398 605 1480 640; x_wconf 83' lang='grc' dir='ltr'>ἄρτον</span> <span class='ocrx_word' id='word_1_186' title='bbox 1502 605 1623 640; x_wconf 77' lang='grc' dir='ltr'>ἀγγέλων</span> <span class='ocrx_word' id='word_1_187' title='bbox 1637 606 1841 642; x_wconf 80' lang='grc' dir='ltr'>χαριζομένους·</span> <span class='ocrx_word' id='word_1_188' title='bbox 1855 608 1912 634; x_wconf 73' lang='grc' dir='ltr'>εἴτε</span> 
     </span>
    </p>
   </div>
   <div class='ocr_carea' id='block_1_28' title="bbox 1119 649 1911 687">
    <p class='ocr_par' dir='ltr' id='par_1_28' title="bbox 1119 649 1911 687">
     <span class='ocr_line' id='line_1_28' title="bbox 1119 649 1911 687; baseline 0.004 -11"><span class='ocrx_word' id='word_1_189' title='bbox 1119 649 1210 684; x_wconf 80' lang='grc' dir='ltr'>ἄρτοις</span> <span class='ocrx_word' id='word_1_190' title='bbox 1223 649 1324 684; x_wconf 75' lang='grc' dir='ltr'>ὀλίγοις</span> <span class='ocrx_word' id='word_1_191' title='bbox 1338 651 1366 676; x_wconf 80' lang='grc' dir='ltr'>ὲν</span> <span class='ocrx_word' id='word_1_192' title='bbox 1379 651 1482 686; x_wconf 74' lang='grc' dir='ltr'>ἐρημίᾳ</span> <span class='ocrx_word' id='word_1_193' title='bbox 1498 651 1649 686; x_wconf 75' lang='grc' dir='ltr'>τρέφοντας</span> <span class='ocrx_word' id='word_1_194' title='bbox 1667 652 1746 687; x_wconf 82' lang='grc' dir='ltr'>μέχρι</span> <span class='ocrx_word' id='word_1_195' title='bbox 1761 653 1841 687; x_wconf 83' lang='grc' dir='ltr'>κόρου</span> <span class='ocrx_word' id='word_1_196' title='bbox 1860 654 1911 680; x_wconf 78' lang='grc' dir='ltr'>καὶ</span> 
     </span>
    </p>
   </div>
   <div class='ocr_carea' id='block_1_29' title="bbox 1120 695 1909 734">
    <p class='ocr_par' dir='ltr' id='par_1_29' title="bbox 1120 695 1909 734">
     <span class='ocr_line' id='line_1_29' title="bbox 1120 695 1909 734; baseline 0.006 -14"><span class='ocrx_word' id='word_1_197' title='bbox 1120 695 1265 730; x_wconf 73' lang='grc' dir='ltr'><strong>μυριάδας,</strong></span> <span class='ocrx_word' id='word_1_198' title='bbox 1275 695 1399 731; x_wconf 80' lang='grc' dir='ltr'>καθάπερ</span> <span class='ocrx_word' id='word_1_199' title='bbox 1414 697 1518 732; x_wconf 77' lang='grc' dir='ltr'>Ἰησοῦς</span> <span class='ocrx_word' id='word_1_200' title='bbox 1533 697 1655 732; x_wconf 81' lang='grc' dir='ltr'>ὕστερον,</span> <span class='ocrx_word' id='word_1_201' title='bbox 1662 699 1676 724; x_wconf 85' lang='grc' dir='ltr'>ὁ</span> <span class='ocrx_word' id='word_1_202' title='bbox 1685 698 1808 734; x_wconf 77' lang='grc' dir='ltr'>ἀληθινὸς</span> <span class='ocrx_word' id='word_1_203' title='bbox 1815 699 1909 734; x_wconf 81' lang='grc' dir='ltr'>ἄρτος,</span> 
     </span>
    </p>
   </div>
   <div class='ocr_carea' id='block_1_30' title="bbox 1117 741 1910 778">
    <p class='ocr_par' dir='ltr' id='par_1_30' title="bbox 1117 741 1910 778">
     <span class='ocr_line' id='line_1_30' title="bbox 1117 741 1910 778; baseline 0.006 -12"><span class='ocrx_word' id='word_1_204' title='bbox 1117 741 1166 767; x_wconf 77' lang='grc' dir='ltr'>καὶ</span> <span class='ocrx_word' id='word_1_205' title='bbox 1181 741 1230 776; x_wconf 85' lang='grc' dir='ltr'>τῆς</span> <span class='ocrx_word' id='word_1_206' title='bbox 1240 741 1371 776; x_wconf 77' lang='grc' dir='ltr'><strong>ἀληθινῆς</strong></span> <span class='ocrx_word' id='word_1_207' title='bbox 1387 741 1460 777; x_wconf 80' lang='grc' dir='ltr'>ζωῆς</span> <span class='ocrx_word' id='word_1_208' title='bbox 1475 743 1654 774; x_wconf 84' lang='grc' dir='ltr'>αἴτιος.Ἔστι</span> <span class='ocrx_word' id='word_1_209' title='bbox 1669 743 1718 778; x_wconf 86' lang='grc' dir='ltr'>μὲν</span> <span class='ocrx_word' id='word_1_210' title='bbox 1733 741 1780 770; x_wconf 84' lang='grc' dir='ltr'>οὖν</span> <span class='ocrx_word' id='word_1_211' title='bbox 1793 744 1824 770; x_wconf 84' lang='grc' dir='ltr'>οὑ</span> <span class='ocrx_word' id='word_1_212' title='bbox 1838 744 1910 771; x_wconf 80' lang='grc' dir='ltr'>πάνυ</span> 
     </span>
    </p>
   </div>
   <div class='ocr_carea' id='block_1_31' title="bbox 1116 786 1910 826">
    <p class='ocr_par' dir='ltr' id='par_1_31' title="bbox 1116 786 1910 826">
     <span class='ocr_line' id='line_1_31' title="bbox 1116 786 1910 826; baseline 0.005 -14"><span class='ocrx_word' id='word_1_213' title='bbox 1116 795 1143 812; x_wconf 77' lang='grc' dir='ltr'><strong>τι</strong></span> <span class='ocrx_word' id='word_1_214' title='bbox 1156 786 1246 822; x_wconf 77' lang='grc' dir='ltr'>ῥᾴδιον</span> <span class='ocrx_word' id='word_1_215' title='bbox 1257 786 1311 813; x_wconf 85' lang='grc' dir='ltr'>τῶν</span> <span class='ocrx_word' id='word_1_216' title='bbox 1327 787 1433 822; x_wconf 81' lang='grc' dir='ltr'>ἀρετῶν</span> <span class='ocrx_word' id='word_1_217' title='bbox 1448 788 1497 823; x_wconf 77' lang='grc' dir='ltr'>τὴν</span> <span class='ocrx_word' id='word_1_218' title='bbox 1512 788 1630 814; x_wconf 83' lang='grc' dir='ltr'>νικῶσαν</span> <span class='ocrx_word' id='word_1_219' title='bbox 1648 789 1748 824; x_wconf 78' lang='grc' dir='ltr'>εὑρεῖν,</span> <span class='ocrx_word' id='word_1_220' title='bbox 1761 789 1807 815; x_wconf 81' lang='grc' dir='ltr'>καὶ</span> <span class='ocrx_word' id='word_1_221' title='bbox 1822 789 1910 826; x_wconf 80' lang='grc' dir='ltr'>ταύτῃ</span> 
     </span>
    </p>
   </div>
   <div class='ocr_carea' id='block_1_32' title="bbox 1115 832 1909 872">
    <p class='ocr_par' dir='ltr' id='par_1_32' title="bbox 1115 832 1909 872">
     <span class='ocr_line' id='line_1_32' title="bbox 1115 832 1909 872; baseline 0.004 -13"><span class='ocrx_word' id='word_1_222' title='bbox 1115 832 1209 859; x_wconf 79' lang='grc' dir='ltr'>δοῦναι</span> <span class='ocrx_word' id='word_1_223' title='bbox 1226 833 1260 860; x_wconf 83' lang='grc' dir='ltr'><strong>τὰ</strong></span> <span class='ocrx_word' id='word_1_224' title='bbox 1293 833 1425 868; x_wconf 76' lang='grc' dir='ltr'>πρεσϐεῖα</span> <span class='ocrx_word' id='word_1_225' title='bbox 1442 834 1499 870; x_wconf 75' lang='lat'>(20)</span> <span class='ocrx_word' id='word_1_226' title='bbox 1523 835 1570 861; x_wconf 83' lang='grc' dir='ltr'>καὶ</span> <span class='ocrx_word' id='word_1_227' title='bbox 1585 835 1619 862; x_wconf 84' lang='grc' dir='ltr'><strong>τὰ</strong></span> <span class='ocrx_word' id='word_1_228' title='bbox 1641 836 1796 871; x_wconf 80' lang='grc' dir='ltr'>νικητήρια’</span> <span class='ocrx_word' id='word_1_229' title='bbox 1813 835 1909 872; x_wconf 81' lang='grc' dir='ltr'>ὥσπερ</span> 
     </span>
    </p>
   </div>
   <div class='ocr_carea' id='block_1_33' title="bbox 1117 879 1908 915">
    <p class='ocr_par' dir='ltr' id='par_1_33' title="bbox 1117 879 1908 915">
     <span class='ocr_line' id='line_1_33' title="bbox 1117 879 1908 915; baseline 0.006 -11"><span class='ocrx_word' id='word_1_230' title='bbox 1117 879 1177 905; x_wconf 75' lang='grc' dir='ltr'>οὐδὲ</span> <span class='ocrx_word' id='word_1_231' title='bbox 1194 880 1222 905; x_wconf 82' lang='grc' dir='ltr'>ὲν</span> <span class='ocrx_word' id='word_1_232' title='bbox 1235 879 1349 914; x_wconf 79' lang='grc' dir='ltr'>λειμῶνι</span> <span class='ocrx_word' id='word_1_233' title='bbox 1366 879 1421 915; x_wconf 67' lang='lat' dir='ltr'>(2i)</span> <span class='ocrx_word' id='word_1_234' title='bbox 1442 880 1587 907; x_wconf 80' lang='grc' dir='ltr'>πολυανθεῖ</span> <span class='ocrx_word' id='word_1_235' title='bbox 1600 882 1647 908; x_wconf 78' lang='grc' dir='ltr'><strong>καὶ</strong></span> <span class='ocrx_word' id='word_1_236' title='bbox 1663 881 1767 914; x_wconf 83' lang='grc' dir='ltr'><strong>εὐώδει,</strong></span> <span class='ocrx_word' id='word_1_237' title='bbox 1779 881 1832 908; x_wconf 86' lang='grc' dir='ltr'><strong>τῶν</strong></span> <span class='ocrx_word' id='word_1_238' title='bbox 1858 882 1908 908; x_wconf 82' lang='grc' dir='ltr'><strong>ἀν-</strong></span> 
     </span>
    </p>
   </div>
   <div class='ocr_carea' id='block_1_34' title="bbox 275 923 1059 962">
    <p class='ocr_par' dir='ltr' id='par_1_34' title="bbox 275 925 1059 961">
     <span class='ocr_line' id='line_1_34' title="bbox 275 925 1059 961; baseline -0.004 -7"><span class='ocrx_word' id='word_1_239' title='bbox 275 934 320 955; x_wconf 87' lang='lat' dir='ltr'><strong>ras</strong></span> <span class='ocrx_word' id='word_1_240' title='bbox 329 927 431 959; x_wconf 84' lang='lat' dir='ltr'><strong>vincat,</strong></span> <span class='ocrx_word' id='word_1_241' title='bbox 444 927 577 959; x_wconf 80' lang='lat' dir='ltr'><strong>invenire,</strong></span> <span class='ocrx_word' id='word_1_242' title='bbox 591 927 669 961; x_wconf 87' lang='lat' dir='ltr'><strong>eique</strong></span> <span class='ocrx_word' id='word_1_243' title='bbox 683 926 786 960; x_wconf 83' lang='lat' dir='ltr'><strong>primas</strong></span> <span class='ocrx_word' id='word_1_244' title='bbox 802 933 835 952; x_wconf 88' lang='lat' dir='ltr'><strong>ac</strong></span> <span class='ocrx_word' id='word_1_245' title='bbox 849 925 966 960; x_wconf 86' lang='lat' dir='ltr'><strong>palmam</strong></span> <span class='ocrx_word' id='word_1_246' title='bbox 981 925 1059 953; x_wconf 86' lang='lat' dir='ltr'><strong>dare:</strong></span> 
     </span>
    </p>
   </div>
   <div class='ocr_carea' id='block_1_35' title="bbox 1112 923 1908 962">
    <p class='ocr_par' dir='ltr' id='par_1_35' title="bbox 1117 923 1908 962">
     <span class='ocr_line' id='line_1_35' title="bbox 1117 923 1908 962; baseline 0.005 -13"><span class='ocrx_word' id='word_1_247' title='bbox 1117 923 1187 950; x_wconf 82' lang='grc' dir='ltr'>θέων</span> <span class='ocrx_word' id='word_1_248' title='bbox 1199 924 1230 950; x_wconf 79' lang='grc' dir='ltr'>τὸ</span> <span class='ocrx_word' id='word_1_249' title='bbox 1245 924 1385 951; x_wconf 80' lang='grc' dir='ltr'>κάλλιστον</span> <span class='ocrx_word' id='word_1_250' title='bbox 1394 925 1441 951; x_wconf 68' lang='grc' dir='ltr'>καὶ</span> <span class='ocrx_word' id='word_1_251' title='bbox 1453 926 1643 958; x_wconf 79' lang='grc' dir='ltr'><strong>εὐωδέστατον,</strong></span> <span class='ocrx_word' id='word_1_252' title='bbox 1655 927 1747 954; x_wconf 85' lang='grc' dir='ltr'>ἄλλοτε</span> <span class='ocrx_word' id='word_1_253' title='bbox 1768 927 1846 955; x_wconf 77' lang='grc' dir='ltr'>ἄλλου</span> <span class='ocrx_word' id='word_1_254' title='bbox 1856 927 1908 962; x_wconf 82' lang='grc' dir='ltr'>τὴν</span> 
     </span>
    </p>
   </div>
   <div class='ocr_carea' id='block_1_36' title="bbox 274 971 1062 1008">
    <p class='ocr_par' dir='ltr' id='par_1_36' title="bbox 274 971 1062 1008">
     <span class='ocr_line' id='line_1_36' title="bbox 274 971 1062 1008; baseline -0.001 -9"><span class='ocrx_word' id='word_1_255' title='bbox 274 973 502 1008; x_wconf 79' lang='lat' dir='ltr'><strong>quemadmodum</strong></span> <span class='ocrx_word' id='word_1_256' title='bbox 525 973 606 1000; x_wconf 87' lang='lat' dir='ltr'><strong>etiam</strong></span> <span class='ocrx_word' id='word_1_257' title='bbox 622 973 648 999; x_wconf 92' lang='lat' dir='ltr'><strong>in</strong></span> <span class='ocrx_word' id='word_1_258' title='bbox 665 975 743 1007; x_wconf 89' lang='lat' dir='ltr'><strong>prato</strong></span> <span class='ocrx_word' id='word_1_259' title='bbox 767 972 883 1006; x_wconf 90' lang='lat' dir='ltr'><strong>quodam</strong></span> <span class='ocrx_word' id='word_1_260' title='bbox 900 971 1022 1006; x_wconf 88' lang='lat' dir='ltr'><strong>plurimis</strong></span> <span class='ocrx_word' id='word_1_261' title='bbox 1034 976 1062 998; x_wconf 82' lang='lat' dir='ltr'><strong>et</strong></span> 
     </span>
    </p>
   </div>
   <div class='ocr_carea' id='block_1_37' title="bbox 274 1016 1060 1050">
    <p class='ocr_par' dir='ltr' id='par_1_37' title="bbox 274 1016 1060 1050">
     <span class='ocr_line' id='line_1_37' title="bbox 274 1016 1060 1050; baseline -0.005 -4"><span class='ocrx_word' id='word_1_262' title='bbox 274 1018 405 1046; x_wconf 81' lang='lat' dir='ltr'><strong>suavibus</strong></span> <span class='ocrx_word' id='word_1_263' title='bbox 419 1018 530 1045; x_wconf 87' lang='lat' dir='ltr'><strong>ﬁoribus</strong></span> <span class='ocrx_word' id='word_1_264' title='bbox 544 1018 645 1044; x_wconf 81' lang='lat' dir='ltr'><strong>referto</strong></span> <span class='ocrx_word' id='word_1_265' title='bbox 659 1017 753 1044; x_wconf 85' lang='lat' dir='ltr'><strong>ﬂorent</strong></span> <span class='ocrx_word' id='word_1_266' title='bbox 765 1017 885 1044; x_wconf 84' lang='lat' dir='ltr'><strong>omnium</strong></span> <span class='ocrx_word' id='word_1_267' title='bbox 909 1016 1060 1050; x_wconf 88' lang='lat' dir='ltr'><strong>pulcherri-</strong></span> 
     </span>
    </p>
   </div>
   <div class='ocr_carea' id='block_1_38' title="bbox 1118 970 1907 1008">
    <p class='ocr_par' dir='ltr' id='par_1_38' title="bbox 1118 970 1907 1008">
     <span class='ocr_line' id='line_1_38' title="bbox 1118 970 1907 1008; baseline 0.005 -12"><span class='ocrx_word' id='word_1_268' title='bbox 1118 970 1252 1006; x_wconf 75' lang='grc' dir='ltr'>ὄσφρησιν</span> <span class='ocrx_word' id='word_1_269' title='bbox 1269 971 1317 997; x_wconf 73' lang='grc' dir='ltr'>καὶ</span> <span class='ocrx_word' id='word_1_270' title='bbox 1329 971 1378 1006; x_wconf 85' lang='grc' dir='ltr'>τὴν</span> <span class='ocrx_word' id='word_1_271' title='bbox 1394 971 1455 1006; x_wconf 55' lang='lat' dir='ltr'><strong>bal/tv</strong></span> <span class='ocrx_word' id='word_1_272' title='bbox 1471 972 1540 1006; x_wconf 76' lang='grc' dir='ltr'>πρὸς</span> <span class='ocrx_word' id='word_1_273' title='bbox 1564 973 1643 999; x_wconf 79' lang='grc' dir='ltr'>ἑαυτὸ</span> <span class='ocrx_word' id='word_1_274' title='bbox 1658 973 1842 1008; x_wconf 85' lang='grc' dir='ltr'>μεθέλκοντος,</span> <span class='ocrx_word' id='word_1_275' title='bbox 1857 975 1907 999; x_wconf 81' lang='grc' dir='ltr'>καὶ</span> 
     </span>
    </p>
   </div>
   <div class='ocr_carea' id='block_1_39' title="bbox 1117 1015 1906 1056">
    <p class='ocr_par' dir='ltr' id='par_1_39' title="bbox 1117 1015 1906 1056">
     <span class='ocr_line' id='line_1_39' title="bbox 1117 1015 1906 1056; baseline 0.006 -14"><span class='ocrx_word' id='word_1_276' title='bbox 1117 1016 1225 1051; x_wconf 78' lang='grc' dir='ltr'>πρῶτον</span> <span class='ocrx_word' id='word_1_277' title='bbox 1244 1015 1391 1052; x_wconf 83' lang='grc' dir='ltr'>δρέπεσθαι</span> <span class='ocrx_word' id='word_1_278' title='bbox 1413 1017 1563 1050; x_wconf 87' lang='grc' dir='ltr'>πείθοντος.</span> <span class='ocrx_word' id='word_1_279' title='bbox 1587 1019 1631 1051; x_wconf 84' lang='grc' dir='ltr'>Ὠς</span> <span class='ocrx_word' id='word_1_280' title='bbox 1653 1019 1676 1046; x_wconf 82' lang='grc' dir='ltr'>δ’</span> <span class='ocrx_word' id='word_1_281' title='bbox 1691 1017 1737 1046; x_wconf 71' lang='grc' dir='ltr'><strong>οὖν</strong></span> <span class='ocrx_word' id='word_1_282' title='bbox 1755 1020 1814 1056; x_wconf 78' lang='grc' dir='ltr'>ἐμὲ,</span> <span class='ocrx_word' id='word_1_283' title='bbox 1840 1020 1906 1055; x_wconf 78' lang='grc' dir='ltr'>περὶ</span> 
     </span>
    </p>
   </div>
   <div class='ocr_carea' id='block_1_40' title="bbox 274 1061 1059 1099">
    <p class='ocr_par' dir='ltr' id='par_1_40' title="bbox 274 1062 1059 1099">
     <span class='ocr_line' id='line_1_40' title="bbox 274 1062 1059 1099; baseline -0.005 -7"><span class='ocrx_word' id='word_1_284' title='bbox 274 1073 347 1092; x_wconf 91' lang='lat' dir='ltr'><strong>mum</strong></span> <span class='ocrx_word' id='word_1_285' title='bbox 373 1070 400 1092; x_wconf 87' lang='lat' dir='ltr'><strong>et</strong></span> <span class='ocrx_word' id='word_1_286' title='bbox 423 1064 661 1099; x_wconf 82' lang='lat' dir='ltr'><strong>ﬂagrantissimqu</strong></span> <span class='ocrx_word' id='word_1_287' title='bbox 688 1063 819 1098; x_wconf 88' lang='lat' dir='ltr'><strong>reperire,</strong></span> <span class='ocrx_word' id='word_1_288' title='bbox 849 1062 903 1089; x_wconf 90' lang='lat' dir='ltr'><strong>alio</strong></span> <span class='ocrx_word' id='word_1_289' title='bbox 932 1062 1059 1089; x_wconf 91' lang='lat' dir='ltr'><strong>nimirum</strong></span> 
     </span>
    </p>
   </div>
   <div class='ocr_carea' id='block_1_41' title="bbox 1112 1061 1693 1099">
    <p class='ocr_par' dir='ltr' id='par_1_41' title="bbox 1112 1061 1693 1097">
     <span class='ocr_line' id='line_1_41' title="bbox 1112 1061 1693 1097; baseline 0.007 -10"><span class='ocrx_word' id='word_1_290' title='bbox 1112 1061 1218 1088; x_wconf 78' lang='grc' dir='ltr'>τούτων</span> <span class='ocrx_word' id='word_1_291' title='bbox 1238 1061 1370 1088; x_wconf 76' lang='grc' dir='ltr'>διελέσθαι</span> <span class='ocrx_word' id='word_1_292' title='bbox 1385 1061 1440 1097; x_wconf 68' lang='lat'>(22)</span> <span class='ocrx_word' id='word_1_293' title='bbox 1456 1063 1585 1090; x_wconf 76' lang='grc' dir='ltr'>σκεπτέον</span> <span class='ocrx_word' id='word_1_294' title='bbox 1597 1063 1693 1096; x_wconf 74' lang='grc' dir='ltr'>οὕτως.</span> 
     </span>
    </p>
   </div>
   <div class='ocr_carea' id='block_1_42' title="bbox 274 1106 1904 1146">
    <p class='ocr_par' dir='ltr' id='par_1_42' title="bbox 274 1106 1904 1146">
     <span class='ocr_line' id='line_1_42' title="bbox 274 1106 1904 1146; baseline 0.002 -10"><span class='ocrx_word' id='word_1_295' title='bbox 274 1110 341 1137; x_wconf 88' lang='lat' dir='ltr'><strong>alias</strong></span> <span class='ocrx_word' id='word_1_296' title='bbox 365 1109 495 1137; x_wconf 80' lang='lat' dir='ltr'><strong>olfactum</strong></span> <span class='ocrx_word' id='word_1_297' title='bbox 507 1112 534 1136; x_wconf 88' lang='lat' dir='ltr'><strong>et</strong></span> <span class='ocrx_word' id='word_1_298' title='bbox 548 1112 688 1143; x_wconf 83' lang='lat' dir='ltr'><strong>aspectum</strong></span> <span class='ocrx_word' id='word_1_299' title='bbox 705 1108 738 1135; x_wconf 91' lang='lat' dir='ltr'><strong>ad</strong></span> <span class='ocrx_word' id='word_1_300' title='bbox 750 1115 780 1136; x_wconf 90' lang='lat' dir='ltr'><strong>se</strong></span> <span class='ocrx_word' id='word_1_301' title='bbox 793 1107 972 1140; x_wconf 87' lang='lat' dir='ltr'><strong>distrahente,</strong></span> <span class='ocrx_word' id='word_1_302' title='bbox 985 1112 1066 1142; x_wconf 89' lang='lat' dir='ltr'><strong>atque</strong></span> <span class='ocrx_word' id='word_1_303' title='bbox 1086 1107 1119 1133; x_wconf 88' lang='lat' dir='ltr'><strong>ad</strong></span> <span class='ocrx_word' id='word_1_304' title='bbox 1137 1107 1254 1141; x_wconf 90' lang='lat' dir='ltr'><strong>primum</strong></span> <span class='ocrx_word' id='word_1_305' title='bbox 1274 1115 1334 1134; x_wconf 88' lang='lat' dir='ltr'><strong>eum</strong></span> <span class='ocrx_word' id='word_1_306' title='bbox 1371 1106 1570 1143; x_wconf 86' lang='lat' dir='ltr'><strong>decerpcndum</strong></span> <span class='ocrx_word' id='word_1_307' title='bbox 1602 1110 1745 1138; x_wconf 87' lang='lat' dir='ltr'><strong>alliciente.</strong></span> <span class='ocrx_word' id='word_1_308' title='bbox 1767 1111 1904 1146; x_wconf 83' lang='lat' dir='ltr'><strong>Quantum</strong></span> 
     </span>
    </p>
   </div>
   <div class='ocr_carea' id='block_1_43' title="bbox 273 1152 1344 1189">
    <p class='ocr_par' dir='ltr' id='par_1_43' title="bbox 273 1152 1344 1189">
     <span class='ocr_line' id='line_1_43' title="bbox 273 1152 1344 1189; baseline -0.004 -7"><span class='ocrx_word' id='word_1_309' title='bbox 273 1159 363 1183; x_wconf 84' lang='lat' dir='ltr'><strong>tamen</strong></span> <span class='ocrx_word' id='word_1_310' title='bbox 379 1155 436 1189; x_wconf 83' lang='lat' dir='ltr'><strong>ipse</strong></span> <span class='ocrx_word' id='word_1_311' title='bbox 452 1154 560 1189; x_wconf 87' lang='lat' dir='ltr'><strong>assequi</strong></span> <span class='ocrx_word' id='word_1_312' title='bbox 576 1161 696 1188; x_wconf 86' lang='lat' dir='ltr'><strong>possum,</strong></span> <span class='ocrx_word' id='word_1_313' title='bbox 711 1154 749 1180; x_wconf 88' lang='lat' dir='ltr'><strong>ita</strong></span> <span class='ocrx_word' id='word_1_314' title='bbox 766 1161 810 1181; x_wconf 89' lang='lat' dir='ltr'><strong>res</strong></span> <span class='ocrx_word' id='word_1_315' title='bbox 827 1153 1017 1188; x_wconf 81' lang='lat' dir='ltr'><strong>distinguenda</strong></span> <span class='ocrx_word' id='word_1_316' title='bbox 1033 1157 1060 1180; x_wconf 89' lang='lat' dir='ltr'><strong>et</strong></span> <span class='ocrx_word' id='word_1_317' title='bbox 1079 1152 1277 1180; x_wconf 79' lang='lat' dir='ltr'><strong>consideranda</strong></span> <span class='ocrx_word' id='word_1_318' title='bbox 1292 1157 1344 1180; x_wconf 88' lang='lat' dir='ltr'><strong>est.</strong></span> 
     </span>
    </p>
   </div>
   <div class='ocr_carea' id='block_1_44' title="bbox 306 1198 1060 1234">
    <p class='ocr_par' dir='ltr' id='par_1_44' title="bbox 306 1198 1060 1234">
     <span class='ocr_line' id='line_1_44' title="bbox 306 1198 1060 1234; baseline -0.004 -7"><span class='ocrx_word' id='word_1_319' title='bbox 306 1200 338 1227; x_wconf 90' lang='lat' dir='ltr'><strong>ll.</strong></span> <span class='ocrx_word' id='word_1_320' title='bbox 357 1199 473 1227; x_wconf 84' lang='lat' dir='ltr'><strong>Pulchra</strong></span> <span class='ocrx_word' id='word_1_321' title='bbox 498 1207 542 1226; x_wconf 87' lang='lat' dir='ltr'><strong>res</strong></span> <span class='ocrx_word' id='word_1_322' title='bbox 568 1203 620 1232; x_wconf 81' lang='lat' dir='ltr'><strong>est,</strong></span> <span class='ocrx_word' id='word_1_323' title='bbox 649 1199 725 1232; x_wconf 90' lang='lat' dir='ltr'><strong>ﬁdes,</strong></span> <span class='ocrx_word' id='word_1_324' title='bbox 747 1206 820 1234; x_wconf 88' lang='lat' dir='ltr'><strong>spes,</strong></span> <span class='ocrx_word' id='word_1_325' title='bbox 852 1199 983 1229; x_wconf 84' lang='lat' dir='ltr'><strong>charitas,</strong></span> <span class='ocrx_word' id='word_1_326' title='bbox 1008 1198 1060 1224; x_wconf 89' lang='lat' dir='ltr'><strong>tria</strong></span> 
     </span>
    </p>
   </div>
   <div class='ocr_carea' id='block_1_45' title="bbox 272 1244 1060 1280">
    <p class='ocr_par' dir='ltr' id='par_1_45' title="bbox 272 1244 1060 1280">
     <span class='ocr_line' id='line_1_45' title="bbox 272 1244 1060 1280; baseline -0.004 -7"><span class='ocrx_word' id='word_1_327' title='bbox 272 1247 329 1274; x_wconf 64' lang='lat' dir='ltr'><strong>hac</strong></span> <span class='ocrx_word' id='word_1_328' title='bbox 344 1246 384 1279; x_wconf 87' lang='lat'><strong>&quot;;</strong></span> <span class='ocrx_word' id='word_1_329' title='bbox 403 1254 435 1273; x_wconf 88' lang='lat' dir='ltr'><strong>ac</strong></span> <span class='ocrx_word' id='word_1_330' title='bbox 455 1245 515 1272; x_wconf 87' lang='lat' dir='ltr'><strong>ﬁdei</strong></span> <span class='ocrx_word' id='word_1_331' title='bbox 533 1244 643 1280; x_wconf 80' lang='lat' dir='ltr'><strong>quidem</strong></span> <span class='ocrx_word' id='word_1_332' title='bbox 671 1246 747 1273; x_wconf 87' lang='lat' dir='ltr'><strong>testis</strong></span> <span class='ocrx_word' id='word_1_333' title='bbox 770 1251 812 1272; x_wconf 85' lang='lat' dir='ltr'><strong>est</strong></span> <span class='ocrx_word' id='word_1_334' title='bbox 837 1245 992 1277; x_wconf 76' lang='lat' dir='ltr'><strong>Abraham,</strong></span> <span class='ocrx_word' id='word_1_335' title='bbox 1014 1244 1060 1279; x_wconf 92' lang='lat' dir='ltr'><strong>qui</strong></span> 
     </span>
    </p>
   </div>
   <div class='ocr_carea' id='block_1_46' title="bbox 271 1290 1060 1327">
    <p class='ocr_par' dir='ltr' id='par_1_46' title="bbox 271 1290 1060 1327">
     <span class='ocr_line' id='line_1_46' title="bbox 271 1290 1060 1327; baseline -0.001 -9"><span class='ocrx_word' id='word_1_336' title='bbox 271 1292 382 1327; x_wconf 71' lang='lat' dir='ltr'><strong>iustitiae</strong></span> <span class='ocrx_word' id='word_1_337' title='bbox 408 1291 515 1319; x_wconf 86' lang='lat' dir='ltr'><strong>laudem</strong></span> <span class='ocrx_word' id='word_1_338' title='bbox 541 1299 575 1319; x_wconf 78' lang='lat' dir='ltr'><strong>ex</strong></span> <span class='ocrx_word' id='word_1_339' title='bbox 600 1291 652 1319; x_wconf 88' lang='lat' dir='ltr'><strong>ﬁde</strong></span> <span class='ocrx_word' id='word_1_340' title='bbox 677 1296 840 1319; x_wconf 88' lang='lat' dir='ltr'><strong>consecutus</strong></span> <span class='ocrx_word' id='word_1_341' title='bbox 866 1295 908 1319; x_wconf 88' lang='lat' dir='ltr'><strong>est</strong></span> <span class='ocrx_word' id='word_1_342' title='bbox 925 1291 964 1324; x_wconf 80' lang='lat'><strong>&#39;°;</strong></span> <span class='ocrx_word' id='word_1_343' title='bbox 991 1290 1060 1324; x_wconf 88' lang='lat' dir='ltr'><strong>spei,</strong></span> 
     </span>
    </p>
   </div>
   <div class='ocr_carea' id='block_1_47' title="bbox 271 1336 1060 1373">
    <p class='ocr_par' dir='ltr' id='par_1_47' title="bbox 271 1336 1060 1373">
     <span class='ocr_line' id='line_1_47' title="bbox 271 1336 1060 1373; baseline -0.003 -7"><span class='ocrx_word' id='word_1_344' title='bbox 271 1339 356 1371; x_wconf 80' lang='lat' dir='ltr'><strong>Enos,</strong></span> <span class='ocrx_word' id='word_1_345' title='bbox 371 1338 416 1373; x_wconf 88' lang='lat' dir='ltr'><strong>qui</strong></span> <span class='ocrx_word' id='word_1_346' title='bbox 433 1337 535 1372; x_wconf 90' lang='lat' dir='ltr'><strong>primus</strong></span> <span class='ocrx_word' id='word_1_347' title='bbox 550 1345 599 1372; x_wconf 88' lang='lat' dir='ltr'><strong>spe</strong></span> <span class='ocrx_word' id='word_1_348' title='bbox 621 1337 754 1365; x_wconf 86' lang='lat' dir='ltr'><strong>adductus</strong></span> <span class='ocrx_word' id='word_1_349' title='bbox 770 1343 822 1370; x_wconf 89' lang='lat' dir='ltr'><strong>est,</strong></span> <span class='ocrx_word' id='word_1_350' title='bbox 844 1342 872 1364; x_wconf 86' lang='lat' dir='ltr'><strong>ut</strong></span> <span class='ocrx_word' id='word_1_351' title='bbox 889 1336 995 1364; x_wconf 84' lang='lat' dir='ltr'><strong>Domini</strong></span> <span class='ocrx_word' id='word_1_352' title='bbox 1009 1345 1060 1364; x_wconf 91' lang='lat' dir='ltr'><strong>no-</strong></span> 
     </span>
    </p>
   </div>
   <div class='ocr_carea' id='block_1_48' title="bbox 271 1383 1059 1419">
    <p class='ocr_par' dir='ltr' id='par_1_48' title="bbox 271 1383 1059 1419">
     <span class='ocr_line' id='line_1_48' title="bbox 271 1383 1059 1419; baseline -0.001 -8"><span class='ocrx_word' id='word_1_353' title='bbox 271 1391 332 1412; x_wconf 88' lang='lat' dir='ltr'><strong>men</strong></span> <span class='ocrx_word' id='word_1_354' title='bbox 348 1384 487 1412; x_wconf 87' lang='lat' dir='ltr'><strong>invocaret</strong></span> <span class='ocrx_word' id='word_1_355' title='bbox 501 1383 535 1416; x_wconf 79' lang='lat'><strong>&quot;,</strong></span> <span class='ocrx_word' id='word_1_356' title='bbox 548 1383 669 1419; x_wconf 86' lang='lat' dir='ltr'><strong>juslique</strong></span> <span class='ocrx_word' id='word_1_357' title='bbox 679 1384 760 1411; x_wconf 87' lang='lat' dir='ltr'><strong>etiam</strong></span> <span class='ocrx_word' id='word_1_358' title='bbox 772 1391 878 1415; x_wconf 87' lang='lat' dir='ltr'><strong>omnes,</strong></span> <span class='ocrx_word' id='word_1_359' title='bbox 891 1384 935 1418; x_wconf 86' lang='lat' dir='ltr'><strong>qui</strong></span> <span class='ocrx_word' id='word_1_360' title='bbox 948 1388 1059 1418; x_wconf 88' lang='lat' dir='ltr'><strong>propter</strong></span> 
     </span>
    </p>
   </div>
   <div class='ocr_carea' id='block_1_49' title="bbox 269 1429 1060 1464">
    <p class='ocr_par' dir='ltr' id='par_1_49' title="bbox 269 1429 1060 1464">
     <span class='ocr_line' id='line_1_49' title="bbox 269 1429 1060 1464; baseline 0 -7"><span class='ocrx_word' id='word_1_361' title='bbox 269 1436 345 1464; x_wconf 70' lang='lat' dir='ltr'><strong>spem</strong></span> <span class='ocrx_word' id='word_1_362' title='bbox 360 1438 496 1458; x_wconf 68' lang='lat' dir='ltr'><strong>aerumnas</strong></span> <span class='ocrx_word' id='word_1_363' title='bbox 509 1430 660 1462; x_wconf 79' lang='lat' dir='ltr'><strong>suﬁerunt;</strong></span> <span class='ocrx_word' id='word_1_364' title='bbox 676 1429 831 1462; x_wconf 88' lang='lat' dir='ltr'><strong>charitatis,</strong></span> <span class='ocrx_word' id='word_1_365' title='bbox 859 1429 966 1457; x_wconf 88' lang='lat' dir='ltr'><strong>divinus</strong></span> <span class='ocrx_word' id='word_1_366' title='bbox 987 1429 1060 1464; x_wconf 85' lang='lat' dir='ltr'><strong>Apo-</strong></span> 
     </span>
    </p>
   </div>
   <div class='ocr_carea' id='block_1_50' title="bbox 270 1475 1058 1511">
    <p class='ocr_par' dir='ltr' id='par_1_50' title="bbox 270 1475 1058 1511">
     <span class='ocr_line' id='line_1_50' title="bbox 270 1475 1058 1511; baseline 0 -8"><span class='ocrx_word' id='word_1_367' title='bbox 270 1475 367 1509; x_wconf 78' lang='lat' dir='ltr'><strong>stolus,</strong></span> <span class='ocrx_word' id='word_1_368' title='bbox 383 1477 429 1511; x_wconf 90' lang='lat' dir='ltr'><strong>qui</strong></span> <span class='ocrx_word' id='word_1_369' title='bbox 444 1476 552 1504; x_wconf 88' lang='lat' dir='ltr'><strong>lsraelis</strong></span> <span class='ocrx_word' id='word_1_370' title='bbox 569 1483 653 1504; x_wconf 84' lang='lat' dir='ltr'><strong>causa</strong></span> <span class='ocrx_word' id='word_1_371' title='bbox 670 1475 778 1510; x_wconf 80' lang='lat' dir='ltr'><strong>gravius</strong></span> <span class='ocrx_word' id='word_1_372' title='bbox 802 1475 902 1510; x_wconf 91' lang='lat' dir='ltr'><strong>aliquid</strong></span> <span class='ocrx_word' id='word_1_373' title='bbox 928 1475 1058 1503; x_wconf 84' lang='lat' dir='ltr'><strong>adversus</strong></span> 
     </span>
    </p>
   </div>
   <div class='ocr_carea' id='block_1_51' title="bbox 270 1520 1057 1557">
    <p class='ocr_par' dir='ltr' id='par_1_51' title="bbox 270 1520 1057 1557">
     <span class='ocr_line' id='line_1_51' title="bbox 270 1520 1057 1557; baseline 0.001 -9"><span class='ocrx_word' id='word_1_374' title='bbox 270 1528 301 1548; x_wconf 83' lang='lat' dir='ltr'><strong>se</strong></span> <span class='ocrx_word' id='word_1_375' title='bbox 315 1521 439 1556; x_wconf 90' lang='lat' dir='ltr'><strong>proloqui</strong></span> <span class='ocrx_word' id='word_1_376' title='bbox 456 1530 509 1549; x_wconf 91' lang='lat' dir='ltr'><strong>non</strong></span> <span class='ocrx_word' id='word_1_377' title='bbox 526 1522 661 1550; x_wconf 86' lang='lat' dir='ltr'><strong>dubitavit</strong></span> <span class='ocrx_word' id='word_1_378' title='bbox 675 1522 715 1555; x_wconf 81' lang='grc'><strong>⁸¹;</strong></span> <span class='ocrx_word' id='word_1_379' title='bbox 742 1531 775 1548; x_wconf 84' lang='lat' dir='ltr'><strong>at:</strong></span> <span class='ocrx_word' id='word_1_380' title='bbox 799 1521 870 1549; x_wconf 84' lang='lat' dir='ltr'><strong>Deus</strong></span> <span class='ocrx_word' id='word_1_381' title='bbox 891 1521 972 1549; x_wconf 88' lang='lat' dir='ltr'><strong>etiam</strong></span> <span class='ocrx_word' id='word_1_382' title='bbox 988 1520 1057 1557; x_wconf 87' lang='lat' dir='ltr'><strong>ipse,</strong></span> 
     </span>
    </p>
   </div>
   <div class='ocr_carea' id='block_1_52' title="bbox 1149 1196 1902 1236">
    <p class='ocr_par' dir='ltr' id='par_1_52' title="bbox 1149 1196 1902 1236">
     <span class='ocr_line' id='line_1_52' title="bbox 1149 1196 1902 1236; baseline 0.009 -14"><span class='ocrx_word' id='word_1_383' title='bbox 1149 1196 1188 1223; x_wconf 88' lang='lat' dir='ltr'><strong>B’.</strong></span> <span class='ocrx_word' id='word_1_384' title='bbox 1203 1196 1293 1223; x_wconf 80' lang='grc' dir='ltr'>Καλὸν</span> <span class='ocrx_word' id='word_1_385' title='bbox 1309 1197 1410 1229; x_wconf 82' lang='grc' dir='ltr'>πίστις,</span> <span class='ocrx_word' id='word_1_386' title='bbox 1427 1196 1515 1230; x_wconf 75' lang='grc' dir='ltr'>ἐλπὶς,</span> <span class='ocrx_word' id='word_1_387' title='bbox 1530 1198 1634 1235; x_wconf 77' lang='grc' dir='ltr'>ἀγάπη,</span> <span class='ocrx_word' id='word_1_388' title='bbox 1662 1200 1697 1226; x_wconf 83' lang='grc' dir='ltr'><strong>τὰ</strong></span> <span class='ocrx_word' id='word_1_389' title='bbox 1715 1201 1779 1236; x_wconf 83' lang='grc' dir='ltr'>τρία</span> <span class='ocrx_word' id='word_1_390' title='bbox 1803 1201 1902 1230; x_wconf 77' lang='grc' dir='ltr'>ταῦτα·</span> 
     </span>
    </p>
   </div>
   <div class='ocr_carea' id='block_1_53' title="bbox 1112 1242 1904 1280">
    <p class='ocr_par' dir='ltr' id='par_1_53' title="bbox 1112 1242 1904 1280">
     <span class='ocr_line' id='line_1_53' title="bbox 1112 1242 1904 1280; baseline 0.011 -12"><span class='ocrx_word' id='word_1_391' title='bbox 1112 1242 1159 1269; x_wconf 74' lang='grc' dir='ltr'>καὶ</span> <span class='ocrx_word' id='word_1_392' title='bbox 1185 1243 1291 1278; x_wconf 83' lang='grc' dir='ltr'>μάρτυς</span> <span class='ocrx_word' id='word_1_393' title='bbox 1307 1243 1357 1278; x_wconf 82' lang='grc' dir='ltr'>τῆς</span> <span class='ocrx_word' id='word_1_394' title='bbox 1383 1244 1502 1276; x_wconf 76' lang='grc' dir='ltr'>πίστεως</span> <span class='ocrx_word' id='word_1_395' title='bbox 1531 1245 1666 1280; x_wconf 65' lang='grc' dir='ltr'>Ἀϐραὰμ,</span> <span class='ocrx_word' id='word_1_396' title='bbox 1691 1247 1845 1280; x_wconf 69' lang='grc' dir='ltr'>δικαιωθείς</span> <span class='ocrx_word' id='word_1_397' title='bbox 1870 1251 1904 1278; x_wconf 78' lang='grc' dir='ltr'>ὲκ</span> 
     </span>
    </p>
   </div>
   <div class='ocr_carea' id='block_1_54' title="bbox 1111 1287 1904 1328">
    <p class='ocr_par' dir='ltr' id='par_1_54' title="bbox 1111 1287 1904 1328">
     <span class='ocr_line' id='line_1_54' title="bbox 1111 1287 1904 1328; baseline 0.009 -14"><span class='ocrx_word' id='word_1_398' title='bbox 1111 1287 1239 1319; x_wconf 63' lang='grc' dir='ltr'>πίστεως</span> <span class='ocrx_word' id='word_1_399' title='bbox 1249 1288 1299 1323; x_wconf 79' lang='grc' dir='ltr'>τῆς</span> <span class='ocrx_word' id='word_1_400' title='bbox 1315 1288 1533 1321; x_wconf 81' lang='grc' dir='ltr'>ὲλπίδος,Ἐνὼς,</span> <span class='ocrx_word' id='word_1_401' title='bbox 1552 1289 1582 1321; x_wconf 84' lang='grc' dir='ltr'>ὃς</span> <span class='ocrx_word' id='word_1_402' title='bbox 1597 1290 1703 1325; x_wconf 82' lang='grc' dir='ltr'>πρῶτος</span> <span class='ocrx_word' id='word_1_403' title='bbox 1718 1291 1772 1327; x_wconf 77' lang='grc'>(25)</span> <span class='ocrx_word' id='word_1_404' title='bbox 1788 1293 1904 1328; x_wconf 75' lang='grc' dir='ltr'>ἦλπισεν</span> 
     </span>
    </p>
   </div>
   <div class='ocr_carea' id='block_1_55' title="bbox 1111 1333 1903 1372">
    <p class='ocr_par' dir='ltr' id='par_1_55' title="bbox 1111 1333 1903 1372">
     <span class='ocr_line' id='line_1_55' title="bbox 1111 1333 1903 1372; baseline 0.009 -13"><span class='ocrx_word' id='word_1_405' title='bbox 1111 1333 1296 1360; x_wconf 76' lang='grc' dir='ltr'>ἐπικαλεῖσθαι</span> <span class='ocrx_word' id='word_1_406' title='bbox 1313 1334 1358 1361; x_wconf 80' lang='grc' dir='ltr'><strong>τὸν</strong></span> <span class='ocrx_word' id='word_1_407' title='bbox 1370 1335 1482 1371; x_wconf 79' lang='grc' dir='ltr'>Κύριον,</span> <span class='ocrx_word' id='word_1_408' title='bbox 1506 1336 1554 1362; x_wconf 76' lang='grc' dir='ltr'>καὶ</span> <span class='ocrx_word' id='word_1_409' title='bbox 1573 1336 1672 1368; x_wconf 79' lang='grc' dir='ltr'>πάντες</span> <span class='ocrx_word' id='word_1_410' title='bbox 1692 1337 1747 1372; x_wconf 66' lang='grc'>(24)</span> <span class='ocrx_word' id='word_1_411' title='bbox 1766 1339 1790 1364; x_wconf 86' lang='grc' dir='ltr'>οἱ</span> <span class='ocrx_word' id='word_1_412' title='bbox 1804 1339 1903 1366; x_wconf 82' lang='grc' dir='ltr'>δίκαιοι</span> 
     </span>
    </p>
   </div>
   <div class='ocr_carea' id='block_1_56' title="bbox 1111 1379 1902 1418">
    <p class='ocr_par' dir='ltr' id='par_1_56' title="bbox 1111 1379 1902 1418">
     <span class='ocr_line' id='line_1_56' title="bbox 1111 1379 1902 1418; baseline 0.008 -13"><span class='ocrx_word' id='word_1_413' title='bbox 1111 1379 1156 1406; x_wconf 79' lang='grc' dir='ltr'><strong>διὰ</strong></span> <span class='ocrx_word' id='word_1_414' title='bbox 1167 1379 1216 1415; x_wconf 85' lang='grc' dir='ltr'>τὴν</span> <span class='ocrx_word' id='word_1_415' title='bbox 1235 1379 1331 1407; x_wconf 76' lang='grc' dir='ltr'>ἐλπίδα</span> <span class='ocrx_word' id='word_1_416' title='bbox 1346 1381 1575 1413; x_wconf 65' lang='grc' dir='ltr'>κακοπαθοῦντες</span> <span class='ocrx_word' id='word_1_417' title='bbox 1594 1382 1644 1417; x_wconf 80' lang='grc' dir='ltr'>τῆς</span> <span class='ocrx_word' id='word_1_418' title='bbox 1663 1383 1783 1418; x_wconf 80' lang='grc' dir='ltr'>ἀγάπης,</span> <span class='ocrx_word' id='word_1_419' title='bbox 1804 1385 1818 1410; x_wconf 79' lang='grc' dir='ltr'><strong>ὁ</strong></span> <span class='ocrx_word' id='word_1_420' title='bbox 1831 1384 1902 1417; x_wconf 79' lang='grc' dir='ltr'>θεῖος</span> 
     </span>
    </p>
   </div>
   <div class='ocr_carea' id='block_1_57' title="bbox 1119 1425 1901 1466">
    <p class='ocr_par' dir='ltr' id='par_1_57' title="bbox 1119 1425 1901 1466">
     <span class='ocr_line' id='line_1_57' title="bbox 1119 1425 1901 1466; baseline 0.006 -15"><span class='ocrx_word' id='word_1_421' title='bbox 1119 1425 1288 1458; x_wconf 82' lang='grc' dir='ltr'>Ἀπόστολος,</span> <span class='ocrx_word' id='word_1_422' title='bbox 1301 1425 1438 1462; x_wconf 81' lang='grc' dir='ltr'>τολμήσας</span> <span class='ocrx_word' id='word_1_423' title='bbox 1447 1427 1694 1454; x_wconf 70' lang='grc' dir='ltr'>τικα¹ικαο’ὲαυτοῦ</span> <span class='ocrx_word' id='word_1_424' title='bbox 1709 1427 1752 1455; x_wconf 78' lang='grc' dir='ltr'><strong>διὰ</strong></span> <span class='ocrx_word' id='word_1_425' title='bbox 1762 1429 1806 1455; x_wconf 75' lang='grc' dir='ltr'><strong>τὸν</strong></span> <span class='ocrx_word' id='word_1_426' title='bbox 1814 1430 1901 1466; x_wconf 81' lang='grc' dir='ltr'>Ἰσρα-</span> 
     </span>
    </p>
   </div>
   <div class='ocr_carea' id='block_1_58' title="bbox 1112 1471 1899 1510">
    <p class='ocr_par' dir='ltr' id='par_1_58' title="bbox 1112 1471 1899 1510">
     <span class='ocr_line' id='line_1_58' title="bbox 1112 1471 1899 1510; baseline 0.008 -13"><span class='ocrx_word' id='word_1_427' title='bbox 1112 1471 1145 1507; x_wconf 79' lang='grc' dir='ltr'>ὴλ</span> <span class='ocrx_word' id='word_1_428' title='bbox 1163 1471 1341 1506; x_wconf 78' lang='grc' dir='ltr'>φθέγξασθαι·</span> <span class='ocrx_word' id='word_1_429' title='bbox 1358 1473 1404 1498; x_wconf 80' lang='grc' dir='ltr'>καὶ</span> <span class='ocrx_word' id='word_1_430' title='bbox 1413 1473 1427 1498; x_wconf 82' lang='grc' dir='ltr'><strong>ὸ</strong></span> <span class='ocrx_word' id='word_1_431' title='bbox 1437 1472 1502 1504; x_wconf 82' lang='grc' dir='ltr'>Θεὸς</span> <span class='ocrx_word' id='word_1_432' title='bbox 1513 1472 1603 1504; x_wconf 74' lang='grc' dir='ltr'>αὐτὸς,</span> <span class='ocrx_word' id='word_1_433' title='bbox 1618 1473 1711 1509; x_wconf 83' lang='grc' dir='ltr'><strong>ἀγάπη</strong></span> <span class='ocrx_word' id='word_1_434' title='bbox 1723 1474 1899 1510; x_wconf 70' lang='grc' dir='ltr'>καλούμενος.</span> 
     </span>
    </p>
   </div>
   <div class='ocr_carea' id='block_1_59' title="bbox 1111 1517 1901 1555">
    <p class='ocr_par' dir='ltr' id='par_1_59' title="bbox 1111 1517 1901 1555">
     <span class='ocr_line' id='line_1_59' title="bbox 1111 1517 1901 1555; baseline 0.005 -11"><span class='ocrx_word' id='word_1_435' title='bbox 1111 1517 1200 1544; x_wconf 82' lang='grc' dir='ltr'>Καλὸν</span> <span class='ocrx_word' id='word_1_436' title='bbox 1216 1519 1233 1554; x_wconf 82' lang='grc' dir='ltr'>ἡ</span> <span class='ocrx_word' id='word_1_437' title='bbox 1249 1517 1394 1552; x_wconf 68' lang='grc' dir='ltr'>φιλοξενίω</span> <span class='ocrx_word' id='word_1_438' title='bbox 1409 1519 1455 1545; x_wconf 77' lang='grc' dir='ltr'>καὶ</span> <span class='ocrx_word' id='word_1_439' title='bbox 1472 1519 1576 1554; x_wconf 80' lang='grc' dir='ltr'>μάρτυς</span> <span class='ocrx_word' id='word_1_440' title='bbox 1593 1520 1621 1546; x_wconf 80' lang='grc' dir='ltr'>ὲν</span> <span class='ocrx_word' id='word_1_441' title='bbox 1637 1520 1685 1555; x_wconf 82' lang='grc' dir='ltr'>μὲν</span> <span class='ocrx_word' id='word_1_442' title='bbox 1701 1519 1824 1554; x_wconf 83' lang='grc' dir='ltr'>δικαίοις,</span> <span class='ocrx_word' id='word_1_443' title='bbox 1839 1521 1901 1548; x_wconf 76' lang='grc' dir='ltr'><strong>Λὼτ</strong></span> 
     </span>
    </p>
   </div>
   <div class='ocr_carea' id='block_1_60' title="bbox 270 1563 1059 1606">
    <p class='ocr_par' dir='ltr' id='par_1_60' title="bbox 270 1568 1055 1603">
     <span class='ocr_line' id='line_1_60' title="bbox 270 1568 1055 1603; baseline 0.001 -9"><span class='ocrx_word' id='word_1_444' title='bbox 270 1568 316 1602; x_wconf 90' lang='lat' dir='ltr'><strong>qui</strong></span> <span class='ocrx_word' id='word_1_445' title='bbox 335 1568 456 1595; x_wconf 86' lang='lat' dir='ltr'><strong>charitas</strong></span> <span class='ocrx_word' id='word_1_446' title='bbox 470 1568 665 1603; x_wconf 82' lang='lat' dir='ltr'><strong>appellatur&quot;.</strong></span> <span class='ocrx_word' id='word_1_447' title='bbox 682 1568 796 1596; x_wconf 83' lang='lat' dir='ltr'><strong>Pulchra</strong></span> <span class='ocrx_word' id='word_1_448' title='bbox 814 1575 855 1595; x_wconf 86' lang='lat' dir='ltr'><strong>res</strong></span> <span class='ocrx_word' id='word_1_449' title='bbox 866 1568 1055 1602; x_wconf 85' lang='lat' dir='ltr'><strong>hospitalitas;</strong></span> 
     </span>
    </p>
   </div>
   <div class='ocr_carea' id='block_1_61' title="bbox 1112 1563 1900 1606">
    <p class='ocr_par' dir='ltr' id='par_1_61' title="bbox 1112 1563 1900 1602">
     <span class='ocr_line' id='line_1_61' title="bbox 1112 1563 1900 1602; baseline 0.008 -13"><span class='ocrx_word' id='word_1_450' title='bbox 1112 1564 1123 1590; x_wconf 67' lang='grc' dir='ltr'>ὁ</span> <span class='ocrx_word' id='word_1_451' title='bbox 1141 1563 1298 1600; x_wconf 78' lang='grc' dir='ltr'>Σοδομίτης,</span> <span class='ocrx_word' id='word_1_452' title='bbox 1317 1564 1364 1590; x_wconf 84' lang='grc' dir='ltr'><strong>καὶ</strong></span> <span class='ocrx_word' id='word_1_453' title='bbox 1386 1564 1417 1590; x_wconf 87' lang='grc' dir='ltr'>οὑ</span> <span class='ocrx_word' id='word_1_454' title='bbox 1441 1564 1589 1601; x_wconf 85' lang='grc' dir='ltr'>Σοδομίτης</span> <span class='ocrx_word' id='word_1_455' title='bbox 1620 1566 1665 1592; x_wconf 69' lang='grc' dir='ltr'><strong>τὸν</strong></span> <span class='ocrx_word' id='word_1_456' title='bbox 1693 1567 1803 1602; x_wconf 75' lang='grc' dir='ltr'>τρόπον*</span> <span class='ocrx_word' id='word_1_457' title='bbox 1823 1568 1851 1594; x_wconf 83' lang='grc' dir='ltr'>ὲν</span> <span class='ocrx_word' id='word_1_458' title='bbox 1871 1568 1900 1595; x_wconf 77' lang='grc' dir='ltr'>δὲ</span> 
     </span>
    </p>
   </div>
   <div class='ocr_carea' id='block_1_62' title="bbox 270 1613 1057 1649">
    <p class='ocr_par' dir='ltr' id='par_1_62' title="bbox 270 1613 1057 1649">
     <span class='ocr_line' id='line_1_62' title="bbox 270 1613 1057 1649; baseline 0.001 -10"><span class='ocrx_word' id='word_1_459' title='bbox 270 1620 303 1640; x_wconf 87' lang='lat' dir='ltr'><strong>ac</strong></span> <span class='ocrx_word' id='word_1_460' title='bbox 330 1613 408 1640; x_wconf 89' lang='lat' dir='ltr'><strong>testis</strong></span> <span class='ocrx_word' id='word_1_461' title='bbox 428 1613 500 1641; x_wconf 87' lang='lat' dir='ltr'><strong>inter</strong></span> <span class='ocrx_word' id='word_1_462' title='bbox 523 1613 612 1648; x_wconf 78' lang='lat' dir='ltr'><strong>iustos</strong></span> <span class='ocrx_word' id='word_1_463' title='bbox 633 1614 740 1649; x_wconf 86' lang='lat' dir='ltr'><strong>quidem</strong></span> <span class='ocrx_word' id='word_1_464' title='bbox 769 1613 836 1641; x_wconf 85' lang='lat' dir='ltr'><strong>Lelh</strong></span> <span class='ocrx_word' id='word_1_465' title='bbox 862 1613 999 1641; x_wconf 87' lang='lat' dir='ltr'><strong>Sodomita</strong></span> <span class='ocrx_word' id='word_1_466' title='bbox 1024 1613 1057 1646; x_wconf 77' lang='grc'><strong>³⁸,</strong></span> 
     </span>
    </p>
   </div>
   <div class='ocr_carea' id='block_1_63' title="bbox 270 1659 1059 1694">
    <p class='ocr_par' dir='ltr' id='par_1_63' title="bbox 270 1659 1059 1694">
     <span class='ocr_line' id='line_1_63' title="bbox 270 1659 1059 1694; baseline 0 -8"><span class='ocrx_word' id='word_1_467' title='bbox 270 1659 391 1686; x_wconf 86' lang='lat' dir='ltr'><strong>moribus</strong></span> <span class='ocrx_word' id='word_1_468' title='bbox 428 1664 517 1687; x_wconf 88' lang='lat' dir='ltr'><strong>tamen</strong></span> <span class='ocrx_word' id='word_1_469' title='bbox 558 1660 764 1694; x_wconf 75' lang='lat' dir='ltr'><strong>haudquaquam</strong></span> <span class='ocrx_word' id='word_1_470' title='bbox 795 1660 951 1692; x_wconf 85' lang='lat' dir='ltr'><strong>Sodomita;</strong></span> <span class='ocrx_word' id='word_1_471' title='bbox 987 1659 1059 1687; x_wconf 89' lang='lat' dir='ltr'><strong>inter</strong></span> 
     </span>
    </p>
   </div>
   <div class='ocr_carea' id='block_1_64' title="bbox 269 1705 1057 1740">
    <p class='ocr_par' dir='ltr' id='par_1_64' title="bbox 269 1705 1057 1740">
     <span class='ocr_line' id='line_1_64' title="bbox 269 1705 1057 1740; baseline 0 -8"><span class='ocrx_word' id='word_1_472' title='bbox 269 1710 430 1740; x_wconf 85' lang='lat' dir='ltr'><strong>peccatores</strong></span> <span class='ocrx_word' id='word_1_473' title='bbox 444 1709 533 1733; x_wconf 77' lang='lat' dir='ltr'><strong>autent</strong></span> <span class='ocrx_word' id='word_1_474' title='bbox 548 1705 625 1733; x_wconf 79' lang='lat' dir='ltr'><strong>Raab</strong></span> <span class='ocrx_word' id='word_1_475' title='bbox 644 1707 772 1734; x_wconf 84' lang='lat' dir='ltr'><strong>meretrix</strong></span> <span class='ocrx_word' id='word_1_476' title='bbox 789 1707 822 1740; x_wconf 80' lang='grc'><strong>³³,</strong></span> <span class='ocrx_word' id='word_1_477' title='bbox 844 1714 898 1734; x_wconf 84' lang='grc' dir='ltr'>ηοιι</span> <span class='ocrx_word' id='word_1_478' title='bbox 912 1711 1000 1734; x_wconf 90' lang='lat' dir='ltr'><strong>tamen</strong></span> <span class='ocrx_word' id='word_1_479' title='bbox 1024 1713 1057 1733; x_wconf 77' lang='lat' dir='ltr'><strong>ex</strong></span> 
     </span>
    </p>
   </div>
   <div class='ocr_carea' id='block_1_65' title="bbox 268 1750 1056 1787">
    <p class='ocr_par' dir='ltr' id='par_1_65' title="bbox 268 1750 1056 1787">
     <span class='ocr_line' id='line_1_65' title="bbox 268 1750 1056 1787; baseline 0.003 -10"><span class='ocrx_word' id='word_1_480' title='bbox 268 1750 409 1786; x_wconf 88' lang='lat' dir='ltr'><strong>proposito</strong></span> <span class='ocrx_word' id='word_1_481' title='bbox 427 1751 567 1784; x_wconf 81' lang='lat' dir='ltr'><strong>meretrix,</strong></span> <span class='ocrx_word' id='word_1_482' title='bbox 584 1752 628 1779; x_wconf 89' lang='lat' dir='ltr'><strong>cui</strong></span> <span class='ocrx_word' id='word_1_483' title='bbox 645 1753 712 1779; x_wconf 86' lang='lat' dir='ltr'><strong>bene</strong></span> <span class='ocrx_word' id='word_1_484' title='bbox 725 1752 758 1779; x_wconf 91' lang='lat' dir='ltr'><strong>de</strong></span> <span class='ocrx_word' id='word_1_485' title='bbox 772 1753 922 1787; x_wconf 90' lang='lat' dir='ltr'><strong>hospitibus</strong></span> <span class='ocrx_word' id='word_1_486' title='bbox 938 1752 1056 1780; x_wconf 89' lang='lat' dir='ltr'><strong>merendi</strong></span> 
     </span>
    </p>
   </div>
   <div class='ocr_carea' id='block_1_66' title="bbox 268 1797 1057 1831">
    <p class='ocr_par' dir='ltr' id='par_1_66' title="bbox 268 1797 1057 1831">
     <span class='ocr_line' id='line_1_66' title="bbox 268 1797 1057 1831; baseline 0.001 -8"><span class='ocrx_word' id='word_1_487' title='bbox 268 1797 402 1831; x_wconf 79' lang='lat' dir='ltr'><strong>studium,</strong></span> <span class='ocrx_word' id='word_1_488' title='bbox 419 1802 446 1824; x_wconf 90' lang='lat' dir='ltr'><strong>et</strong></span> <span class='ocrx_word' id='word_1_489' title='bbox 463 1797 534 1825; x_wconf 89' lang='lat' dir='ltr'><strong>laudi</strong></span> <span class='ocrx_word' id='word_1_490' title='bbox 551 1797 613 1830; x_wconf 80' lang='lat' dir='ltr'><strong>fuit,</strong></span> <span class='ocrx_word' id='word_1_491' title='bbox 635 1802 662 1825; x_wconf 86' lang='lat' dir='ltr'><strong>et</strong></span> <span class='ocrx_word' id='word_1_492' title='bbox 688 1798 778 1826; x_wconf 86' lang='lat' dir='ltr'><strong>saluti.</strong></span> <span class='ocrx_word' id='word_1_493' title='bbox 806 1798 921 1826; x_wconf 83' lang='lat' dir='ltr'><strong>Pulchra</strong></span> <span class='ocrx_word' id='word_1_494' title='bbox 945 1806 987 1825; x_wconf 89' lang='lat' dir='ltr'><strong>res</strong></span> <span class='ocrx_word' id='word_1_495' title='bbox 1004 1797 1057 1825; x_wconf 78' lang='lat' dir='ltr'><strong>fra-</strong></span> 
     </span>
    </p>
   </div>
   <div class='ocr_carea' id='block_1_67' title="bbox 270 1843 1056 1879">
    <p class='ocr_par' dir='ltr' id='par_1_67' title="bbox 270 1843 1056 1879">
     <span class='ocr_line' id='line_1_67' title="bbox 270 1843 1056 1879; baseline 0.004 -10"><span class='ocrx_word' id='word_1_496' title='bbox 270 1847 364 1870; x_wconf 88' lang='lat' dir='ltr'><strong>lernus</strong></span> <span class='ocrx_word' id='word_1_497' title='bbox 381 1851 467 1875; x_wconf 90' lang='lat' dir='ltr'><strong>amor,</strong></span> <span class='ocrx_word' id='word_1_498' title='bbox 480 1843 592 1879; x_wconf 87' lang='lat' dir='ltr'><strong>ejusque</strong></span> <span class='ocrx_word' id='word_1_499' title='bbox 606 1844 643 1872; x_wconf 85' lang='lat' dir='ltr'><strong>rei</strong></span> <span class='ocrx_word' id='word_1_500' title='bbox 665 1843 757 1871; x_wconf 80' lang='lat' dir='ltr'><strong>Jesum</strong></span> <span class='ocrx_word' id='word_1_501' title='bbox 784 1849 880 1872; x_wconf 87' lang='lat' dir='ltr'><strong>testem</strong></span> <span class='ocrx_word' id='word_1_502' title='bbox 905 1845 1035 1872; x_wconf 86' lang='lat' dir='ltr'><strong>habemus</strong></span> <span class='ocrx_word' id='word_1_503' title='bbox 1048 1864 1056 1877; x_wconf 85' lang='lat'><strong>,</strong></span> 
     </span>
    </p>
   </div>
   <div class='ocr_carea' id='block_1_68' title="bbox 272 1889 1056 1924">
    <p class='ocr_par' dir='ltr' id='par_1_68' title="bbox 272 1889 1056 1924">
     <span class='ocr_line' id='line_1_68' title="bbox 272 1889 1056 1924; baseline 0.004 -9"><span class='ocrx_word' id='word_1_504' title='bbox 272 1889 318 1924; x_wconf 91' lang='lat' dir='ltr'><strong>qui</strong></span> <span class='ocrx_word' id='word_1_505' title='bbox 334 1897 386 1916; x_wconf 94' lang='lat' dir='ltr'><strong>non</strong></span> <span class='ocrx_word' id='word_1_506' title='bbox 401 1890 480 1917; x_wconf 89' lang='lat' dir='ltr'><strong>modo</strong></span> <span class='ocrx_word' id='word_1_507' title='bbox 498 1890 582 1918; x_wconf 84' lang='lat' dir='ltr'><strong>frater</strong></span> <span class='ocrx_word' id='word_1_508' title='bbox 595 1896 690 1918; x_wconf 87' lang='lat' dir='ltr'><strong>noster</strong></span> <span class='ocrx_word' id='word_1_509' title='bbox 705 1891 808 1923; x_wconf 81' lang='lat' dir='ltr'><strong>vocari,</strong></span> <span class='ocrx_word' id='word_1_510' title='bbox 825 1891 870 1918; x_wconf 88' lang='lat' dir='ltr'><strong>sed</strong></span> <span class='ocrx_word' id='word_1_511' title='bbox 885 1891 967 1918; x_wconf 89' lang='lat' dir='ltr'><strong>etiam</strong></span> <span class='ocrx_word' id='word_1_512' title='bbox 981 1891 1056 1918; x_wconf 49' lang='lat' dir='ltr'><strong>salu.</strong></span> 
     </span>
    </p>
   </div>
   <div class='ocr_carea' id='block_1_69' title="bbox 270 1935 1056 1971">
    <p class='ocr_par' dir='ltr' id='par_1_69' title="bbox 270 1935 1056 1971">
     <span class='ocr_line' id='line_1_69' title="bbox 270 1935 1056 1971; baseline 0.004 -10"><span class='ocrx_word' id='word_1_513' title='bbox 270 1935 305 1962; x_wconf 89' lang='lat' dir='ltr'><strong>tis</strong></span> <span class='ocrx_word' id='word_1_514' title='bbox 324 1939 423 1962; x_wconf 78' lang='lat' dir='ltr'><strong>nostra:</strong></span> <span class='ocrx_word' id='word_1_515' title='bbox 437 1943 519 1963; x_wconf 85' lang='lat' dir='ltr'><strong>causa</strong></span> <span class='ocrx_word' id='word_1_516' title='bbox 537 1936 670 1971; x_wconf 88' lang='lat' dir='ltr'><strong>supplicio</strong></span> <span class='ocrx_word' id='word_1_517' title='bbox 682 1937 750 1965; x_wconf 81' lang='lat' dir='ltr'><strong>allici</strong></span> <span class='ocrx_word' id='word_1_518' title='bbox 770 1937 913 1964; x_wconf 85' lang='lat' dir='ltr'><strong>sustinuit.</strong></span> <span class='ocrx_word' id='word_1_519' title='bbox 939 1937 1056 1964; x_wconf 83' lang='lat' dir='ltr'><strong>Pulchra</strong></span> 
     </span>
    </p>
   </div>
   <div class='ocr_carea' id='block_1_70' title="bbox 268 1979 1056 2016">
    <p class='ocr_par' dir='ltr' id='par_1_70' title="bbox 268 1979 1056 2016">
     <span class='ocr_line' id='line_1_70' title="bbox 268 1979 1056 2016; baseline 0.003 -10"><span class='ocrx_word' id='word_1_520' title='bbox 268 1985 314 2007; x_wconf 87' lang='lat' dir='ltr'><strong>res</strong></span> <span class='ocrx_word' id='word_1_521' title='bbox 331 1979 520 2008; x_wconf 82' lang='lat' dir='ltr'><strong>benevolentia</strong></span> <span class='ocrx_word' id='word_1_522' title='bbox 535 1988 599 2016; x_wconf 82' lang='lat' dir='ltr'><strong>erga</strong></span> <span class='ocrx_word' id='word_1_523' title='bbox 613 1982 749 2014; x_wconf 85' lang='lat' dir='ltr'><strong>homines,</strong></span> <span class='ocrx_word' id='word_1_524' title='bbox 776 1990 807 2009; x_wconf 87' lang='lat' dir='ltr'><strong>ac</strong></span> <span class='ocrx_word' id='word_1_525' title='bbox 828 1981 904 2009; x_wconf 88' lang='lat' dir='ltr'><strong>testis</strong></span> <span class='ocrx_word' id='word_1_526' title='bbox 923 1986 965 2008; x_wconf 87' lang='lat' dir='ltr'><strong>cst</strong></span> <span class='ocrx_word' id='word_1_527' title='bbox 986 1981 1056 2008; x_wconf 86' lang='lat' dir='ltr'><strong>idem</strong></span> 
     </span>
    </p>
   </div>
   <div class='ocr_carea' id='block_1_71' title="bbox 268 2025 1056 2063">
    <p class='ocr_par' dir='ltr' id='par_1_71' title="bbox 268 2025 1056 2063">
     <span class='ocr_line' id='line_1_71' title="bbox 268 2025 1056 2063; baseline 0 -10"><span class='ocrx_word' id='word_1_528' title='bbox 268 2025 357 2058; x_wconf 86' lang='lat' dir='ltr'><strong>Jesus,</strong></span> <span class='ocrx_word' id='word_1_529' title='bbox 372 2027 417 2061; x_wconf 89' lang='lat' dir='ltr'><strong>qui</strong></span> <span class='ocrx_word' id='word_1_530' title='bbox 438 2034 491 2054; x_wconf 91' lang='lat' dir='ltr'><strong>non</strong></span> <span class='ocrx_word' id='word_1_531' title='bbox 508 2027 594 2054; x_wconf 90' lang='lat' dir='ltr'><strong>solum</strong></span> <span class='ocrx_word' id='word_1_532' title='bbox 610 2029 748 2056; x_wconf 87' lang='lat' dir='ltr'><strong>hominem</strong></span> <span class='ocrx_word' id='word_1_533' title='bbox 765 2033 875 2062; x_wconf 84' lang='lat' dir='ltr'><strong>propter</strong></span> <span class='ocrx_word' id='word_1_534' title='bbox 888 2035 970 2063; x_wconf 85' lang='lat' dir='ltr'><strong>opera</strong></span> <span class='ocrx_word' id='word_1_535' title='bbox 986 2027 1056 2054; x_wconf 87' lang='lat' dir='ltr'><strong>bona</strong></span> 
     </span>
    </p>
   </div>
   <div class='ocr_carea' id='block_1_72' title="bbox 267 2071 1056 2110">
    <p class='ocr_par' dir='ltr' id='par_1_72' title="bbox 267 2071 1056 2110">
     <span class='ocr_line' id='line_1_72' title="bbox 267 2071 1056 2110; baseline 0.003 -12"><span class='ocrx_word' id='word_1_536' title='bbox 267 2071 372 2099; x_wconf 83' lang='lat' dir='ltr'><strong>creavit</strong></span> <span class='ocrx_word' id='word_1_537' title='bbox 384 2072 419 2105; x_wconf 81' lang='lat'><strong>“,</strong></span> <span class='ocrx_word' id='word_1_538' title='bbox 433 2077 514 2107; x_wconf 86' lang='lat' dir='ltr'><strong>atque</strong></span> <span class='ocrx_word' id='word_1_539' title='bbox 535 2074 689 2109; x_wconf 73' lang='lat' dir='ltr'><strong>imaginem,</strong></span> <span class='ocrx_word' id='word_1_540' title='bbox 710 2082 770 2110; x_wconf 69' lang='lat' dir='ltr'><strong>qua:</strong></span> <span class='ocrx_word' id='word_1_541' title='bbox 783 2076 815 2102; x_wconf 90' lang='lat' dir='ltr'><strong>ad</strong></span> <span class='ocrx_word' id='word_1_542' title='bbox 829 2075 928 2109; x_wconf 85' lang='lat' dir='ltr'><strong>optima</strong></span> <span class='ocrx_word' id='word_1_543' title='bbox 940 2080 1056 2108; x_wconf 76' lang='lat' dir='ltr'><strong>quzeque</strong></span> 
     </span>
    </p>
   </div>
   <div class='ocr_carea' id='block_1_73' title="bbox 271 2117 1055 2155">
    <p class='ocr_par' dir='ltr' id='par_1_73' title="bbox 271 2117 1055 2155">
     <span class='ocr_line' id='line_1_73' title="bbox 271 2117 1055 2155; baseline 0.003 -11"><span class='ocrx_word' id='word_1_544' title='bbox 271 2117 326 2144; x_wconf 78' lang='lat' dir='ltr'><strong>dux</strong></span> <span class='ocrx_word' id='word_1_545' title='bbox 340 2122 422 2151; x_wconf 83' lang='lat' dir='ltr'><strong>esset,</strong></span> <span class='ocrx_word' id='word_1_546' title='bbox 439 2126 471 2146; x_wconf 86' lang='lat' dir='ltr'><strong>ac</strong></span> <span class='ocrx_word' id='word_1_547' title='bbox 486 2127 603 2155; x_wconf 84' lang='lat' dir='ltr'><strong>superna</strong></span> <span class='ocrx_word' id='word_1_548' title='bbox 616 2120 684 2148; x_wconf 86' lang='lat' dir='ltr'><strong>bona</strong></span> <span class='ocrx_word' id='word_1_549' title='bbox 696 2121 866 2154; x_wconf 85' lang='lat' dir='ltr'><strong>conciliaret,</strong></span> <span class='ocrx_word' id='word_1_550' title='bbox 881 2121 955 2147; x_wconf 87' lang='lat' dir='ltr'><strong>carni</strong></span> <span class='ocrx_word' id='word_1_551' title='bbox 973 2126 1055 2154; x_wconf 89' lang='lat' dir='ltr'><strong>copu-</strong></span> 
     </span>
    </p>
   </div>
   <div class='ocr_carea' id='block_1_74' title="bbox 267 2162 1053 2197">
    <p class='ocr_par' dir='ltr' id='par_1_74' title="bbox 267 2162 1053 2197">
     <span class='ocr_line' id='line_1_74' title="bbox 267 2162 1053 2197; baseline 0.004 -7"><span class='ocrx_word' id='word_1_552' title='bbox 267 2162 346 2197; x_wconf 78' lang='lat' dir='ltr'><strong>lavit,</strong></span> <span class='ocrx_word' id='word_1_553' title='bbox 372 2165 419 2191; x_wconf 87' lang='lat' dir='ltr'><strong>sed</strong></span> <span class='ocrx_word' id='word_1_554' title='bbox 446 2166 532 2192; x_wconf 92' lang='lat' dir='ltr'><strong>nostri</strong></span> <span class='ocrx_word' id='word_1_555' title='bbox 562 2167 644 2192; x_wconf 90' lang='lat' dir='ltr'><strong>etiam</strong></span> <span class='ocrx_word' id='word_1_556' title='bbox 671 2174 752 2194; x_wconf 86' lang='lat' dir='ltr'><strong>causa</strong></span> <span class='ocrx_word' id='word_1_557' title='bbox 782 2167 861 2194; x_wconf 94' lang='lat' dir='ltr'><strong>homo</strong></span> <span class='ocrx_word' id='word_1_558' title='bbox 887 2166 973 2193; x_wconf 81' lang='lat' dir='ltr'><strong>factus</strong></span> <span class='ocrx_word' id='word_1_559' title='bbox 1002 2170 1053 2193; x_wconf 88' lang='lat' dir='ltr'><strong>est.</strong></span> 
     </span>
    </p>
   </div>
   <div class='ocr_carea' id='block_1_75' title="bbox 268 2208 1055 2247">
    <p class='ocr_par' dir='ltr' id='par_1_75' title="bbox 268 2208 1055 2247">
     <span class='ocr_line' id='line_1_75' title="bbox 268 2208 1055 2247; baseline 0.004 -12"><span class='ocrx_word' id='word_1_560' title='bbox 268 2208 386 2237; x_wconf 85' lang='lat' dir='ltr'><strong>Pulchra</strong></span> <span class='ocrx_word' id='word_1_561' title='bbox 401 2217 446 2237; x_wconf 88' lang='lat' dir='ltr'><strong>res</strong></span> <span class='ocrx_word' id='word_1_562' title='bbox 460 2210 662 2246; x_wconf 86' lang='lat' dir='ltr'><strong>longanimitas,</strong></span> <span class='ocrx_word' id='word_1_563' title='bbox 675 2213 901 2247; x_wconf 86' lang='lat' dir='ltr'><strong>quemadmodum</strong></span> <span class='ocrx_word' id='word_1_564' title='bbox 912 2213 982 2240; x_wconf 87' lang='lat' dir='ltr'><strong>idem</strong></span> <span class='ocrx_word' id='word_1_565' title='bbox 999 2212 1055 2247; x_wconf 89' lang='lat' dir='ltr'><strong>ipse</strong></span> 
     </span>
    </p>
   </div>
   <div class='ocr_carea' id='block_1_76' title="bbox 1109 1609 1902 1648">
    <p class='ocr_par' dir='ltr' id='par_1_76' title="bbox 1109 1609 1902 1648">
     <span class='ocr_line' id='line_1_76' title="bbox 1109 1609 1902 1648; baseline 0.005 -12"><span class='ocrx_word' id='word_1_566' title='bbox 1109 1609 1292 1645; x_wconf 81' lang='grc' dir='ltr'>ἁμαρτωλοῖς,</span> <span class='ocrx_word' id='word_1_567' title='bbox 1306 1610 1417 1645; x_wconf 75' lang='grc' dir='ltr'><strong>Ῥαὰεὴ</strong></span> <span class='ocrx_word' id='word_1_568' title='bbox 1433 1611 1530 1646; x_wconf 78' lang='grc' dir='ltr'>πόρνη,</span> <span class='ocrx_word' id='word_1_569' title='bbox 1544 1611 1592 1638; x_wconf 66' lang='grc' dir='ltr'>καὶ</span> <span class='ocrx_word' id='word_1_570' title='bbox 1607 1612 1637 1638; x_wconf 77' lang='grc' dir='ltr'>οὐ</span> <span class='ocrx_word' id='word_1_571' title='bbox 1652 1612 1737 1648; x_wconf 80' lang='grc' dir='ltr'>πόρνη</span> <span class='ocrx_word' id='word_1_572' title='bbox 1748 1612 1797 1648; x_wconf 83' lang='grc' dir='ltr'>τὴν</span> <span class='ocrx_word' id='word_1_573' title='bbox 1808 1614 1902 1648; x_wconf 77' lang='grc' dir='ltr'>προαί-</span> 
     </span>
    </p>
   </div>
   <div class='ocr_carea' id='block_1_77' title="bbox 1111 1655 1900 1693">
    <p class='ocr_par' dir='ltr' id='par_1_77' title="bbox 1111 1655 1900 1693">
     <span class='ocr_line' id='line_1_77' title="bbox 1111 1655 1900 1693; baseline 0.005 -12"><span class='ocrx_word' id='word_1_574' title='bbox 1111 1664 1184 1691; x_wconf 80' lang='grc' dir='ltr'>ρεσιν</span> <span class='ocrx_word' id='word_1_575' title='bbox 1199 1655 1266 1691; x_wconf 73' lang='lat'>(‘25),</span> <span class='ocrx_word' id='word_1_576' title='bbox 1285 1655 1329 1682; x_wconf 75' lang='grc' dir='ltr'><strong>διὰ</strong></span> <span class='ocrx_word' id='word_1_577' title='bbox 1345 1655 1497 1690; x_wconf 77' lang='grc' dir='ltr'>φιλοξενίαν</span> <span class='ocrx_word' id='word_1_578' title='bbox 1516 1656 1689 1684; x_wconf 78' lang='grc' dir='ltr'>ἐπαινεθεῖσά</span> <span class='ocrx_word' id='word_1_579' title='bbox 1719 1657 1775 1693; x_wconf 67' lang='lat'>(26)</span> <span class='ocrx_word' id='word_1_580' title='bbox 1799 1667 1828 1684; x_wconf 89' lang='grc' dir='ltr'><strong>τε</strong></span> <span class='ocrx_word' id='word_1_581' title='bbox 1852 1659 1900 1685; x_wconf 84' lang='grc' dir='ltr'>καὶ</span> 
     </span>
    </p>
   </div>
   <div class='ocr_carea' id='block_1_78' title="bbox 1110 1702 1898 1740">
    <p class='ocr_par' dir='ltr' id='par_1_78' title="bbox 1110 1702 1898 1740">
     <span class='ocr_line' id='line_1_78' title="bbox 1110 1702 1898 1740; baseline 0.004 -12"><span class='ocrx_word' id='word_1_582' title='bbox 1110 1702 1235 1728; x_wconf 83' lang='grc' dir='ltr'>σωθεῖσα.</span> <span class='ocrx_word' id='word_1_583' title='bbox 1250 1702 1340 1729; x_wconf 78' lang='grc' dir='ltr'>Καλὸν</span> <span class='ocrx_word' id='word_1_584' title='bbox 1360 1703 1377 1738; x_wconf 88' lang='grc' dir='ltr'><strong>ἡ</strong></span> <span class='ocrx_word' id='word_1_585' title='bbox 1393 1702 1564 1737; x_wconf 76' lang='grc' dir='ltr'>φιλαδελφία,</span> <span class='ocrx_word' id='word_1_586' title='bbox 1587 1704 1634 1729; x_wconf 77' lang='grc' dir='ltr'><strong>καὶ</strong></span> <span class='ocrx_word' id='word_1_587' title='bbox 1650 1703 1755 1739; x_wconf 81' lang='grc' dir='ltr'>μάρτυς</span> <span class='ocrx_word' id='word_1_588' title='bbox 1783 1705 1898 1740; x_wconf 80' lang='grc' dir='ltr'>Ἰησοῦς,</span> 
     </span>
    </p>
   </div>
   <div class='ocr_carea' id='block_1_79' title="bbox 1108 1747 1899 1784">
    <p class='ocr_par' dir='ltr' id='par_1_79' title="bbox 1108 1747 1899 1784">
     <span class='ocr_line' id='line_1_79' title="bbox 1108 1747 1899 1784; baseline 0.004 -11"><span class='ocrx_word' id='word_1_589' title='bbox 1108 1747 1157 1774; x_wconf 78' lang='grc' dir='ltr'><strong>οὺχ</strong></span> <span class='ocrx_word' id='word_1_590' title='bbox 1177 1747 1290 1782; x_wconf 75' lang='grc' dir='ltr'>ἀδελφὸς</span> <span class='ocrx_word' id='word_1_591' title='bbox 1313 1748 1390 1783; x_wconf 81' lang='grc' dir='ltr'>ἡμῶν</span> <span class='ocrx_word' id='word_1_592' title='bbox 1408 1748 1542 1784; x_wconf 74' lang='grc' dir='ltr'>κληθῆναι</span> <span class='ocrx_word' id='word_1_593' title='bbox 1555 1749 1646 1784; x_wconf 76' lang='grc' dir='ltr'>μόνον,</span> <span class='ocrx_word' id='word_1_594' title='bbox 1662 1749 1729 1775; x_wconf 82' lang='grc' dir='ltr'>ἀλλὰ</span> <span class='ocrx_word' id='word_1_595' title='bbox 1744 1750 1790 1776; x_wconf 71' lang='grc' dir='ltr'>καὶ</span> <span class='ocrx_word' id='word_1_596' title='bbox 1803 1750 1899 1776; x_wconf 80' lang='grc' dir='ltr'>παθεῖν</span> 
     </span>
    </p>
   </div>
   <div class='ocr_carea' id='block_1_80' title="bbox 1109 1795 1899 1831">
    <p class='ocr_par' dir='ltr' id='par_1_80' title="bbox 1109 1795 1899 1831">
     <span class='ocr_line' id='line_1_80' title="bbox 1109 1795 1899 1831; baseline 0.004 -11"><span class='ocrx_word' id='word_1_597' title='bbox 1109 1795 1178 1830; x_wconf 78' lang='grc' dir='ltr'>ὑπὲρ</span> <span class='ocrx_word' id='word_1_598' title='bbox 1193 1795 1271 1830; x_wconf 81' lang='grc' dir='ltr'>ἡμῶν</span> <span class='ocrx_word' id='word_1_599' title='bbox 1291 1795 1484 1830; x_wconf 82' lang='grc' dir='ltr'>ἀνασχόμενος.</span> <span class='ocrx_word' id='word_1_600' title='bbox 1503 1795 1593 1822; x_wconf 80' lang='grc' dir='ltr'>Καλὸν</span> <span class='ocrx_word' id='word_1_601' title='bbox 1605 1797 1622 1830; x_wconf 84' lang='grc' dir='ltr'>ἡ</span> <span class='ocrx_word' id='word_1_602' title='bbox 1643 1795 1899 1831; x_wconf 67' lang='grc' dir='ltr'>φιλανθρωπία-καὶ</span> 
     </span>
    </p>
   </div>
   <div class='ocr_carea' id='block_1_81' title="bbox 1109 1840 1899 1878">
    <p class='ocr_par' dir='ltr' id='par_1_81' title="bbox 1109 1840 1899 1878">
     <span class='ocr_line' id='line_1_81' title="bbox 1109 1840 1899 1878; baseline 0.004 -12"><span class='ocrx_word' id='word_1_603' title='bbox 1109 1840 1213 1876; x_wconf 79' lang='grc' dir='ltr'>μάρτυς</span> <span class='ocrx_word' id='word_1_604' title='bbox 1228 1841 1242 1866; x_wconf 83' lang='grc' dir='ltr'><strong>ὀ</strong></span> <span class='ocrx_word' id='word_1_605' title='bbox 1255 1840 1335 1872; x_wconf 66' lang='grc' dir='ltr'>αὐτὸς</span> <span class='ocrx_word' id='word_1_606' title='bbox 1352 1841 1503 1876; x_wconf 78' lang='grc' dir='ltr'>Ἰησοῦς,οὺ</span> <span class='ocrx_word' id='word_1_607' title='bbox 1516 1842 1630 1877; x_wconf 81' lang='grc' dir='ltr'>ποιήσας</span> <span class='ocrx_word' id='word_1_608' title='bbox 1640 1842 1718 1876; x_wconf 72' lang='grc' dir='ltr'>μόνον</span> <span class='ocrx_word' id='word_1_609' title='bbox 1734 1842 1778 1869; x_wconf 83' lang='grc' dir='ltr'>τὸν</span> <span class='ocrx_word' id='word_1_610' title='bbox 1793 1842 1899 1878; x_wconf 80' lang='grc' dir='ltr'>ἄνθρω-</span> 
     </span>
    </p>
   </div>
   <div class='ocr_carea' id='block_1_82' title="bbox 1108 1886 1899 1924">
    <p class='ocr_par' dir='ltr' id='par_1_82' title="bbox 1108 1886 1899 1924">
     <span class='ocr_line' id='line_1_82' title="bbox 1108 1886 1899 1924; baseline 0.005 -13"><span class='ocrx_word' id='word_1_611' title='bbox 1108 1895 1157 1912; x_wconf 84' lang='grc' dir='ltr'><strong>πον</strong></span> <span class='ocrx_word' id='word_1_612' title='bbox 1179 1886 1222 1912; x_wconf 71' lang='grc' dir='ltr'><strong>ἐπ’</strong></span> <span class='ocrx_word' id='word_1_613' title='bbox 1238 1886 1329 1922; x_wconf 74' lang='grc' dir='ltr'>ἔργοις</span> <span class='ocrx_word' id='word_1_614' title='bbox 1360 1887 1557 1921; x_wconf 83' lang='grc' dir='ltr'>ἀγαθοῖς,.καὶ</span> <span class='ocrx_word' id='word_1_615' title='bbox 1581 1887 1630 1923; x_wconf 77' lang='grc' dir='ltr'>τὴν</span> <span class='ocrx_word' id='word_1_616' title='bbox 1661 1887 1753 1914; x_wconf 73' lang='grc' dir='ltr'>εἰκόνα</span> <span class='ocrx_word' id='word_1_617' title='bbox 1785 1888 1840 1924; x_wconf 71' lang='grc'>(27)</span> <span class='ocrx_word' id='word_1_618' title='bbox 1859 1889 1899 1923; x_wconf 79' lang='grc' dir='ltr'>τῷ</span> 
     </span>
    </p>
   </div>
   <div class='ocr_carea' id='block_1_83' title="bbox 1107 1931 1897 1967">
    <p class='ocr_par' dir='ltr' id='par_1_83' title="bbox 1107 1931 1897 1967">
     <span class='ocr_line' id='line_1_83' title="bbox 1107 1931 1897 1967; baseline 0.005 -10"><span class='ocrx_word' id='word_1_619' title='bbox 1107 1931 1150 1966; x_wconf 84' lang='grc' dir='ltr'><strong>χοῖ</strong></span> <span class='ocrx_word' id='word_1_620' title='bbox 1168 1932 1300 1965; x_wconf 73' lang='grc' dir='ltr'>συζεύξας</span> <span class='ocrx_word' id='word_1_621' title='bbox 1324 1932 1420 1967; x_wconf 73' lang='grc' dir='ltr'>ὁδηγὸν</span> <span class='ocrx_word' id='word_1_622' title='bbox 1436 1932 1490 1959; x_wconf 83' lang='grc' dir='ltr'>τῶν</span> <span class='ocrx_word' id='word_1_623' title='bbox 1516 1932 1676 1965; x_wconf 78' lang='grc' dir='ltr'>καλλίστων,</span> <span class='ocrx_word' id='word_1_624' title='bbox 1696 1934 1742 1960; x_wconf 66' lang='grc' dir='ltr'>καὶ</span> <span class='ocrx_word' id='word_1_625' title='bbox 1762 1934 1815 1960; x_wconf 83' lang='grc' dir='ltr'>τῶν</span> <span class='ocrx_word' id='word_1_626' title='bbox 1839 1935 1897 1961; x_wconf 85' lang='grc' dir='ltr'>ἄνω</span> 
     </span>
    </p>
   </div>
   <div class='ocr_carea' id='block_1_84' title="bbox 1108 1977 1894 2015">
    <p class='ocr_par' dir='ltr' id='par_1_84' title="bbox 1108 1977 1894 2015">
     <span class='ocr_line' id='line_1_84' title="bbox 1108 1977 1894 2015; baseline 0.004 -11"><span class='ocrx_word' id='word_1_627' title='bbox 1108 1977 1246 2013; x_wconf 76' lang='grc' dir='ltr'>πρόξενον,</span> <span class='ocrx_word' id='word_1_628' title='bbox 1262 1977 1329 2004; x_wconf 79' lang='grc' dir='ltr'>ἀλλὰ</span> <span class='ocrx_word' id='word_1_629' title='bbox 1347 1979 1393 2005; x_wconf 79' lang='grc' dir='ltr'>καὶ</span> <span class='ocrx_word' id='word_1_630' title='bbox 1410 1979 1555 2014; x_wconf 73' lang='grc' dir='ltr'>γενόμενος</span> <span class='ocrx_word' id='word_1_631' title='bbox 1570 1979 1640 2014; x_wconf 83' lang='grc' dir='ltr'>ὑπὲρ</span> <span class='ocrx_word' id='word_1_632' title='bbox 1651 1979 1729 2014; x_wconf 80' lang='grc' dir='ltr'>ἡμῶν</span> <span class='ocrx_word' id='word_1_633' title='bbox 1742 1980 1894 2015; x_wconf 80' lang='grc' dir='ltr'>ἄνθρωπος.</span> 
     </span>
    </p>
   </div>
   <div class='ocr_carea' id='block_1_85' title="bbox 1107 2024 1898 2061">
    <p class='ocr_par' dir='ltr' id='par_1_85' title="bbox 1107 2024 1898 2061">
     <span class='ocr_line' id='line_1_85' title="bbox 1107 2024 1898 2061; baseline 0.004 -11"><span class='ocrx_word' id='word_1_634' title='bbox 1107 2024 1197 2050; x_wconf 81' lang='grc' dir='ltr'>Καλὸν</span> <span class='ocrx_word' id='word_1_635' title='bbox 1218 2025 1235 2060; x_wconf 86' lang='grc' dir='ltr'>ἡ</span> <span class='ocrx_word' id='word_1_636' title='bbox 1255 2024 1441 2060; x_wconf 83' lang='grc' dir='ltr'>μακροθυμία,</span> <span class='ocrx_word' id='word_1_637' title='bbox 1465 2025 1513 2051; x_wconf 73' lang='grc' dir='ltr'><strong>καὶ</strong></span> <span class='ocrx_word' id='word_1_638' title='bbox 1529 2026 1543 2051; x_wconf 86' lang='grc' dir='ltr'><strong>ὁ</strong></span> <span class='ocrx_word' id='word_1_639' title='bbox 1556 2025 1637 2056; x_wconf 78' lang='grc' dir='ltr'>αὐτὸς</span> <span class='ocrx_word' id='word_1_640' title='bbox 1654 2027 1768 2061; x_wconf 78' lang='grc' dir='ltr'>μάρτυς,</span> <span class='ocrx_word' id='word_1_641' title='bbox 1793 2026 1823 2052; x_wconf 82' lang='grc' dir='ltr'>οὺ</span> <span class='ocrx_word' id='word_1_642' title='bbox 1847 2028 1898 2058; x_wconf 83' lang='grc' dir='ltr'>τὰς</span> 
     </span>
    </p>
   </div>
   <div class='ocr_carea' id='block_1_86' title="bbox 1106 2070 1898 2106">
    <p class='ocr_par' dir='ltr' id='par_1_86' title="bbox 1106 2070 1898 2106">
     <span class='ocr_line' id='line_1_86' title="bbox 1106 2070 1898 2106; baseline 0.004 -10"><span class='ocrx_word' id='word_1_643' title='bbox 1106 2070 1243 2105; x_wconf 84' lang='grc' dir='ltr'>λεγεῶνας</span> <span class='ocrx_word' id='word_1_644' title='bbox 1256 2071 1335 2106; x_wconf 86' lang='grc' dir='ltr'>μόνον</span> <span class='ocrx_word' id='word_1_645' title='bbox 1347 2070 1397 2097; x_wconf 73' lang='grc' dir='ltr'>τῶι</span> <span class='ocrx_word' id='word_1_646' title='bbox 1421 2071 1544 2105; x_wconf 82' lang='grc' dir='ltr'>ἀγγέλων</span> <span class='ocrx_word' id='word_1_647' title='bbox 1563 2072 1804 2106; x_wconf 75' lang='grc' dir='ltr'>παραιτησάμενος</span> <span class='ocrx_word' id='word_1_648' title='bbox 1826 2073 1898 2099; x_wconf 68' lang='grc' dir='ltr'>κατὰ</span> 
     </span>
    </p>
   </div>
   <div class='ocr_carea' id='block_1_87' title="bbox 1106 2117 1896 2153">
    <p class='ocr_par' dir='ltr' id='par_1_87' title="bbox 1106 2117 1896 2153">
     <span class='ocr_line' id='line_1_87' title="bbox 1106 2117 1896 2153; baseline 0.003 -11"><span class='ocrx_word' id='word_1_649' title='bbox 1106 2117 1160 2143; x_wconf 86' lang='grc' dir='ltr'>τῶν</span> <span class='ocrx_word' id='word_1_650' title='bbox 1174 2117 1399 2151; x_wconf 74' lang='grc' dir='ltr'>ἐπανισταμένων</span> <span class='ocrx_word' id='word_1_651' title='bbox 1418 2117 1463 2143; x_wconf 87' lang='grc' dir='ltr'>καὶ</span> <span class='ocrx_word' id='word_1_652' title='bbox 1480 2117 1694 2152; x_wconf 79' lang='grc' dir='ltr'>τυραννούντων,</span> <span class='ocrx_word' id='word_1_653' title='bbox 1713 2118 1773 2144; x_wconf 81' lang='grc' dir='ltr'>οὐδὲ</span> <span class='ocrx_word' id='word_1_654' title='bbox 1788 2118 1826 2153; x_wconf 85' lang='grc' dir='ltr'>τῷ</span> <span class='ocrx_word' id='word_1_655' title='bbox 1842 2119 1896 2144; x_wconf 80' lang='grc' dir='ltr'>Πέ-</span> 
     </span>
    </p>
   </div>
   <div class='ocr_carea' id='block_1_88' title="bbox 1105 2161 1894 2199">
    <p class='ocr_par' dir='ltr' id='par_1_88' title="bbox 1105 2161 1894 2199">
     <span class='ocr_line' id='line_1_88' title="bbox 1105 2161 1894 2199; baseline 0.003 -11"><span class='ocrx_word' id='word_1_656' title='bbox 1105 2171 1162 2198; x_wconf 85' lang='grc' dir='ltr'><strong>τρῳ</strong></span> <span class='ocrx_word' id='word_1_657' title='bbox 1180 2161 1258 2197; x_wconf 87' lang='grc' dir='ltr'>μόνον</span> <span class='ocrx_word' id='word_1_658' title='bbox 1280 2162 1446 2197; x_wconf 75' lang='grc' dir='ltr'>ἐπιτιμήσας</span> <span class='ocrx_word' id='word_1_659' title='bbox 1461 2162 1598 2198; x_wconf 83' lang='grc' dir='ltr'>αἱρομένῳ</span> <span class='ocrx_word' id='word_1_660' title='bbox 1614 2163 1669 2197; x_wconf 70' lang='grc'>(28)</span> <span class='ocrx_word' id='word_1_661' title='bbox 1681 2162 1729 2198; x_wconf 82' lang='grc' dir='ltr'>τὴν</span> <span class='ocrx_word' id='word_1_662' title='bbox 1747 2164 1894 2199; x_wconf 80' lang='grc' dir='ltr'>μάχαιραν,</span> 
     </span>
    </p>
   </div>
   <div class='ocr_carea' id='block_1_89' title="bbox 1107 2207 1895 2244">
    <p class='ocr_par' dir='ltr' id='par_1_89' title="bbox 1107 2207 1895 2244">
     <span class='ocr_line' id='line_1_89' title="bbox 1107 2207 1895 2244; baseline 0.003 -10"><span class='ocrx_word' id='word_1_663' title='bbox 1107 2207 1175 2234; x_wconf 75' lang='grc' dir='ltr'>ἀλλὰ</span> <span class='ocrx_word' id='word_1_664' title='bbox 1196 2207 1243 2234; x_wconf 68' lang='grc' dir='ltr'>καὶ</span> <span class='ocrx_word' id='word_1_665' title='bbox 1254 2207 1283 2234; x_wconf 77' lang='grc' dir='ltr'>τὸ</span> <span class='ocrx_word' id='word_1_666' title='bbox 1294 2207 1373 2234; x_wconf 82' lang='grc' dir='ltr'>ὠτίον</span> <span class='ocrx_word' id='word_1_667' title='bbox 1391 2207 1617 2244; x_wconf 78' lang='grc' dir='ltr'>ἀποκαταστήσας</span> <span class='ocrx_word' id='word_1_668' title='bbox 1631 2208 1670 2244; x_wconf 81' lang='grc' dir='ltr'>τῷ</span> <span class='ocrx_word' id='word_1_669' title='bbox 1681 2209 1843 2244; x_wconf 82' lang='grc' dir='ltr'>πεπληγότι.</span> <span class='ocrx_word' id='word_1_670' title='bbox 1858 2210 1895 2236; x_wconf 83' lang='grc' dir='ltr'><strong>Τὸ</strong></span> 
     </span>
    </p>
   </div>
   <div class='ocr_carea' id='block_1_90' title="bbox 268 2252 1059 2294">
    <p class='ocr_par' dir='ltr' id='par_1_90' title="bbox 268 2256 1055 2294">
     <span class='ocr_line' id='line_1_90' title="bbox 268 2256 1055 2294; baseline 0.003 -12"><span class='ocrx_word' id='word_1_671' title='bbox 268 2259 397 2289; x_wconf 84' lang='lat' dir='ltr'><strong>testatur,</strong></span> <span class='ocrx_word' id='word_1_672' title='bbox 411 2256 457 2292; x_wconf 90' lang='lat' dir='ltr'><strong>qui</strong></span> <span class='ocrx_word' id='word_1_673' title='bbox 469 2264 522 2284; x_wconf 95' lang='lat' dir='ltr'><strong>non</strong></span> <span class='ocrx_word' id='word_1_674' title='bbox 543 2257 629 2285; x_wconf 91' lang='lat' dir='ltr'><strong>solum</strong></span> <span class='ocrx_word' id='word_1_675' title='bbox 644 2259 805 2294; x_wconf 83' lang='lat' dir='ltr'><strong>angelorum</strong></span> <span class='ocrx_word' id='word_1_676' title='bbox 825 2258 942 2294; x_wconf 75' lang='lat' dir='ltr'><strong>legiones</strong></span> <span class='ocrx_word' id='word_1_677' title='bbox 957 2258 1055 2285; x_wconf 73' lang='lat' dir='ltr'><strong>adver-</strong></span> 
     </span>
    </p>
   </div>
   <div class='ocr_carea' id='block_1_91' title="bbox 1112 2252 1897 2294">
    <p class='ocr_par' dir='ltr' id='par_1_91' title="bbox 1112 2252 1897 2291">
     <span class='ocr_line' id='line_1_91' title="bbox 1112 2252 1897 2291; baseline 0.001 -10"><span class='ocrx_word' id='word_1_678' title='bbox 1112 2254 1128 2281; x_wconf 73' lang='lat'><strong>5&#39;</strong></span> <span class='ocrx_word' id='word_1_679' title='bbox 1137 2253 1203 2281; x_wconf 67' lang='grc' dir='ltr'>αὐτὸ</span> <span class='ocrx_word' id='word_1_680' title='bbox 1215 2253 1260 2280; x_wconf 69' lang='grc' dir='ltr'>καὶ</span> <span class='ocrx_word' id='word_1_681' title='bbox 1271 2253 1406 2287; x_wconf 77' lang='grc' dir='ltr'>Στέφανος</span> <span class='ocrx_word' id='word_1_682' title='bbox 1414 2252 1526 2289; x_wconf 75' lang='grc' dir='ltr'>ὕστερον</span> <span class='ocrx_word' id='word_1_683' title='bbox 1538 2254 1552 2279; x_wconf 82' lang='grc' dir='ltr'>ὁ</span> <span class='ocrx_word' id='word_1_684' title='bbox 1566 2253 1613 2280; x_wconf 83' lang='grc' dir='ltr'>τοῦ</span> <span class='ocrx_word' id='word_1_685' title='bbox 1626 2254 1744 2289; x_wconf 79' lang='grc' dir='ltr'>Χριστοῦ</span> <span class='ocrx_word' id='word_1_686' title='bbox 1757 2255 1897 2291; x_wconf 71' lang='grc' dir='ltr'>μαθητὴς,</span> 
     </span>
    </p>
   </div>
   <div class='ocr_carea' id='block_1_92' title="bbox 304 2315 637 2350">
    <p class='ocr_par' dir='ltr' id='par_1_92' title="bbox 304 2315 637 2350">
     <span class='ocr_line' id='line_1_92' title="bbox 304 2315 637 2350; baseline 0 -8"><span class='ocrx_word' id='word_1_687' title='bbox 304 2315 327 2331; x_wconf 82' lang='grc'><strong><em>’⁵</em></strong></span> <span class='ocrx_word' id='word_1_688' title='bbox 347 2315 432 2343; x_wconf 82' lang='lat' dir='ltr'><strong>Exod.</strong></span> <span class='ocrx_word' id='word_1_689' title='bbox 454 2324 508 2350; x_wconf 75' lang='lat' dir='ltr'><strong>xvr,</strong></span> <span class='ocrx_word' id='word_1_690' title='bbox 530 2316 564 2343; x_wconf 74' lang='grc'><strong>14</strong></span> <span class='ocrx_word' id='word_1_691' title='bbox 578 2323 637 2350; x_wconf 89' lang='lat' dir='ltr'><strong>sqq.</strong></span> 
     </span>
    </p>
   </div>
   <div class='ocr_carea' id='block_1_93' title="bbox 264 2349 812 2418">
    <p class='ocr_par' dir='ltr' id='par_1_93' title="bbox 264 2349 812 2418">
     <span class='ocr_line' id='line_1_93' title="bbox 265 2349 812 2384; baseline 0.004 -8"><span class='ocrx_word' id='word_1_692' title='bbox 265 2349 294 2377; x_wconf 80' lang='lat'><strong>6.</strong></span> <span class='ocrx_word' id='word_1_693' title='bbox 330 2351 352 2366; x_wconf 76' lang='lat'>“</span> <span class='ocrx_word' id='word_1_694' title='bbox 368 2351 436 2379; x_wconf 83' lang='lat' dir='ltr'><strong>Gen.</strong></span> <span class='ocrx_word' id='word_1_695' title='bbox 455 2359 492 2384; x_wconf 85' lang='lat' dir='ltr'><strong>tv,</strong></span> <span class='ocrx_word' id='word_1_696' title='bbox 510 2351 555 2378; x_wconf 74' lang='lat'><strong>26.</strong></span> <span class='ocrx_word' id='word_1_697' title='bbox 594 2349 707 2379; x_wconf 65' lang='lat' dir='ltr'><strong>&quot;Rom.</strong></span> <span class='ocrx_word' id='word_1_698' title='bbox 725 2359 762 2383; x_wconf 77' lang='lat' dir='ltr'><strong>ix,</strong></span> <span class='ocrx_word' id='word_1_699' title='bbox 785 2352 812 2378; x_wconf 82' lang='grc'><strong>5.</strong></span> 
     </span>
     <span class='ocr_line' id='line_1_94' title="bbox 264 2385 358 2418; baseline 0 -5"><span class='ocrx_word' id='word_1_700' title='bbox 264 2392 297 2418; x_wconf 86' lang='grc' dir='ltr'><strong>ιι,</strong></span> <span class='ocrx_word' id='word_1_701' title='bbox 315 2385 358 2413; x_wconf 75' lang='grc'><strong>10.</strong></span> 
     </span>
    </p>
   </div>
   <div class='ocr_carea' id='block_1_94' title="bbox 301 2443 1052 2479">
    <p class='ocr_par' dir='ltr' id='par_1_94' title="bbox 301 2443 1052 2479">
     <span class='ocr_line' id='line_1_95' title="bbox 301 2443 1052 2479; baseline -0.004 -8"><span class='ocrx_word' id='word_1_702' title='bbox 301 2443 358 2479; x_wconf 87' lang='lat' dir='ltr'>(l7)</span> <span class='ocrx_word' id='word_1_703' title='bbox 375 2443 446 2478; x_wconf 83' lang='grc' dir='ltr'>Περὶ</span> <span class='ocrx_word' id='word_1_704' title='bbox 461 2445 675 2479; x_wconf 68' lang='grc' dir='ltr'>φιλοπτωχίας.</span> <span class='ocrx_word' id='word_1_705' title='bbox 693 2444 732 2472; x_wconf 82' lang='lat' dir='ltr'><strong>lla</strong></span> <span class='ocrx_word' id='word_1_706' title='bbox 745 2445 810 2479; x_wconf 71' lang='lat' dir='ltr'><strong>lli-g.</strong></span> <span class='ocrx_word' id='word_1_707' title='bbox 829 2445 882 2472; x_wconf 85' lang='lat' dir='ltr'><strong>hm.</strong></span> <span class='ocrx_word' id='word_1_708' title='bbox 898 2444 945 2472; x_wconf 87' lang='lat' dir='ltr'><strong>Or.</strong></span> <span class='ocrx_word' id='word_1_709' title='bbox 966 2443 994 2475; x_wconf 79' lang='lat'><strong>‘2,</strong></span> <span class='ocrx_word' id='word_1_710' title='bbox 1012 2443 1052 2474; x_wconf 84' lang='grc' dir='ltr'><strong>εἰς</strong></span> 
     </span>
    </p>
   </div>
   <div class='ocr_carea' id='block_1_95' title="bbox 264 2479 1052 2542">
    <p class='ocr_par' dir='ltr' id='par_1_95' title="bbox 264 2479 1052 2542">
     <span class='ocr_line' id='line_1_96' title="bbox 264 2479 1052 2516; baseline -0.001 -11"><span class='ocrx_word' id='word_1_711' title='bbox 264 2479 463 2515; x_wconf 81' lang='grc' dir='ltr'>φιλοπτωχίαν.</span> <span class='ocrx_word' id='word_1_712' title='bbox 480 2480 544 2513; x_wconf 84' lang='lat' dir='ltr'><strong>Alii,</strong></span> <span class='ocrx_word' id='word_1_713' title='bbox 557 2481 622 2516; x_wconf 81' lang='grc' dir='ltr'>περὶ</span> <span class='ocrx_word' id='word_1_714' title='bbox 634 2480 852 2516; x_wconf 55' lang='grc' dir='ltr'>πτωχοτροςςίας,</span> <span class='ocrx_word' id='word_1_715' title='bbox 873 2489 883 2506; x_wconf 83' lang='grc'><strong>‹</strong></span> <span class='ocrx_word' id='word_1_716' title='bbox 902 2481 934 2506; x_wconf 91' lang='lat' dir='ltr'><strong>de</strong></span> <span class='ocrx_word' id='word_1_717' title='bbox 948 2479 1052 2505; x_wconf 88' lang='lat' dir='ltr'><strong>alendis</strong></span> 
     </span>
     <span class='ocr_line' id='line_1_97' title="bbox 264 2515 468 2542; baseline -0.005 0"><span class='ocrx_word' id='word_1_718' title='bbox 264 2515 436 2542; x_wconf 73' lang='lat' dir='ltr'><strong>pauperibus.</strong></span> <span class='ocrx_word' id='word_1_719' title='bbox 458 2524 468 2541; x_wconf 79' lang='grc' dir='ltr'><strong>ι</strong></span> 
     </span>
    </p>
   </div>
   <div class='ocr_carea' id='block_1_96' title="bbox 282 2521 468 2542">
    <p class='ocr_par' dir='ltr' id='par_1_96' title="bbox 282 2521 468 2542">
     <span class='ocr_line' id='line_1_98' title="bbox 282 2521 468 2542; baseline -0.005 0"><span class='ocrx_word' id='word_1_720' title='bbox 282 2521 436 2542; x_wconf 82' lang='lat' dir='ltr'><strong>auoertuus.</strong></span> <span class='ocrx_word' id='word_1_721' title='bbox 458 2524 468 2541; x_wconf 76' lang='grc' dir='ltr'><strong>ι</strong></span> 
     </span>
    </p>
   </div>
   <div class='ocr_carea' id='block_1_97' title="bbox 263 2522 1053 2612">
    <p class='ocr_par' dir='ltr' id='par_1_97' title="bbox 263 2522 1053 2612">
     <span class='ocr_line' id='line_1_99' title="bbox 263 2522 468 2549; baseline -0.005 -7"><span class='ocrx_word' id='word_1_722' title='bbox 263 2522 436 2549; x_wconf 76' lang='lat' dir='ltr'><strong>pauperibus.</strong></span> <span class='ocrx_word' id='word_1_723' title='bbox 458 2524 468 2541; x_wconf 79' lang='grc' dir='ltr'><strong>ι</strong></span> 
     </span>
     <span class='ocr_line' id='line_1_100' title="bbox 264 2549 1053 2612; baseline -0.001 -36"><span class='ocrx_word' id='word_1_724' title='bbox 264 2549 580 2612; x_wconf 35' lang='grc' dir='ltr'><strong>⁸ἓξὲξ.)γὲτὲἐικυυτήιιήτέ.</strong></span> <span class='ocrx_word' id='word_1_725' title='bbox 597 2549 680 2586; x_wconf 70' lang='lat' dir='ltr'><strong>chg.</strong></span> <span class='ocrx_word' id='word_1_726' title='bbox 697 2551 751 2584; x_wconf 86' lang='lat' dir='ltr'><strong>hm,</strong></span> <span class='ocrx_word' id='word_1_727' title='bbox 766 2552 813 2587; x_wconf 85' lang='lat' dir='ltr'><strong>ph.</strong></span> <span class='ocrx_word' id='word_1_728' title='bbox 828 2556 853 2579; x_wconf 92' lang='lat' dir='ltr'><strong>et</strong></span> <span class='ocrx_word' id='word_1_729' title='bbox 866 2550 912 2578; x_wconf 92' lang='lat' dir='ltr'><strong>0r.</strong></span> <span class='ocrx_word' id='word_1_730' title='bbox 927 2549 954 2582; x_wconf 75' lang='lat'><strong>2,</strong></span> <span class='ocrx_word' id='word_1_731' title='bbox 971 2550 1053 2576; x_wconf 76' lang='grc' dir='ltr'>πλου-</span> 
     </span>
    </p>
   </div>
   <div class='ocr_carea' id='block_1_98' title="bbox 264 2593 386 2613">
    <p class='ocr_par' dir='ltr' id='par_1_98' title="bbox 264 2593 386 2613">
     <span class='ocr_line' id='line_1_101' title="bbox 264 2593 386 2613; baseline -0.025 0"><span class='ocrx_word' id='word_1_732' title='bbox 264 2593 369 2613; x_wconf 81' lang='grc' dir='ltr'>τισητε.</span> <span class='ocrx_word' id='word_1_733' title='bbox 377 2594 386 2610; x_wconf 76' lang='grc' dir='ltr'><strong>ι</strong></span> 
     </span>
    </p>
   </div>
   <div class='ocr_carea' id='block_1_99' title="bbox 298 2593 789 2657">
    <p class='ocr_par' dir='ltr' id='par_1_99' title="bbox 298 2593 789 2657">
     <span class='ocr_line' id='line_1_102' title="bbox 298 2593 789 2657; baseline 0.008 -12"><span class='ocrx_word' id='word_1_734' title='bbox 363 2594 506 2653; x_wconf 31' lang='lat' dir='ltr'><strong>ﬁrm-tam</strong></span> <span class='ocrx_word' id='word_1_735' title='bbox 524 2620 610 2657; x_wconf 60' lang='lat' dir='ltr'><strong>Gloss.</strong></span> <span class='ocrx_word' id='word_1_736' title='bbox 633 2620 647 2655; x_wconf 87' lang='grc' dir='ltr'><strong>β</strong></span> <span class='ocrx_word' id='word_1_737' title='bbox 651 2621 789 2657; x_wconf 83' lang='grc' dir='ltr'>ρέχοντας.</span> 
     </span>
    </p>
   </div>
   <div class='ocr_carea' id='block_1_100' title="bbox 297 2655 761 2692">
    <p class='ocr_par' dir='ltr' id='par_1_100' title="bbox 297 2655 761 2692">
     <span class='ocr_line' id='line_1_103' title="bbox 297 2655 761 2692; baseline 0 -8"><span class='ocrx_word' id='word_1_738' title='bbox 371 2655 634 2692; x_wconf 22' lang='grc' dir='ltr'>Πρεσᾷεἷαᾈϐιοεε.</span> <span class='ocrx_word' id='word_1_739' title='bbox 651 2655 761 2692; x_wconf 72' lang='grc' dir='ltr'>πρῶτα.</span> 
     </span>
    </p>
   </div>
   <div class='ocr_carea' id='block_1_101' title="bbox 297 2690 753 2725">
    <p class='ocr_par' dir='ltr' id='par_1_101' title="bbox 297 2690 753 2725">
     <span class='ocr_line' id='line_1_104' title="bbox 297 2690 753 2725; baseline 0.002 -8"><span class='ocrx_word' id='word_1_740' title='bbox 297 2690 355 2725; x_wconf 74' lang='grc'>(21)</span> <span class='ocrx_word' id='word_1_741' title='bbox 372 2691 508 2725; x_wconf 78' lang='grc' dir='ltr'>Λειμῶνι,</span> <span class='ocrx_word' id='word_1_742' title='bbox 528 2690 617 2718; x_wconf 84' lang='lat' dir='ltr'><strong>Gloss.</strong></span> <span class='ocrx_word' id='word_1_743' title='bbox 633 2690 753 2725; x_wconf 79' lang='grc' dir='ltr'>λιὸαδίῳ.</span> 
     </span>
    </p>
   </div>
   <div class='ocr_carea' id='block_1_102' title="bbox 297 2719 1051 2764">
    <p class='ocr_par' dir='ltr' id='par_1_102' title="bbox 297 2719 1051 2764">
     <span class='ocr_line' id='line_1_105' title="bbox 297 2719 1051 2764; baseline 0.007 -13"><span class='ocrx_word' id='word_1_744' title='bbox 297 2719 356 2764; x_wconf 64' lang='grc'>(22)</span> <span class='ocrx_word' id='word_1_745' title='bbox 375 2719 540 2764; x_wconf 58' lang='grc' dir='ltr'>Διεᾏέσραι.</span> <span class='ocrx_word' id='word_1_746' title='bbox 559 2725 627 2764; x_wconf 71' lang='lat' dir='ltr'><strong>Reg.</strong></span> <span class='ocrx_word' id='word_1_747' title='bbox 642 2727 677 2754; x_wconf 91' lang='lat' dir='ltr'><strong>hu</strong></span> <span class='ocrx_word' id='word_1_748' title='bbox 695 2719 814 2764; x_wconf 74' lang='grc' dir='ltr'>ελέσθαι.</span> <span class='ocrx_word' id='word_1_749' title='bbox 847 2728 914 2764; x_wconf 70' lang='lat' dir='ltr'><strong>Reg.</strong></span> <span class='ocrx_word' id='word_1_750' title='bbox 944 2730 978 2764; x_wconf 78' lang='lat' dir='ltr'><strong>ph</strong></span> <span class='ocrx_word' id='word_1_751' title='bbox 993 2729 1051 2756; x_wconf 84' lang='grc' dir='ltr'>δια-</span> 
     </span>
    </p>
   </div>
   <div class='ocr_carea' id='block_1_103' title="bbox 269 2759 1052 2796">
    <p class='ocr_par' dir='ltr' id='par_1_103' title="bbox 269 2759 1052 2796">
     <span class='ocr_line' id='line_1_106' title="bbox 269 2759 1052 2796; baseline 0.009 -11"><span class='ocrx_word' id='word_1_752' title='bbox 269 2759 401 2796; x_wconf 70' lang='grc' dir='ltr'>ίέγεσθαι.</span> <span class='ocrx_word' id='word_1_753' title='bbox 427 2761 455 2788; x_wconf 91' lang='lat' dir='ltr'><strong>lu</strong></span> <span class='ocrx_word' id='word_1_754' title='bbox 473 2761 560 2788; x_wconf 81' lang='lat' dir='ltr'><strong>Oxon.</strong></span> <span class='ocrx_word' id='word_1_755' title='bbox 579 2759 677 2788; x_wconf 78' lang='lat' dir='ltr'><strong>desunt</strong></span> <span class='ocrx_word' id='word_1_756' title='bbox 701 2763 757 2790; x_wconf 69' lang='lat' dir='ltr'><strong>hmo</strong></span> <span class='ocrx_word' id='word_1_757' title='bbox 776 2765 855 2791; x_wconf 79' lang='lat' dir='ltr'><strong>verba</strong></span> <span class='ocrx_word' id='word_1_758' title='bbox 870 2759 981 2796; x_wconf 66' lang='grc' dir='ltr'><strong>;’”Ως”δ“</strong></span> <span class='ocrx_word' id='word_1_759' title='bbox 1006 2764 1052 2792; x_wconf 74' lang='grc' dir='ltr'><strong>οὖν</strong></span> 
     </span>
    </p>
   </div>
   <div class='ocr_carea' id='block_1_104' title="bbox 269 2794 934 2831">
    <p class='ocr_par' dir='ltr' id='par_1_104' title="bbox 269 2794 934 2831">
     <span class='ocr_line' id='line_1_107' title="bbox 269 2794 934 2831; baseline 0.009 -10"><span class='ocrx_word' id='word_1_760' title='bbox 269 2794 336 2831; x_wconf 37' lang='grc' dir='ltr'>ἔμελ</span> <span class='ocrx_word' id='word_1_761' title='bbox 345 2796 411 2831; x_wconf 80' lang='grc' dir='ltr'>περὶ</span> <span class='ocrx_word' id='word_1_762' title='bbox 424 2796 527 2823; x_wconf 84' lang='grc' dir='ltr'>τούτων</span> <span class='ocrx_word' id='word_1_763' title='bbox 540 2796 675 2823; x_wconf 82' lang='grc' dir='ltr'>διελέσθαι</span> <span class='ocrx_word' id='word_1_764' title='bbox 691 2798 822 2825; x_wconf 83' lang='grc' dir='ltr'>σκεπτέον</span> <span class='ocrx_word' id='word_1_765' title='bbox 838 2799 934 2831; x_wconf 79' lang='grc' dir='ltr'>οὕτως.</span> 
     </span>
    </p>
   </div>
   <div class='ocr_carea' id='block_1_105' title="bbox 297 2829 1051 2870">
    <p class='ocr_par' dir='ltr' id='par_1_105' title="bbox 297 2829 1051 2870">
     <span class='ocr_line' id='line_1_108' title="bbox 297 2829 1051 2870; baseline 0.008 -13"><span class='ocrx_word' id='word_1_766' title='bbox 297 2829 354 2866; x_wconf 68' lang='grc' dir='ltr'>(Ξὸ)</span> <span class='ocrx_word' id='word_1_767' title='bbox 373 2829 424 2870; x_wconf 59' lang='grc' dir='ltr'>Ὃς</span> <span class='ocrx_word' id='word_1_768' title='bbox 439 2832 569 2870; x_wconf 59' lang='grc' dir='ltr'>πρῶτος,</span> <span class='ocrx_word' id='word_1_769' title='bbox 591 2837 644 2860; x_wconf 89' lang='lat' dir='ltr'><strong>etc.</strong></span> <span class='ocrx_word' id='word_1_770' title='bbox 673 2841 682 2858; x_wconf 78' lang='grc' dir='ltr'><strong>ι</strong></span> <span class='ocrx_word' id='word_1_771' title='bbox 704 2834 754 2866; x_wconf 85' lang='lat' dir='ltr'><strong>Qui</strong></span> <span class='ocrx_word' id='word_1_772' title='bbox 777 2835 879 2869; x_wconf 88' lang='lat' dir='ltr'><strong>primus</strong></span> <span class='ocrx_word' id='word_1_773' title='bbox 901 2829 948 2870; x_wconf 86' lang='lat' dir='ltr'><strong>spe</strong></span> <span class='ocrx_word' id='word_1_774' title='bbox 965 2835 1051 2863; x_wconf 83' lang='lat' dir='ltr'><strong>addu-</strong></span> 
     </span>
    </p>
   </div>
   <div class='ocr_carea' id='block_1_106' title="bbox 263 2866 1050 2905">
    <p class='ocr_par' dir='ltr' id='par_1_106' title="bbox 263 2866 1050 2905">
     <span class='ocr_line' id='line_1_109' title="bbox 263 2866 1050 2905; baseline 0.01 -15"><span class='ocrx_word' id='word_1_775' title='bbox 263 2868 333 2898; x_wconf 84' lang='lat' dir='ltr'><strong>ctus,</strong></span> <span class='ocrx_word' id='word_1_776' title='bbox 348 2870 376 2892; x_wconf 92' lang='lat' dir='ltr'><strong>ut</strong></span> <span class='ocrx_word' id='word_1_777' title='bbox 400 2866 580 2905; x_wconf 34' lang='lat' dir='ltr'><strong>Dei-“nomine</strong></span> <span class='ocrx_word' id='word_1_778' title='bbox 603 2874 760 2905; x_wconf 63' lang='lat' dir='ltr'><strong>vocaretur;</strong></span> <span class='ocrx_word' id='word_1_779' title='bbox 777 2866 794 2895; x_wconf 76' lang='grc' dir='ltr'><strong>ἰ</strong></span> <span class='ocrx_word' id='word_1_780' title='bbox 810 2866 922 2905; x_wconf 46' lang='lat' dir='ltr'><strong>nempe&quot;</strong></span> <span class='ocrx_word' id='word_1_781' title='bbox 933 2880 941 2896; x_wconf 80' lang='grc' dir='ltr'><strong>ι</strong></span> <span class='ocrx_word' id='word_1_782' title='bbox 961 2876 990 2897; x_wconf 89' lang='grc' dir='ltr'><strong>ιιι</strong></span> <span class='ocrx_word' id='word_1_783' title='bbox 1010 2872 1050 2898; x_wconf 84' lang='lat' dir='ltr'><strong>sui</strong></span> 
     </span>
    </p>
   </div>
   <div class='ocr_carea' id='block_1_107' title="bbox 266 2901 1049 2942">
    <p class='ocr_par' dir='ltr' id='par_1_107' title="bbox 266 2901 1049 2942">
     <span class='ocr_line' id='line_1_110' title="bbox 266 2901 1049 2942; baseline 0.01 -15"><span class='ocrx_word' id='word_1_784' title='bbox 266 2906 428 2931; x_wconf 71' lang='lat' dir='ltr'><strong>vocarentur</strong></span> <span class='ocrx_word' id='word_1_785' title='bbox 441 2901 488 2929; x_wconf 86' lang='lat' dir='ltr'><strong>ﬁlii</strong></span> <span class='ocrx_word' id='word_1_786' title='bbox 502 2903 559 2930; x_wconf 86' lang='lat' dir='ltr'><strong>Dei.</strong></span> <span class='ocrx_word' id='word_1_787' title='bbox 577 2911 586 2928; x_wconf 84' lang='grc'><strong>›</strong></span> <span class='ocrx_word' id='word_1_788' title='bbox 603 2902 647 2930; x_wconf 85' lang='lat' dir='ltr'><strong>Sic</strong></span> <span class='ocrx_word' id='word_1_789' title='bbox 660 2904 738 2932; x_wconf 73' lang='lat' dir='ltr'><strong>vertit</strong></span> <span class='ocrx_word' id='word_1_790' title='bbox 752 2901 930 2934; x_wconf 55' lang='lat' dir='ltr'><strong>CombeﬁSius</strong></span> <span class='ocrx_word' id='word_1_791' title='bbox 944 2906 1049 2942; x_wconf 73' lang='lat' dir='ltr'><strong>passive</strong></span> 
     </span>
    </p>
   </div>
   <div class='ocr_carea' id='block_1_108' title="bbox 678 2311 1360 2378">
    <p class='ocr_par' dir='ltr' id='par_1_108' title="bbox 678 2311 1360 2378">
     <span class='ocr_line' id='line_1_111' title="bbox 678 2311 1360 2347; baseline -0.009 -4"><span class='ocrx_word' id='word_1_792' title='bbox 678 2316 699 2331; x_wconf 87' lang='lat'><strong>&quot;’</strong></span> <span class='ocrx_word' id='word_1_793' title='bbox 715 2315 786 2343; x_wconf 88' lang='lat' dir='ltr'><strong>Psal.</strong></span> <span class='ocrx_word' id='word_1_794' title='bbox 804 2315 962 2347; x_wconf 65' lang='lat' dir='ltr'><strong>LX!\&#39;II,25.</strong></span> <span class='ocrx_word' id='word_1_795' title='bbox 1004 2314 1026 2330; x_wconf 80' lang='grc'><strong>’⁸</strong></span> <span class='ocrx_word' id='word_1_796' title='bbox 1046 2313 1141 2341; x_wconf 82' lang='lat' dir='ltr'><strong>Matth.</strong></span> <span class='ocrx_word' id='word_1_797' title='bbox 1166 2319 1224 2341; x_wconf 76' lang='lat' dir='ltr'><strong>xw.</strong></span> <span class='ocrx_word' id='word_1_798' title='bbox 1244 2311 1278 2338; x_wconf 67' lang='lat'><strong>15</strong></span> <span class='ocrx_word' id='word_1_799' title='bbox 1300 2319 1360 2345; x_wconf 86' lang='lat' dir='ltr'><strong>sqq.</strong></span> 
     </span>
     <span class='ocr_line' id='line_1_112' title="bbox 678 2346 1360 2378; baseline -0.01 0"><span class='ocrx_word' id='word_1_800' title='bbox 678 2359 707 2378; x_wconf 87' lang='grc' dir='ltr'>ιι.</span> <span class='ocrx_word' id='word_1_801' title='bbox 725 2359 762 2378; x_wconf 73' lang='grc' dir='ltr'>ιι.</span> <span class='ocrx_word' id='word_1_802' title='bbox 785 2352 812 2378; x_wconf 82' lang='grc'><strong>5.</strong></span> <span class='ocrx_word' id='word_1_803' title='bbox 850 2350 985 2378; x_wconf 77' lang='lat' dir='ltr'><strong>“lJoan.</strong></span> <span class='ocrx_word' id='word_1_804' title='bbox 1002 2349 1084 2378; x_wconf 85' lang='lat' dir='ltr'><strong>tv.8.</strong></span> <span class='ocrx_word' id='word_1_805' title='bbox 1146 2347 1168 2363; x_wconf 73' lang='lat'>“</span> <span class='ocrx_word' id='word_1_806' title='bbox 1192 2346 1259 2374; x_wconf 86' lang='lat' dir='ltr'><strong>Gen.</strong></span> <span class='ocrx_word' id='word_1_807' title='bbox 1281 2355 1336 2378; x_wconf 77' lang='lat' dir='ltr'><strong>xu,</strong></span> <span class='ocrx_word' id='word_1_808' title='bbox 1359 2348 1360 2370; x_wconf 78' lang='lat'>1</span> 
     </span>
    </p>
   </div>
   <div class='ocr_carea' id='block_1_109' title="bbox 979 2369 1084 2382">
    <p class='ocr_par' dir='ltr' id='par_1_109' title="bbox 979 2369 1084 2382">
     <span class='ocr_line' id='line_1_113' title="bbox 979 2369 1084 2382; baseline -0.01 -5"><span class='ocrx_word' id='word_1_809' title='bbox 979 2369 1084 2382; x_wconf 68' lang='grc' dir='ltr'><strong>...μμ</strong></span> 
     </span>
    </p>
   </div>
   <div class='ocr_carea' id='block_1_110' title="bbox 1398 2312 1670 2346">
    <p class='ocr_par' dir='ltr' id='par_1_110' title="bbox 1398 2312 1670 2346">
     <span class='ocr_line' id='line_1_114' title="bbox 1398 2312 1670 2346; baseline 0.011 -9"><span class='ocrx_word' id='word_1_810' title='bbox 1398 2313 1420 2328; x_wconf 82' lang='grc'><strong>¹⁹</strong></span> <span class='ocrx_word' id='word_1_811' title='bbox 1439 2312 1446 2338; x_wconf 96' lang='grc' dir='ltr'><strong>Ι</strong></span> <span class='ocrx_word' id='word_1_812' title='bbox 1465 2313 1526 2340; x_wconf 85' lang='lat' dir='ltr'><strong>Cor.</strong></span> <span class='ocrx_word' id='word_1_813' title='bbox 1544 2321 1608 2346; x_wconf 83' lang='grc' dir='ltr'>ιιιιι,</span> <span class='ocrx_word' id='word_1_814' title='bbox 1629 2314 1670 2341; x_wconf 81' lang='lat' dir='ltr'><strong>l5.</strong></span> 
     </span>
    </p>
   </div>
   <div class='ocr_carea' id='block_1_111' title="bbox 1146 2346 1711 2385">
    <p class='ocr_par' dir='ltr' id='par_1_111' title="bbox 1146 2346 1711 2385">
     <span class='ocr_line' id='line_1_115' title="bbox 1146 2346 1711 2385; baseline 0.005 -11"><span class='ocrx_word' id='word_1_815' title='bbox 1146 2347 1168 2363; x_wconf 72' lang='lat'>“</span> <span class='ocrx_word' id='word_1_816' title='bbox 1192 2346 1259 2374; x_wconf 85' lang='lat' dir='ltr'><strong>Gen.</strong></span> <span class='ocrx_word' id='word_1_817' title='bbox 1281 2355 1336 2379; x_wconf 77' lang='lat' dir='ltr'><strong>xtx,</strong></span> <span class='ocrx_word' id='word_1_818' title='bbox 1359 2347 1385 2373; x_wconf 81' lang='grc'><strong>3.</strong></span> <span class='ocrx_word' id='word_1_819' title='bbox 1426 2348 1448 2363; x_wconf 77' lang='grc'><strong><em>³⁵</em></strong></span> <span class='ocrx_word' id='word_1_820' title='bbox 1467 2348 1522 2376; x_wconf 84' lang='lat' dir='ltr'><strong>Jos.</strong></span> <span class='ocrx_word' id='word_1_821' title='bbox 1551 2357 1586 2382; x_wconf 85' lang='grc' dir='ltr'><strong>ιι,</strong></span> <span class='ocrx_word' id='word_1_822' title='bbox 1613 2350 1624 2376; x_wconf 75' lang='grc'>1</span> <span class='ocrx_word' id='word_1_823' title='bbox 1653 2357 1711 2385; x_wconf 89' lang='lat' dir='ltr'><strong>sqq.</strong></span> 
     </span>
    </p>
   </div>
   <div class='ocr_carea' id='block_1_112' title="bbox 1719 2315 1894 2346">
    <p class='ocr_par' dir='ltr' id='par_1_112' title="bbox 1719 2315 1894 2346">
     <span class='ocr_line' id='line_1_116' title="bbox 1719 2315 1894 2346; baseline -0.011 -4"><span class='ocrx_word' id='word_1_824' title='bbox 1719 2315 1742 2330; x_wconf 81' lang='lat'><strong>&#39;°</strong></span> <span class='ocrx_word' id='word_1_825' title='bbox 1757 2315 1825 2342; x_wconf 80' lang='lat' dir='ltr'><strong>Gen.</strong></span> <span class='ocrx_word' id='word_1_826' title='bbox 1846 2323 1894 2346; x_wconf 79' lang='lat' dir='ltr'><strong>xv,</strong></span> 
     </span>
    </p>
   </div>
   <div class='ocr_carea' id='block_1_113' title="bbox 1760 2350 1893 2385">
    <p class='ocr_par' dir='ltr' id='par_1_113' title="bbox 1760 2350 1893 2385">
     <span class='ocr_line' id='line_1_117' title="bbox 1760 2350 1893 2385; baseline -0.015 -7"><span class='ocrx_word' id='word_1_827' title='bbox 1760 2351 1783 2366; x_wconf 83' lang='grc'><strong>³⁸</strong></span> <span class='ocrx_word' id='word_1_828' title='bbox 1795 2350 1893 2385; x_wconf 82' lang='lat' dir='ltr'><strong>Ephes.</strong></span> 
     </span>
    </p>
   </div>
   <div class='ocr_carea' id='block_1_114' title="bbox 1101 2439 1893 2480">
    <p class='ocr_par' dir='ltr' id='par_1_114' title="bbox 1101 2439 1893 2480">
     <span class='ocr_line' id='line_1_118' title="bbox 1101 2439 1893 2480; baseline 0.006 -13"><span class='ocrx_word' id='word_1_829' title='bbox 1101 2439 1259 2480; x_wconf 71' lang='lat' dir='ltr'><strong>accipiendo</strong></span> <span class='ocrx_word' id='word_1_830' title='bbox 1286 2448 1380 2480; x_wconf 77' lang='lat' dir='ltr'><strong>vocem</strong></span> <span class='ocrx_word' id='word_1_831' title='bbox 1408 2442 1607 2471; x_wconf 77' lang='grc' dir='ltr'>ἐπικαλεῖσθαι.</span> <span class='ocrx_word' id='word_1_832' title='bbox 1638 2444 1707 2472; x_wconf 84' lang='lat' dir='ltr'><strong>lluic</strong></span> <span class='ocrx_word' id='word_1_833' title='bbox 1731 2445 1893 2480; x_wconf 78' lang='lat' dir='ltr'><strong>interpreta-</strong></span> 
     </span>
    </p>
   </div>
   <div class='ocr_carea' id='block_1_115' title="bbox 1104 2476 1893 2515">
    <p class='ocr_par' dir='ltr' id='par_1_115' title="bbox 1104 2476 1893 2515">
     <span class='ocr_line' id='line_1_119' title="bbox 1104 2476 1893 2515; baseline 0.01 -14"><span class='ocrx_word' id='word_1_834' title='bbox 1104 2476 1180 2515; x_wconf 61' lang='lat' dir='ltr'><strong>tioni,</strong></span> <span class='ocrx_word' id='word_1_835' title='bbox 1204 2476 1254 2515; x_wconf 69' lang='lat' dir='ltr'><strong>etsi</strong></span> <span class='ocrx_word' id='word_1_836' title='bbox 1280 2477 1425 2515; x_wconf 31' lang='lat' dir='ltr'><strong>recedat-5i</strong></span> <span class='ocrx_word' id='word_1_837' title='bbox 1443 2481 1577 2515; x_wconf 61' lang='lat' dir='ltr'><strong>communi</strong></span> <span class='ocrx_word' id='word_1_838' title='bbox 1601 2481 1752 2513; x_wconf 80' lang='lat' dir='ltr'><strong>sententia,</strong></span> <span class='ocrx_word' id='word_1_839' title='bbox 1778 2476 1811 2507; x_wconf 71' lang='lat' dir='ltr'><strong>ut</strong></span> <span class='ocrx_word' id='word_1_840' title='bbox 1835 2481 1893 2515; x_wconf 81' lang='lat' dir='ltr'><strong>ipse</strong></span> 
     </span>
    </p>
   </div>
   <div class='ocr_carea' id='block_1_116' title="bbox 1103 2510 1884 2546">
    <p class='ocr_par' dir='ltr' id='par_1_116' title="bbox 1103 2510 1884 2546">
     <span class='ocr_line' id='line_1_120' title="bbox 1103 2510 1884 2546; baseline 0.009 -10"><span class='ocrx_word' id='word_1_841' title='bbox 1103 2510 1214 2543; x_wconf 77' lang='lat' dir='ltr'><strong>fatetur,</strong></span> <span class='ocrx_word' id='word_1_842' title='bbox 1230 2510 1320 2546; x_wconf 81' lang='lat' dir='ltr'><strong>favent</strong></span> <span class='ocrx_word' id='word_1_843' title='bbox 1334 2511 1431 2546; x_wconf 86' lang='lat' dir='ltr'><strong>Aquila</strong></span> <span class='ocrx_word' id='word_1_844' title='bbox 1448 2518 1474 2540; x_wconf 92' lang='lat' dir='ltr'><strong>et</strong></span> <span class='ocrx_word' id='word_1_845' title='bbox 1486 2513 1682 2546; x_wconf 87' lang='lat' dir='ltr'><strong>Thcodoretus,</strong></span> <span class='ocrx_word' id='word_1_846' title='bbox 1700 2510 1750 2542; x_wconf 77' lang='lat' dir='ltr'><strong>nec</strong></span> <span class='ocrx_word' id='word_1_847' title='bbox 1765 2523 1818 2542; x_wconf 90' lang='lat' dir='ltr'><strong>non</strong></span> <span class='ocrx_word' id='word_1_848' title='bbox 1833 2510 1884 2543; x_wconf 60' lang='lat' dir='ltr'><strong>v&#39;ox</strong></span> 
     </span>
    </p>
   </div>
   <div class='ocr_carea' id='block_1_117' title="bbox 1103 2545 1886 2596">
    <p class='ocr_par' dir='ltr' id='par_1_117' title="bbox 1103 2545 1886 2596">
     <span class='ocr_line' id='line_1_121' title="bbox 1103 2545 1886 2596; baseline 0.006 -17"><span class='ocrx_word' id='word_1_849' title='bbox 1103 2552 1210 2596; x_wconf 62' lang='lat' dir='ltr'><strong>hebraaa</strong></span> <span class='ocrx_word' id='word_1_850' title='bbox 1235 2545 1321 2596; x_wconf 43' lang='grc' dir='ltr'>κῆρι).</span> <span class='ocrx_word' id='word_1_851' title='bbox 1346 2545 1378 2596; x_wconf 72' lang='lat' dir='ltr'><strong>Et</strong></span> <span class='ocrx_word' id='word_1_852' title='bbox 1393 2559 1467 2582; x_wconf 90' lang='lat' dir='ltr'><strong>certe</strong></span> <span class='ocrx_word' id='word_1_853' title='bbox 1492 2555 1611 2583; x_wconf 81' lang='lat' dir='ltr'><strong>Adamus</strong></span> <span class='ocrx_word' id='word_1_854' title='bbox 1636 2545 1771 2584; x_wconf 69' lang='lat' dir='ltr'><strong>invocavit</strong></span> <span class='ocrx_word' id='word_1_855' title='bbox 1788 2564 1886 2584; x_wconf 88' lang='lat' dir='ltr'><strong>nomen</strong></span> 
     </span>
    </p>
   </div>
   <div class='ocr_carea' id='block_1_118' title="bbox 1107 2593 1891 2632">
    <p class='ocr_par' dir='ltr' id='par_1_118' title="bbox 1107 2593 1891 2632">
     <span class='ocr_line' id='line_1_122' title="bbox 1107 2593 1891 2632; baseline 0.008 -12"><span class='ocrx_word' id='word_1_856' title='bbox 1107 2593 1232 2632; x_wconf 65' lang='lat' dir='ltr'><strong>Domini;</strong></span> <span class='ocrx_word' id='word_1_857' title='bbox 1251 2593 1385 2632; x_wconf 67' lang='lat' dir='ltr'><strong>i_u&#39;vocav_i_t</strong></span> <span class='ocrx_word' id='word_1_858' title='bbox 1407 2596 1489 2623; x_wconf 87' lang='lat' dir='ltr'><strong>etiam</strong></span> <span class='ocrx_word' id='word_1_859' title='bbox 1509 2597 1586 2629; x_wconf 83' lang='lat' dir='ltr'><strong>Abel,</strong></span> <span class='ocrx_word' id='word_1_860' title='bbox 1603 2597 1759 2632; x_wconf 89' lang='lat' dir='ltr'><strong>priusquam</strong></span> <span class='ocrx_word' id='word_1_861' title='bbox 1781 2597 1891 2626; x_wconf 87' lang='lat' dir='ltr'><strong>invoca-</strong></span> 
     </span>
    </p>
   </div>
   <div class='ocr_carea' id='block_1_119' title="bbox 1106 2629 1891 2670">
    <p class='ocr_par' dir='ltr' id='par_1_119' title="bbox 1106 2629 1891 2670">
     <span class='ocr_line' id='line_1_123' title="bbox 1106 2629 1891 2670; baseline 0.006 -15"><span class='ocrx_word' id='word_1_862' title='bbox 1106 2634 1183 2670; x_wconf 69' lang='lat' dir='ltr'><strong>retur</strong></span> <span class='ocrx_word' id='word_1_863' title='bbox 1197 2629 1230 2657; x_wconf 91' lang='lat' dir='ltr'><strong>ab</strong></span> <span class='ocrx_word' id='word_1_864' title='bbox 1252 2629 1332 2657; x_wconf 87' lang='lat' dir='ltr'><strong>Enos.</strong></span> <span class='ocrx_word' id='word_1_865' title='bbox 1358 2629 1415 2658; x_wconf 86' lang='lat' dir='ltr'><strong>Non</strong></span> <span class='ocrx_word' id='word_1_866' title='bbox 1431 2638 1495 2667; x_wconf 83' lang='lat' dir='ltr'><strong>ergo</strong></span> <span class='ocrx_word' id='word_1_867' title='bbox 1511 2641 1520 2657; x_wconf 78' lang='grc' dir='ltr'><strong>ι</strong></span> <span class='ocrx_word' id='word_1_868' title='bbox 1537 2629 1640 2667; x_wconf 45' lang='lat' dir='ltr'><strong>prim—us</strong></span> <span class='ocrx_word' id='word_1_869' title='bbox 1657 2641 1667 2659; x_wconf 78' lang='grc' dir='ltr'><strong>ι</strong></span> <span class='ocrx_word' id='word_1_870' title='bbox 1687 2629 1757 2660; x_wconf 79' lang='lat' dir='ltr'><strong>Eoos</strong></span> <span class='ocrx_word' id='word_1_871' title='bbox 1779 2642 1788 2658; x_wconf 74' lang='grc' dir='ltr'><strong>ι</strong></span> <span class='ocrx_word' id='word_1_872' title='bbox 1807 2635 1891 2668; x_wconf 74' lang='grc' dir='ltr'>εωιιίι</span> 
     </span>
    </p>
   </div>
   <div class='ocr_carea' id='block_1_120' title="bbox 1108 2671 1705 2766">
    <p class='ocr_par' dir='ltr' id='par_1_120' title="bbox 1108 2671 1705 2766">
     <span class='ocr_line' id='line_1_124' title="bbox 1108 2671 1269 2692; baseline 0 -2"><span class='ocrx_word' id='word_1_873' title='bbox 1108 2671 1246 2692; x_wconf 79' lang='lat' dir='ltr'><strong>invocare.</strong></span> <span class='ocrx_word' id='word_1_874' title='bbox 1260 2673 1269 2690; x_wconf 80' lang='grc' dir='ltr'><strong>ι</strong></span> 
     </span>
     <span class='ocr_line' id='line_1_125' title="bbox 1139 2699 1705 2766; baseline 0.009 -41"><span class='ocrx_word' id='word_1_875' title='bbox 1139 2699 1197 2766; x_wconf 58' lang='grc' dir='ltr'>(ἐξ)</span> <span class='ocrx_word' id='word_1_876' title='bbox 1217 2699 1271 2744; x_wconf 57' lang='grc' dir='ltr'>Κιξί</span> <span class='ocrx_word' id='word_1_877' title='bbox 1285 2700 1406 2734; x_wconf 82' lang='grc' dir='ltr'>πάντες.</span> <span class='ocrx_word' id='word_1_878' title='bbox 1423 2701 1490 2737; x_wconf 74' lang='lat' dir='ltr'><strong>Reg.</strong></span> <span class='ocrx_word' id='word_1_879' title='bbox 1507 2709 1544 2743; x_wconf 40' lang='lat'><strong>0,.</strong></span> <span class='ocrx_word' id='word_1_880' title='bbox 1556 2703 1655 2752; x_wconf 74' lang='grc' dir='ltr'>πάντες</span> <span class='ocrx_word' id='word_1_881' title='bbox 1667 2703 1705 2730; x_wconf 78' lang='grc' dir='ltr'>δέ.</span> 
     </span>
     <span class='ocr_line' id='line_1_126' title="bbox 1169 2734 1681 2766; baseline 0.006 -5"><span class='ocrx_word' id='word_1_882' title='bbox 1169 2736 1198 2766; x_wconf 82' lang='lat' dir='ltr'><strong>o)</strong></span> <span class='ocrx_word' id='word_1_883' title='bbox 1223 2734 1285 2766; x_wconf 79' lang='grc' dir='ltr'><strong>Την</strong></span> <span class='ocrx_word' id='word_1_884' title='bbox 1308 2737 1492 2766; x_wconf 79' lang='grc' dir='ltr'>προαίρεσιν.</span> <span class='ocrx_word' id='word_1_885' title='bbox 1516 2738 1609 2766; x_wconf 83' lang='lat' dir='ltr'><strong>Btlhus</strong></span> <span class='ocrx_word' id='word_1_886' title='bbox 1635 2757 1642 2764; x_wconf 86' lang='lat'><strong>.</strong></span> <span class='ocrx_word' id='word_1_887' title='bbox 1673 2747 1681 2764; x_wconf 84' lang='lat' dir='ltr'><strong>t</strong></span> 
     </span>
    </p>
   </div>
   <div class='ocr_carea' id='block_1_121' title="bbox 1133 2734 1891 2775">
    <p class='ocr_par' dir='ltr' id='par_1_121' title="bbox 1133 2734 1891 2775">
     <span class='ocr_line' id='line_1_127' title="bbox 1133 2734 1891 2775; baseline 0.008 -15"><span class='ocrx_word' id='word_1_888' title='bbox 1133 2734 1198 2775; x_wconf 61' lang='lat'>(25)</span> <span class='ocrx_word' id='word_1_889' title='bbox 1223 2734 1285 2769; x_wconf 79' lang='grc' dir='ltr'><strong>Τὴν</strong></span> <span class='ocrx_word' id='word_1_890' title='bbox 1308 2734 1492 2771; x_wconf 51' lang='lat' dir='ltr'><strong>amca/pem}.</strong></span> <span class='ocrx_word' id='word_1_891' title='bbox 1516 2738 1609 2766; x_wconf 83' lang='lat' dir='ltr'><strong>Billius</strong></span> <span class='ocrx_word' id='word_1_892' title='bbox 1635 2734 1650 2764; x_wconf 20' lang='lat'><strong>:7</strong></span> <span class='ocrx_word' id='word_1_893' title='bbox 1673 2747 1681 2764; x_wconf 82' lang='grc' dir='ltr'><strong>ι</strong></span> <span class='ocrx_word' id='word_1_894' title='bbox 1706 2738 1788 2766; x_wconf 89' lang='lat' dir='ltr'><strong>animi</strong></span> <span class='ocrx_word' id='word_1_895' title='bbox 1812 2737 1891 2766; x_wconf 88' lang='lat' dir='ltr'><strong>indu-</strong></span> 
     </span>
    </p>
   </div>
   <div class='ocr_carea' id='block_1_122' title="bbox 1103 2774 1851 2839">
    <p class='ocr_par' dir='ltr' id='par_1_122' title="bbox 1103 2774 1851 2839">
     <span class='ocr_line' id='line_1_128' title="bbox 1134 2774 1203 2796; baseline 0.014 -1"><span class='ocrx_word' id='word_1_896' title='bbox 1134 2774 1137 2775; x_wconf 51' lang='grc'><strong><em>⁷</em></strong></span> <span class='ocrx_word' id='word_1_897' title='bbox 1178 2777 1203 2796; x_wconf 73' lang='lat'><strong>8.</strong></span> 
     </span>
     <span class='ocr_line' id='line_1_129' title="bbox 1103 2774 1851 2839; baseline 0.008 -9"><span class='ocrx_word' id='word_1_898' title='bbox 1103 2774 1196 2839; x_wconf 45' lang='lat' dir='ltr'><strong>mallii)</strong></span> <span class='ocrx_word' id='word_1_899' title='bbox 1221 2780 1437 2838; x_wconf 61' lang='grc' dir='ltr'><strong>τΕπαινεοεῖιηι,</strong></span> <span class='ocrx_word' id='word_1_900' title='bbox 1453 2813 1504 2834; x_wconf 73' lang='lat' dir='ltr'><strong>etc.</strong></span> <span class='ocrx_word' id='word_1_901' title='bbox 1520 2817 1528 2832; x_wconf 76' lang='grc' dir='ltr'><strong>ι</strong></span> <span class='ocrx_word' id='word_1_902' title='bbox 1539 2807 1658 2835; x_wconf 84' lang='lat' dir='ltr'><strong>Laudata</strong></span> <span class='ocrx_word' id='word_1_903' title='bbox 1674 2813 1697 2835; x_wconf 88' lang='lat' dir='ltr'><strong>el</strong></span> <span class='ocrx_word' id='word_1_904' title='bbox 1715 2812 1851 2836; x_wconf 65' lang='lat' dir='ltr'><strong>servata.)</strong></span> 
     </span>
    </p>
   </div>
   <div class='ocr_carea' id='block_1_123' title="bbox 1138 2840 1891 2877">
    <p class='ocr_par' dir='ltr' id='par_1_123' title="bbox 1138 2840 1891 2877">
     <span class='ocr_line' id='line_1_130' title="bbox 1138 2840 1891 2877; baseline 0.007 -11"><span class='ocrx_word' id='word_1_905' title='bbox 1138 2840 1196 2875; x_wconf 75' lang='lat'>(27)</span> <span class='ocrx_word' id='word_1_906' title='bbox 1224 2840 1285 2874; x_wconf 81' lang='grc' dir='ltr'><strong>Τὴν</strong></span> <span class='ocrx_word' id='word_1_907' title='bbox 1304 2842 1416 2869; x_wconf 71' lang='grc' dir='ltr'>εἰκώ-α.</span> <span class='ocrx_word' id='word_1_908' title='bbox 1436 2853 1445 2868; x_wconf 84' lang='grc'><strong>‹</strong></span> <span class='ocrx_word' id='word_1_909' title='bbox 1464 2842 1621 2877; x_wconf 82' lang='lat' dir='ltr'><strong>Imaginem,</strong></span> <span class='ocrx_word' id='word_1_910' title='bbox 1642 2853 1650 2869; x_wconf 79' lang='grc' dir='ltr'><strong>ι</strong></span> <span class='ocrx_word' id='word_1_911' title='bbox 1677 2843 1702 2870; x_wconf 90' lang='lat' dir='ltr'><strong>id</strong></span> <span class='ocrx_word' id='word_1_912' title='bbox 1726 2848 1784 2877; x_wconf 78' lang='lat' dir='ltr'><strong>est,</strong></span> <span class='ocrx_word' id='word_1_913' title='bbox 1805 2853 1814 2869; x_wconf 78' lang='grc' dir='ltr'><strong>ι</strong></span> <span class='ocrx_word' id='word_1_914' title='bbox 1829 2843 1891 2871; x_wconf 82' lang='lat' dir='ltr'><strong>ani-</strong></span> 
     </span>
    </p>
   </div>
   <div class='ocr_carea' id='block_1_124' title="bbox 1103 2883 1683 2951">
    <p class='ocr_par' dir='ltr' id='par_1_124' title="bbox 1103 2883 1683 2951">
     <span class='ocr_line' id='line_1_131' title="bbox 1103 2883 1683 2951; baseline 0.005 -14"><span class='ocrx_word' id='word_1_915' title='bbox 1103 2883 1369 2947; x_wconf 35' lang='lat' dir='ltr'><strong>mgayAIPth-(p.</strong></span> <span class='ocrx_word' id='word_1_916' title='bbox 1391 2913 1454 2949; x_wconf 68' lang='lat' dir='ltr'><strong>Reg.</strong></span> <span class='ocrx_word' id='word_1_917' title='bbox 1474 2914 1521 2948; x_wconf 82' lang='lat' dir='ltr'><strong>ph,</strong></span> <span class='ocrx_word' id='word_1_918' title='bbox 1537 2913 1683 2951; x_wconf 57' lang='grc' dir='ltr'>αἱρουμένῳ.</span> 
     </span>
    </p>
   </div>
  </div>
