  <div class='ocr_page' id='page_1' title='image "/cluster/home/n/w/nwhite01/storage/ocr_20150623/35/njp.32101077772554/446.png"; bbox 0 0 2069 3131; ppageno 0'>
   <div class='ocr_carea' id='block_1_1' title="bbox 152 157 205 184">
    <p class='ocr_par' dir='ltr' id='par_1_1' title="bbox 152 157 205 184">
     <span class='ocr_line' id='line_1_1' title="bbox 152 157 205 184; baseline 0 0"><span class='ocrx_word' id='word_1_1' title='bbox 152 157 205 184; x_wconf 75' lang='grc'>805</span> 
     </span>
    </p>
   </div>
   <div class='ocr_carea' id='block_1_2' title="bbox 612 151 1303 182">
    <p class='ocr_par' dir='ltr' id='par_1_2' title="bbox 612 151 1303 182">
     <span class='ocr_line' id='line_1_2' title="bbox 612 151 1303 182; baseline -0.004 -1"><span class='ocrx_word' id='word_1_2' title='bbox 612 153 737 182; x_wconf 70' lang='grc' dir='ltr'><strong>ΟΒᾹἸῚΟ</strong></span> <span class='ocrx_word' id='word_1_3' title='bbox 758 153 827 181; x_wconf 72' lang='lat' dir='ltr'><strong>XIV.</strong></span> <span class='ocrx_word' id='word_1_4' title='bbox 847 169 882 174; x_wconf 98' lang='lat'><strong>—</strong></span> <span class='ocrx_word' id='word_1_5' title='bbox 901 153 945 181; x_wconf 84' lang='lat' dir='ltr'><strong>DE</strong></span> <span class='ocrx_word' id='word_1_6' title='bbox 965 151 1156 181; x_wconf 73' lang='lat' dir='ltr'><strong>PAUPERUM</strong></span> <span class='ocrx_word' id='word_1_7' title='bbox 1174 151 1303 179; x_wconf 78' lang='lat' dir='ltr'><strong>AMORE.</strong></span> 
     </span>
    </p>
   </div>
   <div class='ocr_carea' id='block_1_3' title="bbox 1725 149 1776 178">
    <p class='ocr_par' dir='ltr' id='par_1_3' title="bbox 1725 149 1776 178">
     <span class='ocr_line' id='line_1_3' title="bbox 1725 149 1776 178; baseline 0.02 -1"><span class='ocrx_word' id='word_1_8' title='bbox 1725 149 1776 178; x_wconf 75' lang='lat'><strong>866</strong></span> 
     </span>
    </p>
   </div>
   <div class='ocr_carea' id='block_1_4' title="bbox 153 211 944 250">
    <p class='ocr_par' dir='ltr' id='par_1_4' title="bbox 153 213 943 250">
     <span class='ocr_line' id='line_1_4' title="bbox 153 213 943 250; baseline -0.001 -9"><span class='ocrx_word' id='word_1_9' title='bbox 153 213 272 250; x_wconf 84' lang='grc' dir='ltr'>ρολόγων</span> <span class='ocrx_word' id='word_1_10' title='bbox 288 213 497 249; x_wconf 79' lang='grc' dir='ltr'><strong>ἀπανθρωπίαν,</strong></span> <span class='ocrx_word' id='word_1_11' title='bbox 517 213 572 239; x_wconf 78' lang='grc' dir='ltr'>εἴτε</span> <span class='ocrx_word' id='word_1_12' title='bbox 585 213 691 249; x_wconf 77' lang='grc' dir='ltr'>λῃστῶν</span> <span class='ocrx_word' id='word_1_13' title='bbox 708 213 873 248; x_wconf 74' lang='grc' dir='ltr'><strong>μιαιφονίαν,</strong></span> <span class='ocrx_word' id='word_1_14' title='bbox 888 213 943 240; x_wconf 82' lang='grc' dir='ltr'>εἴτε</span> 
     </span>
    </p>
   </div>
   <div class='ocr_carea' id='block_1_5' title="bbox 998 211 1776 250">
    <p class='ocr_par' dir='ltr' id='par_1_5' title="bbox 998 211 1776 246">
     <span class='ocr_line' id='line_1_5' title="bbox 998 211 1776 246; baseline -0.004 -5"><span class='ocrx_word' id='word_1_15' title='bbox 998 214 1139 245; x_wconf 65' lang='lat' dir='ltr'><strong>saevitiam,</strong></span> <span class='ocrx_word' id='word_1_16' title='bbox 1157 213 1214 240; x_wconf 84' lang='lat' dir='ltr'><strong>sive</strong></span> <span class='ocrx_word' id='word_1_17' title='bbox 1229 212 1264 239; x_wconf 90' lang='lat' dir='ltr'><strong>ob</strong></span> <span class='ocrx_word' id='word_1_18' title='bbox 1285 211 1431 246; x_wconf 71' lang='lat' dir='ltr'><strong>prmsidum</strong></span> <span class='ocrx_word' id='word_1_19' title='bbox 1455 211 1640 244; x_wconf 72' lang='lat' dir='ltr'><strong>acerbitatem,</strong></span> <span class='ocrx_word' id='word_1_20' title='bbox 1661 211 1718 238; x_wconf 86' lang='lat' dir='ltr'><strong>sive</strong></span> <span class='ocrx_word' id='word_1_21' title='bbox 1741 212 1776 238; x_wconf 83' lang='lat' dir='ltr'><strong>ob</strong></span> 
     </span>
    </p>
   </div>
   <div class='ocr_carea' id='block_1_6' title="bbox 153 258 936 295">
    <p class='ocr_par' dir='ltr' id='par_1_6' title="bbox 153 258 936 295">
     <span class='ocr_line' id='line_1_6' title="bbox 153 258 936 295; baseline 0 -9"><span class='ocrx_word' id='word_1_22' title='bbox 153 259 277 286; x_wconf 83' lang='grc' dir='ltr'>κλεπτῶν</span> <span class='ocrx_word' id='word_1_23' title='bbox 298 259 460 295; x_wconf 80' lang='grc' dir='ltr'><strong>ἀπληστίαν,</strong></span> <span class='ocrx_word' id='word_1_24' title='bbox 481 258 535 285; x_wconf 77' lang='grc' dir='ltr'>εἴτε</span> <span class='ocrx_word' id='word_1_25' title='bbox 553 259 694 294; x_wconf 86' lang='grc' dir='ltr'>δήμευσιν,</span> <span class='ocrx_word' id='word_1_26' title='bbox 719 259 773 286; x_wconf 84' lang='grc' dir='ltr'>εἴτε</span> <span class='ocrx_word' id='word_1_27' title='bbox 791 260 936 294; x_wconf 87' lang='grc' dir='ltr'>ναυάγιον·</span> 
     </span>
    </p>
   </div>
   <div class='ocr_carea' id='block_1_7' title="bbox 154 304 940 340">
    <p class='ocr_par' dir='ltr' id='par_1_7' title="bbox 154 304 940 340">
     <span class='ocr_line' id='line_1_7' title="bbox 154 304 940 340; baseline 0 -8"><span class='ocrx_word' id='word_1_28' title='bbox 154 306 255 337; x_wconf 85' lang='grc' dir='ltr'>πάντες</span> <span class='ocrx_word' id='word_1_29' title='bbox 265 305 319 340; x_wconf 80' lang='grc' dir='ltr'><strong>γὰρ</strong></span> <span class='ocrx_word' id='word_1_30' title='bbox 329 305 429 340; x_wconf 86' lang='grc' dir='ltr'>ὁμοίως</span> <span class='ocrx_word' id='word_1_31' title='bbox 443 304 553 331; x_wconf 79' lang='grc' dir='ltr'>ἐλεεινοὶ</span> <span class='ocrx_word' id='word_1_32' title='bbox 564 324 571 336; x_wconf 89' lang='grc'><strong>,</strong></span> <span class='ocrx_word' id='word_1_33' title='bbox 583 305 629 331; x_wconf 76' lang='grc' dir='ltr'>καὶ</span> <span class='ocrx_word' id='word_1_34' title='bbox 643 304 715 331; x_wconf 75' lang='grc' dir='ltr'>οὕτω</span> <span class='ocrx_word' id='word_1_35' title='bbox 726 305 782 340; x_wconf 72' lang='grc'>(48)</span> <span class='ocrx_word' id='word_1_36' title='bbox 795 305 940 340; x_wconf 82' lang='grc' dir='ltr'>βλέποντες</span> 
     </span>
    </p>
   </div>
   <div class='ocr_carea' id='block_1_8' title="bbox 153 350 938 386">
    <p class='ocr_par' dir='ltr' id='par_1_8' title="bbox 153 350 938 386">
     <span class='ocr_line' id='line_1_8' title="bbox 153 350 938 386; baseline -0.001 -8"><span class='ocrx_word' id='word_1_37' title='bbox 153 353 194 383; x_wconf 84' lang='grc' dir='ltr'>εἰς</span> <span class='ocrx_word' id='word_1_38' title='bbox 209 351 258 383; x_wconf 82' lang='grc' dir='ltr'><strong>τὰς</strong></span> <span class='ocrx_word' id='word_1_39' title='bbox 271 351 408 386; x_wconf 80' lang='grc' dir='ltr'>ἡμετέρας</span> <span class='ocrx_word' id='word_1_40' title='bbox 424 352 527 386; x_wconf 79' lang='grc' dir='ltr'>χεῖρας,</span> <span class='ocrx_word' id='word_1_41' title='bbox 539 350 576 382; x_wconf 83' lang='grc' dir='ltr'>ὡς</span> <span class='ocrx_word' id='word_1_42' title='bbox 591 351 671 386; x_wconf 82' lang='grc' dir='ltr'>ἡμεῖς</span> <span class='ocrx_word' id='word_1_43' title='bbox 686 351 726 382; x_wconf 78' lang='grc' dir='ltr'><strong>εἰς</strong></span> <span class='ocrx_word' id='word_1_44' title='bbox 742 350 791 382; x_wconf 77' lang='grc' dir='ltr'>τὰς</span> <span class='ocrx_word' id='word_1_45' title='bbox 803 351 850 377; x_wconf 79' lang='grc' dir='ltr'><strong>τοῦ</strong></span> <span class='ocrx_word' id='word_1_46' title='bbox 860 350 938 382; x_wconf 78' lang='grc' dir='ltr'>Θεοῦ,</span> 
     </span>
    </p>
   </div>
   <div class='ocr_carea' id='block_1_9' title="bbox 154 394 939 432">
    <p class='ocr_par' dir='ltr' id='par_1_9' title="bbox 154 394 939 432">
     <span class='ocr_line' id='line_1_9' title="bbox 154 394 939 432; baseline 0.001 -10"><span class='ocrx_word' id='word_1_47' title='bbox 154 397 218 432; x_wconf 77' lang='grc' dir='ltr'>περὶ</span> <span class='ocrx_word' id='word_1_48' title='bbox 247 394 284 422; x_wconf 85' lang='grc' dir='ltr'><strong>ὧν</strong></span> <span class='ocrx_word' id='word_1_49' title='bbox 312 396 345 423; x_wconf 81' lang='grc' dir='ltr'>ἂν</span> <span class='ocrx_word' id='word_1_50' title='bbox 358 396 481 431; x_wconf 77' lang='grc' dir='ltr'><strong>δεώμεθα</strong></span> <span class='ocrx_word' id='word_1_51' title='bbox 494 404 500 411; x_wconf 94' lang='grc'><strong>·</strong></span> <span class='ocrx_word' id='word_1_52' title='bbox 519 396 566 422; x_wconf 72' lang='grc' dir='ltr'>καὶ</span> <span class='ocrx_word' id='word_1_53' title='bbox 587 395 689 422; x_wconf 84' lang='grc' dir='ltr'>τούτων</span> <span class='ocrx_word' id='word_1_54' title='bbox 710 397 799 423; x_wconf 77' lang='grc' dir='ltr'><strong>αὐτῶν</strong></span> <span class='ocrx_word' id='word_1_55' title='bbox 830 397 855 423; x_wconf 82' lang='grc' dir='ltr'><strong>οί</strong></span> <span class='ocrx_word' id='word_1_56' title='bbox 877 397 939 432; x_wconf 76' lang='grc' dir='ltr'>παρ’</span> 
     </span>
    </p>
   </div>
   <div class='ocr_carea' id='block_1_10' title="bbox 153 441 941 477">
    <p class='ocr_par' dir='ltr' id='par_1_10' title="bbox 153 441 941 477">
     <span class='ocr_line' id='line_1_10' title="bbox 153 441 941 477; baseline 0.001 -9"><span class='ocrx_word' id='word_1_57' title='bbox 153 441 232 474; x_wconf 80' lang='grc' dir='ltr'>ἀξίαν</span> <span class='ocrx_word' id='word_1_58' title='bbox 252 441 305 477; x_wconf 70' lang='grc'>(49)</span> <span class='ocrx_word' id='word_1_59' title='bbox 318 441 547 474; x_wconf 76' lang='grc' dir='ltr'>κακοπαθοῦντες,</span> <span class='ocrx_word' id='word_1_60' title='bbox 564 441 617 468; x_wconf 84' lang='grc' dir='ltr'><strong>τῶν</strong></span> <span class='ocrx_word' id='word_1_61' title='bbox 635 443 664 468; x_wconf 82' lang='grc' dir='ltr'><strong>ὲν</strong></span> <span class='ocrx_word' id='word_1_62' title='bbox 675 441 729 468; x_wconf 81' lang='grc' dir='ltr'>ἕοει</span> <span class='ocrx_word' id='word_1_63' title='bbox 744 442 790 468; x_wconf 79' lang='grc' dir='ltr'><strong>τοῦ</strong></span> <span class='ocrx_word' id='word_1_64' title='bbox 802 442 941 477; x_wconf 81' lang='grc' dir='ltr'><strong>δυστυχεῖν</strong></span> 
     </span>
    </p>
   </div>
   <div class='ocr_carea' id='block_1_11' title="bbox 153 487 942 524">
    <p class='ocr_par' dir='ltr' id='par_1_11' title="bbox 153 487 942 524">
     <span class='ocr_line' id='line_1_11' title="bbox 153 487 942 524; baseline 0.003 -11"><span class='ocrx_word' id='word_1_65' title='bbox 153 487 238 514; x_wconf 70' lang='grc' dir='ltr'>ὅντων</span> <span class='ocrx_word' id='word_1_66' title='bbox 251 487 424 523; x_wconf 74' lang='grc' dir='ltr'><strong>ἐλεεινότεροι</strong></span> <span class='ocrx_word' id='word_1_67' title='bbox 437 494 444 501; x_wconf 86' lang='lat'><strong>&#39;</strong></span> <span class='ocrx_word' id='word_1_68' title='bbox 460 487 608 522; x_wconf 78' lang='grc' dir='ltr'><strong>ἐξαιρέτως</strong></span> <span class='ocrx_word' id='word_1_69' title='bbox 621 487 650 514; x_wconf 78' lang='grc' dir='ltr'>δὲ</span> <span class='ocrx_word' id='word_1_70' title='bbox 666 488 721 519; x_wconf 82' lang='grc' dir='ltr'>τοῖς</span> <span class='ocrx_word' id='word_1_71' title='bbox 735 488 787 514; x_wconf 81' lang='grc' dir='ltr'><strong>ὑπὸ</strong></span> <span class='ocrx_word' id='word_1_72' title='bbox 803 488 853 522; x_wconf 77' lang='grc' dir='ltr'><strong>τῆς</strong></span> <span class='ocrx_word' id='word_1_73' title='bbox 867 489 942 524; x_wconf 75' lang='grc' dir='ltr'>ἱερᾶς</span> 
     </span>
    </p>
   </div>
   <div class='ocr_carea' id='block_1_12' title="bbox 154 533 941 568">
    <p class='ocr_par' dir='ltr' id='par_1_12' title="bbox 154 533 941 568">
     <span class='ocr_line' id='line_1_12' title="bbox 154 533 941 568; baseline 0.001 -9"><span class='ocrx_word' id='word_1_74' title='bbox 154 533 232 559; x_wconf 75' lang='grc' dir='ltr'>νόσου</span> <span class='ocrx_word' id='word_1_75' title='bbox 246 533 461 568; x_wconf 69' lang='grc' dir='ltr'><strong>διεφθαρμένοις,</strong></span> <span class='ocrx_word' id='word_1_76' title='bbox 477 533 523 559; x_wconf 75' lang='grc' dir='ltr'>καὶ</span> <span class='ocrx_word' id='word_1_77' title='bbox 543 533 625 568; x_wconf 76' lang='grc' dir='ltr'>μέχρι</span> <span class='ocrx_word' id='word_1_78' title='bbox 639 533 758 568; x_wconf 80' lang='grc' dir='ltr'><strong>σαρκῶν,</strong></span> <span class='ocrx_word' id='word_1_79' title='bbox 772 535 818 560; x_wconf 75' lang='grc' dir='ltr'>καὶ</span> <span class='ocrx_word' id='word_1_80' title='bbox 829 535 941 566; x_wconf 76' lang='grc' dir='ltr'>ὀστέων,</span> 
     </span>
    </p>
   </div>
   <div class='ocr_carea' id='block_1_13' title="bbox 155 578 941 615">
    <p class='ocr_par' dir='ltr' id='par_1_13' title="bbox 155 578 941 615">
     <span class='ocr_line' id='line_1_13' title="bbox 155 578 941 615; baseline 0.004 -11"><span class='ocrx_word' id='word_1_81' title='bbox 155 578 202 604; x_wconf 81' lang='grc' dir='ltr'><strong>καὶ</strong></span> <span class='ocrx_word' id='word_1_82' title='bbox 218 578 333 613; x_wconf 81' lang='grc' dir='ltr'><strong>μυελῶν,</strong></span> <span class='ocrx_word' id='word_1_83' title='bbox 349 578 386 610; x_wconf 79' lang='grc' dir='ltr'><strong>ὡς</strong></span> <span class='ocrx_word' id='word_1_84' title='bbox 408 580 424 612; x_wconf 89' lang='grc' dir='ltr'>ἠ</span> <span class='ocrx_word' id='word_1_85' title='bbox 441 579 513 605; x_wconf 80' lang='grc' dir='ltr'>κατά</span> <span class='ocrx_word' id='word_1_86' title='bbox 527 587 608 605; x_wconf 84' lang='grc' dir='ltr'>τινων</span> <span class='ocrx_word' id='word_1_87' title='bbox 621 579 730 614; x_wconf 80' lang='grc' dir='ltr'>ἀπειλὴ,</span> <span class='ocrx_word' id='word_1_88' title='bbox 749 579 941 615; x_wconf 73' lang='grc' dir='ltr'>βεϐρωμένοις,</span> 
     </span>
    </p>
   </div>
   <div class='ocr_carea' id='block_1_14' title="bbox 155 622 941 658">
    <p class='ocr_par' dir='ltr' id='par_1_14' title="bbox 155 622 941 658">
     <span class='ocr_line' id='line_1_14' title="bbox 155 622 941 658; baseline 0.004 -10"><span class='ocrx_word' id='word_1_89' title='bbox 155 622 202 648; x_wconf 68' lang='grc' dir='ltr'>καὶ</span> <span class='ocrx_word' id='word_1_90' title='bbox 219 622 422 658; x_wconf 80' lang='grc' dir='ltr'>προδεδομένοις</span> <span class='ocrx_word' id='word_1_91' title='bbox 439 623 491 649; x_wconf 74' lang='grc' dir='ltr'><strong>ὑπὸ</strong></span> <span class='ocrx_word' id='word_1_92' title='bbox 510 622 557 649; x_wconf 82' lang='grc' dir='ltr'><strong>τοῦ</strong></span> <span class='ocrx_word' id='word_1_93' title='bbox 576 623 724 658; x_wconf 82' lang='grc' dir='ltr'>μοχθηροῦ,</span> <span class='ocrx_word' id='word_1_94' title='bbox 743 625 789 651; x_wconf 77' lang='grc' dir='ltr'>καὶ</span> <span class='ocrx_word' id='word_1_95' title='bbox 803 625 941 657; x_wconf 79' lang='grc' dir='ltr'>ταπεινοῦ,</span> 
     </span>
    </p>
   </div>
   <div class='ocr_carea' id='block_1_15' title="bbox 155 666 943 704">
    <p class='ocr_par' dir='ltr' id='par_1_15' title="bbox 155 666 943 704">
     <span class='ocr_line' id='line_1_15' title="bbox 155 666 943 704; baseline 0.003 -10"><span class='ocrx_word' id='word_1_96' title='bbox 155 668 201 694; x_wconf 75' lang='grc' dir='ltr'><strong>καί</strong></span> <span class='ocrx_word' id='word_1_97' title='bbox 218 668 332 694; x_wconf 76' lang='grc' dir='ltr'><strong>ἀπίστου</strong></span> <span class='ocrx_word' id='word_1_98' title='bbox 354 668 410 703; x_wconf 88' lang='grc'>(50)</span> <span class='ocrx_word' id='word_1_99' title='bbox 429 668 522 695; x_wconf 77' lang='grc' dir='ltr'>τούτου</span> <span class='ocrx_word' id='word_1_100' title='bbox 546 667 688 704; x_wconf 76' lang='grc' dir='ltr'>σώματος’</span> <span class='ocrx_word' id='word_1_101' title='bbox 706 666 728 703; x_wconf 84' lang='grc' dir='ltr'>ᾦ</span> <span class='ocrx_word' id='word_1_102' title='bbox 747 670 805 701; x_wconf 86' lang='grc' dir='ltr'>πῶς</span> <span class='ocrx_word' id='word_1_103' title='bbox 831 671 943 702; x_wconf 78' lang='grc' dir='ltr'>συνεζύ-</span> 
     </span>
    </p>
   </div>
   <div class='ocr_carea' id='block_1_16' title="bbox 154 711 943 750">
    <p class='ocr_par' dir='ltr' id='par_1_16' title="bbox 154 711 943 750">
     <span class='ocr_line' id='line_1_16' title="bbox 154 711 943 750; baseline 0.005 -12"><span class='ocrx_word' id='word_1_104' title='bbox 154 721 218 747; x_wconf 79' lang='grc' dir='ltr'>γην,</span> <span class='ocrx_word' id='word_1_105' title='bbox 231 713 281 740; x_wconf 77' lang='grc' dir='ltr'>οὐκ</span> <span class='ocrx_word' id='word_1_106' title='bbox 293 711 368 740; x_wconf 79' lang='grc' dir='ltr'>οἴδα·</span> <span class='ocrx_word' id='word_1_107' title='bbox 384 715 431 740; x_wconf 74' lang='grc' dir='ltr'>καὶ</span> <span class='ocrx_word' id='word_1_108' title='bbox 450 714 508 746; x_wconf 83' lang='grc' dir='ltr'>πῶς</span> <span class='ocrx_word' id='word_1_109' title='bbox 525 713 606 741; x_wconf 81' lang='grc' dir='ltr'>εἰκών</span> <span class='ocrx_word' id='word_1_110' title='bbox 621 714 651 741; x_wconf 81' lang='grc' dir='ltr'><em>τέ</em></span> <span class='ocrx_word' id='word_1_111' title='bbox 675 716 732 750; x_wconf 81' lang='grc' dir='ltr'>εἰμι</span> <span class='ocrx_word' id='word_1_112' title='bbox 752 715 831 747; x_wconf 79' lang='grc' dir='ltr'>Θεοῦ,</span> <span class='ocrx_word' id='word_1_113' title='bbox 848 716 893 742; x_wconf 81' lang='grc' dir='ltr'>καὶ</span> <span class='ocrx_word' id='word_1_114' title='bbox 905 715 943 750; x_wconf 87' lang='grc' dir='ltr'>τῷ</span> 
     </span>
    </p>
   </div>
   <div class='ocr_carea' id='block_1_17' title="bbox 156 758 944 796">
    <p class='ocr_par' dir='ltr' id='par_1_17' title="bbox 156 758 944 796">
     <span class='ocr_line' id='line_1_17' title="bbox 156 758 944 796; baseline 0.005 -12"><span class='ocrx_word' id='word_1_115' title='bbox 156 758 235 794; x_wconf 81' lang='grc' dir='ltr'>πηλῷ</span> <span class='ocrx_word' id='word_1_116' title='bbox 252 759 428 795; x_wconf 79' lang='grc' dir='ltr'>συμφύρομαι</span> <span class='ocrx_word' id='word_1_117' title='bbox 445 760 499 795; x_wconf 84' lang='grc'>(51)</span> <span class='ocrx_word' id='word_1_118' title='bbox 511 769 517 775; x_wconf 90' lang='grc'>·</span> <span class='ocrx_word' id='word_1_119' title='bbox 533 760 547 787; x_wconf 87' lang='grc' dir='ltr'><strong><em>ὃ</em></strong></span> <span class='ocrx_word' id='word_1_120' title='bbox 560 761 606 787; x_wconf 77' lang='grc' dir='ltr'>καὶ</span> <span class='ocrx_word' id='word_1_121' title='bbox 620 761 748 787; x_wconf 80' lang='grc' dir='ltr'>εὐεκτοῦν</span> <span class='ocrx_word' id='word_1_122' title='bbox 761 761 882 796; x_wconf 80' lang='grc' dir='ltr'><strong>πολεμεῖ,</strong></span> <span class='ocrx_word' id='word_1_123' title='bbox 896 762 944 789; x_wconf 66' lang='grc' dir='ltr'><strong>κα)⁹</strong></span> 
     </span>
    </p>
   </div>
   <div class='ocr_carea' id='block_1_18' title="bbox 155 804 944 842">
    <p class='ocr_par' dir='ltr' id='par_1_18' title="bbox 155 804 944 842">
     <span class='ocr_line' id='line_1_18' title="bbox 155 804 944 842; baseline 0.005 -12"><span class='ocrx_word' id='word_1_124' title='bbox 155 804 219 840; x_wconf 83' lang='grc' dir='ltr'>ἀνιᾷ</span> <span class='ocrx_word' id='word_1_125' title='bbox 237 805 437 840; x_wconf 81' lang='grc' dir='ltr'>πολεμούμενον</span> <span class='ocrx_word' id='word_1_126' title='bbox 447 815 453 820; x_wconf 94' lang='grc'><strong><em>-</em></strong></span> <span class='ocrx_word' id='word_1_127' title='bbox 468 805 482 831; x_wconf 78' lang='grc' dir='ltr'><strong><em>ὃ</em></strong></span> <span class='ocrx_word' id='word_1_128' title='bbox 498 806 544 832; x_wconf 78' lang='grc' dir='ltr'>καὶ</span> <span class='ocrx_word' id='word_1_129' title='bbox 560 806 598 838; x_wconf 81' lang='grc' dir='ltr'>ὡς</span> <span class='ocrx_word' id='word_1_130' title='bbox 616 806 756 834; x_wconf 82' lang='grc' dir='ltr'>σύνδουλον</span> <span class='ocrx_word' id='word_1_131' title='bbox 771 808 881 842; x_wconf 80' lang='grc' dir='ltr'><strong>ἀγαπῶ,</strong></span> <span class='ocrx_word' id='word_1_132' title='bbox 897 808 944 834; x_wconf 70' lang='grc' dir='ltr'>καὶ</span> 
     </span>
    </p>
   </div>
   <div class='ocr_carea' id='block_1_19' title="bbox 155 849 942 888">
    <p class='ocr_par' dir='ltr' id='par_1_19' title="bbox 155 849 942 888">
     <span class='ocr_line' id='line_1_19' title="bbox 155 849 942 888; baseline 0.004 -12"><span class='ocrx_word' id='word_1_133' title='bbox 155 849 193 881; x_wconf 81' lang='grc' dir='ltr'>ὡς</span> <span class='ocrx_word' id='word_1_134' title='bbox 209 850 303 885; x_wconf 75' lang='grc' dir='ltr'>ἐχθρὸν</span> <span class='ocrx_word' id='word_1_135' title='bbox 330 851 554 887; x_wconf 79' lang='grc' dir='ltr'>ἀποστρέφομαι·</span> <span class='ocrx_word' id='word_1_136' title='bbox 578 852 592 878; x_wconf 86' lang='grc' dir='ltr'><strong>ὃ</strong></span> <span class='ocrx_word' id='word_1_137' title='bbox 612 852 659 878; x_wconf 74' lang='grc' dir='ltr'>καὶ</span> <span class='ocrx_word' id='word_1_138' title='bbox 673 852 711 884; x_wconf 83' lang='grc' dir='ltr'>ὡς</span> <span class='ocrx_word' id='word_1_139' title='bbox 726 852 823 888; x_wconf 74' lang='grc' dir='ltr'>δεσμὸν</span> <span class='ocrx_word' id='word_1_140' title='bbox 841 853 942 887; x_wconf 80' lang='grc' dir='ltr'>φεύγω,</span> 
     </span>
    </p>
   </div>
   <div class='ocr_carea' id='block_1_20' title="bbox 992 256 1776 292">
    <p class='ocr_par' dir='ltr' id='par_1_20' title="bbox 992 256 1776 292">
     <span class='ocr_line' id='line_1_20' title="bbox 992 256 1776 292; baseline -0.005 -5"><span class='ocrx_word' id='word_1_141' title='bbox 992 267 1097 292; x_wconf 86' lang='lat' dir='ltr'><strong>eorum,</strong></span> <span class='ocrx_word' id='word_1_142' title='bbox 1124 258 1169 292; x_wconf 87' lang='lat' dir='ltr'><strong>qui</strong></span> <span class='ocrx_word' id='word_1_143' title='bbox 1194 257 1314 292; x_wconf 77' lang='lat' dir='ltr'><strong>legendis</strong></span> <span class='ocrx_word' id='word_1_144' title='bbox 1337 256 1447 283; x_wconf 83' lang='lat' dir='ltr'><strong>tributis</strong></span> <span class='ocrx_word' id='word_1_145' title='bbox 1464 260 1594 291; x_wconf 73' lang='lat' dir='ltr'><strong>praesunt,</strong></span> <span class='ocrx_word' id='word_1_146' title='bbox 1620 256 1776 283; x_wconf 89' lang='lat' dir='ltr'><strong>inhumani-</strong></span> 
     </span>
    </p>
   </div>
   <div class='ocr_carea' id='block_1_21' title="bbox 995 301 1774 338">
    <p class='ocr_par' dir='ltr' id='par_1_21' title="bbox 995 301 1774 338">
     <span class='ocr_line' id='line_1_21' title="bbox 995 301 1774 338; baseline -0.005 -6"><span class='ocrx_word' id='word_1_147' title='bbox 995 309 1079 332; x_wconf 85' lang='lat' dir='ltr'><strong>tatem</strong></span> <span class='ocrx_word' id='word_1_148' title='bbox 1093 309 1120 332; x_wconf 88' lang='lat' dir='ltr'><strong>et</strong></span> <span class='ocrx_word' id='word_1_149' title='bbox 1136 303 1378 338; x_wconf 73' lang='lat' dir='ltr'><strong>importunitatem,</strong></span> <span class='ocrx_word' id='word_1_150' title='bbox 1395 303 1451 330; x_wconf 83' lang='lat' dir='ltr'><strong>sive</strong></span> <span class='ocrx_word' id='word_1_151' title='bbox 1461 303 1497 330; x_wconf 92' lang='lat' dir='ltr'><strong>ob</strong></span> <span class='ocrx_word' id='word_1_152' title='bbox 1511 306 1652 329; x_wconf 80' lang='lat' dir='ltr'><strong>cruentam</strong></span> <span class='ocrx_word' id='word_1_153' title='bbox 1669 301 1774 334; x_wconf 64' lang='lat' dir='ltr'><strong>praedo-</strong></span> 
     </span>
    </p>
   </div>
   <div class='ocr_carea' id='block_1_22' title="bbox 994 348 1776 383">
    <p class='ocr_par' dir='ltr' id='par_1_22' title="bbox 994 348 1776 383">
     <span class='ocr_line' id='line_1_22' title="bbox 994 348 1776 383; baseline -0.005 -5"><span class='ocrx_word' id='word_1_154' title='bbox 994 359 1057 378; x_wconf 92' lang='lat' dir='ltr'><strong>num</strong></span> <span class='ocrx_word' id='word_1_155' title='bbox 1087 350 1302 382; x_wconf 78' lang='lat' dir='ltr'><strong>immanitatem,</strong></span> <span class='ocrx_word' id='word_1_156' title='bbox 1333 349 1390 376; x_wconf 85' lang='lat' dir='ltr'><strong>sive</strong></span> <span class='ocrx_word' id='word_1_157' title='bbox 1414 349 1449 376; x_wconf 91' lang='lat' dir='ltr'><strong>ob</strong></span> <span class='ocrx_word' id='word_1_158' title='bbox 1475 348 1663 383; x_wconf 79' lang='lat' dir='ltr'><strong>inexplebilem</strong></span> <span class='ocrx_word' id='word_1_159' title='bbox 1687 348 1776 374; x_wconf 82' lang='lat' dir='ltr'><strong>furum</strong></span> 
     </span>
    </p>
   </div>
   <div class='ocr_carea' id='block_1_23' title="bbox 995 393 1777 430">
    <p class='ocr_par' dir='ltr' id='par_1_23' title="bbox 995 393 1777 430">
     <span class='ocr_line' id='line_1_23' title="bbox 995 393 1777 430; baseline -0.005 -6"><span class='ocrx_word' id='word_1_160' title='bbox 995 397 1160 429; x_wconf 82' lang='lat' dir='ltr'><strong>aviditatem,</strong></span> <span class='ocrx_word' id='word_1_161' title='bbox 1175 396 1232 423; x_wconf 83' lang='lat' dir='ltr'><strong>sive</strong></span> <span class='ocrx_word' id='word_1_162' title='bbox 1247 396 1282 422; x_wconf 88' lang='lat' dir='ltr'><strong>ob</strong></span> <span class='ocrx_word' id='word_1_163' title='bbox 1297 396 1428 422; x_wconf 88' lang='lat' dir='ltr'><strong>bonorum</strong></span> <span class='ocrx_word' id='word_1_164' title='bbox 1452 394 1676 430; x_wconf 84' lang='lat' dir='ltr'><strong>proscriptionem</strong></span> <span class='ocrx_word' id='word_1_165' title='bbox 1689 413 1696 426; x_wconf 85' lang='lat'><strong>,</strong></span> <span class='ocrx_word' id='word_1_166' title='bbox 1720 393 1777 420; x_wconf 85' lang='lat' dir='ltr'><strong>sive</strong></span> 
     </span>
    </p>
   </div>
   <div class='ocr_carea' id='block_1_24' title="bbox 995 439 1778 477">
    <p class='ocr_par' dir='ltr' id='par_1_24' title="bbox 995 439 1778 477">
     <span class='ocr_line' id='line_1_24' title="bbox 995 439 1778 477; baseline -0.003 -8"><span class='ocrx_word' id='word_1_167' title='bbox 995 443 1029 469; x_wconf 85' lang='lat' dir='ltr'><strong>ob</strong></span> <span class='ocrx_word' id='word_1_168' title='bbox 1048 443 1235 477; x_wconf 77' lang='lat' dir='ltr'><strong>naufragium;</strong></span> <span class='ocrx_word' id='word_1_169' title='bbox 1253 449 1347 469; x_wconf 84' lang='lat' dir='ltr'><strong>omnes</strong></span> <span class='ocrx_word' id='word_1_170' title='bbox 1369 441 1441 468; x_wconf 90' lang='lat' dir='ltr'><strong>enim</strong></span> <span class='ocrx_word' id='word_1_171' title='bbox 1464 440 1590 468; x_wconf 85' lang='lat' dir='ltr'><strong>similiter</strong></span> <span class='ocrx_word' id='word_1_172' title='bbox 1612 439 1778 468; x_wconf 84' lang='lat' dir='ltr'><strong>miserabiles</strong></span> 
     </span>
    </p>
   </div>
   <div class='ocr_carea' id='block_1_25' title="bbox 995 487 1777 523">
    <p class='ocr_par' dir='ltr' id='par_1_25' title="bbox 995 487 1777 523">
     <span class='ocr_line' id='line_1_25' title="bbox 995 487 1777 523; baseline -0.004 -8"><span class='ocrx_word' id='word_1_173' title='bbox 995 494 1068 521; x_wconf 88' lang='lat' dir='ltr'><strong>sunt,</strong></span> <span class='ocrx_word' id='word_1_174' title='bbox 1087 489 1182 523; x_wconf 87' lang='lat' dir='ltr'><strong>sicque</strong></span> <span class='ocrx_word' id='word_1_175' title='bbox 1195 489 1222 515; x_wconf 91' lang='lat' dir='ltr'><strong>in</strong></span> <span class='ocrx_word' id='word_1_176' title='bbox 1237 495 1332 515; x_wconf 89' lang='lat' dir='ltr'><strong>manus</strong></span> <span class='ocrx_word' id='word_1_177' title='bbox 1344 492 1452 514; x_wconf 86' lang='lat' dir='ltr'><strong>nostras</strong></span> <span class='ocrx_word' id='word_1_178' title='bbox 1467 487 1615 520; x_wconf 85' lang='lat' dir='ltr'><strong>intuentur,</strong></span> <span class='ocrx_word' id='word_1_179' title='bbox 1642 491 1672 514; x_wconf 92' lang='lat' dir='ltr'><strong>ut</strong></span> <span class='ocrx_word' id='word_1_180' title='bbox 1685 494 1734 514; x_wconf 91' lang='lat' dir='ltr'><strong>nos</strong></span> <span class='ocrx_word' id='word_1_181' title='bbox 1751 487 1777 514; x_wconf 92' lang='lat' dir='ltr'><strong>in</strong></span> 
     </span>
    </p>
   </div>
   <div class='ocr_carea' id='block_1_26' title="bbox 996 534 1779 570">
    <p class='ocr_par' dir='ltr' id='par_1_26' title="bbox 996 534 1779 570">
     <span class='ocr_line' id='line_1_26' title="bbox 996 534 1779 570; baseline -0.001 -8"><span class='ocrx_word' id='word_1_182' title='bbox 996 536 1042 563; x_wconf 82' lang='lat' dir='ltr'><strong>Dei</strong></span> <span class='ocrx_word' id='word_1_183' title='bbox 1061 543 1168 568; x_wconf 84' lang='lat' dir='ltr'><strong>manus,</strong></span> <span class='ocrx_word' id='word_1_184' title='bbox 1185 543 1246 562; x_wconf 91' lang='lat' dir='ltr'><strong>cum</strong></span> <span class='ocrx_word' id='word_1_185' title='bbox 1267 543 1296 562; x_wconf 88' lang='lat' dir='ltr'><strong>re</strong></span> <span class='ocrx_word' id='word_1_186' title='bbox 1318 536 1408 570; x_wconf 87' lang='lat' dir='ltr'><strong>aliqua</strong></span> <span class='ocrx_word' id='word_1_187' title='bbox 1421 542 1553 570; x_wconf 82' lang='lat' dir='ltr'><strong>egemus;</strong></span> <span class='ocrx_word' id='word_1_188' title='bbox 1572 540 1652 569; x_wconf 88' lang='lat' dir='ltr'><strong>atque</strong></span> <span class='ocrx_word' id='word_1_189' title='bbox 1666 542 1697 561; x_wconf 86' lang='lat' dir='ltr'><strong>ex</strong></span> <span class='ocrx_word' id='word_1_190' title='bbox 1713 534 1779 569; x_wconf 85' lang='lat' dir='ltr'><strong>ipsis</strong></span> 
     </span>
    </p>
   </div>
   <div class='ocr_carea' id='block_1_27' title="bbox 996 580 1780 616">
    <p class='ocr_par' dir='ltr' id='par_1_27' title="bbox 996 580 1780 616">
     <span class='ocr_line' id='line_1_27' title="bbox 996 580 1780 616; baseline -0.001 -9"><span class='ocrx_word' id='word_1_191' title='bbox 996 589 1114 613; x_wconf 86' lang='lat' dir='ltr'><strong>rursum,</strong></span> <span class='ocrx_word' id='word_1_192' title='bbox 1139 581 1158 607; x_wconf 89' lang='lat' dir='ltr'><strong>ii</strong></span> <span class='ocrx_word' id='word_1_193' title='bbox 1176 581 1221 615; x_wconf 89' lang='lat' dir='ltr'><strong>qui</strong></span> <span class='ocrx_word' id='word_1_194' title='bbox 1242 581 1351 616; x_wconf 80' lang='lat' dir='ltr'><strong>indigne</strong></span> <span class='ocrx_word' id='word_1_195' title='bbox 1365 580 1540 612; x_wconf 79' lang='lat' dir='ltr'><strong>aiilictantur,</strong></span> <span class='ocrx_word' id='word_1_196' title='bbox 1568 580 1780 607; x_wconf 80' lang='lat' dir='ltr'><strong>miserabiliores</strong></span> 
     </span>
    </p>
   </div>
   <div class='ocr_carea' id='block_1_28' title="bbox 996 627 1777 662">
    <p class='ocr_par' dir='ltr' id='par_1_28' title="bbox 996 627 1777 662">
     <span class='ocr_line' id='line_1_28' title="bbox 996 627 1777 662; baseline -0.003 -9"><span class='ocrx_word' id='word_1_197' title='bbox 996 631 1059 653; x_wconf 88' lang='lat' dir='ltr'><strong>sunt</strong></span> <span class='ocrx_word' id='word_1_198' title='bbox 1077 633 1157 662; x_wconf 88' lang='lat' dir='ltr'><strong>quam</strong></span> <span class='ocrx_word' id='word_1_199' title='bbox 1172 627 1189 653; x_wconf 96' lang='lat' dir='ltr'><strong>ii</strong></span> <span class='ocrx_word' id='word_1_200' title='bbox 1203 627 1248 661; x_wconf 91' lang='lat' dir='ltr'><strong>qui</strong></span> <span class='ocrx_word' id='word_1_201' title='bbox 1278 627 1478 654; x_wconf 81' lang='lat' dir='ltr'><strong>calamitatibus</strong></span> <span class='ocrx_word' id='word_1_202' title='bbox 1504 631 1682 653; x_wconf 84' lang='lat' dir='ltr'><strong>assueverth</strong></span> <span class='ocrx_word' id='word_1_203' title='bbox 1699 635 1704 653; x_wconf 97' lang='lat'>:</span> <span class='ocrx_word' id='word_1_204' title='bbox 1721 629 1777 652; x_wconf 89' lang='lat' dir='ltr'><strong>tum</strong></span> 
     </span>
    </p>
   </div>
   <div class='ocr_carea' id='block_1_29' title="bbox 1000 670 1778 707">
    <p class='ocr_par' dir='ltr' id='par_1_29' title="bbox 1000 670 1778 707">
     <span class='ocr_line' id='line_1_29' title="bbox 1000 670 1778 707; baseline -0.001 -9"><span class='ocrx_word' id='word_1_205' title='bbox 1000 679 1063 698; x_wconf 92' lang='lat' dir='ltr'><strong>vero</strong></span> <span class='ocrx_word' id='word_1_206' title='bbox 1089 679 1138 698; x_wconf 89' lang='lat' dir='ltr'><strong>nos</strong></span> <span class='ocrx_word' id='word_1_207' title='bbox 1155 671 1172 698; x_wconf 82' lang='lat' dir='ltr'><strong>ii</strong></span> <span class='ocrx_word' id='word_1_208' title='bbox 1195 672 1330 707; x_wconf 70' lang='lat' dir='ltr'><strong>przecipuo</strong></span> <span class='ocrx_word' id='word_1_209' title='bbox 1347 672 1462 706; x_wconf 88' lang='lat' dir='ltr'><strong>quodam</strong></span> <span class='ocrx_word' id='word_1_210' title='bbox 1477 671 1661 698; x_wconf 82' lang='lat' dir='ltr'><strong>miserationis</strong></span> <span class='ocrx_word' id='word_1_211' title='bbox 1681 670 1778 698; x_wconf 79' lang='lat' dir='ltr'><strong>atl‘ectu</strong></span> 
     </span>
    </p>
   </div>
   <div class='ocr_carea' id='block_1_30' title="bbox 999 715 1778 751">
    <p class='ocr_par' dir='ltr' id='par_1_30' title="bbox 999 715 1778 751">
     <span class='ocr_line' id='line_1_30' title="bbox 999 715 1778 751; baseline 0 -8"><span class='ocrx_word' id='word_1_212' title='bbox 999 723 1157 750; x_wconf 81' lang='lat' dir='ltr'><strong>permovere</strong></span> <span class='ocrx_word' id='word_1_213' title='bbox 1173 717 1281 748; x_wconf 87' lang='lat' dir='ltr'><strong>debent,</strong></span> <span class='ocrx_word' id='word_1_214' title='bbox 1300 716 1345 751; x_wconf 88' lang='lat' dir='ltr'><strong>qni</strong></span> <span class='ocrx_word' id='word_1_215' title='bbox 1362 724 1440 744; x_wconf 89' lang='lat' dir='ltr'><strong>sacro</strong></span> <span class='ocrx_word' id='word_1_216' title='bbox 1457 716 1550 743; x_wconf 88' lang='lat' dir='ltr'><strong>tnorbo</strong></span> <span class='ocrx_word' id='word_1_217' title='bbox 1572 715 1692 750; x_wconf 86' lang='lat' dir='ltr'><strong>corrupti</strong></span> <span class='ocrx_word' id='word_1_218' title='bbox 1706 719 1778 743; x_wconf 85' lang='lat' dir='ltr'><strong>sunt.</strong></span> 
     </span>
    </p>
   </div>
   <div class='ocr_carea' id='block_1_31' title="bbox 997 760 1778 797">
    <p class='ocr_par' dir='ltr' id='par_1_31' title="bbox 997 760 1778 797">
     <span class='ocr_line' id='line_1_31' title="bbox 997 760 1778 797; baseline -0.006 -6"><span class='ocrx_word' id='word_1_219' title='bbox 997 769 1024 791; x_wconf 81' lang='lat' dir='ltr'><strong>et</strong></span> <span class='ocrx_word' id='word_1_220' title='bbox 1040 763 1073 790; x_wconf 90' lang='lat' dir='ltr'><strong>ad</strong></span> <span class='ocrx_word' id='word_1_221' title='bbox 1089 770 1198 790; x_wconf 86' lang='lat' dir='ltr'><strong>carnem</strong></span> <span class='ocrx_word' id='word_1_222' title='bbox 1217 770 1313 796; x_wconf 83' lang='lat' dir='ltr'><strong>usque,</strong></span> <span class='ocrx_word' id='word_1_223' title='bbox 1328 768 1409 797; x_wconf 85' lang='lat' dir='ltr'><strong>atque</strong></span> <span class='ocrx_word' id='word_1_224' title='bbox 1423 769 1494 794; x_wconf 82' lang='lat' dir='ltr'><strong>ossa,</strong></span> <span class='ocrx_word' id='word_1_225' title='bbox 1510 766 1536 789; x_wconf 92' lang='lat' dir='ltr'><strong>et</strong></span> <span class='ocrx_word' id='word_1_226' title='bbox 1551 761 1681 788; x_wconf 76' lang='lat' dir='ltr'><strong>medullas</strong></span> <span class='ocrx_word' id='word_1_227' title='bbox 1697 760 1778 796; x_wconf 87' lang='lat' dir='ltr'><strong>(quod</strong></span> 
     </span>
    </p>
   </div>
   <div class='ocr_carea' id='block_1_32' title="bbox 997 805 1780 843">
    <p class='ocr_par' dir='ltr' id='par_1_32' title="bbox 997 805 1780 843">
     <span class='ocr_line' id='line_1_32' title="bbox 997 805 1780 843; baseline -0.006 -8"><span class='ocrx_word' id='word_1_228' title='bbox 997 808 1158 843; x_wconf 88' lang='lat' dir='ltr'><strong>quibusdam</strong></span> <span class='ocrx_word' id='word_1_229' title='bbox 1177 807 1318 842; x_wconf 86' lang='lat' dir='ltr'><strong>Scriptura</strong></span> <span class='ocrx_word' id='word_1_230' title='bbox 1335 807 1357 823; x_wconf 81' lang='lat'>&quot;</span> <span class='ocrx_word' id='word_1_231' title='bbox 1374 806 1509 842; x_wconf 86' lang='lat' dir='ltr'><strong>minatur)</strong></span> <span class='ocrx_word' id='word_1_232' title='bbox 1527 806 1600 834; x_wconf 83' lang='lat' dir='ltr'><strong>exesi</strong></span> <span class='ocrx_word' id='word_1_233' title='bbox 1615 805 1780 839; x_wconf 84' lang='lat' dir='ltr'><strong>consumpti-</strong></span> 
     </span>
    </p>
   </div>
   <div class='ocr_carea' id='block_1_33' title="bbox 998 851 1780 890">
    <p class='ocr_par' dir='ltr' id='par_1_33' title="bbox 998 851 1780 890">
     <span class='ocr_line' id='line_1_33' title="bbox 998 851 1780 890; baseline -0.006 -9"><span class='ocrx_word' id='word_1_234' title='bbox 998 863 1061 890; x_wconf 85' lang='lat' dir='ltr'><strong>que,</strong></span> <span class='ocrx_word' id='word_1_235' title='bbox 1080 859 1163 889; x_wconf 91' lang='lat' dir='ltr'><strong>atque</strong></span> <span class='ocrx_word' id='word_1_236' title='bbox 1180 854 1214 880; x_wconf 86' lang='lat' dir='ltr'><strong>ab</strong></span> <span class='ocrx_word' id='word_1_237' title='bbox 1226 854 1278 880; x_wconf 90' lang='lat' dir='ltr'><strong>hoc</strong></span> <span class='ocrx_word' id='word_1_238' title='bbox 1293 861 1456 884; x_wconf 77' lang='lat' dir='ltr'><strong>aerumnosa,</strong></span> <span class='ocrx_word' id='word_1_239' title='bbox 1473 857 1500 880; x_wconf 85' lang='lat' dir='ltr'><strong>ot</strong></span> <span class='ocrx_word' id='word_1_240' title='bbox 1514 852 1620 886; x_wconf 80' lang='lat' dir='ltr'><strong>ahjecto</strong></span> <span class='ocrx_word' id='word_1_241' title='bbox 1630 872 1636 883; x_wconf 86' lang='lat'><strong>,</strong></span> <span class='ocrx_word' id='word_1_242' title='bbox 1651 859 1683 878; x_wconf 89' lang='lat' dir='ltr'><strong>ac</strong></span> <span class='ocrx_word' id='word_1_243' title='bbox 1697 851 1780 878; x_wconf 82' lang='lat' dir='ltr'><strong>inlido</strong></span> 
     </span>
    </p>
   </div>
   <div class='ocr_carea' id='block_1_34' title="bbox 157 896 944 936">
    <p class='ocr_par' dir='ltr' id='par_1_34' title="bbox 157 896 943 933">
     <span class='ocr_line' id='line_1_34' title="bbox 157 896 943 933; baseline 0.004 -11"><span class='ocrx_word' id='word_1_244' title='bbox 157 896 205 922; x_wconf 78' lang='grc' dir='ltr'>καὶ</span> <span class='ocrx_word' id='word_1_245' title='bbox 219 896 256 927; x_wconf 84' lang='grc' dir='ltr'>ὡς</span> <span class='ocrx_word' id='word_1_246' title='bbox 273 896 492 932; x_wconf 83' lang='grc' dir='ltr'>συκγληρονόμον</span> <span class='ocrx_word' id='word_1_247' title='bbox 504 897 666 933; x_wconf 79' lang='grc' dir='ltr'>αἰσχύνομαι</span> <span class='ocrx_word' id='word_1_248' title='bbox 677 907 683 913; x_wconf 90' lang='grc'><strong>·</strong></span> <span class='ocrx_word' id='word_1_249' title='bbox 700 898 778 933; x_wconf 83' lang='grc' dir='ltr'>τῆξαι</span> <span class='ocrx_word' id='word_1_250' title='bbox 791 898 943 932; x_wconf 78' lang='grc' dir='ltr'>ῳιλονεικῶ,</span> 
     </span>
    </p>
   </div>
   <div class='ocr_carea' id='block_1_35' title="bbox 998 896 1778 936">
    <p class='ocr_par' dir='ltr' id='par_1_35' title="bbox 999 898 1778 936">
     <span class='ocr_line' id='line_1_35' title="bbox 999 898 1778 936; baseline -0.006 -7"><span class='ocrx_word' id='word_1_251' title='bbox 999 909 1110 936; x_wconf 88' lang='lat' dir='ltr'><strong>corpore</strong></span> <span class='ocrx_word' id='word_1_252' title='bbox 1123 900 1221 935; x_wconf 87' lang='lat' dir='ltr'><strong>proditi</strong></span> <span class='ocrx_word' id='word_1_253' title='bbox 1235 909 1241 926; x_wconf 86' lang='lat'><strong>:</strong></span> <span class='ocrx_word' id='word_1_254' title='bbox 1256 899 1299 926; x_wconf 87' lang='lat' dir='ltr'><strong>cui</strong></span> <span class='ocrx_word' id='word_1_255' title='bbox 1319 907 1436 934; x_wconf 85' lang='lat' dir='ltr'><strong>quonam</strong></span> <span class='ocrx_word' id='word_1_256' title='bbox 1452 899 1532 926; x_wconf 88' lang='lat' dir='ltr'><strong>modo</strong></span> <span class='ocrx_word' id='word_1_257' title='bbox 1547 898 1707 932; x_wconf 78' lang='lat' dir='ltr'><strong>coniunctus</strong></span> <span class='ocrx_word' id='word_1_258' title='bbox 1717 898 1778 929; x_wconf 80' lang='lat' dir='ltr'><strong>sim,</strong></span> 
     </span>
    </p>
   </div>
   <div class='ocr_carea' id='block_1_36' title="bbox 157 943 946 980">
    <p class='ocr_par' dir='ltr' id='par_1_36' title="bbox 157 943 946 980">
     <span class='ocr_line' id='line_1_36' title="bbox 157 943 946 980; baseline 0.004 -12"><span class='ocrx_word' id='word_1_259' title='bbox 157 943 204 968; x_wconf 75' lang='grc' dir='ltr'><strong>καὶ</strong></span> <span class='ocrx_word' id='word_1_260' title='bbox 220 943 269 969; x_wconf 81' lang='grc' dir='ltr'>οὐκ</span> <span class='ocrx_word' id='word_1_261' title='bbox 284 943 337 979; x_wconf 72' lang='grc' dir='ltr'><strong>ἔχω</strong></span> <span class='ocrx_word' id='word_1_262' title='bbox 357 944 410 970; x_wconf 83' lang='grc' dir='ltr'>τίνι</span> <span class='ocrx_word' id='word_1_263' title='bbox 423 944 544 979; x_wconf 77' lang='grc' dir='ltr'><strong>συνεργῷ</strong></span> <span class='ocrx_word' id='word_1_264' title='bbox 558 945 626 980; x_wconf 79' lang='grc' dir='ltr'>πρὸς</span> <span class='ocrx_word' id='word_1_265' title='bbox 640 945 673 971; x_wconf 73' lang='grc' dir='ltr'><strong>τὰ</strong></span> <span class='ocrx_word' id='word_1_266' title='bbox 693 945 823 972; x_wconf 83' lang='grc' dir='ltr'>κάλλιστα</span> <span class='ocrx_word' id='word_1_267' title='bbox 838 946 946 980; x_wconf 84' lang='grc' dir='ltr'>χρήσω-</span> 
     </span>
    </p>
   </div>
   <div class='ocr_carea' id='block_1_37' title="bbox 158 988 946 1026">
    <p class='ocr_par' dir='ltr' id='par_1_37' title="bbox 158 988 946 1026">
     <span class='ocr_line' id='line_1_37' title="bbox 158 988 946 1026; baseline 0.005 -13"><span class='ocrx_word' id='word_1_268' title='bbox 158 996 208 1022; x_wconf 86' lang='grc' dir='ltr'><strong>μαι</strong></span> <span class='ocrx_word' id='word_1_269' title='bbox 223 988 289 1023; x_wconf 71' lang='grc'>(52),</span> <span class='ocrx_word' id='word_1_270' title='bbox 305 989 342 1020; x_wconf 85' lang='grc' dir='ltr'>ὼς</span> <span class='ocrx_word' id='word_1_271' title='bbox 354 989 432 1021; x_wconf 83' lang='grc' dir='ltr'>εἰδὼς</span> <span class='ocrx_word' id='word_1_272' title='bbox 444 990 484 1021; x_wconf 84' lang='grc' dir='ltr'><strong>εἰς</strong></span> <span class='ocrx_word' id='word_1_273' title='bbox 501 989 515 1015; x_wconf 83' lang='grc' dir='ltr'><strong>ὃ</strong></span> <span class='ocrx_word' id='word_1_274' title='bbox 532 990 641 1024; x_wconf 80' lang='grc' dir='ltr'>γέγονα,</span> <span class='ocrx_word' id='word_1_275' title='bbox 660 991 706 1017; x_wconf 76' lang='grc' dir='ltr'>καὶ</span> <span class='ocrx_word' id='word_1_276' title='bbox 721 991 761 1017; x_wconf 72' lang='grc' dir='ltr'><strong>ὅτι</strong></span> <span class='ocrx_word' id='word_1_277' title='bbox 775 991 815 1017; x_wconf 81' lang='grc' dir='ltr'>δεῖ</span> <span class='ocrx_word' id='word_1_278' title='bbox 827 999 860 1025; x_wconf 86' lang='grc' dir='ltr'><strong>με</strong></span> <span class='ocrx_word' id='word_1_279' title='bbox 878 991 946 1026; x_wconf 79' lang='grc' dir='ltr'>πρὸς</span> 
     </span>
    </p>
   </div>
   <div class='ocr_carea' id='block_1_38' title="bbox 157 1033 711 1071">
    <p class='ocr_par' dir='ltr' id='par_1_38' title="bbox 157 1033 711 1071">
     <span class='ocr_line' id='line_1_38' title="bbox 157 1033 711 1071; baseline 0.007 -12"><span class='ocrx_word' id='word_1_280' title='bbox 157 1033 224 1059; x_wconf 77' lang='grc' dir='ltr'>Θεὸν</span> <span class='ocrx_word' id='word_1_281' title='bbox 234 1034 366 1068; x_wconf 73' lang='grc' dir='ltr'>ἀναϐῆναι</span> <span class='ocrx_word' id='word_1_282' title='bbox 378 1035 421 1061; x_wconf 73' lang='grc' dir='ltr'><strong>διὰ</strong></span> <span class='ocrx_word' id='word_1_283' title='bbox 433 1035 487 1061; x_wconf 78' lang='grc' dir='ltr'><strong>τῶν</strong></span> <span class='ocrx_word' id='word_1_284' title='bbox 504 1035 628 1070; x_wconf 77' lang='grc' dir='ltr'>πράξεων</span> <span class='ocrx_word' id='word_1_285' title='bbox 644 1036 711 1071; x_wconf 77' lang='grc'>(55).</span> 
     </span>
    </p>
   </div>
   <div class='ocr_carea' id='block_1_39' title="bbox 157 1081 1308 1117">
    <p class='ocr_par' dir='ltr' id='par_1_39' title="bbox 157 1081 1308 1117">
     <span class='ocr_line' id='line_1_39' title="bbox 157 1081 1308 1117; baseline 0.003 -12"><span class='ocrx_word' id='word_1_286' title='bbox 157 1083 185 1105; x_wconf 89' lang='lat' dir='ltr'><strong>et</strong></span> <span class='ocrx_word' id='word_1_287' title='bbox 197 1087 257 1106; x_wconf 85' lang='lat' dir='ltr'><strong>eum</strong></span> <span class='ocrx_word' id='word_1_288' title='bbox 270 1081 339 1107; x_wconf 89' lang='lat' dir='ltr'><strong>bello</strong></span> <span class='ocrx_word' id='word_1_289' title='bbox 353 1081 494 1115; x_wconf 88' lang='lat' dir='ltr'><strong>premitur,</strong></span> <span class='ocrx_word' id='word_1_290' title='bbox 511 1089 628 1109; x_wconf 64' lang='lat' dir='ltr'><strong>maerore</strong></span> <span class='ocrx_word' id='word_1_291' title='bbox 641 1090 684 1109; x_wconf 94' lang='lat' dir='ltr'><strong>me</strong></span> <span class='ocrx_word' id='word_1_292' title='bbox 696 1082 778 1110; x_wconf 74' lang='lat' dir='ltr'><strong>allicit</strong></span> <span class='ocrx_word' id='word_1_293' title='bbox 793 1091 800 1109; x_wconf 87' lang='lat'><strong>:</strong></span> <span class='ocrx_word' id='word_1_294' title='bbox 815 1085 899 1117; x_wconf 80' lang='lat' dir='ltr'><strong>quod,</strong></span> <span class='ocrx_word' id='word_1_295' title='bbox 933 1088 960 1109; x_wconf 86' lang='lat' dir='ltr'><strong>et</strong></span> <span class='ocrx_word' id='word_1_296' title='bbox 980 1086 1008 1109; x_wconf 90' lang='lat' dir='ltr'><strong>ut</strong></span> <span class='ocrx_word' id='word_1_297' title='bbox 1036 1090 1198 1110; x_wconf 79' lang='lat' dir='ltr'><strong>conservum</strong></span> <span class='ocrx_word' id='word_1_298' title='bbox 1227 1089 1289 1109; x_wconf 92' lang='lat' dir='ltr'><strong>amo</strong></span> <span class='ocrx_word' id='word_1_299' title='bbox 1301 1103 1308 1114; x_wconf 89' lang='lat'><strong>,</strong></span> 
     </span>
    </p>
   </div>
   <div class='ocr_carea' id='block_1_40' title="bbox 1000 943 1781 980">
    <p class='ocr_par' dir='ltr' id='par_1_40' title="bbox 1000 943 1781 980">
     <span class='ocr_line' id='line_1_40' title="bbox 1000 943 1781 980; baseline -0.005 -7"><span class='ocrx_word' id='word_1_300' title='bbox 1000 947 1070 973; x_wconf 86' lang='lat' dir='ltr'><strong>haud</strong></span> <span class='ocrx_word' id='word_1_301' title='bbox 1089 946 1213 980; x_wconf 82' lang='lat' dir='ltr'><strong>equidem</strong></span> <span class='ocrx_word' id='word_1_302' title='bbox 1232 945 1303 972; x_wconf 88' lang='lat' dir='ltr'><strong>scio:</strong></span> <span class='ocrx_word' id='word_1_303' title='bbox 1326 952 1376 972; x_wconf 86' lang='lat' dir='ltr'><strong>nec</strong></span> <span class='ocrx_word' id='word_1_304' title='bbox 1396 952 1448 979; x_wconf 89' lang='lat' dir='ltr'><strong>quo</strong></span> <span class='ocrx_word' id='word_1_305' title='bbox 1463 945 1544 971; x_wconf 77' lang='lat' dir='ltr'><strong>etiam</strong></span> <span class='ocrx_word' id='word_1_306' title='bbox 1566 948 1643 979; x_wconf 80' lang='lat' dir='ltr'><strong>pacto</strong></span> <span class='ocrx_word' id='word_1_307' title='bbox 1661 943 1740 971; x_wconf 85' lang='lat' dir='ltr'><strong>simul</strong></span> <span class='ocrx_word' id='word_1_308' title='bbox 1753 948 1781 970; x_wconf 89' lang='lat' dir='ltr'><strong>et</strong></span> 
     </span>
    </p>
   </div>
   <div class='ocr_carea' id='block_1_41' title="bbox 1000 989 1778 1025">
    <p class='ocr_par' dir='ltr' id='par_1_41' title="bbox 1000 989 1778 1025">
     <span class='ocr_line' id='line_1_41' title="bbox 1000 989 1778 1025; baseline -0.005 -7"><span class='ocrx_word' id='word_1_309' title='bbox 1000 992 1087 1025; x_wconf 76' lang='lat' dir='ltr'><strong>imago</strong></span> <span class='ocrx_word' id='word_1_310' title='bbox 1115 991 1160 1018; x_wconf 87' lang='lat' dir='ltr'><strong>Dei</strong></span> <span class='ocrx_word' id='word_1_311' title='bbox 1189 991 1254 1021; x_wconf 90' lang='lat' dir='ltr'><strong>sim.</strong></span> <span class='ocrx_word' id='word_1_312' title='bbox 1282 994 1309 1018; x_wconf 88' lang='lat' dir='ltr'><strong>et</strong></span> <span class='ocrx_word' id='word_1_313' title='bbox 1333 998 1392 1017; x_wconf 87' lang='lat' dir='ltr'><strong>cum</strong></span> <span class='ocrx_word' id='word_1_314' title='bbox 1410 997 1488 1017; x_wconf 67' lang='lat' dir='ltr'><strong>cteno</strong></span> <span class='ocrx_word' id='word_1_315' title='bbox 1511 989 1614 1016; x_wconf 79' lang='lat' dir='ltr'><strong>voluter</strong></span> <span class='ocrx_word' id='word_1_316' title='bbox 1630 998 1636 1017; x_wconf 93' lang='lat'><strong>:</strong></span> <span class='ocrx_word' id='word_1_317' title='bbox 1652 991 1734 1024; x_wconf 87' lang='lat' dir='ltr'><strong>qttod,</strong></span> <span class='ocrx_word' id='word_1_318' title='bbox 1751 993 1778 1015; x_wconf 85' lang='lat' dir='ltr'><strong>et</strong></span> 
     </span>
    </p>
   </div>
   <div class='ocr_carea' id='block_1_42' title="bbox 1000 1034 1779 1071">
    <p class='ocr_par' dir='ltr' id='par_1_42' title="bbox 1000 1034 1779 1071">
     <span class='ocr_line' id='line_1_42' title="bbox 1000 1034 1779 1071; baseline -0.004 -8"><span class='ocrx_word' id='word_1_319' title='bbox 1000 1044 1059 1064; x_wconf 88' lang='lat' dir='ltr'><strong>cum</strong></span> <span class='ocrx_word' id='word_1_320' title='bbox 1077 1036 1189 1071; x_wconf 84' lang='lat' dir='ltr'><strong>pulchra</strong></span> <span class='ocrx_word' id='word_1_321' title='bbox 1209 1036 1362 1063; x_wconf 79' lang='lat' dir='ltr'><strong>valetudine</strong></span> <span class='ocrx_word' id='word_1_322' title='bbox 1383 1036 1492 1070; x_wconf 80' lang='lat' dir='ltr'><strong>gaudet,</strong></span> <span class='ocrx_word' id='word_1_323' title='bbox 1509 1034 1578 1062; x_wconf 89' lang='lat' dir='ltr'><strong>bello</strong></span> <span class='ocrx_word' id='word_1_324' title='bbox 1601 1042 1643 1061; x_wconf 91' lang='lat' dir='ltr'><strong>me</strong></span> <span class='ocrx_word' id='word_1_325' title='bbox 1659 1034 1779 1065; x_wconf 83' lang='lat' dir='ltr'><strong>lacessit.</strong></span> 
     </span>
    </p>
   </div>
   <div class='ocr_carea' id='block_1_43' title="bbox 1347 1080 1782 1112">
    <p class='ocr_par' dir='ltr' id='par_1_43' title="bbox 1347 1080 1782 1112">
     <span class='ocr_line' id='line_1_43' title="bbox 1347 1080 1782 1112; baseline -0.009 -4"><span class='ocrx_word' id='word_1_326' title='bbox 1347 1086 1374 1108; x_wconf 90' lang='lat' dir='ltr'><strong>et</strong></span> <span class='ocrx_word' id='word_1_327' title='bbox 1406 1086 1436 1108; x_wconf 90' lang='lat' dir='ltr'><strong>ut</strong></span> <span class='ocrx_word' id='word_1_328' title='bbox 1464 1081 1604 1108; x_wconf 85' lang='lat' dir='ltr'><strong>inimicum</strong></span> <span class='ocrx_word' id='word_1_329' title='bbox 1628 1080 1672 1107; x_wconf 91' lang='lat' dir='ltr'><strong>odi</strong></span> <span class='ocrx_word' id='word_1_330' title='bbox 1701 1083 1782 1112; x_wconf 81' lang='lat' dir='ltr'><strong>atque</strong></span> 
     </span>
    </p>
   </div>
   <div class='ocr_carea' id='block_1_44' title="bbox 159 1125 1780 1164">
    <p class='ocr_par' dir='ltr' id='par_1_44' title="bbox 159 1125 1780 1164">
     <span class='ocr_line' id='line_1_44' title="bbox 159 1125 1780 1164; baseline -0.001 -12"><span class='ocrx_word' id='word_1_331' title='bbox 159 1133 288 1153; x_wconf 80' lang='lat' dir='ltr'><strong>aversor:</strong></span> <span class='ocrx_word' id='word_1_332' title='bbox 303 1127 383 1160; x_wconf 82' lang='lat' dir='ltr'><strong>quod.</strong></span> <span class='ocrx_word' id='word_1_333' title='bbox 397 1131 424 1154; x_wconf 90' lang='lat' dir='ltr'><strong>et</strong></span> <span class='ocrx_word' id='word_1_334' title='bbox 441 1128 615 1155; x_wconf 85' lang='lat' dir='ltr'><strong>utvinculum</strong></span> <span class='ocrx_word' id='word_1_335' title='bbox 634 1129 718 1164; x_wconf 78' lang='lat' dir='ltr'><strong>fugio,</strong></span> <span class='ocrx_word' id='word_1_336' title='bbox 750 1133 775 1157; x_wconf 89' lang='lat' dir='ltr'><strong>et</strong></span> <span class='ocrx_word' id='word_1_337' title='bbox 810 1134 838 1156; x_wconf 93' lang='lat' dir='ltr'><strong>ut</strong></span> <span class='ocrx_word' id='word_1_338' title='bbox 854 1129 975 1156; x_wconf 78' lang='lat' dir='ltr'><strong>cohzeres</strong></span> <span class='ocrx_word' id='word_1_339' title='bbox 994 1135 1117 1156; x_wconf 88' lang='lat' dir='ltr'><strong>veneror.</strong></span> <span class='ocrx_word' id='word_1_340' title='bbox 1146 1128 1175 1155; x_wconf 82' lang='lat' dir='ltr'><strong>Si</strong></span> <span class='ocrx_word' id='word_1_341' title='bbox 1207 1128 1350 1156; x_wconf 87' lang='lat' dir='ltr'><strong>debilitare</strong></span> <span class='ocrx_word' id='word_1_342' title='bbox 1377 1127 1440 1154; x_wconf 91' lang='lat' dir='ltr'><strong>illud</strong></span> <span class='ocrx_word' id='word_1_343' title='bbox 1465 1132 1491 1154; x_wconf 87' lang='lat' dir='ltr'><strong>et</strong></span> <span class='ocrx_word' id='word_1_344' title='bbox 1510 1126 1644 1154; x_wconf 81' lang='lat' dir='ltr'><strong>coniicere</strong></span> <span class='ocrx_word' id='word_1_345' title='bbox 1673 1125 1780 1155; x_wconf 86' lang='lat' dir='ltr'><strong>studeo.</strong></span> 
     </span>
    </p>
   </div>
   <div class='ocr_carea' id='block_1_45' title="bbox 157 1172 1780 1210">
    <p class='ocr_par' dir='ltr' id='par_1_45' title="bbox 157 1172 1780 1210">
     <span class='ocr_line' id='line_1_45' title="bbox 157 1172 1780 1210; baseline -0.001 -12"><span class='ocrx_word' id='word_1_346' title='bbox 157 1172 212 1205; x_wconf 85' lang='lat' dir='ltr'><strong>jam</strong></span> <span class='ocrx_word' id='word_1_347' title='bbox 231 1180 282 1200; x_wconf 92' lang='lat' dir='ltr'><strong>non</strong></span> <span class='ocrx_word' id='word_1_348' title='bbox 307 1174 405 1205; x_wconf 81' lang='lat' dir='ltr'><strong>habeo,</strong></span> <span class='ocrx_word' id='word_1_349' title='bbox 439 1182 492 1209; x_wconf 89' lang='lat' dir='ltr'><strong>quo</strong></span> <span class='ocrx_word' id='word_1_350' title='bbox 521 1175 596 1202; x_wconf 87' lang='lat' dir='ltr'><strong>socio</strong></span> <span class='ocrx_word' id='word_1_351' title='bbox 620 1180 647 1202; x_wconf 86' lang='lat' dir='ltr'><strong>et</strong></span> <span class='ocrx_word' id='word_1_352' title='bbox 666 1175 828 1210; x_wconf 83' lang='lat' dir='ltr'><strong>opitulature</strong></span> <span class='ocrx_word' id='word_1_353' title='bbox 848 1177 881 1202; x_wconf 88' lang='lat' dir='ltr'><strong>ad</strong></span> <span class='ocrx_word' id='word_1_354' title='bbox 900 1183 942 1203; x_wconf 86' lang='lat' dir='ltr'><strong>res</strong></span> <span class='ocrx_word' id='word_1_355' title='bbox 962 1175 1184 1210; x_wconf 65' lang='lat' dir='ltr'><strong>praeclarissimas</strong></span> <span class='ocrx_word' id='word_1_356' title='bbox 1217 1179 1287 1207; x_wconf 85' lang='lat' dir='ltr'><strong>utar,</strong></span> <span class='ocrx_word' id='word_1_357' title='bbox 1319 1174 1446 1201; x_wconf 91' lang='lat' dir='ltr'><strong>nimirum</strong></span> <span class='ocrx_word' id='word_1_358' title='bbox 1467 1173 1536 1200; x_wconf 91' lang='lat' dir='ltr'><strong>haud</strong></span> <span class='ocrx_word' id='word_1_359' title='bbox 1555 1173 1684 1206; x_wconf 78' lang='lat' dir='ltr'><strong>ignorans</strong></span> <span class='ocrx_word' id='word_1_360' title='bbox 1699 1178 1780 1206; x_wconf 88' lang='lat' dir='ltr'><strong>quam</strong></span> 
     </span>
    </p>
   </div>
   <div class='ocr_carea' id='block_1_46' title="bbox 156 1218 1430 1255">
    <p class='ocr_par' dir='ltr' id='par_1_46' title="bbox 156 1218 1430 1255">
     <span class='ocr_line' id='line_1_46' title="bbox 156 1218 1430 1255; baseline 0.001 -9"><span class='ocrx_word' id='word_1_361' title='bbox 156 1218 194 1246; x_wconf 85' lang='lat' dir='ltr'><strong>ob</strong></span> <span class='ocrx_word' id='word_1_362' title='bbox 207 1225 315 1245; x_wconf 88' lang='lat' dir='ltr'><strong>causam</strong></span> <span class='ocrx_word' id='word_1_363' title='bbox 333 1225 489 1253; x_wconf 84' lang='lat' dir='ltr'><strong>procreatus</strong></span> <span class='ocrx_word' id='word_1_364' title='bbox 502 1220 552 1247; x_wconf 85' lang='lat' dir='ltr'><strong>sim</strong></span> <span class='ocrx_word' id='word_1_365' title='bbox 564 1241 571 1252; x_wconf 91' lang='lat'><strong>,</strong></span> <span class='ocrx_word' id='word_1_366' title='bbox 597 1221 722 1255; x_wconf 84' lang='lat' dir='ltr'><strong>quodque</strong></span> <span class='ocrx_word' id='word_1_367' title='bbox 736 1228 777 1248; x_wconf 87' lang='lat' dir='ltr'><strong>me</strong></span> <span class='ocrx_word' id='word_1_368' title='bbox 790 1229 836 1255; x_wconf 89' lang='lat' dir='ltr'><strong>per</strong></span> <span class='ocrx_word' id='word_1_369' title='bbox 849 1221 970 1248; x_wconf 85' lang='lat' dir='ltr'><strong>actiones</strong></span> <span class='ocrx_word' id='word_1_370' title='bbox 991 1221 1024 1248; x_wconf 92' lang='lat' dir='ltr'><strong>ad</strong></span> <span class='ocrx_word' id='word_1_371' title='bbox 1049 1222 1131 1248; x_wconf 92' lang='lat' dir='ltr'><strong>Deum</strong></span> <span class='ocrx_word' id='word_1_372' title='bbox 1147 1221 1292 1248; x_wconf 85' lang='lat' dir='ltr'><strong>ascendere</strong></span> <span class='ocrx_word' id='word_1_373' title='bbox 1305 1224 1430 1255; x_wconf 81' lang='lat' dir='ltr'><strong>oporteat</strong></span> 
     </span>
    </p>
   </div>
   <div class='ocr_carea' id='block_1_47' title="bbox 195 1266 947 1304">
    <p class='ocr_par' dir='ltr' id='par_1_47' title="bbox 195 1266 947 1304">
     <span class='ocr_line' id='line_1_47' title="bbox 195 1266 947 1304; baseline 0.005 -12"><span class='ocrx_word' id='word_1_374' title='bbox 195 1266 232 1292; x_wconf 87' lang='lat' dir='ltr'><strong>Z&#39;.</strong></span> <span class='ocrx_word' id='word_1_375' title='bbox 247 1266 373 1302; x_wconf 77' lang='grc' dir='ltr'>Φείδομαι</span> <span class='ocrx_word' id='word_1_376' title='bbox 392 1268 429 1300; x_wconf 84' lang='grc' dir='ltr'>ὡς</span> <span class='ocrx_word' id='word_1_377' title='bbox 445 1268 587 1304; x_wconf 81' lang='grc' dir='ltr'>συνεργοῦ,</span> <span class='ocrx_word' id='word_1_378' title='bbox 602 1269 648 1295; x_wconf 82' lang='grc' dir='ltr'>καὶ</span> <span class='ocrx_word' id='word_1_379' title='bbox 662 1269 712 1295; x_wconf 68' lang='grc' dir='ltr'>οὐκ</span> <span class='ocrx_word' id='word_1_380' title='bbox 726 1269 778 1304; x_wconf 83' lang='grc' dir='ltr'><strong>ἔχω</strong></span> <span class='ocrx_word' id='word_1_381' title='bbox 795 1269 854 1302; x_wconf 79' lang='grc' dir='ltr'>πῶς</span> <span class='ocrx_word' id='word_1_382' title='bbox 869 1270 947 1304; x_wconf 79' lang='grc' dir='ltr'>φύγω</span> 
     </span>
    </p>
   </div>
   <div class='ocr_carea' id='block_1_48' title="bbox 158 1311 947 1350">
    <p class='ocr_par' dir='ltr' id='par_1_48' title="bbox 158 1311 947 1350">
     <span class='ocr_line' id='line_1_48' title="bbox 158 1311 947 1350; baseline 0.005 -13"><span class='ocrx_word' id='word_1_383' title='bbox 158 1311 208 1346; x_wconf 76' lang='grc' dir='ltr'><strong>τὴν</strong></span> <span class='ocrx_word' id='word_1_384' title='bbox 221 1311 413 1344; x_wconf 75' lang='grc' dir='ltr'>ἐπανάστασιν,</span> <span class='ocrx_word' id='word_1_385' title='bbox 430 1313 447 1348; x_wconf 78' lang='grc' dir='ltr'>ἢ</span> <span class='ocrx_word' id='word_1_386' title='bbox 468 1313 526 1344; x_wconf 83' lang='grc' dir='ltr'>πῶς</span> <span class='ocrx_word' id='word_1_387' title='bbox 544 1313 580 1347; x_wconf 86' lang='grc' dir='ltr'>μὴ</span> <span class='ocrx_word' id='word_1_388' title='bbox 598 1313 652 1339; x_wconf 87' lang='grc' dir='ltr'>ἀπὸ</span> <span class='ocrx_word' id='word_1_389' title='bbox 677 1313 744 1340; x_wconf 84' lang='grc' dir='ltr'><strong>Θεοῦ</strong></span> <span class='ocrx_word' id='word_1_390' title='bbox 770 1314 846 1341; x_wconf 81' lang='grc' dir='ltr'>πέσω</span> <span class='ocrx_word' id='word_1_391' title='bbox 862 1313 947 1350; x_wconf 82' lang='grc' dir='ltr'>βαρη-</span> 
     </span>
    </p>
   </div>
   <div class='ocr_carea' id='block_1_49' title="bbox 156 1357 946 1395">
    <p class='ocr_par' dir='ltr' id='par_1_49' title="bbox 156 1357 946 1395">
     <span class='ocr_line' id='line_1_49' title="bbox 156 1357 946 1395; baseline 0.004 -12"><span class='ocrx_word' id='word_1_392' title='bbox 156 1357 217 1389; x_wconf 76' lang='grc' dir='ltr'>-οεὶς</span> <span class='ocrx_word' id='word_1_393' title='bbox 241 1359 301 1389; x_wconf 84' lang='grc' dir='ltr'>ταῖς</span> <span class='ocrx_word' id='word_1_394' title='bbox 318 1358 411 1390; x_wconf 81' lang='grc' dir='ltr'>πέδαις</span> <span class='ocrx_word' id='word_1_395' title='bbox 440 1358 645 1390; x_wconf 79' lang='grc' dir='ltr'>κατασπώσαις,</span> <span class='ocrx_word' id='word_1_396' title='bbox 669 1359 879 1395; x_wconf 72' lang='grc' dir='ltr'>ἦκατεχούσαις</span> <span class='ocrx_word' id='word_1_397' title='bbox 907 1361 946 1392; x_wconf 82' lang='grc' dir='ltr'><strong>εἰς</strong></span> 
     </span>
    </p>
   </div>
   <div class='ocr_carea' id='block_1_50' title="bbox 158 1403 945 1440">
    <p class='ocr_par' dir='ltr' id='par_1_50' title="bbox 158 1403 945 1440">
     <span class='ocr_line' id='line_1_50' title="bbox 158 1403 945 1440; baseline 0.004 -11"><span class='ocrx_word' id='word_1_398' title='bbox 158 1403 265 1437; x_wconf 74' lang='grc' dir='ltr'>ἔδαφος.</span> <span class='ocrx_word' id='word_1_399' title='bbox 293 1404 402 1439; x_wconf 79' lang='grc' dir='ltr'>Ἐχθρύς</span> <span class='ocrx_word' id='word_1_400' title='bbox 417 1405 490 1431; x_wconf 80' lang='grc' dir='ltr'>ἐστιν</span> <span class='ocrx_word' id='word_1_401' title='bbox 509 1404 635 1440; x_wconf 76' lang='grc' dir='ltr'>εὐμενὴς,</span> <span class='ocrx_word' id='word_1_402' title='bbox 650 1405 697 1431; x_wconf 75' lang='grc' dir='ltr'>καὶ</span> <span class='ocrx_word' id='word_1_403' title='bbox 707 1405 781 1439; x_wconf 75' lang='grc' dir='ltr'>φίλος</span> <span class='ocrx_word' id='word_1_404' title='bbox 795 1405 945 1437; x_wconf 74' lang='grc' dir='ltr'>ἐπίϐουλος.</span> 
     </span>
    </p>
   </div>
   <div class='ocr_carea' id='block_1_51' title="bbox 161 1448 945 1486">
    <p class='ocr_par' dir='ltr' id='par_1_51' title="bbox 161 1448 945 1486">
     <span class='ocr_line' id='line_1_51' title="bbox 161 1448 945 1486; baseline 0.004 -12"><span class='ocrx_word' id='word_1_405' title='bbox 161 1449 194 1474; x_wconf 85' lang='grc' dir='ltr'><strong>Ὢ</strong></span> <span class='ocrx_word' id='word_1_406' title='bbox 211 1448 265 1484; x_wconf 70' lang='grc'>(54)</span> <span class='ocrx_word' id='word_1_407' title='bbox 275 1450 324 1484; x_wconf 82' lang='grc' dir='ltr'><strong>τῆς</strong></span> <span class='ocrx_word' id='word_1_408' title='bbox 340 1449 468 1484; x_wconf 81' lang='grc' dir='ltr'>συζυγίας</span> <span class='ocrx_word' id='word_1_409' title='bbox 483 1450 530 1476; x_wconf 70' lang='grc' dir='ltr'>καὶ</span> <span class='ocrx_word' id='word_1_410' title='bbox 544 1450 593 1485; x_wconf 74' lang='grc' dir='ltr'><strong>τῆς</strong></span> <span class='ocrx_word' id='word_1_411' title='bbox 610 1450 814 1486; x_wconf 74' lang='grc' dir='ltr'>ἀλλοτριώσεως</span> <span class='ocrx_word' id='word_1_412' title='bbox 827 1452 833 1477; x_wconf 80' lang='grc' dir='ltr'><strong>ί</strong></span> <span class='ocrx_word' id='word_1_413' title='bbox 853 1452 885 1477; x_wconf 90' lang='grc' dir='ltr'>Ὃ</span> <span class='ocrx_word' id='word_1_414' title='bbox 897 1459 945 1484; x_wconf 84' lang='grc' dir='ltr'>φο-</span> 
     </span>
    </p>
   </div>
   <div class='ocr_carea' id='block_1_52' title="bbox 156 1494 945 1533">
    <p class='ocr_par' dir='ltr' id='par_1_52' title="bbox 156 1494 945 1533">
     <span class='ocr_line' id='line_1_52' title="bbox 156 1494 945 1533; baseline 0.005 -13"><span class='ocrx_word' id='word_1_415' title='bbox 156 1494 260 1530; x_wconf 72' lang='grc' dir='ltr'>ϐοῦμαι</span> <span class='ocrx_word' id='word_1_416' title='bbox 283 1495 405 1531; x_wconf 83' lang='grc' dir='ltr'>περιέπω</span> <span class='ocrx_word' id='word_1_417' title='bbox 432 1496 499 1531; x_wconf 83' lang='grc'>(55),</span> <span class='ocrx_word' id='word_1_418' title='bbox 533 1497 579 1523; x_wconf 81' lang='grc' dir='ltr'><strong>καὶ</strong></span> <span class='ocrx_word' id='word_1_419' title='bbox 595 1497 609 1522; x_wconf 89' lang='grc' dir='ltr'><strong>ὃ</strong></span> <span class='ocrx_word' id='word_1_420' title='bbox 624 1497 729 1533; x_wconf 79' lang='grc' dir='ltr'>στέργὼ</span> <span class='ocrx_word' id='word_1_421' title='bbox 749 1497 945 1532; x_wconf 77' lang='grc' dir='ltr'>δέδοικασπρὶν</span> 
     </span>
    </p>
   </div>
   <div class='ocr_carea' id='block_1_53' title="bbox 1036 1266 1780 1302">
    <p class='ocr_par' dir='ltr' id='par_1_53' title="bbox 1036 1266 1780 1302">
     <span class='ocr_line' id='line_1_53' title="bbox 1036 1266 1780 1302; baseline -0.007 -5"><span class='ocrx_word' id='word_1_422' title='bbox 1036 1269 1091 1297; x_wconf 79' lang='lat' dir='ltr'><strong>VII.</strong></span> <span class='ocrx_word' id='word_1_423' title='bbox 1111 1270 1159 1297; x_wconf 90' lang='lat' dir='ltr'><strong>Sin</strong></span> <span class='ocrx_word' id='word_1_424' title='bbox 1179 1275 1273 1298; x_wconf 89' lang='lat' dir='ltr'><strong>contra</strong></span> <span class='ocrx_word' id='word_1_425' title='bbox 1291 1275 1320 1296; x_wconf 89' lang='lat' dir='ltr'><strong>ut</strong></span> <span class='ocrx_word' id='word_1_426' title='bbox 1333 1277 1395 1297; x_wconf 90' lang='lat' dir='ltr'><strong>cum</strong></span> <span class='ocrx_word' id='word_1_427' title='bbox 1413 1269 1487 1296; x_wconf 87' lang='lat' dir='ltr'><strong>socio</strong></span> <span class='ocrx_word' id='word_1_428' title='bbox 1505 1273 1532 1295; x_wconf 90' lang='lat' dir='ltr'><strong>et</strong></span> <span class='ocrx_word' id='word_1_429' title='bbox 1547 1268 1671 1302; x_wconf 73' lang='lat' dir='ltr'><strong>adiutore</strong></span> <span class='ocrx_word' id='word_1_430' title='bbox 1688 1266 1780 1293; x_wconf 85' lang='lat' dir='ltr'><strong>mitius</strong></span> 
     </span>
    </p>
   </div>
   <div class='ocr_carea' id='block_1_54' title="bbox 1000 1311 1781 1350">
    <p class='ocr_par' dir='ltr' id='par_1_54' title="bbox 1000 1311 1781 1350">
     <span class='ocr_line' id='line_1_54' title="bbox 1000 1311 1781 1350; baseline -0.006 -8"><span class='ocrx_word' id='word_1_431' title='bbox 1000 1323 1088 1350; x_wconf 79' lang='lat' dir='ltr'><strong>agam,</strong></span> <span class='ocrx_word' id='word_1_432' title='bbox 1112 1315 1185 1342; x_wconf 86' lang='lat' dir='ltr'><strong>nulla</strong></span> <span class='ocrx_word' id='word_1_433' title='bbox 1210 1314 1265 1348; x_wconf 89' lang='lat' dir='ltr'><strong>jam</strong></span> <span class='ocrx_word' id='word_1_434' title='bbox 1289 1314 1358 1341; x_wconf 90' lang='lat' dir='ltr'><strong>ratio</strong></span> <span class='ocrx_word' id='word_1_435' title='bbox 1385 1313 1513 1345; x_wconf 87' lang='lat' dir='ltr'><strong>occurrit,</strong></span> <span class='ocrx_word' id='word_1_436' title='bbox 1545 1319 1598 1347; x_wconf 91' lang='lat' dir='ltr'><strong>qua</strong></span> <span class='ocrx_word' id='word_1_437' title='bbox 1625 1311 1781 1340; x_wconf 89' lang='lat' dir='ltr'><strong>rebellantis</strong></span> 
     </span>
    </p>
   </div>
   <div class='ocr_carea' id='block_1_55' title="bbox 999 1359 1783 1396">
    <p class='ocr_par' dir='ltr' id='par_1_55' title="bbox 999 1359 1783 1396">
     <span class='ocr_line' id='line_1_55' title="bbox 999 1359 1783 1396; baseline -0.008 -8"><span class='ocrx_word' id='word_1_438' title='bbox 999 1362 1127 1396; x_wconf 90' lang='lat' dir='ltr'><strong>impetum</strong></span> <span class='ocrx_word' id='word_1_439' title='bbox 1143 1361 1254 1396; x_wconf 79' lang='lat' dir='ltr'><strong>fugiam,</strong></span> <span class='ocrx_word' id='word_1_440' title='bbox 1271 1365 1350 1394; x_wconf 89' lang='lat' dir='ltr'><strong>atque</strong></span> <span class='ocrx_word' id='word_1_441' title='bbox 1363 1367 1378 1386; x_wconf 92' lang='lat' dir='ltr'><strong>a</strong></span> <span class='ocrx_word' id='word_1_442' title='bbox 1393 1359 1446 1386; x_wconf 86' lang='lat' dir='ltr'><strong>Deo</strong></span> <span class='ocrx_word' id='word_1_443' title='bbox 1459 1367 1511 1386; x_wconf 92' lang='lat' dir='ltr'><strong>non</strong></span> <span class='ocrx_word' id='word_1_444' title='bbox 1525 1359 1659 1391; x_wconf 78' lang='lat' dir='ltr'><strong>excidam,</strong></span> <span class='ocrx_word' id='word_1_445' title='bbox 1671 1363 1783 1391; x_wconf 59' lang='lat' dir='ltr'><strong>cnmpe»</strong></span> 
     </span>
    </p>
   </div>
   <div class='ocr_carea' id='block_1_56' title="bbox 1000 1401 1782 1441">
    <p class='ocr_par' dir='ltr' id='par_1_56' title="bbox 1000 1401 1782 1441">
     <span class='ocr_line' id='line_1_56' title="bbox 1000 1401 1782 1441; baseline -0.006 -7"><span class='ocrx_word' id='word_1_446' title='bbox 1000 1407 1078 1434; x_wconf 74' lang='lat' dir='ltr'><strong>dibus</strong></span> <span class='ocrx_word' id='word_1_447' title='bbox 1097 1407 1268 1441; x_wconf 79' lang='lat' dir='ltr'><strong>degravatus.</strong></span> <span class='ocrx_word' id='word_1_448' title='bbox 1286 1405 1327 1432; x_wconf 86' lang='lat' dir='ltr'><strong>vel</strong></span> <span class='ocrx_word' id='word_1_449' title='bbox 1347 1406 1374 1432; x_wconf 93' lang='lat' dir='ltr'><strong>in</strong></span> <span class='ocrx_word' id='word_1_450' title='bbox 1393 1409 1492 1432; x_wconf 89' lang='lat' dir='ltr'><strong>terram</strong></span> <span class='ocrx_word' id='word_1_451' title='bbox 1511 1403 1727 1437; x_wconf 88' lang='lat' dir='ltr'><strong>delrahentibus,</strong></span> <span class='ocrx_word' id='word_1_452' title='bbox 1740 1401 1782 1428; x_wconf 68' lang='lat' dir='ltr'><strong>\‘cl</strong></span> 
     </span>
    </p>
   </div>
   <div class='ocr_carea' id='block_1_57' title="bbox 1000 1449 1780 1484">
    <p class='ocr_par' dir='ltr' id='par_1_57' title="bbox 1000 1449 1780 1484">
     <span class='ocr_line' id='line_1_57' title="bbox 1000 1449 1780 1484; baseline -0.005 -5"><span class='ocrx_word' id='word_1_453' title='bbox 1000 1454 1026 1479; x_wconf 91' lang='lat' dir='ltr'><strong>in</strong></span> <span class='ocrx_word' id='word_1_454' title='bbox 1042 1460 1073 1479; x_wconf 79' lang='lat' dir='ltr'><strong>ea</strong></span> <span class='ocrx_word' id='word_1_455' title='bbox 1087 1452 1278 1479; x_wconf 86' lang='lat' dir='ltr'><strong>detinentibus.</strong></span> <span class='ocrx_word' id='word_1_456' title='bbox 1298 1451 1392 1478; x_wconf 86' lang='lat' dir='ltr'><strong>llostis</strong></span> <span class='ocrx_word' id='word_1_457' title='bbox 1408 1455 1449 1478; x_wconf 80' lang='lat' dir='ltr'><strong>est</strong></span> <span class='ocrx_word' id='word_1_458' title='bbox 1462 1450 1576 1477; x_wconf 88' lang='lat' dir='ltr'><strong>blandus</strong></span> <span class='ocrx_word' id='word_1_459' title='bbox 1600 1455 1626 1477; x_wconf 89' lang='lat' dir='ltr'><strong>et</strong></span> <span class='ocrx_word' id='word_1_460' title='bbox 1649 1449 1780 1484; x_wconf 87' lang='lat' dir='ltr'><strong>placidus,</strong></span> 
     </span>
    </p>
   </div>
   <div class='ocr_carea' id='block_1_58' title="bbox 1001 1496 1784 1531">
    <p class='ocr_par' dir='ltr' id='par_1_58' title="bbox 1001 1496 1784 1531">
     <span class='ocr_line' id='line_1_58' title="bbox 1001 1496 1784 1531; baseline -0.003 -6"><span class='ocrx_word' id='word_1_461' title='bbox 1001 1499 1147 1526; x_wconf 83' lang='lat' dir='ltr'><strong>insidiosos</strong></span> <span class='ocrx_word' id='word_1_462' title='bbox 1165 1498 1278 1525; x_wconf 89' lang='lat' dir='ltr'><strong>amicus.</strong></span> <span class='ocrx_word' id='word_1_463' title='bbox 1294 1498 1315 1526; x_wconf 92' lang='lat'><strong>0</strong></span> <span class='ocrx_word' id='word_1_464' title='bbox 1336 1498 1435 1525; x_wconf 90' lang='lat' dir='ltr'><strong>miram</strong></span> <span class='ocrx_word' id='word_1_465' title='bbox 1448 1497 1665 1531; x_wconf 85' lang='lat' dir='ltr'><strong>conjunctionem</strong></span> <span class='ocrx_word' id='word_1_466' title='bbox 1682 1502 1710 1524; x_wconf 86' lang='lat' dir='ltr'><strong>et</strong></span> <span class='ocrx_word' id='word_1_467' title='bbox 1723 1496 1784 1523; x_wconf 90' lang='lat' dir='ltr'><strong>alic-</strong></span> 
     </span>
    </p>
   </div>
   <div class='ocr_carea' id='block_1_59' title="bbox 159 1541 944 1579">
    <p class='ocr_par' dir='ltr' id='par_1_59' title="bbox 159 1541 944 1579">
     <span class='ocr_line' id='line_1_59' title="bbox 159 1541 944 1579; baseline 0.004 -12"><span class='ocrx_word' id='word_1_468' title='bbox 159 1541 324 1577; x_wconf 80' lang='grc' dir='ltr'>πολεμῆσαι,</span> <span class='ocrx_word' id='word_1_469' title='bbox 349 1543 588 1578; x_wconf 78' lang='grc' dir='ltr'>καταλλάσσομαι’</span> <span class='ocrx_word' id='word_1_470' title='bbox 618 1543 665 1570; x_wconf 77' lang='grc' dir='ltr'>καὶ</span> <span class='ocrx_word' id='word_1_471' title='bbox 689 1544 753 1579; x_wconf 72' lang='grc' dir='ltr'>πρὶν</span> <span class='ocrx_word' id='word_1_472' title='bbox 780 1543 944 1579; x_wconf 78' lang='grc' dir='ltr'>εἰρηνεῦσαι,</span> 
     </span>
    </p>
   </div>
   <div class='ocr_carea' id='block_1_60' title="bbox 998 1541 1782 1579">
    <p class='ocr_par' dir='ltr' id='par_1_60' title="bbox 1000 1543 1782 1578">
     <span class='ocr_line' id='line_1_60' title="bbox 1000 1543 1782 1578; baseline -0.004 -6"><span class='ocrx_word' id='word_1_473' title='bbox 1000 1545 1148 1572; x_wconf 89' lang='lat' dir='ltr'><strong>nationem!</strong></span> <span class='ocrx_word' id='word_1_474' title='bbox 1164 1544 1240 1577; x_wconf 84' lang='lat' dir='ltr'><strong>Quod</strong></span> <span class='ocrx_word' id='word_1_475' title='bbox 1254 1549 1355 1576; x_wconf 84' lang='lat' dir='ltr'><strong>metuo,</strong></span> <span class='ocrx_word' id='word_1_476' title='bbox 1367 1543 1533 1578; x_wconf 88' lang='lat' dir='ltr'><strong>amplector;</strong></span> <span class='ocrx_word' id='word_1_477' title='bbox 1548 1543 1618 1578; x_wconf 85' lang='lat' dir='ltr'><strong>quod</strong></span> <span class='ocrx_word' id='word_1_478' title='bbox 1635 1550 1708 1574; x_wconf 80' lang='lat' dir='ltr'><strong>amo,</strong></span> <span class='ocrx_word' id='word_1_479' title='bbox 1724 1550 1782 1577; x_wconf 87' lang='lat' dir='ltr'><strong>per-</strong></span> 
     </span>
    </p>
   </div>
   <div class='ocr_carea' id='block_1_61' title="bbox 156 1588 945 1625">
    <p class='ocr_par' dir='ltr' id='par_1_61' title="bbox 156 1588 945 1625">
     <span class='ocr_line' id='line_1_61' title="bbox 156 1588 945 1625; baseline 0.001 -10"><span class='ocrx_word' id='word_1_480' title='bbox 156 1588 307 1624; x_wconf 84' lang='grc' dir='ltr'>διίσταμαι.</span> <span class='ocrx_word' id='word_1_481' title='bbox 325 1589 371 1620; x_wconf 83' lang='grc' dir='ltr'>Τίς</span> <span class='ocrx_word' id='word_1_482' title='bbox 396 1591 412 1624; x_wconf 85' lang='grc' dir='ltr'>ἡ</span> <span class='ocrx_word' id='word_1_483' title='bbox 429 1589 492 1625; x_wconf 70' lang='grc' dir='ltr'>περὶ</span> <span class='ocrx_word' id='word_1_484' title='bbox 513 1589 562 1624; x_wconf 77' lang='grc' dir='ltr'><strong>ἐμὲ</strong></span> <span class='ocrx_word' id='word_1_485' title='bbox 578 1590 675 1624; x_wconf 69' lang='lat' dir='ltr'><strong>ampla;</strong></span> <span class='ocrx_word' id='word_1_486' title='bbox 701 1590 747 1616; x_wconf 66' lang='grc' dir='ltr'>καὶ</span> <span class='ocrx_word' id='word_1_487' title='bbox 776 1590 802 1615; x_wconf 85' lang='grc' dir='ltr'>τί</span> <span class='ocrx_word' id='word_1_488' title='bbox 829 1590 858 1616; x_wconf 81' lang='grc' dir='ltr'><strong>τὸ</strong></span> <span class='ocrx_word' id='word_1_489' title='bbox 875 1590 945 1625; x_wconf 80' lang='grc' dir='ltr'>μέγα</span> 
     </span>
    </p>
   </div>
   <div class='ocr_carea' id='block_1_62' title="bbox 157 1634 946 1671">
    <p class='ocr_par' dir='ltr' id='par_1_62' title="bbox 157 1634 946 1671">
     <span class='ocr_line' id='line_1_62' title="bbox 157 1634 946 1671; baseline 0.003 -10"><span class='ocrx_word' id='word_1_490' title='bbox 157 1634 237 1661; x_wconf 81' lang='grc' dir='ltr'>τοῦτο</span> <span class='ocrx_word' id='word_1_491' title='bbox 258 1635 405 1670; x_wconf 74' lang='grc' dir='ltr'>μυστήριον</span> <span class='ocrx_word' id='word_1_492' title='bbox 422 1635 494 1670; x_wconf 85' lang='grc'>(56);</span> <span class='ocrx_word' id='word_1_493' title='bbox 517 1636 551 1662; x_wconf 86' lang='grc' dir='ltr'><em>’Ἡ</em></span> <span class='ocrx_word' id='word_1_494' title='bbox 565 1635 687 1670; x_wconf 83' lang='grc' dir='ltr'>βούλεται</span> <span class='ocrx_word' id='word_1_495' title='bbox 705 1637 800 1671; x_wconf 84' lang='grc' dir='ltr'>μοῖραν</span> <span class='ocrx_word' id='word_1_496' title='bbox 815 1637 888 1671; x_wconf 85' lang='grc' dir='ltr'>ἡμᾶς</span> <span class='ocrx_word' id='word_1_497' title='bbox 904 1635 946 1663; x_wconf 79' lang='grc' dir='ltr'>δν-</span> 
     </span>
    </p>
   </div>
   <div class='ocr_carea' id='block_1_63' title="bbox 158 1683 946 1720">
    <p class='ocr_par' dir='ltr' id='par_1_63' title="bbox 158 1683 946 1720">
     <span class='ocr_line' id='line_1_63' title="bbox 158 1683 946 1720; baseline 0 -10"><span class='ocrx_word' id='word_1_498' title='bbox 158 1691 209 1715; x_wconf 80' lang='grc' dir='ltr'>τας</span> <span class='ocrx_word' id='word_1_499' title='bbox 221 1683 298 1715; x_wconf 80' lang='grc' dir='ltr'>Θεοῦ,</span> <span class='ocrx_word' id='word_1_500' title='bbox 328 1684 375 1710; x_wconf 68' lang='grc' dir='ltr'><strong>καὶ</strong></span> <span class='ocrx_word' id='word_1_501' title='bbox 401 1684 503 1711; x_wconf 78' lang='grc' dir='ltr'>ἄνωθεν</span> <span class='ocrx_word' id='word_1_502' title='bbox 530 1684 689 1720; x_wconf 80' lang='grc' dir='ltr'>ρεύσαντας,</span> <span class='ocrx_word' id='word_1_503' title='bbox 715 1684 758 1711; x_wconf 77' lang='grc' dir='ltr'><strong>ἵνα</strong></span> <span class='ocrx_word' id='word_1_504' title='bbox 780 1684 816 1719; x_wconf 83' lang='grc' dir='ltr'>μὴ</span> <span class='ocrx_word' id='word_1_505' title='bbox 831 1684 874 1710; x_wconf 77' lang='grc' dir='ltr'><strong>διὰ</strong></span> <span class='ocrx_word' id='word_1_506' title='bbox 897 1684 946 1720; x_wconf 82' lang='grc' dir='ltr'><strong>τὴν</strong></span> 
     </span>
    </p>
   </div>
   <div class='ocr_carea' id='block_1_64' title="bbox 160 1729 945 1766">
    <p class='ocr_par' dir='ltr' id='par_1_64' title="bbox 160 1729 945 1766">
     <span class='ocr_line' id='line_1_64' title="bbox 160 1729 945 1766; baseline 0 -10"><span class='ocrx_word' id='word_1_507' title='bbox 160 1729 238 1762; x_wconf 80' lang='grc' dir='ltr'>ἀξίαν</span> <span class='ocrx_word' id='word_1_508' title='bbox 263 1730 438 1766; x_wconf 71' lang='grc' dir='ltr'>ἐπαιρόμενοι</span> <span class='ocrx_word' id='word_1_509' title='bbox 464 1731 511 1756; x_wconf 82' lang='grc' dir='ltr'>καὶ</span> <span class='ocrx_word' id='word_1_510' title='bbox 534 1730 759 1766; x_wconf 80' lang='grc' dir='ltr'>μετεωριζόμενοι</span> <span class='ocrx_word' id='word_1_511' title='bbox 780 1730 836 1764; x_wconf 87' lang='grc'>(57)</span> <span class='ocrx_word' id='word_1_512' title='bbox 860 1738 945 1756; x_wconf 78' lang='grc' dir='ltr'>κατα-</span> 
     </span>
    </p>
   </div>
   <div class='ocr_carea' id='block_1_65' title="bbox 161 1775 945 1811">
    <p class='ocr_par' dir='ltr' id='par_1_65' title="bbox 161 1775 945 1811">
     <span class='ocr_line' id='line_1_65' title="bbox 161 1775 945 1811; baseline -0.001 -9"><span class='ocrx_word' id='word_1_513' title='bbox 161 1776 305 1811; x_wconf 80' lang='grc' dir='ltr'>φρονῶμεν</span> <span class='ocrx_word' id='word_1_514' title='bbox 321 1775 367 1802; x_wconf 79' lang='grc' dir='ltr'>τοῦ</span> <span class='ocrx_word' id='word_1_515' title='bbox 384 1776 535 1807; x_wconf 80' lang='grc' dir='ltr'>κτίσαντος,</span> <span class='ocrx_word' id='word_1_516' title='bbox 555 1777 584 1802; x_wconf 74' lang='grc' dir='ltr'>ἐν</span> <span class='ocrx_word' id='word_1_517' title='bbox 598 1777 630 1811; x_wconf 86' lang='grc' dir='ltr'><strong>τῇ</strong></span> <span class='ocrx_word' id='word_1_518' title='bbox 647 1776 714 1810; x_wconf 70' lang='grc' dir='ltr'>πρδς</span> <span class='ocrx_word' id='word_1_519' title='bbox 731 1776 762 1802; x_wconf 80' lang='grc' dir='ltr'><strong>τὸ</strong></span> <span class='ocrx_word' id='word_1_520' title='bbox 778 1775 856 1810; x_wconf 83' lang='grc' dir='ltr'>σῶμα</span> <span class='ocrx_word' id='word_1_521' title='bbox 873 1775 945 1811; x_wconf 84' lang='grc' dir='ltr'>πάλῃ</span> 
     </span>
    </p>
   </div>
   <div class='ocr_carea' id='block_1_66' title="bbox 161 1820 947 1857">
    <p class='ocr_par' dir='ltr' id='par_1_66' title="bbox 161 1820 947 1857">
     <span class='ocr_line' id='line_1_66' title="bbox 161 1820 947 1857; baseline -0.001 -10"><span class='ocrx_word' id='word_1_522' title='bbox 161 1821 207 1847; x_wconf 71' lang='grc' dir='ltr'>καὶ</span> <span class='ocrx_word' id='word_1_523' title='bbox 228 1822 300 1857; x_wconf 83' lang='grc' dir='ltr'><strong>μάχῃ</strong></span> <span class='ocrx_word' id='word_1_524' title='bbox 318 1821 385 1856; x_wconf 68' lang='grc' dir='ltr'>πρὸς</span> <span class='ocrx_word' id='word_1_525' title='bbox 404 1821 484 1847; x_wconf 79' lang='grc' dir='ltr'>αὐτὸν</span> <span class='ocrx_word' id='word_1_526' title='bbox 505 1821 548 1847; x_wconf 77' lang='grc' dir='ltr'>ἀεὶ</span> <span class='ocrx_word' id='word_1_527' title='bbox 567 1820 685 1855; x_wconf 79' lang='grc' dir='ltr'>βλέπειν,</span> <span class='ocrx_word' id='word_1_528' title='bbox 701 1820 747 1846; x_wconf 77' lang='grc' dir='ltr'><strong>καὶ</strong></span> <span class='ocrx_word' id='word_1_529' title='bbox 761 1820 809 1856; x_wconf 83' lang='grc' dir='ltr'><strong>τὴν</strong></span> <span class='ocrx_word' id='word_1_530' title='bbox 823 1821 947 1852; x_wconf 79' lang='grc' dir='ltr'>συνεζευ-</span> 
     </span>
    </p>
   </div>
   <div class='ocr_carea' id='block_1_67' title="bbox 160 1863 944 1902">
    <p class='ocr_par' dir='ltr' id='par_1_67' title="bbox 160 1863 944 1902">
     <span class='ocr_line' id='line_1_67' title="bbox 160 1863 944 1902; baseline -0.001 -9"><span class='ocrx_word' id='word_1_531' title='bbox 160 1867 264 1902; x_wconf 80' lang='grc' dir='ltr'>γμένην</span> <span class='ocrx_word' id='word_1_532' title='bbox 279 1866 420 1893; x_wconf 81' lang='grc' dir='ltr'>ἀσθένειαν</span> <span class='ocrx_word' id='word_1_533' title='bbox 433 1866 618 1900; x_wconf 81' lang='grc' dir='ltr'>παιδαγωγίαν</span> <span class='ocrx_word' id='word_1_534' title='bbox 633 1863 702 1892; x_wconf 82' lang='grc' dir='ltr'>εἶναι</span> <span class='ocrx_word' id='word_1_535' title='bbox 713 1865 760 1892; x_wconf 76' lang='grc' dir='ltr'><strong>τοῦ</strong></span> <span class='ocrx_word' id='word_1_536' title='bbox 777 1865 944 1901; x_wconf 80' lang='grc' dir='ltr'>ἁξιώματος’</span> 
     </span>
    </p>
   </div>
   <div class='ocr_carea' id='block_1_68' title="bbox 161 1911 945 1948">
    <p class='ocr_par' dir='ltr' id='par_1_68' title="bbox 161 1911 945 1948">
     <span class='ocr_line' id='line_1_68' title="bbox 161 1911 945 1948; baseline -0.001 -9"><span class='ocrx_word' id='word_1_537' title='bbox 161 1914 205 1939; x_wconf 77' lang='grc' dir='ltr'>ἵνα</span> <span class='ocrx_word' id='word_1_538' title='bbox 224 1913 338 1948; x_wconf 81' lang='grc' dir='ltr'>εἰδῶμεν</span> <span class='ocrx_word' id='word_1_539' title='bbox 356 1912 411 1948; x_wconf 87' lang='grc'>(58)</span> <span class='ocrx_word' id='word_1_540' title='bbox 430 1913 453 1938; x_wconf 85' lang='grc' dir='ltr'>οι</span> <span class='ocrx_word' id='word_1_541' title='bbox 471 1912 547 1938; x_wconf 82' lang='grc' dir='ltr'>αὐτοὶ</span> <span class='ocrx_word' id='word_1_542' title='bbox 561 1911 682 1947; x_wconf 78' lang='grc' dir='ltr'>μέγιστοί</span> <span class='ocrx_word' id='word_1_543' title='bbox 701 1920 730 1938; x_wconf 82' lang='grc' dir='ltr'>τε</span> <span class='ocrx_word' id='word_1_544' title='bbox 745 1911 820 1943; x_wconf 70' lang='grc' dir='ltr'>ὄντες</span> <span class='ocrx_word' id='word_1_545' title='bbox 841 1912 887 1938; x_wconf 67' lang='grc' dir='ltr'>καὶ</span> <span class='ocrx_word' id='word_1_546' title='bbox 898 1920 945 1938; x_wconf 81' lang='grc' dir='ltr'><strong>τα-</strong></span> 
     </span>
    </p>
   </div>
   <div class='ocr_carea' id='block_1_69' title="bbox 162 1957 946 1994">
    <p class='ocr_par' dir='ltr' id='par_1_69' title="bbox 162 1957 946 1994">
     <span class='ocr_line' id='line_1_69' title="bbox 162 1957 946 1994; baseline -0.003 -9"><span class='ocrx_word' id='word_1_547' title='bbox 162 1959 323 1990; x_wconf 82' lang='grc' dir='ltr'>πεινότατοι,</span> <span class='ocrx_word' id='word_1_548' title='bbox 344 1959 459 1992; x_wconf 75' lang='grc' dir='ltr'>ἐπίγειοι</span> <span class='ocrx_word' id='word_1_549' title='bbox 485 1958 532 1984; x_wconf 74' lang='grc' dir='ltr'>καὶ</span> <span class='ocrx_word' id='word_1_550' title='bbox 558 1957 687 1994; x_wconf 76' lang='grc' dir='ltr'>οὐράνιοι,</span> <span class='ocrx_word' id='word_1_551' title='bbox 716 1957 878 1993; x_wconf 70' lang='grc' dir='ltr'>πρόσκαιροι</span> <span class='ocrx_word' id='word_1_552' title='bbox 899 1957 946 1984; x_wconf 70' lang='grc' dir='ltr'>καὶ</span> 
     </span>
    </p>
   </div>
   <div class='ocr_carea' id='block_1_70' title="bbox 161 2001 948 2040">
    <p class='ocr_par' dir='ltr' id='par_1_70' title="bbox 161 2001 948 2040">
     <span class='ocr_line' id='line_1_70' title="bbox 161 2001 948 2040; baseline -0.003 -9"><span class='ocrx_word' id='word_1_553' title='bbox 161 2004 299 2037; x_wconf 78' lang='grc' dir='ltr'>ἀθάνατοι,</span> <span class='ocrx_word' id='word_1_554' title='bbox 315 2004 476 2040; x_wconf 84' lang='grc' dir='ltr'>κληρονόμοι</span> <span class='ocrx_word' id='word_1_555' title='bbox 490 2004 577 2038; x_wconf 80' lang='grc' dir='ltr'>φωτὸς</span> <span class='ocrx_word' id='word_1_556' title='bbox 590 2004 636 2029; x_wconf 79' lang='grc' dir='ltr'><strong>καὶ</strong></span> <span class='ocrx_word' id='word_1_557' title='bbox 651 2003 747 2038; x_wconf 64' lang='grc' dir='ltr'>πυρὸς,</span> <span class='ocrx_word' id='word_1_558' title='bbox 764 2003 814 2029; x_wconf 75' lang='grc' dir='ltr'><strong>εἴτ’</strong></span> <span class='ocrx_word' id='word_1_559' title='bbox 829 2001 875 2030; x_wconf 79' lang='grc' dir='ltr'>οὖν</span> <span class='ocrx_word' id='word_1_560' title='bbox 889 2003 948 2029; x_wconf 74' lang='grc' dir='ltr'>σκό-</span> 
     </span>
    </p>
   </div>
   <div class='ocr_carea' id='block_1_71' title="bbox 160 2049 946 2086">
    <p class='ocr_par' dir='ltr' id='par_1_71' title="bbox 160 2049 946 2086">
     <span class='ocr_line' id='line_1_71' title="bbox 160 2049 946 2086; baseline -0.001 -10"><span class='ocrx_word' id='word_1_561' title='bbox 160 2059 234 2082; x_wconf 79' lang='grc' dir='ltr'>τους,</span> <span class='ocrx_word' id='word_1_562' title='bbox 245 2050 381 2084; x_wconf 84' lang='grc' dir='ltr'>ὁποτέρως</span> <span class='ocrx_word' id='word_1_563' title='bbox 391 2050 445 2086; x_wconf 76' lang='grc'>(59)</span> <span class='ocrx_word' id='word_1_564' title='bbox 461 2049 492 2076; x_wconf 82' lang='grc' dir='ltr'><strong>ἃν</strong></span> <span class='ocrx_word' id='word_1_565' title='bbox 505 2049 642 2084; x_wconf 76' lang='grc' dir='ltr'>νεύσωμεν</span> <span class='ocrx_word' id='word_1_566' title='bbox 653 2057 660 2081; x_wconf 86' lang='grc'><strong>;</strong></span> <span class='ocrx_word' id='word_1_567' title='bbox 673 2049 798 2076; x_wconf 80' lang='grc' dir='ltr'>Τοιοῦτον</span> <span class='ocrx_word' id='word_1_568' title='bbox 811 2049 841 2075; x_wconf 77' lang='grc' dir='ltr'><strong>τὸ</strong></span> <span class='ocrx_word' id='word_1_569' title='bbox 852 2050 946 2085; x_wconf 79' lang='grc' dir='ltr'>κρᾶμα</span> 
     </span>
    </p>
   </div>
   <div class='ocr_carea' id='block_1_72' title="bbox 163 2095 945 2132">
    <p class='ocr_par' dir='ltr' id='par_1_72' title="bbox 163 2095 945 2132">
     <span class='ocr_line' id='line_1_72' title="bbox 163 2095 945 2132; baseline -0.001 -10"><span class='ocrx_word' id='word_1_570' title='bbox 163 2096 251 2132; x_wconf 80' lang='grc' dir='ltr'>ἡμῶν,</span> <span class='ocrx_word' id='word_1_571' title='bbox 277 2096 323 2122; x_wconf 81' lang='grc' dir='ltr'>καὶ</span> <span class='ocrx_word' id='word_1_572' title='bbox 338 2096 381 2122; x_wconf 82' lang='grc' dir='ltr'>διὰ</span> <span class='ocrx_word' id='word_1_573' title='bbox 400 2095 495 2126; x_wconf 79' lang='grc' dir='ltr'>ταῦτα,</span> <span class='ocrx_word' id='word_1_574' title='bbox 513 2096 550 2127; x_wconf 80' lang='grc' dir='ltr'>ὡς</span> <span class='ocrx_word' id='word_1_575' title='bbox 571 2095 635 2130; x_wconf 79' lang='grc' dir='ltr'>γοῦν</span> <span class='ocrx_word' id='word_1_576' title='bbox 665 2095 725 2130; x_wconf 76' lang='grc' dir='ltr'>ἐμοὶ</span> <span class='ocrx_word' id='word_1_577' title='bbox 741 2095 945 2129; x_wconf 80' lang='grc' dir='ltr'>καταφαίνεται,</span> 
     </span>
    </p>
   </div>
   <div class='ocr_carea' id='block_1_73' title="bbox 162 2141 948 2178">
    <p class='ocr_par' dir='ltr' id='par_1_73' title="bbox 162 2141 948 2178">
     <span class='ocr_line' id='line_1_73' title="bbox 162 2141 948 2178; baseline -0.003 -9"><span class='ocrx_word' id='word_1_578' title='bbox 162 2143 196 2169; x_wconf 78' lang='grc' dir='ltr'><strong>ἶν’</strong></span> <span class='ocrx_word' id='word_1_579' title='bbox 209 2144 272 2170; x_wconf 81' lang='grc' dir='ltr'><strong>ὅταν</strong></span> <span class='ocrx_word' id='word_1_580' title='bbox 288 2142 463 2178; x_wconf 78' lang='grc' dir='ltr'>ἐπαιρὼμεθα</span> <span class='ocrx_word' id='word_1_581' title='bbox 476 2141 520 2168; x_wconf 84' lang='grc' dir='ltr'><strong>διὰ</strong></span> <span class='ocrx_word' id='word_1_582' title='bbox 530 2142 578 2177; x_wconf 80' lang='grc' dir='ltr'><strong>τὴν</strong></span> <span class='ocrx_word' id='word_1_583' title='bbox 595 2142 696 2172; x_wconf 72' lang='grc' dir='ltr'>εἰκόνα,</span> <span class='ocrx_word' id='word_1_584' title='bbox 709 2141 754 2168; x_wconf 84' lang='grc' dir='ltr'><strong>διὰ</strong></span> <span class='ocrx_word' id='word_1_585' title='bbox 766 2141 811 2167; x_wconf 86' lang='grc' dir='ltr'><strong>τὺν</strong></span> <span class='ocrx_word' id='word_1_586' title='bbox 823 2141 886 2177; x_wconf 75' lang='grc' dir='ltr'>χοῦν</span> <span class='ocrx_word' id='word_1_587' title='bbox 902 2151 948 2168; x_wconf 85' lang='grc' dir='ltr'>συ-</span> 
     </span>
    </p>
   </div>
   <div class='ocr_carea' id='block_1_74' title="bbox 164 2185 947 2224">
    <p class='ocr_par' dir='ltr' id='par_1_74' title="bbox 164 2185 947 2224">
     <span class='ocr_line' id='line_1_74' title="bbox 164 2185 947 2224; baseline -0.001 -9"><span class='ocrx_word' id='word_1_588' title='bbox 164 2188 444 2224; x_wconf 83' lang='grc' dir='ltr'>στελλώμεθα.Ταῦτα</span> <span class='ocrx_word' id='word_1_589' title='bbox 453 2188 502 2224; x_wconf 79' lang='grc' dir='ltr'>μὲν</span> <span class='ocrx_word' id='word_1_590' title='bbox 517 2185 562 2214; x_wconf 80' lang='grc' dir='ltr'><strong>οὖν</strong></span> <span class='ocrx_word' id='word_1_591' title='bbox 573 2188 587 2213; x_wconf 86' lang='grc' dir='ltr'>ὁ</span> <span class='ocrx_word' id='word_1_592' title='bbox 598 2187 756 2222; x_wconf 77' lang='grc' dir='ltr'>βουλόμενος</span> <span class='ocrx_word' id='word_1_593' title='bbox 770 2187 825 2224; x_wconf 84' lang='lat'><strong>(60)</strong></span> <span class='ocrx_word' id='word_1_594' title='bbox 841 2188 947 2222; x_wconf 79' lang='grc' dir='ltr'>φιλοσο-</span> 
     </span>
    </p>
   </div>
   <div class='ocr_carea' id='block_1_75' title="bbox 162 2225 986 2270">
    <p class='ocr_par' dir='ltr' id='par_1_75' title="bbox 162 2225 986 2270">
     <span class='ocr_line' id='line_1_75' title="bbox 162 2225 986 2270; baseline -0.001 -10"><span class='ocrx_word' id='word_1_595' title='bbox 162 2235 255 2268; x_wconf 80' lang='grc' dir='ltr'>φείτω,</span> <span class='ocrx_word' id='word_1_596' title='bbox 280 2234 326 2261; x_wconf 73' lang='grc' dir='ltr'>καὶ</span> <span class='ocrx_word' id='word_1_597' title='bbox 339 2235 419 2270; x_wconf 77' lang='grc' dir='ltr'>ἡμεῖς</span> <span class='ocrx_word' id='word_1_598' title='bbox 440 2243 471 2267; x_wconf 78' lang='grc' dir='ltr'><strong>γε</strong></span> <span class='ocrx_word' id='word_1_599' title='bbox 491 2233 761 2269; x_wconf 62' lang='grc' dir='ltr'>τυμφιλοσοφήσομεν</span> <span class='ocrx_word' id='word_1_600' title='bbox 784 2233 839 2268; x_wconf 77' lang='lat' dir='ltr'><strong>(Gl)</strong></span> <span class='ocrx_word' id='word_1_601' title='bbox 855 2234 949 2260; x_wconf 80' lang='grc' dir='ltr'>εὑκαι-</span> <span class='ocrx_word' id='word_1_602' title='bbox 965 2225 986 2251; x_wconf 82' lang='grc' dir='ltr'><strong>Ῑ)</strong></span> 
     </span>
    </p>
   </div>
   <div class='ocr_carea' id='block_1_76' title="bbox 164 2279 282 2315">
    <p class='ocr_par' dir='ltr' id='par_1_76' title="bbox 164 2279 282 2315">
     <span class='ocr_line' id='line_1_76' title="bbox 164 2279 282 2315; baseline 0 -10"><span class='ocrx_word' id='word_1_603' title='bbox 164 2279 223 2314; x_wconf 73' lang='grc' dir='ltr'>ρότε</span> <span class='ocrx_word' id='word_1_604' title='bbox 227 2288 272 2315; x_wconf 87' lang='grc' dir='ltr'><strong>ρον</strong></span> <span class='ocrx_word' id='word_1_605' title='bbox 276 2299 282 2305; x_wconf 88' lang='grc'>.</span> 
     </span>
    </p>
   </div>
   <div class='ocr_carea' id='block_1_77' title="bbox 198 2345 399 2379">
    <p class='ocr_par' dir='ltr' id='par_1_77' title="bbox 198 2345 399 2379">
     <span class='ocr_line' id='line_1_77' title="bbox 198 2345 399 2379; baseline 0 -6"><span class='ocrx_word' id='word_1_606' title='bbox 198 2347 219 2363; x_wconf 76' lang='grc'><strong>⁸³</strong></span> <span class='ocrx_word' id='word_1_607' title='bbox 234 2345 285 2374; x_wconf 87' lang='lat' dir='ltr'><strong>Isa.</strong></span> <span class='ocrx_word' id='word_1_608' title='bbox 308 2354 335 2379; x_wconf 71' lang='grc' dir='ltr'>ι,</span> <span class='ocrx_word' id='word_1_609' title='bbox 357 2345 399 2374; x_wconf 81' lang='grc'><strong>18.</strong></span> 
     </span>
    </p>
   </div>
   <div class='ocr_carea' id='block_1_78' title="bbox 200 2413 644 2450">
    <p class='ocr_par' dir='ltr' id='par_1_78' title="bbox 200 2413 644 2450">
     <span class='ocr_line' id='line_1_78' title="bbox 200 2413 644 2450; baseline -0.005 -9"><span class='ocrx_word' id='word_1_610' title='bbox 200 2414 254 2450; x_wconf 67' lang='grc'>(48)</span> <span class='ocrx_word' id='word_1_611' title='bbox 264 2414 353 2440; x_wconf 84' lang='grc' dir='ltr'><strong>οὕτω.</strong></span> <span class='ocrx_word' id='word_1_612' title='bbox 367 2413 395 2450; x_wconf 79' lang='lat' dir='ltr'><strong>In</strong></span> <span class='ocrx_word' id='word_1_613' title='bbox 403 2413 539 2450; x_wconf 70' lang='lat' dir='ltr'><strong>pluribus,</strong></span> <span class='ocrx_word' id='word_1_614' title='bbox 551 2413 644 2444; x_wconf 81' lang='grc' dir='ltr'>οὕτως.</span> 
     </span>
    </p>
   </div>
   <div class='ocr_carea' id='block_1_79' title="bbox 199 2415 944 2484">
    <p class='ocr_par' dir='ltr' id='par_1_79' title="bbox 199 2415 944 2484">
     <span class='ocr_line' id='line_1_79' title="bbox 200 2415 644 2450; baseline -0.005 -9"><span class='ocrx_word' id='word_1_615' title='bbox 200 2415 244 2450; x_wconf 67' lang='grc'>(48</span> <span class='ocrx_word' id='word_1_616' title='bbox 264 2415 353 2440; x_wconf 84' lang='grc' dir='ltr'><strong>οὕτω.</strong></span> <span class='ocrx_word' id='word_1_617' title='bbox 367 2415 395 2440; x_wconf 87' lang='grc' dir='ltr'><strong>1η</strong></span> <span class='ocrx_word' id='word_1_618' title='bbox 410 2415 539 2448; x_wconf 85' lang='lat' dir='ltr'><strong>pluribus,</strong></span> <span class='ocrx_word' id='word_1_619' title='bbox 551 2415 644 2444; x_wconf 80' lang='grc' dir='ltr'>οὕτως.</span> 
     </span>
     <span class='ocr_line' id='line_1_80' title="bbox 199 2415 944 2484; baseline -0.009 -7"><span class='ocrx_word' id='word_1_620' title='bbox 199 2415 254 2484; x_wconf 52' lang='grc'>(49)</span> <span class='ocrx_word' id='word_1_621' title='bbox 270 2451 302 2476; x_wconf 81' lang='lat' dir='ltr'><strong>Ol</strong></span> <span class='ocrx_word' id='word_1_622' title='bbox 315 2449 382 2483; x_wconf 80' lang='grc' dir='ltr'>παρ’</span> <span class='ocrx_word' id='word_1_623' title='bbox 392 2448 490 2480; x_wconf 82' lang='grc' dir='ltr'>ἀξίαν.</span> <span class='ocrx_word' id='word_1_624' title='bbox 509 2447 615 2484; x_wconf 73' lang='lat' dir='ltr'><strong>Nicetas</strong></span> <span class='ocrx_word' id='word_1_625' title='bbox 634 2457 641 2475; x_wconf 92' lang='lat'><strong>:</strong></span> <span class='ocrx_word' id='word_1_626' title='bbox 659 2446 734 2482; x_wconf 73' lang='grc' dir='ltr'>παρὰ</span> <span class='ocrx_word' id='word_1_627' title='bbox 747 2445 795 2484; x_wconf 69' lang='grc' dir='ltr'><strong>τὴν</strong></span> <span class='ocrx_word' id='word_1_628' title='bbox 810 2445 896 2484; x_wconf 69' lang='grc' dir='ltr'><strong>ςιύχην</strong></span> <span class='ocrx_word' id='word_1_629' title='bbox 910 2443 944 2484; x_wconf 75' lang='grc' dir='ltr'>ἧς</span> 
     </span>
    </p>
   </div>
   <div class='ocr_carea' id='block_1_80' title="bbox 162 2481 942 2520">
    <p class='ocr_par' dir='ltr' id='par_1_80' title="bbox 162 2481 942 2520">
     <span class='ocr_line' id='line_1_81' title="bbox 162 2481 942 2520; baseline -0.006 -8"><span class='ocrx_word' id='word_1_630' title='bbox 162 2481 231 2520; x_wconf 81' lang='grc' dir='ltr'>ἦσάν</span> <span class='ocrx_word' id='word_1_631' title='bbox 245 2481 325 2516; x_wconf 75' lang='grc' dir='ltr'>ποτε,</span> <span class='ocrx_word' id='word_1_632' title='bbox 353 2481 363 2510; x_wconf 70' lang='grc' dir='ltr'><strong>ἱ</strong></span> <span class='ocrx_word' id='word_1_633' title='bbox 378 2489 474 2520; x_wconf 68' lang='lat' dir='ltr'><strong>praeter</strong></span> <span class='ocrx_word' id='word_1_634' title='bbox 493 2491 552 2510; x_wconf 84' lang='lat' dir='ltr'><strong>eam</strong></span> <span class='ocrx_word' id='word_1_635' title='bbox 579 2481 705 2520; x_wconf 46' lang='lat' dir='ltr'><strong>fortuna!</strong></span> <span class='ocrx_word' id='word_1_636' title='bbox 718 2481 898 2520; x_wconf 71' lang='lat' dir='ltr'><strong>conditionem</strong></span> <span class='ocrx_word' id='word_1_637' title='bbox 916 2483 942 2507; x_wconf 91' lang='lat' dir='ltr'><strong>in</strong></span> 
     </span>
    </p>
   </div>
   <div class='ocr_carea' id='block_1_81' title="bbox 162 2515 942 2555">
    <p class='ocr_par' dir='ltr' id='par_1_81' title="bbox 162 2515 942 2555">
     <span class='ocr_line' id='line_1_82' title="bbox 162 2515 942 2555; baseline -0.008 -8"><span class='ocrx_word' id='word_1_638' title='bbox 162 2515 214 2555; x_wconf 76' lang='lat' dir='ltr'><strong>qua</strong></span> <span class='ocrx_word' id='word_1_639' title='bbox 230 2520 364 2554; x_wconf 84' lang='lat' dir='ltr'><strong>quondam</strong></span> <span class='ocrx_word' id='word_1_640' title='bbox 378 2515 563 2555; x_wconf 69' lang='lat' dir='ltr'><strong>versabantur.</strong></span> <span class='ocrx_word' id='word_1_641' title='bbox 579 2527 588 2543; x_wconf 76' lang='grc' dir='ltr'><strong>ι</strong></span> <span class='ocrx_word' id='word_1_642' title='bbox 615 2517 696 2555; x_wconf 77' lang='lat' dir='ltr'><strong>Docet</strong></span> <span class='ocrx_word' id='word_1_643' title='bbox 724 2516 767 2542; x_wconf 90' lang='lat' dir='ltr'><strong>bic</strong></span> <span class='ocrx_word' id='word_1_644' title='bbox 786 2515 942 2555; x_wconf 74' lang='lat' dir='ltr'><strong>Gregorius,</strong></span> 
     </span>
    </p>
   </div>
   <div class='ocr_carea' id='block_1_82' title="bbox 161 2550 944 2589">
    <p class='ocr_par' dir='ltr' id='par_1_82' title="bbox 161 2550 944 2589">
     <span class='ocr_line' id='line_1_83' title="bbox 161 2550 944 2589; baseline -0.006 -7"><span class='ocrx_word' id='word_1_645' title='bbox 161 2550 208 2582; x_wconf 74' lang='lat' dir='ltr'><strong>eos</strong></span> <span class='ocrx_word' id='word_1_646' title='bbox 228 2550 273 2589; x_wconf 72' lang='lat' dir='ltr'><strong>qui</strong></span> <span class='ocrx_word' id='word_1_647' title='bbox 290 2562 322 2582; x_wconf 76' lang='lat' dir='ltr'><strong>ex</strong></span> <span class='ocrx_word' id='word_1_648' title='bbox 334 2554 421 2580; x_wconf 77' lang='lat' dir='ltr'><strong>altiori</strong></span> <span class='ocrx_word' id='word_1_649' title='bbox 436 2553 573 2589; x_wconf 72' lang='lat' dir='ltr'><strong>dignitatis</strong></span> <span class='ocrx_word' id='word_1_650' title='bbox 585 2557 613 2589; x_wconf 81' lang='lat' dir='ltr'><strong>et</strong></span> <span class='ocrx_word' id='word_1_651' title='bbox 632 2550 881 2589; x_wconf 27' lang='lat' dir='ltr'><strong>fortunm‘gradunin</strong></span> <span class='ocrx_word' id='word_1_652' title='bbox 894 2553 944 2577; x_wconf 89' lang='lat' dir='ltr'><strong>mi-</strong></span> 
     </span>
    </p>
   </div>
   <div class='ocr_carea' id='block_1_83' title="bbox 162 2585 941 2620">
    <p class='ocr_par' dir='ltr' id='par_1_83' title="bbox 162 2585 941 2620">
     <span class='ocr_line' id='line_1_84' title="bbox 162 2585 941 2620; baseline -0.008 -3"><span class='ocrx_word' id='word_1_653' title='bbox 162 2585 260 2617; x_wconf 76' lang='lat' dir='ltr'><strong>seriam</strong></span> <span class='ocrx_word' id='word_1_654' title='bbox 288 2589 388 2620; x_wconf 87' lang='lat' dir='ltr'><strong>delapsi</strong></span> <span class='ocrx_word' id='word_1_655' title='bbox 408 2585 482 2618; x_wconf 59' lang='lat' dir='ltr'><strong>sunt,</strong></span> <span class='ocrx_word' id='word_1_656' title='bbox 517 2588 607 2620; x_wconf 78' lang='lat' dir='ltr'><strong>majori</strong></span> <span class='ocrx_word' id='word_1_657' title='bbox 635 2586 808 2614; x_wconf 83' lang='lat' dir='ltr'><strong>miseratione</strong></span> <span class='ocrx_word' id='word_1_658' title='bbox 833 2585 941 2620; x_wconf 71' lang='lat' dir='ltr'><strong>dignos,</strong></span> 
     </span>
    </p>
   </div>
   <div class='ocr_carea' id='block_1_84' title="bbox 161 2619 942 2659">
    <p class='ocr_par' dir='ltr' id='par_1_84' title="bbox 161 2619 942 2659">
     <span class='ocr_line' id='line_1_85' title="bbox 161 2619 942 2659; baseline -0.006 -8"><span class='ocrx_word' id='word_1_659' title='bbox 161 2632 242 2659; x_wconf 90' lang='lat' dir='ltr'><strong>quam</strong></span> <span class='ocrx_word' id='word_1_660' title='bbox 261 2631 308 2652; x_wconf 79' lang='lat' dir='ltr'><strong>eos</strong></span> <span class='ocrx_word' id='word_1_661' title='bbox 324 2619 370 2658; x_wconf 89' lang='lat' dir='ltr'><strong>qui</strong></span> <span class='ocrx_word' id='word_1_662' title='bbox 397 2624 476 2650; x_wconf 87' lang='lat' dir='ltr'><strong>rebus</strong></span> <span class='ocrx_word' id='word_1_663' title='bbox 490 2619 610 2659; x_wconf 72' lang='lat' dir='ltr'><strong>adversis</strong></span> <span class='ocrx_word' id='word_1_664' title='bbox 632 2626 706 2659; x_wconf 66' lang='lat' dir='ltr'><strong>sunt</strong></span> <span class='ocrx_word' id='word_1_665' title='bbox 718 2620 826 2648; x_wconf 84' lang='lat' dir='ltr'><strong>assueti.</strong></span> <span class='ocrx_word' id='word_1_666' title='bbox 849 2628 858 2644; x_wconf 85' lang='grc' dir='ltr'><strong>ι</strong></span> <span class='ocrx_word' id='word_1_667' title='bbox 871 2619 942 2646; x_wconf 82' lang='lat' dir='ltr'><strong>Nihil</strong></span> 
     </span>
    </p>
   </div>
   <div class='ocr_carea' id='block_1_85' title="bbox 161 2657 943 2690">
    <p class='ocr_par' dir='ltr' id='par_1_85' title="bbox 161 2657 943 2690">
     <span class='ocr_line' id='line_1_86' title="bbox 161 2657 943 2690; baseline -0.008 -4"><span class='ocrx_word' id='word_1_668' title='bbox 161 2657 233 2686; x_wconf 76' lang='lat' dir='ltr'><strong>enim</strong></span> <span class='ocrx_word' id='word_1_669' title='bbox 250 2665 292 2687; x_wconf 88' lang='lat' dir='ltr'><strong>est</strong></span> <span class='ocrx_word' id='word_1_670' title='bbox 314 2657 367 2685; x_wconf 72' lang='lat' dir='ltr'><strong>tam</strong></span> <span class='ocrx_word' id='word_1_671' title='bbox 397 2658 560 2690; x_wconf 82' lang='lat' dir='ltr'><strong>miserabile,</strong></span> <span class='ocrx_word' id='word_1_672' title='bbox 576 2667 584 2684; x_wconf 79' lang='grc' dir='ltr'><strong>ι</strong></span> <span class='ocrx_word' id='word_1_673' title='bbox 613 2657 650 2684; x_wconf 87' lang='lat' dir='ltr'><strong>ait</strong></span> <span class='ocrx_word' id='word_1_674' title='bbox 664 2657 769 2688; x_wconf 85' lang='lat' dir='ltr'><strong>Cicero,</strong></span> <span class='ocrx_word' id='word_1_675' title='bbox 798 2663 807 2680; x_wconf 74' lang='grc' dir='ltr'><strong>ι</strong></span> <span class='ocrx_word' id='word_1_676' title='bbox 819 2661 898 2689; x_wconf 90' lang='lat' dir='ltr'><strong>quam</strong></span> <span class='ocrx_word' id='word_1_677' title='bbox 910 2662 943 2681; x_wconf 80' lang='lat' dir='ltr'><strong>ex</strong></span> 
     </span>
    </p>
   </div>
   <div class='ocr_carea' id='block_1_86' title="bbox 161 2691 908 2729">
    <p class='ocr_par' dir='ltr' id='par_1_86' title="bbox 161 2691 908 2729">
     <span class='ocr_line' id='line_1_87' title="bbox 161 2691 908 2729; baseline -0.009 -7"><span class='ocrx_word' id='word_1_678' title='bbox 161 2695 241 2722; x_wconf 87' lang='lat' dir='ltr'><strong>beato</strong></span> <span class='ocrx_word' id='word_1_679' title='bbox 254 2695 344 2721; x_wconf 89' lang='lat' dir='ltr'><strong>miser.</strong></span> <span class='ocrx_word' id='word_1_680' title='bbox 359 2703 368 2720; x_wconf 84' lang='grc' dir='ltr'><strong>ι</strong></span> <span class='ocrx_word' id='word_1_681' title='bbox 383 2694 441 2720; x_wconf 87' lang='lat' dir='ltr'><strong>Bill.</strong></span> <span class='ocrx_word' id='word_1_682' title='bbox 462 2702 472 2718; x_wconf 87' lang='grc'><em>‹</em></span> <span class='ocrx_word' id='word_1_683' title='bbox 483 2698 577 2729; x_wconf 58' lang='lat' dir='ltr'><strong>praeter</strong></span> <span class='ocrx_word' id='word_1_684' title='bbox 592 2692 758 2729; x_wconf 68' lang='lat' dir='ltr'><strong>dignitatem.</strong></span> <span class='ocrx_word' id='word_1_685' title='bbox 772 2699 781 2716; x_wconf 73' lang='grc' dir='ltr'><strong>ι</strong></span> <span class='ocrx_word' id='word_1_686' title='bbox 809 2691 817 2695; x_wconf 75' lang='lat'><strong>‘</strong></span> <span class='ocrx_word' id='word_1_687' title='bbox 831 2725 836 2729; x_wconf 89' lang='lat'><strong>_</strong></span> <span class='ocrx_word' id='word_1_688' title='bbox 904 2724 908 2729; x_wconf 86' lang='lat'><em>_</em></span> 
     </span>
    </p>
   </div>
   <div class='ocr_carea' id='block_1_87' title="bbox 162 2725 943 2792">
    <p class='ocr_par' dir='ltr' id='par_1_87' title="bbox 162 2725 943 2792">
     <span class='ocr_line' id='line_1_88' title="bbox 162 2725 943 2792; baseline -0.008 -35"><span class='ocrx_word' id='word_1_689' title='bbox 162 2729 253 2792; x_wconf 62' lang='lat' dir='ltr'><strong>I“(50)</strong></span> <span class='ocrx_word' id='word_1_690' title='bbox 284 2729 431 2757; x_wconf 73' lang='grc' dir='ltr'>Ὰπίστου.</span> <span class='ocrx_word' id='word_1_691' title='bbox 464 2725 539 2756; x_wconf 76' lang='lat' dir='ltr'><strong>Coll).</strong></span> <span class='ocrx_word' id='word_1_692' title='bbox 569 2729 594 2759; x_wconf 80' lang='lat' dir='ltr'><strong>‘l,</strong></span> <span class='ocrx_word' id='word_1_693' title='bbox 619 2725 769 2761; x_wconf 83' lang='grc' dir='ltr'>ἀπλήστου,</span> <span class='ocrx_word' id='word_1_694' title='bbox 803 2734 812 2750; x_wconf 82' lang='grc' dir='ltr'><strong>ι</strong></span> <span class='ocrx_word' id='word_1_695' title='bbox 830 2725 943 2752; x_wconf 85' lang='lat' dir='ltr'><strong>insatia-</strong></span> 
     </span>
     <span class='ocr_line' id='line_1_89' title="bbox 182 2773 241 2791; baseline -0.017 0"><span class='ocrx_word' id='word_1_696' title='bbox 182 2773 241 2791; x_wconf 70' lang='grc' dir='ltr'>ιι.)</span> 
     </span>
    </p>
   </div>
   <div class='ocr_carea' id='block_1_88' title="bbox 209 2798 723 2834">
    <p class='ocr_par' dir='ltr' id='par_1_88' title="bbox 209 2798 723 2834">
     <span class='ocr_line' id='line_1_90' title="bbox 209 2798 723 2834; baseline -0.008 -8"><span class='ocrx_word' id='word_1_697' title='bbox 209 2799 254 2834; x_wconf 78' lang='grc'>51)</span> <span class='ocrx_word' id='word_1_698' title='bbox 272 2799 472 2834; x_wconf 72' lang='grc' dir='ltr'>Συμφύρομαι.</span> <span class='ocrx_word' id='word_1_699' title='bbox 489 2798 701 2834; x_wconf 21' lang='grc' dir='ltr'>(γῦοῐιιιηίεεθιιῃ</span> <span class='ocrx_word' id='word_1_700' title='bbox 715 2805 723 2822; x_wconf 75' lang='grc' dir='ltr'><strong>ι</strong></span> 
     </span>
    </p>
   </div>
   <div class='ocr_carea' id='block_1_89' title="bbox 207 2801 872 2869">
    <p class='ocr_par' dir='ltr' id='par_1_89' title="bbox 207 2801 872 2869">
     <span class='ocr_line' id='line_1_91' title="bbox 209 2801 723 2834; baseline -0.01 -8"><span class='ocrx_word' id='word_1_701' title='bbox 209 2801 240 2826; x_wconf 77' lang='grc'>51</span> <span class='ocrx_word' id='word_1_702' title='bbox 272 2801 472 2834; x_wconf 72' lang='grc' dir='ltr'>Συμφύρομαι.</span> <span class='ocrx_word' id='word_1_703' title='bbox 489 2808 498 2824; x_wconf 79' lang='grc' dir='ltr'><strong>ι</strong></span> <span class='ocrx_word' id='word_1_704' title='bbox 511 2801 701 2826; x_wconf 87' lang='lat' dir='ltr'><strong>Commiscear.</strong></span> <span class='ocrx_word' id='word_1_705' title='bbox 715 2805 723 2822; x_wconf 74' lang='grc' dir='ltr'><strong>ι</strong></span> 
     </span>
     <span class='ocr_line' id='line_1_92' title="bbox 207 2801 872 2869; baseline -0.009 -8"><span class='ocrx_word' id='word_1_706' title='bbox 207 2801 254 2868; x_wconf 53' lang='lat'><strong>52;</strong></span> <span class='ocrx_word' id='word_1_707' title='bbox 268 2835 435 2869; x_wconf 80' lang='grc' dir='ltr'>Χρήσωμαι.</span> <span class='ocrx_word' id='word_1_708' title='bbox 448 2833 493 2869; x_wconf 71' lang='lat' dir='ltr'><strong>Sic</strong></span> <span class='ocrx_word' id='word_1_709' title='bbox 504 2833 573 2869; x_wconf 53' lang='lat' dir='ltr'><strong>Reg:</strong></span> <span class='ocrx_word' id='word_1_710' title='bbox 587 2833 632 2860; x_wconf 90' lang='lat' dir='ltr'><strong>hu.</strong></span> <span class='ocrx_word' id='word_1_711' title='bbox 642 2832 710 2869; x_wconf 17' lang='lat' dir='ltr'><strong>rAlii.</strong></span> <span class='ocrx_word' id='word_1_712' title='bbox 725 2831 872 2869; x_wconf 50' lang='grc' dir='ltr'>χρήσομαι..</span> 
     </span>
    </p>
   </div>
   <div class='ocr_carea' id='block_1_90' title="bbox 197 2841 941 2905">
    <p class='ocr_par' dir='ltr' id='par_1_90' title="bbox 197 2841 941 2905">
     <span class='ocr_line' id='line_1_93' title="bbox 197 2841 872 2869; baseline -0.009 -8"><span class='ocrx_word' id='word_1_713' title='bbox 197 2841 253 2868; x_wconf 66' lang='grc'>(52)</span> <span class='ocrx_word' id='word_1_714' title='bbox 268 2841 435 2869; x_wconf 55' lang='grc' dir='ltr'>χρήσωμαι.</span> <span class='ocrx_word' id='word_1_715' title='bbox 448 2841 493 2859; x_wconf 70' lang='lat' dir='ltr'><strong>blc</strong></span> <span class='ocrx_word' id='word_1_716' title='bbox 504 2841 569 2868; x_wconf 74' lang='lat' dir='ltr'><strong>neg.</strong></span> <span class='ocrx_word' id='word_1_717' title='bbox 587 2841 632 2860; x_wconf 93' lang='lat' dir='ltr'><strong>nu.</strong></span> <span class='ocrx_word' id='word_1_718' title='bbox 649 2841 710 2861; x_wconf 74' lang='lat' dir='ltr'><strong>Atti.</strong></span> <span class='ocrx_word' id='word_1_719' title='bbox 744 2841 872 2866; x_wconf 73' lang='grc' dir='ltr'>ρησομαι.</span> 
     </span>
     <span class='ocr_line' id='line_1_94' title="bbox 197 2841 941 2905; baseline -0.009 -9"><span class='ocrx_word' id='word_1_720' title='bbox 197 2869 255 2905; x_wconf 77' lang='lat'><strong>(53)</strong></span> <span class='ocrx_word' id='word_1_721' title='bbox 269 2869 320 2896; x_wconf 86' lang='grc' dir='ltr'><strong>Διὰ</strong></span> <span class='ocrx_word' id='word_1_722' title='bbox 331 2869 390 2896; x_wconf 80' lang='grc' dir='ltr'><strong>τῶν</strong></span> <span class='ocrx_word' id='word_1_723' title='bbox 399 2867 544 2902; x_wconf 78' lang='grc' dir='ltr'>πράξεων.</span> <span class='ocrx_word' id='word_1_724' title='bbox 559 2867 623 2902; x_wconf 76' lang='lat' dir='ltr'><strong>Reg.</strong></span> <span class='ocrx_word' id='word_1_725' title='bbox 640 2868 675 2895; x_wconf 91' lang='lat' dir='ltr'><strong>hu</strong></span> <span class='ocrx_word' id='word_1_726' title='bbox 690 2871 716 2894; x_wconf 89' lang='lat' dir='ltr'><strong>et</strong></span> <span class='ocrx_word' id='word_1_727' title='bbox 725 2841 822 2897; x_wconf 49' lang='lat' dir='ltr'><strong>Eabr”</strong></span> <span class='ocrx_word' id='word_1_728' title='bbox 835 2864 867 2890; x_wconf 83' lang='grc' dir='ltr'>δι’</span> <span class='ocrx_word' id='word_1_729' title='bbox 876 2864 941 2898; x_wconf 86' lang='grc' dir='ltr'>ἀγα-</span> 
     </span>
    </p>
   </div>
   <div class='ocr_carea' id='block_1_91' title="bbox 1001 1589 1782 1625">
    <p class='ocr_par' dir='ltr' id='par_1_91' title="bbox 1001 1589 1782 1625">
     <span class='ocr_line' id='line_1_95' title="bbox 1001 1589 1782 1625; baseline -0.005 -7"><span class='ocrx_word' id='word_1_730' title='bbox 1001 1591 1121 1618; x_wconf 84' lang='lat' dir='ltr'><strong>timesco.</strong></span> <span class='ocrx_word' id='word_1_731' title='bbox 1146 1591 1298 1625; x_wconf 82' lang='lat' dir='ltr'><strong>Antequam</strong></span> <span class='ocrx_word' id='word_1_732' title='bbox 1327 1590 1426 1617; x_wconf 85' lang='lat' dir='ltr'><strong>bellum</strong></span> <span class='ocrx_word' id='word_1_733' title='bbox 1452 1590 1593 1625; x_wconf 80' lang='lat' dir='ltr'><strong>gesserim,</strong></span> <span class='ocrx_word' id='word_1_734' title='bbox 1621 1589 1648 1616; x_wconf 91' lang='lat' dir='ltr'><strong>in</strong></span> <span class='ocrx_word' id='word_1_735' title='bbox 1666 1589 1782 1624; x_wconf 80' lang='lat' dir='ltr'><strong>gratiam</strong></span> 
     </span>
    </p>
   </div>
   <div class='ocr_carea' id='block_1_92' title="bbox 999 1634 1784 1671">
    <p class='ocr_par' dir='ltr' id='par_1_92' title="bbox 999 1634 1784 1671">
     <span class='ocr_line' id='line_1_96' title="bbox 999 1634 1784 1671; baseline -0.004 -7"><span class='ocrx_word' id='word_1_736' title='bbox 999 1638 1100 1671; x_wconf 85' lang='lat' dir='ltr'><strong>redeo;</strong></span> <span class='ocrx_word' id='word_1_737' title='bbox 1117 1641 1265 1671; x_wconf 86' lang='lat' dir='ltr'><strong>antequam</strong></span> <span class='ocrx_word' id='word_1_738' title='bbox 1284 1644 1351 1671; x_wconf 86' lang='lat' dir='ltr'><strong>pace</strong></span> <span class='ocrx_word' id='word_1_739' title='bbox 1366 1636 1451 1668; x_wconf 83' lang='lat' dir='ltr'><strong>fruar,</strong></span> <span class='ocrx_word' id='word_1_740' title='bbox 1466 1637 1500 1663; x_wconf 90' lang='lat' dir='ltr'><strong>ab</strong></span> <span class='ocrx_word' id='word_1_741' title='bbox 1513 1644 1544 1663; x_wconf 86' lang='lat' dir='ltr'><strong>eo</strong></span> <span class='ocrx_word' id='word_1_742' title='bbox 1565 1636 1694 1663; x_wconf 88' lang='lat' dir='ltr'><strong>dissideo.</strong></span> <span class='ocrx_word' id='word_1_743' title='bbox 1711 1634 1784 1668; x_wconf 86' lang='lat' dir='ltr'><strong>Qua-</strong></span> 
     </span>
    </p>
   </div>
   <div class='ocr_carea' id='block_1_93' title="bbox 999 1680 1783 1718">
    <p class='ocr_par' dir='ltr' id='par_1_93' title="bbox 999 1680 1783 1718">
     <span class='ocr_line' id='line_1_97' title="bbox 999 1680 1783 1718; baseline -0.005 -8"><span class='ocrx_word' id='word_1_744' title='bbox 999 1692 1062 1710; x_wconf 82' lang='lat' dir='ltr'><strong>nam</strong></span> <span class='ocrx_word' id='word_1_745' title='bbox 1077 1684 1221 1718; x_wconf 83' lang='lat' dir='ltr'><strong>sapientia,</strong></span> <span class='ocrx_word' id='word_1_746' title='bbox 1246 1691 1365 1718; x_wconf 88' lang='lat' dir='ltr'><strong>quonam</strong></span> <span class='ocrx_word' id='word_1_747' title='bbox 1388 1690 1485 1716; x_wconf 78' lang='lat' dir='ltr'><strong>Inagno</strong></span> <span class='ocrx_word' id='word_1_748' title='bbox 1502 1687 1529 1709; x_wconf 86' lang='lat' dir='ltr'><strong>et</strong></span> <span class='ocrx_word' id='word_1_749' title='bbox 1549 1689 1648 1708; x_wconf 87' lang='lat' dir='ltr'><strong>arcano</strong></span> <span class='ocrx_word' id='word_1_750' title='bbox 1668 1680 1783 1707; x_wconf 90' lang='lat' dir='ltr'><strong>consilio</strong></span> 
     </span>
    </p>
   </div>
   <div class='ocr_carea' id='block_1_94' title="bbox 1001 1727 1782 1761">
    <p class='ocr_par' dir='ltr' id='par_1_94' title="bbox 1001 1727 1782 1761">
     <span class='ocr_line' id='line_1_98' title="bbox 1001 1727 1782 1761; baseline -0.006 -5"><span class='ocrx_word' id='word_1_751' title='bbox 1001 1729 1063 1756; x_wconf 91' lang='lat' dir='ltr'><strong>mihi</strong></span> <span class='ocrx_word' id='word_1_752' title='bbox 1089 1729 1140 1756; x_wconf 89' lang='lat' dir='ltr'><strong>hoc</strong></span> <span class='ocrx_word' id='word_1_753' title='bbox 1165 1729 1288 1756; x_wconf 83' lang='lat' dir='ltr'><strong>accidere</strong></span> <span class='ocrx_word' id='word_1_754' title='bbox 1311 1728 1417 1755; x_wconf 86' lang='lat' dir='ltr'><strong>dicam?</strong></span> <span class='ocrx_word' id='word_1_755' title='bbox 1447 1729 1487 1754; x_wconf 82' lang='lat' dir='ltr'><strong>An</strong></span> <span class='ocrx_word' id='word_1_756' title='bbox 1515 1728 1565 1754; x_wconf 89' lang='lat' dir='ltr'><strong>hoc</strong></span> <span class='ocrx_word' id='word_1_757' title='bbox 1581 1727 1650 1754; x_wconf 85' lang='lat' dir='ltr'><strong>Deus</strong></span> <span class='ocrx_word' id='word_1_758' title='bbox 1668 1727 1782 1761; x_wconf 79' lang='lat' dir='ltr'><strong>agit,ut</strong></span> 
     </span>
    </p>
   </div>
   <div class='ocr_carea' id='block_1_95' title="bbox 999 1771 1782 1811">
    <p class='ocr_par' dir='ltr' id='par_1_95' title="bbox 999 1771 1782 1811">
     <span class='ocr_line' id='line_1_99' title="bbox 999 1771 1782 1811; baseline -0.006 -8"><span class='ocrx_word' id='word_1_759' title='bbox 999 1784 1061 1803; x_wconf 89' lang='lat' dir='ltr'><strong>cum</strong></span> <span class='ocrx_word' id='word_1_760' title='bbox 1075 1775 1160 1811; x_wconf 82' lang='lat' dir='ltr'><strong>ipsius</strong></span> <span class='ocrx_word' id='word_1_761' title='bbox 1178 1783 1241 1810; x_wconf 86' lang='lat' dir='ltr'><strong>pars</strong></span> <span class='ocrx_word' id='word_1_762' title='bbox 1257 1776 1355 1805; x_wconf 86' lang='lat' dir='ltr'><strong>simus,</strong></span> <span class='ocrx_word' id='word_1_763' title='bbox 1375 1779 1454 1809; x_wconf 87' lang='lat' dir='ltr'><strong>atque</strong></span> <span class='ocrx_word' id='word_1_764' title='bbox 1476 1781 1590 1808; x_wconf 86' lang='lat' dir='ltr'><strong>superne</strong></span> <span class='ocrx_word' id='word_1_765' title='bbox 1614 1771 1782 1802; x_wconf 71' lang='lat' dir='ltr'><strong>ﬁnxerimus.</strong></span> 
     </span>
    </p>
   </div>
   <div class='ocr_carea' id='block_1_96' title="bbox 1001 1818 1782 1857">
    <p class='ocr_par' dir='ltr' id='par_1_96' title="bbox 1001 1818 1782 1857">
     <span class='ocr_line' id='line_1_100' title="bbox 1001 1818 1782 1857; baseline -0.006 -8"><span class='ocrx_word' id='word_1_766' title='bbox 1001 1831 1034 1849; x_wconf 88' lang='lat' dir='ltr'><strong>ne</strong></span> <span class='ocrx_word' id='word_1_767' title='bbox 1044 1822 1079 1849; x_wconf 85' lang='lat' dir='ltr'><strong>ob</strong></span> <span class='ocrx_word' id='word_1_768' title='bbox 1090 1822 1248 1857; x_wconf 81' lang='lat' dir='ltr'><strong>dignitatem</strong></span> <span class='ocrx_word' id='word_1_769' title='bbox 1268 1825 1387 1848; x_wconf 88' lang='lat' dir='ltr'><strong>nostram</strong></span> <span class='ocrx_word' id='word_1_770' title='bbox 1405 1820 1530 1854; x_wconf 85' lang='lat' dir='ltr'><strong>nosipsos</strong></span> <span class='ocrx_word' id='word_1_771' title='bbox 1542 1818 1686 1846; x_wconf 83' lang='lat' dir='ltr'><strong>elTercntes</strong></span> <span class='ocrx_word' id='word_1_772' title='bbox 1701 1822 1782 1853; x_wconf 85' lang='lat' dir='ltr'><strong>atque</strong></span> 
     </span>
    </p>
   </div>
   <div class='ocr_carea' id='block_1_97' title="bbox 1000 1864 1782 1899">
    <p class='ocr_par' dir='ltr' id='par_1_97' title="bbox 1000 1864 1782 1899">
     <span class='ocr_line' id='line_1_101' title="bbox 1000 1864 1782 1899; baseline -0.008 -5"><span class='ocrx_word' id='word_1_773' title='bbox 1000 1868 1163 1899; x_wconf 87' lang='lat' dir='ltr'><strong>attollentes,</strong></span> <span class='ocrx_word' id='word_1_774' title='bbox 1188 1867 1344 1894; x_wconf 82' lang='lat' dir='ltr'><strong>Creatorem</strong></span> <span class='ocrx_word' id='word_1_775' title='bbox 1365 1870 1584 1896; x_wconf 84' lang='lat' dir='ltr'><strong>contemnamus,</strong></span> <span class='ocrx_word' id='word_1_776' title='bbox 1606 1864 1634 1890; x_wconf 92' lang='lat' dir='ltr'><strong>in</strong></span> <span class='ocrx_word' id='word_1_777' title='bbox 1660 1870 1701 1896; x_wconf 91' lang='lat' dir='ltr'><strong>ca,</strong></span> <span class='ocrx_word' id='word_1_778' title='bbox 1723 1871 1782 1898; x_wconf 72' lang='lat' dir='ltr'><strong>qua:</strong></span> 
     </span>
    </p>
   </div>
   <div class='ocr_carea' id='block_1_98' title="bbox 1000 1910 1780 1946">
    <p class='ocr_par' dir='ltr' id='par_1_98' title="bbox 1000 1910 1780 1946">
     <span class='ocr_line' id='line_1_102' title="bbox 1000 1910 1780 1946; baseline -0.004 -6"><span class='ocrx_word' id='word_1_779' title='bbox 1000 1913 1077 1941; x_wconf 87' lang='lat' dir='ltr'><strong>nobis</strong></span> <span class='ocrx_word' id='word_1_780' title='bbox 1090 1913 1217 1940; x_wconf 86' lang='lat' dir='ltr'><strong>adversus</strong></span> <span class='ocrx_word' id='word_1_781' title='bbox 1229 1920 1328 1946; x_wconf 81' lang='lat' dir='ltr'><strong>corpus</strong></span> <span class='ocrx_word' id='word_1_782' title='bbox 1339 1917 1391 1945; x_wconf 84' lang='lat' dir='ltr'><strong>est,</strong></span> <span class='ocrx_word' id='word_1_783' title='bbox 1414 1911 1484 1939; x_wconf 92' lang='lat' dir='ltr'><strong>lucta</strong></span> <span class='ocrx_word' id='word_1_784' title='bbox 1499 1916 1526 1938; x_wconf 88' lang='lat' dir='ltr'><strong>et</strong></span> <span class='ocrx_word' id='word_1_785' title='bbox 1540 1910 1726 1942; x_wconf 86' lang='lat' dir='ltr'><strong>dimicatione,</strong></span> <span class='ocrx_word' id='word_1_786' title='bbox 1745 1910 1780 1937; x_wconf 87' lang='lat' dir='ltr'><strong>ab</strong></span> 
     </span>
    </p>
   </div>
   <div class='ocr_carea' id='block_1_99' title="bbox 1000 1957 1780 1994">
    <p class='ocr_par' dir='ltr' id='par_1_99' title="bbox 1000 1957 1780 1994">
     <span class='ocr_line' id='line_1_103' title="bbox 1000 1957 1780 1994; baseline -0.005 -7"><span class='ocrx_word' id='word_1_787' title='bbox 1000 1967 1032 1987; x_wconf 89' lang='lat' dir='ltr'><strong>eo</strong></span> <span class='ocrx_word' id='word_1_788' title='bbox 1049 1967 1184 1994; x_wconf 87' lang='lat' dir='ltr'><strong>nunquam</strong></span> <span class='ocrx_word' id='word_1_789' title='bbox 1199 1959 1291 1987; x_wconf 89' lang='lat' dir='ltr'><strong>oculos</strong></span> <span class='ocrx_word' id='word_1_790' title='bbox 1307 1958 1482 1993; x_wconf 81' lang='lat' dir='ltr'><strong>dejiciamus;</strong></span> <span class='ocrx_word' id='word_1_791' title='bbox 1509 1961 1589 1992; x_wconf 89' lang='lat' dir='ltr'><strong>atque</strong></span> <span class='ocrx_word' id='word_1_792' title='bbox 1607 1958 1644 1984; x_wconf 89' lang='lat' dir='ltr'><strong>ita</strong></span> <span class='ocrx_word' id='word_1_793' title='bbox 1666 1957 1780 1984; x_wconf 89' lang='lat' dir='ltr'><strong>inlirmi-</strong></span> 
     </span>
    </p>
   </div>
   <div class='ocr_carea' id='block_1_100' title="bbox 1001 2004 1782 2040">
    <p class='ocr_par' dir='ltr' id='par_1_100' title="bbox 1001 2004 1782 2040">
     <span class='ocr_line' id='line_1_104' title="bbox 1001 2004 1782 2040; baseline -0.003 -8"><span class='ocrx_word' id='word_1_794' title='bbox 1001 2010 1042 2033; x_wconf 85' lang='lat' dir='ltr'><strong>tas</strong></span> <span class='ocrx_word' id='word_1_795' title='bbox 1059 2005 1115 2037; x_wconf 88' lang='lat' dir='ltr'><strong>illa,</strong></span> <span class='ocrx_word' id='word_1_796' title='bbox 1127 2013 1186 2040; x_wconf 68' lang='lat' dir='ltr'><strong>quae</strong></span> <span class='ocrx_word' id='word_1_797' title='bbox 1200 2005 1279 2032; x_wconf 84' lang='lat' dir='ltr'><strong>nobis</strong></span> <span class='ocrx_word' id='word_1_798' title='bbox 1291 2004 1414 2040; x_wconf 86' lang='lat' dir='ltr'><strong>copulata</strong></span> <span class='ocrx_word' id='word_1_799' title='bbox 1428 2009 1480 2035; x_wconf 81' lang='lat' dir='ltr'><strong>est.</strong></span> <span class='ocrx_word' id='word_1_800' title='bbox 1491 2004 1649 2038; x_wconf 79' lang='lat' dir='ltr'><strong>dignitatem</strong></span> <span class='ocrx_word' id='word_1_801' title='bbox 1662 2008 1782 2030; x_wconf 87' lang='lat' dir='ltr'><strong>nostram</strong></span> 
     </span>
    </p>
   </div>
   <div class='ocr_carea' id='block_1_101' title="bbox 1001 2048 1782 2085">
    <p class='ocr_par' dir='ltr' id='par_1_101' title="bbox 1001 2048 1782 2085">
     <span class='ocr_line' id='line_1_105' title="bbox 1001 2048 1782 2085; baseline -0.005 -7"><span class='ocrx_word' id='word_1_802' title='bbox 1001 2051 1088 2079; x_wconf 74' lang='lat' dir='ltr'><strong>frenet</strong></span> <span class='ocrx_word' id='word_1_803' title='bbox 1102 2055 1182 2085; x_wconf 84' lang='lat' dir='ltr'><strong>atque</strong></span> <span class='ocrx_word' id='word_1_804' title='bbox 1197 2054 1340 2082; x_wconf 80' lang='lat' dir='ltr'><strong>coerceat;</strong></span> <span class='ocrx_word' id='word_1_805' title='bbox 1356 2054 1384 2076; x_wconf 88' lang='lat' dir='ltr'><strong>ut</strong></span> <span class='ocrx_word' id='word_1_806' title='bbox 1397 2049 1578 2084; x_wconf 74' lang='lat' dir='ltr'><strong>intelligamus</strong></span> <span class='ocrx_word' id='word_1_807' title='bbox 1586 2056 1635 2076; x_wconf 93' lang='lat' dir='ltr'><strong>nos</strong></span> <span class='ocrx_word' id='word_1_808' title='bbox 1651 2048 1782 2075; x_wconf 78' lang='lat' dir='ltr'><strong>maximos</strong></span> 
     </span>
    </p>
   </div>
   <div class='ocr_carea' id='block_1_102' title="bbox 1001 2095 1784 2132">
    <p class='ocr_par' dir='ltr' id='par_1_102' title="bbox 1001 2095 1784 2132">
     <span class='ocr_line' id='line_1_106' title="bbox 1001 2095 1784 2132; baseline -0.005 -8"><span class='ocrx_word' id='word_1_809' title='bbox 1001 2097 1080 2124; x_wconf 91' lang='lat' dir='ltr'><strong>simul</strong></span> <span class='ocrx_word' id='word_1_810' title='bbox 1095 2101 1174 2132; x_wconf 82' lang='lat' dir='ltr'><strong>atque</strong></span> <span class='ocrx_word' id='word_1_811' title='bbox 1190 2095 1270 2132; x_wconf 75' lang='lat'><strong>262</strong></span> <span class='ocrx_word' id='word_1_812' title='bbox 1295 2096 1493 2131; x_wconf 85' lang='lat' dir='ltr'><strong>abjectissimos</strong></span> <span class='ocrx_word' id='word_1_813' title='bbox 1519 2102 1590 2127; x_wconf 87' lang='lat' dir='ltr'><strong>esse,</strong></span> <span class='ocrx_word' id='word_1_814' title='bbox 1617 2099 1737 2122; x_wconf 83' lang='lat' dir='ltr'><strong>terrenos</strong></span> <span class='ocrx_word' id='word_1_815' title='bbox 1756 2099 1784 2120; x_wconf 87' lang='lat' dir='ltr'><strong>et</strong></span> 
     </span>
    </p>
   </div>
   <div class='ocr_carea' id='block_1_103' title="bbox 1001 2140 1783 2175">
    <p class='ocr_par' dir='ltr' id='par_1_103' title="bbox 1001 2140 1783 2175">
     <span class='ocr_line' id='line_1_107' title="bbox 1001 2140 1783 2175; baseline -0.004 -6"><span class='ocrx_word' id='word_1_816' title='bbox 1001 2143 1137 2175; x_wconf 73' lang='lat' dir='ltr'><strong>cmlestes,</strong></span> <span class='ocrx_word' id='word_1_817' title='bbox 1153 2143 1270 2170; x_wconf 88' lang='lat' dir='ltr'><strong>caducos</strong></span> <span class='ocrx_word' id='word_1_818' title='bbox 1285 2146 1313 2169; x_wconf 88' lang='lat' dir='ltr'><strong>et</strong></span> <span class='ocrx_word' id='word_1_819' title='bbox 1324 2141 1500 2173; x_wconf 87' lang='lat' dir='ltr'><strong>immortales,</strong></span> <span class='ocrx_word' id='word_1_820' title='bbox 1515 2141 1582 2168; x_wconf 77' lang='lat' dir='ltr'><strong>lucis</strong></span> <span class='ocrx_word' id='word_1_821' title='bbox 1593 2144 1619 2167; x_wconf 86' lang='lat' dir='ltr'><strong>et</strong></span> <span class='ocrx_word' id='word_1_822' title='bbox 1630 2140 1710 2175; x_wconf 82' lang='lat' dir='ltr'><strong>ignis,</strong></span> <span class='ocrx_word' id='word_1_823' title='bbox 1725 2140 1783 2166; x_wconf 83' lang='lat' dir='ltr'><strong>sive</strong></span> 
     </span>
    </p>
   </div>
   <div class='ocr_carea' id='block_1_104' title="bbox 1001 2186 1780 2222">
    <p class='ocr_par' dir='ltr' id='par_1_104' title="bbox 1001 2186 1780 2222">
     <span class='ocr_line' id='line_1_108' title="bbox 1001 2186 1780 2222; baseline -0.005 -6"><span class='ocrx_word' id='word_1_824' title='bbox 1001 2189 1081 2216; x_wconf 85' lang='lat' dir='ltr'><strong>etiam</strong></span> <span class='ocrx_word' id='word_1_825' title='bbox 1098 2189 1272 2216; x_wconf 82' lang='lat' dir='ltr'><strong>tenebrarum</strong></span> <span class='ocrx_word' id='word_1_826' title='bbox 1290 2188 1422 2217; x_wconf 72' lang='lat' dir='ltr'><strong>limredes.</strong></span> <span class='ocrx_word' id='word_1_827' title='bbox 1441 2192 1520 2222; x_wconf 90' lang='lat' dir='ltr'><strong>prout</strong></span> <span class='ocrx_word' id='word_1_828' title='bbox 1543 2187 1568 2213; x_wconf 92' lang='lat' dir='ltr'><strong>in</strong></span> <span class='ocrx_word' id='word_1_829' title='bbox 1590 2187 1641 2214; x_wconf 87' lang='lat' dir='ltr'><strong>hoc</strong></span> <span class='ocrx_word' id='word_1_830' title='bbox 1656 2186 1695 2214; x_wconf 89' lang='lat' dir='ltr'><strong>vel</strong></span> <span class='ocrx_word' id='word_1_831' title='bbox 1716 2186 1780 2213; x_wconf 87' lang='lat' dir='ltr'><strong>illud</strong></span> 
     </span>
    </p>
   </div>
   <div class='ocr_carea' id='block_1_105' title="bbox 1001 2232 1782 2270">
    <p class='ocr_par' dir='ltr' id='par_1_105' title="bbox 1001 2232 1782 2270">
     <span class='ocr_line' id='line_1_109' title="bbox 1001 2232 1782 2270; baseline -0.004 -9"><span class='ocrx_word' id='word_1_832' title='bbox 1001 2234 1078 2261; x_wconf 88' lang='lat' dir='ltr'><strong>nobis</strong></span> <span class='ocrx_word' id='word_1_833' title='bbox 1091 2235 1256 2270; x_wconf 81' lang='lat' dir='ltr'><strong>propendere</strong></span> <span class='ocrx_word' id='word_1_834' title='bbox 1272 2233 1434 2268; x_wconf 80' lang='lat' dir='ltr'><strong>contigerit?</strong></span> <span class='ocrx_word' id='word_1_835' title='bbox 1447 2232 1508 2260; x_wconf 72' lang='lat' dir='ltr'><strong>Haec</strong></span> <span class='ocrx_word' id='word_1_836' title='bbox 1518 2237 1607 2259; x_wconf 87' lang='lat' dir='ltr'><strong>nostra</strong></span> <span class='ocrx_word' id='word_1_837' title='bbox 1623 2232 1782 2267; x_wconf 89' lang='lat' dir='ltr'><strong>temperatio</strong></span> 
     </span>
    </p>
   </div>
   <div class='ocr_carea' id='block_1_106' title="bbox 1003 2278 1783 2315">
    <p class='ocr_par' dir='ltr' id='par_1_106' title="bbox 1003 2278 1783 2315">
     <span class='ocr_line' id='line_1_110' title="bbox 1003 2278 1783 2315; baseline -0.003 -8"><span class='ocrx_word' id='word_1_838' title='bbox 1003 2286 1053 2312; x_wconf 80' lang='lat' dir='ltr'><strong>est,</strong></span> <span class='ocrx_word' id='word_1_839' title='bbox 1073 2285 1152 2315; x_wconf 88' lang='lat' dir='ltr'><strong>atque</strong></span> <span class='ocrx_word' id='word_1_840' title='bbox 1175 2281 1208 2308; x_wconf 92' lang='lat' dir='ltr'><strong>ob</strong></span> <span class='ocrx_word' id='word_1_841' title='bbox 1233 2281 1282 2307; x_wconf 86' lang='lat' dir='ltr'><strong>has</strong></span> <span class='ocrx_word' id='word_1_842' title='bbox 1305 2287 1412 2312; x_wconf 89' lang='lat' dir='ltr'><strong>causas,</strong></span> <span class='ocrx_word' id='word_1_843' title='bbox 1434 2281 1569 2314; x_wconf 56' lang='lat' dir='ltr'><strong>ﬂuentum</strong></span> <span class='ocrx_word' id='word_1_844' title='bbox 1596 2279 1702 2313; x_wconf 87' lang='lat' dir='ltr'><strong>quidem</strong></span> <span class='ocrx_word' id='word_1_845' title='bbox 1726 2278 1783 2312; x_wconf 85' lang='lat' dir='ltr'><strong>ipse</strong></span> 
     </span>
    </p>
   </div>
   <div class='ocr_carea' id='block_1_107' title="bbox 995 2413 1500 2449">
    <p class='ocr_par' dir='ltr' id='par_1_107' title="bbox 995 2413 1500 2449">
     <span class='ocr_line' id='line_1_111' title="bbox 995 2413 1500 2449; baseline -0.002 -10"><span class='ocrx_word' id='word_1_846' title='bbox 995 2413 1048 2440; x_wconf 83' lang='grc' dir='ltr'><strong>οῶν</strong></span> <span class='ocrx_word' id='word_1_847' title='bbox 1063 2413 1199 2449; x_wconf 71' lang='grc' dir='ltr'>πράξεων,</span> <span class='ocrx_word' id='word_1_848' title='bbox 1216 2422 1225 2438; x_wconf 77' lang='grc' dir='ltr'><strong>Ι</strong></span> <span class='ocrx_word' id='word_1_849' title='bbox 1240 2421 1286 2447; x_wconf 88' lang='lat' dir='ltr'><strong>per</strong></span> <span class='ocrx_word' id='word_1_850' title='bbox 1300 2413 1368 2440; x_wconf 88' lang='lat' dir='ltr'><strong>bona</strong></span> <span class='ocrx_word' id='word_1_851' title='bbox 1383 2420 1473 2447; x_wconf 87' lang='lat' dir='ltr'><strong>opera.</strong></span> <span class='ocrx_word' id='word_1_852' title='bbox 1491 2421 1500 2438; x_wconf 78' lang='grc' dir='ltr'><strong>ι</strong></span> 
     </span>
    </p>
   </div>
   <div class='ocr_carea' id='block_1_108' title="bbox 1030 2445 1571 2483">
    <p class='ocr_par' dir='ltr' id='par_1_108' title="bbox 1030 2445 1571 2483">
     <span class='ocr_line' id='line_1_112' title="bbox 1030 2445 1571 2483; baseline -0.002 -8"><span class='ocrx_word' id='word_1_853' title='bbox 1030 2445 1091 2481; x_wconf 71' lang='grc'>(54)</span> <span class='ocrx_word' id='word_1_854' title='bbox 1104 2449 1149 2475; x_wconf 83' lang='grc' dir='ltr'><strong>Ὠ.</strong></span> <span class='ocrx_word' id='word_1_855' title='bbox 1164 2448 1209 2475; x_wconf 90' lang='lat' dir='ltr'><strong>Sic</strong></span> <span class='ocrx_word' id='word_1_856' title='bbox 1226 2445 1290 2483; x_wconf 72' lang='lat' dir='ltr'><strong>Heg.</strong></span> <span class='ocrx_word' id='word_1_857' title='bbox 1303 2449 1349 2475; x_wconf 91' lang='lat' dir='ltr'><strong>hu.</strong></span> <span class='ocrx_word' id='word_1_858' title='bbox 1369 2445 1438 2475; x_wconf 87' lang='lat' dir='ltr'><strong>Editi</strong></span> <span class='ocrx_word' id='word_1_859' title='bbox 1451 2455 1526 2480; x_wconf 88' lang='lat' dir='ltr'><strong>vero,</strong></span> <span class='ocrx_word' id='word_1_860' title='bbox 1538 2445 1571 2474; x_wconf 84' lang='grc' dir='ltr'><strong>ὧ.</strong></span> 
     </span>
    </p>
   </div>
   <div class='ocr_carea' id='block_1_109' title="bbox 1031 2482 1505 2519">
    <p class='ocr_par' dir='ltr' id='par_1_109' title="bbox 1031 2482 1505 2519">
     <span class='ocr_line' id='line_1_113' title="bbox 1031 2482 1505 2519; baseline -0.004 -9"><span class='ocrx_word' id='word_1_861' title='bbox 1031 2483 1086 2519; x_wconf 81' lang='grc'>(55)</span> <span class='ocrx_word' id='word_1_862' title='bbox 1102 2482 1242 2519; x_wconf 60' lang='grc' dir='ltr'>Περιέπωτ</span> <span class='ocrx_word' id='word_1_863' title='bbox 1265 2482 1275 2509; x_wconf 73' lang='grc' dir='ltr'><strong><em>ἱ</em></strong></span> <span class='ocrx_word' id='word_1_864' title='bbox 1292 2483 1390 2516; x_wconf 87' lang='lat' dir='ltr'><strong>Foveo,</strong></span> <span class='ocrx_word' id='word_1_865' title='bbox 1403 2490 1478 2510; x_wconf 89' lang='lat' dir='ltr'><strong>curo.</strong></span> <span class='ocrx_word' id='word_1_866' title='bbox 1496 2492 1505 2508; x_wconf 77' lang='grc' dir='ltr'><strong>ι</strong></span> 
     </span>
    </p>
   </div>
   <div class='ocr_carea' id='block_1_110' title="bbox 1029 2517 1781 2554">
    <p class='ocr_par' dir='ltr' id='par_1_110' title="bbox 1029 2517 1781 2554">
     <span class='ocr_line' id='line_1_114' title="bbox 1029 2517 1781 2554; baseline -0.003 -9"><span class='ocrx_word' id='word_1_867' title='bbox 1029 2517 1083 2554; x_wconf 77' lang='grc'>(56)</span> <span class='ocrx_word' id='word_1_868' title='bbox 1107 2519 1137 2544; x_wconf 78' lang='grc' dir='ltr'>Τί</span> <span class='ocrx_word' id='word_1_869' title='bbox 1148 2518 1181 2544; x_wconf 75' lang='grc' dir='ltr'><em>τὸ</em></span> <span class='ocrx_word' id='word_1_870' title='bbox 1203 2517 1279 2552; x_wconf 73' lang='grc' dir='ltr'>μέγα</span> <span class='ocrx_word' id='word_1_871' title='bbox 1299 2519 1386 2554; x_wconf 67' lang='grc' dir='ltr'>τοῦτο</span> <span class='ocrx_word' id='word_1_872' title='bbox 1407 2517 1596 2552; x_wconf 73' lang='grc' dir='ltr'>μυστήριον;</span> <span class='ocrx_word' id='word_1_873' title='bbox 1623 2517 1781 2550; x_wconf 73' lang='lat' dir='ltr'><strong>«Quodnam</strong></span> 
     </span>
    </p>
   </div>
   <div class='ocr_carea' id='block_1_111' title="bbox 994 2553 1391 2588">
    <p class='ocr_par' dir='ltr' id='par_1_111' title="bbox 994 2553 1391 2588">
     <span class='ocr_line' id='line_1_115' title="bbox 994 2553 1391 2588; baseline -0.003 -8"><span class='ocrx_word' id='word_1_874' title='bbox 994 2553 1044 2581; x_wconf 88' lang='lat' dir='ltr'><strong>hoc</strong></span> <span class='ocrx_word' id='word_1_875' title='bbox 1058 2560 1182 2587; x_wconf 83' lang='lat' dir='ltr'><strong>magnum</strong></span> <span class='ocrx_word' id='word_1_876' title='bbox 1199 2553 1372 2588; x_wconf 81' lang='lat' dir='ltr'><strong>mysterium?</strong></span> <span class='ocrx_word' id='word_1_877' title='bbox 1383 2563 1391 2579; x_wconf 80' lang='grc' dir='ltr'><strong>ι</strong></span> 
     </span>
    </p>
   </div>
   <div class='ocr_carea' id='block_1_112' title="bbox 1042 2587 1780 2622">
    <p class='ocr_par' dir='ltr' id='par_1_112' title="bbox 1042 2587 1780 2622">
     <span class='ocr_line' id='line_1_116' title="bbox 1042 2587 1780 2622; baseline 0 -7"><span class='ocrx_word' id='word_1_878' title='bbox 1042 2589 1086 2621; x_wconf 78' lang='grc'><strong>57)</strong></span> <span class='ocrx_word' id='word_1_879' title='bbox 1100 2588 1155 2614; x_wconf 77' lang='grc' dir='ltr'><strong>Καὶ</strong></span> <span class='ocrx_word' id='word_1_880' title='bbox 1168 2588 1414 2622; x_wconf 73' lang='grc' dir='ltr'>μετεωριζόμενοι.</span> <span class='ocrx_word' id='word_1_881' title='bbox 1441 2587 1504 2615; x_wconf 70' lang='lat' dir='ltr'><strong>ﬂmc</strong></span> <span class='ocrx_word' id='word_1_882' title='bbox 1523 2588 1618 2615; x_wconf 86' lang='lat' dir='ltr'><strong>desunt</strong></span> <span class='ocrx_word' id='word_1_883' title='bbox 1633 2587 1658 2613; x_wconf 93' lang='lat' dir='ltr'><strong>in</strong></span> <span class='ocrx_word' id='word_1_884' title='bbox 1679 2587 1743 2621; x_wconf 71' lang='lat' dir='ltr'><strong>lieg.</strong></span> <span class='ocrx_word' id='word_1_885' title='bbox 1756 2594 1780 2615; x_wconf 88' lang='lat' dir='ltr'><strong>c.</strong></span> 
     </span>
    </p>
   </div>
   <div class='ocr_carea' id='block_1_113' title="bbox 1042 2622 1733 2658">
    <p class='ocr_par' dir='ltr' id='par_1_113' title="bbox 1042 2622 1733 2658">
     <span class='ocr_line' id='line_1_117' title="bbox 1042 2622 1733 2658; baseline -0.004 -7"><span class='ocrx_word' id='word_1_886' title='bbox 1042 2624 1087 2658; x_wconf 84' lang='grc'><strong>58)</strong></span> <span class='ocrx_word' id='word_1_887' title='bbox 1101 2623 1167 2650; x_wconf 83' lang='grc' dir='ltr'><strong>Ἵνα</strong></span> <span class='ocrx_word' id='word_1_888' title='bbox 1181 2623 1313 2658; x_wconf 73' lang='grc' dir='ltr'><strong>εἰδῶμεν.</strong></span> <span class='ocrx_word' id='word_1_889' title='bbox 1334 2623 1401 2658; x_wconf 59' lang='lat' dir='ltr'><strong>Reg.</strong></span> <span class='ocrx_word' id='word_1_890' title='bbox 1418 2628 1543 2657; x_wconf 81' lang='lat' dir='ltr'><strong>quatuor,</strong></span> <span class='ocrx_word' id='word_1_891' title='bbox 1558 2622 1733 2658; x_wconf 20' lang='lat' dir='ltr'><strong>i&#39;v&#39;islBtBttsv.</strong></span> 
     </span>
    </p>
   </div>
   <div class='ocr_carea' id='block_1_114' title="bbox 1006 2657 1781 2729">
    <p class='ocr_par' dir='ltr' id='par_1_114' title="bbox 1006 2657 1781 2729">
     <span class='ocr_line' id='line_1_118' title="bbox 1006 2657 1781 2729; baseline -0.003 -44"><span class='ocrx_word' id='word_1_892' title='bbox 1006 2657 1086 2729; x_wconf 47' lang='lat' dir='ltr'><strong>la(5:3))</strong></span> <span class='ocrx_word' id='word_1_893' title='bbox 1112 2657 1284 2692; x_wconf 80' lang='grc' dir='ltr'>Ὀποτέρως.</span> <span class='ocrx_word' id='word_1_894' title='bbox 1308 2658 1354 2686; x_wconf 92' lang='lat' dir='ltr'><strong>0r.</strong></span> <span class='ocrx_word' id='word_1_895' title='bbox 1369 2657 1397 2691; x_wconf 69' lang='grc' dir='ltr'>Ξ,</span> <span class='ocrx_word' id='word_1_896' title='bbox 1422 2658 1568 2694; x_wconf 81' lang='grc' dir='ltr'>ὁπωτέρως</span> <span class='ocrx_word' id='word_1_897' title='bbox 1593 2657 1675 2693; x_wconf 88' lang='lat' dir='ltr'><strong>[haud</strong></span> <span class='ocrx_word' id='word_1_898' title='bbox 1690 2664 1781 2684; x_wconf 87' lang='lat' dir='ltr'><strong>emen—</strong></span> 
     </span>
    </p>
   </div>
   <div class='ocr_carea' id='block_1_115' title="bbox 998 2699 1080 2720">
    <p class='ocr_par' dir='ltr' id='par_1_115' title="bbox 998 2699 1080 2720">
     <span class='ocr_line' id='line_1_119' title="bbox 998 2699 1080 2720; baseline 0 0"><span class='ocrx_word' id='word_1_899' title='bbox 998 2699 1080 2720; x_wconf 83' lang='lat' dir='ltr'><strong>datel.</strong></span> 
     </span>
    </p>
   </div>
   <div class='ocr_carea' id='block_1_116' title="bbox 999 2726 1783 2789">
    <p class='ocr_par' dir='ltr' id='par_1_116' title="bbox 999 2726 1783 2789">
     <span class='ocr_line' id='line_1_120' title="bbox 999 2726 1783 2789; baseline -0.003 -34"><span class='ocrx_word' id='word_1_900' title='bbox 999 2764 1004 2770; x_wconf 38' lang='grc' dir='ltr'><strong>Ι</strong></span> <span class='ocrx_word' id='word_1_901' title='bbox 1034 2726 1089 2789; x_wconf 58' lang='grc' dir='ltr'>(ϐξι)</span> <span class='ocrx_word' id='word_1_902' title='bbox 1110 2729 1140 2755; x_wconf 84' lang='grc' dir='ltr'><strong>ὐ</strong></span> <span class='ocrx_word' id='word_1_903' title='bbox 1153 2728 1350 2763; x_wconf 78' lang='grc' dir='ltr'>βουλόμενος.</span> <span class='ocrx_word' id='word_1_904' title='bbox 1380 2728 1426 2756; x_wconf 87' lang='lat' dir='ltr'><strong>Sic</strong></span> <span class='ocrx_word' id='word_1_905' title='bbox 1441 2733 1556 2764; x_wconf 88' lang='lat' dir='ltr'><strong>quatuor</strong></span> <span class='ocrx_word' id='word_1_906' title='bbox 1574 2727 1659 2762; x_wconf 75' lang='lat' dir='ltr'><strong>Regii.</strong></span> <span class='ocrx_word' id='word_1_907' title='bbox 1675 2726 1754 2754; x_wconf 86' lang='lat' dir='ltr'><strong>Deest</strong></span> <span class='ocrx_word' id='word_1_908' title='bbox 1768 2727 1783 2753; x_wconf 80' lang='grc' dir='ltr'><strong>ό</strong></span> 
     </span>
     <span class='ocr_line' id='line_1_121' title="bbox 999 2772 1317 2789; baseline -0.006 0"><span class='ocrx_word' id='word_1_909' title='bbox 999 2772 1024 2789; x_wconf 83' lang='grc' dir='ltr'>ιη</span> <span class='ocrx_word' id='word_1_910' title='bbox 1037 2773 1061 2789; x_wconf 68' lang='grc' dir='ltr'><strong>ε(</strong></span> <span class='ocrx_word' id='word_1_911' title='bbox 1073 2784 1079 2789; x_wconf 91' lang='grc'>.</span> <span class='ocrx_word' id='word_1_912' title='bbox 1314 2785 1317 2787; x_wconf 72' lang='lat'><strong><em>_</em></strong></span> 
     </span>
    </p>
   </div>
   <div class='ocr_carea' id='block_1_117' title="bbox 998 2772 1317 2791">
    <p class='ocr_par' dir='ltr' id='par_1_117' title="bbox 998 2772 1317 2791">
     <span class='ocr_line' id='line_1_122' title="bbox 998 2772 1317 2791; baseline -0.013 0"><span class='ocrx_word' id='word_1_913' title='bbox 998 2772 1024 2791; x_wconf 85' lang='grc' dir='ltr'>ιη</span> <span class='ocrx_word' id='word_1_914' title='bbox 1037 2772 1079 2791; x_wconf 71' lang='grc' dir='ltr'><strong>θα.</strong></span> <span class='ocrx_word' id='word_1_915' title='bbox 1314 2785 1317 2787; x_wconf 71' lang='lat'><strong><em>_</em></strong></span> 
     </span>
    </p>
   </div>
   <div class='ocr_carea' id='block_1_118' title="bbox 1017 2795 1783 2870">
    <p class='ocr_par' dir='ltr' id='par_1_118' title="bbox 1017 2795 1783 2870">
     <span class='ocr_line' id='line_1_123' title="bbox 1017 2795 1783 2870; baseline 0 -44"><span class='ocrx_word' id='word_1_916' title='bbox 1017 2799 1088 2870; x_wconf 74' lang='grc' dir='ltr'>ή(61)</span> <span class='ocrx_word' id='word_1_917' title='bbox 1107 2797 1430 2834; x_wconf 65' lang='grc' dir='ltr'>Συμφιλοσορήσομεν.</span> <span class='ocrx_word' id='word_1_918' title='bbox 1453 2798 1518 2834; x_wconf 72' lang='lat' dir='ltr'><strong>Reg.</strong></span> <span class='ocrx_word' id='word_1_919' title='bbox 1539 2798 1594 2830; x_wconf 91' lang='lat' dir='ltr'><strong>bm,</strong></span> <span class='ocrx_word' id='word_1_920' title='bbox 1619 2795 1783 2833; x_wconf 79' lang='grc' dir='ltr'>συμφιλοσο-</span> 
     </span>
     <span class='ocr_line' id='line_1_124' title="bbox 1038 2843 1136 2870; baseline 0 -9"><span class='ocrx_word' id='word_1_921' title='bbox 1038 2843 1136 2870; x_wconf 84' lang='grc' dir='ltr'>σωμεν.</span> 
     </span>
    </p>
   </div>
   <div class='ocr_carea' id='block_1_119' title="bbox 997 2843 1136 2870">
    <p class='ocr_par' dir='ltr' id='par_1_119' title="bbox 997 2843 1136 2870">
     <span class='ocr_line' id='line_1_125' title="bbox 997 2843 1136 2870; baseline 0 -9"><span class='ocrx_word' id='word_1_922' title='bbox 997 2843 1136 2870; x_wconf 83' lang='grc' dir='ltr'>φησωμεν.</span> 
     </span>
    </p>
   </div>
  </div>
