2069 3131
296 158 348 188 867

911 157 939 185 S.
955 156 1120 184 GREGORII
1139 157 1313 185 THEULOGI

1867 159 1918 186 868

297 218 452 253 prospicere
483 225 603 252 posSum,
625 222 652 244 ut
685 225 746 244 cum
771 216 896 251 imaginis
910 217 1026 251 dignitas
1041 218 1118 245 nobis
1137 219 1241 245 animos
1258 218 1395 250 extulerit,
1419 217 1505 252 pulvis
1530 219 1636 246 eosdem
1662 219 1794 253 deprimat
1814 222 1920 245 eontra-

298 264 407 299 halque.
421 263 473 291 Sed
488 264 521 291 de
539 263 580 290 his
599 262 645 298 qui
680 263 751 290 volet
765 261 978 296 philosophetur,
999 270 1102 297 nosque
1121 263 1201 290 etiam
1217 263 1400 291 commodiore
1418 268 1538 298 tempore
1562 264 1642 291 simul
1657 263 1917 298 philosophabimur.

333 307 501 338 \'lll.‘Nunc
516 316 590 341 vero,
604 310 674 344 quod
689 309 763 335 carni
780 315 855 340 mem,
870 315 989 343 meaeque
1002 308 1080 335 inlir‘

1173 310 1213 336 ΠΖ
1229 309 1296 336 Νυνὶ
1321 309 1359 341 δὲ,
1383 310 1398 336 ὃ
1410 318 1455 344 μοι
1476 309 1564 344 λέγειν
1592 311 1607 336 ό
1625 309 1702 344 λόγος
1728 309 1852 345 ὥρμησε,
1866 309 1919 336 τῶν

298 356 385 383 mitali
398 355 424 381 in
439 354 552 382 aliorum
568 353 767 382 calamitatibus
778 353 981 385 condolescens,
993 353 1082 380 dicere

299 399 485 429 institueram,
522 397 675 424 faciendum
703 396 781 423 nobis
810 400 870 428 est,
904 395 1017 427 fratres,
1053 401 1082 422 ut

297 448 441 478 cognatum
456 448 484 470 et
500 449 660 469 conservum
677 448 775 476 corpus
787 449 929 472 curemus;
947 442 997 468 etsi
1010 442 1081 468 enim

297 489 362 516 illud
380 493 408 515 ut
424 488 561 516 inimicum
576 487 758 515 accusaverim
781 486 816 513 ob
834 494 880 514 eas
908 495 975 521 quas
1005 487 1083 515 affert

296 535 380 562 animi
403 533 638 570 perturbationes,
668 538 756 560 tamen
776 538 886 567 propter
905 533 1082 560 connexionis

295 579 377 614 hujus
388 585 536 610 auctorem,
555 579 628 606 velut
643 579 758 606 amicum
777 579 949 612 complector.
977 579 1009 606 Et
1021 580 1082 614 qui-

297 625 357 652 dem
381 632 505 652 curemus
528 632 581 651 non
610 624 698 651 minus
716 624 829 650 aliorum
844 631 973 658 corpora,
999 633 1081 659 quam

297 679 374 698 suum
388 671 500 705 quisque
515 677 622 703 corpus,
639 677 686 696 seu
707 670 852 696 commoda
869 669 1022 697 valetudine
1033 670 1079 701 sit,

296 724 343 744 seu
357 716 450 744 eodem
471 715 565 743 tuorbo
580 720 765 742 consumatur.
787 714 886 742 Omnes
908 715 976 742 enim
1000 723 1081 742 unum

295 763 323 789 r'u
335 761 446 789 Domino
454 770 552 792 sumus.
565 762 616 788 sive
630 761 711 792 diues,
723 761 774 787 sive
786 769 896 794 pauper,
908 761 961 787 sive
977 768 1079 792 servus,

295 808 349 834 sive
363 808 426 834 liber
438 808 472 840 '°,
489 807 546 834 sive
563 813 656 838 sanus,
684 806 741 833 sive
761 813 832 840 aeger
855 812 982 840 corpore,
998 811 1080 840 atque

296 861 378 880 unum
406 853 529 880 omnium
559 857 652 887 caput,
675 860 709 879 ex
731 859 784 886 quo
807 851 910 882 omnia.
944 851 1078 878 Christus.

1132 354 1206 389 ἐμῶν
1220 354 1410 390 τὲεριαλγοῦντι
1425 355 1544 390 σαρκῶν,
1565 354 1612 381 καὶ
1624 355 1674 389 τῆς
1692 355 1762 389 ὲμῆς
1779 354 1919 386 ἀσθενείας

1132 401 1160 426 ὲν
1174 400 1321 436 ἀλλοτρίοις
1337 400 1446 433 πάθεσι,
1468 400 1660 436 θεραπευτέον,
1682 400 1801 434 ἀδελφοὶ,
1812 400 1843 426 τὺ
1854 409 1917 434 συγ-

1132 445 1210 479 γενὲς
1234 446 1282 472 καὶ
1307 445 1460 480 ὁμόδουλον.
1477 446 1507 472 Et
1521 446 1576 481 γὰρ
1590 445 1638 472 καὶ
1649 445 1686 476 ὡς
1696 444 1793 480 ὲχθροῦ
1804 445 1919 481 κατηγὸ-

1133 499 1204 527 ρησα
1218 491 1262 517 διὰ
1275 491 1306 518 τὸ
1331 490 1416 522 πάθος
1429 491 1496 526 (62),
1513 491 1581 518 ἀλλὰ
1591 491 1637 518 καὶ
1647 491 1685 523 ὡς
1700 491 1776 525 φίλου
1795 492 1918 527 περιέχο-

1133 545 1182 571 μαι
1201 536 1245 563 διὰ
1255 537 1301 563 τὸν
1315 537 1482 572 συνδήσαντα
1492 545 1501 554 ⁸
1519 538 1565 564 καὶ
1579 537 1760 572 θεραπευτέον
1781 538 1830 572 οὐχ
1840 536 1918 574 ἦττον

1131 581 1165 608 τὰ
1177 582 1232 608 τῶν
1245 582 1300 618 (63)
1316 583 1439 618 πλησίον,
1462 583 1478 618 ἦ
1503 583 1617 610 ἕκαστον
1635 583 1689 618 (64)
1707 584 1738 610 τὸ
1747 584 1853 617 ἑαυτοῦ,
1865 583 1919 610 τῶν

1131 634 1161 652 τε
1178 627 1363 660 ὑγιαινόντων,
1379 627 1427 653 καὶ
1450 627 1505 654 τῶν
1529 628 1581 654 ὑπὸ
1600 627 1650 663 τῆς
1672 627 1756 661 αὐτῆς
1770 628 1826 663 (65)
1840 629 1918 655 νόσου

1131 671 1342 706 δαπανωμένων.
1359 672 1472 705 Πάν-τες
1499 672 1554 707 γὰρ
1579 672 1615 699 ἐν
1642 673 1735 706 ἐσμεν
1755 673 1790 699 ἐν·
1811 672 1918 707 Κυρίῳ,

1130 721 1190 746 εἴτε
1210 721 1368 753 πλούσιος,
1399 720 1461 746 εἴτε
1493 720 1597 753 πένης,
1626 721 1686 748 εἴτε
1714 720 1835 753 δοῦλος,
1859 721 1918 747 είτε

1130 766 1296 800 ἐλεύθερος,
1321 766 1375 792 εἴτε
1404 765 1542 800 ὑγιαίνων,
1556 766 1610 792 εἴτε
1640 766 1767 802 πονηρῶς
1789 766 1858 800 ἔχων
1872 766 1918 792 τοῦ

1132 811 1257 846 σώματος
1268 819 1274 826 ·
1293 811 1340 838 καὶ
1358 811 1407 846 μία
1419 810 1523 847 κεφαλὴ
1546 811 1664 844 πάντων,
1680 811 1709 844 ἐξ
1725 809 1755 838 οὗ
1769 811 1803 837 τὰ
1819 811 1915 842 πάντα,

1132 855 1262 891 Χριστός·
1289 857 1337 883 καὶ
1348 857 1416 892 ὅπερ
1448 857 1520 883 ἐστὶν
1545 857 1669 892 ἀλλήλοις
1691 856 1726 883 τὰ
1743 856 1822 892 μέλη,
1841 857 1918 883 τοῦτο

295 897 424 933 Quodque
436 898 555 925 membra
571 898 641 924 inter
655 904 684 924 se
699 901 772 929 sunt,
795 897 846 923 hoc
861 896 977 930 quisque
991 897 1079 928 alteri,

1132 901 1245 933 ἕκαστος
1270 902 1388 937 ἑκάστῳ,
1413 902 1460 929 καὶ
1483 903 1565 928 πᾶσιν
1580 902 1714 934 ἅπαντες
1729 901 1826 929 οὔκουν
1842 911 1917 937 περι-

295 948 378 978 atque
390 943 516 971 omnibus
528 950 632 970 omnes.
648 942 686 969 Ac
701 942 813 977 proinde
830 942 941 969 minime
955 942 1080 969 commit-

1132 946 1235 979 οπτὲον,
1257 947 1317 974 οὐδὲ
1336 948 1485 983 ἀμελητέον
1502 948 1557 974 τῶν
1573 948 1800 983 προεμπεσόντων
1813 949 1854 980 εἰς
1870 948 1917 984 τὴν

296 989 405 1016 tendum
422 993 473 1020 est,
487 994 516 1016 ut
529 996 584 1020 eos,
600 988 645 1022 qui
664 988 739 1022 prius
764 988 791 1014 in
815 995 988 1015 communem
1003 987 1080 1014 inﬁr-

1132 992 1224 1027 κοινὴν
1245 992 1404 1019 ἀσθένειαν·
1425 993 1486 1019 οὐδὲ
1517 993 1671 1028 ἀγαπητέον
1685 994 1795 1027 μᾶλλον,
1823 995 1863 1020 ὅτι
1888 992 1917 1021 εὖ

296 1035 416 1062 milatem
437 1034 600 1067 inciderunt,
615 1038 819 1062 contemnamus
838 1036 865 1060 et
896 1033 1080 1068 negligamus;

1132 1037 1195 1071 ἡμῖν
1210 1036 1266 1072 ἔχει
1279 1037 1333 1073 (66)
1361 1037 1396 1064 τὰ
1411 1038 1533 1073 σώματα,
1559 1038 1576 1073 ἢ
1592 1038 1748 1074 πενθητὲον,
1767 1039 1808 1066 ὅτι
1821 1039 1918 1071 ἀθλίως

295 1088 345 1108 nec
365 1081 449 1116 magis
464 1080 633 1115 gaudendum
660 1079 741 1106 nobis
765 1083 817 1111 est,
843 1077 915 1113 quod
940 1078 1080 1106 commoda

1132 1082 1186 1112 τοῖς
1200 1080 1338 1116 ἀδελφοῖς’
1356 1082 1403 1108 καὶ
1415 1082 1540 1118 ἡγεῖσθαι
1554 1083 1619 1118 μίαν
1627 1083 1775 1117 ἀσφάλειαν
1790 1082 1919 1110 εἶναιτῶν

296 1126 449 1154 valetudine
465 1126 579 1157 utimur,
609 1132 691 1160 quam
718 1123 874 1158 lugendum,
899 1124 970 1158 quod
984 1123 1080 1150 fratres

1132 1125 1272 1160 ἡμετέρων
1288 1126 1398 1161 σαρκῶν
1411 1127 1458 1153 καὶ
1466 1126 1570 1162 ψυχῶν,
1586 1127 1634 1162 τὴν
1646 1128 1686 1159 είς
1697 1127 1817 1159 ἐκείνους
1825 1127 1917 1162 φιλαν-

295 1173 394 1199 misera
407 1177 434 1199 et
447 1171 554 1199 amicta.
575 1171 645 1204 Quin
661 1170 749 1205 potius
770 1170 806 1196 ita
826 1169 984 1196 existimare
1001 1169 1080 1196 debe-

1132 1169 1254 1206 θρωπίαν
1264 1179 1271 1186 ·
1290 1171 1434 1206 σκοπῶμεν
1450 1172 1478 1198 δὲ
1490 1172 1585 1204 οὕτως.

295 1227 364 1253 mus,
377 1220 468 1247 carnis
482 1224 508 1247 et
519 1219 673 1246 animarum
691 1222 845 1244 nostrarum
861 1216 977 1244 salutem
990 1217 1016 1244 in
1033 1216 1084 1244 hoc
1105 1224 1157 1245 uno
1168 1219 1284 1253 positam
1299 1226 1369 1252 esse,
1394 1225 1424 1246 ut
1439 1226 1487 1247 eos
1504 1219 1671 1248 humanitate
1704 1227 1736 1248 ac
1766 1221 1920 1248 misericor-

294 1268 338 1295 dia
354 1275 555 1303 prosequamur.
572 1266 616 1294 Sic
628 1271 719 1293 autem
731 1265 946 1293 consideremus.

329 1313 375 1340 IX.
402 1314 454 1341 Alii
481 1314 588 1347 quidem
618 1313 669 1340 hoc
690 1311 748 1339 solo
777 1311 886 1338 nomine
912 1310 1082 1339 miserabiles

294 1364 368 1391 sunt,
383 1359 454 1393 quod
467 1358 557 1393 inopia
578 1358 710 1389 laborent,
723 1364 804 1391 quam
819 1356 945 1388 fortasse,
959 1355 1003 1382 vel
1014 1359 1081 1383 lem-

296 1412 355 1440 pus,
371 1404 414 1431 vel
426 1404 510 1436 labor,
527 1403 567 1430 Vel
582 1404 695 1435 amicus,
709 1402 753 1429 vel
764 1402 940 1436 propinquus,
955 1401 998 1428 vel
1014 1405 1080 1428 tem-

296 1450 369 1484 poris
395 1449 509 1476 mutatio
530 1448 671 1475 sustulerit
693 1457 700 1474 :
723 1447 765 1473 his
791 1451 880 1473 autem
908 1445 1083 1473 nihilominus

297 1497 354 1523 haec
385 1501 490 1529 quoque
509 1494 597 1529 gravis
624 1498 676 1525 est,
706 1493 761 1519 itno
786 1499 819 1520 eo
852 1492 933 1518 etiam
960 1490 1080 1526 gravior,

294 1540 366 1575 quod
379 1547 432 1568 una
451 1547 511 1568 cum
524 1547 604 1567 carne
616 1560 624 1572 ,
641 1544 668 1566 ct
683 1539 782 1566 laboris
798 1538 974 1572 suscipiendi,
990 1542 1018 1565 et
1031 1537 1081 1564 sibi

294 1587 328 1614 ad
353 1586 520 1613 necessarios
546 1585 607 1612 vitae
637 1592 701 1611 usus
729 1591 807 1619 opem
836 1583 940 1611 ferendi
965 1582 1081 1610 facultas

1165 1311 1203 1338 8'.
1217 1311 1280 1343 Τοῖς
1295 1312 1343 1346 μὲν
1356 1311 1446 1343 ἄλλοις
1461 1311 1490 1338 ἓν
1508 1311 1588 1346 μόνον
1599 1311 1724 1343 ἐλεεινὸν,
1739 1312 1770 1338 τὸ
1784 1312 1835 1346 τῆς
1853 1313 1919 1339 ἀπο-

1135 1356 1214 1392 ρίας·
1237 1357 1252 1383 ὅ
1267 1358 1324 1392 τάχ’
1337 1357 1370 1384 ἂν
1392 1357 1446 1393 (67)
1461 1357 1477 1392 ἢ
1495 1357 1600 1392 χρόνος,
1615 1357 1632 1392 ἢ
1659 1357 1748 1390 πόνος,
1768 1358 1785 1393 ἢ
1802 1358 1888 1392 φίλος,
1901 1359 1921 1393 ἢ

1135 1402 1276 1438 συγγενὴς,
1291 1403 1308 1438 ἢ
1327 1401 1422 1438 καιροῦ
1450 1401 1585 1437 μεταϐολὴ
1609 1401 1719 1429 λύσαιεν
1735 1402 1799 1437 (68).
1817 1403 1880 1435 Τοῖς
1891 1404 1919 1430 δὲ

1130 1447 1209 1474 τοῦτο
1222 1447 1271 1482 μὲν
1284 1447 1390 1479 οὐδενὸς
1407 1445 1498 1484 ἦττον,
1520 1447 1544 1473 εί
1563 1446 1600 1482 μὴ
1615 1447 1663 1474 καὶ
1679 1447 1790 1482 μᾶλλον,
1807 1449 1862 1484 ὅσῳ
1872 1448 1918 1475 τοῦ

1131 1494 1221 1520 πονεῖν
1246 1493 1294 1520 καὶ
1310 1493 1417 1529 βοηθεῖν
1431 1494 1538 1524 ἑαυτοῖς
1556 1494 1605 1519 οὑκ
1624 1493 1731 1528 ἔχουσιν
1743 1493 1811 1529 (69),
1835 1496 1875 1526 είς
1886 1495 1921 1521 τὰ

1129 1539 1264 1572 ἀναγκαῖα
1281 1539 1351 1571 μετὰ
1375 1539 1429 1566 τῶν
1446 1538 1555 1575 σαρκῶν
1571 1539 1734 1574 ἀφῄρηνται.
1757 1541 1805 1567 καὶ
1821 1541 1919 1575 μείζων

1129 1584 1172 1610 ἀεὶ
1189 1585 1238 1620 τῆς
1267 1584 1407 1615 ἀσθενείας
1430 1585 1521 1616 αὐτοῖς
1535 1584 1634 1620 μᾶλλον
1654 1585 1669 1610 ό
1695 1584 1786 1619 φόϐος,
1807 1586 1854 1621 ἧή
1871 1586 1921 1621 τῆς

293 1637 386 1667 erepta
402 1632 448 1664 sit,
466 1631 605 1665 magisque
626 1637 735 1664 semper
757 1629 827 1663 apud
847 1629 920 1663 ipsos
937 1627 1080 1663 praevaleat

1133 1631 1225 1664 ὑγείας
1239 1630 1295 1665 (70)
1309 1631 1385 1662 ἐλπίς
1397 1639 1403 1645 ·
1420 1630 1490 1657 ὥστε
1511 1631 1608 1666 μικρὸν
1622 1630 1688 1665 γοῦν
1700 1640 1726 1657 τι
1744 1631 1800 1666 (7|)
1818 1631 1920 1666 βοηθεῖ-

295 1678 380 1705 morbi
394 1682 492 1709 metus,
508 1684 588 1711 quam
603 1683 665 1711 spes
680 1675 816 1702 sanitatis.
834 1674 871 1701 Ex
885 1681 939 1708 quo
955 1673 1080 1706 cﬂicitur,

295 1728 324 1750 ut
347 1731 441 1758 parum
464 1723 607 1750 admoduut
630 1722 722 1749 auxilii
739 1721 792 1748 illis
813 1728 876 1755 spes
901 1719 995 1747 all‘erat
1018 1727 1080 1755 quae

295 1767 401 1796 alﬁictis
430 1773 456 1796 et
479 1768 644 1796 calamitosis
671 1775 752 1794 unum
783 1771 824 1794 est
852 1766 1012 1793 remedium.
1041 1766 1082 1792 Ad

295 1819 478 1850 paupertatem
501 1811 603 1841 accedit
619 1813 739 1846 morbus,
768 1812 885 1839 alterum
912 1811 1024 1843 malum,
1055 1815 1083 1837 et

294 1861 402 1895 quidem
417 1860 628 1892 atrocissimum,
653 1866 685 1886 ac
709 1859 780 1886 votis
801 1857 926 1885 omnibus
952 1864 1082 1884 aversan-

294 1906 370 1939 dam,
384 1910 465 1940 atque
478 1905 627 1940 ejusmodi,
653 1909 682 1932 ut
702 1904 784 1940 263
807 1903 878 1938 apud
894 1902 1004 1936 multos,
1021 1909 1081 1929 cum

294 1951 396 1987 aliquid
418 1951 481 1979 mali
513 1951 631 1986 cuipiam
655 1950 798 1986 imprecari
828 1949 950 1984 cupiunt,
965 1948 1031 1975 nihil
1047 1948 1082 1975 sit

294 1997 488 2032 expromptius.
500 1995 630 2029 Tertium,
640 1997 711 2032 quod
727 1995 850 2029 plerique
861 2002 908 2022 e05
931 2001 980 2021 nec
1006 1994 1082 2021 adire

294 2049 345 2070 nec
360 2042 457 2070 intueri
468 2042 611 2075 sustinent,
622 2041 671 2070 sed
688 2041 805 2076 fugiunt,
826 2041 950 2072 horrent,
965 2044 993 2067 et
1005 2047 1082 2066 aver~

295 2092 407 2121 santur;
427 2092 507 2123 atque
523 2088 550 2116 id
563 2088 657 2115 morbo
676 2088 736 2122 ipso
749 2086 804 2114 illis
817 2087 941 2114 acerbius
957 2090 1008 2119 est,
1020 2093 1081 2113 cum

295 2135 330 2163 ob
347 2134 527 2162 calamitatem
544 2141 640 2162 exosos
653 2134 735 2160 etiam
751 2138 779 2160 et
790 2132 890 2160 invisos
903 2139 932 2159 se
942 2138 1002 2159 esse
1019 2139 1080 2159 sen-

295 2181 375 2207 tiunt.
404 2175 534 2215 Equidem
564 2180 621 2214 ipse
646 2186 740 2206 eorum
773 2178 912 2206 miseriam
939 2185 993 2204 non
1023 2177 1082 2205 sine

296 2226 423 2261 lacrymis
450 2226 524 2258 fero,
553 2233 585 2253 ac
615 2225 804 2253 recordatione
835 2224 895 2258 ipsa
926 2222 1079 2257 perturbor.

295 2265 422 2306 Idemque
439 2271 513 2299 vobis
524 2271 640 2303 accidat.
656 2270 748 2302 velim,
761 2273 790 2297 ut
801 2268 932 2304 lacrymis
943 2268 1079 2303 lacrymas

296 2318 415 2353 fugiatis.
437 2318 492 2347 Nec
505 2326 569 2346 vero
587 2319 689 2351 dubito,
708 2318 773 2353 quin
788 2325 822 2345 ex
839 2317 890 2348 his,
905 2316 952 2351 qui
970 2315 1078 2348 adsunt,

330 2376 353 2410 ’ξ
369 2376 498 2409 Romani,
513 2376 541 2404 5.

1135 1675 1196 1703 σθαι
1212 1677 1287 1712 παρὰ
1301 1677 1349 1712 τῆς
1366 1676 1483 1710 ἐλπίδος,
1496 1677 1514 1712 ἡ
1531 1678 1610 1712 μόνον
1625 1677 1681 1712 (72)
1701 1678 1756 1709 τοῖς
1776 1677 1919 1712 ἀτυχοῦσίι·

1133 1721 1190 1748 ἐστι
1203 1722 1259 1757 (75)
1277 1722 1431 1757 φάρμακον.
1459 1722 1531 1758 Πρὸς
1549 1722 1578 1749 δὲ
1592 1724 1624 1758 τῇ
1645 1723 1736 1757 πενίᾳ,
1752 1722 1827 1757 καὶὴ
1845 1722 1920 1752 νόσος

1133 1768 1217 1795 κακὸν
1239 1767 1375 1803 δεύτερον,
1396 1769 1442 1795 καὶ
1467 1768 1559 1795 κακῶν
1585 1768 1616 1795 τὸ
1638 1768 1849 1800 ἀπευκτότατον,
1874 1769 1922 1794 καὶ»

1133 1813 1294 1848 βαρύτατον,
1326 1814 1374 1840 καὶ
1403 1815 1443 1845 εἰς
1467 1814 1590 1849 κατάραν
1605 1814 1659 1844 τοῖς
1677 1813 1783 1846 πολλοῖς
1813 1822 1920 1850 προχει-

1133 1859 1253 1893 ρότατον.
1279 1859 1334 1884 Καὶ
1361 1858 1462 1894 τρίτον,
1488 1858 1518 1884 τὸ
1547 1858 1585 1893 μὴ
1621 1857 1676 1893 (74)
1710 1858 1854 1893 προσιτοὺς
1874 1859 1920 1884 αὺ-

1132 1904 1195 1936 τοὺς
1220 1903 1299 1936 εἶναι,
1319 1904 1387 1939 μηδὲ
1411 1904 1523 1936 θεατοὺς
1543 1906 1599 1935 τοῖς
1626 1903 1755 1936 πλείοσιν,
1773 1903 1841 1930 ἀλλὰ
1857 1913 1920 1938 φειδ⁴

1132 1949 1224 1980 κτους,
1237 1949 1282 1975 καὶ
1298 1949 1468 1984 βδελυκτοὺς,
1486 1949 1534 1975 καὶ
1549 1945 1604 1976 οἷον
1614 1949 1831 1984 ἀποτροπαίους·
1844 1949 1859 1975 ὃ
1875 1949 1920 1975 καὶ

1132 1995 1180 2030 τῆς
1197 1995 1274 2021 νόσου
1287 1995 1392 2026 τούτοις
1405 1994 1566 2031 βαρύτερον,
1581 1995 1644 2022 ὅταν
1656 1994 1804 2022 αἴσθωνται
1818 1995 1862 2021 διὰ
1871 1994 1920 2030 τὴν

1133 2040 1274 2076 συμφορὰν
1300 2041 1347 2067 καὶ
1370 2040 1538 2076 μισούμενοι.
1557 2040 1627 2074 Ἐγὼ
1644 2041 1694 2076 μὲν
1710 2041 1772 2067 οὐδὲ
1788 2041 1920 2077 ἀδακρυτὶ

1133 2086 1208 2122 φέρω
1224 2086 1254 2112 τὸ
1267 2086 1369 2113 τούτων
1383 2087 1478 2118 πάθος,
1503 2087 1550 2113 καὶ
1577 2088 1610 2122 τῇ
1629 2087 1724 2123 μνήμῃ
1754 2087 1916 2122 συγχέομαι·

1133 2132 1260 2168 πάσχοιτε
1277 2133 1332 2169 (75)
1351 2133 1380 2160 δὲ
1395 2133 1442 2161 καὶ
1454 2134 1533 2169 ὑμεῖς
1550 2134 1659 2166 ταυτὸν,
1682 2134 1725 2160 ἴνα
1738 2135 1794 2165 τοῖς
1805 2133 1920 2169 δάκρυσι

1131 2179 1166 2205 τὰ
1188 2180 1293 2215 δάκρυα
1310 2179 1414 2215 φύγητε
1426 2189 1433 2195 ·
1463 2180 1509 2207 καὶ
1524 2180 1658 2215 πάσχουσί
1671 2188 1713 2214 γε,
1725 2178 1774 2207 οἶδ’
1789 2181 1842 2212 ὅτι,
1867 2180 1919 2206 τῶν

1132 2225 1272 2260 παρόντων
1303 2226 1359 2252 ὅσοι
1396 2226 1562 2262 φιλόχριστοι
1595 2227 1643 2253 καὶ
1671 2226 1848 2262 φιλόπτωχοι,
1875 2227 1919 2253 καὶ

1132 2269 1210 2301 Θεοῦ,
1221 2270 1268 2296 καὶ
1286 2270 1362 2306 παρά
1381 2270 1448 2297 Θεοῦ
1463 2271 1519 2305 (76)
1532 2271 1562 2297 τὸ
1575 2271 1659 2299 ἐλεεῖν
1673 2271 1780 2306 ἔχοντες
1791 2280 1798 2287 ·
1818 2272 1919 2307 μάρτυ-

1133 2323 1179 2350 ρες
1191 2315 1220 2342 δὲ
1234 2317 1280 2343 κα)⁸
1292 2317 1370 2352 ὑμεῖς
1382 2317 1439 2353 (77)
1453 2318 1503 2344 τοῦ
1517 2318 1631 2350 πάθους.

338 2443 393 2477 (62)
408 2444 443 2469 El
457 2443 512 2477 ⁴πὰρ
529 2443 577 2477 καὶ
592 2443 632 2475 ὡς
656 2441 763 2476 ἐχθροῦ
776 2438 967 2475 κατηγόρησα
985 2440 1033 2466 διὰ
1046 2439 1080 2466 τὸ

1134 2439 1247 2477 aliisque
1261 2439 1382 2477 melioris
1410 2444 1480 2477 notat
1506 2441 1654 2475 codicibus,
1681 2449 1733 2470 non
1763 2442 1849 2476 male;
1879 2439 1920 2471 his

296 2475 400 2511 πάθος,
420 2475 473 2504 etc.
489 2475 512 2503 Ᾱ
524 2475 643 2512 Gregorii
659 2475 748 2504 mente
760 2481 788 2504 et
801 2481 875 2512 textu
889 2477 992 2502 videtur
1003 2476 1077 2501 aber-

297 2520 359 2540 rare
385 2512 488 2545 Billius,
513 2513 559 2547 qui
581 2511 673 2539 locum
698 2512 769 2538 hunc
792 2512 833 2538 sic
858 2511 1074 2547 interpretatur;

300 2557 310 2572 ι
324 2547 379 2574 Etsi
395 2548 466 2574 enim
481 2545 621 2574 me‘animi
635 2547 746 2574 allectus
772 2553 804 2573 eo
817 2546 944 2579 abripuit,
968 2550 998 2571 ut
1014 2545 1078 2572 illud

297 2586 424 2615 tanquam
436 2583 573 2609 inimicum
590 2586 619 2609 et
639 2581 766 2608 infestum
782 2587 950 2612 accusarem,
964 2589 974 2606 ι
989 2584 1044 2607 etc.

332 2616 389 2651 (65)
406 2617 447 2644 Τὰ
460 2616 529 2643 τῶν.
545 2615 573 2642 In
588 2617 756 2650 quibusdam,
772 2616 808 2642 τὰ
817 2615 874 2642 τοῦ.

331 2649 388 2686 (66)
404 2653 437 2679 Ἡ
448 2652 588 2679 ἕκαστον.
598 2649 645 2679 0r.
657 2651 685 2682 2,
700 2653 764 2686 Reg.
781 2659 807 2684 c,
818 2651 835 2686 ἢ
850 2649 968 2685 ἑκάστῳ.

345 2685 388 2721 65)
396 2687 505 2721 Αὐτῆς.
524 2687 602 2713 Deest
615 2687 641 2713 in
653 2685 701 2713 Or.
712 2686 740 2712 2.

345 2689 377 2713 65
396 2689 505 2721 Αὐτῆς.
524 2689 602 2713 Deest
615 2689 641 2713 in
653 2689 740 2713 Una.

297 2689 388 2782 “36-6;
409 2722 453 2748 Εὐ
473 2721 546 2756 ἡμῖν
570 2721 642 2756 ἔχει,
674 2721 798 2756 Plerique
821 2721 938 2751 codices,
963 2721 1028 2756 ἡμῖν
1053 2717 1082 2746 εὖ

330 2765 364 2783 ει.

312 2765 391 2826 xiii-7)
408 2791 474 2825 sz‘
485 2790 532 2818 ἄν,
545 2791 612 2818 Tres
622 2790 717 2825 Regg.,
732 2790 803 2826 τάχα
815 2791 858 2818 ἄν.

345 2825 390 2857 68)
406 2827 545 2853 Λύσαιεν.
559 2825 606 2853 0r.
618 2827 647 2857 ‘2,
659 2825 762 2854 λύσειε.

336 2860 391 2896 (69)
406 2862 466 2888 οὐκ
478 2861 609 2895 ἔχουσιν.
627 2860 689 2889 Haec
713 2862 809 2889 desunt
825 2860 852 2888 in
866 2860 948 2896 Regg.
965 2861 1018 2894 bm,
1035 2860 1080 2895 ph,

1127 2475 1198 2504 enim
1214 2474 1332 2505 omissis,
1348 2474 1450 2509 planior
1462 2475 1491 2502 ﬁt
1503 2477 1600 2504 oratio.

1176 2509 1220 2546 70)
1241 2509 1362 2546 Ὑγείας.
1378 2509 1473 2546 Plures
1485 2511 1578 2543 codd.,
1588 2512 1704 2546 ὑγιείας.

1178 2544 1221 2578 71)
1235 2546 1274 2571 Τι.
1287 2545 1366 2572 Deest
1378 2545 1405 2571 in
1423 2544 1488 2580 Reg.
1505 2553 1531 2578 a,
1548 2544 1672 2578 bm,‘ph.

1131 2579 1397 2651 μόᾶῗηῶιζιέῖόγον.
1413 2579 1480 2615 Reg}
1494 2589 1520 2613 c,
1546 2582 1564 2617 ἢ
1588 2581 1668 2616 μόνη.
1700 2581 1729 2608 1η
1755 2579 1816 2609 Par.
1831 2583 1887 2615 ed.,
1903 2583 1919 2616 ἦ

1166 2623 1210 2641 νον
1222 2621 1325 2641 tmalel.

1177 2649 1229 2687 ζῆ)
1240 2650 1332 2687 fore:
1349 2650 1600 2687 Deestinpluribus
1615 2651 1698 2687 Regg.
1713 2656 1741 2679 et
1759 2651 1806 2680 0r.
1821 2652 1850 2679 Ξ.

1180 2685 1224 2718 74)
1240 2683 1298 2720 Μή.
1311 2683 1357 2711 0r.
1368 2684 1396 2716 2,
1412 2685 1479 2720 μηδέ

1181 2720 1225 2757 76)
1240 2720 1399 2757 [Magone
1420 2721 1485 2757 Reg.
1503 2721 1559 2748 bm.
1577 2721 1671 2754 Mont.,
1686 2722 1884 2757 συμπάσχοιτε.

1168 2753 1223 2796 (76)
1235 2753 1547 2796 ΚαζΘεοῦηκαὶςπαρᾲ
1571 2757 1654 2796 gem").
1676 2767 1686 2783 ε
1701 2753 1746 2784 Ι)ὲὶ
1760 2753 1823 2792 ετέῖι
1837 2765 1877 2790 se,
1893 2760 1921 2783 et

1132 2789 1349 2828 Dei_e_rga¥aliqs.
1365 2791 1475 2828 μισ-1η
1493 2792 1562 2828 notis
1575 2791 1693 2828 §angyg.

1132 2822 1350 2898 ἠμὲζέγὛέμεῖς.
1369 2822 1414 2854 Sic
1428 2824 1495 2860 Reg.
1512 2826 1558 2860 ph,
1572 2825 1618 2854 Or.
1632 2822 1658 2859 2',
1667 2822 1726 2854 'etc.
1741 2827 1808 2855 Male
1820 2827 1847 2854 in
1863 2827 1920 2858 ed.-,‘

1153 2866 1220 2896 μείς.
1264 2866 1278 2876 ν
