2069 3131
146 147 197 174 863

607 147 735 175 ORATIO
755 148 823 176 XIV.
846 164 879 169 —
899 149 942 176 DE
961 148 1149 180 PAUPERUM
1166 135 1298 182 AMORIS.

1722 159 1774 186 870

147 204 258 239 perinde
277 201 436 237 alltc-tantur,
454 205 606 240 quicunque
635 206 737 234 Christi
762 214 794 234 ac
822 214 972 242 pauperum
992 213 1116 238 amantes
1141 216 1213 244 sunt,
1241 211 1354 246 Deique,
1381 216 1408 240 et
1433 219 1448 239 a
1476 212 1531 240 Deo
1558 213 1772 242 misericordiam

146 251 258 279 habent.
274 252 309 279 At
328 251 489 279 calamitatis
502 252 584 279 etiam
600 256 680 280 testes
694 261 742 281 vos
755 253 806 288 ipsi
819 254 897 281 estis.

179 298 207 324 l'.
222 298 368 334 Πρόκειται
391 299 445 330 τοῖς
467 298 615 334 ὀφθαλμοῖς
642 299 719 335 ἡμῶν
745 300 833 336 θέαμα
853 300 933 328 δεινὸν

1026 302 1059 329 Χ.
1081 302 1243 338 Proponitur
1266 304 1342 331 nobis
1361 304 1395 332 ob
1418 304 1510 332 oculos
1534 311 1616 339 grave
1644 309 1671 332 et
1690 305 1773 333 mise-

145 345 192 371 καὶ
206 344 332 378 ἐλεεινὸν,
346 345 394 372 καὶ
409 346 486 378 πᾶσι,
510 346 580 382 πλὴν
592 346 646 373 τῶν
673 347 790 380 εἰδότων,
810 348 935 381 ἄπιστον,

145 390 283 425 ἄνθρωποι
302 392 393 426 νεκροὶ
408 392 455 418 καὶ
478 391 588 424 ζῶντες,
607 392 864 428 ἠκρωτηριασμένοι
880 395 937 425 τοῖς

145 435 282 467 πλείστοις
295 436 342 463 τοῦ
355 436 480 472 σώματος
490 437 587 473 μέρεσι
598 437 666 473 (78),
681 438 744 473 μήθ’
757 438 824 474 (78“)
839 438 935 470 οἵτινές

146 490 210 508 ποτε
217 479 297 517 ἦσαν,
309 482 376 517 μηδὲ
385 482 446 509 ὅθεν
453 484 507 510 alat
517 482 615 518 μικροῦ
622 483 738 517 γινωσκό
742 492 825 519 μενοι-
837 484 935 520 μᾶλλον

143 526 172 552 δὲ
188 526 243 553 τῶν
256 535 321 554 ποτε
334 527 382 554 ἀνθ
387 527 484 563 ρώπων
494 529 574 556 ἄθλια
586 528 713 563 λείψανα·
731 530 852 566 πατέρας
867 530 933 566 (79),

144 572 192 599 καὶ
221 573 353 609 μητέρας,
385 574 432 600 καὶ
462 574 602 609 ἀδελφοὺς,
631 575 677 601 καὶ
704 575 813 608 τόπους,
832 576 934 602 ἑαυτῶν

144 619 321 655 γνωρίσματα
344 620 481 654 λέγοντες¹
505 620 575 655 Ἐγὼ
599 620 646 647 τοῦ
659 620 753 654 δεῖνος,
768 622 815 648 καὶ
832 623 849 657 ἡ
862 621 936 648 δεῖνά

145 673 190 699 μοι
205 665 307 700 μήτηρ,
323 665 370 692 καὶ
384 665 443 692 τόδε
461 674 505 701 μοι
516 666 610 701 ὅνομα,
620 666 667 692 καὶ
678 665 709 692 σύ
725 675 769 702 μοι
782 667 858 701 φίλος
869 667 933 694 ποτὲ

144 710 192 736 καὶ
209 709 356 746 γνώριμος.
369 711 425 737 Kal.
440 711 518 738 τοῦτο
535 712 710 746 πράττουσιν,
729 713 759 739 οὺ
776 712 829 748 γὰρ
842 712 932 748 ἔχουσι

143 755 183 790 τῷ
207 756 314 792 παλαιῷ
331 758 484 792 χαρακτῆρι
508 757 689 792 γινώσκεσθαι
708 758 781 794 (80)·
796 759 933 795 ἄνθρωποι

143 802 384 838 περικεκομμένοι,
411 803 457 830 καὶ
486 803 684 839 περιῃρημένοι
709 805 838 840 χρήματα
865 805 931 840 (81),

144 847 313 882 συγγένειαν,
323 849 426 883 φίλους,
435 849 504 875 αὐτὰ
516 849 549 875 τὰ
562 849 675 884 σώματα
688 859 694 865 ι
711 850 847 886 ἄνθρωποι
859 850 932 885 μόνοι

142 893 197 920 τῶν
208 894 316 920 πάντων
334 894 389 929 (82)
400 894 538 926 ἐλεοῦντες
552 904 582 921 τε
597 895 718 927 ἑαυτοὺς,
728 895 776 921 καὶ
792 895 932 931 μισοῦντες

141 939 242 974 ὁμοίως
253 948 261 955 ·
276 940 326 966 οὐκ
339 939 444 974 ἔχοντες
457 940 559 976 πότερα
578 940 678 976 μᾶλλον
691 940 846 976 Θρηνήσιυσι
862 941 931 976 (83),

140 985 176 1013 τὰ
204 986 301 1021 μηκέτ’
326 986 391 1013 ὄντα
406 986 452 1013 τοῦ
480 986 616 1022 σώματος,
640 987 656 1022 ἢ
677 986 711 1014 τὰ
731 987 846 1023 μένοντα
861 987 930 1022 (84)”
949 989 970 1018 Β

140 1034 192 1060 ὅσα
221 1033 412 1069 προανάλωσεν
440 1034 609 1070 ὴνόσος,ἢ
639 1035 689 1062 ὅσα
717 1036 751 1070 τῇ
780 1035 850 1070 νόσῳ
877 1035 931 1062 λεί-

141 1086 231 1105 πεται.
253 1078 294 1106 Τὰ
310 1079 358 1114 μὲν
373 1079 427 1115 γὰρ
453 1080 589 1115 ἀνήλωται
610 1080 665 1115 (85)
682 1079 833 1115 δυστυχῶς,
850 1080 884 1107 τὰ
903 1081 931 1107 δὲ

142 1124 257 1157 σώζεται
272 1125 482 1161 δυστυχέστερον
493 1133 499 1140 ·
517 1125 551 1151 τὰ
570 1126 618 1161 μὲν
631 1125 733 1160 οἴχεται
747 1126 800 1161 πρὸ
814 1126 868 1153 τῶν
880 1127 930 1153 τά-

141 1178 209 1204 φων,
225 1170 259 1196 τὰ
276 1170 304 1196 δὲ
323 1170 373 1197 οὐκ
387 1170 459 1196 ἔστιν
479 1171 493 1196 ὁ
511 1170 679 1206 παραδώσων
708 1173 780 1207 ταφῇ
798 1171 864 1206 (86).
878 1172 932 1198 Καὶ

141 1215 195 1251 γὰρ
211 1217 225 1242 ὁ
238 1216 297 1243 λίαν
318 1215 434 1252 χρηστὸς
456 1217 504 1243 καὶ
516 1216 717 1253 φιλάνθρωπος,
740 1217 845 1249 τούτοις
859 1218 932 1244 ἐστὶν

141 1261 372 1296 ἀναλγητότατος·
395 1261 534 1288 κάνταῦθα
552 1262 632 1297 μόνον
653 1261 845 1298 ἐπελαθόμεθα
868 1263 933 1298 σάρ-

141 1315 189 1338 κες
201 1307 286 1339 ὄντες,
304 1308 350 1334 καὶ
367 1308 396 1334 τὸ
409 1307 489 1343 σῶμα
504 1308 554 1343 τῆς
567 1308 758 1340 ταπεινώσεως
774 1309 932 1344 περικείμε-

141 1361 198 1380 νοι·
222 1353 268 1379 καί
285 1353 412 1380 τοσούτου
427 1353 523 1388 δέομεν
535 1353 592 1389 (87)
608 1353 769 1390 θεραπεύειν
783 1354 814 1380 τὸ
833 1363 932 1388 συγγε-

141 1399 196 1430 νὲς,
225 1398 294 1425 ὥστε
312 1399 359 1425 καὶ
377 1398 432 1425 τῶν
458 1398 600 1434 ἡμετέρων
625 1399 759 1434 σωμάτων
783 1400 932 1434 ἀσφάλειαν

140 1445 189 1480 τὴν
213 1444 316 1471 τούτων
331 1445 420 1480 φυγὴν
441 1444 599 1480 νομίζομεν.
621 1445 676 1471 Καὶ
697 1445 787 1481 νεκρῷ
809 1446 858 1480 μὲν
881 1445 932 1481 ἤδη

140 1489 277 1525 προσῆλθέ
291 1498 332 1521 τις
347 1489 464 1525 παλαιῷ,
478 1489 526 1516 καὶ
550 1488 636 1525 τούτῳ
654 1490 734 1525 τυχῦν
749 1490 868 1523 ὀδωδότι,
885 1491 932 1518 καὶ

141 1534 218 1566 ζώων
232 1535 335 1569 ἀλόγων
352 1535 465 1570 ἤνεγκεν
477 1534 592 1562 ὀδωδότα
605 1535 730 1571 σώματα,
744 1537 789 1563 καὶ
801 1536 932 1573 βορϐόρου

140 1580 270 1616 πλησθεὶς
282 1581 410 1616 ἠνέσχετο
422 1589 428 1596 ’
445 1580 556 1612 τούτους
577 1581 606 1608 δὲ
629 1581 699 1608 κατὰ
720 1582 820 1618 κράτος
835 1582 933 1616 φεύγο-

142 1635 192 1662 μεν
209 1626 241 1662 (ὣ
252 1627 301 1662 τῆς
313 1627 548 1663 ἀπανθρωπίαςὲ),
569 1627 610 1654 ὅτι
626 1627 672 1654 καὶ
687 1627 732 1654 τὸν
747 1627 828 1654 αὐτὸν
839 1628 930 1659 αὐτοῖς

141 1672 254 1708 σπῶμεν
269 1673 348 1709 ἀέρα,
368 1673 466 1709 μικροῦ
481 1673 714 1709 δυσχεραίνοντες.

988 350 1100 376 randum
1117 349 1314 384 spectaculum,
1332 357 1383 377 nec
1398 350 1448 377 nisi
1465 350 1510 382 iis,
1528 351 1574 384 qui
1586 354 1696 383 norunt,
1712 358 1772 378 cre—

988 395 1081 429 dibile,
1098 395 1221 423 homines
1234 397 1334 423 mortui
1347 403 1380 423 ac
1395 396 1658 430 viventes,plurimis
1672 403 1769 431 corpo-

987 442 1025 468 ris
1036 441 1156 476 partibus
1165 441 1291 475 mutilati,
1302 441 1396 477 sicque
1404 441 1504 473 aﬂ‘ecti,
1521 447 1549 468 ut
1564 441 1632 475 fere,
1647 448 1695 469 nec
1709 443 1769 476 qui-

986 494 1049 514 nam
1065 487 1130 515 olim
1152 487 1262 519 fuerint,
1287 494 1336 514 nec
1352 487 1440 520 unde,
1459 491 1637 522 agnoscatur;
1653 487 1706 514 imo
1717 507 1726 519 ,
1742 491 1771 514 ut

986 533 1086 562 rectius
1098 533 1203 568 loquar,
1222 533 1328 560 misera:
1342 536 1463 560 veterum
1475 533 1614 560 hominum
1629 532 1749 567 reliquie:
1761 541 1770 566 ;

986 585 1087 615 patres,
1107 583 1134 606 et
1160 583 1260 606 matres
1273 598 1280 610 ,
1296 582 1323 606 et
1347 578 1446 606 fratres
1459 598 1466 611 ,
1487 586 1519 606 ac
1543 578 1602 606 loca
1618 585 1651 605 ex
1672 578 1770 612 quibus

986 625 1097 660 agnosci
1111 629 1231 659 queant,
1249 623 1418 658 proferentes
1434 633 1439 651 :
1464 630 1514 658 ego
1527 623 1571 650 illo
1594 627 1670 658 patre
1689 627 1771 650 natus

985 679 1044 698 sum
1057 690 1065 701 .
1086 671 1137 698 hac
1154 675 1240 697 matre
1262 675 1439 704 procreatus,
1456 669 1508 696 hoc
1523 669 1590 696 mihi
1602 676 1698 696 nomen
1716 674 1768 701 est,

987 722 1013 743 tu
1035 716 1100 744 mihi
1114 717 1249 751 quondam
1273 716 1376 743 amicus
1392 720 1418 743 et
1440 715 1582 743 familiaris
1600 725 1607 742 :
1625 715 1706 750 idque
1728 715 1767 742 id-

985 763 1058 790 circo
1081 762 1195 794 faciunt,
1214 761 1284 796 quod
1307 768 1340 788 ex
1360 761 1496 789 veteribus
1520 762 1576 789 oris
1592 761 1766 789 lineamentis

983 808 1038 842 jam
1052 807 1161 842 agnosci
1173 809 1308 840 nequeant
1322 815 1328 832 :
1344 806 1469 833 homines
1482 806 1575 838 accisi,
1589 813 1620 832 ac
1634 805 1768 841 pecuniis,

985 858 1095 886 genere,
1115 851 1220 884 amicis,
1240 851 1362 885 adeoque
1381 851 1538 886 corporibus
1559 851 1624 886 ipsis
1645 852 1769 886 spoliati;

985 898 1106 925 homines
1125 897 1176 924 soli
1193 904 1226 924 ex
1243 898 1370 924 omnibus
1392 897 1552 926 mortalibus
1565 905 1642 933 aeque
1661 905 1721 925 sese
1741 903 1770 925 et

985 941 1172 969 misericordia
1191 946 1218 968 et
1232 941 1295 969 odio
1317 947 1531 977 prosequentes;
1559 950 1609 970 nec
1622 943 1687 970 satis
1703 950 1769 970 con-

985 987 1107 1014 stitutum
1134 987 1283 1018 habentes,
1310 991 1385 1014 utras
1406 988 1513 1014 tandem
1533 988 1656 1022 corporis
1678 993 1769 1022 partes

983 1033 1069 1067 magis
1086 1032 1247 1068 deplorent,
1270 1032 1434 1068 prtecisasne
1456 1038 1484 1060 et
1504 1033 1668 1066 exstinctos,
1686 1041 1720 1061 an
1742 1034 1768 1061 in

983 1085 1094 1112 corpore
1117 1078 1205 1106 adhuc
1232 1083 1422 1112 remanentes;
1446 1086 1545 1112 easne,
1572 1087 1640 1114 quas
1658 1080 1770 1108 morbus

982 1123 1150 1158 absumpsit,
1176 1131 1209 1151 an
1226 1131 1289 1156 eas,
1310 1131 1369 1159 quae
1384 1125 1479 1152 morbo
1499 1125 1611 1160 reliquae
1625 1130 1697 1153 sunt.
1715 1125 1769 1153 Illae

981 1169 1079 1204 quippe
1104 1169 1202 1197 misere
1216 1170 1368 1205 absumpta:
1386 1175 1467 1205 atque
1483 1171 1615 1199 confectae
1631 1177 1709 1204 sunt;
1727 1173 1769 1200 lue

982 1221 1048 1241 vero
1067 1214 1195 1242 miserius
1215 1220 1433 1242 conservantur:
1455 1215 1506 1243 illae
1530 1221 1593 1244 ante
1613 1217 1769 1252 sepulcrum

982 1261 1160 1291 interierunt:
1176 1261 1225 1288 has
1238 1268 1316 1289 nemo
1329 1265 1372 1289 cst
1383 1262 1429 1297 qui
1440 1262 1564 1297 sepulcro
1575 1264 1685 1290 condat.
1698 1263 1768 1290 Nam

982 1307 1098 1341 optimus
1114 1311 1141 1334 et
1158 1307 1368 1335 humanissimus
1383 1308 1497 1343 quisque
1508 1328 1516 1341 ,
1534 1309 1576 1336 his
1587 1309 1767 1337 durissimum

983 1357 1063 1387 atque
1080 1352 1331 1380 inhumanissimum
1345 1360 1375 1380 se
1387 1354 1507 1388 praebet;
1522 1359 1603 1390 atque
1619 1355 1663 1383 hic
1678 1355 1766 1384 solum

983 1405 1032 1425 nos
1052 1405 1160 1425 carnem
1182 1405 1244 1426 esse
1259 1399 1294 1433 τι,
1317 1403 1344 1427 et
1369 1399 1530 1428 humilitatis
1553 1408 1652 1434 corpus
1672 1408 1766 1436 gerere

982 1444 1187 1473 obliviscimur:
1203 1449 1361 1479 tantumque
1384 1448 1418 1473 ab
1442 1453 1475 1474 eo
1494 1446 1623 1474 absumus
1635 1466 1642 1479 ,
1662 1451 1692 1474 ut
1707 1454 1766 1479 eos,

983 1489 1029 1524 qui
1043 1489 1212 1524 cognationis
1234 1489 1342 1517 vinculo
1364 1490 1505 1518 nobiscum
1524 1490 1662 1525 conjuncti
1679 1495 1743 1518 sunt
1757 1511 1765 1524 ,

984 1542 1126 1568 curemus,
1144 1539 1172 1563 ut
1187 1543 1332 1570 corporum
1350 1542 1458 1571 quoque
1474 1541 1629 1564 nostrorum
1651 1537 1764 1565 salutem

984 1581 1011 1607 in
1024 1588 1116 1608 eorum
1130 1581 1192 1615 fuga
1214 1586 1296 1616 atque
1308 1581 1451 1609 aversione
1468 1583 1583 1617 positam
1600 1590 1661 1611 esse
1672 1583 1767 1611 existi-

985 1633 1099 1654 memus.
1122 1627 1243 1661 Cumque
1265 1634 1319 1654 non
1345 1627 1454 1659 desint,
1479 1627 1525 1662 qui
1539 1628 1572 1655 ad
1594 1632 1670 1656 vetus
1687 1633 1769 1664 atque

946 1668 968 1696 C
985 1672 1066 1700 etiam
1081 1672 1196 1700 fortasse
1219 1672 1341 1700 foetidum
1359 1673 1475 1700 cadaver
1495 1673 1624 1701 accedere
1645 1681 1700 1701 non
1720 1681 1780 1707 ve-,

141 1726 261 1753 reantur,
280 1722 477 1756 brutoruntque
503 1723 681 1750 animantium
711 1729 825 1756 corpora
852 1725 922 1749 tetro
941 1720 1025 1748 odore
1037 1720 1113 1755 plena
1126 1720 1279 1755 perferant,
1311 1728 1344 1748 ac
1366 1728 1444 1749 coeno
1470 1721 1571 1756 perfusi
1588 1728 1665 1755 aequo
1677 1720 1769 1748 animo

141 1767 168 1798 id
187 1767 294 1795 ferant:
317 1776 366 1796 nos
389 1773 483 1796 contra
501 1769 547 1796 hos
562 1769 678 1796 maxima
692 1768 829 1796 celeritate
846 1767 962 1803 fugimus
991 1767 1074 1803 234
1095 1766 1122 1802 (ο
1140 1767 1275 1802 ingentem
1299 1767 1523 1795 inhumanitatem
1538 1767 1569 1802 t),
1584 1774 1653 1802 pene
1672 1767 1765 1801 etiam,

141 1812 212 1847 quod
226 1812 350 1840 eumdem
368 1820 427 1840 cum
443 1813 508 1847 ipsis
530 1820 620 1841 aerem
644 1813 800 1845 trahamus,
818 1812 926 1847 indigne
944 1812 1062 1839 ferentes

172 1860 223 1885 Μ’.
240 1858 272 1884 Τί
285 1859 387 1894 πατρὸς
404 1858 608 1895 γνησιώτερον;
633 1859 680 1886 καὶ
696 1858 722 1885 τί
741 1858 843 1894 μητρὸς
860 1867 930 1894 συμ-

141 1903 323 1940 παθέστερον;
343 1905 411 1931 Ἀλλ’
425 1905 593 1940 ἀπεκλείσθη
613 1913 646 1939 γε
667 1904 772 1936 τούτοις
793 1904 933 1939 καὶὴφύ-

142 1958 184 1982 σις
196 1957 203 1964 ³
220 1950 268 1977 καὶ
290 1950 382 1987 πατὴρ
406 1951 488 1978 παῖδα
502 1951 549 1978 τδν
567 1951 677 1983 ἐαυτοῦ,
697 1951 726 1977 ὃν
739 1951 892 1986 ἐγέννησεν,
904 1950 934 1977 ὃν

141 1995 298 2032 ἀνέθρεψεν,
323 1995 353 2022 ὃν
379 1996 518 2032 ὀφθαλμὸν
543 1996 600 2031 βίου
614 1996 693 2031 μόνον
709 1996 782 2032 ἐχειν
797 1997 931 2032 ἐνόμισεν,

142 2041 213 2077 ὑπὲρ
227 2038 258 2069 οὖ
272 2041 357 2069 πολλὰ
370 2041 429 2078 Θεῷ
456 2043 505 2069 καὶ
527 2042 657 2073 πολλάκις
673 2041 856 2077 προσηύξατο,
872 2041 933 2068 τοῦ·

141 2094 187 2113 τον
202 2085 325 2122 ὀδύρεται
346 2086 406 2122 μὲν,
420 2087 568 2114 ἀπελαύνει
583 2087 621 2119 δὲ,
649 2087 679 2113 τὸ
692 2087 741 2122 μὲν
761 2086 842 2120 ἑκὼν,
862 2086 893 2113 τὸ
904 2086 933 2112 δὲ

141 2131 364 2168 τυραννούμενος.
378 2133 433 2159 Καὶ
447 2133 538 2168 μήτηρ
550 2133 687 2168 μέμνηται
699 2133 749 2167 μὲν
757 2131 811 2159 τῶν
821 2131 932 2163 ὠδίνων,

142 2178 190 2205 καὶ
220 2178 254 2205 τὰ
282 2177 422 2214 σπλάγχνα
451 2178 649 2214 σπαράσσεται,
679 2177 726 2204 καὶ
756 2177 932 2204 ἀνακαλεῖται

142 2225 202 2252 λίαν
216 2223 349 2257 ἐλεεινῶς,
360 2224 408 2251 καὶ
424 2223 556 2259 προθεῖσα
576 2223 679 2259 θρηνεῖ,
694 2222 822 2258 καθάπερ
837 2222 933 2258 τεθνη-

144 2270 209 2297 κότα
224 2270 270 2296 τὸν
286 2269 375 2302 ζῶντα
387 2269 458 2305 (88)·
477 2269 586 2301 Τέκνον,
602 2269 726 2303 λέγουσα,
744 2269 873 2304 δυστυχὲς
887 2269 934 2295 καὶ

143 2314 237 2346 ἀθλίας
252 2314 362 2350 μητρὸς,
379 2314 393 2341 ὃ
409 2323 454 2349 μοι
469 2313 666 2349 συνεμερισατο
686 2312 792 2348 πικρῶς
809 2313 826 2348 ἡ
839 2312 930 2344 νόσος·

143 2363 237 2389 τέκνον
250 2361 376 2394 ἐλεεινὸν,
405 2361 498 2387 τέκνον
510 2361 541 2387 οὐ
564 2360 776 2396 γνωριζόμενον,
801 2358 906 2390 τέκνον,
920 2359 934 2386 ὃ

144 2408 276 2444 κρημνοῖς
288 2408 334 2434 καὶ
347 2408 422 2443 δρεσι
440 2407 486 2434 καὶ
505 2406 633 2442 ἐρημίαις
648 2405 841 2442 ἀνεθρεψάμην
857 2405 913 2441 (89)
924 2412 930 2418 ’

179 2465 202 2481 ⁷⁸
222 2464 291 2493 Gen.
322 2473 359 2498 vr,
381 2465 409 2493 5.

183 2546 239 2581 (78)
255 2544 483 2581 Μέρεσικῐτοτιο,
503 2544 618 2581 μέλεσιη
626 2543 696 2581 Edit.

181 2579 249 2617 (78‘)
263 2580 349 2617 Μήθκ
378 2580 521 2617 Βεεηὴιηη
535 2579 648 2617 ριιλη-ΟΓ.
664 2579 693 2617 2_,
707 2579 769 2617 μηδ’
796 2579 929 2615 [rectius].

182 2614 227 2650 (79
241 2614 329 2643 ’Πατέ
348 2623 395 2648 ας.
413 2614 495 2642 Coisl.
511 2614 525 2641 1
542 2615 625 2647 addit,
638 2615 685 2641 καὶ
699 2614 837 2646 πάππους.

182 2617 238 2686 (80)
264 2624 480 2678 Ity-agamnam.
522 2649 587 2684 Reg.
620 2657 646 2682 c,
676 2649 771 2683 Mont.,
800 2658 837 2684 γνε

179 2651 225 2687 (80

145 2685 218 2714 σθαι.

193 2720 238 2754 8t)
257 2719 405 2755 Χρήματα.
422 2719 488 2754 Reg.
503 2726 529 2751 c,
547 2720 686 2754 κτήματα,
703 2728 713 2745 ι
726 2720 843 2755 prtcdiis.
854 2729 864 2745 ι

193 2756 237 2790 82)
251 2755 383 2790 Πάντων.
398 2755 445 2782 0r.
457 2756 484 2787 2,
496 2755 631 2781 ἁπάντων.

181 2789 238 2827 (85)
260 2789 447 2825 Θρηνήσωσι.
474 2790 540 2825 Reg.
571 2797 597 2821 a,
624 2789 671 2817 0r.
698 2790 726 2823 2,
756 2790 930 2826 θρηνήσουσι,

147 2825 399 2900 [ωὲῗΫΜέγ-ογτα.
415 2859 462 2889 0r.
475 2860 503 2893 Ξ,
523 2860 660 2895 μείναντα.

264 2649 480 2678 Γινώσκεσθαι.
522 2649 587 2684 Reg.
620 2657 646 2682 c,
676 2649 771 2683 Mont.,
800 2649 915 2685 γνωρίζε

1017 1857 1062 1884 Xl.
1079 1857 1148 1891 Quid
1161 1862 1240 1892 patre
1253 1858 1410 1886 sincerius?
1425 1858 1493 1892 Quid
1506 1864 1590 1886 matre
1604 1859 1638 1886 ad
1653 1859 1768 1886 misera-

982 1903 1082 1931 tionem
1096 1904 1278 1938 propensius?
1294 1906 1330 1932 At
1341 1904 1384 1932 his
1395 1905 1454 1940 ipsa
1468 1912 1576 1940 quoque
1590 1910 1686 1933 natura
1700 1914 1769 1941 prae-

985 1947 1058 1975 clusa
1080 1952 1142 1975 est:
1170 1955 1202 1976 ac
1227 1953 1304 1983 pater
1326 1949 1410 1977 lilium
1435 1957 1530 1983 suum,
1550 1957 1630 1985 quem
1656 1951 1767 1986 genuit,

983 2001 1062 2028 quem
1081 1993 1225 2027 educavit,
1240 2002 1320 2029 quem
1334 2002 1364 2022 se
1381 1995 1489 2023 unicum
1509 1996 1572 2023 vitae
1587 1995 1695 2024 oculum
1715 1997 1765 2024 ha-

984 2039 1050 2067 bere
1060 2039 1243 2074 existimavit,
1258 2048 1307 2075 pro
1323 2048 1377 2076 quo
1394 2041 1492 2069 multas
1503 2042 1538 2069 ad
1549 2041 1632 2070 Deum
1650 2049 1771 2077 saepenu—

986 2092 1060 2113 mero
1069 2093 1164 2121 preces
1176 2085 1244 2113 fudit
1255 2094 1262 2119 ;
1274 2085 1355 2120 hunc,
1370 2086 1492 2121 inquam,
1504 2086 1578 2122 luget
1591 2087 1699 2122 quidem
1712 2087 1767 2120 ille,

987 2134 1114 2157 ueterum
1134 2129 1233 2165 abigit,
1257 2131 1354 2166 partim
1373 2131 1461 2159 libens
1473 2152 1480 2165 ,
1497 2132 1595 2166 partim
1609 2132 1717 2159 invitus.
1730 2132 1770 2159 Ac

986 2183 1093 2203 rursum
1110 2181 1196 2204 mater
1213 2184 1277 2205 suos
1292 2178 1400 2212 quidem
1417 2179 1443 2205 in
1462 2178 1591 2213 pariendo
1606 2178 1712 2206 dolores
1726 2186 1770 2206 re-

987 2221 1124 2254 cordatur,
1148 2229 1181 2249 ac
1204 2223 1356 2250 visceribus
1379 2222 1535 2254 dilaniatur,
1563 2227 1591 2250 et
1613 2223 1766 2251 miseranda

987 2267 1130 2294 admodum
1151 2275 1218 2295 voce
1240 2273 1333 2296 natum
1356 2269 1491 2304 appellat,
1517 2274 1600 2304 atque
1620 2269 1655 2297 ob
1676 2272 1769 2298 oculos

986 2313 1103 2348 positum
1113 2334 1121 2346 ,
1144 2314 1234 2341 vivum
1249 2318 1377 2350 tanquam
1392 2318 1526 2342 mortuum
1544 2314 1617 2350 luget
1633 2324 1640 2342 :
1654 2315 1704 2343 Fili
1717 2317 1769 2344 mi-

986 2366 1041 2392 ser,
1055 2359 1188 2394 inquiens,
1206 2364 1233 2388 et
1247 2361 1353 2388 miserat
1368 2360 1473 2393 matris,
1489 2367 1569 2395 quem
1591 2361 1702 2388 morbus
1714 2369 1772 2389 me-

986 2412 1046 2436 cum
1065 2406 1163 2433 acerbe
1180 2406 1297 2441 partitus
1309 2411 1371 2434 est:
1386 2406 1423 2434 fili
1436 2407 1534 2440 miser,
1550 2406 1586 2433 ﬁli
1599 2405 1654 2441 jam
1670 2407 1769 2442 ignote,

946 2546 968 2573 D
1018 2544 1075 2579 (85)
1099 2544 1278 2578 ιἈνήλωται.
1307 2544 1372 2579 Reg.
1388 2551 1413 2576 a,
1432 2553 1457 2573 c.
1481 2545 1508 2577 d,
1527 2544 1614 2578 0r.2,
1628 2549 1691 2578 etc.,
1722 2546 1772 2572 ἁν-

985 2579 1189 2654 αἱῖἓὲῗιὶαφῇ.
1201 2614 1249 2642 Or.
1262 2614 1290 2647 2,
1303 2615 1336 2649 τῇ
1361 2615 1445 2650 ταφῇ.
1465 2613 1561 2642 Billius
1579 2624 1585 2642 :
1610 2623 1621 2640 ‹
1631 2615 1771 2650 sepultura

984 2648 1250 2725 fnig'ii'r'oaqagovn
1257 2683 1372 2725 δέομεν,
1387 2683 1425 2725 [εει
1440 2684 1506 2720 Reg.
1520 2691 1545 2711 c.
1562 2684 1624 2724 κνῆ.
1651 2686 1771 2725 τοσούτῳ

986 2717 1088 2754 [minus
1112 2718 1208 2754 recte].
1229 2719 1277 2746 0r.
1301 2717 1320 2745 2
1344 2724 1371 2746 et
1392 2717 1494 2752 Mont.,'
1509 2719 1636 2746 τοσοῦτον
1657 2717 1770 2747 ἀποδέοι

986 2762 1079 2825 ῗεῖ88)
1100 2788 1271 2825 fontana.
1300 2789 1338 2816 ita
1365 2789 1484 2825 plerique
1509 2788 1575 2823 Reg.
1601 2795 1628 2818 et
1647 2790 1730 2818 Coisl.
1745 2791 1769 2818 l.

988 2823 1070 2855 Editi,
1082 2823 1117 2850 τὰ
1129 2823 1226 2856 ζῶντα.

1025 2858 1079 2894 (89)
1103 2859 1334 2894 Ἀνεθρεψάμην.
1351 2857 1418 2896 Reg.
1433 2867 1458 2893 ει,
1474 2869 1498 2889 c.
1515 2859 1544 2894 d,
1565 2860 1732 2898 ἐθρεψάμην.
