2069 3131
303 184 353 212 871

923 180 952 208 S.
972 178 1135 208 GREGORII
1156 177 1331 206 THEOLOGI

1883 179 1932 206 872

305 238 358 271 ﬁli,
374 244 453 272 quem
474 235 630 271 praecipitiis
646 239 674 263 et
695 236 833 263 montibus
850 243 882 262 ac
899 235 1089 263 solitudinibus

1147 234 1211 269 μετὰ
1227 233 1328 269 θηρίων
1339 233 1468 269 οἰκήσεις,
1480 233 1527 260 καὶ
1543 232 1630 268 σκέπη
1649 241 1688 260 σοι
1700 233 1788 268 πέτρα
1806 233 1872 269 (90),
1886 237 1933 261 καὶ

305 283 377 316 alui;
392 290 453 310 cum
469 282 533 309 feris
547 282 693 313 habitabis,
710 281 811 315 tibique
823 286 898 316 petra
916 286 1015 309 tectum
1028 281 1090 312 erit,

306 335 388 363 atque
406 335 439 355 ex
456 327 615 355 mortalibus
631 328 651 354 ii
674 327 807 354 duntaxat
829 331 856 354 te
877 327 1027 361 aspicient,
1045 328 1090 361 qui

306 373 404 407 pietate
418 373 563 399 excellunt.
576 373 664 406 Atque
681 372 763 399 etiam
779 371 945 398 miserabilia
958 371 1015 398 haec
1030 371 1091 398 Jobi

305 419 387 445 verba
402 418 529 445 inclamat
543 428 548 445 :
562 417 651 451 Quare
667 419 693 444 in
710 417 807 445 tnatris
825 417 903 444 vulva
921 422 1030 444 creatus
1051 425 1091 448 es,

305 468 385 497 atque
397 471 429 490 ex
446 469 539 490 ventre
561 471 686 498 egressus
704 470 744 494 es,
759 470 791 490 ac
816 470 869 489 non
894 462 985 490 statim
1011 462 1093 496 perii-

306 510 339 536 sti
356 509 390 541 '-",
409 514 438 535 ut
461 517 532 536 mors
546 517 607 536 ctnn
630 513 691 536 ortu
713 508 906 535 concurreret?
927 508 1017 541 Quare
1040 515 1092 534 nou

307 559 470 588 praemature
483 553 639 581 abscessisti
650 572 657 584 ,
675 553 832 587 priusquam
848 552 927 584 huius
941 554 1002 579 vitzc
1022 552 1091 578 mala

307 600 482 634 degustare-5‘?
504 600 592 632 Quare
614 604 736 633 exceptus
760 598 889 632 genibus?
910 597 965 625 Cur
981 598 1094 624 luctatur

307 645 427 671 uberibus
445 644 480 676 ⁷³,
495 651 555 671 cum
572 644 697 670 miseram
728 642 809 669 vitam
831 650 863 669 ac
885 647 970 669 morte
986 642 1093 676 gravio-

309 699 364 717 rem
379 696 489 717 acturus
501 690 596 717 esses?
612 690 699 723 Atqne
715 689 757 716 his
769 689 858 715 verbis
873 689 968 720 utitur,
982 689 1094 722 vimque

309 736 485 770 lucryntarum
500 735 655 770 profundit;
669 743 701 762 ac
714 735 855 768 complecti
869 735 977 768 quidem
991 741 1052 761 eum
1068 738 1095 760 ct

308 782 458 808 exosculari
483 782 582 808 misera
599 781 690 816 cupit,
709 782 755 808 sed
772 781 817 808 ﬁlii
835 788 946 808 carnem
961 785 989 807 ιιι
1005 780 1094 807 inimi-

308 836 368 854 cam
391 833 418 855 et
442 828 567 855 hostilem
589 827 767 862 pertimescit.
789 827 830 855 Ah
856 827 980 854 universa
1004 831 1094 854 autem

308 874 385 908 plebe
405 873 537 900 clamores
552 877 578 900 ct
596 873 808 904 insectationes,
827 880 879 899 non
898 873 1029 899 adversus
1044 873 1094 899 ini-

1142 280 1195 307 τῶν
1209 278 1360 314 ἀνθρώπων
1373 279 1451 314 μόνον
1461 279 1570 312 Met/mi
1581 287 1610 304 σε
1621 279 1645 304 οἱ
1660 278 1848 305 εὐσεϐέστατα
1860 279 1930 315 (9i)-

1143 326 1189 352 καὶ
1204 325 1290 351 ταῦτα
1301 324 1334 359 δὴ
1355 324 1388 350 τὰ
1403 323 1449 350 τοῦ
1474 323 1535 350 Ἰὼϐ
1550 323 1655 350 ἐλεεινὰ
1671 325 1781 359 ῥήματα
1800 325 1931 359 ἐπιφθέγ-

1143 379 1236 405 γεται’
1265 370 1323 396 Ἵνα
1342 370 1367 396 τί
1380 370 1434 405 γὰρ
1461 369 1599 406 ἐπλάσθης
1623 371 1651 396 ὲν
1672 370 1759 406 κοιλίᾳ
1774 371 1887 406 μητρὸς,
1903 372 1934 397 ἐκ

1143 416 1260 452 γαστρὸς
1276 415 1331 450 (92)
1344 415 1371 442 δὲ
1387 415 1508 450 ἐξῆλθες,
1525 416 1571 442 καὶ
1587 416 1636 442 οὐκ
1651 415 1731 447 εὐθὺς
1746 416 1802 451 (95)
1814 416 1932 447 ἀπώλου,

1143 462 1180 493 ὡς
1196 462 1357 496 συνδραμεῖν
1379 462 1411 496 τῇ
1438 464 1562 496 γεννήσει
1579 461 1624 487 τὸν
1641 461 1774 493 θάνατον;
1802 462 1844 488 ἶνα
1866 462 1892 488 τί
1906 462 1933 488 δὲ

1143 507 1193 533 οὐκ
1208 506 1327 541 ἀπῆλθες
1351 506 1448 541 ἄωρος,
1471 506 1535 542 πρὶν
1559 506 1706 540 γεύσασθαι
1732 507 1787 533 τῶν
1810 507 1856 533 τοῦ
1878 507 1932 542 βίου

1145 551 1254 583 κακῶν;
1272 552 1338 578 Ἴγά
1354 552 1383 577 τί
1401 550 1435 576 δέ
1460 559 1509 577 σοι
1525 551 1702 585 συνήντησε
1721 551 1778 586 (9-4)
1808 552 1934 586 γόνατα;

1148 598 1177 624 Τί
1195 597 1228 623 δέ
1244 604 1293 623 σοι
1311 597 1344 623 τὸ
1359 597 1488 630 θηλάσαι
1506 597 1650 631 μαστοὺς,
1671 597 1770 628 ἀθλίως
1786 597 1841 632 (95)
1853 597 1932 633 ζήσε-

1146 643 1206 669 σθαι
1224 643 1359 678 μέλλοντι,
1377 643 1423 669 καὶ
1439 642 1510 678 ζωὴν
1525 642 1638 670 θανάτου
1655 642 1864 679 χαλεπωτέραν;
1880 644 1932 669 Καὶ

1145 689 1229 715 ταῦτα
1239 689 1322 723 λέγει,
1339 690 1385 715 καὶ
1398 689 1530 724 ἐπαφίησι
1546 689 1636 724 πηγὰς
1647 689 1781 724 δακρύων,
1795 690 1841 716 καὶ
1856 699 1934 725 περι-

1146 734 1297 766 πτύξασθαι
1315 734 1371 770 (96)
1387 734 1510 769 βούλεται
1525 734 1574 769 μὲν
1591 735 1608 769 ἡ
1618 735 1761 770 δυστυχὴς,
1774 735 1894 770 φοϐεῖται
1906 736 1933 761 δὲ

1145 779 1194 810 τὰς
1205 779 1251 805 τοῦ
1269 780 1362 811 παιδὸς
1376 780 1478 815 σάρκας
1488 780 1526 811 ὼς
1540 780 1678 815 πολεμίας.
1693 780 1831 815 Πάνδημοι
1845 781 1873 808 δὲ
1890 790 1934 808 κα-

1145 825 1290 860 ταϐοήσεις
1315 834 1344 852 τε
1359 826 1406 852 καὶ
1421 825 1536 858 διώξεις,
1561 826 1592 852 οὺ
1608 826 1678 853 κατὰ
1690 826 1744 852 τῶν
1761 827 1932 857 ἀδικούντων,

1147 871 1213 897 ἀλλὰ
1229 871 1299 898 κατὰ
1315 871 1370 907 (97)
1387 871 1441 898 τῶν
1452 871 1653 907 δυστυχούντων
1670 873 1800 906 γίνονται,
1818 874 1872 900 Καὶ
1889 883 1934 907 φο-

308 926 376 952 qnos
393 924 421 946 et
435 918 592 950 sceleratos,
608 918 655 945 sed
667 918 799 945 adversus
814 918 928 946 miseros
941 922 968 945 et
979 917 1092 944 calami-

1147 917 1193 943 νέα
1209 917 1257 952 μὲν
1270 917 1321 952 ἤδη
1345 926 1386 949 τις
1398 917 1575 952 συνῳκίσατο,
1593 918 1640 944 καὶ
1668 918 1753 954 μοιχῴ
1774 919 1932 954 μετέδωκεν,

309 969 382 991 tosos
396 964 558 991 excitantur.
570 964 609 991 Ae
624 964 704 991 czcdis
716 963 823 998 quidem
842 963 956 990 crimine
972 963 1090 990 constri-

309 1016 381 1038 ctum
395 1019 447 1037 non
459 1010 588 1044 deestqui
601 1009 835 1037 conturbernalem
847 1010 898 1037 sibi
911 1009 1054 1042 adsciscat,
1069 1014 1096 1036 et

311 1057 356 1092 qui
373 1057 523 1084 adulterum
540 1064 591 1083 non
608 1056 693 1083 solum
711 1061 780 1084 tecto
800 1057 928 1091 excipiat,
948 1056 995 1084 sed
1015 1056 1096 1084 etiam

309 1103 343 1129 ad
361 1111 480 1130 mensam
506 1102 650 1136 admittat,
675 1109 707 1129 ac
723 1102 885 1137 sacrilegum
908 1102 970 1129 vitae
993 1102 1096 1129 socium

311 1147 452 1179 adhibeat,
471 1155 532 1174 cum
550 1147 636 1181 iisque
648 1166 655 1178 ,
673 1154 687 1173 a
711 1147 810 1181 quibus
835 1146 908 1174 malo
926 1147 1017 1181 aliquo
1033 1145 1097 1173 ail‘e-

309 1199 370 1220 ctus
384 1198 436 1224 est,
452 1193 576 1220 amicitia:
589 1193 677 1220 foedus
691 1193 783 1220 ineat:
798 1191 877 1227 huius
893 1198 1001 1224 contra,
1016 1200 1031 1220 a
1041 1199 1096 1227 quo

311 1239 410 1266 nullam
436 1239 561 1273 injuriam
581 1239 699 1273 accepit,
726 1239 864 1272 morbum,
887 1245 939 1265 non
961 1245 1039 1266 secus
1066 1245 1096 1265 ac

1147 963 1178 989 οὐ
1195 963 1292 996 στέγης
1316 962 1405 998 μόνον,
1429 963 1496 990 ἀλλὰ
1513 963 1560 990 καὶ
1581 964 1729 999 τραπέζης,
1746 965 1792 991 καὶ
1807 965 1864 999 βίου
1877 974 1931 992 κοι-

1148 1007 1232 1035 νωνὸν
1243 1007 1289 1034 τὸν
1316 1008 1454 1044 ἱερόσυλον
1471 1008 1568 1041 εἵλετο,
1582 1009 1628 1035 καὶ
1641 1011 1696 1041 τοῖς
1711 1010 1791 1036 αὐτόν
1811 1019 1835 1036 τι
1848 1011 1933 1037 διατε-

1146 1053 1249 1080 Θεικόσι
1269 1053 1324 1089 (98)
1340 1054 1424 1081 κακὸν
1440 1055 1588 1082 ἐσπείσατο
1599 1064 1606 1070 ·
1623 1056 1669 1082 τοῦ
1686 1055 1714 1082 δὲ
1737 1055 1766 1082 τὸ
1788 1056 1883 1088 πάθος,
1897 1057 1933 1088 ὡς

1146 1099 1281 1135 ἔγκλημα,
1302 1100 1383 1136 μηδὲν
1406 1100 1578 1137 λυπήσαντος
1603 1102 1764 1138 ἀπεστράφη
1793 1102 1860 1136 (99).
1881 1103 1933 1129 Καὶ

1146 1146 1226 1173 πλέον
1243 1146 1280 1182 (l)
1305 1146 1361 1181 ἔχει
1377 1146 1455 1173 νόσου
1477 1147 1578 1174 κακία·
1601 1149 1647 1174 καὶ
1671 1148 1702 1174 τὸ
1726 1149 1774 1183 μὲν
1790 1149 1933 1184 ἀπάνθρω-

1145 1200 1195 1218 πον
1211 1191 1248 1224 ὡς
1263 1192 1416 1227 ἐλευθέριον
1443 1192 1636 1228 ὴσπασάμεθα,
1651 1193 1682 1220 τδ
1704 1193 1732 1220 δὲ
1745 1193 1885 1229 συμπαθὲς
1898 1194 1934 1225 ὡς

1145 1238 1256 1273 αἰσχρὸν
1272 1238 1458 1273 ἠτιμάσαμεν.

310 1285 413 1312 crimen
430 1284 563 1319 quoddam
575 1304 584 1317 ,
601 1289 752 1312 aversatur.
770 1284 808 1311 Ita
827 1284 922 1311 melior
936 1284 992 1311 vitii
1009 1291 1092 1318 quam
1122 1284 1208 1311 morbi
1243 1284 1362 1311 conditio
1380 1289 1420 1311 est
1436 1293 1443 1317 ;
1473 1289 1554 1320 atque
1568 1285 1791 1314 inhumanitatem
1812 1292 1840 1314 ul
1854 1287 1935 1315 libero

310 1330 421 1357 homine
436 1329 545 1364 dignam
563 1328 760 1364 amplectimur,
783 1329 979 1356 humanitatem
1005 1333 1096 1356 autem
1115 1332 1141 1355 el
1156 1329 1381 1362 misericordiam,
1396 1334 1426 1356 ut
1442 1335 1545 1366 turpem
1559 1335 1587 1357 et
1618 1331 1805 1364 inhonestam,
1834 1340 1928 1367 asper—

313 1385 422 1406 namur.

346 1423 402 1450 XII.
424 1422 542 1451 Urbibus
555 1423 713 1458 ejiciuntur,
732 1428 860 1451 arcentur
877 1423 980 1452 aedibus
993 1444 1000 1456 ,
1018 1423 1092 1455 foro,

311 1469 434 1496 conciliis
444 1489 452 1501 ,
475 1469 544 1502 viis,
558 1469 674 1503 publicis
688 1470 881 1501 conventibus,
903 1470 1037 1498 conviviis
1050 1489 1058 1501 ,
1079 1477 1096 1496 ο

311 1514 446 1549 ingentem
462 1513 659 1540 calamitateml
678 1513 734 1547 ipsa
749 1508 828 1548 265
848 1514 930 1541 etiam
944 1522 1030 1549 aqua;
1046 1522 1096 1541 nec

1183 1421 1233 1448 lB'.
1253 1421 1460 1449 Ἀπελαύνονται
1485 1424 1598 1456 πόλεων,
1625 1424 1820 1452 ἀπελαυνονται
1833 1426 1934 1458 οἰκιῶν,

1149 1470 1252 1504 ἀγορᾶς
1265 1469 1314 1503 (2),
1324 1469 1468 1503 συλλόγων,
1478 1470 1554 1501 ὁδῶν,
1569 1471 1756 1506 πανηγύρεων,
1768 1472 1935 1506 συμποσίων.

1150 1513 1183 1548 (ὣ
1199 1513 1244 1540 τοῦ
1259 1513 1360 1544 πάθους
1371 1513 1390 1548 !)
1421 1514 1503 1541 αὐτοῦ
1521 1514 1566 1541 τοῦ
1584 1515 1678 1547 ὕδατος
1689 1525 1696 1532 ⁸
1710 1516 1769 1542 οὔτε
1794 1518 1880 1552 πηγαὶ
1895 1518 1937 1553 ῥέ-

311 1559 376 1594 ipsis
390 1559 497 1593 quidem
517 1558 601 1586 ﬂuunt
618 1559 717 1592 fontes,
732 1559 792 1586 aliis
804 1559 959 1587 hominibus
973 1567 1095 1587 commu-

1150 1568 1238 1591 ουσαι,
1250 1559 1355 1591 τούτοις
1370 1560 1458 1586 κοιναὶ
1479 1561 1546 1596 πρὸς
1561 1560 1599 1596 (5)
1624 1562 1686 1593 τοὺς
1710 1562 1806 1594 ἄλλους
1835 1563 1937 1599 ἀνθρώ-

312 1611 370 1636 nes,
387 1612 436 1632 nec
447 1603 555 1631 ﬂumina
568 1604 625 1639 ipsa
643 1605 710 1632 nihil
727 1605 866 1639 spurcitiei
880 1606 914 1632 ab
931 1605 973 1632 his
987 1610 1097 1633 contra-

310 1649 376 1677 here
395 1650 561 1682 creduntur;
585 1651 710 1685 quodque
731 1651 848 1678 maxime
871 1651 1023 1679 mirandum
1039 1657 1094 1685 est,

311 1703 379 1730 quos
401 1700 431 1723 ut
453 1695 556 1730 piacula
575 1696 786 1728 submovemus,
815 1697 942 1729 eosdem,
973 1701 1004 1724 ut
1029 1698 1095 1724 nihil

312 1741 389 1768 nobis
405 1740 534 1768 molestia:
555 1740 710 1773 inferentes,
733 1741 766 1768 ad
788 1749 837 1768 nos
857 1749 966 1768 rursum
982 1749 1097 1769 conver-

312 1786 404 1820 timus,
420 1794 472 1814 non
487 1786 651 1814 domicilium
669 1787 737 1821 ipsis
751 1787 911 1819 tribuentes,
927 1794 979 1814 non
1002 1796 1097 1815 neces-

312 1833 398 1860 sarios
409 1831 497 1864 cibos,
513 1839 565 1859 non
586 1832 744 1860 vulneribus
759 1833 933 1865 medicinam,
950 1840 1003 1860 non
1021 1838 1096 1860 veste

313 1879 435 1906 tnorbum
451 1885 544 1905 eorum
558 1885 606 1912 pro
623 1878 727 1905 viribus
743 1878 913 1913 obtegentes.
930 1878 970 1906 Ac
983 1879 1097 1914 proinde

313 1927 395 1950 noctu
414 1927 441 1950 et
465 1923 508 1950 diu
532 1927 675 1958 vagantur.
703 1923 799 1957 inopes
813 1943 820 1955 ,
838 1927 866 1950 et
885 1923 962 1956 nudi,
976 1931 1008 1951 ac
1028 1929 1098 1951 tecto

312 1972 437 1995 carentes
448 1987 456 2000 ,
475 1968 599 1995 morbum
619 1969 792 1996 ostendentes
803 1988 810 2000 ,
827 1973 919 1996 vetera
936 1975 1099 1995 commemo-

313 2018 421 2046 rantes,
444 2013 580 2041 Creatoris
594 2021 672 2048 opem
699 2013 893 2049 implorantes,
911 2014 957 2041 alii
983 2013 1097 2041 aliorum

314 2059 458 2091 membris,
485 2066 533 2094 pro
557 2059 590 2086 iis
614 2059 711 2094 quibus
730 2065 842 2092 carent,
867 2064 961 2088 mutuo
974 2064 1098 2092 utentes,

313 2110 408 2133 cantus
440 2106 474 2132 ad
501 2105 714 2133 misericordiam
745 2107 930 2141 pertrahentis
957 2107 1098 2140 artifices,

315 2149 450 2185 paululum
462 2149 588 2184 quiddam
600 2151 677 2185 panis
694 2151 873 2185 postulantes,
890 2156 937 2178 aut
950 2159 1100 2186 parumper

314 2196 428 2227 obsonii.
445 2200 491 2222 aut
507 2195 627 2223 lacerum
645 2197 762 2232 aliquem
780 2203 807 2225 et
817 2197 948 2225 detritum
965 2205 1096 2232 pannum,

352 2253 373 2268 ⁷³
398 2251 448 2279 Joh
477 2260 521 2284 tu,
547 2253 590 2280 11.
627 2253 650 2269 ⁷³
682 2254 747 2282 ibid.
780 2254 825 2282 12.

351 2318 407 2357 (99)
421 2317 529 2357 μέτρα,
543 2319 609 2354 Reg.
628 2328 653 2354 c,
670 2321 778 2357 πέτραι.

351 2354 644 2394 (εξιμιςῠσεϐἐστατοι.
668 2354 800 2394 Ereinitas
818 2361 845 2384 et
857 2357 993 2394 solitarios
1012 2357 1037 2384 in
1053 2358 1096 2384 dc—

316 2391 491 2426 sertj§_vit_am
507 2396 616 2424 agentes
630 2391 753 2426 intelligit
766 2392 924 2426 Gregorius.

353 2423 409 2460 (9%)
429 2423 630 2460 τρός.
652 2423 759 2460 Regia,
771 2427 804 2453 ὲκ
818 2423 933 2458 κοιλίας.

365 2459 410 2494 95)
426 2459 533 2494 quoq.
550 2460 576 2486 ln
597 2461 766 2494 quibusdam,
784 2462 894 2493 εὐθέως.

362 2493 408 2535 914)
422 2493 458 2537 7qu
474 2492 571 2537 diem
595 2492 778 2537 ᾰυνήντῃᾳε,
799 2503 851 2524 etc.
871 2492 940 2537 μσς.
966 2504 990 2528 c,
1007 2498 1100 2537 συνὴν-

317 2529 402 2565 τησάν
414 2536 465 2554 σοι.
487 2528 545 2557 Bill.
578 2539 586 2556 ι
603 2538 687 2565 quare
703 2528 748 2558 tibi
765 2539 850 2566 genua
871 2528 942 2558 inter
963 2528 1097 2568 sejupc'ta

318 2564 397 2603 sunt?
411 2563 531 2603 Quorum
545 2565 627 2592 ttbera
642 2566 736 2603 suxisti
746 2566 757 2592 ‘P
769 2576 777 2592 I
806 2566 960 2602 Elegantem
979 2566 1099 2602 Vulgatte

317 2600 563 2634 interpretatiOnem
577 2601 754 2634 praetulimus.

353 2633 408 2669 (95)
433 2633 559 2668 Ἀθλίως.
579 2635 643 2669 Reg.
661 2643 676 2662 c
700 2637 782 2669 addit,
799 2635 897 2668 οὓτως.

318 2669 408 2740 le](96)
423 2669 671 2703 Περιπτύξασθαι.
690 2670 736 2699 0r.
753 2672 780 2704 2,
798 2671 1010 2708 περιπτύξεσθαι
1035 2671 1102 2708 [ma-

353 2739 411 2776 (977)
425 2739 517 2768 Κατὰ.
533 2740 578 2768 Sic
588 2740 655 2776 Reg.
675 2740 722 2776 hu,
738 2741 821 2769 Coisl.
839 2742 865 2775 1,
880 2747 907 2770 et
920 2742 967 2770 0r.
982 2742 1010 2770 Ξ.
1022 2742 1103 2771 Deest

319 2775 566 2812 uatininrpluribus
581 2775 664 2812 Ruga.
683 2775 745 2808 Ed.,
764 2778 842 2812 μετά,

353 2808 411 2879 (98)
424 2808 715 2846 Διατεθεικόσιῖἶὶεε.
736 2808 928 2845 (Ι,’διατεθεῖσι.

366 2843 410 2879 99)
435 2845 634 2879 Ἀπεστράφη.
663 2846 691 2873 In
717 2848 876 2879 quibusdam
893 2868 901 2879 .
926 2864 928 2870 ι

321 2843 411 2913 luga}
435 2845 634 2881 'Axecnpdgan.
663 2843 702 2873 ln'
717 2843 876 2882 quibusdam
893 2868 901 2882 ,
926 2847 1100 2884 ἀντεστράφη

1148 1614 1227 1638 πους,
1255 1605 1316 1631 οὗτε
1334 1606 1451 1641 ποταμοὶ
1477 1607 1647 1633 πιστεύονται
1672 1608 1754 1643 μηδὲν
1778 1600 1936 1642 ἐφέλκεσθαι

1146 1651 1193 1678 τοῦ
1209 1651 1379 1686 μολύσματος
1389 1660 1396 1667 ⁸
1423 1653 1469 1678 καὶ
1484 1652 1513 1678 τὸ
1528 1652 1744 1688 παραδοξότατον
1761 1654 1809 1689 (Δ),
1832 1654 1869 1686 ὡς
1883 1655 1935 1689 ἄγη

1149 1697 1200 1733 μὲν
1212 1697 1409 1732 ἀπελαύνομεν,
1422 1697 1459 1729 ὡς
1470 1697 1497 1724 δὲ
1511 1698 1586 1724 οὐδὲν
1607 1698 1758 1731 λυποῦντας
1779 1699 1859 1726 πάλιν
1870 1700 1936 1736 πρὸς

1148 1744 1221 1779 ἡμᾶς
1241 1743 1340 1775 αὐτοὺς
1357 1743 1556 1780 ἐπιστρέφομεν
1572 1744 1621 1780 (5),
1647 1745 1696 1771 οὐκ
1715 1746 1821 1780 οἴκησιν
1839 1746 1935 1773 ἀπονέ-

1150 1797 1255 1824 μοντες,
1272 1789 1302 1816 οὐ
1315 1789 1365 1821 τὰς
1380 1789 1531 1823 ἀναγκαίας
1549 1790 1662 1826 τροφὰς,
1677 1791 1707 1817 οὐ
1722 1790 1869 1826 θεραπείαν
1882 1793 1936 1823 τοῖς

1149 1834 1312 1871 τραύμασιν,
1327 1835 1357 1861 οὐ
1370 1835 1457 1871 σκέπῃ
1473 1835 1521 1870 τὴν
1531 1835 1608 1861 νόσον
1624 1836 1662 1867 εις
1677 1835 1791 1871 δύναμιν
1803 1837 1938 1872 περιστέλ-

1149 1881 1249 1913 λοντες.
1263 1882 1311 1908 Διὰ
1321 1881 1399 1907 τοῦτο
1413 1881 1629 1917 περιπλανῶνται
1649 1883 1746 1914 νυκτὸς
1761 1883 1806 1909 καὶ
1821 1884 1936 1919 ἡμέρας,

1149 1927 1255 1963 ἄποροι,
1279 1928 1326 1954 καὶ
1340 1928 1448 1963 γυμνοὶ,
1471 1928 1517 1954 καὶ
1531 1927 1661 1960 ἀνέστιοι,
1678 1929 1728 1964 τὴν
1747 1930 1824 1956 νόσον
1838 1930 1938 1956 ἐπιδει-

1150 1972 1270 2005 κνύντες,
1288 1973 1321 2000 τὰ
1337 1974 1438 2009 ἀρχαῖα
1452 1975 1667 2011 ἐκδιηγούμενοι,
1684 1976 1729 2003 τὸν
1745 1976 1869 2012 Πλάοτην
1880 1978 1938 2003 ἐπι-

1149 2018 1292 2054 ϐοώμενοι,
1307 2019 1443 2056 χρώμενοι
1463 2021 1520 2051 τοῖς
1541 2021 1663 2056 ἀλλήλων
1688 2022 1796 2057 μέλεσιν
1811 2022 1873 2048 ἀντὶ
1884 2023 1938 2049 τῶν

1149 2064 1305 2097 λειπόντων,
1325 2067 1450 2100 σοςρισταὶ
1465 2067 1553 2102 μελῶν
1569 2067 1700 2094 ἑλκόντων
1713 2068 1797 2100 ἔλεον,
1817 2068 1899 2104 ἄρτου
1912 2077 1938 2095 τι

1152 2109 1248 2145 μικρὸν
1263 2110 1411 2144 αἰτοῦντες,
1427 2112 1443 2148 ἦ
1461 2113 1525 2147 ὄψου
1539 2121 1565 2138 τι
1576 2113 1614 2148 (6)
1631 2113 1807 2148 βραχύτατον,
1822 2114 1838 2148 ἢ
1857 2114 1939 2149 ῥάκος

1150 2165 1175 2182 τι
1191 2156 1325 2191 τρύχινον,
1354 2158 1480 2194 βοήθημα
1497 2160 1545 2195 τῆς
1574 2160 1712 2195 αἰσχύνης,
1728 2160 1744 2196 ἢ
1763 2160 1938 2196 παραμυθίαν

1151 2203 1205 2233 τοῖς
1218 2202 1308 2229 ἕλκεσι
1401 2205 1455 2230 Καὶ
1467 2205 1655 2241 φιλάνθρωπος
1677 2203 1754 2238 οὗτος
1772 2207 1873 2241 αὐτοῖς,
1889 2207 1938 2241 οὐχ

1189 2324 1347 2369 ιζλιιέονιἰ
1361 2326 1450 2369 Οιλβ,
1472 2327 1560 2369 κλεῖον
1584 2327 1617 2369 [Γ.
1635 2335 1683 2363 pro
1701 2329 1814 2365 πλεῖον].

1198 2360 1225 2398 2)
1244 2360 1496 2398 ᾈγῸρ-ᾶς..01π)ἐ.,
1509 2360 1627 2398 ἀγορῶν.

1197 2395 1225 2433 ὅ)
1239 2396 1333 2430 [Im-al
1343 2395 1479 2433 ῥέουσαι,
1494 2395 1609 2431 codem;-
1619 2398 1714 2425 κοιναὶ
1733 2400 1808 2433 πρός
1873 2401 1938 2428 νυτ-

1150 2430 1182 2456 tit
1201 2431 1332 2470 interpres
1343 2432 1424 2470 quasi
1440 2431 1550 2466 legisset
1569 2442 1576 2460 :
1597 2430 1694 2469 Πηγαὶ
1712 2430 1804 2470 ῥέουσί
1820 2435 1936 2468 τούτοις,

1149 2465 1237 2490 κοιναὶ
1248 2465 1317 2500 πρός
1379 2466 1448 2492 Edit.

1185 2500 1494 2544 lHagaé‘oZ-g‘dtqror.
1509 2501 1556 2530 0r.
1606 2504 1678 2531 addit
1696 2513 1702 2530 :
1721 2501 1752 2544 οὗ
1762 2504 1786 2544 δῖ
1801 2505 1834 2532 ἂν
1850 2502 1917 2532 ὦσιν
1930 2516 1936 2521 -

1150 2540 1175 2560 et
1192 2535 1260 2575 Gab.
1288 2535 1354 2561 ὅπου
1370 2536 1402 2562 ἂν
1418 2535 1494 2570 ὦσιν,
1527 2547 1537 2564 ‹
1553 2538 1702 2574 ubicunque
1719 2539 1830 2573 fuerint,
1847 2546 1875 2567 ut
1891 2549 1934 2575 pe-

1151 2575 1218 2596 stem
1236 2570 1390 2602 horremus,
1406 2581 1415 2597 ι
1438 2577 1489 2599 etc.

1186 2603 1223 2645 (ξ)
1247 2605 1487 2645 Ἐπιᾳτρέφομειᾳ
1507 2607 1598 2645 schol.
1614 2618 1621 2636 :
1637 2609 1676 2636 At‘
1688 2605 1725 2636 ὧν
1742 2609 1772 2635 οὗ
1789 2610 1939 2645 ποιούμεθα

1151 2639 1240 2681 αὐτῶν
1257 2639 1407 2681 ,πρόνοιανε
1421 2639 1505 2681 ’πρὸς
1525 2644 1598 2679 ἡμᾶς
1622 2644 1719 2676 αὐτοὺς
1747 2639 1939 2681 ἀναγκάζομεν

1151 2674 1325 2715 ειιτιστρεφειν
1338 2685 1343 2691 -
1364 2677 1425 2715 ("Eo
1437 2674 1506 2712 quod
1521 2674 1614 2715 eorttin
1631 2674 1722 2706 curam
1737 2687 1789 2706 non
1805 2674 1937 2715 'gerinius,

1152 2709 1319 2747 illosatlitos
1331 2713 1419 2739 redire
1434 2709 1628 2747 compellimus.
1643 2723 1652 2740 ι

1185 2743 1228 2805 ἕϐ)
1245 2744 1282 2772 Ἣ
1297 2745 1376 2780 ὄψου
1392 2755 1428 2774 τι.
1447 2743 1521 2776 Unus
1542 2749 1621 2784 Reg.,
1646 2749 1663 2785 ἢ
1680 2748 1746 2783 ὕψον
1763 2757 1799 2775 τι.
1817 2749 1845 2776 ln
1865 2749 1936 2781 Pan,

1152 2777 1168 2813 ἢ
1200 2779 1251 2813 dou
1270 2779 1309 2811 τό,
1324 2786 1376 2811 etc.

1200 2786 1251 2811 ψου
1270 2786 1309 2811 το,
1324 2786 1376 2811 εἰς,

1197 2815 1224 2848 7)
1244 2814 1383 2854 βοήθημα
1447 2818 1560 2846 ἕλκεσι.
1586 2818 1691 2850 Billius,
1716 2828 1726 2844 σ
1740 2826 1793 2853 quo
1805 2820 1937 2854 pudendis

1151 2851 1275 2912 ﬁgi-rarius:
1289 2853 1412 2886 partibus
1431 2854 1570 2888 auxilium,
1597 2859 1642 2882 aut
1658 2851 1794 2883 ulceribus
1805 2851 1934 2884 solatium
