2069 3131
240 223 291 252 875

857 221 886 249 S.
907 219 1071 248 GREGORII
1091 217 1264 246 THEOLOGI

1811 217 1865 244 876

272 282 344 310 XIV.
365 282 453 317 Atque
467 282 523 309 haec
541 281 649 317 quidem
669 282 718 316 illi,
741 281 880 316 multoque
894 282 946 313 his,
965 288 1023 315 quae

1111 281 1158 305 ΙΝ.
1178 275 1258 305 Οὗτοι
1276 278 1325 313 μὲν
1345 275 1392 304 οὖν
1406 276 1502 308 ταῦτα,
1523 277 1570 303 καὶ
1587 275 1676 311 πολλῷ
1693 284 1724 310 γε
1739 272 1776 303 ὧν
1788 273 1866 304 εἷπον

237 328 366 359 diximus,
389 327 529 355 miseriora
548 328 700 362 perferunt,
717 327 755 354 illi
768 347 774 359 ,
793 328 917 362 inquam,
935 327 1020 354 nostri

236 374 380 400 secundum
396 372 478 398 Deum
492 371 603 404 fratres,
619 372 727 399 etiamsi
744 371 853 403 nolitis,
885 372 931 406 qui
945 379 1021 398 eam-

236 419 295 446 dem
313 418 451 445 nobiscum
467 422 592 444 naturam
604 418 674 445 nacti
691 422 763 450 sunt,
778 424 858 452 atque
874 425 906 444 ex
925 417 1021 444 eodem

236 464 291 491 luto
305 463 424 496 formati,
441 471 473 490 cx
492 471 544 497 quo
563 471 611 490 nos
634 464 750 497 primum
768 464 853 490 creati
873 470 975 496 smnus,
996 467 1023 489 et

235 511 279 545 qui
299 511 387 537 nervis
403 516 484 544 atque
502 510 608 537 ossibus
626 510 735 544 perinde
750 517 782 537 ac
804 516 853 537 nos
869 509 1001 544 compacli
1013 529 1021 541 ,

235 557 279 590 qui
296 555 408 591 pellibus
420 560 448 583 et
465 563 547 582 carne
559 563 636 590 aeque
652 563 684 582 ac
701 555 796 590 reliqui
812 563 906 583 omnes
923 555 1021 587 induti,

236 603 306 631 velut
319 603 436 637 quodam
453 601 512 629 loco
537 602 575 628 ait
595 602 672 629 divus
684 601 752 633 Job.
770 602 795 629 in
823 601 1022 629 calamitatibus

234 647 445 682 philosopharis,
469 652 550 681 atque
574 655 633 674 eam
659 647 743 674 nostri
768 652 893 682 partem,
915 654 975 681 qua:
995 646 1021 673 in

235 699 372 729 aspectum
384 694 466 726 cadit,
479 694 588 721 elevans
601 701 632 720 ac
643 694 777 728 despuens
789 702 796 725 ;
816 694 915 728 quique
928 693 1022 726 etiam,

236 745 264 767 ut
275 740 377 774 majora
397 740 502 772 dicam,
531 739 676 774 imaginem
701 739 820 766 divinam
836 759 844 771 ,
864 739 975 773 perinde
992 746 1024 766 ac

235 794 302 819 nos,
329 791 505 821 acceperunt,
530 785 680 820 meliusque
697 784 832 818 fortasse,
849 792 930 820 quam
951 792 1000 811 nos
1016 804 1024 816 ,

237 837 345 860 tuentur
357 837 437 866 atque
451 835 624 862 conservant,
645 831 754 858 etiamsi
787 830 887 865 alioqui
904 830 1025 864 corpori-

237 879 287 905 bus
310 877 462 905 labefactati
485 881 564 911 atque
589 877 710 911 corrupti
730 877 802 909 sint;
830 877 875 910 qui
899 876 1024 904 eumdem

236 922 373 950 Christmn
389 922 538 949 secundum
552 921 689 948 internutn
709 921 846 948 hominem
865 921 1020 953 induerunt,

236 973 318 1003 atque
335 969 404 995 idem
426 968 542 1003 Spiritus
566 968 663 1002 pignus
684 966 744 994 ﬁdei
770 974 826 994 suae
847 967 1022 994 commissum
1039 957 1060 984 Β

238 1015 339 1041 habent
357 1023 364 1041 :
378 1013 423 1048 qui
438 1014 578 1041 nobiscum
596 1012 741 1048 participes
761 1013 824 1040 facti
839 1018 903 1041 sunt
919 1020 1026 1040 earum-

237 1060 296 1087 dem
327 1060 433 1094 legum.
460 1059 618 1086 eorumdem
645 1059 840 1091 oraculorum,
871 1063 1024 1086 testamen-

239 1111 338 1138 torum,
361 1112 550 1138 conventuum,
580 1106 781 1141 mysteriorum,
804 1106 924 1141 ejusdem
947 1107 1024 1140 spei:

237 1160 287 1187 pro
320 1153 418 1188 quibus
450 1152 597 1184 Christus,
629 1153 675 1187 qui
705 1152 786 1180 totius
812 1153 903 1180 mundi
930 1159 1026 1187 pecca-

240 1203 295 1224 tum
310 1198 375 1226 tollit
387 1199 420 1230 ",
433 1205 509 1233 atque
523 1202 636 1225 mortem
649 1197 749 1226 subiit:
767 1198 812 1232 qui
829 1197 949 1226 caelestis
965 1199 1025 1226 vita:

1073 325 1235 360 ἀθλιώτερα,
1249 324 1357 351 οἱκατὰ
1370 323 1435 350 Θεὸν
1451 323 1530 359 ἡμῶν
1547 322 1666 356 ἀδελφοὶ,
1682 323 1733 349 κᾶν
1749 322 1785 358 μὴ
1802 323 1864 358 βού-

1073 370 1167 405 λησθε,
1181 372 1204 397 οί
1218 371 1267 406 τὴν
1288 369 1371 405 αὐτὴν
1390 371 1454 404 ἡμῖν
1477 369 1603 404 λαχόντες
1620 369 1709 403 φύσιν,
1727 369 1751 396 οἱ
1774 370 1806 395 ὲκ
1817 369 1865 396 τοῦ

1073 417 1155 444 αὑτοῦ
1167 418 1251 453 πηλοῦ
1269 417 1465 454 διηρτισμένοι,
1481 416 1510 450 ἐξ
1525 414 1554 443 οὗ
1573 417 1604 442 τὸ
1626 416 1734 451 πρῶτον
1757 417 1867 450 γεγόνα-

1076 472 1135 498 μεν,
1150 463 1174 489 οἱ
1190 464 1295 499 νεύροις
1310 463 1356 489 καὶ
1377 463 1478 494 ὀστέοις
1491 462 1640 497 ἐνειρμένοι
1651 461 1706 497 (18)
1722 461 1867 497 παραπλη-

1076 510 1141 541 σίως
1155 510 1231 545 ἡμῖν,
1258 509 1282 536 οἱ
1299 509 1387 545 δέρμα
1404 509 1450 535 καὶ
1479 508 1564 544 κρέας
1589 507 1755 543 ἐνδεδυμένοι
1782 509 1866 535 πᾶσιν

1074 556 1185 591 ὁμοίως,
1200 555 1237 587 ὥς
1249 555 1299 582 πού
1313 564 1395 590 φησιν
1411 556 1425 581 ὀ
1440 555 1511 585 θεῖος
1531 554 1590 580 Ἰὼϐ
1604 554 1790 590 ὲμφιλοσοφῶν
1809 556 1866 585 τοῖς

1075 601 1184 633 πάθεσι,
1214 602 1260 628 καὶ
1283 602 1420 628 διαπτύων
1448 601 1527 636 ἡμῶν
1550 601 1605 637 (19)
1629 601 1660 627 τὺ
1685 601 1864 636 φαινόμενονο

1076 647 1175 683 μᾶλλον
1187 647 1223 679 δὲ,
1233 654 1256 674 ει
1266 648 1318 684 χρὴ
1330 648 1358 674 τὸ
1367 647 1457 683 μεῖζον
1464 648 1561 679 εἰπεῖν,
1570 647 1632 674 οίτδ
1644 648 1703 674 κατ’
1712 646 1866 682 είκόνα(ἳο)

1075 695 1121 721 καὶ
1145 694 1271 728 λαχόντες
1298 694 1399 726 ὁμοίως
1423 694 1499 729 ἡμῖν,
1520 694 1565 720 καὶ
1593 693 1773 728 φυλάσσοντες
1801 694 1867 725 ἴσως

1076 740 1146 776 ὑπὲρ
1165 741 1250 776 ἡμᾶς,
1277 740 1300 766 εἰ
1325 740 1372 766 καὶ
1382 740 1417 767 τὰ
1433 739 1546 776 σώματα
1571 739 1770 775 διεφθάρησαψ
1783 740 1807 765 οἱ
1819 739 1866 766 τὸν

1075 786 1156 813 αὑτὸν
1177 787 1347 821 ἐνδεδυμένοι
1363 786 1480 822 Χριστὸν
1498 786 1568 813 κατὰ
1587 786 1632 813 τὸν
1648 786 1701 813 ἔσω
1713 785 1865 821 ἄνθρωπον,

1076 833 1123 860 κει)⁸
1136 833 1182 859 τὸν
1193 833 1273 859 αὑτὸν
1287 833 1353 868 ἡμῖν
1369 832 1558 864 πιστευθέντες
1566 832 1714 868 ἀρραϐῶνα
1727 831 1774 858 τοῦ
1785 832 1867 858 Ilvati-

1080 887 1166 914 ματος
1176 888 1183 895 ·
1199 880 1223 906 οἱ
1248 879 1301 906 τῶν
1321 879 1410 906 αὐτῶν
1425 880 1490 914 ἡμῖν
1512 879 1691 914 μετασχόντες
1708 879 1808 914 νόμων,
1824 878 1867 904 λο-

1076 925 1153 960 γίων,
1178 925 1325 961 διαθηκῶν,
1356 925 1503 958 συνάξεων,
1536 925 1702 960 μυστηρίων,
1734 924 1864 950 ἐλπίδων·

1075 971 1144 1006 ὑπὲρ
1159 967 1196 998 ὧν
1213 971 1330 1007 Χριστὸς
1355 971 1456 1007 ὁμοίως
1468 971 1613 1002 ἀπέθανεν,
1635 972 1649 998 ὁ
1668 970 1767 1002 παντὸς
1781 971 1866 1006 αἴρων

1074 1017 1124 1052 τὴν
1154 1017 1289 1052 ἁμαρτίαν
1306 1017 1353 1044 τοῦ
1382 1017 1503 1052 κόσμον·
1536 1018 1560 1044 οἱ
1584 1017 1796 1052 συγκληρονόμοι
1816 1017 1867 1050 τῆς

1075 1064 1131 1090 ἄνω
1154 1062 1235 1099 ζωῆς,
1261 1064 1308 1090 καὶ
1329 1064 1353 1089 εί
1376 1064 1519 1100 παραπολὺ
1538 1064 1594 1099 (21)
1621 1064 1671 1099 τῆς
1694 1063 1810 1089 ἐνταῦθα
1826 1062 1866 1088 δι-

1076 1111 1210 1145 ήμαρτον·
1227 1111 1251 1137 οἱ
1269 1111 1482 1146 συνθαπτόμενοι
1500 1109 1610 1145 Χριστῷ
1625 1109 1693 1145 (22),
1707 1111 1753 1135 καὶ
1772 1117 1868 1134 συναν-

1076 1156 1224 1191 ιστάμενοι·
1242 1156 1320 1192 εἴπερ
1336 1156 1553 1192 συμπάσχουσιν,
1569 1156 1612 1182 ἵνα
1628 1156 1674 1182 καὶ
1687 1154 1866 1188 συνδοξασθιῦ-

1079 1211 1131 1228 σιν.

238 1244 392 1271 cohaeredes
406 1249 467 1271 sunt
480 1245 513 1277 ⁷⁸,
531 1245 635 1272 etiamsi
656 1252 767 1280 prorsus
787 1249 893 1272 terrena
921 1245 1049 1274 felicitate
1075 1249 1198 1276 destituti
1214 1260 1219 1277 :
1238 1250 1283 1284 qui
1301 1258 1362 1278 cum
1383 1250 1492 1278 Christo
1506 1249 1681 1281 sepeliuntur,
1707 1255 1740 1276 ac
1754 1255 1815 1275 cum
1834 1253 1868 1274 eo

239 1290 271 1317 ad
290 1290 374 1317 vitam
390 1291 538 1318 redeunt"
556 1300 562 1317 :
579 1291 712 1325 siquidem
727 1291 938 1326 compatiuntur,
956 1297 984 1320 ul
998 1297 1025 1320 et
1043 1294 1279 1330 conglorilicentur
1291 1296 1326 1323 ⁷⁸.

274 1335 354 1371 267
386 1335 444 1362 XV.
465 1335 534 1369 Quid
558 1341 647 1363 autem
674 1344 737 1369 nos,
767 1337 864 1372 quibus
897 1345 1022 1373 magnum

1113 1339 1164 1368 IE’.
1179 1341 1211 1367 Τί
1226 1341 1254 1367 δὲ
1271 1342 1326 1376 (25)
1351 1343 1442 1377 ἡμεῖς,
1463 1342 1488 1367 οξ
1507 1342 1536 1368 τὺ
1553 1342 1622 1377 μέγα
1639 1341 1686 1368 καὶ
1700 1340 1792 1367 καινὸν
1808 1340 1867 1367 δνο-

240 1383 305 1410 illud
323 1390 354 1409 ac
366 1390 465 1410 novum
483 1390 581 1410 nomen
594 1383 701 1418 obtigit,
716 1387 770 1410 uta
781 1383 889 1411 Christo
905 1385 1025 1412 nomine-

1081 1395 1118 1421 μα
1145 1387 1358 1422 κεκληρωμένοι,
1386 1387 1417 1413 τὸ
1442 1387 1581 1414 καλεῖσθαι
1604 1387 1656 1413 ἀπὸ
1686 1385 1815 1421 Χριστοῦ,
1838 1385 1869 1412 τὸ

241 1436 310 1460 mur,
327 1436 393 1463 gens
405 1432 510 1460 sancta,
520 1428 610 1462 regale
623 1428 814 1460 sacerdotium,
830 1428 945 1463 populus
958 1428 1027 1456 sele-

1080 1432 1156 1466 ἇγιον
1183 1432 1269 1464 ἔθνος,
1286 1433 1317 1459 τὸ
1339 1432 1474 1468 βασίλειον
1500 1433 1660 1468 ἱεράτευμα,
1684 1433 1698 1458 ὁ
1714 1431 1869 1468 περιούσιος

240 1479 300 1501 ctus
310 1477 336 1500 et
351 1473 494 1508 peculiaris
506 1473 540 1505 "',
554 1473 685 1500 bonorum
699 1477 728 1500 et
738 1473 896 1501 salutarium
914 1481 1025 1509 operum

1080 1476 1143 1509 λαὸς
1157 1477 1212 1512 (24)
1236 1478 1284 1504 καὶ
1308 1478 1457 1514 ἐξαίρετος,
1480 1480 1494 1505 ὀ
1519 1478 1641 1514 ζηλωτὴς
1669 1477 1758 1504 καλῶν
1780 1477 1869 1513 ἔργων

240 1523 358 1547 sectator
374 1518 414 1551 "';
452 1519 498 1553 qui
522 1519 623 1546 Christi
654 1519 776 1554 discipuli
807 1527 917 1553 sumus,
943 1520 1027 1551 mitis,

1083 1523 1130 1549 ttat
1165 1523 1317 1559 σωτηρίων,
1354 1525 1379 1550 οί
1410 1524 1528 1560 Χριστοῦ
1562 1524 1681 1560 μαθηταὶ
1710 1523 1757 1550 τοῦ
1780 1523 1869 1559 πράου

242 1565 363 1599 inquam,
376 1564 447 1591 illius
460 1569 487 1591 et
499 1564 606 1599 benigni
621 1564 655 1596 5‘,
673 1564 719 1599 qui
735 1564 907 1592 inﬁrmitates
921 1569 1027 1593 nostras

1083 1569 1130 1594 καὶ
1164 1569 1366 1604 φιλανθρώπου,
1401 1570 1517 1602 καὶτὰς
1542 1570 1683 1601 ἀσθενείας
1708 1568 1787 1605 ἡμῶν
1822 1568 1871 1603 βαι-

240 1611 359 1645 portavit
383 1610 419 1642 ⁸³.
443 1610 487 1645 qui
507 1617 592 1644 usque
612 1610 646 1637 ad
671 1611 889 1645 conspersionem
908 1616 1027 1639 nostram

1084 1614 1240 1647 στάσαντος,
1270 1615 1316 1641 τοῦ
1344 1616 1560 1648 ταπεινώσαντος
1588 1616 1684 1642 ἑαυτὸν
1718 1615 1798 1651 μέχρι
1821 1615 1870 1641 τοῦ

241 1663 303 1684 sese
320 1656 435 1690 deiecit,
452 1656 499 1690 qui
515 1660 624 1691 propter
643 1663 692 1683 nos
709 1656 800 1684 carnis
820 1657 899 1691 hujus
917 1658 1031 1685 terreni-

242 1709 294 1737 quc
304 1702 466 1729 tabernaculi
485 1705 667 1736 paupertatem
681 1701 778 1734 subiit,
796 1706 823 1729 et
836 1707 928 1729 nostra
950 1709 1030 1729 causa

242 1748 270 1774 in
288 1747 424 1775 doloribus
440 1751 467 1774 et
484 1747 658 1782 languoribus
674 1753 798 1775 versatus
811 1753 862 1780 est,
878 1752 907 1775 ut
922 1755 970 1776 nos
991 1748 1031 1775 di-

243 1793 363 1820 vinitatis
382 1800 446 1828 opes
470 1800 668 1828 consequamur
678 1793 701 1809 ⁸⁸
723 1802 730 1820 :
747 1794 810 1828 quid
826 1802 893 1832 nos,
908 1794 1029 1829 inquam,

242 1839 288 1874 qui
311 1843 413 1866 tantum
431 1839 625 1866 misericordia:
639 1845 666 1866 et
680 1841 925 1868 commiserationis
939 1848 1031 1868 exem-

242 1884 316 1919 plum
332 1885 506 1919 accepimus;
530 1885 594 1920 quid
610 1886 643 1913 de
659 1887 702 1914 his
713 1887 904 1922 cogitabimus.
920 1892 947 1915 et
965 1887 1030 1922 quid

243 1930 392 1958 faciemus?
405 1931 445 1958 An
458 1937 505 1958 eos
522 1935 726 1960 contemnemus
735 1932 748 1959 ?
762 1940 796 1960 an
814 1933 1030 1968 praeteribimus?

243 1983 276 2002 an
291 1980 321 2003 ut
339 1979 470 2008 mortuos,
487 1979 516 2003 ut
531 1976 722 2010 exsecrabiles,
741 1981 770 2004 ut
784 1977 1031 2012 perniciosissimos

244 2028 366 2056 quosque
375 2025 516 2056 serpentes
528 2029 559 2049 ac
573 2021 644 2049 feras
656 2022 830 2049 deseremus?
842 2021 1028 2057 Nequaquam,

243 2068 354 2095 fratres.
370 2067 496 2094 Alienum
511 2067 562 2094 hoc
578 2075 592 2094 ιι
616 2068 695 2095 nobis
716 2073 775 2100 est,
789 2067 835 2102 qui
852 2067 953 2095 Christi
965 2075 1030 2096 oves

245 2113 379 2145 sumus“,
404 2113 467 2140 boni
492 2113 563 2140 illius
579 2113 710 2147 Pastoris,
722 2113 768 2148 qui
793 2118 928 2141 errantem
952 2121 1029 2141 ovem

246 2159 366 2191 reducit.
382 2164 408 2186 et
425 2159 557 2193 perditam
578 2159 714 2193 conquirit
730 2159 764 2192 ⁸⁵,
777 2163 804 2186 et
820 2159 954 2186 inﬁrmam
969 2166 1030 2186 cor-

246 2204 354 2232 roborat
365 2204 407 2232 8‘z
422 2205 538 2232 alienum
559 2204 622 2231 item
643 2205 676 2232 ab
698 2205 815 2231 humana
834 2209 949 2237 natura,
971 2212 1030 2240 qua:

245 2251 510 2279 commiserationem
527 2249 610 2278 veluti
626 2250 680 2277 lata
700 2250 760 2285 lege
772 2250 873 2282 sanxit,
888 2255 981 2285 utpote
994 2259 1027 2278 ex

1080 1660 1214 1696 ἡμετέρου
1242 1661 1412 1697 φυράματος,
1439 1662 1486 1688 τοῦ
1512 1662 1546 1688 δι’
1563 1663 1637 1698 ἡμᾶς
1666 1661 1870 1696 πτωχεύσαντος

1083 1706 1132 1740 τὴν
1164 1705 1252 1742 σάρκα
1280 1707 1382 1742 ταύτην
1407 1707 1454 1734 καὶ
1480 1707 1510 1733 τὸ
1548 1707 1649 1741 γεῶδες
1678 1707 1787 1741 σκῆνος,
1822 1707 1871 1733 καὶ

1080 1753 1252 1788 ῶυνηθέντος
1284 1753 1330 1779 καὶ
1365 1753 1579 1789 μαλακισθέντος
1606 1753 1676 1788 ὑπὲρ
1710 1752 1799 1788 ἡμῶν,
1827 1753 1871 1779 ἴνα

1080 1799 1160 1833 ἡμεῖς
1187 1798 1244 1833 (25)
1287 1798 1482 1834 πλουτήσωμεν
1509 1798 1558 1834 τὴν
1594 1797 1707 1833 θεότητα
1733 1797 1804 1833 (26);
1839 1797 1871 1823 Τί

1079 1842 1125 1871 οὖν
1148 1845 1238 1880 ἡμεῖς,
1256 1845 1281 1871 οἱ
1308 1844 1434 1872 τοσοῦτον
1463 1844 1661 1879 εὐσπλαγχνίας
1690 1843 1738 1870 καὶ
1761 1852 1870 1878 συμπα-

1081 1889 1155 1922 θείας
1181 1890 1307 1922 λαϐόντες
1338 1890 1507 1926 ὑπόδειγμα·
1538 1891 1564 1917 τί
1587 1889 1782 1925 ὃιανοησόμεθα
1807 1890 1871 1925 περὶ

1079 1934 1191 1968 τούτων,
1209 1936 1255 1962 καὶ
1266 1936 1293 1962 τί
1319 1937 1485 1971 ποιήσομεν;
1509 1935 1714 1971 Περιοψὸμεθα;
1732 1935 1872 1971 παραδρα-

1082 1979 1222 2015 μοὺμεθα;
1240 1981 1447 2017 Καταλείψομεν
1466 1981 1504 2013 ὡς
1516 1982 1640 2017 νεκροὺς,
1656 1982 1692 2013 ὡς
1707 1980 1871 2015 ἐϐδελυγμέ-

1080 2034 1152 2058 νους,
1166 2027 1204 2058 ὡς
1221 2027 1344 2063 ἑρπετῶν
1359 2028 1407 2054 καὶ
1428 2027 1530 2064 θηρίων
1546 2028 1582 2054 τὰ
1603 2027 1789 2063 πονηρότατα;
1809 2027 1871 2062 Μη-

1079 2072 1183 2108 δαμῶς,
1210 2072 1335 2107 ἀδελφοί·
1361 2074 1423 2101 οὔτε
1445 2075 1512 2111 πρὸς
1530 2076 1607 2110 ἡμων
1634 2075 1731 2106 ταῦτα,
1751 2073 1798 2100 τοῦ
1816 2074 1871 2108 (‘27)

1082 2118 1200 2153 Χριστοῦ
1226 2119 1403 2155 θρεμμάτων,
1418 2121 1464 2148 τοῦ
1480 2121 1582 2156 ἀγαθοῦ
1609 2121 1752 2157 Ποιμένος,
1770 2120 1816 2147 τοῦ
1841 2120 1872 2146 τὸ

1082 2163 1255 2199 πλανώμενον
1280 2166 1499 2202 ἐπιστρέφοντος,
1517 2167 1563 2193 καὶ
1582 2167 1612 2194 τὸ
1624 2166 1766 2198 ἀπολωλὸς
1790 2165 1873 2201 ἐκζη-

1079 2208 1199 2241 τοῠντος,
1211 2210 1257 2236 καὶ
1270 2210 1301 2236 τὸ
1325 2211 1436 2244 ἀσθενὲς
1455 2212 1625 2247 ὲνισχὺοντος
1634 2221 1641 2228 ·
1666 2211 1728 2238 οὔτε
1742 2212 1810 2247 πρὸς
1823 2212 1873 2247 τῆς

1081 2253 1253 2291 ἀνθρωπίνης
1269 2255 1384 2290 φύσεως,
1407 2258 1469 2293 ἥτὸ
1498 2258 1640 2294 συμπαθὲς
1666 2258 1870 2293 ἐνομοθέτησεν,

245 2298 339 2324 eadem
353 2297 510 2325 infirmitate
524 2297 558 2324 ad
572 2297 698 2331 pietatem
715 2301 743 2324 et
757 2296 953 2338 humanitatem
966 2304 1027 2324 eru-

1081 2299 1113 2325 ὲκ
1122 2299 1172 2335 τῆς
1187 2300 1247 2336 ῐσης
1261 2302 1402 2334 ἀσθενείας
1417 2303 1539 2339 μαθοῦσα
1550 2304 1581 2331 τὸ
1598 2303 1708 2336 εὐσεϐὲς
1721 2304 1768 2330 καὶ
1782 2303 1874 2338 φιλάν-

245 2343 310 2369 dita.

281 2387 351 2415 XVI.
379 2388 448 2421 Quid
474 2388 582 2416 autem?
606 2388 680 2415 llline
707 2387 757 2415 ευδ
781 2388 826 2415 dio
848 2386 1029 2421 vexabuntur,

280 2468 305 2506 Ῐξ
323 2468 401 2506 Joan.
420 2468 500 2506 t,_2_9.
526 2469 590 2506 _'f“_|
605 2468 668 2495 Cor.
684 2475 742 2506 vni,
755 2467 826 2506 i_l_.__
835 2467 860 2506 '1
877 2466 980 2495 Coloss.
995 2476 1027 2506 ii,

1077 2471 1106 2506 εκ
1130 2472 1153 2488 ⁷⁸
1173 2473 1250 2500 Hom.
1267 2481 1326 2506 vni,
1346 2474 1390 2501 17.

244 2504 266 2541 ff
282 2503 376 2541 Matth.
391 2511 430 2535 x1,
444 2504 488 2530 29.
510 2503 548 2541 _"
565 2503 615 2531 lsa.
631 2511 690 2535 LIII,
705 2503 732 2530 4.
767 2503 790 2519 ⁸³
801 2502 826 2529 ﬂ
840 2501 902 2530 Car.
921 2510 979 2536 vm,
992 2501 1026 2531 9.7

1077 2505 1171 2534 ‘Joan.
1187 2516 1214 2541 x,
1232 2509 1274 2535 Η.

244 2538 267 2555 ⁵⁸
282 2539 379 2566 Ezech.
397 2546 488 2568 xxxw.
503 2539 530 2565 4.

281 2619 336 2655 (18)
357 2619 544 2653 Ὲνειρμένοι.
559 2618 605 2646 Sic
625 2618 713 2653 plures
728 2618 812 2654 Κείς.
827 2623 854 2646 et
874 2618 950 2646 Coll).
966 2619 1028 2652 Alii,

244 2655 398 2691 ἑνηρμὲνοι.

282 2692 337 2723 (19)
360 2689 466 2724 Ὴμῶν.
485 2689 530 2716 Sic
547 2688 667 2723 plerique
690 2689 768 2716 codd.
783 2689 810 2715 In
826 2689 896 2720 aliis,
907 2689 994 2724 ὑμῶν.

282 2725 337 2765 (20)
360 2724 395 2751 Τὸ
415 2723 602 2752 κατέὶκόνα.
633 2733 643 2750 ι
655 2724 778 2751 Animam
795 2734 804 2751 ι
823 2723 948 2759 intelligit
963 2724 1032 2751 Gre-

246 2768 524 2829 εθξὲῧήαριιπολύ,
548 2798 601 2821 etc.
626 2793 653 2820 In
667 2793 836 2829 quibusdam,
857 2793 933 2828 παρὰ
951 2794 1028 2821 πολύ.

249 2830 309 2856 «Δϋ
322 2829 412 2863 hujus,
431 2837 525 2864 nempe
539 2829 682 2864 praesentis
702 2830 762 2864 yitte
782 2829 912 2856 felicitate
929 2829 1030 2863 longis-

247 2866 314 2892 sime
333 2865 503 2891 aberrarunt.
518 2873 527 2889 ›
539 2863 607 2891 ΒίΗ.
630 2873 640 2890 ι
653 2864 694 2891 Ab
704 2863 755 2890 hac
774 2863 932 2898 longissime
954 2865 1034 2891 aber-

246 2904 474 2970 “gitimam
490 2933 536 2961 0r.
553 2933 570 2960 2
587 2933 671 2966 addit,
686 2933 729 2960 διὰ
743 2933 941 2969 βαπτίσματος,
959 2943 967 2960 t
981 2942 1029 2970 per

389 3038 401 3053 Ι

1085 2345 1202 2373 θρωπον.

1120 2354 1202 2373 ωπον.

1103 2353 1176 2425 PIQ".
1213 2393 1282 2419 Ἀλλ’
1305 2394 1329 2420 οἱ
1362 2394 1411 2430 μὲν
1445 2395 1572 2431 ’ύπαιυροι
1605 2396 1871 2432 ταλαιπωρήσουσιν,

1445 2475 1455 2490 '
1471 2488 1480 2500 ι
1493 2473 1550 2500 Pet.
1566 2481 1595 2505 11,
1611 2474 1636 2501 9.
1675 2474 1698 2490 ⁸⁰
1712 2474 1764 2500 'l'it.
1783 2482 1810 2503 ιι,
1829 2475 1871 2501 ..4.

1327 2510 1350 2525 ⁸⁵
1371 2508 1465 2536 Matth.
1499 2517 1576 2540 xvm,
1594 2509 1643 2542 12;
1673 2509 1738 2536 Luc.
1765 2517 1810 2542 xv,
1841 2511 1870 2537 ι.

1084 2619 1255 2654 baptismum.
1271 2629 1280 2645 ι

1120 2653 1176 2690 (Ξᾷ)
1200 2654 1230 2680 TI
1243 2653 1285 2681 δέ.
1305 2654 1388 2689 Regg.
1404 2663 1429 2687 c,
1445 2656 1491 2690 ph.
1507 2655 1540 2682 Τί
1552 2655 1603 2683 δαί.

1119 2689 1176 2724 (‘24)
1189 2690 1363 2726 ῌεριούιγιος
1378 2689 1459 2723 Iade.
1479 2690 1569 2717 Schol.
1588 2699 1595 2717 :
1614 2691 1871 2726 mptxsmmpévog,

1086 2724 1264 2765 συνηγμένος,
1287 2724 1361 2756 ἴδιος,
1390 2734 1398 2751 t
1425 2726 1538 2761 populus
1558 2724 1716 2760 acquis‘itus,
1730 2724 1871 2758 collecms,

1084 2767 1219 2794 proprius.
1243 2769 1252 2785 ι

1120 2794 1176 2832 (ξὸ)
1198 2795 1264 2832 Ἵνα
1279 2795 1373 2832 ἡμεῖς.
1390 2796 1472 2832 Regg.
1487 2796 1540 2828 bm,
1554 2796 1600 2830 ph,
1613 2796 1646 2832 ἴνξ
1659 2796 1749 2832 ἡμεῖς,

1121 2830 1257 2867 (26)-Τὴν
1269 2831 1401 2865 θεότητα.
1423 2830 1488 2866 Rég.
1504 2839 1529 2863 c,
1541 2837 1606 2864 etc.,
1620 2830 1790 2867 τὴνὲκείνου
1811 2831 1873 2857 θεὸς

1087 2873 1166 2903 τητειζ
1185 2864 1220 2903 lii
1228 2865 1310 2903 (ξι-,β
1324 2864 1398 2894 deest
1410 2864 1468 2903 τήνζ

1121 2900 1177 2936 (27)
1200 2900 1266 2927 Τοῦ.
1283 2901 1366 2937 Regg.
1382 2910 1407 2935 a,
1421 2900 1474 2935 bin,
1491 2902 1537 2937 ph,
1549 2901 1622 2935 Bas.,
1635 2901 1696 2928 τῶν.
