2069 3131
285 275 318 302 79
858 275 887 304 S.
908 274 1074 302 GREGORII
1094 273 1266 303 TIIEOLOGI

1845 277 1898 305 880

268 343 348 369 qnam
366 335 507 369 impudicis
532 334 618 362 oculis
644 335 793 366 conducat,
822 335 962 367 exornati;
989 334 1050 364 alii,

1105 335 1237 370 συμφέρει
1250 334 1349 369 λίχνοις
1367 333 1513 369 ὁσοαλμοῖς
1530 335 1752 370 κεκοσμημένους
1763 344 1770 350 ·
1796 336 1858 367 τοὺς
1868 335 1897 361 δὲ

267 380 361 415 pocula
375 380 501 407 extremis
516 381 607 414 digitis
622 385 743 407 tenentes
757 400 764 411 ,
782 387 862 414 quam
883 380 939 407 fieri
965 385 1053 414 potest

268 426 466 460 elegantissime
480 426 561 453 simul
576 434 608 453 ac
620 426 770 458 tutissime;
788 425 843 457 alii,
862 425 970 453 follibus
985 433 1050 453 ven-

269 478 324 498 tum
338 480 419 507 super
433 477 514 506 caput
531 473 677 499 artiﬁciose
691 473 857 504 excitantes,
878 476 958 506 atque
980 471 1053 498 auris

268 525 347 544 manu
361 517 483 544 conflatis
495 517 590 545 molem
603 517 694 544 carnis
706 517 913 551 refrigerantes;
923 521 951 543 ut
961 524 1051 544 mensa

268 564 377 597 insuper
391 563 520 590 carnibus
532 563 674 593 redundet,
688 563 828 590 elementis
839 562 966 590 omnibus
977 563 1053 590 nobis

268 609 370 643 prolixe
384 614 413 636 et
425 609 534 644 copiose
549 609 818 636 snbministrantibus
828 629 835 640 ,
855 615 918 636 aere
940 616 1052 643 nempe,

267 660 350 688 terra,
362 663 447 690 aqua;
466 663 569 690 nosque
584 663 745 690 coquorum,
763 660 790 681 et
805 662 911 687 eorum,
927 655 971 690 qui
985 662 1053 690 epu-

266 701 308 727 las
325 702 478 733 instruunt,
496 700 637 728 lenociniis
658 701 882 734 comprimamur;
906 707 1054 735 omnesque

266 747 300 773 de
321 754 354 773 eo
375 751 548 778 concertent,
568 746 663 781 ecquis
687 746 765 773 avido
790 752 817 774 et
840 746 946 781 ingrato
967 747 1052 774 ventri

266 802 348 828 quam
361 795 479 821 maxime
492 794 659 826 blandiatur,
672 794 747 829 gravi
760 794 871 821 omnino
884 793 997 820 sarcinze
1007 813 1015 824 .
1027 798 1054 820 et

268 841 399 867 malorum
424 840 546 871 auctori,
569 840 664 868 bellum
683 847 794 875 prorsus
817 839 998 870 insaturabili,
1021 847 1053 866 ac

266 894 395 921 perquam
415 886 517 918 infidae,
536 887 617 918 huic,
640 886 768 920 inquam,
784 886 828 920 qui
841 893 901 912 cum
923 885 991 912 cibis
1007 885 1052 919 qui

267 933 419 965 abolentur,
430 932 541 967 jamjam
563 933 620 967 ipse
640 932 800 959 abolendus.
824 931 858 958 Et
877 932 984 966 quidem
1012 931 1050 959 illi

267 979 394 1014 praeclare
409 986 499 1006 secum
513 979 555 1013 agi
571 978 719 1013 putabunt,
742 978 764 1005 si
784 978 826 1005 vel
842 985 910 1012 aqua
924 977 1052 1012 explean-

268 1030 330 1052 tur:
347 1032 396 1052 nos
419 1029 509 1051 autem
531 1024 585 1050 viui
607 1024 702 1058 pocula
719 1031 804 1058 usque
819 1024 852 1050 ad
866 1023 1050 1050 temulentiam

268 1072 434 1102 hauriemus,
449 1070 502 1097 imo
515 1070 595 1097 etiam
610 1069 678 1096 ultra
694 1069 892 1102 temulentiam,
910 1069 1006 1096 saltem
1023 1069 1052 1101 ii,

266 1118 312 1152 qui
329 1116 432 1150 majore
447 1116 654 1150 intemperantia
670 1116 810 1147 laborant;
825 1119 906 1148 atque
918 1122 950 1142 ex
966 1114 1053 1150 pluri-

266 1163 317 1189 bus
331 1161 399 1188 vinis
412 1161 463 1188 alia
479 1160 632 1193 rejiciemus
644 1179 651 1191 ,
669 1160 720 1186 alia
732 1179 740 1191 ,
763 1164 790 1186 ut
807 1159 900 1186 suavia
920 1163 948 1186 et
963 1163 1051 1194 grata.

266 1207 440 1241 probabimus
450 1227 457 1239 ,
475 1205 509 1233 de
525 1205 586 1233 aliis
597 1206 678 1232 etiam
695 1205 958 1240 philosophabimur,
973 1209 1054 1238 atque

267 1253 294 1280 in
318 1254 479 1281 detrimento
496 1259 642 1288 ponemus,
661 1253 711 1279 nisi
734 1251 816 1288 269
833 1251 865 1278 ad
881 1251 997 1285 patrium
1011 1251 1052 1278 vi-

267 1307 341 1329 num.
355 1298 490 1326 exoticum
504 1297 585 1325 etiam
602 1297 736 1331 quoddam
749 1297 867 1324 maxime
877 1296 1050 1327 celebratum,

265 1345 338 1372 velut
355 1350 501 1379 tyrannus,
517 1343 636 1370 accedat.
653 1341 706 1369 Nos
725 1342 823 1377 quippe
838 1341 925 1369 lautos
941 1345 969 1368 et
983 1341 1051 1368 deli-

265 1396 349 1421 catos,
365 1395 391 1416 et
406 1389 570 1424 profusiores
580 1396 662 1423 quam
677 1395 741 1416 usus
752 1387 852 1422 exigat,
865 1392 912 1414 aut
923 1394 994 1420 esse,
1006 1391 1053 1413 aut

1103 381 1151 412 τὰς
1175 380 1289 411 κύλικας
1306 380 1350 406 ἐπ’
1370 380 1462 414 ἄκρων
1477 380 1615 407 δακτύλων
1641 380 1761 415 ἔχοντας,
1785 381 1822 412 ὡς
1841 378 1897 406 οἷόν

1102 435 1131 452 τε
1143 426 1351 462 εὖπρεπέστατά
1365 434 1393 452 τε
1418 425 1485 461 ὁμοῦ
1500 426 1546 452 καὶ
1558 425 1752 460 ἀσφαλέστατα
1763 435 1770 441 ⁷
1792 427 1856 458 τοὺς
1868 426 1897 452 δὲ

1103 473 1172 508 ὑπὲρ
1189 472 1309 507 κεφαλῆς
1323 472 1422 507 ἄνεμον
1437 473 1497 504 ταῖς
1513 473 1600 507 ριπῖσι
1628 472 1832 507 σοφιζομένους,
1850 472 1897 498 καὶ

1102 520 1161 549 ταῖς
1175 519 1206 544 ἐκ
1221 518 1319 553 χειρῶν
1331 517 1428 553 αὔραις
1442 518 1472 544 τὺ
1490 517 1590 552 πλῆθος
1606 517 1659 544 τῶν
1677 517 1784 553 σαρκῶν
1798 517 1897 552 ἀναψύ-

1103 572 1216 599 χοντας⁸
1231 564 1277 590 καὶ
1292 564 1326 590 τὰ
1346 565 1394 590 ἐπὶ
1409 563 1525 595 τούτοις,
1541 563 1652 599 πλήθειν
1671 563 1719 598 μὲν
1741 562 1830 598 κρεῶν
1846 562 1896 597 τὴν

1102 609 1252 645 τράπεζαν,
1282 611 1390 636 πάντων
1404 609 1593 645 χορηγούντων
1610 610 1676 644 ἡμῖν
1687 609 1740 635 τῶν
1757 608 1896 643 στοιχείων

1103 655 1247 687 πλουσίως,
1262 655 1351 691 ἀέρος,
1362 655 1425 690 γῆς,
1437 655 1541 687 ὓδατος
1551 655 1598 682 καὶ
1609 653 1830 690 στενοχωρεῖσθαι
1838 653 1895 687 (37)

1102 703 1158 733 τοῖς
1172 702 1310 738 μαγείρων
1325 703 1372 728 καὶ
1394 702 1528 736 ὀψοποιῶν
1555 701 1788 736 μαγγανεύμασιν,
1802 699 1895 734 ἀγῶνα

1102 747 1131 774 δὲ
1147 746 1214 774 εἶναι
1242 748 1334 778 πᾶσιν.
1353 748 1426 779 ὅστις
1449 747 1487 778 ὡς
1508 747 1625 782 μάλιστα
1651 747 1701 782 τὴν
1716 747 1808 782 λίχνην
1837 745 1894 781 (58)

1103 794 1168 828 ἡμῖν
1195 793 1241 819 καὶ
1271 793 1417 828 ἀχάριστον
1441 792 1600 819 κολακεύσει
1622 793 1753 828 γαστέρα,
1774 791 1805 818 τὺ
1826 791 1895 826 βαρὺ

1103 835 1212 870 φορτίον
1227 837 1274 862 καὶ
1297 836 1462 872 ἀρχέκακον,
1479 837 1509 863 τὸ
1523 837 1724 872 ἀπληστότατον
1739 837 1832 872 θηρίον
1847 837 1895 862 καὶ

1102 881 1291 913 ἀπιστότατον,
1310 882 1359 918 τὴν
1391 883 1616 918 καταργουμένην
1642 883 1740 910 αὐτίκα
1769 883 1816 908 σὺν
1839 883 1895 913 τοῖς

1103 928 1332 963 καταργουμένοις
1353 927 1490 964 βρώμασι.
1510 929 1564 955 Καὶ
1582 930 1638 960 τοῖς
1652 928 1702 964 μὲν
1728 927 1794 956 πολύ
1807 936 1833 954 τι
1847 928 1894 954 κό-

1103 981 1150 1008 ρος
1164 973 1211 999 καὶ
1226 973 1333 1005 ὓδατος,
1354 974 1421 1008 ἡμῖν
1435 973 1463 1000 δὲ
1489 975 1536 1000 καὶ
1556 974 1635 1010 μέχρι
1658 974 1741 1009 μέθης
1756 975 1779 1000 οε
1798 973 1844 1000 τοῦ
1856 974 1895 1000 οἴ-

1103 1028 1148 1046 νου
1166 1019 1315 1055 κρατῆρες,
1335 1019 1434 1054 μᾶλλον
1457 1019 1485 1046 δὲ
1499 1020 1546 1046 καὶ
1571 1020 1641 1056 ὑπὲρ
1663 1020 1713 1055 τὴν
1729 1019 1825 1055 μέθην,
1840 1021 1895 1050 τοῖς

1103 1074 1134 1099 γε
1155 1065 1378 1101 ἀκολαστοτέρως
1388 1074 1394 1080 ·
1416 1066 1463 1092 καὶ
1486 1066 1532 1092 τὸν
1547 1066 1595 1101 μὲν
1610 1065 1828 1100 ἁποπεμψόμεθα
1840 1065 1895 1091 τῶν

1104 1111 1192 1143 οἴνων,
1207 1111 1253 1138 τὸν
1269 1111 1297 1138 δὲ
1310 1111 1488 1148 ἐγκρινοῦμεν
1511 1111 1550 1143 ὡς
1571 1111 1720 1146 ἀνθοσμίαν
1743 1112 1810 1146 (59),
1831 1112 1896 1147 περὶ

1103 1156 1132 1182 δὲ
1146 1156 1192 1183 τοῦ
1219 1156 1445 1193 φιλοσοφήσομεν,
1463 1157 1549 1192 ζημία
1568 1157 1606 1188 δὲ,
1635 1157 1660 1184 εἰ
1690 1157 1727 1193 μὴ
1748 1157 1896 1193 προσέσται

1104 1203 1143 1238 τῷ
1157 1204 1281 1240 ἐγχωρίῳ
1299 1204 1346 1230 καὶ
1372 1204 1426 1231 τῶν
1441 1204 1648 1240 ὀνομαζομένων
1670 1204 1751 1237 ξένων
1771 1205 1826 1240 (40)
1842 1213 1895 1236 τις,

1104 1249 1198 1285 ῶσπερ
1221 1250 1368 1285 τύραννος.
1396 1251 1442 1277 Δεῖ
1468 1250 1522 1286 γὰρ
1545 1252 1618 1286 ἡμᾶς
1645 1251 1745 1287 ἁδροὺς
1769 1251 1817 1278 καὶ
1846 1251 1896 1285 τῆς

1105 1295 1197 1330 χρείας
1215 1295 1473 1332 περιττοτὲρους,’ῆ
1491 1294 1571 1328 εἶναι,
1587 1297 1604 1332 ἢ
1620 1296 1787 1332 νομίζεσθαι,
1801 1296 1896 1332 ὥσπερ

1105 1342 1323 1377 αἰσχυνομένους,
1342 1343 1366 1369 εί
1392 1342 1429 1378 μὴ
1442 1343 1522 1370 κακοὶ
1541 1343 1728 1378 νομιζοίμεθα,
1742 1343 1787 1369 καὶ
1806 1342 1894 1369 δοῦλοι

1105 1387 1232 1423 γαστρὸς,
1247 1388 1294 1414 καὶ
1307 1387 1361 1414 τῶν
1377 1388 1428 1414 ὑπὸ
1444 1388 1576 1424 γαστέρα.

267 1437 358 1464 haberi
382 1440 503 1471 oportet,
525 1435 636 1471 perinde
659 1440 740 1470 atque
764 1442 916 1467 vereamur,
935 1442 969 1462 ne
990 1442 1047 1461 non
1067 1434 1143 1469 pravi
1177 1434 1374 1469 existimemur,
1393 1443 1424 1464 ac
1454 1437 1576 1470 ventris,
1593 1441 1748 1469 eteorum,
1763 1445 1823 1472 quae
1843 1439 1893 1464 sub

266 1488 359 1512 ventre
372 1487 450 1514 sunt,
465 1483 610 1516 mancipia.

304 1529 393 1557 XVIII.
412 1533 481 1562 Qum
497 1536 568 1561 nare,
594 1537 611 1555 ο
636 1529 715 1557 amici
735 1534 762 1556 et
781 1530 897 1557 tratres?
919 1529 983 1564 quid
1003 1537 1052 1557 nos

1138 1529 1191 1554 IH’.
1208 1528 1240 1554 Τί
1252 1527 1350 1560 ταῦτα,
1375 1525 1398 1554 ὦ
1415 1528 1486 1562 φίλοι
1502 1529 1548 1555 καὶ
1573 1529 1697 1563 ἀδελφοίς
1721 1529 1746 1554 τί
1763 1529 1894 1565 νοσοῦμεν

267 1583 374 1612 quoque
384 1575 535 1602 animorum
547 1574 640 1602 morbo
652 1579 785 1607 tenemur,
800 1575 893 1602 morbo
905 1575 985 1610 longe
996 1582 1054 1610 gra-

266 1622 351 1652 viori,
368 1627 448 1655 quam
470 1627 523 1654 quo
548 1627 661 1655 corpora
684 1620 863 1654 premuntur?
885 1619 935 1647 Hic
953 1620 1054 1647 etenim

266 1673 363 1701 prmter
386 1667 552 1693 voluntatem
576 1665 699 1697 exsistit,
724 1665 769 1694 ille
789 1673 854 1693 vero
876 1674 891 1693 a
917 1666 1055 1693 voluntate

268 1716 376 1744 manat;
391 1710 434 1738 hic
453 1718 504 1737 una
522 1717 585 1738 cum
598 1710 647 1737 hac
658 1710 712 1737 vita
726 1710 836 1742 desinit,
852 1710 908 1743 ille,
920 1718 980 1738 cum
992 1711 1055 1738 hinc

268 1757 426 1792 migramus,
444 1757 584 1784 nobiscum
596 1756 736 1788 abscedit;
753 1757 798 1784 hic
811 1756 977 1784 miserationi
989 1777 998 1789 ,
1011 1757 1054 1784 ille

266 1804 329 1831 odio
343 1808 402 1836 est,
419 1803 489 1838 apud
506 1809 552 1830 eos
575 1802 701 1837 quidem,
722 1803 767 1836 qui
783 1810 856 1830 sanae
875 1803 974 1831 mentis
992 1807 1055 1830 sunt

267 1854 413 1883 compotes.
428 1849 484 1876 Cur
500 1853 602 1875 natum
612 1868 620 1881 ,
636 1848 698 1874 dum
715 1853 820 1882 tempus
834 1848 963 1875 habemus
973 1868 981 1881 ,
1001 1856 1053 1875 non

266 1894 469 1922 succurrimus?
492 1894 556 1926 Cur,
571 1901 632 1921 cum
647 1901 711 1920 caro
725 1894 809 1922 simus
820 1913 827 1926 ,
842 1893 933 1921 carnis
946 1893 1055 1921 humili-

267 1945 349 1967 tatem
372 1947 425 1967 non
446 1940 631 1973 contegimns?
650 1939 705 1966 Cur
720 1940 746 1966 in
761 1938 876 1967 fratrum
893 1939 1055 1967 calamitati—

269 1987 318 2013 bus
331 1985 434 2012 deliciis
448 1984 609 2011 studemus?
627 1984 703 2012 Absit
715 1985 766 2012 hoc
781 1992 797 2011 a
813 1992 855 2012 me
865 2004 873 2018 ,
890 1989 919 2011 ut
938 1984 981 2011 vel
993 1985 1054 2020 opi—

269 2031 320 2058 bus
334 2030 486 2062 abundent,
507 2029 550 2057 his
569 2030 658 2064 inopia
684 2037 772 2057 rerum
786 2030 993 2063 laborantibus;
1012 2029 1054 2057 vel

266 2077 408 2112 commoda
422 2076 574 2104 valetudine
596 2076 681 2110 fruar,
705 2077 755 2104 nisi
777 2077 873 2103 horum
898 2076 1054 2103 vulneribus

266 2130 344 2158 opem
360 2122 445 2149 feram
459 2130 466 2154 ;
481 2121 523 2148 vel
539 2121 638 2148 victum
653 2127 735 2156 atque
754 2122 884 2148 amictum
909 2121 975 2148 satis
997 2128 1055 2148 am-

266 2169 339 2204 plum
356 2169 481 2202 habeam,
496 2175 528 2195 ac
541 2167 593 2195 sub
608 2171 680 2195 tecto
698 2168 883 2202 requiescam,
899 2168 949 2195 nisi
963 2172 990 2195 et
1006 2175 1053 2202 pa-

1103 1573 1151 1605 καὶ
1163 1573 1239 1600 αὐτοὶ
1252 1574 1301 1605 τὰς
1315 1573 1403 1609 ψυχὰς
1416 1574 1483 1609 (41),
1501 1574 1577 1601 νόσον
1591 1574 1657 1601 πολὺ
1671 1575 1719 1610 τῆς
1732 1575 1786 1602 τῶν
1799 1576 1894 1611 σωμά-

1103 1628 1158 1646 των
1171 1619 1226 1654 (ᾇὲ)
1237 1619 1430 1654 χαλεπωτέραν
1444 1627 1451 1652 ;
1469 1620 1544 1655 ὐσῳ
1557 1620 1606 1656 τὴν
1618 1620 1667 1656 μὲν
1683 1621 1809 1648 ἀκούσιον
1824 1620 1893 1653 οἶδα,

1103 1666 1152 1701 τὴν
1166 1665 1194 1691 δὲ
1212 1665 1361 1700 ἐρχομένην
1386 1666 1417 1692 ὲκ
1442 1666 1628 1701 προαιρέσεως
1639 1675 1645 1682 ·
1674 1667 1721 1694 καὶ
1741 1667 1789 1703 τὴν
1802 1667 1892 1702 μὲντῇ

1104 1711 1160 1746 ζωῇ
1177 1711 1262 1746 ταύτῃ
1287 1711 1554 1747 συγκαταλυομένην,
1578 1713 1626 1748 τὴν
1653 1712 1681 1739 δὲ
1710 1713 1893 1740 συναπιοῦσαν

1103 1757 1168 1791 ἡμῖν
1184 1756 1390 1792 μεθισταμένοις
1419 1756 1490 1792 (45)’
1512 1758 1561 1784 καὶ
1580 1758 1629 1794 τὴν
1652 1758 1701 1793 μὲν
1720 1758 1892 1794 ἐλεουμένην,

1105 1802 1154 1838 τὴν
1169 1802 1198 1829 δὲ
1216 1803 1393 1838 μισουμένην,
1410 1804 1466 1835 τοίς
1485 1811 1515 1837 γε
1527 1803 1589 1831 νοῦν
1602 1803 1718 1839 ἔχουσιν.
1730 1804 1762 1831 Τί
1775 1804 1812 1840 μὴ
1830 1804 1893 1840 βοη-

1103 1847 1202 1882 θοῦμεν
1223 1848 1257 1882 τῇ
1280 1847 1360 1882 φύσει
1387 1847 1481 1883 καιρὸν
1494 1847 1600 1882 ἔχοντες
1622 1847 1736 1883 (44);τί
1753 1848 1790 1884 μὴ
1817 1856 1894 1883 περι-

1105 1893 1257 1928 στέλλομεν,
1277 1893 1377 1927 σάρκες
1409 1893 1494 1924 ὀντες,
1516 1893 1565 1928 τῆς
1584 1894 1683 1930 σαρκὸς
1695 1893 1744 1929 τὴν
1760 1895 1893 1920 ταπείνω-

1105 1946 1162 1971 σιν;
1177 1939 1202 1964 τί
1219 1938 1364 1974 τρυφῶμεν
1375 1940 1404 1965 ἐν
1416 1940 1471 1971 τοῖς
1481 1939 1535 1966 τῶν
1551 1939 1672 1974 ἀδελφῶν
1686 1939 1872 1976 δυστυχήμασι
1884 1949 1891 1972 ;

1104 1984 1150 2019 Μή
1179 1993 1224 2019 μοι
1251 1984 1366 2018 γένοιτο,
1383 1985 1449 2020 μήτε
1472 1984 1605 2017 πλουτεῖν,
1622 1985 1722 2012 τούτων
1738 1987 1892 2022 ἀπορουμέ-

1103 2039 1156 2056 νων
1166 2039 1172 2046 ·
1188 2030 1256 2066 μήτε
1267 2031 1397 2063 εὐεκτεῖν,
1410 2025 1434 2057 εί
1449 2031 1486 2066 μὴ
1502 2031 1628 2068 βοηθοίην
1648 2031 1703 2067 (65)
1719 2034 1776 2064 τοῖς
1790 2033 1892 2059 τούτων

1104 2077 1256 2111 τραύμασι·
1279 2077 1315 2112 μὴ
1337 2077 1438 2112 τροφῆς
1455 2077 1555 2109 ἱκανῶς
1568 2077 1650 2113 ἔχειν,
1665 2079 1702 2114 μὴ
1721 2078 1834 2113 σκέπης,
1853 2079 1891 2114 μὴ

1105 2121 1157 2148 ὑπὸ
1173 2122 1271 2157 στέγην
1285 2122 1483 2156 ἀναπαύεσθαι,
1500 2124 1524 2149 εἰ
1550 2123 1587 2159 μὴ
1603 2125 1648 2150 καὶ
1660 2124 1742 2160 ἄρτον
1755 2125 1890 2160 ὀρέξαιμι,

1105 2168 1152 2194 καὶ
1177 2168 1319 2203 μεταδοίην
1334 2169 1445 2204 ἐσθῆτος
1462 2170 1501 2202 εἰς
1514 2170 1637 2205 δύναμιν,
1657 2171 1704 2197 καὶ
1724 2171 1776 2197 ὑπὸ
1793 2171 1891 2206 στέγην

266 2222 328 2242 nem
343 2214 376 2241 iis
390 2221 440 2249 pro
457 2213 615 2241 facultatum
630 2213 738 2241 modulo
750 2214 895 2249 porrigam,
911 2218 937 2240 et
948 2219 1051 2241 vestem

1103 2212 1300 2249 ἁναπαύσαιμι.
1322 2214 1391 2240 Ἀλλ’
1415 2215 1473 2250 ἦτοι
1491 2216 1577 2242 πάντα
1605 2217 1748 2243 ἀποθετέον
1770 2218 1889 2253 Χριστῷ,

267 2260 415 2296 impertiar,
425 2267 526 2294 eosque
538 2264 608 2288 tecto
621 2260 764 2295 excipiam.
781 2259 891 2293 Verum,
904 2260 947 2288 vel
960 2260 1050 2287 omnia

266 2311 374 2341 propter
395 2306 531 2333 Christum
552 2306 725 2340 deponenda,
747 2311 776 2333 ut
800 2307 923 2340 sincere,
944 2307 1051 2334 sublata

266 2351 387 2378 humeris
401 2358 491 2384 cruce,
510 2352 597 2386 ipsum
614 2359 771 2386 sequamur,
786 2352 920 2387 simulque
933 2352 1006 2380 leves
1019 2361 1052 2381 ac

266 2397 401 2430 expediti,
418 2404 468 2424 nec
489 2397 522 2424 al)
549 2397 603 2424 ulla
627 2403 656 2424 re
681 2397 708 2424 in
730 2397 856 2425 deorsum
876 2399 1000 2430 attracti,
1017 2399 1052 2426 ad

258 2443 412 2476 supernum
427 2441 554 2469 mundum
569 2441 757 2474 convolemus,
776 2446 857 2477 atque
877 2450 925 2477 per
942 2443 1051 2470 humili-

268 2492 349 2515 tatem
366 2487 494 2519 exaltati,
518 2492 545 2514 et
565 2495 612 2522 per
635 2493 780 2522 egestatem
796 2488 891 2522 dilati,
912 2488 1048 2516 Christum

302 2588 356 2624 (57)
376 2586 634 2622 Στενοχωρεῖσθαι.
656 2595 665 2612 ‹
686 2586 805 2624 Fercuiis
824 2588 953 2620 delicatis,
969 2599 1052 2624 etipe-

267 2622 318 2650 diis
333 2623 534 2662 angustiemur;
554 2632 563 2648 ι
586 2629 641 2662 prae
655 2622 826 2650 multitudine
843 2624 956 2657 scilicet,
977 2622 1011 2652 ut.
1024 2627 1050 2653 in

267 2665 359 2686 mensa
373 2661 447 2684 lUCllS
461 2664 513 2684 non
527 2661 652 2691 SUPBI‘SIL

303 2693 358 2727 ('38)
379 2693 503 2726 Λίχνην.
520 2691 603 2727 Regii?
612 2692 712 2724 plures.
725 2692 821 2727 λίχνον.

302 2729 358 2763 (39)
385 2727 573 2761 Ἀνθοσμίαν.
595 2726 812 2759 Interpretatur:

267 2762 358 2789 colore
371 2763 450 2788 simul
465 2767 492 2788 et
503 2763 585 2789 odore
597 2762 747 2796 praeditum.
767 2772 776 2787 ›

305 2798 360 2834 (40)
382 2797 491 2834 Esi-tor.
570 2797 597 2830 2,
610 2797 684 2829 ξένον
699 2796 800 2834 [uitale].

315 2831 359 2866 41)
380 2831 493 2866 Ψυχάς.
513 2832 587 2859 Unus
601 2834 684 2859 codex
700 2831 789 2862 addit:
803 2835 858 2862 καί.

314 2867 359 2901 49.)
380 2866 533 2900 Σωμάτων.
546 2867 594 2894 0r.
610 2867 628 2893 2
641 2867 724 2899 addit,
741 2868 852 2896 τούτων.

303 2901 362 2944 (45),
378 2901 618 2936 Μεθισταμένοις.
633 2902 679 2929 Sic
691 2909 785 2930 omnes
797 2905 873 2931 codd.
892 2904 972 2937 Editi,
991 2905 1053 2940 p.50-

269 2945 436 2971 ισταμενους.

304 2972 358 3000 (Mi
378 2971 488 3005 Καιρὸν
513 2971 644 3005 ἔχοντες.
674 2971 735 3000 llaec
754 2973 849 3001 desunt
876 2975 903 3002 in
929 2975 1050 3010 pluribus

837 2738 846 2754 ‹
872 2729 961 2757 vinum
979 2732 1049 2758 bono

1106 2258 1148 2284 ἵνα
1161 2258 1279 2293 γνησίως
1290 2259 1516 2296 ἁκολουθήσωμεν
1530 2261 1616 2297 αὐτῷ,
1632 2263 1676 2288 τὸν
1693 2263 1808 2298 σταυρὸν
1823 2263 1888 2297 ἀρά-

1106 2313 1191 2339 μενοι,
1207 2305 1253 2332 καὶ
1272 2306 1435 2342 ἁναπτῶμεν
1454 2307 1491 2339 ὡς
1507 2307 1601 2342 κοῦφοι
1617 2308 1674 2343 (46)
1695 2309 1763 2344 πρὸς
1775 2309 1820 2336 τὸν
1834 2310 1890 2337 ἄνω

1104 2350 1215 2386 κόσμον,
1244 2352 1290 2378 καὶ
1316 2353 1456 2384 εὐσταλεῖς
1476 2354 1528 2380 ὑπὸ
1553 2354 1666 2390 μηδενὸς
1686 2355 1887 2391 καθελκόμενοι.

1103 2397 1149 2423 καὶ
1162 2397 1337 2433 κερδήσωμεν
1353 2399 1413 2425 ἀντὶ
1432 2400 1539 2426 πάντων
1557 2401 1684 2436 Χριστὸν,
1701 2401 1745 2428 διὰ
1758 2402 1891 2428 ταπείνω-

1105 2451 1147 2469 σιν
1161 2443 1321 2478 ὑψωθέντες,
1334 2445 1379 2471 καὶ
1390 2445 1434 2471 διὰ
1453 2446 1548 2473 πενίαν
1560 2447 1759 2483 πλουτήσαντες
1769 2457 1775 2463 ·
1789 2449 1806 2484 ἢ
1821 2449 1889 2484 Χρι-

1105 2489 1158 2524 στῷ
1170 2490 1204 2516 τὰ
1213 2490 1277 2517 ὄντα
1292 2492 1498 2527 συμμεριστέον,
1514 2493 1557 2519 ἵνα
1565 2493 1620 2529 (47)
1634 2503 1693 2525 πως
1706 2494 1752 2520 καὶ
1763 2495 1794 2521 τὸ
1806 2495 1888 2530 ἔχειν,

1102 2593 1179 2620 codd.

1137 2627 1198 2669 (45).
1213 2629 1368 2669 Βοηθοίηις.
1382 2630 1427 2657 Sic
1439 2631 1491 2658 duo
1506 2630 1588 2666 Regg.
1601 2636 1628 2658 et
1638 2632 1686 2660 Or.
1704 2633 1731 2659 2.
1747 2634 1810 2666 Alii,
1822 2633 1887 2669 βοη-

1102 2662 1176 2725 θείἎν
1193 2663 1367 2699 [perperam].

1137 2699 1146 2725 ί
1166 2699 1193 2725 6i
1218 2698 1264 2725 Ὡς
1279 2699 1367 2725 κοῦροι

1137 2698 1203 2737 (46ἶ
1279 2698 1395 2737 κοῦφοι.
1413 2700 1492 2728 Deest
1505 2701 1543 2732 ὡς
1555 2702 1581 2728 in
1599 2702 1720 2737 pluribus
1733 2703 1812 2731 codd.
1837 2704 1887 2731 llic

1102 2733 1213 2772 locnsiu
1228 2734 1274 2772 ρι’.
1291 2735 1318 2772 ξ.
1331 2735 1447 2772 aliisque
1464 2733 1604 2772 permultis
1616 2738 1655 2765 sic
1672 2738 1769 2772 legitur
1791 2747 1798 2765 :
1823 2739 1887 2765 κοῦ-

1101 2776 1146 2808 φοι
1218 2769 1356 2801 εὐσταλεῖς
1371 2771 1440 2805 πρὸς
1451 2771 1497 2797 τὸν
1509 2771 1575 2805 ἄνω,
1589 2777 1640 2800 etc.
1657 2773 1685 2800 In
1697 2769 1756 2801 aliis
1767 2780 1842 2806 vero,
1859 2781 1887 2801 ut

1102 2811 1128 2829 ιιι
1140 2811 1181 2829 eu
1198 2812 1230 2829 IS.

1102 2811 1128 2830 ΙΙΙ
1140 2810 1230 2831 θίιιιιε.

1137 2839 1193 2878 (4_7_)
1215 2839 1276 2878 Ἵνα
1287 2846 1349 2873 πως
1361 2841 1410 2878 καί
1426 2840 1460 2878 τὸ
1472 2841 1564 2875 ἔχειν,
1578 2847 1644 2873 ete.,
1662 2851 1672 2868 ε
1690 2843 1818 2878 utaliquo
1830 2851 1887 2870 mo-

1101 2873 1143 2913 ilu_
1156 2874 1181 2900 id
1203 2875 1284 2902 etiam
1308 2876 1379 2908 quod
1398 2873 1537 2913 habemus,
1558 2882 1700 2911 propterea
1721 2873 1792 2913 quod
1814 2884 1886 2906 recte

1102 2908 1257 2947 habeamus,
1267 2914 1302 2947 _c_t
1316 2911 1545 2938 communicemus
1558 2908 1625 2938 'euin
1649 2913 1681 2940 iis
1700 2908 1744 2947 qui
1766 2921 1819 2940 non
1839 2914 1887 2940 ha-

1101 2942 1173 2975 bent,
1188 2945 1384 2982 sanciiticetur;
1406 2955 1415 2971 ›
1439 2953 1534 2981 nempe
1564 2947 1684 2975 honestae
1708 2942 1886 2982 possessionis

1101 2985 1179 3013 atque
1195 2979 1272 3008 ollicii
1287 2980 1398 3009 ratione.
