2069 3131
188 144 238 171 881

652 144 782 172 ORATIO
802 144 870 172 XIV.
891 159 924 165 -ε
943 144 988 172 DE
1007 143 1197 172 PAUPERUM
1217 140 1348 169 AMORE.

1767 138 1819 166 882

186 201 230 228 Bti
240 201 286 228 τοῦ
305 201 395 232 καλῶς
410 201 492 238 ἔχειν,
507 203 634 240 ἁγιασϐᾔ,
652 204 697 230 καὶ
712 204 759 230 τοῦ
770 205 909 231 κοινωνεῖν
925 205 981 236 τοῖς

1036 203 1093 231 loco
1107 202 1227 230 omnium
1245 207 1336 228 rerum
1357 200 1526 230 elucremur;
1551 198 1592 225 vel
1619 202 1691 225 certe
1713 197 1820 225 Christo

187 248 223 283 μὴ
241 247 358 282 ἔχουσιν.
375 248 407 274 Εἰ
420 248 448 274 δὲ
464 249 511 275 καὶ
526 249 669 285 σπείραιμι
684 249 795 285 ἐμαυτῷ
805 250 888 285 μόνῳ,
906 250 979 276 σπεί-

186 301 264 328 ρκιμι
281 293 344 328 ἄρα,
362 293 408 320 καὶ
425 293 499 320 ἄλλοι
517 295 628 329 φάγοιεν
644 295 699 330 (48)
710 303 717 310 '
730 296 776 322 καὶ
787 295 831 322 ἵνα
847 295 928 322 πάλιν
943 295 980 322 εἴ.

190 349 229 366 πω
245 339 275 366 τὸ
289 339 336 365 τοῦ
354 339 429 365 Ἱώὸ·
462 340 535 367 Ἀντί
563 340 661 374 πιφοῦ
681 340 798 373 ἐξέλθοι
812 350 862 376 μοι
880 340 978 375 κνίδη,

187 385 252 413 ἀντὶ
265 384 298 411 δὲ
313 385 418 420 κριθῆς
430 385 525 418 ,ϐάτος
535 395 542 402 -
561 386 671 413 καύσων
686 386 714 412 δὲ
728 386 828 422 ἄνεμος
839 386 981 418 ὑπολάὁοι,

187 430 233 456 καὶ
244 430 369 464 ὑφέλοιτο
392 430 491 465 λαῖλαψ
509 429 573 462 τοὺς
592 430 674 466 ἐμοὺς
692 431 800 462 πόνους,
827 431 869 457 ἵνα
882 431 922 463 είς
937 440 982 458 κε-

187 475 233 502 νὸν
258 475 433 511 κοπιάσαιμι.
451 476 483 503 Εἰ
500 476 528 502 δὲ
544 476 592 502 καὶ
609 475 751 512 ἀποθήκας
771 477 983 513 οἰκοδομήσαιμι

187 523 219 547 ὲκ
234 521 288 548 τῶν
300 521 354 557 (49)
373 522 491 557 μαμωνᾶ
515 521 700 557 θησαυρίζων,
714 523 761 549 καὶ
777 524 904 558 μαμωνᾷ,
917 523 980 550 ταύ-

185 575 219 602 τῃ
239 568 271 601 τῇ
285 567 363 593 νυκτὶ
383 567 432 602 τὴν
449 567 537 602 ψυχὴν
554 567 611 603 (50)
626 567 817 604 ἀπαιτηοείην,
832 568 909 602 λόγον
929 569 980 603 ὐφ-

187 613 263 646 ἐξων,
279 610 316 639 ὦν
329 613 421 646 κακῶς
431 613 610 649 ὲῠησαύρισα.

1035 256 1100 283 opes
1115 253 1214 276 nostrae
1228 245 1459 274 communicanda:
1469 265 1476 275 ,
1495 249 1524 270 ut
1540 244 1603 278 ipsae
1625 244 1737 271 honeste
1756 250 1819 278 pos-

1033 302 1129 327 sessze,
1155 299 1183 321 et
1209 293 1370 328 pauperibus
1393 299 1486 318 earum
1515 291 1541 317 in
1569 295 1672 324 partem
1700 290 1820 321 vocatis,

1034 341 1178 368 sanctitate
1193 340 1308 374 quadam
1323 339 1490 366 imbuantur.
1505 337 1580 371 Quod
1593 338 1614 364 si
1628 337 1692 364 mihi
1709 336 1757 371 ipsi
1769 336 1820 364 soli

1032 395 1132 419 seram,
1152 387 1186 414 ita
1203 394 1291 414 seram
1308 385 1399 417 velim,
1414 391 1508 412 verum
1524 389 1553 411 ut
1564 384 1608 410 alii
1621 383 1702 410 etiam
1718 383 1819 410 fructus

1031 433 1111 460 edant
1124 442 1131 467 ;
1145 439 1226 468 alque
1237 453 1244 465 ,
1262 437 1292 460 ut
1306 431 1364 459 Jobi
1380 431 1469 458 verbis
1493 437 1587 457 rursus
1600 434 1661 456 utar
1676 438 1683 456 :
1700 428 1751 455 Pro
1770 428 1820 454 tri-

1031 479 1083 506 tico
1100 480 1203 506 oriatur
1215 479 1281 506 mihi
1294 479 1390 509 urtica,
1406 485 1453 512 pro
1469 476 1567 503 hordeo
1585 480 1671 502 autem
1688 474 1767 501 rubus
1779 474 1819 504 3";

1030 529 1125 552 ventus
1146 524 1228 551 etiam
1247 530 1328 550 urens
1342 528 1370 549 et
1383 523 1463 549 turbo
1476 521 1583 548 labores
1598 527 1672 547 meos
1686 518 1820 552 excipiant

1030 577 1061 597 ac
1082 570 1231 604 surripiant
1244 589 1251 602 ,
1272 574 1302 596 ut
1319 569 1344 595 in
1366 575 1465 595 vanum
1486 566 1676 594 laboraverim.
1701 564 1775 598 Quod
1797 565 1819 591 si

1029 614 1110 641 etiam
1123 614 1222 641 horrea
1237 619 1388 644 exstruat",
1408 613 1550 639 thesauros
1563 618 1595 638 ex
1613 617 1778 640 mammona,
1793 612 1820 634 et

187 666 349 686 mammona:
374 659 531 692 cumulatus,
557 667 611 686 non
635 667 730 687 recuso
753 660 898 694 tptominus
930 660 979 687 bac
999 668 1105 695 quoque
1142 665 1223 687 nocte
1255 660 1373 687 animam
1391 665 1517 693 reposcar
1528 657 1563 692 ⁸⁸,
1583 657 1714 685 ratiouem
1727 663 1819 683 eorum

187 705 354 738 redditurus,
372 714 432 741 quze
449 706 519 733 male
533 708 648 742 aggessi.

223 751 273 778 ἰδ’.
292 752 329 778 Οὐ
351 753 564 788 σωφρονήσομεν
583 753 638 789 (51)
658 753 707 788 ὀψὲ
723 753 787 787 γοῦν
799 762 805 786 ;
819 754 848 780 οὐ
864 753 980 780 καταῦα-

187 798 233 824 λοῦ
237 807 286 833 μεν
295 798 343 834 τὴν
353 798 529 833 ἀναλγησίαν,
540 800 583 826 ἵνα
595 799 632 835 μὴ
643 800 715 834 λέγω
723 799 896 835 μικρολογίαν
906 800 960 836 (52)
972 809 978 832 ;

186 845 216 870 οὐ
246 845 279 871 τὰ
308 844 466 881 ἀνθρώπινα
499 845 661 881 λογιούμεϐα
689 846 761 880 (55);
794 846 844 872 οὐκ
871 847 899 872 ὲν
925 847 980 877 τοῖς

187 890 287 925 ἑτέρων
303 892 398 922 κακοῖς
410 891 444 918 τὰ
465 891 587 928 ἡμέτερα
609 889 637 918 εὖ
654 891 808 927 οησόμεθα;
833 891 913 918 Φύσει
931 892 979 926 μὲν

187 936 242 971 γὰρ
261 936 337 962 οὐδὲν
360 936 414 962 τῶν
437 937 614 973 ἀνθρωπίνων
638 937 755 972 βέϐαιον,
785 937 844 964 οὐδὲ
869 938 979 974 ὁμαλὸν,

187 982 246 1008 οὐδὲ
257 981 403 1018 αὔταρκες,
423 983 483 1009 οὐδὲ
498 983 610 1010 ἐπὶτῶν
628 984 716 1010 αὐτῶν
739 983 896 1019 ἱστάμενον
913 983 980 1010 ἀλλὰ

188 1027 287 1060 κύκλος
313 1037 355 1060 τις
378 1028 431 1055 τῶν
454 1029 595 1065 ἡμετέρων
617 1030 772 1065 περιτρέχει
801 1030 979 1065 πραγμάτων,

187 1073 281 1100 ἄλλοτε
300 1073 382 1105 ἄλλας
396 1073 442 1100 ἐπὶ
464 1075 529 1110 μιᾶς
544 1075 649 1110 ἡμέρας
664 1075 804 1107 πολλάκις,
826 1074 884 1101 ἔστι
903 1075 925 1101 δ’
937 1075 981 1101 ὅτε

189 1120 236 1146 καὶ
265 1119 350 1156 ὥρας,
373 1121 464 1156 φέρων
491 1121 658 1156 μεταϐολάς·
684 1122 730 1148 καὶ
759 1121 856 1157 αὔραις
883 1121 982 1156 μᾶλλον

189 1166 246 1193 ἐστι
261 1166 398 1194 πιστεύειν
415 1167 464 1201 οὐχ
475 1167 642 1202 ίσταμέναις,
659 1167 706 1193 καὶ
723 1167 786 1202 νηὸς
803 1166 982 1202 ποντοπορού-

190 1220 240 1248 σης
258 1212 354 1247 ἴχνεσι,
371 1214 419 1240 καὶ
436 1214 532 1245 νυκτὸς
542 1213 691 1249 ἀπατηλοῖς
701 1213 845 1248 ὀνείρασιν,
864 1210 901 1240 ὧν
916 1213 983 1249 πρὸς

189 1257 309 1294 ὀλίγονὴ
326 1259 415 1294 χάρις,
439 1259 486 1285 καὶ
507 1259 556 1286 ὅσα
573 1259 644 1286 κατὰ
659 1258 793 1294 ψαμάθων
813 1258 869 1294 (54)
890 1259 983 1290 παῖδες

188 1303 303 1329 cumis:
315 1303 467 1336 παίζοντες,
482 1304 498 1339 ἣ
510 1304 659 1340 ἀνθρώπων
673 1303 823 1339 εὐημερίᾳ·
847 1303 984 1339 σώφρονες

190 1349 226 1381 δὲ,
244 1350 267 1376 οἱ
282 1349 327 1376 διὰ
344 1350 374 1376 τὸ
389 1349 426 1386 μὴ
448 1350 586 1376 πιστεύειν
613 1351 670 1382 τοῖς
687 1349 814 1386 παροῦσι,
842 1349 872 1376 τδ
890 1349 984 1385 μέλλον

191 1395 296 1426 ἑαυτοῖς
312 1395 537 1431 θησαυρίζοντες·
559 1395 606 1422 κα)⁸
632 1395 675 1422 διὰ
701 1395 731 1422 τὸ
745 1395 793 1431 τῆς
812 1395 985 1430 ἀνθρωπίνης

191 1440 343 1476 εὐπραγίας
357 1441 472 1468 ἄστατον
488 1442 535 1468 καὶ
555 1441 708 1476 ἀνώμαλον,
722 1441 771 1477 τὴν
786 1442 816 1468 ού
834 1441 985 1467 πίπτουσαν

191 1484 352 1518 ἀγαπῶντες
365 1485 548 1520 χρηστότητα,
577 1486 622 1512 ἵνα
637 1485 720 1521 τριῶν
745 1486 773 1512 ἓν
792 1486 824 1519 γέ
837 1495 862 1512 τι
878 1485 986 1518 πάντως

1071 751 1144 780 XIX.
1162 750 1221 777 Non
1244 751 1351 777 tandem
1378 749 1523 783 aliquando
1539 747 1745 782 resipiscemus?
1761 746 1819 775 Non

1033 803 1174 832 stuporem
1188 801 1269 830 atque
1285 795 1459 823 indolentiam
1469 815 1478 828 ,
1499 802 1532 822 ne
1549 795 1635 822 dicam
1650 793 1732 828 27o
1744 797 1820 821 tena-

1033 845 1155 875 citatem,
1176 842 1353 878 abjiciemus?
1368 841 1426 868 Non
1443 849 1487 868 res
1501 842 1632 868 humanas
1647 847 1708 867 cum
1723 840 1820 867 animis

1033 890 1136 919 nostris
1149 888 1404 917 considerabimus?
1418 889 1474 916 Non
1487 889 1512 915 in
1525 889 1638 916 aliorum
1650 890 1728 917 malis
1741 889 1820 917 rebus

1035 936 1135 963 nostris
1146 934 1335 963 consulemus?
1346 933 1447 961 Natura
1464 934 1562 969 quippe
1574 933 1639 961 nihil
1651 935 1729 962 estin
1740 937 1821 963 rebus

1035 982 1158 1010 humanis
1175 982 1281 1008 lirmum
1295 986 1323 1008 et
1335 979 1465 1015 a‘quabile
1475 999 1482 1012 ,
1505 979 1572 1007 nihil
1585 980 1720 1008 suﬁiciens
1730 1001 1738 1013 ,
1754 981 1822 1009 nihil

1034 1030 1060 1056 in
1085 1028 1179 1056 eodem
1200 1032 1274 1055 statu
1297 1033 1453 1055 constanter
1469 1034 1649 1061 permanens;
1669 1035 1762 1055 verum
1778 1035 1821 1056 res

1035 1080 1149 1107 nostra),
1170 1074 1244 1102 velut
1267 1075 1341 1102 orbis
1363 1075 1491 1109 quidam,
1517 1074 1670 1108 volvuntur,
1686 1075 1752 1102 alias
1768 1074 1821 1102 alio

1035 1126 1166 1155 tempore,
1183 1127 1254 1155 saepe
1264 1120 1346 1147 etiam
1361 1127 1414 1148 uno
1424 1121 1572 1156 eodemque
1582 1120 1635 1152 die,
1648 1124 1729 1154 atque
1739 1120 1820 1148 etiam

1035 1165 1168 1192 interdum
1191 1165 1285 1192 eadem
1311 1164 1394 1197 hora,
1416 1165 1578 1192 mutationes
1594 1164 1713 1192 ferentes
1729 1174 1735 1192 :
1754 1165 1822 1192 adeo

1035 1217 1064 1239 ut
1080 1210 1255 1239 instabilibus
1267 1211 1366 1243 ventis,
1380 1218 1412 1238 ac
1423 1211 1500 1238 navis
1512 1218 1559 1246 per
1570 1218 1644 1238 mare
1654 1211 1706 1238 iter
1717 1211 1821 1239 facien-

1035 1259 1069 1285 tis
1080 1258 1216 1292 vestigiis,
1233 1261 1260 1284 ct
1277 1257 1419 1284 fallacibus
1435 1258 1521 1284 noctis
1541 1257 1697 1289 insomniis,
1713 1257 1820 1285 brevem

1035 1303 1199 1338 voluptatem
1213 1303 1391 1331 aﬁ‘crentibus
1403 1323 1410 1334 ,
1427 1304 1514 1337 iisqtte
1532 1302 1642 1338 ﬁguris,
1660 1310 1727 1337 quas
1746 1303 1821 1338 pueri

1035 1355 1084 1384 per
1095 1349 1186 1377 ludum
1202 1349 1228 1376 in
1240 1356 1321 1376 arena
1340 1349 1453 1384 ﬁngunt,
1469 1348 1535 1376 ﬁdes
1547 1348 1636 1384 pmius
1651 1349 1743 1376 haberi
1757 1356 1821 1383 pos-

1035 1397 1081 1428 sit,
1095 1403 1175 1430 quam
1187 1396 1324 1423 hominum
1340 1395 1521 1430 prosperitati.
1534 1394 1719 1430 Sapientiores
1731 1400 1821 1421 autem

1036 1442 1150 1470 habendi
1177 1445 1240 1469 sum
1270 1441 1305 1474 ii,
1336 1442 1399 1476 qui,
1427 1449 1488 1468 cum
1512 1441 1689 1476 praesentibus
1713 1440 1824 1467 minime

1038 1488 1140 1518 lidant,
1164 1487 1256 1514 futura'
1281 1487 1332 1514 sibi
1359 1492 1534 1519 coacervant;
1553 1492 1634 1522 atque
1648 1486 1683 1514 ob
1700 1486 1824 1513 humanae

192 1529 357 1564 κερδάνωσιν
368 1538 375 1545 ο
392 1530 408 1566 ἢ
436 1531 467 1557 τὸ
488 1532 524 1566 μή
546 1539 611 1558 ποτε
626 1530 728 1566 πρᾶξαι
741 1531 845 1563 κακῶς,
862 1531 924 1558 ἐπεὶ
938 1531 984 1557 καὶ

1038 1532 1228 1567 prosperitatis
1244 1532 1462 1560 incertitudinem
1476 1537 1504 1560 et
1516 1532 1765 1567 inaquabilitatem,
1778 1531 1824 1558 be-

192 1577 248 1608 τοῖς
261 1576 316 1611 (55)
347 1576 472 1603 ἐντεῦθεν
486 1579 614 1613 χρηστοῖς
643 1576 774 1609 πολλάκις
797 1577 930 1610 δεξιοῦται
952 1578 983 1604 τὸ

192 1621 264 1649 θεῖον
282 1623 346 1655 τοὺς
360 1623 492 1655 εὐσεϐεῖς,
510 1624 672 1659 χρηστότητι
683 1624 712 1650 τὸ
723 1623 865 1659 συμπαθὲς
879 1632 984 1660 προκα-

193 1667 371 1704 λούμενον-ἧ
399 1669 430 1696 τὸ
453 1671 609 1705 παρρησίαν
637 1670 709 1705 ἔχειν
734 1670 763 1696 ὲν
789 1671 894 1702 ἑαυτοῖς
916 1670 983 1707 πρὸς

193 1714 269 1745 Θεὸν,
285 1715 324 1747 ὡς
345 1716 375 1742 ού
405 1715 449 1743 διὰ
463 1717 572 1748 κακίαν,
591 1716 659 1743 ἀλλὰ
672 1717 716 1743 διά
739 1724 799 1744 τινα
815 1716 870 1752 (56)
884 1718 985 1743 οίκονο-

195 1761 259 1795 μίαν
275 1761 518 1796 κακοπαθήσαντες
529 1771 537 1778 ·
553 1763 582 1798 ἢ,
599 1763 630 1789 τὸ
644 1762 809 1794 τελευταῖον,
825 1762 861 1794 ὡς
877 1762 984 1796 ὀφειλο-

196 1806 281 1843 μένην
292 1807 417 1834 ἀπαιτεῖν
433 1807 482 1843 τὴν
497 1807 573 1843 παρὰ
587 1808 640 1834 τῶν
653 1806 683 1834 εὖ
701 1808 873 1843 πραττόντων
891 1807 985 1842 φιλαν-

196 1851 328 1888 θρωπίαν,
347 1854 382 1889 ἢν
395 1856 451 1886 τοῖς
480 1854 610 1890 χρῄζουσι
639 1854 866 1889 προεισήνεγκαν,
889 1852 984 1885 δεξιῶς

195 1899 271 1926 αὐτοὶ
288 1900 464 1936 πράττοντες.

1037 1578 1177 1613 nignitatis
1193 1585 1331 1613 nunquam
1350 1578 1509 1614 collapsurze
1530 1579 1647 1605 studium
1670 1577 1825 1612 atnplexan-

1038 1631 1091 1658 tur,
1109 1631 1139 1653 ut
1153 1633 1186 1652 ex
1201 1626 1288 1654 tribus
1300 1626 1344 1653 his
1353 1625 1503 1653 commodis
1514 1633 1595 1652 unum
1607 1624 1702 1652 saltem
1714 1623 1824 1651 omnino

1037 1671 1240 1706 adipiscantur;
1264 1671 1412 1704 nimirum,
1428 1670 1470 1698 vel
1491 1675 1520 1697 ut
1543 1677 1678 1705 nunquam
1703 1669 1729 1696 in
1754 1668 1822 1695 mala

1038 1718 1176 1751 incidant,
1201 1718 1418 1752 quandoquidem
1444 1724 1516 1751 saepe
1541 1717 1610 1743 Deus
1634 1715 1746 1750 hujusce
1763 1713 1824 1741 vitm

1038 1763 1116 1791 bonis
1131 1765 1203 1791 viros
1217 1764 1275 1798 pios
1288 1763 1417 1795 cumulat,
1430 1761 1606 1790 beneﬁcentia
1617 1759 1822 1788 beneﬁcentiam

1039 1816 1205 1844 provocans;
1223 1810 1264 1836 vel
1281 1809 1406 1836 ﬁduciam
1421 1809 1447 1836 in
1462 1807 1559 1843 seipsis
1576 1806 1645 1841 apud
1669 1805 1752 1833 Deum
1772 1805 1823 1832 ha-

1039 1856 1130 1888 beant,
1147 1859 1177 1882 ut
1189 1856 1235 1890 qui
1253 1863 1305 1883 non
1323 1859 1434 1890 propter
1452 1853 1541 1881 scelus
1559 1860 1591 1880 ac
1611 1851 1742 1887 ﬂagitium
1754 1871 1762 1884 ,
1775 1852 1823 1878 sed

1037 1905 1148 1935 propter
1179 1901 1406 1935 dispensationem
1437 1900 1582 1935 quamdam
1615 1899 1644 1926 in
1671 1898 1825 1926 calamitate

197 1952 357 1979 versentur;
393 1947 435 1974 vel
469 1946 585 1980 denique
618 1945 813 1974 humanitatem
847 1954 907 1973 eam
927 1951 954 1973 et
976 1946 1198 1978 beneﬁcentiam,
1219 1954 1317 1981 quam,
1336 1947 1397 1974 dum
1420 1946 1546 1974 secundis
1568 1946 1650 1974 rebus
1674 1949 1823 1976 uterentur.

194 1993 337 2027 egentibus
352 1994 428 2028 prius
441 1992 624 2026 contulerunt,
638 1992 674 2019 ab
688 1992 732 2024 iis,
748 1993 846 2027 quibus
860 2001 902 2020 res
918 2000 1046 2028 prospere
1063 1993 1160 2026 ﬂuunt,
1176 2001 1226 2021 suo
1240 1994 1357 2028 quodam
1371 1993 1432 2028 jure
1447 1997 1601 2028 reposcant.

231 2039 272 2065 ις’.
288 2037 335 2072 Μὴ
351 2037 522 2072 καυχάσθω,
541 2037 633 2073 φησὶν,
650 2039 666 2064 ὁ
680 2037 776 2072 σοφὸς
793 2037 828 2064 ἐν
841 2037 878 2072 τῇ
895 2037 984 2072 (τοξείᾳ

1078 2038 1136 2065 XX.
1157 2038 1199 2066 Ne
1211 2040 1338 2074 glorietur
1353 2040 1468 2074 sapiens,
1485 2039 1572 2074 inquit
1586 2038 1639 2070 ille,
1656 2038 1683 2064 in
1695 2037 1824 2073 sapientia

194 2085 300 2117 αὑτοῦ,
320 2084 397 2119 μηδὲ
426 2085 443 2111 ὁ
463 2085 611 2115 πλούσιος
631 2084 666 2110 ἐν
684 2083 723 2116 τῷ
739 2084 859 2116 πλούτῳ
882 2084 986 2116 αὐτοῦ,

195 2131 270 2166 μηδὲ
296 2132 312 2158 ό
326 2130 455 2163 δυνατὸς
470 2130 505 2157 ἐν
532 2129 569 2164 τῇ
597 2131 682 2165 ἰσχύϊ
697 2130 806 2157 αὐτοῦ·
823 2130 874 2156 κᾶν
903 2131 942 2162 είς
958 2130 988 2157 τὸ

195 2178 280 2214 ἄκρον
292 2175 359 2204 ὦσιν
375 2177 548 2213 ἐληλακότες,
573 2178 588 2204 ό
605 2177 655 2212 μὲν
675 2177 780 2212 σοφίας,
804 2178 817 2203 ὁ
831 2177 859 2204 δὲ
879 2186 988 2212 περιου-

198 2224 267 2255 σίας,
289 2224 303 2250 ὀ
316 2223 344 2250 δὲ
356 2223 507 2258 δυνάμεως.
531 2222 602 2258 Ἐγὼ
623 2223 651 2250 δὲ
671 2223 817 2259 προσθήσω
833 2224 880 2250 καὶ
893 2223 911 2250 ἃ
927 2223 989 2250 τού-

198 2276 254 2299 τοις
265 2267 361 2295 ἐπεται
371 2276 380 2284 ο
401 2267 477 2303 Μηδὲ
490 2269 504 2294 ὁ
517 2267 696 2303 περίὸλεπτος
711 2270 740 2294 ἐν
755 2269 788 2303 τῇ
800 2267 873 2303 δόξῃ,
891 2268 959 2303 μηδὲ
974 2269 988 2294 ὁ

198 2310 319 2337 εὑεκτῶν
333 2311 362 2337 ὲν
377 2312 409 2346 τῇ
423 2311 514 2346 ὑγιείᾳ
528 2311 596 2346 (57),
613 2311 681 2347 μηδὲ
698 2313 713 2338 ὁ
733 2311 814 2344 καλὸς
829 2313 858 2339 ἐν
874 2314 907 2348 τῇ
919 2312 988 2348 ὥρᾳ,

199 2357 267 2392 μηδὲ
281 2357 296 2382 ὁ
307 2357 366 2389 νέος
378 2357 407 2383 ἐν
417 2358 450 2392 τῇ
471 2357 590 2391 νεότητι,
608 2357 674 2393 μηδὲ
697 2359 726 2384 ἐν
742 2357 814 2394 ἄλλῳ
832 2358 925 2394 μηδενὶ
936 2358 990 2385 τῶν

197 2402 315 2429 ἐνταῦθα
337 2403 551 2438 ἐπαινουμένων,
583 2404 608 2429 εί
633 2403 674 2429 δεῖ
693 2403 837 2430 συνελόντα
861 2405 959 2438 εἰπεῖν,
976 2405 990 2431 ὸ

198 2447 251 2474 ὑπὸ
265 2447 362 2475 τούτου
386 2447 545 2484 φυσώμενος
571 2448 627 2483 (58)
639 2457 646 2464 '
670 2447 729 2476 ἀλλ’
745 2449 761 2485 ἢ
776 2450 804 2476 ὲν
826 2449 913 2485 τούτῳ
927 2459 990 2478 καυ-

1038 2093 1104 2117 tua,
1119 2093 1165 2113 nec
1180 2086 1250 2113 dives
1266 2086 1292 2112 in
1313 2086 1404 2120 opibus
1421 2087 1492 2118 suis,
1511 2093 1557 2112 nec
1580 2085 1656 2120 fortia
1677 2084 1706 2111 in
1727 2084 1824 2111 uiribus

1038 2132 1093 2159 suis
1103 2131 1125 2148 ⁸⁸
1139 2140 1146 2163 ;
1169 2132 1274 2159 etiamsi
1296 2133 1328 2158 ad
1344 2139 1480 2159 summum
1494 2131 1618 2166 quidem,
1632 2130 1702 2157 alius
1715 2129 1824 2164 sapien-

1040 2177 1093 2209 tize,
1108 2176 1177 2204 alius
1190 2177 1346 2204 divitiarum
1361 2197 1368 2210 ,
1385 2177 1454 2205 alius
1471 2176 1596 2212 potentia!
1611 2175 1746 2211 fastigium
1764 2183 1824 2210 per-

1040 2223 1174 2250 venerint.
1189 2222 1245 2257 Ego
1260 2230 1324 2250 vero
1340 2230 1372 2250 ea
1384 2243 1392 2256 ,
1415 2230 1475 2256 qua:
1494 2222 1537 2250 his
1552 2224 1732 2249 consentanea
1748 2224 1823 2251 sunt,

1039 2268 1164 2302 adjiciam
1179 2278 1186 2297 :
1200 2268 1255 2296 Nec
1270 2270 1359 2297 clarus
1376 2274 1402 2296 et
1414 2268 1542 2300 celebris,
1557 2268 1584 2294 in
1597 2266 1698 2302 gloria;
1713 2273 1762 2294 nec
1778 2266 1823 2300 qui

1040 2314 1167 2342 incolumi
1179 2316 1332 2343 valetudine
1344 2314 1452 2350 gaudet,
1462 2315 1489 2341 in
1499 2314 1631 2345 sanitate;
1644 2319 1693 2340 nec
1703 2311 1824 2347 pulcher.

1040 2360 1066 2387 in
1081 2360 1174 2388 formae
1190 2362 1363 2396 prastantia;
1380 2368 1428 2388 nec
1443 2359 1560 2395 juvenis,
1573 2359 1599 2385 in
1610 2357 1720 2393 juvenili
1731 2361 1823 2388 aetate;

1039 2413 1106 2437 nec.
1121 2410 1151 2433 ut
1173 2414 1229 2434 rem
1252 2414 1305 2434 uno
1323 2406 1406 2434 verbo
1420 2405 1595 2439 complectar,
1609 2404 1635 2430 in
1655 2402 1709 2430 ulla
1729 2402 1781 2429 alia
1795 2409 1826 2428 re

1039 2459 1071 2478 ex
1088 2451 1137 2484 iis,
1157 2459 1217 2486 qua:
1238 2452 1308 2486 apud
1329 2451 1456 2479 mortales
1480 2450 1552 2478 laudi
1577 2450 1722 2482 ducuntur,
1739 2447 1824 2475 elatus

235 2515 258 2530 ⁸⁷
273 2515 324 2544 Job
341 2524 416 2548 xui,
430 2515 476 2543 ιο.
515 2516 538 2531 ⁸⁸
554 2515 619 2543 Luc.
639 2523 689 2544 xu.
702 2515 748 2543 ‘20.
785 2515 807 2532 "'
820 2515 919 2543 Jerem.
938 2524 975 2549 Ix,
989 2516 1035 2543 25.

237 2593 292 2630 (48)
312 2593 447 2630 mirarer.
463 2595 519 2622 Duo
536 2594 621 2630 Regg.
635 2600 661 2621 et
675 2593 722 2622 0r.
738 2595 765 2627 2,
783 2595 924 2630 φάγοισαν.

237 2629 293 2664 (49)
315 2629 385 2656 Τῶν.
402 2629 428 2656 ιιι
443 2629 613 2663 quibusdam.
629 2630 687 2656 τοῦ.

238 2664 293 2695 (50)
316 2664 431 2697 Ψυχὴν.
450 2664 496 2692 Or.
512 2665 625 2700 2addil,
642 2673 703 2700 μου.

237 2700 293 2736 (5g)
312 2699 561 2736 ξψφρονήσομεις.
579 2699 647 2736 Reg.
662 2702 715 2726 lim.
730 2700 957 2736 σωφρονήσωμεν.

223 2734 521 2775 ,(ξ2)ΔΜικρολογίαὸσ.
534 2735 580 2763 0r.
595 2735 622 2766 2,
639 2734 830 2770 μικροψυχίαν,
850 2734 860 2760 k
880 2734 988 2770 pusilla-

203 2773 365 2796 nimitatem.
389 2779 399 2794 ›

239 2804 294 2840 (ᾃό)
313 2805 504 2840 Λογιούμεθα.
522 2805 604 2840 Coisl.
620 2805 838 2840 1,).ογισώμεοα.

251 2839 296 2874 54)
319 2839 465 2873 Ψαμάθων
485 2841 532 2867 0r.
547 2839 574 2872 2,
590 2840 713 2874 ψάμμον.

251 2843 296 2874 54)
319 2843 465 2873 Ψαμαθων
485 2843 532 2867 0r.
547 2843 574 2872 2,
590 2843 713 2874 ψάμμον.

237 2843 294 2910 (55)
321 2874 400 2900 Ἐπεί
422 2875 467 2901 καί
490 2874 559 2907 τοῖς,
581 2881 632 2901 etc.
653 2875 744 2902 liillius
766 2884 771 2902 :
789 2884 798 2900 t
814 2875 987 2910 Quandoqui-

1043 2597 1102 2624 dem
1113 2597 1237 2624 secundis
1247 2604 1354 2632 quaque
1368 2595 1447 2630 hujus
1459 2596 1520 2623 vita:
1532 2596 1610 2623 rebus
1623 2595 1692 2632 Deus
1703 2594 1825 2632 homines

1043 2635 1141 2666 pietate
1164 2630 1289 2664 praeditos
1310 2630 1382 2666 ὲαινο
1397 2631 1594 2666 complectitur,
1611 2635 1640 2666 ut
1660 2630 1824 2666 benignitate

1043 2665 1090 2693 Sua
1117 2674 1164 2694 eos
1193 2667 1226 2693 ad
1254 2665 1432 2694 sublevandas
1459 2665 1576 2693 aliorum
1605 2665 1728 2692 miserias
1753 2665 1823 2691 invi-

1038 2707 1084 2729 lt'l.
1104 2712 1114 2728 ι

1072 2736 1128 2771 (56)
1148 2736 1199 2763 Διά
1212 2745 1287 2763 τινα.
1303 2735 1381 2763 Deest
1393 2736 1438 2763 διά
1450 2736 1475 2764 in
1490 2736 1574 2763 tribus
1589 2735 1671 2769 Regg.

1074 2772 1129 2806 (57)
1156 2772 1269 2806 Ὺγιείᾳ.
1285 2771 1370 2806 ltegg.
1383 2772 1439 2803 bm.
1455 2777 1482 2798 et
1494 2771 1542 2798 0r.
1558 2771 1585 2803 ‘2,
1601 2771 1691 2806 ύγείᾳ.

1074 2807 1130 2843 (58)
1150 2807 1338 2842 Φιλαινίδι-ος.
1365 2806 1455 2834 Dillius

1039 2843 1142 2870 mescit.
1163 2852 1172 2868 ι

1481 2816 1487 2833 :
1513 2816 1520 2831 I
1543 2808 1575 2840 is,
1593 2807 1637 2840 qui
1655 2804 1680 2833 in
1703 2813 1733 2833 ca
1747 2804 1825 2840 Iintu-
