2069 3131
208 137 261 165 8³5

673 141 802 170 ORATIO
823 142 891 170 XIV.
912 159 948 165 —
969 144 1013 172 DE
1032 145 1221 175 PAUPERUM
1240 148 1368 176 AMORE.

1782 140 1834 174 886

206 194 268 229 ιρις
285 195 330 222 ἐπὶ
340 195 411 228 ὁδοῦ,
423 196 481 223 οὐδὲ
495 196 550 233 (68)
565 199 656 233 τηρῶν
668 199 795 238 πτέρναν,
809 201 857 228 καὶ
876 202 994 238 κεφαλὴν

1049 205 1134 238 fixus,
1150 213 1210 233 cum
1228 206 1335 234 Christo
1349 206 1483 241 resurgit,
1501 210 1528 233 et
1547 213 1607 233 cum
1626 205 1733 233 Clu-isto
1754 205 1835 233 simul

206 241 384 277 τηρούμενος.
401 242 463 274 Τοῖς
474 242 502 269 δὲ
519 243 622 275 λοιποῖς
636 245 701 280 ἡμῖν
715 246 805 278 καλῶς
820 247 833 273 ὸ
849 247 930 279 αὐτὸς
947 248 997 283 ἐμ-

208 287 257 324 6οᾷ
276 288 367 321 Δαόὶδ,
387 288 481 325 ὥσπερ
502 298 544 322 τις
560 290 818 326 μεγαλοψωνότατος
839 292 928 329 κῆρυξ
943 294 997 320 ἀπὸ

209 333 310 368 ὑψηλοῦ
326 334 371 360 καὶ
385 335 526 370 πανδήμου
547 335 733 372 κηρύγματος,
750 337 947 373 βαρυκαρδίους
967 348 996 365 τε

208 380 363 413 ἀποκαλῶν,
380 382 426 407 καὶ
439 381 603 416 ἀγαπῶντας
620 382 726 417 ψεῦδος,
749 383 786 418 μὴ
804 384 906 419 σφόδρα
920 393 998 420 περι-

208 426 316 461 έχεσθαι
332 427 386 452 τῶν
398 427 555 463 ὁρωμένων,
571 428 637 464 μηδὲ
648 429 711 455 ἄλλο
722 438 747 456 τι
764 429 780 464 ἢ
793 430 875 465 κόρον
886 430 940 465 (69)
958 431 997 456 σί-

208 480 253 498 του
271 473 318 498 καὶ
337 473 408 499 οἴνου
422 473 475 499 τῶν
488 473 682 509 φθειρομένων,
702 475 791 501 πᾶσαν
807 475 855 510 τὴν
873 475 996 502 ἐντεῦθεν

208 518 380 554 εὐδαιμονίαν
395 519 606 555 ὑπολαμϐάνειν.
632 520 686 546 Καὶ
701 521 771 555 τάχα
787 529 838 547 που
853 520 932 547 τοῦτο
950 523 997 548 καὶ

208 565 222 591 ὁ
237 565 370 600 μακάριος
387 564 484 592 ἐννοῶν
497 565 616 601 Μιχαίας
630 566 696 600 (70),
713 566 825 593 καὶτῶν
841 566 929 601 χαμαὶ
951 568 997 602 ἐρ-

208 610 329 644 χομένων
356 610 403 636 καὶ
422 610 572 638 δοκούντων
593 610 703 645 ἀγαθῶν
723 611 995 646 κατεξανιστάμενος,

214 658 379 692 Ἐγιγίσατε,
406 658 498 693 φησὶν,
523 658 625 692 ὄρεσιν
648 658 792 691 αἰωνίοις·
813 658 929 685 ἀνάστα
947 659 997 685 καὶ

211 704 350 738 πορεύου,
369 704 412 730 ἔτι
427 705 482 731 οὐκ
497 703 562 730 ἔστι
576 713 625 731 σοι
641 704 716 737 αὕτη
733 703 920 736 ἀνάπαυσις·
935 703 997 730 τοῦ-

207 759 238 777 το
253 751 301 786 μὲν
314 748 360 777 οὖν
376 750 430 786 (71)
448 750 498 786 ἥδη
520 751 566 777 καὶ
585 751 642 781 τοῖς
656 751 773 786 ῥήμασιν
790 750 880 781 αὐτοῖς
898 750 996 786 μικροῦ

209 797 364 832 σύμφωνον,
379 793 419 828 οἷς
436 797 449 823 ὁ
462 796 563 831 Κύριος
579 796 627 822 καὶ
645 796 740 832 Σωτὴρ
753 796 832 831 ἡμῶν
843 796 996 823 διακελεύε-

206 851 262 875 ται,
277 843 303 869 τί
316 843 402 877 λέγων
413 843 488 877 (7‘2);
507 843 668 877 Ἐγείρεσθε
680 843 748 877 (75),
764 843 880 877 ἄγωμεν
893 843 995 870 ἐντεῦ-

1050 251 1189 283 ascendit,
1204 251 1265 278 vita:
1282 259 1334 278 non
1352 250 1407 285 jam
1426 251 1534 278 caducae
1556 258 1588 278 ac
1609 249 1712 277 fallacis
1728 250 1833 277 haeres:

1050 297 1093 323 ubi
1119 305 1170 324 non
1190 297 1246 331 jam
1267 297 1378 324 coluber
1395 297 1521 324 mordens
1536 296 1564 323 in
1580 296 1621 323 via
1632 296 1666 328 9',
1682 303 1730 322 nec
1746 294 1836 322 calca-

1051 349 1129 368 neum
1162 342 1350 375 observans“,
1378 341 1604 377 quemadmodum
1639 341 1722 374 ipsius
1755 344 1835 374 caput

1049 388 1218 414 observantur.
1252 387 1451 422 Superstitihus
1479 392 1568 414 autem
1594 386 1671 414 nobis
1698 386 1836 420 eleganter

1051 431 1132 466 272
1157 432 1226 458 idem
1250 431 1350 464 David,
1370 432 1442 459 velut
1459 432 1591 466 quispiam
1611 438 1699 466 υκεεο
1718 431 1835 457 maxima

1050 483 1116 504 voce
1139 477 1269 511 prteditus
1279 497 1286 509 ,
1306 477 1340 504 ab
1363 477 1471 504 excelso
1485 481 1511 504 et
1525 476 1630 512 publico
1643 475 1777 510 prmconio
1793 475 1835 502 in-

1049 524 1160 555 clamat,
1176 531 1273 558 graves
1289 524 1370 551 corde
1383 531 1433 552 nos
1446 523 1582 558 appellans
1593 542 1601 555 ,
1617 530 1650 550 ac
1665 521 1834 548 mendacium

1050 567 1234 601 diligentes",
1248 575 1429 603 monensque,
1448 575 1481 595 ne
1508 568 1588 595 rebus
1604 568 1654 600 iis,
1674 574 1734 602 quae
1749 565 1835 593 oculis

1049 617 1205 645 cernuutttr,
1233 613 1354 640 animum
1375 618 1495 640 nostrum
1522 619 1684 648 magnopere
1704 611 1834 646 adjunga-

1050 666 1126 691 tuus,
1145 666 1194 686 nec
1211 658 1337 686 frumenti
1353 659 1439 686 soltttu
1454 667 1486 686 ac
1503 659 1556 685 viui
1568 679 1576 691 ,
1595 666 1654 693 quae
1673 658 1752 686 iacile
1775 665 1835 685 cor-

1050 709 1220 738 rumpuntur,
1236 705 1377 732 saturitate
1390 712 1496 732 omnem
1511 704 1592 738 hujus
1605 704 1668 731 vitae
1687 703 1834 731 beatitudi-

1048 759 1108 778 nem
1123 752 1275 779 metiamur.
1291 751 1366 785 Quod
1379 752 1459 780 etiam
1472 752 1570 787 ipsum,
1583 755 1612 778 ut
1622 751 1728 785 opinor,
1740 750 1835 778 beatus

1049 797 1176 825 liicliaras
1189 798 1420 830 animadvertetis,
1432 802 1512 832 atque
1524 796 1598 824 lmmi
1612 796 1793 831 reptantibus,
1803 802 1836 822 ac

1048 843 1110 870 boui
1126 847 1229 870 tantum
1245 844 1380 878 specimen
1397 843 1556 870 habentibus
1569 843 1699 870 insultans
1714 852 1720 869 :
1735 842 1836 877 Appro-

208 890 278 915 θεν·
303 888 332 914 οὐ
354 889 417 920 τοὺς
431 889 490 914 τότε
508 888 631 924 μαθητὰς
652 888 730 923 μόνον
749 887 779 919 ἐξ
793 888 897 914 ἐκείνου
917 888 994 923 μόνον

1047 888 1185 924 pinquale,
1202 890 1307 924 inquit,
1337 889 1370 915 ad
1387 894 1486 916 montes
1501 896 1632 916 alternos:
1649 897 1725 924 surge
1739 893 1762 915 et
1779 896 1836 914 ant-

207 933 254 960 τοῦ
267 934 350 961 τόπου
365 934 527 970 μετατιῡεὶς.
540 934 577 966 ὡς
594 934 626 960 ἂν
640 934 742 969 οἰηθείη
758 943 809 966 τις,
822 933 879 960 ἀλλ’
894 933 938 960 ἀεὶ
953 934 994 960 καὶ

1050 934 1111 961 buia
1122 955 1129 968 ,
1147 936 1208 970 quia
1228 943 1278 962 non
1294 940 1331 962 εει
1345 935 1390 961 tibi
1408 934 1448 961 ltic
1466 935 1564 970 requies
1572 935 1612 968 ’7;
1629 935 1722 962 iisdem
1737 941 1835 969 prope-

207 981 313 1012 πάντας
331 981 394 1011 τοὺς
411 979 508 1006 ἑαυτοῦ
529 979 650 1015 μαθητὰς
667 980 721 1006 ἀπὸ
741 980 792 1015 γῆς
808 979 862 1014 (74)
881 979 928 1005 καὶ
943 979 994 1005 τῶν

1049 981 1157 1007 modum
1174 981 1265 1008 verbis
1279 985 1370 1013 utens,
1385 981 1483 1016 quibus
1496 988 1544 1008 nos
1560 980 1687 1008 Dominus
1702 984 1793 1007 noster
1804 987 1837 1007 ac

207 1026 271 1060 περὶ
282 1026 332 1060 γῆν
346 1026 385 1056 εἰς
400 1025 530 1060 οὐρανοὺς
548 1024 634 1052 ἕλκων
645 1025 692 1051 καὶ
707 1024 741 1051 τὰ
753 1024 876 1059 οὐράνια.

1048 1024 1173 1052 Salvator
1189 1026 1352 1057 inhortatur,
1368 1026 1461 1053 dicens
1478 1035 1485 1052 :
1501 1025 1617 1060 Surgite,
1629 1034 1718 1052 eamus
1728 1025 1835 1064 hinc";

207 1080 260 1099 non
278 1079 325 1100 eos
341 1076 464 1103 tantum,
478 1079 547 1106 quos
568 1077 631 1099 tunc
646 1071 791 1106 discipulos
808 1070 941 1103 habebat,
958 1077 991 1097 ex
1011 1070 1057 1098 illo
1074 1071 1205 1099 duntaxat
1223 1072 1281 1100 loco
1301 1072 1480 1104 transferens,
1501 1071 1727 1106 quemadmodum
1759 1071 1836 1106 quis-

209 1119 281 1153 piam
300 1119 417 1146 fortasse
441 1119 600 1152 arbitretur,
618 1119 666 1146 sed
680 1123 706 1146 et
721 1125 838 1153 semper,
854 1123 883 1146 et
900 1125 995 1146 omnes
1014 1118 1159 1153 discipulos
1174 1127 1248 1152 suos,
1264 1127 1278 1146 a
1298 1124 1369 1146 terra
1396 1118 1530 1153 rebusque
1561 1117 1675 1144 terrenis
1705 1117 1738 1144 ad
1751 1115 1836 1144 caelos

206 1171 234 1193 et
249 1174 292 1193 res
309 1167 433 1193 ctelestes
451 1165 620 1199 pertrahens.

243 1211 306 1237 KB’.
325 1210 485 1245 Τοιγαροῦν,
503 1209 728 1246 ἀκολουθήσωμεν
760 1210 810 1246 ἤδη
839 1208 879 1244 τῷ
905 1209 993 1244 Λόγῳ,

207 1257 370 1292 ζητήσωμεν
388 1256 438 1291 τὴν
452 1255 555 1282 ἐκεῖθεν
572 1255 735 1288 ἀνάπαυσιν,
753 1256 873 1293 ρἰψεν
887 1258 936 1293 τὴν
951 1260 993 1286 ὲν-

207 1301 301 1328 τεῦθεν
323 1301 497 1337 περιουσίαν·
514 1301 528 1328 ὃ
543 1301 623 1328 καλόν
642 1302 700 1328 ἐστι
717 1302 828 1338 ταύτης,
841 1304 920 1331 τοῦτο
948 1306 995 1340 μό-

206 1357 252 1376 νον
273 1348 457 1384 κερδάνωμεν,
484 1347 649 1383 κτησώμεθα
671 1348 719 1379 τὰς
743 1349 846 1377 ἑαυτῶν
862 1350 951 1386 ψυχὰς
967 1351 996 1377 ἐν

208 1394 414 1430 ὶλεημοσὺναις,
435 1394 594 1429 μεταδῶμεν
617 1394 670 1420 τῶν
690 1394 774 1421 ὄντων
797 1397 852 1427 τοῖς
874 1396 996 1432 πένησιν,

208 1441 251 1467 ἵνα
266 1441 299 1467 τὰ
316 1440 420 1467 ἐκεῖθεν
437 1440 641 1476 πλουτήσωμεν.
661 1441 710 1473 Δὸς
722 1442 818 1478 μερίδα
837 1443 884 1469 καὶ
897 1444 929 1478 τῇ
944 1443 996 1478 ψυ-

207 1488 253 1522 χῇ,
277 1487 313 1522 μὴ
332 1488 364 1522 τῇ
380 1487 461 1522 σαρκὶ
478 1486 556 1522 μόνον
566 1495 573 1502 ⁸
587 1487 630 1518 δὺς
647 1487 743 1523 μερίδα
757 1489 804 1515 καὶ
817 1489 856 1524 τῷ
868 1489 937 1524 Θεῷ,
957 1489 993 1525 μὴ

1085 1208 1169 1236 XXII.
1189 1208 1318 1242 Quocirca
1336 1207 1453 1235 Verbum
1465 1206 1520 1242 jam
1537 1213 1692 1240 sequamur,
1707 1205 1779 1232 illam
1792 1213 1836 1233 re-

1049 1255 1140 1289 quiem
1158 1262 1329 1288 quaaramus,
1347 1253 1425 1287 hujus
1447 1253 1510 1280 vita:
1533 1259 1598 1286 opes
1616 1257 1643 1279 et
1660 1252 1751 1286 copias
1768 1251 1836 1286 abji-

1048 1300 1173 1332 cianius;
1194 1299 1246 1326 hoc
1258 1299 1362 1331 solum,
1381 1297 1452 1333 quod
1465 1298 1491 1325 in
1509 1297 1575 1331 ipsis
1597 1297 1657 1324 boni
1671 1301 1730 1330 est,
1747 1297 1836 1324 lucre-

1047 1354 1118 1377 mur,
1144 1352 1240 1380 nempe
1269 1349 1300 1372 ut
1326 1345 1430 1371 animas
1464 1348 1570 1370 nostras
1600 1343 1625 1370 in
1655 1342 1834 1378 eieemosyuis

1047 1391 1229 1426 acquiramus,
1246 1390 1388 1418 facultates
1401 1395 1508 1417 nostras
1522 1389 1686 1424 pauperibus
1696 1389 1835 1424 impertia-

1048 1446 1118 1471 111111,
1137 1442 1168 1465 ut
1181 1437 1337 1465 cmlestibus
1350 1437 1478 1463 ditemur.
1494 1435 1597 1462 Anima:
1610 1441 1716 1470 quoque
1728 1439 1833 1468 partem

1049 1484 1094 1515 da,
1108 1490 1160 1510 non
1173 1483 1248 1510 carni
1261 1482 1410 1514 duntaxat;
1425 1481 1477 1508 Deo
1489 1487 1596 1514 quoque
1608 1485 1710 1515 partem
1723 1480 1766 1512 da,
1781 1487 1835 1506 non

207 1531 246 1567 τῷ
268 1532 363 1567 κόσμῳ
390 1532 485 1567 μόνον·
508 1531 589 1566 ὖφελέ
618 1532 673 1568 (75)
700 1541 726 1560 τι
742 1533 792 1568 τῆς
809 1534 937 1570 γαστρὸς,
957 1535 994 1570 τῷ

1050 1529 1149 1556 mundo
1164 1532 1285 1560 tantum;
1303 1527 1390 1555 ventri
1410 1525 1656 1568 aliquidsubtrahe
1666 1545 1674 1558 ,
1687 1529 1714 1552 et
1729 1525 1834 1560 spiritui

208 1577 343 1613 πνεύματι
352 1577 518 1613 καθιέρωσον
529 1587 536 1593 ·
553 1579 676 1614 ἆρπασὸν
686 1588 712 1605 τι
723 1579 770 1606 τοῦ
785 1580 880 1616 πυρὸς,
893 1580 995 1608 ἀπόθου

209 1623 317 1660 μακρὰν
330 1624 384 1650 ἀπὸ
398 1625 446 1659 τῆς
461 1624 537 1651 κάτω
548 1625 603 1660 (76)
616 1626 769 1661 νεμομένης
781 1626 879 1660 φλογός
888 1634 894 1640 ·
906 1627 995 1662 ἅρπα-

209 1677 254 1695 σον
268 1669 315 1696 τοῦ
330 1670 472 1704 τυράννου,
493 1670 709 1696 καταπιστευσον
731 1670 769 1705 τῷ
786 1671 918 1706 Δεοπότῃ.
941 1671 994 1704 Δὸς

204 1716 312 1750 μερίδα
325 1715 387 1749 τοῖς
403 1716 487 1749 ἑπτὰ,
504 1717 544 1751 τῷ
556 1717 605 1752 βίῳ
618 1717 713 1752 τούτῳ,
727 1717 777 1743 καί
786 1726 819 1751 τε
830 1717 892 1750 τοῖς
909 1718 994 1749 ὀκτὼ,

206 1762 245 1798 τῷ
263 1762 331 1800 μετὰ
346 1762 440 1789 τοῦτον
464 1763 536 1798 ἡμᾶς
555 1762 738 1798 ὲκδεξομὲνῳ·
756 1762 799 1793 δὸς
812 1763 912 1797 ὀλίγον,
929 1765 995 1800 παρ’

206 1805 237 1835 οὗ
252 1809 281 1835 τὺ
296 1809 387 1836 πλεῖον
404 1809 458 1843 (77)
475 1808 564 1844 ἔχεις·
583 1808 626 1840 δὺς
640 1808 686 1834 καὶ
701 1808 731 1834 τὸ
747 1809 812 1840 πᾶν,
829 1808 869 1843 τῷ
880 1808 913 1835 τὰ
926 1809 994 1836 πάν-

206 1864 240 1882 τα
254 1855 311 1890 (78)
328 1855 512 1890 χαρισαμένῳ.
543 1854 676 1881 Οὐδέποτε
700 1855 822 1891 νικήσεις
844 1855 996 1892 μεγαλοδω-

208 1900 272 1937 ρεὰν
282 1900 360 1932 Θεοῦ,
369 1900 421 1927 κᾶν
434 1901 523 1927 πάντα
535 1900 605 1935 πρόῃ
619 1900 673 1934 (79)
685 1899 718 1926 τὰ
733 1900 807 1933 ὄντα,
819 1901 870 1927 κᾶν
881 1903 936 1933 τοῖς
951 1899 996 1928 οὗ-

207 1955 234 1973 σι
244 1946 357 1973 σεαυτὸν
372 1946 428 1980 (80)
443 1946 573 1981 προσθῇς.
591 1946 645 1973 Καὶ
658 1946 737 1973 τοῦτο
751 1947 806 1982 γάρ
816 1947 873 1973 ἐστι
892 1947 994 1980 λαϐεῖν,

206 1993 236 2020 τι)
252 1993 291 2028 τῷ
305 1992 365 2027 Θεῷ
376 1992 485 2027 δοθῆναι
494 1999 501 2005 ·
519 1992 580 2018 ὅσον
591 1991 638 2018 ἐὰν
652 1992 706 2026 (81)
721 1993 890 2029 εἰσενέγκῃς,
903 1992 996 2020 πλεῖον

207 2040 250 2066 ἀεὶ
276 2039 306 2065 τὸ
331 2038 506 2073 λειπόμενον⁵
531 2038 578 2064 καὶ
600 2038 676 2064 οὐδὲν
697 2038 792 2070 δώσεις
809 2038 883 2071 ἴδιον,
900 2039 942 2065 δτι
962 2039 996 2066 τὰ

207 2086 296 2112 πάντα
311 2085 366 2121 (82)
384 2084 460 2120 παρὰ
478 2083 556 2110 Θεοῦ.
572 2083 624 2110 Καὶ
641 2083 733 2120 ὥσπερ
751 2084 802 2111 οὐκ
819 2084 892 2111 ἐστιν
912 2085 996 2120 ὑπερ-

207 2133 287 2167 6ἧναι
308 2131 356 2168 τὴν
379 2131 475 2158 ἑαυτοῦ
490 2131 568 2158 σκιὰν
585 2129 779 2166 ὑποχωροῦσαν
801 2130 914 2157 καθόσον
930 2130 996 2166 πρό-

210 2188 271 2214 ιμεν
284 2179 349 2214 (85),
364 2180 411 2205 καὶ
427 2178 457 2204 τὸ
468 2178 525 2204 ἴσον
537 2177 580 2204 ἀεὶ
594 2177 762 2213 προέχουσαν
771 2185 778 2193 ι
794 2177 854 2203 οὐδὲ
869 2177 938 2212 ὑπὲρ
948 2176 995 2212 τὴν

1049 1582 1195 1607 eonsecra;
1211 1574 1264 1609 igni
1279 1572 1378 1608 aliquid
1392 1573 1477 1607 eripe,
1492 1579 1524 1598 ac
1539 1571 1633 1607 procul
1647 1579 1660 1598 a
1675 1572 1835 1606 depascente

1047 1623 1154 1650 flamma
1173 1622 1288 1649 reconde
1302 1629 1309 1653 ;
1326 1629 1340 1647 a
1355 1625 1470 1656 tyranno
1485 1620 1570 1654 eripe,
1586 1626 1617 1645 ac
1632 1618 1744 1645 Domino
1759 1625 1834 1644 com-

1050 1669 1136 1695 mitte.
1156 1667 1196 1694 Da
1214 1672 1315 1701 partem
1330 1671 1427 1700 septem
1439 1686 1447 1698 ,
1462 1666 1512 1692 hoc
1527 1669 1568 1691 est
1586 1664 1647 1691 huic
1662 1663 1740 1695 vitm,
1758 1667 1835 1696 atque

1046 1716 1125 1743 etiam
1137 1719 1194 1742 octo
1205 1715 1238 1747 ”,
1255 1713 1283 1741 id
1298 1717 1349 1744 est,
1368 1713 1391 1740 ei
1402 1719 1462 1746 qua:
1478 1715 1537 1745 post
1551 1711 1620 1736 hanc.
1631 1717 1680 1736 nos
1691 1709 1810 1742 excipiet
1825 1718 1831 1735 :

1047 1762 1080 1788 da
1093 1762 1218 1796 exiguum
1230 1760 1267 1792 ei,
1283 1767 1297 1786 a
1313 1765 1367 1793 quo
1383 1757 1495 1784 multum
1509 1755 1591 1782 habes
1607 1763 1614 1781 :
1630 1755 1663 1781 da
1678 1755 1759 1781 etiam
1776 1761 1836 1781 om-

1047 1808 1090 1834 nia
1105 1807 1142 1839 ei,
1157 1806 1202 1841 qui
1220 1805 1310 1834 omnia
1323 1803 1444 1831 donavit.
1458 1801 1602 1836 Nunquam
1615 1800 1662 1827 Dei
1675 1800 1834 1827 muniﬁcen-

1048 1853 1111 1880 tiam
1137 1852 1250 1883 viuces,
1274 1849 1380 1878 etiamsi
1406 1848 1496 1876 omnia
1525 1851 1568 1874 tua
1596 1846 1665 1873 bona
1692 1846 1832 1880 projicias,

1046 1900 1153 1928 etiamsi
1170 1904 1195 1927 te
1212 1898 1292 1926 etiatu
1315 1898 1401 1933 ipsutu
1421 1896 1500 1924 bonis
1523 1895 1577 1923 tuis
1601 1895 1742 1930 adiungas.
1767 1893 1834 1921 Nam

1047 1947 1098 1974 hoc
1113 1953 1219 1980 quoque
1233 1945 1320 1980 ipsum
1335 1943 1459 1978 accipere
1470 1947 1528 1976 est,
1546 1948 1642 1976 nempe
1659 1941 1712 1968 Deo
1724 1940 1830 1967 donari.

1047 1993 1290 2026 Quantumcunque
1302 1990 1459 2022 contuleris,
1472 1988 1549 2024 plura
1565 1993 1653 2014 tamen
1667 1986 1713 2014 tibi
1729 1986 1834 2021 reliqua

1046 2042 1147 2066 erunt:
1168 2045 1218 2065 nec
1238 2037 1386 2072 quidquam
1405 2040 1480 2062 tuutu
1503 2034 1598 2067 dabis,
1616 2033 1832 2068 quandoquidem

1047 2083 1138 2111 omnia
1153 2090 1167 2110 a
1184 2083 1239 2110 Deo
1253 2085 1374 2109 manant.
1391 2081 1423 2107 Et
1438 2079 1662 2115 quemadmodum
1680 2086 1759 2106 nemo
1775 2085 1835 2104 um-

1048 2131 1124 2158 bram
1138 2136 1215 2156 suam
1228 2128 1358 2164 praegredi
1375 2131 1475 2161 potest,
1489 2130 1518 2152 ut
1535 2132 1605 2160 quae,
1623 2128 1752 2159 quantum
1771 2131 1834 2158 pro-

1047 2176 1302 2211 gredimur,tantum
1314 2174 1397 2201 etiam
1410 2180 1439 2200 se
1451 2172 1592 2204 subducat,
1605 2170 1719 2205 parique
1727 2177 1834 2204 semper

207 2225 329 2260 κεφαλὴν
351 2224 474 2258 γενέσθαι
501 2223 625 2259 σώματος
653 2222 767 2258 μέγεθος
793 2223 994 2258 ὑπερκειμένην

1047 2220 1188 2249 intervallo
1215 2227 1265 2248 nos
1288 2219 1445 2251 antecedat;
1466 2225 1515 2244 nec
1535 2216 1656 2251 corporis
1679 2215 1833 2250 magnitudo

237 2284 260 2298 ’³
271 2282 338 2309 Gen.
353 2290 425 2315 xui,
446 2282 486 2309 17.
526 2282 548 2298 ³⁵
559 2281 626 2309 Gen.
642 2289 682 2314 Ill,
699 2281 742 2309 l5.

207 2325 246 2350 111,
264 2317 291 2344 2.

243 2364 299 2398 (68)
320 2363 406 2391 Οὐδέ.
427 2363 598 2399 Inpluribns.
614 2364 690 2399 μηδὲ.

242 2397 299 2435 (119)
318 2398 402 2435 Μηδὲ
427 2398 515 2435 ἀλλο
530 2408 557 2425 τι
581 2399 599 2433 ἢ
614 2397 723 2435 ’κῦροη
735 2403 794 2435 etc.
816 2397 968 2435 Gabrielius
984 2408 989 2427 ;

211 2444 220 2460 ι
237 2434 309 2461 Neve
319 2434 401 2466 aliud,
413 2441 491 2468 quam
507 2434 632 2460 frumenti
647 2440 675 2461 et
687 2434 753 2465 vini,
764 2442 823 2469 qua:
837 2434 989 2469 taeilercor-

210 2475 377 2503 rumpuntur,
393 2469 546 2496 satietatem
560 2477 619 2496 esse
637 2475 760 2502 putemus
783 2474 866 2497 totam
880 2468 991 2501 hujusce

210 2506 269 2530 vitze
286 2504 449 2530 felicitatem.
465 2513 476 2530 1

209 2511 269 2530 νιιιιξ
286 2511 449 2531 Ieticltatem.
465 2513 476 2530 1

214 2538 300 2600 ἊΠρ)
319 2539 456 2573 Μιχαίας.
478 2539 523 2566 Sic
543 2546 637 2566 omnes
659 2539 737 2566 codd.
762 2538 830 2566 Male
856 2539 886 2566 in
900 2539 990 2572 editis,

247 2582 313 2600 tunc.

266 2582 313 2606 ως.

243 2583 393 2643 ῧιῖῗθοῦν.
412 2608 492 2635 Deest
509 2608 534 2635 in
547 2608 594 2636 0r.
609 2608 636 2634 Ξ.

244 2643 299 2677 (72)
319 2644 534 2675 Διιικελεύεται,
547 2643 576 2670 τι
587 2643 695 2678 Minor;
711 2644 776 2678 Reg.
792 2652 817 2675 c,
831 2644 992 2678 διαλέγεται,

210 2688 219 2703 1
237 2680 444 2714 sermocinatur.
460 2689 469 2704 1
493 2678 574 2706 Galir.
598 2684 624 2705 et
644 2680 739 2706 Gotub.
759 2679 850 2714 legunt
869 2689 875 2706 :
891 2680 935 2712 τίς
951 2679 987 2706 λέη

207 2722 274 2748 γων.
292 2723 300 2739 1
320 2713 404 2744 quid?
419 2714 519 2740 dicens.
540 2723 549 2739 1

244 2749 298 2783 (731)
321 2748 496 2783 Ἐγείρεσθε.
511 2748 558 2777 0r.
568 2747 597 2777 ‘2.
608 2748 771 2783 ἐγείρεσθαι.

245 2783 302 2819 tu)
327 2783 399 2811 Ἀπὸ
415 2783 480 2818 γῆς.
501 2784 567 2819 Rea.
583 2784 609 2814 ιι.
626 2783 679 2810 ἀπὸ
693 2784 742 2819 τῆς
760 2784 820 2819 γῆς.

247 2818 304 2852 (75)
325 2819 438 2853 ’Ὺφελελ
452 2821 498 2847 01⁸.
516 2819 545 2851 2,
556 2818 660 2853 ὕφειλε.

248 2854 301 2889 (76)
328 2854 398 2881 Ἀπὸ
417 2853 470 2888 τῆς
485 2853 571 2886 κάτω,
588 2860 640 2881 ctc.
664 2864 671 2879 1
694 2855 713 2881 Α
731 2853 836 2882 ﬂamma
857 2863 915 2890 quu-
929 2856 989 2882 sub-

793 2281 815 2297 "
824 2281 895 2309 Psal.
909 2289 944 2313 tv,
968 2281 985 2307 5

1047 2287 1088 2315 qq.
1125 2280 1148 2295 "
1163 2278 1244 2306 Mich.
1255 2285 1286 2308 11.
1300 2277 1327 2309 9,
1343 2276 1385 2304 l0.
1423 2276 1446 2292 "
1462 2274 1540 2302 Joan.
1555 2281 1610 2303 xw.
1625 2273 1668 2300 51.
1708 2272 1730 2288 ⁹⁹
1745 2271 1833 2299 Eccle.

1046 2367 1088 2389 tus
1106 2361 1271 2396 depascitur.
1293 2369 1302 2385 1
1321 2359 1367 2396 Sic
1382 2359 1466 2396 Regg.
1483 2367 1509 2391 a,
1524 2367 1549 2392 c,
1560 2358 1587 2390 d,
1600 2357 1654 2389 bm,
1671 2355 1718 2391 pb,
1735 2354 1834 2390 aliique

1043 2397 1149 2432 plures.
1168 2396 1249 2432 Deest
1260 2396 1336 2432 κάτω
1352 2395 1377 2422 1η
1393 2395 1482 2421 editis.

1079 2432 1134 2467 (77)
1154 2431 1274 2467 Πλεῖρν.
1294 2430 1376 2465 Regg.
1394 2437 1421 2461 a,
1440 2437 1465 2461 c,
1486 2431 1512 2462 d,
1528 2429 1574 2464 ph,
1590 2433 1616 2455 et
1646 2425 1693 2453 0r.
1708 2427 1736 2458 2,
1756 2425 1834 2452 κλὲον

1043 2467 1072 2503 [Γ.
1084 2465 1138 2500 pro
1150 2465 1250 2501 πλέον],

1078 2502 1134 2537 (78)
1157 2501 1194 2528 Τὰ
1218 2501 1325 2528 πάντα.
1358 2500 1438 2527 Deest
1463 2500 1498 2526 τά
1535 2499 1560 2526 111
1593 2498 1677 2532 Regg.
1714 2504 1739 2528 a,
1775 2496 1830 2528 bitt,

1044 2538 1090 2572 pb,
1116 2542 1170 2563 etc.
1459 2568 1462 2571 _

1080 2572 1136 2607 (79)
1157 2572 1246 2606 Πρόῃ.
1264 2571 1291 2598 111
1307 2570 1438 2607 pluribus,
1454 2571 1535 2605 προῇ.

1080 2601 1135 2643 (80)
1155 2601 1363 2635 Σὲιιῦτόν.’ὃίε
1378 2606 1461 2639 llegg.
1477 2601 1535 2636 inii,
1557 2606 1602 2638 ph,
1626 2609 1653 2630 ct
1680 2603 1726 2631 0r.
1750 2601 1777 2628 2.
1801 2601 1829 2628 111

1044 2643 1100 2671 81Ι..
1115 2643 1223 2670 σαυτόν.

1079 2677 1134 2712 (81)
1161 2677 1237 2704 Ἐάν.
1252 2676 1297 2712 Sic
1309 2675 1392 2711 [ἰοῖς.
1405 2676 1462 2712 hin.
1477 2675 1524 2710 pii.
1539 2674 1567 2701 In
1584 2674 1714 2712 edit.,_&v.

1217 2711 1323 2738 πάντα.
1340 2707 1385 2738 Si}:
1403 2707 1487 2745 [legal
1509 2717 1535 2741 a,
1560 2717 1585 2736 c.
1613 2709 1639 2740 d,
1665 2710 1720 2736 bm.
1751 2707 1830 2735 Deest

1049 2748 1293 2817 ιάἀζῐὲῗινῦόηιεν.
1319 2780 1452 2817 Italiegg.
1471 2779 1526 2817 11111,
1544 2779 1588 2814 ph.
1605 2784 1672 2817 e_tc.,
1686 2778 1712 2806 in
1731 2778 1831 2817 quibus

1045 2813 1135 2887 :zttitetil
1164 2813 1270 2852 legitur,
1304 2813 1439 2852 προέμεν(
1467 2813 1696 2850 ;1111,⁷προϊεμεν
1736 2813 1830 2850 [11111113.

1054 2861 1119 2880 LDIT.
