2069 3131
218 132 267 160 891

822 131 851 158 S.
871 130 1036 158 GREGORI’I
1059 130 1231 158 TIIEOLOGI

1795 131 1849 158 892

220 190 269 217 tim
284 187 459 222 supercilium
474 195 528 221 pne
541 189 658 216 amentia
670 188 778 222 tolluntI
791 188 1009 222 calamitosisque

1063 187 1110 223 τὴν
1124 188 1211 222 ὀφρὺν
1224 187 1276 213 ὑπὸ
1286 187 1324 222 (8)
1337 187 1438 219 ἀνοίας,
1456 187 1502 213 καὶ
1514 188 1569 217 τοῖς
1582 187 1708 222 ἀτυχοῦσι
1719 187 1771 213 τῶν
1784 196 1850 222 συγ-

218 234 341 269 cuguatis
358 233 571 261 misericordiam
587 234 750 266 occludunt,
765 241 826 261 cum
848 242 897 261 nec
911 242 943 261 ex
962 242 1008 260 su-

219 279 329 314 pertluis
354 279 462 313 quidem
489 279 571 305 rebus
599 279 633 305 ad
664 279 833 306 necessarios
856 280 917 306 vitae
943 286 1008 306 usus

219 333 297 359 opem
319 325 384 358 ipsis
403 325 474 351 ferre
489 325 514 351 in
533 324 653 350 animum
671 325 856 361 inducant,(o
871 326 1007 360 ingentem

219 372 364 398 stultitiam
377 371 383 397 !
404 378 420 397 o
434 370 597 405 singularetn
610 371 762 398 vecordiam
774 372 780 398 l
793 371 802 405 )
833 379 893 403 nec,
907 372 929 398 si
942 371 1008 398 nihil

219 417 314 449 aliud,
333 418 396 444 illud
421 418 528 452 quidem
554 417 692 452 cogitent,
718 419 790 452 qttod
817 422 961 452 paupertas
983 423 1009 444 el

220 463 338 494 divitiae,
357 463 540 496 libertasque,
559 467 588 488 ut
605 462 781 497 appellamus,
797 467 824 490 et
836 463 963 494 servilus,
978 470 1010 489 ac

220 513 318 536 cmtera
341 509 422 543 hujus
441 509 549 543 generis
574 508 699 541 nomina,
721 514 813 543 postea
829 509 854 536 in
871 509 1008 536 hominum

221 563 324 590 genus,
340 555 420 582 simul
436 563 498 582 etnn
513 555 579 582 vitio
603 556 790 590 irrepserunt,
809 563 862 582 non
885 563 963 582 secus
978 563 1009 582 ac

220 608 379 627 communes
394 600 481 626 morbi
496 600 617 634 quidam,
636 601 742 634 illapsa,
757 605 839 634 atque
853 600 887 627 ab
905 600 951 627 illo
967 600 1009 626 iu-

219 651 310 673 venta.
327 646 347 671 Α
365 647 493 680 principio
505 652 609 678 autem,
623 646 711 680 inquit
725 646 780 678 ille,
797 655 847 673 mm
864 646 914 680 fuit
926 647 962 672 sic
973 647 984 661 ⁸
1002 657 1007 673 :

220 699 313 718 verum
337 692 374 724 is,
392 692 436 726 qui
453 692 589 719 hominem
611 693 728 727 primuttt
754 692 875 723 ereavit,
895 691 1008 718 libertttn

219 745 302 770 eum,
327 737 424 771 suique
441 737 545 764 arbitrii
566 737 696 772 reliquit,
723 737 779 764 sola
809 735 928 763 mandati
952 736 1010 771 lege

220 782 390 813 coercitum,
407 787 489 816 atqtte
510 783 536 809 in
558 783 678 817 paradisi
699 782 805 809 deliciis
828 782 984 816 opulentum
1001 791 1008 809 :

220 829 347 863 idemque
368 830 473 863 reliquo
493 829 648 855 mortalium
672 829 764 863 generi
782 836 830 862 pt-r
845 836 928 855 tinum
945 828 1009 854 illttd

1059 234 1145 267 γενῶν
1162 234 1207 260 τὸν
1222 233 1294 259 ἔλεον
1310 233 1508 264 ἀποκλείουσιν,
1521 233 1581 259 οὐδὲ
1594 235 1648 265 τοῖς
1663 235 1797 268 περιττοῖς
1809 236 1849 266 εἰς

1059 282 1092 308 τὰ
1104 282 1239 315 ἀναγκαῖα
1253 280 1357 315 βοηθεῖν
1372 280 1504 318 θέλοντες,
1517 279 1549 315 (ὼ
1558 280 1606 314 τῆς
1618 280 1793 311 ἀπαιδευσίας
1804 282 1810 306 !
1827 280 1850 306 ὼ

1058 328 1107 362 τῆς
1121 327 1295 362 σκαιότητοςί
1308 327 1317 361 )
1346 326 1397 352 οὐδ’
1421 326 1445 351 εἰ
1461 327 1498 361 μή
1513 334 1539 351 τι
1554 325 1625 357 ἄλλο,
1636 326 1722 351 ἐκεῖνό
1732 334 1762 359 γε
1777 325 1850 352 ἐνθυ-

1061 373 1199 408 μούμενοι,
1222 373 1262 398 ὅτι
1285 372 1363 398 πενία
1387 372 1433 397 καὶ
1456 370 1579 403 πλοῦτος,
1598 371 1740 406 ἐλευθερία
1763 373 1850 407 τε,ἦν

1060 427 1158 453 φαμεν,
1180 417 1227 444 καὶ
1244 416 1359 447 δουλεία,
1379 417 1423 442 καὶ
1440 417 1474 442 τὰ
1493 416 1604 442 τοιαῦτα
1627 415 1681 442 τῶν
1698 416 1850 450 ὀνομάτων,

1060 463 1121 489 ὓστε
1127 472 1172 498 ρον
1192 461 1336 496 ἐπεισῆλθε
1354 462 1392 496 τῷ
1413 461 1486 495 γένει
1503 461 1556 487 τῶν
1574 460 1732 496 ἀνθρώπων,
1755 461 1849 497 ὥσπερ

1060 510 1265 546 ἁῤῥωστήματα
1282 508 1360 535 κοινά
1369 517 1429 534 τινα
1491 509 1523 542 τῇ
1535 507 1617 542 κακίᾳ
1629 507 1849 537 συνεισπεσὸντα,

1060 555 1188 590 κάκείνης
1213 554 1277 581 οντα
1304 555 1476 588 ἐπινοήματα
1506 553 1572 588 (10).
1602 553 1659 579 Ἀπ’
1681 551 1776 586 ἀρχῆς
1803 552 1848 583 δὲ,

1061 602 1154 636 φησὶν,
1169 601 1204 627 οὐ
1218 599 1341 635 γέγονεν
1356 600 1462 632 οὕτως·
1477 599 1533 625 ἀλλ’
1547 601 1561 625 ὁ
1575 599 1680 630 πλάσας
1699 599 1745 625 ἀπ’
1762 598 1849 634 ἀρχῆς

1060 647 1104 672 τὸν
1118 645 1270 681 ἄνθρωπον,
1285 645 1425 680 ἐλεύθερον
1446 645 1536 680 ἀφῆκε
1552 645 1598 671 καὶ
1610 643 1790 676 αὐτεξούσιον,
1804 643 1849 669 νό-

1062 700 1104 726 μῳ
1123 691 1162 726 τῷ
1175 691 1223 726 τῆς
1238 690 1347 726 ἐντολῆς
1357 690 1437 725 ’μόνῳ
1452 690 1646 725 κρατούμενον,
1661 683 1713 716 καὶ¹
1724 689 1850 716 πλούσιον

1060 737 1089 763 ἐν
1106 737 1267 772 παραδείσου
1279 737 1370 772 τρυφῇ
1384 744 1390 751 ·
1407 735 1485 761 τοῦτο
1496 736 1542 762 καὶ
1561 735 1599 770 τῷ
1609 735 1693 770 λοιπῷ
1709 735 1780 769 γένει
1795 735 1850 761 τῶν

1060 782 1211 818 ἀνθρώπων
1227 782 1366 817 βουληθείς
1384 790 1413 808 τε
1429 782 1474 808 καὶ
1488 782 1671 816 χαρισάμενος
1683 782 1716 808 δι’
1730 781 1788 813 ἑνὸς
1802 781 1849 807 τοῦ

1061 827 1169 863 πρώτου
1185 828 1351 863 σπέρματος.
1371 827 1526 862 Ἐλευθερία
1536 827 1564 853 δὲ
1577 828 1622 853 καὶ
1634 827 1756 858 πλοῦτος,
1771 828 1787 862 ἡ
1801 827 1852 862 τῆς

220 861 338 909 primum
354 861 446 901 semen
464 874 578 909 largitus
593 879 644 902 est.
660 861 788 901 Libertas
802 881 883 908 pOrro
898 879 926 901 et
942 874 1010 901 divi-

1063 873 1174 908 ὲντολῆς
1189 873 1255 908 μόνη
1273 873 1329 908 (Η)
1343 873 1459 908 τήρησις
1475 870 1508 907 ἦν
1521 881 1527 887 ³
1546 873 1626 898 πενία
1648 872 1676 898 δὲ
1691 872 1791 907 ἀληθὴς
1805 872 1852 899 καὶ

220 920 295 947 vitia:
313 920 338 947 in
351 920 406 946 sola
422 919 542 947 mandati
557 920 746 947 observatione
761 920 820 946 sine
834 924 930 953 erant;
946 927 1010 948 vera

221 969 311 991 autem
327 970 471 999 paupertas
486 970 513 991 et
524 965 641 991 servitus
657 965 683 991 in
699 964 769 991 illius
785 965 1009 1000 transgressione.

260 1009 357 1038 XXVI.
377 1010 415 1036 Ex
429 1017 482 1044 quo
495 1015 584 1036 autem
603 1010 703 1036 invidia
721 1014 747 1037 et
764 1011 969 1043 contentiones,
985 1016 1012 1037 et

220 1055 334 1083 subdola
356 1056 490 1090 serpentis
503 1057 636 1090 tyrannis,
649 1063 698 1090 per
708 1056 855 1090 voluptatis
870 1056 1011 1083 illecebras

221 1100 315 1127 furtim
346 1109 395 1128 nos
422 1109 529 1135 semper
557 1101 717 1134 attrahens,
746 1106 826 1135 atque
854 1101 1012 1128 audaciores

222 1146 353 1173 adversus
375 1146 540 1174 inlirtuiores
563 1147 722 1179 concitans,
742 1147 768 1173 in
793 1147 875 1173 vitam
898 1147 1013 1181 irrepse-

222 1196 303 1224 runt,
323 1192 357 1219 ab
374 1200 405 1219 eo
425 1196 547 1227 tempore
570 1193 595 1219 itt
616 1193 754 1220 nominum
775 1193 946 1220 diversitates
965 1200 1012 1220 eo-

221 1242 331 1272 guatum
346 1245 430 1272 genus
441 1238 585 1265 dissectum
598 1243 652 1270 est,
667 1246 699 1265 ac
724 1243 828 1266 naturae
844 1238 1012 1266 nobilitatem

221 1282 336 1309 avaritia
363 1281 487 1316 discidit,
513 1283 598 1318 legem
613 1283 695 1311 etiam
712 1290 855 1310 assumens
865 1303 872 1316 ,
886 1282 1017 1316 potentiae

222 1333 304 1361 atque
336 1328 442 1363 imperii
470 1328 641 1364 adjutricem.
675 1331 710 1356 At
738 1334 765 1356 tu
796 1329 911 1363 primam
941 1329 1012 1356 illam

222 1374 445 1408 aequabilitatem,
461 1382 513 1402 non
529 1374 876 1410 postremamdivisionem,
891 1376 1012 1408 intuere;

222 1419 372 1453 Creatoris,
389 1428 442 1448 non
461 1421 634 1456 potentioris,
654 1421 740 1456 legem
757 1422 804 1449 tibi
815 1429 943 1456 propone.
959 1421 1014 1448 Na-

223 1471 291 1492 turze
302 1473 351 1500 pro
366 1466 470 1493 viribus
482 1474 615 1494 succurre
625 1487 633 1499 ,
647 1471 767 1494 veterem
792 1467 945 1494 libertatem
964 1466 1014 1493 ho-

223 1518 292 1538 nore
303 1518 479 1546 prosequere,
490 1512 604 1546 leipsum
616 1519 722 1545 verere,
735 1513 910 1547 ignominiam
922 1512 1013 1548 generi

225 1562 273 1583 tuo
297 1562 430 1592 contege,
456 1558 552 1584 morbo
577 1557 710 1590 subveni,
744 1559 857 1593 egestati
890 1559 1013 1586 solatium

224 1602 292 1629 alter
306 1611 313 1629 :
329 1603 374 1637 qui
391 1603 470 1629 lirmo
485 1610 601 1637 corpore
619 1611 660 1635 es,
673 1603 824 1638 opibusque
839 1603 1014 1636 circumﬂuis,

225 1649 365 1683 tegrotanti
390 1653 418 1676 et
440 1648 533 1683 inopi;
560 1649 606 1683 qui
633 1649 744 1676 minime
760 1650 842 1684 276
863 1649 1014 1681 offendisti,

228 1694 349 1728 collapso
370 1698 397 1721 et
412 1696 595 1727 comminuto;
619 1695 664 1729 qui
692 1695 752 1722 laeto
776 1701 803 1722 et
827 1695 906 1722 hilari
926 1695 1016 1723 animo

229 1746 272 1772 es,
290 1739 415 1767 maerenti
431 1744 458 1767 et
475 1739 590 1771 aﬂlicto;
613 1740 658 1774 qui
678 1741 760 1768 rebus
781 1741 907 1768 secundis
921 1742 1015 1775 uteris,

226 1784 351 1812 adversis
368 1784 510 1812 laboranti.
536 1785 591 1813 Deo
616 1786 792 1820 gratitudinis
815 1794 896 1814 causa
917 1785 1016 1821 aliquid

227 1831 330 1863 tribue,
345 1831 416 1865 quod
427 1839 460 1858 ex
472 1839 566 1859 eorum
580 1839 693 1859 numero
706 1831 753 1865 sis,
767 1833 814 1866 qui
828 1833 861 1860 de
876 1832 937 1860 aliis
950 1833 1018 1860 bene

227 1878 328 1905 mereri
342 1883 467 1913 possunt,
483 1886 535 1906 non
553 1878 600 1913 qui
617 1878 731 1906 aliorum
749 1878 926 1907 beneﬁcentia
949 1885 1018 1913 opus

227 1923 363 1957 habeant;
383 1924 455 1959 quod
473 1931 526 1951 non
543 1924 569 1951 in
591 1924 695 1951 alienas
709 1931 806 1952 manus
818 1925 912 1952 oculos
927 1924 1019 1957 conje-

229 1974 290 1997 ctos
303 1970 420 2005 habeas,
444 1971 492 1998 sed
515 1970 559 1997 alii
584 1971 611 1998 in
632 1976 700 1998 tuas.
725 1971 762 1998 Da
778 1978 906 2005 operam,
924 1975 952 1997 ιιι
967 1977 1018 1997 non

229 2015 317 2043 solum
333 2015 430 2051 opibus
443 2035 451 2048 ,
470 2016 516 2043 sed
529 2016 611 2043 etiam
629 2016 744 2050 pietate,
766 2025 818 2043 non
837 2017 922 2043 solum
942 2023 1019 2048 auro,

229 2061 278 2088 sed
295 2061 376 2089 etiam
402 2061 520 2094 virtute,
544 2062 598 2088 into
624 2062 723 2089 virtute
748 2062 804 2089 sola
828 2061 866 2089 sis
891 2062 1019 2096 locuples.

229 2107 300 2134 Cura
318 2111 348 2134 ttt
362 2107 486 2141 proximo
508 2112 555 2134 tuo
573 2107 674 2134 idcirco
694 2107 867 2141 praestantior
883 2108 939 2139 sis,
958 2107 1020 2141 quia

229 2151 380 2186 benignior.
397 2151 453 2179 Fac
466 2152 626 2179 calamitosa
640 2151 678 2179 sis
691 2152 758 2179 deus
768 2172 776 2184 ,
801 2152 848 2179 Dei
867 2151 1022 2179 misericor-

230 2197 301 2224 diam
321 2197 464 2226 imitando.

266 2241 373 2269 XXVII.
400 2242 473 2270 Nihil
497 2243 567 2270 enim
587 2247 641 2270 tam
666 2243 786 2270 divinum
810 2242 893 2270 homo
918 2243 1016 2276 habet,

269 2332 279 2347 ⁸
295 2331 391 2359 Matth.
408 2339 465 2363 λιι,
478 2331 505 2362 8.

267 2421 304 2457 (8)
326 2420 411 2457 'rzd.
424 2421 490 2454 Reg.
503 2421 530 2452 tt,
547 2421 611 2450 ἀπό.

268 2455 305 2491 (9)
323 2455 414 2483 Κοινὰ
429 2464 504 2482 τινα.
517 2457 562 2483 Sic
574 2458 663 2489 plures
675 2456 758 2491 ltegg.
770 2456 859 2490 plures
871 2457 960 2490 C0lb.,
971 2455 1018 2484 0r.

229 2492 259 2524 2,
272 2499 326 2519 etc.
342 2491 419 2517 Deest
434 2499 494 2518 τινα
510 2492 535 2517 in
554 2491 700 2523 nonnullis,
717 2497 744 2518 et
759 2492 836 2518 κοινά
848 2492 873 2518 in
889 2492 954 2520 etlit.

269 2526 323 2562 (10)
338 2526 486 2560 Κὰκείνης
501 2526 573 2553 ὄντα
587 2526 781 2561 ἐπινοήματα.
797 2526 859 2554 Ηωο
881 2529 977 2554 desunt
994 2527 1020 2554 in

233 2562 433 2631 ΒῦἃῖῒΜόνη.
447 2596 531 2631 peest
547 2597 572 2623 in
588 2595 708 2631 pluribus
720 2597 798 2623 codd.

282 2597 309 2623 ll
340 2597 433 2630 Μόνη.
451 2597 531 2623 Deest
547 2597 572 2623 in
588 2597 708 2631 pluribus
720 2597 798 2623 codd.

270 2597 326 2693 (12)
342 2631 400 2666 Ἀφ’
424 2629 460 2658 οὗ
478 2631 521 2659 δέ.
549 2631 594 2658 Sic
618 2631 699 2665 ltegg.
723 2631 778 2671 bin,
793 2632 837 2671 ph,
852 2631 898 2658 Or.
914 2631 941 2664 2,
968 2636 1020 2658 etc.

258 2667 274 2693 il
289 2668 329 2693 ius
346 2665 460 2693 suonlet.
481 2666 708 2693 παρεωθὰοησαν.
726 2676 735 2691 ι
757 2674 782 2692 ιιι
801 2673 883 2693 Vitam
904 2668 1020 2693 irrepse-

235 2665 329 2693 Billius
346 2665 460 2702 supplet,
481 2666 708 2702 παρεφθὰρησαν,
726 2676 735 2691 ι
757 2667 883 2702 iu_vitam
904 2668 1022 2700 irrepse-

235 2706 309 2745 runt,
321 2711 330 2726 ι
351 2700 427 2741 [imm
446 2701 472 2728 in
487 2700 579 2729 vitium
595 2700 696 2735 delapsi
713 2700 801 2736 sunt,]
815 2703 886 2735 quod
908 2710 960 2729 non
976 2703 1024 2730 ha-

236 2737 299 2764 bent
313 2738 430 2763 codices.
674 2742 677 2745 ‘

273 2771 329 2832 (ἑό)
353 2769 568 2797 Ἐπανιστῶσα.
588 2770 670 2806 chg.
696 2779 722 2803 ιι,
739 2772 793 2803 but,
812 2777 837 2798 et
853 2771 919 2799 Jes..
943 2773 1025 2798 ἐπαν-

238 2814 279 2832 ιστ
302 2814 346 2831 σα.

238 2814 517 2875 ωἷῗῖῗηλεονεξία,
536 2847 586 2869 etc.
607 2850 616 2866 ι
633 2840 726 2876 Iniqua
741 2843 791 2874 vis,
814 2842 928 2870 habendi
949 2841 1025 2876 cupi-

1061 919 1177 951 δουλεία,
1195 920 1211 954 ἠ
1224 918 1323 953 ταύτης
1336 918 1502 954 παράϐασις.

1097 1010 1169 1042 KG’.
1192 1004 1291 1043 Ἀφ’οὗ
1308 1009 1336 1035 δὲ
1353 1007 1408 1043 (1‘2)
1424 1008 1471 1034 καὶ
1485 1007 1587 1042 φθόνοι,
1601 1008 1647 1033 καὶ
1663 1007 1759 1042 ἔριδες,
1776 1007 1822 1033 καὶ
1835 1007 1853 1042 ἡ

1062 1055 1159 1090 δολερὰ
1174 1055 1220 1081 τοῦ
1235 1055 1329 1089 ὄφεως
1342 1055 1479 1089 τυραννὶς,
1495 1053 1537 1079 ἀεὶ
1552 1053 1590 1088 τῷ
1604 1052 1685 1088 λίχνῳ
1699 1053 1747 1087 τῆς
1759 1052 1855 1088 ἡδονῆς

1063 1099 1247 1135 ὑποσύρουσα,
1262 1099 1308 1126 καὶ
1319 1099 1491 1126 ἑπανιστῶσα
1509 1097 1564 1133 (15)
1579 1099 1634 1129 τοῖς
1651 1097 1855 1132 ἀσθενεστέροις

1062 1147 1125 1177 τοὺς
1136 1145 1331 1181 θρασυτέρους,
1348 1146 1452 1181 ἐρράγη
1471 1145 1502 1172 τὸ
1516 1145 1645 1179 συγγενὲς
1664 1144 1703 1175 εἰς
1717 1143 1856 1178 ὀνομάτων

1063 1191 1281 1226 ἀλλοτριότητας,
1310 1191 1356 1217 καὶ
1382 1191 1412 1216 τὺ
1433 1191 1482 1225 τῆς
1504 1191 1610 1225 φύσεως
1625 1189 1733 1223 εὐγενὲς
1746 1188 1855 1215 πλεονε-

1065 1237 1108 1269 ξία
1127 1236 1183 1271 (14)
1200 1236 1344 1271 κατέτεμε,
1363 1235 1554 1271 προσλαϐοῦσα
1571 1236 1617 1262 καὶ
1631 1235 1722 1270 νόμον,
1743 1234 1794 1270 τῆς
1809 1234 1856 1260 δυ-

1065 1283 1193 1314 ναστείας
1207 1283 1361 1318 ἐπίκουρον.
1383 1282 1462 1308 Ἀλλὰ
1476 1282 1507 1308 σὺ
1521 1282 1601 1317 βλέπε
1619 1291 1662 1316 μοι
1681 1281 1729 1317 τὴν
1744 1281 1856 1317 πρώτην

1066 1328 1205 1364 ἰσονομίαν
1223 1328 1290 1364 (15),
1311 1328 1348 1364 μὴ
1364 1329 1413 1364 τὴν
1427 1329 1584 1355 τελευταίαν
1595 1328 1724 1364 διαίρεσιν
1734 1336 1740 1343 ·
1758 1328 1795 1363 μὴ
1810 1328 1858 1354 τὸν

1064 1373 1111 1400 τοῦ
1134 1375 1321 1409 κρατήσαντος
1347 1375 1442 1410 νόμον,
1465 1375 1534 1401 ἀλλὰ
1564 1374 1609 1400 τὸν
1631 1373 1678 1400 τοῦ
1703 1374 1856 1405 κτίσαντος.

1065 1420 1202 1455 Βοήθησον
1215 1421 1285 1447 κατὰ
1295 1420 1410 1456 δύναμιν
1426 1422 1458 1456 τῇ
1472 1420 1562 1456 φύσει,
1580 1420 1629 1456 τὴν
1643 1420 1759 1456 ἀρχαίαν
1777 1419 1852 1446 ὲλευι

1066 1466 1159 1500 θερίαν
1182 1465 1306 1501 τίμησον,
1332 1465 1469 1501 αἰδέσθητι
1496 1466 1603 1497 σαυτὸν,
1623 1465 1794 1500 συγκαλυψον
1818 1464 1859 1500 τῷ

1028 1528 1053 1556 c.
1066 1512 1139 1545 γένει
1157 1511 1207 1547 τὴν
1232 1512 1354 1547 ἀτιμίαν,
1371 1512 1524 1548 ἐπάρκεσον
1543 1513 1575 1547 τῇ
1595 1511 1675 1546 νόσῳ,
1689 1511 1737 1546 τὴν
1755 1510 1858 1536 ἔνδειαν

1067 1556 1264 1592 παραμύθησαι
1275 1564 1282 1571 °
1299 1557 1312 1582 ὁ
1328 1556 1473 1592 εὑρωστῶν
1489 1556 1556 1592 (16),
1567 1558 1581 1582 ὁ
1595 1556 1728 1587 πλουτῶν,
1740 1557 1790 1590 τὴν
1810 1555 1857 1581 τοῦ

1067 1603 1216 1636 νοσοῦντος,
1235 1603 1283 1638 τὴν
1297 1603 1352 1639 (17)
1366 1602 1411 1629 τοῦ
1427 1603 1590 1638 πενομένων
1606 1604 1620 1629 ὁ
1642 1602 1678 1638 μὴ
1702 1602 1854 1637 προσπταί-

1067 1658 1126 1681 σας,
1141 1649 1190 1684 τὴν
1201 1649 1248 1676 τοῦ
1263 1649 1391 1681 πεσόντος
1403 1650 1450 1676 καὶ
1468 1649 1655 1685 συντριὸἐντος
1667 1658 1673 1664 ·
1688 1650 1702 1675 ὁ
1719 1649 1857 1683 εὐθυμῶν,

1065 1695 1114 1729 τὴν
1145 1694 1192 1721 τοῦ
1227 1695 1418 1730 ἀθυμοῦντος·
1440 1697 1454 1722 ὁ
1483 1697 1539 1727 τοῖς
1569 1695 1665 1728 δεξιοῖς
1694 1695 1862 1730 εὖθηνούμε-

1066 1749 1110 1772 νος
1138 1740 1205 1776 (18),
1232 1741 1279 1767 τοῦ
1303 1742 1358 1772 τοῖς
1385 1741 1541 1777 ἁριστέροις
1569 1741 1728 1776 κάμνοντος.
1759 1740 1807 1772 Δός
1832 1749 1859 1766 τι

1067 1786 1105 1822 τῷ
1125 1786 1180 1822 (19)
1196 1786 1254 1822 Θεῷ
1270 1787 1455 1822 χαριστήριον,
1470 1787 1510 1813 ὅτι
1527 1786 1580 1813 τῶν
1599 1785 1628 1813 εὖ
1645 1787 1730 1812 ποιεῖν
1742 1785 1859 1821 δυναμέ-

1067 1841 1120 1859 νων
1134 1833 1237 1867 ὲγένου,
1251 1833 1307 1859 ἀλλ’
1320 1834 1350 1860 οὐ
1366 1834 1420 1859 τῶν
1433 1831 1462 1864 εὖ
1480 1833 1576 1859 παθεῖν
1597 1833 1730 1868 δεομένων
1740 1841 1746 1847 ι
1764 1833 1804 1859 ὅτι
1821 1832 1860 1867 μὴ

1070 1879 1176 1915 βλέπεις
1192 1879 1248 1912 (20)
1268 1881 1308 1911 εις
1324 1879 1465 1915 ἀλλοτρίας
1487 1881 1590 1914 χεῖρας,
1610 1878 1666 1905 ἀλλ’
1682 1879 1722 1910 είς
1740 1878 1789 1909 τὰς
1809 1878 1860 1908 σας
1876 1881 1885 1887 ·

1068 1926 1169 1961 ⁹ἐτεροι.
1189 1925 1344 1961 Πλούτησον
1366 1926 1403 1961 μὴ
1423 1925 1582 1961 περιουσίαν
1606 1925 1696 1960 μόνον,
1717 1924 1786 1951 ἀλλὰ
1812 1924 1860 1950 καὶ

1071 1972 1212 1999 εὐσέϐειαν
1225 1981 1231 1987 ·
1252 1973 1289 2007 μὴ
1306 1972 1336 1998 τὸ
1350 1973 1460 2008 χρυσίον
1474 1972 1563 2007 μόνον,
1582 1971 1649 1998 ἀλλὰ
1664 1971 1711 1997 καὶ
1728 1971 1776 2005 τὴν
1793 1970 1858 2005 ἀρε-

1070 2018 1135 2053 τὴν,
1162 2018 1260 2053 μᾶλλον
1278 2017 1306 2044 δὲ
1326 2017 1428 2053 ταύτην
1448 2017 1527 2053 μόνον
1544 2017 1612 2052 (21).
1629 2016 1710 2043 Γενοῦ
1728 2015 1776 2042 τοῦ
1792 2015 1862 2049 πλη-

1073 2063 1130 2090 σίον
1149 2063 1321 2098 τιμιώτερος,
1346 2065 1378 2090 ὲκ
1395 2063 1441 2090 τοῦ
1460 2064 1577 2098 φανῆναι
1595 2063 1790 2098 χρηστότερος·
1818 2070 1861 2095 γε-

1072 2108 1116 2134 νοῦ
1136 2108 1175 2144 τῷ
1201 2108 1345 2144 ἀτυχοῦντι
1364 2108 1434 2140 Θεὸς,
1462 2109 1506 2135 τὺν
1527 2109 1599 2135 ἔλεον
1617 2107 1684 2134 Θεοῦ
1702 2107 1860 2142 μιμησάμε-

1073 2162 1126 2185 νος.

1108 2247 1171 2272 KZ'.
1193 2247 1276 2273 Οὐδὲν
1293 2249 1347 2283 γὰρ
1359 2247 1456 2280 οὕτως,
1468 2248 1504 2280 ὡς
1517 2248 1546 2274 τὸ
1561 2246 1590 2274 εὖ
1608 2247 1704 2280 ποιεῖν,
1719 2246 1861 2281 ἄνθρωπος

1075 2422 1154 2448 ditas.
1174 2431 1182 2446 ι
1204 2422 1251 2448 llic
1264 2422 1333 2448 enim
1352 2429 1440 2447 sermo
1455 2421 1539 2448 estde
1553 2421 1577 2448 vi
1592 2421 1707 2456 publica,
1728 2428 1779 2455 qua
1806 2429 1863 2455 prt-

1075 2465 1157 2483 ttt:l:\':l
1174 2457 1284 2484 libertus
1301 2464 1427 2490 oppressu
1441 2462 1491 2483 est.

1110 2491 1166 2526 (l5)
1183 2492 1361 2526 Ἰσονομιαν.
1386 2491 1469 2526 Regg.
1492 2500 1518 2524 a,
1536 2499 1563 2524 c,
1580 2491 1608 2524 d,
1629 2491 1767 2526 ἱσοτομίαν
1791 2490 1864 2527 [lege

1076 2526 1232 2552 ἰσοτιμίαν).

1087 2535 1232 2553 σοτιμιανι.

1111 2526 1355 2596 ξῖἓῖίῖἶίρωστῶν.
1371 2561 1453 2594 Rege,
1469 2569 1520 2593 ιι,‹·,
1533 2561 1731 2596 ιΙ,εὺρρωστῶν
1757 2559 1862 2596 [male].

1112 2591 1167 2632 (Π)
1187 2591 1257 2628 Τῆν.
1274 2598 1350 2623 Deest
1366 2599 1391 2622 in
1409 2591 1492 2630 iiegg.
1550 2591 1607 2629 ὺιιι,
1620 2591 1668 2629 'ph.

1113 2631 1169 2665 (18)
1186 2632 1425 2665 Εὺθηνούμενος.
1446 2632 1489 2657 Sic.
1504 2631 1586 2665 ltegg.
1604 2639 1678 2665 3,70,
1699 2631 1726 2661 d,
1749 2631 1803 2662 bitt,
1817 2631 1864 2665 ph,

1078 2664 1160 2693 Coisl.
1177 2665 1202 2695 5.
1215 2673 1241 2701 et
1256 2666 1311 2693 Jes.
1325 2664 1407 2696 Etliti,
1423 2664 1616 2701 εὑθυνοὺμενος
1638 2664 1741 2701 [male].

1116 2701 1171 2734 (l9)
1189 2700 1242 2732 Τῷ.
1260 2701 1338 2728 Deest
1355 2701 1381 2727 in
1399 2701 1531 2735 pluribus.

1115 2733 1384 2771 (21))Βλέπειςιδίο
1399 2733 1486 2770 'lleggz.
1505 2744 1537 2768 a,
1557 2736 1612 2768 btn,
1635 2742 1658 2767 c,
1679 2735 1706 2767 tl,
1725 2740 1751 2762 et
1767 2733 1815 2761 0r.
1836 2735 1864 2762 ‘2.

1080 2770 1108 2797 ltt
1124 2771 1188 2807 edit.
1207 2771 1307 2807 βλέπῃς
1322 2770 1498 2807 [perperam].
1562 2806 1565 2807 ν
1653 2804 1673 2807 μ
1736 2805 1742 2807 _
1840 2804 1844 2807 _

1117 2805 1172 2839 (21)
1186 2804 1312 2833 Mitior
1323 2804 1366 2832 ’δὲ
1384 2804 1505 2839 ταύτην
1526 2806 1629 2839 μόνον.
1653 2804 1712 2832 Ιιιιξς
1728 2805 1823 2833 desunt
1839 2804 1866 2831 in

1082 2841 1215 2876 plerisque
1232 2841 1308 2868 ονάιι.
