2069 3131
218 118 273 148 893

679 121 808 149 ORATIO
827 121 896 151 XIV.
918 140 950 145 ——-
972 123 1018 151 DE
1037 123 1226 154 PAUI’ERL‘M
1245 127 1374 155 AMORE.

1793 128 1846 156 804

219 181 274 216 ἔχει
295 182 362 209 Θεοῦ
374 191 380 198 ·
402 183 453 209 κᾶν
473 184 487 209 ὁ
504 183 560 216 (22)
580 183 628 218 μὲν
650 184 746 218 μείζω,
765 185 812 211 καὶ
829 186 843 211 ὁ
863 185 891 212 δὲ
908 186 1011 212 ἐλάττω

1069 198 1144 224 quam
1161 191 1194 216 de
1209 189 1270 216 aliis
1285 189 1354 216 bene
1368 189 1465 217 mereri
1480 200 1486 218 :
1502 192 1606 220 tametsi
1621 193 1663 221 ille
1673 193 1788 227 majora,
1802 194 1846 220 hic

218 229 361 264 εὐεργετῇ.
385 228 523 263 ἑκάτερος,
543 226 630 264 οἶμαι,
648 229 718 255 κατὰ
738 230 786 264 τὴν
810 231 906 257 ἑαυτοῦ
929 231 1009 258 δύνα-

222 282 277 308 μιν.
301 274 329 300 '0
349 273 398 309 μὲν
423 274 546 309 ἐποίησε,
571 274 618 300 καὶ
641 273 694 309 (‘23)
718 274 802 306 λύσας
825 276 934 310 συνάγει
953 277 1008 311 (24)

222 319 302 345 πάλιν
312 327 318 333 ·
333 319 364 345 σὺ
386 319 413 345 δὲ
424 319 540 346 πεσόντα
559 320 595 355 μὴ
610 320 727 355 παρίδῃς
744 321 811 356 (25).
834 321 864 347 Ἱ)
877 321 926 356 μὲν
947 322 1009 357 ἠλὲ-

222 374 288 400 ησεν
316 366 354 396 είς
377 365 410 392 τὰ
431 366 558 400 μέγιστα,
585 366 647 398 δοὺς
675 367 722 393 ἐπὶ
744 368 810 393 πᾶσι
835 367 927 403 νόμον,
944 376 1010 403 προ-

223 412 321 446 φήτας,
340 412 388 438 καὶ
402 412 454 447 πρὸ
463 413 576 444 τούτων,
587 413 632 439 τὸν
649 412 762 447 φυσικὸν
778 413 858 448 νόμον
875 413 1009 449 ἄγραφον,

223 458 276 484 τῶν
296 459 508 493 παραττομένων
521 458 678 493 ἐξεταστὴν,
695 458 817 492 ἐλέγξας,
832 459 1009 495 νουθετήσας,

224 504 437 539 παιδαγωγήσας
447 513 454 519 ⁸
471 505 500 531 τὸ
518 505 682 538 τελευταῖον,
696 505 792 540 λύτρον
808 506 902 532 ἑαυτὸν
922 514 1011 540 παρα-

224 549 286 581 δοὺς
302 550 372 585 ὑπὲρ
387 550 436 584 τῆς
451 550 495 576 τοῦ
512 551 614 586 κόσμου
635 549 721 585 ζωῆς·
738 550 921 586 χαρισάμενος
942 552 1011 577 ἁπο-

226 595 344 628 στόλους,
370 596 574 629 εὐαγγελιστάς,
595 596 780 628 διδασκάλους,
804 597 945 632 ποιμένας,
970 597 1012 623 lti—

227 649 293 673 σεις,
309 641 419 677 τέρατα,
438 642 566 669 ἐπάνοδον
579 642 646 678 πρὸς
662 641 743 677 ζωὴν,
765 642 878 668 θανάτου
896 642 1014 669 κατάλυ-

227 696 279 719 σιν,
293 688 422 722 τρόπαιον
438 688 507 714 κατὰ
522 687 567 714 τοῦ
583 688 752 722 νικήσαντος,
768 687 899 723 διαθήκην
919 687 968 723 τὴν
984 688 1013 713 ἐν

227 733 300 768 σκιᾷ,
316 733 448 768 διαθήκην
465 734 513 768 τὴν
527 734 554 759 ὲν
569 733 693 768 ἀληθείᾳ,
711 733 865 768 Πνεύματος
877 733 955 767 ἁγίου
970 742 1014 769 με·

228 780 353 814 ρισμοὺς,
374 779 404 806 τὸ
421 779 471 815 τῆς
490 779 586 814 καινῆς
601 779 737 814 σωτηρίας
752 779 910 814 μυστήριον.
924 780 959 805 Σὺ
973 780 1013 812 δὲ,

227 826 252 851 εἰ
271 825 320 860 μὲν
333 825 377 852 καὶ
390 825 446 860 (‘26)
464 825 498 851 τὰ
512 824 596 860 μείζω
609 824 720 856 δυνατὸς
730 822 765 856 εἴ,
783 825 830 851 καὶ
843 823 883 856 οἷς
905 825 1017 861 εὐεργε-

1063 235 1167 262 tuiuora
1193 235 1323 262 beneficia
1349 236 1488 269 conferat,
1513 243 1646 273 uterque,
1664 240 1770 274 opinor,
1798 247 1846 274 pro

1061 281 1119 308 Suis
1143 281 1254 308 viribus.
1284 281 1330 308 llle
1353 281 1489 310 hominem
1516 284 1652 316 condidit,
1679 292 1711 312 ac
1732 286 1846 313 solutum

1064 333 1157 353 rursus
1173 327 1275 361 colligit
1297 333 1305 352 :
1327 331 1354 353 tu
1373 327 1477 362 lapsum
1500 335 1533 355 ne
1548 328 1693 363 despicias.
1717 330 1763 357 ille
1785 338 1846 357 eum

1064 371 1189 397 maximis
1203 371 1229 397 in
1245 371 1325 398 rebus
1340 371 1546 399 commiseratus
1562 378 1614 404 est,
1625 382 1684 400 cum
1699 375 1734 406 ei,
1751 379 1849 409 prteter

1063 422 1172 449 ezctcra,
1190 417 1274 450 legem
1286 437 1294 449 ,
1312 418 1474 452 prophetas,
1491 426 1523 445 ac
1539 419 1613 452 prius
1626 420 1706 446 etiam
1717 440 1724 450 .
1739 425 1849 446 natura-

1063 462 1116 489 lem
1141 463 1246 498 legem,
1273 471 1326 490 non
1342 463 1489 498 scriptam,
1515 471 1607 491 eorum
1631 472 1690 499 quae
1709 470 1847 500 geruntur,

1065 516 1205 536 censorem
1221 529 1228 540 ,
1245 509 1337 540 dedit,
1354 516 1469 543 arguens
1480 529 1487 541 ,
1510 510 1657 536 admonens
1668 530 1675 542 ,
1693 510 1848 544 castigans;

1064 561 1204 590 postremo
1220 554 1339 589 seipsmn
1359 563 1408 590 pro
1421 555 1513 582 mutuli
1528 555 1712 589 redemptione
1723 555 1848 587 tradens;

1065 607 1146 635 atque
1164 601 1273 635 insuper
1287 601 1422 635 apostolos
1440 600 1573 631 tribuens,
1591 601 1781 634 evangelistas,
1799 601 1849 627 do-

1066 652 1166 678 ctores,
1183 647 1335 680 pastores”,
1353 647 1507 673 morborum
1523 646 1694 678 curationes,
1711 650 1848 681 portenta,

1067 691 1162 717 tnorlis
1174 690 1398 722 destructionem,
1419 690 1567 724 troplncum
1586 692 1715 718 adversus
1729 698 1788 717 enin
1804 693 1850 724 qui

1067 738 1178 768 vicerat,
1196 734 1285 762 foedus
1298 735 1324 761 iu
1342 735 1436 761 utnbra
1448 755 1455 764 .
1473 734 1560 761 fwdus
1575 735 1601 761 in
1617 735 1744 766 veritate,
1762 734 1850 769 Spiri-

1067 786 1110 809 tus
1122 780 1207 808 sancti
1225 780 1429 807 distributiones
1440 800 1447 812 ,
1465 788 1540 807 nova:
1561 779 1656 807 salutis
1673 781 1829 816 mysterium
1843 791 1849 807 :

1069 832 1096 853 tu
1115 833 1189 857 vero,
1209 826 1231 852 si
1246 826 1353 860 quidem
1366 825 1469 860 majora
1487 833 1593 860 quoque
1609 830 1695 859 potcs,
1711 830 1738 852 et
1755 825 1852 860 quibus

228 871 314 897 τεῖται
327 870 400 905 ψυχὴ
416 870 560 905 (πεποίηκε
575 870 629 905 γάρ
645 878 674 896 σε
696 870 743 896 καὶ
761 870 846 897 ταῦτα
862 870 987 897 πλούσιον
1003 872 1017 897 ὀ

1069 872 1159 898 anima
1173 871 1304 898 beneficio
1318 870 1433 898 alIicitur
1448 872 1520 906 (nam
1537 870 1578 898 his
1594 871 1675 897 etiam
1692 871 1771 898 rebus
1783 871 1851 898 divi-

228 915 304 947 θεὸς,
316 916 340 941 εί
355 914 519 950 θελήσειας),
536 915 602 950 μηδὲ
618 915 703 942 ταῦτα
713 913 742 941 εὖ
755 917 840 942 ποιεῖν
851 916 958 952 ἀπόσχῃ
970 916 1015 942 τὸν

228 961 305 995 ἐνδεῆ
320 960 376 996 (27)
389 969 395 974 ·
414 961 512 995 μᾶλλον
531 960 560 987 δὲ
585 961 681 996 πρῶτα
703 963 750 988 καὶ
777 961 893 996 μάλιστα
916 962 960 997 τῷ.
975 962 1017 988 αἱ-

227 1006 318 1032 τοῦντί
332 1014 361 1032 σε
373 1006 453 1037 δίδου,
468 1007 514 1040 καὶ
527 1007 590 1042 πρὶν
605 1006 758 1042 αἰτηθῆναι,
771 1007 834 1042 ὅλην
848 1007 896 1042 τὴν
911 1008 1016 1043 ἡμέραν

227 1051 309 1077 ἐλεῶν
325 1052 372 1078 καὶ
391 1052 520 1084 δανείζων
532 1052 588 1087 (‘28)
604 1052 649 1078 τὸν
667 1052 755 1086 λόγον,
772 1053 819 1079 καὶ
833 1053 956 1080 ἀπαιτῶν
973 1062 1018 1087 φι-

227 1097 345 1129 λοπόνως
373 1097 403 1124 τὸ
425 1098 528 1125 δάνειον
552 1097 621 1133 μετὰ
640 1097 720 1124 τόκου
743 1098 793 1133 τῆς
809 1098 856 1124 τοῦ
874 1099 1018 1134 ὠφελημέ-

228 1151 274 1168 νου
291 1143 346 1178 (‘29)
364 1144 531 1179 προσθήκης.
560 1145 592 1178 ἣν
614 1143 657 1170 ἀεὶ
680 1143 718 1178 τῷ
739 1144 809 1179 λόγῳ
830 1145 1016 1180 προστίθησιν,

229 1188 318 1222 αὔξων
340 1189 429 1225 ἐαυτῷ
456 1190 511 1225 (50)
538 1190 607 1216 κατὰ
635 1191 731 1226 μικρὸν
756 1190 789 1217 τὰ
811 1190 860 1225 τῆς
879 1191 1018 1222 εὐσεϐείας

230 1235 386 1270 σπέρματα.
403 1236 434 1261 Εἰ
447 1236 474 1262 δὲ
488 1235 578 1271 μὴ,τά
594 1245 625 1271 γε
639 1237 697 1272 (51)
708 1236 821 1272 δεύτερα
834 1237 880 1262 καὶ
893 1236 1019 1272 μικρότε-

232 1288 266 1315 ρα
278 1279 343 1315 (52),
356 1281 402 1307 καὶ
416 1281 465 1307 ὅσα
476 1282 515 1312 εἰς
528 1281 642 1317 δύναμιν
654 1283 715 1317 ἥκει
729 1281 777 1317 τὴν
794 1282 842 1317 σήν
853 1290 860 1297 ”
874 1281 1020 1317 ἐπικούρη-

229 1336 284 1359 σον,
297 1327 508 1363 ὅρεξοντροφὴν,
520 1328 612 1363 ὄρεξον
625 1329 717 1364 ῥάκος,
730 1328 896 1363 προσένεγκε
905 1328 1019 1363 φάρμα-

229 1382 287 1405 κον,
297 1373 446 1408 κατάδησον
462 1373 616 1409 τραύματα,
631 1374 766 1409 ἐρώτησον
776 1383 801 1400 τι
815 1374 879 1409 περὶ
891 1373 941 1408 τῆς
950 1382 1019 1409 συμ-

231 1421 326 1454 φορᾶς,
341 1427 373 1445 πε
379 1419 404 1453 pi.
415 1420 562 1455 καρτερίας
572 1419 702 1455 φιλοσόφη
708 1429 762 1452 σον,
781 1419 926 1454 θάρσησον,
936 1419 1020 1454 πρόσ-

229 1464 290 1491 ελθε
299 1473 306 1479 ⁸
316 1465 396 1506 οὺιμὴ
406 1465 495 1500 χεῖρόν
508 1474 532 1491 τι
546 1465 657 1491 σεαυτοῦ
668 1465 742 1501 παρὰ
750 1465 827 1492 τοῦτο
841 1465 907 1500 γένῃ
917 1473 923 1479 ”
937 1465 967 1490 οὺ
981 1465 1019 1500 μὴ

231 1509 392 1545 μεταλάϐοις
409 1510 464 1545 (55)
475 1510 520 1536 τοῦ
538 1511 649 1542 πάθους,
666 1510 716 1537 κᾶν
730 1511 754 1537 οἱ
770 1510 830 1536 λίαν
846 1510 927 1545 ἁδροὶ
941 1510 1020 1536 τοῦτο

230 1555 359 1590 νομίζωσι
387 1556 475 1590 λόγοις
502 1556 626 1591 ματαίοις
647 1556 833 1592 ἠπατημένοι·
869 1555 968 1591 μᾶλλον
990 1555 1019 1582 δὲ
1033 1545 1053 1574 C

229 1601 331 1636 ταύτην
347 1601 542 1637 προϐάλλονται
551 1602 602 1637 τῆς
615 1602 718 1629 ἑαυτῶν
731 1601 785 1628 εἴτε
799 1601 940 1633 εὐλαϐείας
951 1601 1018 1636 (54),

230 1647 284 1673 εἴτε
300 1647 427 1679 ἀςεῦείας
442 1647 601 1681 ἀπολογίαν,
623 1647 670 1674 ἐπὶ
691 1647 740 1683 τὴν
754 1647 864 1679 δειλίαν,
889 1647 926 1678 ὡς
944 1647 976 1682 δή
993 1655 1020 1672 τι

232 1692 303 1728 ι’έγα
327 1693 373 1719 καὶ
391 1693 471 1726 σοφὸν
493 1693 720 1728 καταφεύγοντες.
745 1693 830 1719 Τοῦτο
854 1692 1020 1719 πειθέτωσάν

231 1746 260 1764 σε
283 1738 330 1764 καὶ
343 1738 368 1764 οἱ
382 1738 466 1772 λόγοι,
490 1738 535 1764 καὶ
554 1738 653 1774 ἰατρῶν
675 1738 769 1770 παῖδες
785 1738 852 1773 (55),
871 1738 917 1765 καὶ
937 1737 1021 1764 σύνοι-

231 1791 273 1810 κοι
289 1783 344 1818 156)
359 1784 460 1810 τούτων
477 1784 653 1819 θεραπευταὶ,
668 1781 705 1810 ὧν
717 1783 803 1816 οὐδείς
817 1792 860 1810 πω
870 1785 926 1815 τοῖς
938 1783 1022 1809 τοιού-

230 1838 287 1860 τοις
301 1829 418 1865 προσιὼν
437 1830 618 1856 ἐκινδύνευσε.
644 1830 680 1855 Σὺ
694 1829 792 1860 τοίνυν,
809 1829 832 1854 εὶ
847 1829 893 1854 καὶ
906 1828 936 1854 τὸ
953 1829 1020 1864 πρᾶ-

187 1900 196 1905 _
231 1882 290 1910 γμα
309 1875 421 1911 φοϐερὸν
441 1876 488 1902 καὶ
507 1875 634 1906 ὑπονοίας
657 1875 742 1907 ἄξιον,
760 1871 782 1900 ὦ
799 1874 875 1900 δοῦλε
890 1874 1018 1910 Χριστοῦ,

231 1919 278 1946 καὶ
291 1920 407 1954 φιλόθεε,
422 1921 468 1947 καὶ
483 1920 666 1956 φιλάνθρωπε,
686 1920 722 1955 μὴ
737 1919 826 1956 πάθῃς
843 1920 925 1956 μηδὲν
938 1920 1018 1953 ἀγεν-

231 1965 292 1997 νές·
315 1967 347 2001 τῇ
365 1967 454 1993 πίστει
477 1967 629 2002 θάρσησον·
651 1965 788 2001 νικησάτω
811 1966 861 2001 τὴν
887 1965 986 1992 δειλίαν
1006 1966 1020 1992 ὁ

231 2010 330 2045 οἶκτος,
345 2014 358 2038 ὁ
372 2014 417 2040 τοῦ
432 2014 499 2040 Θεοῦ
513 2014 594 2048 φόϐος
607 2013 656 2048 τὴν
672 2012 830 2048 ἁπαλότητα
841 2021 848 2027 '
863 2013 952 2048 στήτω
965 2013 1018 2048 πρὸ

230 2059 285 2085 τῶν
301 2059 472 2096 φιλοσάρκων
488 2059 625 2094 λογισμῶν
645 2059 662 2094 ἡ
680 2058 806 2085 εὐσέϐεια
816 2066 822 2073 ·
844 2058 880 2094 μὴ
893 2058 1019 2094 παρίδῃς,

234 2105 271 2140 μὴ
288 2106 469 2141 παραδράμῃς
494 2106 539 2132 τὸν
561 2104 684 2139 ἀδελφὸν,
714 2104 751 2140 μὴ
776 2105 953 2140 ἀποστραφῇς
983 2104 1020 2135 ὡς

233 2151 311 2185 ἄγος,
325 2152 362 2183 ὡς
379 2153 495 2187 μίασμα,
511 2151 549 2184 ὡς
564 2151 627 2178 ἄλλο
641 2160 667 2177 τι
682 2150 735 2177 τῶν
746 2150 869 2184 φευκτῶν
883 2151 930 2178 καὶ
946 2150 1020 2178 ἀπει-

236 2197 369 2232 ρημένων·
392 2197 436 2224 σόν
454 2199 511 2223 ἐστι
531 2196 620 2228 μέλος,
640 2197 686 2222 καὶ
708 2197 731 2222 εί
753 2197 785 2232 τῇ
805 2196 932 2231 συμφορᾷ
949 2196 1020 2231 κάμ-

271 2298 281 2313 ’
296 2298 392 2332 Epltcs.
406 2306 442 2329 tv,
458 2297 498 2324 H.

246 2422 252 2429 ἱ
272 2387 327 2420 (:22)
346 2387 382 2414 '0.
399 2387 445 2415 Sic
461 2387 541 2422 Regg.
558 2395 585 2420 a,
601 2388 661 2421 bin,
685 2389 729 2423 ph,
749 2393 802 2415 etc.
822 2387 900 2414 Deest
922 2387 947 2414 in
965 2388 1019 2415 edi-
1035 2388 1060 2418 D

232 2427 278 2450 tis.

269 2457 325 2490 (25)
339 2458 403 2484 Καί.
421 2458 500 2485 Deest
514 2458 539 2485 iu
553 2458 680 2492 pluribus.

269 2493 324 2527 (Ἡ)
338 2493 474 2527 Συνάγει.
490 2493 556 2524 Jes.,
573 2493 734 2526 συνεισάγει.

270 2529 325 2565 (25)
342 2528 494 2565 Πιδζρίᾷῃςἒ
504 2528 568 2561 Reg.
581 2528 635 2565 blll,
652 2528 792 2565 παρείδῃς.

269 2564 324 2596 (2U)
335 2564 402 2590 Καί.
415 2563 461 2591 Sic
477 2563 561 2598 Regg.
579 2571 605 2596 a,
622 2564 676 2596 bm,
695 2563 720 2596 δ,
738 2563 783 2598 pit,
800 2568 827 2590 et
845 2563 888 2591 0r.
902 2564 929 2591 2,
944 2565 1022 2591 Deest

234 2599 260 2626 iu
275 2600 340 2625 edit.

270 2633 325 2669 (Ξῖ)
339 2632 455 2669 Ἐνδεῆγ.
469 2631 536 2667 Reg.
550 2634 595 2668 ph,
616 2633 691 2660 ὲνδὲα
707 2633 786 2669 [lego,
803 2633 901 2661 'sw'S—zii.

269 2668 325 2702 (‘28)
343 2667 493 2698 Δανείζων.
511 2667 557 2696 Or.
574 2672 583 2696 1
603 2675 630 2696 et
642 2670 670 2700 “2,
684 2667 807 2700 δοῐνίζων.

269 2702 325 2740 (25))
347 2703 557 2740 Ὠερελημένοιζ.
572 2704 638 2739 Reg.
649 2705 712 2740 ibm,
727 2703 923 2740 ὠφελουμένου.

269 2738 325 2772 (30)
340 2738 447 2770 Αῠξων
460 2738 565 2771 ἐαυτῷ,
577 2745 630 2766 etc.
647 2739 712 2773 Reg.
730 2747 755 2771 a,
770 2740 817 2766 Or.
831 2738 848 2765 Ξ
858 2760 864 2770 ,
881 2745 908 2765 et
924 2738 1018 2771 Gabr.,

233 2773 365 2808 νουνεχῶς
377 2773 465 2806 αὕξων
482 2775 511 2800 ὲν
525 2773 623 2809 ὲαυτῷ,
642 2783 651 2799 ι
666 2774 712 2808 qui
724 2777 870 2808 prudenter
886 2775 910 2801 in
932 2775 1019 2808 θείνει)

234 2809 342 2843 pietatis
362 2810 465 2836 semina
483 2810 583 2836 sensim
599 2810 723 2843 adauget.
741 2818 750 2835 ›

272 2845 327 2879 (5|)
344 2843 383 2871 Τά
398 2853 439 2879 γε.
456 2845 521 2879 Reg.
539 2844 584 2879 ph,
599 2845 677 2878 τάχα,
698 2853 706 2869 t
728 2843 850 2872 fortasse.
865 2853 873 2869 ι

1068 923 1120 945 tem
1139 924 1182 950 te,
1200 918 1221 944 si
1236 917 1364 949 volucris,
1384 917 1454 944 Deus
1475 917 1573 952 fecit),
1592 926 1626 944 no
1638 917 1679 944 his
1696 925 1803 952 quoque
1819 918 1853 944 de

1068 963 1205 997 indigente
1218 963 1286 989 bene
1301 962 1399 989 mereri
1417 962 1531 989 absiste.
1548 962 1603 989 lmo
1620 962 1736 997 primum
1757 969 1789 989 ac
1805 969 1853 997 po-

1068 1009 1203 1036 tissimum
1220 1008 1277 1035 haec
1291 1008 1327 1041 ei,
1350 1008 1394 1042 qui
1409 1007 1458 1034 abs
1472 1013 1497 1034 te
1516 1008 1591 1042 petit,
1608 1008 1707 1040 tribue,
1725 1008 1854 1042 priusque

1068 1054 1149 1081 etiam
1170 1061 1250 1088 quam
1274 1053 1410 1088 postulet,
1428 1058 1482 1081 tota
1495 1054 1538 1081 die
1560 1054 1692 1080 miserans
1705 1061 1736 1081 ac
1749 1061 1854 1081 sermo-

1069 1107 1128 1125 nem
1149 1099 1344 1132 commodans,
1366 1099 1541 1134 debitumque
1565 1107 1625 1126 cum
1651 1099 1743 1127 fenore
1761 1099 1855 1126 sedulo

1068 1145 1194 1178 exigens,
1210 1145 1260 1172 hoc
1275 1149 1334 1177 est,
1348 1145 1424 1179 ejus,
1438 1145 1480 1171 cui
1502 1144 1603 1171 utilitas
1623 1143 1743 1177 aﬂ'ertur,
1766 1144 1856 1171 incre-

1069 1196 1188 1218 mentum
1200 1211 1208 1223 ,
1228 1191 1298 1224 quod
1317 1191 1425 1225 quidem
1450 1191 1578 1217 doctrina:
1595 1197 1702 1224 semper
1715 1189 1852 1224 adjungil,

1069 1237 1132 1263 dum
1159 1237 1267 1271 pietatis
1287 1237 1390 1263 semina
1404 1237 1430 1263 in
1452 1237 1540 1271 scipso
1557 1236 1685 1270 paulatim
1700 1241 1789 1270 auget.
1806 1236 1853 1263 Sin

1071 1283 1126 1310 luL-c
1140 1283 1231 1318 largiri
1246 1283 1350 1317 nequis,
1363 1287 1390 1309 at
1403 1287 1475 1310 certe
1491 1283 1549 1310 hate
1563 1282 1681 1309 secunda
1697 1287 1724 1308 et
1737 1282 1854 1315 minora,

1070 1334 1097 1356 et
1113 1337 1172 1364 quae
1189 1330 1238 1356 sub
1254 1329 1410 1356 facultatem
1433 1334 1505 1355 tuam
1525 1328 1642 1361 cadunt,
1658 1333 1776 1361 praista:
1791 1328 1855 1355 sub-

1070 1376 1141 1406 veni,
1157 1375 1247 1402 cibum
1261 1375 1361 1409 praebe,
1377 1375 1505 1402 detritum
1524 1382 1641 1409 pannum
1656 1375 1780 1409 porrige,
1798 1380 1856 1402 me»

1070 1420 1252 1446 dicamentutn
1268 1420 1384 1449 adhibe.
1404 1419 1502 1446 vulnus
1525 1419 1622 1453 alliga,
1648 1419 1681 1446 de
1703 1419 1856 1446 calamitate

1071 1464 1172 1498 aliquid
1190 1469 1368 1498 percunctare
1381 1484 1389 1495 ,
1409 1465 1442 1491 de
1463 1465 1591 1499 patientia
1605 1465 1754 1491 orationem
1769 1464 1853 1495 habe,

1071 1509 1142 1537 bono
1155 1510 1245 1538 animo
1258 1515 1327 1544 esto,
1339 1511 1452 1543 accede;
1465 1511 1672 1545 haudquaquam
1685 1511 1765 1546 2⁵17
1779 1517 1812 1537 ex
1824 1518 1855 1538 ea

1072 1564 1101 1584 re
1124 1556 1241 1584 deterior
1268 1557 1354 1591 teipso
1387 1556 1458 1589 eris;
1494 1556 1699 1590 haudquaquam
1733 1555 1854 1582 morbum

1072 1604 1234 1635 contrahes,
1248 1603 1354 1630 etiamsi
1380 1602 1503 1629 homines
1521 1602 1631 1629 nimium
1649 1601 1774 1633 delicati,
1795 1601 1855 1627 ina.

1071 1650 1150 1677 uibus
1163 1649 1266 1684 decepti
1283 1648 1443 1680 rationibus,
1461 1648 1510 1675 hoc
1525 1649 1698 1680 existiment;
1714 1646 1753 1674 vel
1767 1647 1856 1681 potius

1071 1695 1122 1722 hoc
1133 1695 1189 1722 sive
1204 1695 1335 1726 mollitiei,
1351 1695 1408 1722 sive
1426 1695 1557 1729 impietati
1575 1701 1631 1721 suae
1647 1697 1806 1728 prtctexant,
1822 1694 1855 1719 ad

1072 1741 1260 1774 timiditatem,
1279 1741 1350 1768 velut
1364 1741 1397 1767 ad
1415 1748 1541 1775 maguum
1559 1740 1660 1774 aliquid
1677 1744 1705 1767 et
1726 1739 1855 1774 prudens,

1071 1786 1265 1820 confugientes.
1284 1785 1340 1813 Hoc
1354 1786 1402 1812 tibi
1420 1786 1619 1820 persuadeant,
1633 1790 1661 1812 et
1675 1785 1812 1817 rationes,
1829 1790 1857 1811 et

1072 1831 1180 1864 medici,
1191 1836 1219 1858 et
1236 1830 1446 1858 contubernales
1458 1831 1502 1865 qui
1517 1838 1565 1858 eos
1580 1835 1697 1864 curant,
1711 1838 1743 1858 ex
1759 1829 1857 1865 quibus

1071 1877 1188 1904 nondum
1213 1877 1282 1904 ullus
1309 1884 1340 1904 ea
1364 1877 1397 1904 de
1421 1884 1502 1904 causa
1523 1877 1550 1904 in
1574 1876 1724 1911 periculum
1751 1875 1855 1908 incidit,

1070 1923 1140 1958 quod
1158 1923 1191 1950 ad
1205 1930 1253 1950 eos
1267 1923 1422 1950 accesserit.
1449 1923 1538 1958 Atque
1555 1928 1584 1950 ut
1600 1923 1694 1950 demus
1713 1931 1768 1950 rem
1786 1923 1856 1950 hanc

1072 1974 1143 1996 metu
1163 1973 1191 1995 et
1208 1968 1359 2002 suspicione
1376 1976 1427 1995 non
1445 1976 1556 2002 carere,
1574 1973 1601 1996 tu
1620 1973 1708 1996 tamen
1719 1988 1727 2002 ,
1746 1977 1762 1996 0
1779 1976 1857 1996 serve

1071 2012 1189 2044 Christi,
1206 2013 1307 2047 Deique
1326 2017 1353 2039 et
1375 2013 1513 2040 hominum
1527 2019 1644 2047 amator,
1661 2021 1694 2042 ne
1716 2019 1855 2050 propterea

1072 2059 1230 2091 degenerem
1246 2064 1327 2092 atque
1350 2059 1478 2092 ignavum
1502 2059 1621 2086 animum
1638 2067 1717 2094 geras
1734 2067 1742 2086 :
1763 2067 1855 2086 verum

1072 2103 1218 2136 conﬁdito;
1253 2103 1423 2130 timiditatem
1452 2103 1656 2137 misericordia,
1691 2104 1737 2132 Dei
1770 2108 1857 2131 metus

1073 2149 1212 2177 mollitiem
1239 2150 1348 2182 vincat;
1371 2149 1491 2177 rationes
1512 2157 1572 2181 eas,
1592 2157 1651 2183 qua:
1664 2151 1738 2177 carui
1755 2150 1855 2182 favent,

1074 2196 1160 2230 pietas
1176 2201 1294 2231 superet.
1311 2195 1348 2223 Ne
1362 2195 1473 2223 fratrem
1490 2195 1621 2230 despicias
1632 2216 1640 2229 ,
1656 2204 1689 2224 ue
1701 2202 1855 2230 prtetereas,

1110 2387 1165 2421 (32)
1181 2387 1236 2414 Kal
1245 2387 1412 2421 μικρότερα.
1428 2386 1539 2413 Drestiu
1557 2385 1623 2420 Reg.
1639 2386 1683 2418 ph.

1072 2458 1088 2484 ε
1109 2420 1166 2458 (55)
1185 2420 1376 2454 Μεταλάϐοις.
1397 2421 1480 2456 Regg.
1505 2429 1530 2454 a,
1550 2421 1577 2454 d,
1597 2421 1681 2448 etOr.
1695 2420 1721 2453 2,
1743 2421 1858 2455 μεταλά-

1090 2467 1132 2484 nc.

1090 2467 1164 2527 ῃῗὲι)
1179 2493 1353 2524 Εὐλαϐείας.
1368 2491 1451 2526 Regg.
1466 2500 1491 2524 a,
1505 2499 1530 2522 c,
1547 2492 1573 2522 d,
1588 2491 1639 2518 duo
1658 2490 1740 2519 Coisl.
1765 2495 1794 2527 et
1808 2490 1856 2517 Or.

1072 2529 1100 2559 ‘2.
1120 2528 1252 2559 πλακείας
1262 2527 1293 2563 Lf.
1310 2527 1458 2563 βλακείας),
1480 2536 1488 2552 ι
1508 2527 1647 2559 socordiae,
1663 2527 1719 2553 sive
1732 2526 1856 2560 impieta-

1075 2565 1108 2590 tis
1123 2564 1324 2590 cxcusatiottem
1339 2567 1497 2593 praetexunt.
1510 2571 1518 2585 ι

1109 2599 1165 2632 (55)
1180 2598 1279 2632 Λόγοι,
1301 2597 1350 2624 καὶ
1375 2597 1481 2631 ἰατρῶν
1501 2594 1722 2632 παῖδεςι-Βιςεει.
1744 2595 1787 2622 bm
1800 2616 1806 2626 .
1831 2596 1857 2622 οἱ

1075 2630 1160 2667 λόγοιξ
1177 2643 1186 2658 ε
1204 2630 1342 2664 Rationes,
1355 2638 1382 2658 et
1398 2630 1563 2667 medicorum
1583 2630 1656 2667 lilii,»
1669 2631 1694 2667 i_d
1710 2636 1760 2663 cst,
1771 2632 1856 2658 medi-

1074 2665 1115 2696 ci.'
1135 2669 1180 2695 Sic
1195 2667 1351 2700 Gregorius,
1371 2672 1439 2694 orat.
1464 2675 1490 2698 ι,
1508 2666 1540 2693 de
1562 2666 1627 2697 lilio,
1648 2674 1657 2691 ι
1669 2665 1776 2693 Crtecos
1788 2676 1796 2691 ι
1813 2673 1858 2699 ap-

1074 2705 1164 2738 pellat,
1183 2703 1316 2738 Ἑλλήνων
1330 2702 1440 2738 παῖδαςἶ
1458 2701 1504 2738 Sic
1513 2708 1588 2738 sacra
1600 2701 1738 2738 Scriptura
1750 2707 1757 2726 :
1770 2710 1780 2726 (
1796 2701 1857 2738 Pal-

1074 2735 1163 2773 pebrae
1178 2746 1235 2773 eius
1250 2735 1417 2773 interrogant
1428 2737 1496 2764 filios
1512 2736 1662 2767 hominum,
1675 2744 1684 2761 ›
1696 2735 1722 2762 id
1739 2740 1791 2768 est,
1809 2737 1857 2764 ho~

1074 2772 1158 2800 mines
1169 2772 1228 2807 (Ps.
1246 2781 1274 2804 χ,
1289 2772 1326 2805 5).

1109 2805 1323 2844 (56))ἰύνοικοι.
1347 2807 1429 2842 liegg.
1445 2815 1470 2842 a,
1491 2807 1546 2840 bitt,
1560 2807 1604 2842 ph,
1619 2806 1642 2833 οἱ
1658 2805 1785 2834 σύνοικοι,
