2069 3131
214 222 266 250 899

816 217 846 244 S.
867 215 1032 244 GREGORII
1051 214 1225 242 THEOLOGI

1792 213 1844 241 903

214 287 267 308 tem
284 277 372 306 metiri
393 277 435 310 ";
453 276 514 311 quis
537 275 636 303 divinae
652 275 677 301 in
699 273 824 301 omnibus
850 274 932 300 rebus
958 281 1001 299 sa-

1060 272 1098 298 ιαὶ
1110 271 1242 305 πεποίηκε
1254 270 1288 296 τὰ
1305 271 1404 302 πάντα,
1423 271 1469 298 καὶ
1483 271 1582 298 διοικεῖ
1598 271 1707 307 τρόπον,
1722 271 1751 298 δν
1764 272 1846 304 αὐτὸς

214 325 322 362 pientim
335 323 555 358 profunditatem,
572 328 620 356 per
631 328 713 356 quam
727 325 754 347 et
771 319 862 346 omnia
882 317 1000 349 creavit,

214 375 241 398 ct
254 377 296 402 ea,
307 368 534 404 quemadmodum
548 368 605 401 ipse
615 366 671 393 vult
695 373 726 393 ac
738 365 823 397 novit,
837 364 1002 393 moderatur,

215 414 381 448 investigare
407 411 507 446 queat?
532 411 605 438 Satis
627 411 698 438 enitn
717 409 795 437 nobis
807 414 858 442 est,
881 407 1002 442 Apostoli

214 457 349 492 exemplo,
362 457 446 491 ipsius
464 455 639 489 conjicienda:
656 460 682 482 et
697 454 914 489 contemplanda:
935 453 1003 479 tliﬂi-

215 503 344 530 cultatem
362 502 524 529 admirando
545 501 631 528 solttm
649 501 833 535 pcrtransire:
853 499 875 526 0
891 499 1003 525 altitudo

216 549 367 576 diuitiarum
383 548 518 582 sapientiw
534 552 558 574 et
578 548 694 574 scientiis
719 547 790 573 Dei!
805 553 883 581 quam
902 546 1001 572 inseru-

216 595 308 622 tabilia
323 594 496 628 suntjudicia
514 593 581 627 ejus,
596 598 619 620 et
635 593 827 626 investignbiles
840 593 888 620 via:
902 591 1001 626 ejus"!

217 641 266 672 Et,
286 641 351 673 Quis
372 639 440 666 novit
456 644 568 666 mentem
593 639 699 665 Domini
715 639 756 665 '3?
779 638 863 670 Quis,
891 643 921 664 ut
943 645 1004 664 cntn

217 685 267 712 Job
281 685 387 719 loquar,
401 684 436 710 ad
455 691 585 710 summum
606 684 740 717 sapientia:
769 683 825 717 ejus
843 683 950 709 accessit
965 682 1006 708 ‘7?

218 731 285 764 Qui:
299 731 414 765 sapiens,
437 734 462 756 et
484 730 609 764 intelliget
621 730 676 755 lucc
703 730 737 762 ",
763 737 795 756 ac
812 736 865 755 non
893 735 942 763 per
961 728 1005 760 id,

218 777 289 810 quod
307 776 406 810 percipi
425 783 478 802 non
492 779 590 811 potest,
610 775 646 807 id,
662 775 734 810 quod
753 783 833 810 supra
850 782 1005 802 mensuram

217 827 269 854 cst,
285 823 430 850 metietur?

236 887 239 890 ι
254 868 354 896 XXXI.
368 869 446 896 Alius
459 868 540 903 igitur
552 868 578 895 in
595 868 637 894 his
654 866 733 894 rebus
748 871 908 894 temerartus
921 870 948 894 el
960 874 1007 893 au-

218 915 269 941 dax
280 915 327 947 sit,
341 915 384 942 vel
397 915 486 950 potius
502 922 582 941 nemo
598 915 634 941 sit
649 922 657 940 :
676 921 726 948 ego
742 918 832 940 autem
843 933 850 944 ,
865 913 906 940 vel
928 913 1007 948 hujus

218 961 281 988 vitae
291 962 443 989 cruciatum
464 960 641 996 improbitati,
658 959 700 987 vel
715 967 759 987 res
770 959 846 986 betas
862 963 890 986 et
908 966 1005 986 secun-

219 1007 268 1035 das
281 1008 375 1042 pietati
387 1007 498 1034 omnino
512 1007 650 1034 ascribere
664 1013 778 1038 vereor;
795 1006 851 1033 itno
862 1013 927 1033 vero
938 1013 1008 1033 non-

220 1061 370 1088 nunquam,
391 1059 419 1081 et
436 1054 487 1081 hoc
501 1053 536 1080 ob
549 1053 668 1087 aliquam
693 1052 840 1079 utilitatem
856 1051 1007 1086 contingit,

221 1107 317 1134 nempe
339 1104 369 1126 ut
393 1099 435 1126 vel
459 1107 507 1134 per
531 1098 714 1133 improborum
738 1097 922 1125 calamitatem
951 1097 1008 1124 vitii

220 1152 317 1172 cursus
330 1144 506 1179 reprimatur,
520 1143 561 1171 vel
577 1151 625 1178 per
638 1144 770 1170 bonorum
783 1143 940 1170 felicitatem
955 1144 1010 1170 vir-

220 1189 271 1216 tuti
288 1189 329 1216 via
346 1190 500 1222 muniatur;
517 1189 562 1216 sed
580 1189 606 1215 id
625 1196 677 1216 non
691 1195 808 1224 semper,
823 1196 872 1216 nec
885 1189 1008 1221 omnino,

221 1242 315 1261 verum
329 1235 379 1262 hoc
395 1235 477 1270 280
490 1234 581 1262 futuro
593 1234 708 1269 tempori
726 1239 831 1262 tantum
844 1239 1009 1267 reservatur,

223 1281 250 1308 in
272 1288 325 1316 qtto
342 1281 387 1308 alii
404 1281 512 1308 virtutis
530 1280 650 1316 praemiis
663 1300 671 1313 ,
695 1280 741 1307 alii
766 1280 900 1308 scelerum
924 1281 1011 1315 patriis

223 1325 384 1354 afﬁcientur.
408 1325 552 1361 Resurgent
573 1326 643 1353 enim
657 1345 664 1358 ,
682 1326 788 1360 inquit,
807 1326 834 1352 hi
851 1326 879 1352 in
896 1331 1012 1352 resurre-

222 1373 333 1399 ctionem
345 1373 412 1404 vitat,
426 1373 467 1399 illi
482 1373 511 1398 in
527 1372 743 1399 resurrectionem
751 1372 848 1406 judicii
863 1372 895 1398 υ.
912 1371 1011 1399 Rerum

224 1423 315 1445 autent
330 1418 409 1452 hujus
420 1419 469 1445 arvi
481 1418 532 1444 alia
550 1417 637 1444 forma
649 1423 703 1448 est,
719 1417 825 1452 aliaque
842 1417 1011 1452 gubernatio,

224 1464 334 1492 tametsi
349 1465 437 1491 omnia
461 1471 493 1491 eo
511 1464 618 1495 ferant.
634 1469 715 1498 atque
731 1464 802 1498 apud
820 1463 903 1490 Deum
924 1471 1013 1497 aequa-

223 1509 279 1537 bile
289 1509 416 1543 quiddam
432 1509 526 1543 procul
543 1509 624 1536 dnbio
636 1509 735 1536 habeat
752 1509 776 1535 id
793 1509 862 1543 quod
878 1508 955 1535 nobis
973 1509 1014 1535 in-

224 1555 328 1589 :equale
342 1562 402 1581 esse
415 1554 524 1582 videtur
539 1563 546 1581 :
570 1555 641 1581 haud
659 1554 738 1581 aliter
751 1558 831 1588 atque
845 1555 871 1580 in
892 1554 1012 1588 corpori—

225 1601 276 1628 bus
299 1601 450 1628 eminentes
473 1607 505 1628 ac
530 1600 655 1628 demissae
682 1605 784 1635 partes,
813 1599 1014 1635 magnitudines

225 1647 290 1674 item
306 1652 332 1674 et
346 1646 513 1681 parvitates,
529 1650 611 1680 atque
628 1647 653 1673 in
668 1651 753 1678 terra,
771 1650 825 1672 tam
837 1653 869 1672 ea
883 1653 943 1680 qua
960 1646 1013 1672 alte

225 1699 256 1719 se
271 1692 398 1725 efferunt,
413 1699 494 1727 quam
521 1699 582 1726 qua:
599 1691 752 1723 subsidunt,
779 1698 812 1718 ex
832 1691 930 1725 quibus
954 1691 1014 1725 pul-

226 1738 353 1766 chritudo
378 1743 470 1765 tnutua
498 1737 568 1764 inter
587 1744 616 1764 se
642 1736 803 1763 habitudine
823 1735 957 1763 conﬂatur
983 1744 1015 1763 ac

225 1785 406 1819 perspicitur;
436 1783 655 1818 quandoquidem
677 1782 748 1816 quod
782 1783 966 1810 inordinatmn
988 1788 1016 1810 et

227 1831 359 1866 inaequale
373 1835 415 1858 est
439 1830 466 1857 in
483 1829 569 1864 prima
587 1829 702 1856 artificis
718 1829 791 1855 circa
808 1829 949 1855 materiam
967 1829 1015 1855 atl-

226 1877 405 1909 umbratione,
431 1876 509 1902 valde
532 1880 622 1902 tamen
645 1874 822 1902 artificiosum
847 1874 926 1906 foret,
942 1876 963 1902 si
980 1875 1014 1902 ad

226 1922 317 1957 operis
343 1921 481 1956 cujusdam
499 1926 664 1948 structuram
673 1921 931 1948 accommodaretur
951 1929 958 1946 :
986 1921 1012 1947 id

225 1968 298 2003 quod
311 1973 367 1994 tum
383 1968 491 1995 demum
514 1966 691 2001 intelligimus
705 1970 786 1999 atque
807 1966 935 1998 fatemur,
951 1973 1012 1993 cum

1054 318 1101 344 καὶ
1115 317 1238 352 βούλεται
1260 318 1308 343 καὶ
1327 318 1489 350 ὲπίσταταις
1509 318 1600 353 Ἀρκεῖ
1620 318 1684 354 γὰρ,
1705 318 1775 345 κατὰ
1799 319 1844 345 τὸν

1055 364 1126 390 θεῖον
1156 364 1327 395 ’Λπόστολον,
1356 364 1549 399 θαυμάσαντας
1581 363 1660 399 μόνον
1689 364 1719 390 τὸ
1743 364 1846 400 ταύτης

1054 409 1258 444 δυστέκμαρτον
1268 409 1314 436 καὶ
1324 409 1511 445 δυσοεὼρητον
1527 410 1672 445 παρελθεῖν
1685 418 1691 425 ·
1701 408 1734 437 Ὦ
1747 410 1845 444 ,βάοος

1055 456 1198 487 πλούτου,
1212 455 1260 482 καὶ
1273 456 1393 489 σοφίας,
1410 456 1458 482 καὶ
1475 456 1613 490 γνώσεως
1627 456 1700 483 Θεοῦ
1714 456 1724 482 !
1736 457 1776 489 ὡς
1791 457 1845 483 ἀν-

1055 501 1237 534 εξερεύιήτα
1260 501 1296 527 τὰ
1320 501 1447 535 κρίματα
1470 502 1572 534 αὑτοῦ,
1597 502 1645 528 καὶ
1675 502 1847 536 ἀνεξιχνία-

1056 555 1123 573 στοι
1146 546 1201 581 (71)
1217 548 1245 573 ul
1264 546 1328 574 ὁδοὶ
1345 547 1456 573 αὑτοῦ]
1469 548 1524 579 καὶ,
1541 548 1588 580 Τίς
1601 548 1676 582 ἔγνω
1695 548 1770 574 νοῦν
1784 550 1845 574 Κυ-

1052 593 1121 627 ρίου
1133 601 1142 624 ;
1155 594 1204 625 El;
1223 593 1250 619 δὲ
1262 593 1297 619 τὰ
1309 594 1423 626 ἔσχατα
1438 593 1493 627 τῆς
1507 594 1617 628 σοφίας
1627 594 1719 620 αὐτοῦ
1733 594 1778 627 τίς
1790 595 1846 628 ἀρ-

1057 640 1156 670 ίκετος
1174 639 1254 674 φησιν
1270 640 1284 665 ὁ
1306 638 1374 666 Ίὼϐ.
1393 640 1439 672 Τίς
1450 639 1556 673 σοφὸς,
1575 639 1624 666 καὶ
1637 640 1766 672 (γενήσει
1778 640 1844 666 ταῦ-

1057 693 1102 716 τα,
1118 686 1164 712 καὶ
1177 686 1236 720 σὸχὶ
1250 685 1288 720 τῷ
1303 686 1439 721 ἀνεφίκτῳ
1457 686 1512 722 (ἹΞ)
1524 687 1654 722 μετρήσει
1667 686 1697 713 τὸ
1712 687 1781 722 ὑπὲρ
1794 687 1844 722 μὲ-

1057 739 1154 766 τρησιν
1170 738 1177 744 ·

1066 878 1074 898 t
1094 870 1156 896 AA'.
1179 869 1275 901 Ἄλλος
1292 870 1340 905 μὲν
1351 867 1397 897 οὖν
1414 870 1456 905 εἴη
1476 870 1540 905 περ).
1555 869 1639 896 ταῦτα
1653 869 1788 906 τολμηρὸς
1798 870 1845 897 καὶ

1058 916 1199 950 γεννάδας,
1219 916 1318 951 μᾶλλον
1336 916 1364 942 δὲ
1376 915 1417 951 εἴη
1432 916 1527 951 μηδείς
1537 925 1544 931 ·
1562 915 1617 950 ἐγὼ
1636 915 1664 941 δὲ
1678 915 1749 942 ὀκνῶ
1763 916 1847 950 κακίᾳ.

1058 962 1149 988 δοῦναι
1166 963 1273 992 πάντως
1286 962 1335 997 τὴν
1349 963 1472 989 ἐντεῦθεν
1487 961 1608 993 κόλασιν,
1627 961 1644 996 ῆ
1657 961 1782 997 εὐσεϐείᾳ
1796 961 1847 996 τὴν

1058 1009 1166 1036 ἄνεσιν·
1192 1008 1248 1035 ἀλλ’
1264 1009 1321 1035 ἔστι
1339 1009 1388 1044 μὲν
1404 1009 1447 1035 ὅτε
1471 1008 1517 1035 καὶ
1536 1007 1604 1043 πρός
1624 1017 1649 1034 τι
1670 1008 1814 1044 χρήσιμον,
1829 1009 1847 1043 ἦ

1059 1055 1158 1086 κακίας
1184 1055 1388 1090 ὲγκοπτομένης
1416 1054 1566 1089 δυσπαθείᾳ
1592 1053 1646 1080 τῶν
1670 1054 1806 1090 πονηρῶν,
1829 1053 1847 1089 ἢ

1059 1099 1159 1134 ἀρετῆς
1178 1099 1387 1134 ὀδοποιουμένης
1403 1099 1534 1134 εὐπαθείᾳ
1549 1098 1602 1125 τῶν
1617 1099 1758 1134 βελτιόνων
1768 1107 1775 1114 °
1798 1099 1849 1125 οὐκ

1060 1145 1104 1172 ἀεὶ
1122 1145 1161 1176 δὲ,
1176 1144 1235 1171 οὐδὲ
1253 1144 1371 1176 πάντως,
1393 1145 1450 1170 ἀλλ’
1466 1143 1536 1171 εἶναι
1553 1144 1631 1171 τοῦτο
1653 1145 1731 1180 μόνον
1751 1145 1848 1180 καιροῦ

1059 1189 1107 1215 τοῦ
1126 1187 1278 1224 μέλλοντος,
1292 1189 1353 1215 καθ’
1369 1189 1397 1215 ὃν
1409 1190 1433 1215 οἱ
1455 1189 1503 1224 μὲν
1515 1189 1548 1215 τὰ
1559 1189 1608 1224 τῆς
1624 1190 1724 1225 ἀρετῆς
1736 1187 1813 1221 ἆθλα,
1824 1190 1849 1216 οἱ

1060 1235 1087 1261 δὲ
1107 1236 1141 1262 τὰ
1155 1235 1204 1269 τῆς
1218 1235 1317 1267 κακίας
1335 1236 1460 1270 ἐπιτίμια
1485 1236 1539 1271 (75)
1557 1236 1689 1269 δέξονται.
1711 1235 1850 1268 Ἀναστή-

1061 1290 1167 1308 (rm-nu.
1195 1281 1249 1316 γὰρ
1277 1279 1370 1312 οὗτοι,
1400 1282 1490 1316 φησιν,
1512 1283 1556 1315 εὶς
1579 1282 1749 1309 ἀνάστασιν
1765 1282 1848 1315 ζωῆς,

1062 1327 1109 1353 καί
1125 1324 1205 1353 οὗτοι
1218 1327 1262 1358 είς
1275 1327 1446 1354 ἀνάστασιν
1457 1327 1582 1360 κρίσεως
1593 1335 1600 1341 ·
1625 1327 1659 1353 τὰ
1681 1326 1709 1352 δὲ
1727 1326 1850 1353 ἐντεῦθεν

1063 1372 1156 1406 ἐτέρου
1171 1372 1256 1398 τύπου
1274 1370 1354 1403 εἶναι,
1371 1373 1416 1399 καὶ
1428 1372 1540 1407 ἀγωγῆς
1557 1373 1662 1408 ἑτέρας,
1677 1373 1765 1399 πάντα
1781 1374 1851 1399 ἐκεί-

1065 1425 1094 1443 σε
1108 1417 1234 1452 φέροντα,
1249 1418 1363 1452 ἐχούσης
1378 1417 1479 1453 ὁμαλόν
1491 1426 1516 1444 τι
1531 1418 1604 1454 παρὰ
1615 1418 1673 1453 Θεῴ
1686 1419 1792 1450 πάντως
1805 1419 1852 1445 καὶ

1062 1463 1112 1497 τῆς
1125 1463 1255 1498 δοκούσης
1270 1465 1336 1498 ἡμῖν
1347 1463 1521 1497 ἀνωμαλίας·
1539 1464 1634 1499 ὧσπερ
1649 1466 1677 1490 ὲν
1688 1464 1792 1499 σώματι
1802 1464 1852 1495 τὰς

1065 1509 1162 1543 ἐξοχὰς
1182 1518 1212 1535 τε
1234 1510 1280 1535 καὶ
1302 1509 1421 1544 εἰσοχὰς,
1446 1510 1548 1546 μεγέῡη
1566 1520 1593 1537 τε
1612 1513 1658 1537 καὶ
1674 1511 1852 1546 μικρότητας,

1064 1555 1111 1580 καὶ
1121 1553 1172 1588 γῆς
1183 1555 1380 1585 ἐπαναστάσεις
1391 1563 1420 1581 τε
1436 1556 1482 1582 καὶ
1493 1556 1602 1590 ὑφέσεις
1625 1556 1655 1588 ἐξ
1667 1555 1704 1582 ὦν
1716 1556 1746 1582 τὸ
1757 1556 1853 1587 κάλλος

1028 1623 1048 1651 C
1064 1602 1097 1636 τῇ
1113 1601 1180 1636 πρὸς
1197 1601 1297 1636 ἄλληλα
1316 1603 1405 1637 σχέσει
1421 1603 1613 1637 συνιστάμενόν
1627 1612 1656 1630 τε
1675 1604 1721 1630 καὶ
1737 1603 1854 1638 Θεωροῦ-

1069 1654 1146 1680 μενον
1155 1654 1162 1660 ·
1182 1646 1243 1671 ἐπεὶ
1262 1647 1309 1672 καὶ
1322 1647 1443 1682 τεχνίτου
1457 1647 1510 1683 (74)
1526 1648 1555 1673 τὸ
1569 1648 1632 1683 περὶ
1643 1648 1692 1683 τὴν
1707 1648 1771 1684 ὕλην
1785 1648 1853 1679 τέως

1066 1691 1182 1718 ἄτακτον
1200 1693 1246 1718 καὶ
1258 1692 1409 1727 ἀνώμαλον,
1421 1692 1481 1719 λίαν
1496 1693 1618 1728 ἔντεχνον
1633 1692 1676 1729 ἦν,
1694 1693 1726 1720 ἂν
1740 1694 1807 1729 πρός
1816 1702 1851 1720 τι·

1065 1746 1110 1769 νος
1135 1738 1215 1773 ἔργου
1239 1739 1411 1773 κατασκευὴν
1428 1739 1620 1776 εὐτρεπίσαιτο
1639 1740 1710 1775 (75)·
1732 1740 1792 1766 τότε
1806 1740 1854 1766 καὶ

1067 1784 1131 1818 ἡμῖν
1146 1784 1419 1820 καταλαμϐανόμενον
1433 1794 1462 1812 τε
1482 1786 1529 1812 καὶ
1545 1786 1768 1821 ὁμολογούμενον,
1790 1787 1854 1812 ὃταν

1067 1830 1098 1856 τὺ
1111 1831 1166 1865 (76)
1183 1831 1362 1858 ἀποτελεσθὲν
1376 1832 1472 1864 κάλλος
1483 1832 1530 1858 τοῦ
1540 1833 1779 1868 δημιουργήματος
1792 1833 1856 1858 θεω-

1069 1877 1206 1911 ρήσωμεν.
1229 1877 1297 1903 Ἀλλ’
1310 1877 1371 1904 οὔτε
1380 1879 1482 1910 ἐκεῖνος
1494 1878 1630 1915 ἇτεχνοςῇ
1644 1878 1700 1914 (77)
1713 1879 1751 1910 ὡς
1760 1880 1855 1914 ἡμεῖς,

1066 1922 1127 1949 οὔτε
1150 1923 1235 1950 ταῦτα
1251 1924 1390 1951 διοικεῖται
1410 1925 1545 1957 ἀτάκτως,
1563 1927 1604 1952 ὅτι
1628 1926 1666 1961 μὴ
1690 1926 1736 1952 καὶ
1754 1926 1819 1961 ἡμῖν
1839 1927 1853 1952 ὁ

1066 1969 1144 2004 λόγος
1163 1970 1311 2005 γνώριμος.

224 2018 357 2047 elaborati
381 2017 472 2053 operis
491 2015 653 2051 elegantiam
674 2015 791 2049 undique
816 2015 963 2049 perfectam
979 2020 1006 2042 et
1026 2016 1176 2044 absolutam
1212 2017 1360 2044 intuemur.
1377 2017 1411 2044 At
1430 2025 1480 2044 nec
1518 2017 1562 2044 ille
1593 2018 1659 2044 artis
1681 2018 1782 2045 inscius
1801 2022 1854 2053 est,

226 2070 257 2092 ut
268 2071 318 2092 nos
331 2070 443 2095 sumus;
463 2069 512 2088 nec
526 2068 568 2088 res
582 2060 661 2095 hujus
670 2060 731 2087 vitae
751 2065 894 2094 propterea
909 2065 1009 2087 temere
1026 2067 1106 2096 atque
1120 2063 1255 2090 incondite
1266 2064 1460 2098 gubernantur,
1490 2063 1552 2097 quia
1574 2063 1728 2098 exploratas
1758 2071 1854 2091 earum

227 2111 346 2138 rationes
370 2117 422 2136 non
441 2109 580 2136 habemus.

262 2156 370 2184 XXXII.
393 2156 446 2184 Sed
461 2159 489 2182 et
504 2155 525 2182 si
539 2153 661 2190 quaedam
678 2160 736 2187 ejus
747 2172 755 2185 ,
775 2160 828 2187 qua
843 2153 1010 2180 laboramus,

1104 2153 1164 2179 AB'.
1192 2152 1260 2178 Ἀλλ’
1281 2152 1308 2178 εἴ
1323 2161 1383 2178 τινα
1405 2151 1459 2187 (78)
1481 2151 1521 2177 δεῖ
1541 2151 1587 2177 καὶ
1601 2152 1691 2178 εἰκόνα
1705 2152 1795 2179 λαϐεῖν
1808 2153 1855 2179 τοῦ

227 2202 379 2230 all'ectionis
399 2202 488 2237 imago
505 2201 657 2228 exhibenda
675 2204 726 2232 est,
750 2206 803 2226 non
827 2198 941 2225 multttm
959 2199 992 2226 iis
1005 2220 1012 2231 ,

228 2248 275 2284 qui
285 2255 386 2276 nausea
398 2253 425 2275 et
440 2247 573 2281 vertigine
586 2245 722 2276 laborant,
742 2244 891 2272 dissimiles
908 2251 1012 2274 sumus,

227 2295 276 2331 qui
291 2295 381 2322 omnia
397 2301 504 2321 sursum
526 2293 710 2327 deorsumque
732 2291 801 2318 verti
822 2294 936 2325 putant,
953 2298 1014 2317 cum

230 2340 280 2374 ipsi
294 2343 444 2366 vertantur.
456 2338 528 2365 Idem
539 2337 622 2364 etiam
636 2337 689 2370 his,
708 2336 741 2364 de
754 2335 854 2370 quibus
870 2335 1016 2370 loquimur,

229 2385 336 2413 accidit.
349 2383 440 2419 Neque
450 2384 521 2411 enirn
534 2382 617 2410 Deum
632 2382 823 2417 sapientiorem
842 2389 871 2409 se
884 2388 945 2409 esse
957 2389 1018 2409 sus-

265 2455 287 2472 “
307 2455 388 2483 Eccli.
404 2463 422 2487 ι,
436 2454 464 2481 2.
503 2453 524 2468 ’⁵
539 2452 616 2480 Rom.
640 2461 678 2485 ιι,
703 2453 748 2479 55.
788 2451 809 2467 ¹⁶
827 2451 891 2479 ibid.
908 2452 953 2479 54.

264 2524 319 2561 (Ἠ)
335 2523 581 2561 Ἀνεξιχνίαιξτοι.
593 2522 649 2561 _Sic
667 2521 751 2556 Regg.
771 2520 826 2553 bm,
849 2520 895 2555 ph,
918 2519 964 2547 0r.
984 2521 1012 2553 ἓ,

227 2557 330 2595 Apost},
345 2565 399 2588 etc.
414 2557 494 2595 E'diti,
511 2557 688 2595 ἀνιχνίαστοι.

262 2590 390 2631 (72)⁷Καὶ
409 2594 476 2631 οὐχί
500 2593 540 2626 τῷ
552 2590 716 2631 direptam,
733 2596 785 2631 etc.
805 2599 814 2616 ι
839 2590 878 2618 Ac
900 2598 951 2631 non
967 2598 1015 2625 per

229 2626 271 2662 id,‘
283 2626 354 2664 quod
370 2626 476 2663 assequi
492 2637 544 2664 non
559 2626 630 2664 licet,
652 2627 821 2664 id_n_ietietur
836 2626 906 2664 quod
932 2633 1014 2660 supra

227 2660 383 2692 mensuram
410 2660 468 2692 est?
487 2673 496 2690 ι
518 2663 564 2690 Vel
584 2670 644 2689 cutn
669 2660 805 2689 Gabrielio
830 2669 837 2688 :
865 2669 875 2686 ‹
893 2661 932 2687 Ac
960 2668 1014 2687 non

226 2700 315 2733 potius
332 2698 655 2734 incomprehensibilitate
681 2697 818 2728 metictur,
832 2696 858 2723 id
884 2697 955 2730 quod
973 2700 1016 2723 est

225 2743 313 2770 supra,
324 2742 476 2770 mensuram
485 2734 512 2761 ἳ»

262 2764 318 2805 (73)
334 2771 365 2796 οι
386 2769 420 2796 δὲ
439 2769 476 2796 τὰ
496 2768 683 2805 τῆςκκακίας
705 2767 845 2805 ἐπιτίμια.
868 2764 1014 2805 Sicﬁegg.

225 2813 252 2837 a.
266 2801 291 2837 ὲ,
308 2801 336 2836 d,
354 2805 411 2835 bm,
424 2805 470 2837 ph,
485 2801 537 2831 etc.
554 2803 640 2833 0r.2.
656 2803 754 2834 κακίας
776 2802 811 2828 τὰ
830 2801 1014 2836 ἐπιτηδεύμα-

226 2813 252 2837 a.
266 2813 291 2837 c,
308 2813 336 2836 α,
354 2813 411 2835 nm,
444 2813 470 2837 ιι,
485 2813 537 2831 etc.
554 2813 640 2833 ULZ,
656 2813 754 2834 κακιας
776 2813 811 2828 τα

226 2848 270 2867 τα.
286 2840 370 2871 Edit.,
386 2840 411 2865 οἱ
423 2813 452 2866 ge
463 2839 513 2874 τῆς
527 2839 625 2869 κακίας
639 2838 672 2864 τὰ
685 2837 820 2874 ἐπιτίμια.

263 2875 319 2910 (74)
339 2874 422 2902 Ἐπεὶ
436 2871 646 2908 καῖτεχνίτου,
663 2878 715 2910 etc.
729 2871 823 2899 Billius
837 2881 845 2910 _:
861 2882 871 2898 ‹
889 2871 1016 2910 Quando-

226 2908 336 2944 quidem
350 2910 455 2944 opiftcis
467 2916 575 2943 quoque
589 2908 782 2941 materia,qu:e
803 2908 879 2941 prius
895 2908 1015 2944 inaequa-

227 2941 287 2973 bilis
304 2941 385 2980 atque
400 2941 539 2972 incon-dita
552 2948 621 2976 erat,
637 2950 766 2977 perquam
781 2946 871 2970 tamen
882 2941 1013 2970 artiﬁcio-

992 2451 1012 2467 "
1027 2450 1076 2478 Job
1095 2459 1140 2483 XV,
1154 2450 1181 2477 8.

1063 2199 1198 2234 ἡμετέρου
1216 2198 1329 2231 πάθους,
1352 2198 1382 2224 οὐ
1400 2198 1493 2233 πόρρω
1514 2198 1568 2223 τῶν
1584 2198 1754 2226 ναυτιώντων
1772 2199 1856 2234 ἐσμὲν

1065 2245 1112 2272 κα)⁸
1128 2244 1314 2279 ἱλιγγιώντων,
1330 2245 1354 2271 οἳ
1372 2244 1535 2280 στρέφεσθαι
1550 2244 1605 2279 (79)
1618 2244 1651 2270 τὰ
1665 2244 1753 2270 πάντα
1765 2244 1856 2271 δοκοῦ-

1067 2299 1118 2321 σιν,
1134 2290 1210 2316 αὐτοὶ
1226 2289 1405 2325 στρεφόμενοι
1424 2297 1430 2303 ·
1448 2289 1486 2320 ὡς
1502 2289 1530 2315 δὲ
1546 2289 1591 2315 καὶ
1608 2284 1690 2319 οὗτοι,
1707 2289 1770 2323 περὶ
1789 2285 1827 2314 ὧν
1841 2289 1856 2314 ὁ

1066 2336 1153 2369 λόγος.
1171 2336 1208 2362 Οὐ
1220 2335 1274 2370 γὰρ
1291 2334 1432 2369 ἀνέχονται
1447 2335 1600 2371 σοφώτερον
1614 2334 1703 2360 αὐτῶν
1724 2332 1794 2360 εἶναι
1810 2334 1856 2360 τὸν

1065 2381 1144 2414 Θεὸν,
1157 2381 1190 2408 ἂν
1203 2381 1270 2417 πρός
1286 2389 1310 2406 τι
1330 2380 1383 2406 τῶν
1402 2379 1603 2415 συμϐαινόντων
1622 2379 1808 2414 ἰλιγγιάσωσιν
1817 2388 1824 2394 ⁸
1837 2379 1854 2414 ἢ

1221 2450 1243 2466 ¹⁸
1257 2450 1320 2477 Ose.
1345 2457 1400 2482 xtv,
1419 2448 1461 2476 10.
1501 2449 1522 2464 ¹⁸
1537 2448 1614 2476 Joan.
1630 2455 1656 2479 v,
1668 2448 1713 2475 ‘29.

1065 2529 1094 2548 sn
1113 2526 1196 2553 esset,
1212 2531 1220 2547 I
1237 2526 1291 2547 etc.

1072 2591 1079 2592 ί
1100 2557 1157 2592 (75)
1176 2557 1404 2590 Εὑτρεπίσαιτο.
1423 2556 1469 2583 Sic
1483 2554 1566 2592 Regg.
1587 2561 1613 2585 a.
1638 2561 1664 2586 ο,
1685 2553 1712 2587 d,
1731 2553 1788 2586 bm,
1806 2553 1853 2588 pb.

1065 2590 1111 2618 0r.
1123 2592 1149 2624 2,
1171 2592 1238 2625 Jes.,
1253 2598 1306 2620 etc.
1322 2592 1401 2624 Editi,
1420 2590 1625 2626 εὐτρεπίσηται.

1066 2662 1071 2667 _
1101 2626 1220 2667 (7970’.
1233 2623 1282 2654 Sic
1301 2626 1385 2662 Regg.
1408 2634 1433 2659 a,
1448 2623 1502 2658 bin,
1518 2626 1565 2660 ph,
1585 2624 1631 2651 0r.
1655 2624 1683 2656 2,
1699 2627 1754 2651 etc.
1773 2623 1856 2651 Deest

1065 2663 1091 2688 in
1110 2663 1201 2688 editis.

1101 2696 1158 2733 (77)
1171 2694 1220 2732 τῌ.
1237 2696 1351 2733 Deestin
1373 2696 1459 2724 tribus
1470 2695 1553 2733 δοες.

1100 2728 1156 2766 (78)
1171 2728 1252 2759 ’Ᾰλλ’
1266 2731 1294 2758 el
1307 2740 1383 2762 τινα,
1401 2737 1453 2759 etc.
1472 2728 1586 2757 Billiits:
1606 2738 1616 2754 ε
1633 2729 1696 2764 quin
1707 2728 1809 2766 potius,
1825 2732 1856 2754 ul

1065 2768 1146 2794 anitni
1163 2767 1248 2794 nostri
1265 2766 1388 2794 affectum
1408 2766 1527 2800 imagine
1544 2765 1660 2800 quadam
1675 2765 1853 2798 exprimam,»

1065 2809 1158 2873 eu(.79)
1179 2837 1213 2864 οἳ
1225 2837 1418 2873 στρέφεσθαι,
1435 2841 1489 2863 etc.
1509 2835 1574 2873 Reg.
1592 2841 1620 2867 υ,
1637 2831 1678 2873 οἷς
1689 2832 1855 2873 στρέφεσθαι

1064 2869 1204 2900 τὰ’πάντα
1226 2869 1307 2900 δοκεῖ’
1321 2872 1412 2903 αὐτοῖς
1437 2871 1640 2907 στρεφομένοις.
1659 2869 1724 2902 Qua:
1742 2869 1854 2902 quidem

1065 2908 1146 2938 lectio
1165 2908 1278 2944 optima.
1297 2912 1324 2936 et
1342 2907 1448 2935 svntaxi
1463 2907 1549 2942 magis
1563 2911 1692 2933 consona.
