2069 3131
178 224 229 252 901

644 221 772 250 ORATIO
792 220 861 248 XIV.
885 236 917 241 ——
939 219 982 246 DE
1002 218 1193 247 PAUPERUM
1214 217 1344 246 AMOllE.

1758 220 1811 248 902

179 282 278 317 καμεῖν
292 281 356 317 περὶ
371 281 416 308 τὴν
428 281 507 316 λόγον
522 280 591 312 δέον,
608 280 645 312 ὼς
661 280 720 314 τάχ’
736 280 769 306 ἂν
781 280 814 314 τῇ
830 278 971 313 ιςιλοπονιᾳ

1030 277 1128 307 ,inent;
1153 277 1244 304 statim
1260 280 1288 302 nt
1309 274 1474 310 inopinatum
1497 275 1561 311 quid
1576 276 1717 309 acciderit,
1735 277 1812 311 quasi

179 328 363 363 δοοησομένης
390 327 440 362 τῆς
471 327 609 362 ἀληθείας,
635 327 651 362 ἢ
679 325 841 362 σοφωτέροις
867 324 969 351 ἑαυτῶν

179 373 264 399 ταῦτα
286 371 497 407 συμφιλοσοφεῖν
520 371 566 398 καὶ
593 371 871 407 πνευματικωτέροις,
897 370 969 395 ἐπει-

180 419 212 453 δὴ
243 417 298 453 (80)
327 419 373 444 καὶ
395 417 475 444 τοῦτο
492 417 614 452 χάρισμα
630 417 668 448 ἓν,
684 417 729 443 καὶ
747 417 807 452 οὐχὶ
827 416 933 442 πάντων
953 416 970 450 ἡ

182 462 291 497 γνῶσις,
306 462 322 498 ἦ
339 462 471 497 καθάρσει
486 461 543 496 βίου
561 461 661 496 ταύτην
675 460 811 496 Θηρεύειν,
829 460 877 486 καὶ
894 459 969 494 παρὰ

181 510 228 544 τῆς
257 510 340 540 ὅντως
364 509 462 543 Σοφὶας
486 508 581 542 σοφίαν
605 507 753 544 ἐπιζητεῖν.
779 507 810 533 Οἱ
827 506 855 532 δὲ
873 505 906 539 (ὼ
921 505 971 540 τῆς

181 554 393 589 ἀπαιδευσίαςῖ)
422 554 468 580 ἐπὶ
489 554 518 580 τὺ
542 554 712 589 ἑτοιμότερον
740 553 895 588 τρέπονται,
925 551 971 577 καὶ

180 601 291 635 ἀλογίαν
314 599 360 626 τοῦ
383 600 484 632 παντὸς
498 599 721 634 καταψεύδονται,
737 599 814 625 αὐτοὶ
835 597 971 631 τὸνλόγον

180 647 230 673 οὐκ
252 645 445 681 ὲπιστᾶιμενοι·
462 645 508 672 κα).
523 646 576 672 εἰσὶ
594 645 627 672 δι’
652 644 828 671 ἀπαιδευσίαν
850 644 936 678 σοφοὶ,
954 643 970 678 ἦ

180 691 224 718 διὰ
241 691 347 725 σοφίαν,
377 690 419 716 ἵνα
440 690 525 721 οὕτως
543 689 622 722 εἴπω,
640 689 689 725 τὴν
713 688 854 725 περιττὴν,
876 688 971 722 ἄσοφοι

181 738 228 764 καὶ
243 737 365 764 ἁσύνετοι
390 736 456 772 (81).
478 735 617 762 Ἐντεῦθεν
637 736 661 761 οἱ
683 735 732 770 μὲν
754 735 808 770 (82)
825 734 909 770 τύχην
927 735 972 760 καὶ

180 783 211 810 τὺ
227 783 377 818 αὐτόματον
398 782 588 817 ὲδογμάτισαν,
611 781 696 812 ὅντως
712 781 854 815 αὐτόματα
871 780 919 806 καὶ
935 779 972 811 ὡς

181 830 275 865 ἔτυχεν
288 828 494 856 ἁναπλασῡὲντα
513 829 683 863 ἐπινοήματα
695 835 701 840 ·
719 827 743 853 οἱ
758 826 786 852 δὲ
799 826 920 862 ἀστέρων
934 834 973 851 τι-

182 874 215 900 νὰ
229 873 386 900 δυναστείαν
409 873 505 907 ἄλογόν
524 881 554 899 τε
577 873 623 898 καὶ
640 872 736 898 ἄλυτον
753 871 918 901 πλεκόντων,
935 870 973 902 ὡς

183 919 216 946 ἂν
232 918 378 954 βούλωνται
392 918 458 955 (85),
475 918 509 944 τὰ
527 918 658 953 ἡμέτερα,
680 917 780 952 μᾶλλον
797 916 824 943 δὲ
846 917 893 943 καὶ
908 916 973 943 αὐτὸ

1024 320 1156 355 vertigine
1172 321 1290 355 eorrepti
1322 320 1442 352 haerent,
1463 327 1524 346 cmn
1541 325 1651 347 econtra
1678 325 1816 355 oporteret

1023 374 1080 398 eos,
1099 366 1140 393 vel
1157 366 1183 393 in
1204 366 1354 400 indaganda
1374 367 1478 392 ratione
1501 366 1638 399 laborare,
1659 371 1687 394 ut
1699 375 1765 394 cura
1782 374 1815 394 ac

1024 413 1163 447 diligentia
1187 413 1329 439 veritatem
1345 411 1459 439 fortasse
1480 413 1607 447 consequi
1634 413 1756 447 possint:
1772 411 1816 439 vesI

1024 459 1057 486 de
1070 459 1111 485 his
1123 459 1202 485 rebus
1215 459 1396 492 sapientiores
1409 459 1484 485 viros
1502 460 1641 494 magisque
1657 459 1813 492 spirituales

1025 504 1177 536 consulere,
1197 504 1417 539 quandoquidem
1436 504 1462 531 id
1478 512 1586 539 qttoque
1605 505 1676 531 inter
1697 504 1815 539 Spiritus

1025 551 1094 578 dona
1111 556 1277 584 muneratur,
1295 559 1343 578 nec
1357 551 1477 577 omnium
1492 555 1534 577 est
1551 551 1683 578 scientia:
1698 551 1739 577 vel
1755 558 1815 577 eam

1025 598 1142 632 denique
1158 606 1206 632 per
1226 598 1289 624 vita:
1315 598 1503 632 purgationem
1531 597 1678 632 aucupari.
1695 602 1777 632 atque
1800 604 1816 623 a

1025 651 1091 670 vera
1108 643 1246 678 Sapientia
1269 643 1430 677 sapientiam
1454 643 1603 678 postulare.
1631 643 1676 670 Isti
1694 643 1781 677 vero)
1799 650 1816 669 ο

1026 689 1122 716 tuirant
1143 689 1320 723 stultitiamt)
1343 690 1376 716 ad
1397 689 1423 716 id
1443 689 1513 724 quod
1532 689 1653 723 paratius
1670 693 1697 715 et
1717 689 1816 724 procli-

1025 737 1085 763 vins
1097 740 1148 767 est,
1163 743 1193 763 se
1207 735 1365 768 conferunt,
1380 743 1429 762 nec
1444 735 1549 762 ratione
1565 735 1693 761 mundum
1715 736 1815 769 guber-

1026 782 1084 809 nari
1109 781 1177 809 falso
1201 785 1341 813 asserunt,
1364 788 1424 807 cum
1444 781 1494 816 ipsi
1516 781 1648 807 rationem
1675 780 1814 814 ignorent:

1026 832 1107 862 atque
1135 828 1171 854 ita
1188 831 1297 861 propter
1320 827 1452 854 inscitiam
1485 827 1623 861 sapientes
1649 832 1731 859 sunt,
1764 831 1812 852 aut

1027 878 1137 909 propter
1157 881 1385 908 supervacaneam
1403 873 1582 907 sapientiam,
1601 877 1630 900 ut
1653 873 1689 900 ita
1708 873 1814 907 loquar,

1027 920 1183 953 insipientes
1196 927 1228 946 ac
1241 919 1341 946 stolidi.
1357 919 1425 946 llinc
1442 919 1487 945 alii
1501 919 1610 953 quidem
1623 926 1714 945 casum
1730 923 1814 953 atque

182 965 212 992 τὸ
227 965 337 992 πλέκειν
352 964 616 999 συνηναγκασμένων
629 971 635 977 '
654 963 701 989 καὶ
719 962 863 998 πλανητῶν
880 962 913 998 δή
930 971 972 988 τι-

1030 963 1179 997 ὀι-ιιιιιιιιιι,
1197 964 1308 991 fortuito
1331 972 1395 991 sane
1421 968 1577 997 temereque
1593 963 1752 996 confictam,
1776 970 1818 989 m-

182 1019 235 1037 νων
248 1010 294 1036 καὶ
306 1009 433 1036 ἀπλανῶν
445 1009 570 1041 συνόδους
583 1009 629 1035 καὶ
642 1009 841 1044 ὑποχωρήσεις,
863 1007 910 1034 καὶ
926 1017 975 1034 κυ-

184 1056 245 1092 ρίαν
260 1055 306 1082 τοῦ
325 1055 424 1087 παντὸς
435 1055 550 1089 κίνησιν.
567 1055 598 1080 Οἰ
613 1054 651 1086 δὲ,
669 1055 683 1080 ὅ
696 1062 721 1080 τι
739 1054 771 1080 ἂν
787 1053 842 1089 (84)
860 1053 975 1085 ἕκαστος

183 1101 400 1138 ἐφαντάσθησαν,
419 1101 458 1137 τῷ
475 1100 641 1136 ταλαιπώρῳ
657 1101 728 1134 γένει
747 1100 801 1126 τῶν
824 1099 975 1135 ἀνθρώπων

183 1147 320 1182 φέροντες,
335 1148 528 1182 ὲπεισήγαγον,
541 1147 602 1173 ὅσον
616 1147 706 1178 αὐτοῖς
718 1146 772 1182 (85)
783 1146 831 1181 τῆς
845 1146 976 1180 Προνοίας

182 1192 326 1226 ἀνέφικτον
343 1200 372 1218 τε
388 1192 434 1218 καὶ
443 1191 608 1227 ἀθεώρητον,
627 1192 666 1223 εἰς
680 1191 822 1226 διαφόρους
837 1190 914 1222 δόξας
929 1190 976 1216 καὶ

183 1237 368 1273 προσηγορίας
387 1237 630 1273 καταμερίσαντες.
648 1237 709 1263 Εἰσὶ
725 1236 752 1263 δὲ
775 1237 800 1263 οἶ
819 1237 866 1263 καὶ
880 1236 975 1263 πενίαν

184 1283 285 1318 πολλὴν
304 1283 354 1318 τῆς
367 1283 497 1319 Προνοίας
509 1283 694 1316 κατέγνωσαν,
708 1282 741 1309 τὰ
755 1283 804 1318 μὲν
818 1282 888 1318 ὑπὲρ
901 1283 977 1317 ἡμᾶς

185 1329 269 1365 ταύτῃ
285 1329 444 1356 διοικεῖσθαι
462 1329 632 1365 νομίσαντες,
646 1329 710 1365 ἄχρι
727 1329 749 1355 δ’
768 1329 846 1364 ἡμῶν
858 1329 912 1355 τῶν
930 1329 977 1354 καὶ

187 1375 303 1410 μάλιστα
315 1375 448 1411 δεομένων
458 1376 587 1410 κατάγειν
599 1376 682 1412 αὐτὴν
694 1376 910 1410 ἀποκνήσαντες,
923 1374 978 1401 ὦσ-

185 1429 238 1456 περ
252 1421 410 1453 δεδοικότες,
435 1422 471 1457 μὴ
489 1421 527 1457 τῷ
543 1421 668 1453 πλείονας
686 1421 740 1456 (86)
765 1421 976 1457 εὐεργετείσθαι,

186 1467 309 1501 ἀγαθώτε
315 1477 359 1504 ρον
374 1469 535 1504 ἀποφήνωσι
549 1468 594 1495 τὸν
614 1468 772 1504 εὐεργέτην,
787 1468 803 1503 ἢ
825 1468 978 1503 ἀποκάμνοι

186 1513 278 1545 αὐτοῖς
295 1514 350 1550 (87)
362 1515 377 1540 ὁ
391 1514 456 1546 Θεὸς
472 1512 502 1541 εὖ
518 1514 602 1541 ποιῶν
614 1514 749 1545 πλείονας.

1026 1010 1179 1043 duxerunt;
1197 1009 1244 1036 alii
1266 1010 1385 1036 siderum
1407 1009 1587 1044 principatum
1608 1008 1752 1042 quemdam
1768 1016 1814 1035 ra-

1027 1056 1109 1083 tionis
1120 1061 1258 1090 expertem
1272 1061 1352 1090 atque
1363 1055 1443 1090 281
1459 1054 1683 1087 imlissolnbilem,
1697 1062 1757 1089 qua:
1771 1062 1814 1081 res

1028 1107 1137 1129 nostras
1151 1102 1284 1129 arbitratu
1299 1109 1359 1134 suo,
1375 1102 1428 1128 imo
1442 1102 1523 1128 etiam
1539 1100 1701 1132 necessario,
1715 1107 1817 1126 conue-

1028 1152 1112 1179 ctant,
1126 1153 1152 1175 et
1170 1148 1317 1175 errantium
1330 1147 1506 1182 quarumdam
1522 1152 1602 1180 atque
1617 1145 1731 1172 firarum
1747 1145 1815 1173 stel-

1028 1194 1113 1221 lartun
1131 1201 1295 1228 congressus
1311 1199 1337 1220 et
1352 1193 1530 1226 recessiones,
1543 1201 1574 1220 ac
1593 1198 1695 1219 tnottun
1707 1214 1713 1224 ,
1728 1193 1816 1219 omni-

1030 1239 1079 1266 bus
1096 1239 1122 1266 in
1140 1238 1220 1266 rebus
1234 1239 1417 1266 dominantem
1438 1238 1628 1266 confinxerunt
1641 1247 1648 1270 ;
1663 1237 1708 1264 alii
1723 1258 1729 1270 ,
1745 1238 1817 1272 quod

1031 1284 1145 1319 quisque
1167 1292 1260 1312 secum
1284 1284 1465 1320 excogitavit,
1500 1291 1653 1310 mrumnoso
1681 1284 1818 1310 Itominnm

1031 1331 1124 1366 generi
1144 1331 1322 1363 invcxcrunt;
1344 1331 1474 1365 quidquid
1491 1329 1618 1356 nimirum
1633 1335 1665 1355 ex
1680 1329 1736 1364 ipsa
1749 1329 1815 1356 Pro-

1032 1376 1151 1403 videntia
1168 1376 1357 1412 comprehendi
1374 1376 1547 1410 conspieique
1562 1375 1666 1409 nequit,
1680 1375 1705 1402 in
1725 1375 1815 1402 varias

1031 1422 1181 1457 opiniones,
1197 1423 1326 1457 variaque
1341 1422 1450 1449 nomina
1465 1421 1626 1448 dividentes.
1648 1420 1702 1448 Nec
1725 1420 1818 1448 defue-

1031 1473 1105 1500 runt,
1118 1469 1164 1503 qui
1181 1476 1285 1503 magna:
1301 1475 1409 1503 quoque
1427 1467 1594 1502 paupertatis
1619 1466 1821 1494 Providentiam

1033 1514 1204 1547 damnarent,
1226 1515 1288 1542 dmn
1306 1522 1338 1542 ea
1353 1514 1461 1549 quidem
1476 1534 1483 1546 ,
1496 1521 1557 1548 qua:
1570 1521 1651 1548 supra
1669 1521 1718 1540 nos
1737 1517 1820 1543 sunt.

192 1557 226 1585 ab
258 1559 316 1592 ipsa
350 1559 405 1594 regi
429 1565 510 1593 atque
530 1560 674 1594 gubernari
689 1559 864 1593 jndicarunt,
880 1562 1007 1586 ueterum
1027 1566 1087 1586 eam
1102 1559 1134 1586 ad
1152 1567 1201 1587 nos
1217 1567 1319 1594 usque,
1344 1560 1387 1593 qui
1404 1567 1434 1586 ea
1450 1559 1490 1586 vel
1507 1560 1624 1586 maxime
1644 1560 1797 1594 indigemus
1809 1581 1818 1593 ,

185 1603 329 1631 demittere
341 1605 445 1640 gravati
461 1609 544 1637 sunt;
560 1605 674 1641 perinde
705 1613 737 1632 ac
769 1609 938 1638 vererentur,
956 1612 1006 1638 ne,
1029 1605 1052 1633 si
1077 1605 1167 1640 plures
1192 1606 1331 1634 beneﬁciis
1351 1606 1541 1639 afﬁcerentur,
1559 1605 1641 1633 nimis
1665 1606 1816 1634 beneficum

186 1650 347 1677 elhiherent
358 1650 569 1683 benefactorem,
582 1655 628 1678 aut
645 1659 679 1678 ne
698 1651 769 1678 Deus
783 1651 850 1678 bene
865 1651 897 1678 de
911 1651 1033 1685 pluribus
1050 1653 1177 1679 merendo
1190 1651 1393 1687 defatigaretur.

221 1697 281 1724 AI".
305 1697 375 1723 Ἀλλ’
390 1695 461 1724 οὗτοι
476 1698 535 1733 μὲν,
557 1699 624 1734 ὅπερ
641 1697 727 1732 εἷπον,
743 1697 892 1734 ὲρῤίφθων,
919 1699 976 1724 ἐπεὶ

1070 1698 1189 1726 XXXIII.
1213 1700 1312 1728 Verum
1338 1700 1405 1732 bos,
1433 1703 1462 1726 ut
1485 1699 1559 1732 dixi,
1573 1700 1663 1727 valere
1676 1700 1797 1728 sinamus
1811 1720 1821 1734 ,

186 1743 234 1771 xui
249 1744 340 1775 καλῶς
351 1745 449 1776 αὐτοὺς
464 1744 606 1780 προλαϐὼν
626 1746 639 1771 ὁ
651 1745 728 1778 λόγος
739 1744 878 1780 ἠμύνατο·
900 1745 981 1779 Ἐμιῑο

187 1789 294 1823 ταιώθη
320 1789 386 1824 γὰρ,
414 1791 506 1825 φησὶν,
532 1791 550 1824 ἡ
574 1791 722 1823 ἀσύνετος
739 1790 839 1817 αὐτῶν
855 1791 979 1824 καρδΙα’

187 1834 358 1868 φάσκοντες
373 1833 558 1870 εἷναισοφοὶ.
576 1835 804 1870 ἐμωράνθησαν,
821 1836 869 1863 καὶ
886 1836 982 1870 ἤλλα-

188 1880 246 1912 ξαν
268 1881 326 1914 τὴν
351 1881 446 1912 δόξαν
464 1881 517 1908 τοῦ
534 1881 686 1916 ἀφθάρτου
708 1882 762 1917 (88)
782 1882 865 1914 Θεοῦ,
888 1882 981 1917 μύθοις

187 1926 243 1952 τισὶ
259 1926 307 1952 καὶ
324 1928 414 1958 σκιαῖς
434 1926 482 1962 τὴν
502 1926 546 1953 διὰ
565 1927 675 1953 πάντων
700 1927 832 1962 Πρόνοιαν
850 1927 981 1963 καθυϐρί-

190 1979 295 2003 σαντες.
315 1972 410 2007 Ἡμεῖς
425 1971 453 1998 δὲ
475 1972 544 2007 μήτε
561 1973 639 1999 αὐτοὶ
656 1972 743 2000 ταῦτα
757 1973 980 2009 τερατευώμεοα,

190 2017 269 2052 εἴπερ
284 2025 310 2043 τι
325 2017 400 2053 μέλει
417 2017 464 2043 τοῦ
479 2017 558 2052 λόγου
572 2018 690 2052 λογικοῖς
703 2017 778 2045 οὖσιν
790 2020 866 2054 ἡμῖν,
881 2020 928 2046 καὶ
941 2019 983 2046 λό-

190 2071 239 2097 γου
260 2063 452 2098 θεραπευταῖς
470 2063 537 2099 μήτε
554 2063 607 2098 (89)
619 2065 682 2096 τοὺς
694 2064 831 2100 οἰομένους
847 2065 983 2100 ἀποδεχώ-

193 2109 273 2144 μεθα,
289 2108 340 2135 κᾶν
357 2109 509 2144 εὐδρομῶσι
530 2110 579 2145 τὴν
595 2109 718 2143 γλῶτταν
748 2111 776 2136 ὲν
796 2112 851 2142 τοῖς
873 2111 982 2143 ἀτόποις

191 2154 282 2189 λόγοις
309 2155 356 2181 καὶ
375 2154 502 2190 δόγμασι,
521 2156 568 2182 καὶ
590 2154 628 2190 τῷ
652 2155 738 2191 καινῷ
763 2155 817 2191 (90)
835 2156 981 2192 τέρπωσιν.

198 2200 279 2226 Ἀλλὰ
300 2201 346 2226 καὶ
359 2200 425 2227 Θεὲιν
450 2199 520 2228 εἶναι
541 2201 587 2228 τὸν
606 2202 714 2228 πάντων
731 2201 845 2237 ποιητὴν
865 2202 919 2236 (91)
937 2203 983 2229 καὶ

191 2245 357 2281 δημιουργδν
370 2246 543 2282 πιστεύωμεν
554 2255 560 2261 ⁸
582 2247 641 2279 πῶς
652 2247 706 2284 γὰρ
721 2247 753 2274 ἂν
769 2247 823 2283 (92)
837 2248 941 2283 ὑπέστη
954 2249 984 2275 τὸ

194 2292 259 2322 πᾶν,
279 2292 315 2326 μή
333 2300 403 2323 τινος
423 2292 605 2325 οὑσιώσαντὸς
629 2302 658 2319 τε
678 2293 724 2320 καὶ
743 2294 983 2329 συναρμόσαντος;

195 2337 249 2363 Καὶ
266 2337 398 2372 Πρόνοιαν
420 2338 633 2374 συνεισάγωμεν,
652 2339 700 2375 τὴν
717 2339 794 2366 τοῦδε
816 2339 861 2366 τοῦ
884 2340 984 2371 παντὸς

1035 1745 1134 1779 quippe
1145 1752 1213 1779 quos
1221 1744 1279 1778 jam
1292 1745 1434 1779 Scriptura
1447 1745 1556 1780 egregie
1569 1745 1623 1772 ulta
1638 1746 1689 1773 sit:
1703 1746 1821 1772 Evanuit

1035 1792 1102 1817 enim
1116 1811 1124 1823 ,
1137 1791 1241 1825 inquit,
1257 1791 1384 1824 insipiens
1400 1799 1444 1817 cor
1466 1798 1574 1823 eorum;
1591 1792 1706 1818 dicentes
1724 1799 1752 1818 se
1766 1799 1824 1819 esse

1034 1837 1174 1871 sapientes,
1203 1835 1278 1863 stulti
1297 1836 1362 1870 faui
1387 1842 1466 1869 stmt,
1492 1837 1591 1870 Deique
1613 1838 1823 1871 incorruptibilis

1034 1882 1146 1917 gloriam
1166 1883 1340 1909 immutarunt
1363 1882 1397 1914 '°,
1414 1882 1551 1916 figmentis
1564 1883 1725 1916 quibusdam
1744 1888 1826 1917 atque

1035 1924 1139 1952 umbris
1164 1925 1365 1953 Providentiam
1386 1926 1419 1952 ad
1440 1926 1530 1953 omnia
1557 1934 1619 1954 sese
1640 1927 1824 1962 porrigentem

1035 1971 1230 1999 contumeliose
1245 1973 1462 2007 proscindentes.
1478 1972 1532 2000 Nos
1548 1977 1650 2006 autem,
1668 1981 1757 2008 neque
1772 1974 1826 2001 hu-

1033 2019 1152 2055 jusmodi
1176 2019 1332 2054 dogmatum
1355 2023 1481 2053 portenta
1501 2019 1705 2054 confingamus,
1722 2020 1824 2055 siquid

1037 2066 1124 2099 nobis,
1138 2065 1183 2101 qui
1197 2065 1303 2092 ratione
1320 2065 1434 2097 utimur,
1451 2073 1483 2093 ac
1499 2073 1613 2093 summie
1633 2066 1748 2094 rationis
1767 2067 1825 2094 cul-

1037 2116 1092 2139 tum
1114 2111 1281 2146 profitemur,
1306 2111 1376 2138 ratio
1398 2119 1470 2138 cum
1492 2115 1549 2143 est,
1571 2118 1604 2138 ne
1627 2111 1670 2144 iis,
1692 2112 1739 2146 qui
1767 2112 1825 2139 haec

1035 2162 1140 2192 putant,
1158 2158 1356 2191 assentiamur;
1373 2158 1479 2185 tametsi
1495 2158 1524 2184 in
1539 2158 1666 2185 absurdis
1688 2159 1825 2186 sermoni-

1036 2204 1086 2230 bus
1104 2208 1131 2230 et
1154 2202 1325 2238 dogmatibus
1345 2202 1461 2229 celerem
1479 2207 1507 2230 et
1528 2202 1683 2236 expeditam
1706 2202 1826 2237 linguam

1037 2248 1165 2280 habeant,
1178 2250 1204 2274 et
1217 2246 1337 2273 novitate
1347 2246 1490 2273 delectent.
1503 2245 1544 2279 Qu
1554 2245 1578 2272 in
1592 2245 1690 2280 potius,
1704 2251 1730 2273 et
1742 2245 1825 2273 Deum

1037 2301 1127 2321 rerum
1150 2293 1270 2319 omnium
1298 2290 1454 2319 effectorem
1477 2297 1505 2319 et
1526 2292 1706 2318 architectum
1731 2292 1828 2319 creda-

1039 2347 1110 2366 mus.
1126 2338 1248 2371 Quonam
1262 2337 1334 2364 enim
1355 2339 1434 2364 modo
1457 2337 1612 2364 universum
1633 2338 1686 2364 hoc
1701 2338 1826 2365 exstitis-

196 2383 356 2419 συνεκτικὴν
373 2392 402 2410 τε
425 2384 472 2410 καὶ
494 2385 668 2421 σννδετικήν⁹
692 2387 753 2412 ἐπεὶ
770 2386 816 2412 καὶ
835 2386 976 2422 προνοητὴ·

1042 2389 1094 2417 set,
1115 2384 1166 2411 nisi
1186 2383 1219 2410 ab
1238 2383 1329 2417 alique
1346 2387 1518 2418 procreatum
1536 2386 1618 2417 atque
1631 2382 1824 2409 concinnatum

227 2461 249 2476 ὀ
263 2460 340 2488 Rom.
355 2467 374 2493 I,
389 2461 421 2488 2i
440 2469 516 2496 seqq.

233 2539 505 2580 (89)‘E:tez_8ﬁ.“Sic
531 2539 619 2574 ltegg.
647 2546 672 2570 τι,
706 2538 760 2570 bm,
781 2538 825 2571 ph,
852 2542 878 2564 et
894 2537 940 2565 0r.
957 2536 984 2563 2.

197 2574 266 2601 Editi
286 2583 359 2605 vero,
374 2574 531 2610 ἐπειδήπερ.

233 2610 287 2645 (81)
303 2607 467 2637 ’Λσύνετοιξ
485 2607 570 2642 Ιὶὶξιις.
596 2617 622 2641 a,
639 2615 665 2641 c,
686 2610 713 2641 (Ι,
730 2613 757 2636 et
772 2607 839 2640 .les.,
859 2607 989 2634 ἀπαίδευ-

197 2653 246 2671 τοι.

234 2679 288 2715 (82)
307 2680 464 2707 Ἐντεῦθεν
479 2681 506 2715 oi
520 2679 592 2715 μέν,
611 2682 663 2705 etc.
689 2687 698 2703 ι
710 2714 714 2715 7
728 2677 795 2705 llinc
814 2677 857 2704 alii
881 2677 988 2711 quidem

199 2714 344 2742 Fortunam
357 2721 384 2743 et
393 2724 485 2743 casum
501 2714 691 2745 instituerunt,
710 2714 816 2740 inventa
839 2719 901 2740 vere
925 2720 988 2738 casn

199 2754 225 2776 et
242 2750 352 2785 fortuito
363 2752 514 2785 excogitata
533 2755 614 2785 atque
625 2747 739 2785 amota.»

234 2784 290 2819 (85)
304 2783 484 2813 Βούλων-ἔω.
503 2786 549 2814 Sic
570 2784 653 2818 Begg.
668 2783 696 2815 d,
710 2785 766 2817 bm,
783 2783 829 2819 pb,
848 2788 875 2811 et
895 2783 942 2811 0r.
958 2783 986 2810 2.

199 2818 262 2851 Alii.
272 2819 429 2856 ﬁotﬂowat.

310 2855 346 2892 Ὀ
358 2864 397 2892 τιᾲ
404 2855 452 2883 ἄν.
474 2857 558 2892 Begg.
574 2866 602 2890 a,
616 2858 672 2889 bm.
688 2856 734 2892 ph,
749 2855 789 2882 ὅτι
803 2855 826 2892 δ’
840 2854 883 2892 ἄν,

224 2889 293 2931 ’(85)
304 2890 421 2924 Αὐτοῖς.
440 2892 484 2918 Sic
499 2889 584 2927 Βόας.
597 2900 622 2925 a,
633 2889 747 2926 bmfph,
759 2895 785 2918 et
799 2891 847 2918 Or.
860 2890 888 2916 2.
907 2889 989 2921 Editi,

202 2932 297 2960 αυτης.

239 2957 294 2995 (86)
309 2961 356 2996 Μὴ
372 2961 412 2994 τῷ
427 2962 579 2995 πλείονας.
597 2966 648 2990 etc.
662 2961 755 2989 Billius
772 2969 778 2986 :
798 2969 807 2985 ι
825 2967 858 2988 ne
880 2957 991 2986 benefa'

1037 2538 1138 2565 factore
1153 2546 1185 2565 eo
1197 2539 1335 2565 melimem
1345 2545 1405 2566 esse
1418 2539 1634 2571 pronuntiarent,
1645 2539 1719 2574 quod
1734 2538 1826 2573 plures

1039 2574 1179 2600 beneficiis
1195 2574 1322 2600 alliceret.
1339 2583 1347 2598 |

1075 2609 1131 2643 (87)
1149 2609 1265 2642 Αὐτοῖς.
1286 2618 1295 2634 ι
1315 2608 1382 2643 Ipsis
1407 2608 1600 2644 defatigaretur
1614 2629 1621 2641 ,
1651 2607 1828 2643 defatigatum

1039 2644 1130 2670 dicere
1150 2644 1330 2670 viderentur.)

1075 2678 1130 2714 (88)
1147 2678 1310 2712 Ἀφθάρτου
1327 2678 1410 2714 Θεοῦ.
1426 2678 1473 2705 Or.
1486 2678 1504 2705 2
1522 2679 1614 2706 addit:
1631 2677 1660 2704 ἐν
1673 2677 1828 2713 ὁμοιώματι

1040 2714 1141 2746 εἰκόνος
1157 2713 1277 2749 φθαρτοῦ
1291 2713 1444 2748 ἀνθρώπου·
1464 2723 1472 2738 ι
1494 2714 1520 2740 in
1539 2713 1742 2741 similitudinem
1764 2721 1830 2740 tma-

1041 2750 1186 2784 ginisrorra
1200 2749 1300 2782 ptibiiis
1313 2749 1437 2784 hominis.
1447 2758 1455 2774 ι

1078 2783 1134 2850 (89)
1148 2784 1239 2823 Μήτεέ
1257 2784 1303 2811 Sic
1323 2783 1406 2818 ltegg.
1420 2791 1445 2814 τι,
1461 2784 1516 2816 bm,
1533 2784 1580 2819 ph.
1598 2784 1626 2812 In
1642 2785 1698 2817 ed.,
1715 2785 1794 2821 μηδὲ.

1078 2819 1120 2850 (90
1144 2821 1251 2850 Καινῳ.
1269 2819 1315 2846 Or.
1335 2818 1363 2849 2,
1381 2819 1472 2850 κοινῷ,
1486 2829 1495 2843 ι
1516 2821 1715 2848 communione.
1731 2831 1740 2846 ι

1076 2818 1132 2854 (90)
1144 2818 1251 2851 Καινῷ.
1269 2819 1315 2846 Or.
1335 2818 1363 2849 2,
1381 2819 1472 2854 κοινῷ,
1486 2829 1495 2843 ι
1516 2818 1740 2848 communione.)

1077 2854 1134 2892 (91)
1151 2854 1208 2881 Τὸν
1218 2854 1343 2892 ίιὰπων
1357 2853 1494 2892 ποιητήν.
1514 2855 1559 2892 Sic
1575 2855 1658 2892 Regg.
1671 2864 1697 2888 a,
1710 2861 1736 2884 et
1745 2856 1790 2892 plt.
1802 2854 1831 2882 ln

1077 2864 1134 2889 (3|)
1151 2864 1208 2881 ιον
1221 2864 1343 2881 παντων
1357 2864 1494 2887 ποιητην.
1514 2864 1559 2882 διο
1575 2864 1613 2882 ne
1631 2865 1636 2890 ί

1044 2889 1111 2923 Reg.
1127 2891 1181 2920 hin,
1197 2889 1250 2916 τῶν
1267 2890 1386 2916 πάντων.
1401 2890 1480 2917 Deest
1496 2891 1540 2917 τόν
1553 2891 1578 2918 111
1594 2864 1636 2918 ed.

1079 2924 1134 2962 (9‘2)
1152 2926 1217 2952 "Ar.
1236 2924 1314 2952 Deest
1327 2925 1353 2952 in
1368 2923 1414 2951 0r.
1429 2924 1456 2952 2.
