2049 3143
205 183 255 210 917

628 185 759 213 ORATlO
779 183 837 214 XV.
857 202 893 207 —
911 185 945 213 TN
966 184 1243 216 MACHABJEORUM
1262 185 1414 216 LAUDEM.

1779 190 1830 219 9i8

204 244 235 269 τὸ
257 242 343 278 γῆρας
361 242 419 270 ἀνθ’
437 242 492 278 (88)
511 243 651 279 ἱκετηρίας
669 245 853 280 προύϐάλλετο
865 255 871 260 -
893 247 923 273 οὺ
942 256 994 273 σω-

1047 254 1100 281 quo
1116 254 1189 275 sane.
1211 252 1265 273 tum
1281 251 1391 278 matres,
1409 251 1462 272 tum
1487 246 1649 280 sacerdotes,
1665 247 1783 277 victimis
1797 251 1830 277 ad

204 289 301 324 τηρίαν
316 288 443 324 ζητοῦσα,
467 289 496 316 τὺ
509 289 538 317 δὲ
551 289 646 318 παθεῖν
664 291 823 326 ὲπείγουσα,
839 292 886 319 καὶ
904 293 994 319 κίνδυ-

204 343 249 362 νον
266 335 403 370 ἡγουμένη
419 336 468 371 τὴν
482 336 625 373 ἀναϐολὴν,
644 337 674 364 οὺ
693 338 739 364 τὸν
752 338 865 365 θάνατον
876 346 882 352 ·
900 339 932 374 ἢν
949 340 994 365 οὺ-

203 381 248 407 δὲν
268 381 402 417 ἔκαμψεν,
428 382 488 409 οὐδὲ
512 383 678 420 ὲμαλάκισεν
693 384 759 419 (89),
776 384 835 411 οὐδὲ
847 385 992 421 ἀτολμοτέ-

205 436 254 464 ραν
265 429 320 464 (90)
332 429 457 466 ἐποίησεν
467 439 472 446 -
481 431 713 467 οὺχάρορέμὸολα
723 431 778 467 (91)
787 432 991 467 προτεινόμενα,

202 475 233 501 οὑ
248 475 340 511 τροχοὶ
355 476 580 512 προϐαλλόμενοι,
597 478 626 504 οὐ
644 477 836 513 τροχαντῆρες,
857 478 887 504 οὐ
901 487 993 505 κατα-

204 520 310 553 πέλται,
322 522 372 548 οὐκ
391 522 478 558 ἀκμαὶ
491 523 609 558 σιδηρῶν
625 523 738 558 ὀνύχων,
754 524 783 549 οὺ
795 523 858 559 ξίφη
875 525 993 559 θηγόμε-

203 574 246 598 να,
259 568 290 593 οὐ
306 566 418 603 λέϐητες
435 568 540 600 ζέοντες
557 569 625 604 (92),
641 569 671 596 οὐ
689 569 746 605 πῦρ
763 570 946 605 ἐγειρόμενον,
961 571 992 597 οὺ

202 611 332 646 τύραννος
353 613 482 645 ἀπειλῶν,
501 615 531 641 οὐ
545 614 640 650 δῆμος,
653 616 683 642 οὺ
699 615 845 652 δορυφόρος
863 617 991 643 κατεπεί-

202 667 258 692 γων
273 659 340 694 (95),
360 660 390 686 οὐ
412 660 489 694 γένος
504 660 652 697 ὁρώμενον,
673 662 704 688 οὺ
725 662 792 698 μέλη
804 663 989 698 διασπώμενα,

201 705 230 730 οὺ
256 705 356 740 σάρκες
377 705 543 742 ξαινόμεναι,
562 707 612 743 οὐχ
628 708 744 743 αἵματος
765 708 853 744 ὀχετοὶ
873 709 988 744 ῥέοντες,

200 749 231 776 οὗ
250 751 344 787 νεότης
368 751 560 788 δαπανωμένη.
578 754 609 780 οὐ
628 754 662 781 τὰ
677 754 796 790 παρόντα
810 755 893 788 δεινὰ,
908 756 938 782 οὺ
956 756 989 782 τὰ

195 795 428 832 ίποροσδοκώμενα
444 798 550 833 χαλεπά
565 798 619 834 (94)
630 807 636 814 ·
650 800 697 826 καὶ
709 800 723 826 ὃ
735 801 792 831 τοῖς
804 800 893 831 ἄλλοις
910 800 991 837 βαρύ-

200 842 280 869 τατόν
297 843 370 869 ἐστιν
389 843 445 879 (95)
468 845 496 871 έν
518 846 573 876 τοῖς
597 845 737 877 τοιούτοις,
763 847 779 881 ὴ
797 846 842 872 τοῦ
866 847 988 873 κινδύνου

200 887 378 922 παρέκτασις.
394 887 472 914 τοῦτο
488 889 578 925 ἐκείνῃ
596 890 626 916 τὸ
641 890 805 925 κουφότατον
816 888 862 926 ἦν·
882 891 989 926 ἐνετρὺ-

200 940 238 965 ιρα
252 931 305 967 γὰρ
318 931 356 967 τῷ
371 932 502 968 θεάματι·
518 934 565 960 καὶ¹
578 934 633 970 γάρ
641 944 700 967 πως
711 936 757 962 καὶ
768 936 863 972 τριὸὴν
873 937 988 964 ὲνεποίει

199 979 256 1010 τοῖς
273 978 398 1012 πάθεσιν,
415 979 446 1005 οὐ
459 979 489 1005 τὸ
507 980 627 1007 ποικίλον
642 981 696 1007 τῶν
711 983 922 1018 προσαγομένων
939 983 988 1018 βα-

200 1024 288 1051 σάνων
304 1024 394 1059 μόνον⁷
410 1022 448 1052 ὧν
464 1025 567 1058 πασῶν,
583 1026 621 1057 ὡς
632 1027 692 1053 οὐδὲ
707 1024 747 1059 εἷς
763 1029 838 1063 μιᾶς,
855 1030 987 1064 κατεφρὸς

199 1077 261 1096 νουν
272 1078 279 1085 '
301 1070 371 1097 ἀλλὰ
387 1071 434 1098 καὶ
451 1073 475 1098 οἱ
490 1072 536 1098 τοῦ
549 1071 662 1099 διώκτου
681 1073 754 1108 λόγοι
773 1075 922 1108 πολυειδεῖς
946 1077 988 1103 δν-

197 1123 254 1147 τες.
273 1116 438 1151 ὑϐρίζοντος,
454 1119 638 1152 ἀπειλοῦντος,
651 1120 819 1154 θωπεύοντος
829 1131 835 1136 ·
848 1123 875 1148 τί
888 1123 942 1159 γὰρ
956 1124 986 1150 οὐ

199 1161 340 1194 κινοῦντος.
351 1163 420 1198 πρὸς
434 1163 464 1190 τὸ
478 1166 567 1199 τυχεῖν
580 1162 617 1192 ὧν
634 1165 748 1201 ἦλπιζε;

1046 300 1140 320 necem
1161 292 1306 326 alacribus,
1322 292 1486 320 holocaustis
1499 293 1604 321 ratione
1626 295 1756 328 praeditis,
1782 297 1830 324 ho-

1045 339 1104 366 stiis
1119 338 1152 365 ad
1169 338 1301 365 lanienam
1328 338 1548 373 properantibus,
1571 340 1717 375 superavit.
1742 341 1830 377 Atque

1045 385 1127 412 ubera
1145 384 1252 418 quidem
1271 383 1324 411 illis
1349 384 1512 418 ostentabat,
1527 389 1553 412 et
1577 385 1708 420 puerilem
1731 389 1831 415 educa-

1046 431 1144 458 tionem
1161 431 1186 457 in
1201 431 1360 457 memoriam
1379 430 1534 464 revocabat,
1551 431 1730 467 canitiemque
1743 433 1829 467 ipsam

1045 475 1236 510 protendebat,
1252 483 1283 502 ac
1310 475 1409 502 seniles
1429 483 1524 508 annos,
1537 476 1664 511 supplicis
1689 477 1829 511 cujusdam

1044 520 1177 547 orationis
1205 520 1276 553 loco,
1295 519 1465 555 proferebat;
1490 528 1554 554 non,
1578 525 1606 548 ut
1633 521 1670 548 illi
1684 522 1746 549 vitae
1774 530 1830 550 sua:

1043 566 1224 599 consulerent,
1241 573 1375 600 qumrens,
1393 565 1442 593 sed
1464 566 1497 593 ad
1522 565 1676 594 subeundos
1691 568 1828 595 cruciatus

1043 612 1188 645 adurgens,
1213 618 1245 638 ac
1271 611 1366 638 mortis
1384 611 1549 644 dilationem,
1566 619 1618 639 non
1644 616 1735 639 autem
1756 620 1828 640 mor-

1043 661 1108 688 tem,
1124 657 1302 691 periculosam
1318 665 1378 684 esse
1392 657 1562 686 existimans.
1579 657 1661 693 Cujus
1684 659 1765 686 animi
1784 667 1829 686 ro-

1043 701 1094 727 bur
1111 705 1194 736 atque
1211 702 1390 729 constantiam
1410 702 1476 730 nihil
1493 701 1601 730 nectere
1615 707 1642 730 et
1662 703 1783 732 emollire
1797 712 1829 732 ac

1043 747 1185 774 debilitare
1201 747 1306 782 potuit;
1331 755 1384 775 non
1405 748 1583 775 instrumenta
1602 748 1725 776 iuxaudis
1751 754 1828 789 artu-

1042 795 1091 821 bus
1117 795 1329 827 accommodata,
1343 801 1402 828 qua:
1419 794 1444 820 in
1472 794 1588 821 medium
1610 794 1826 836 proferebantur,

1042 848 1093 867 non
1111 846 1175 868 rota:
1200 848 1260 875 quae
1285 841 1588 874 proponebantur,-non
1614 841 1826 874 exquisitiSsima

1041 893 1153 920 quaeque
1202 889 1395 913 tormentorum
1440 893 1553 919 genera,
1593 893 1645 913 llOll
1678 885 1825 914 ferrearum

1005 920 1199 966 Bungularum
1245 931 1338 963 acies,
1366 937 1419 957 non
1451 938 1530 958 enses
1561 931 1605 965 qui
1635 930 1822 963 acuebantur,

1037 996 1090 1016 non
1114 988 1248 1017 fertentcs
1281 989 1350 1023 olla,
1381 997 1434 1016 non
1477 990 1545 1024 ignis
1575 989 1620 1024 qui
1646 990 1825 1021 excitabatur.

1037 1041 1090 1061 non
1119 1036 1224 1070 tyranni
1239 1035 1335 1068 minae,
1355 1043 1407 1063 non
1431 1035 1554 1070 populus,
1584 1043 1636 1063 non
1661 1044 1760 1071 urgens
1782 1044 1826 1063 sa-

1036 1079 1124 1112 telles,
1142 1087 1193 1107 non
1208 1081 1315 1115 generis
1332 1085 1467 1115 aspectus,
1489 1088 1541 1107 non
1562 1081 1682 1108 membra
1700 1089 1759 1116 qum
1780 1082 1821 1108 di-

1037 1124 1242 1159 scerpebantur,
1266 1133 1316 1152 non
1345 1133 1442 1153 carnes
1466 1131 1525 1160 qua:
1555 1126 1754 1160 lacerabantur,
1772 1135 1824 1154 non

1037 1170 1177 1204 sanguinis
1204 1170 1350 1198 dentientes
1373 1171 1436 1204 rivi,
1458 1179 1510 1198 non
1533 1171 1662 1205 juvenilis
1681 1175 1746 1200 tetas
1765 1179 1825 1207 qua:

196 1210 401 1242 absumebatur,
416 1219 468 1239 non
485 1214 628 1246 prmsenlia
654 1214 733 1247 mala,
750 1223 802 1242 non
826 1215 1013 1251 impendentes
1045 1217 1218 1246 acerbitates.
1249 1218 1418 1252 Quinetiam,
1451 1220 1509 1253 ipsa
1541 1219 1653 1254 periculi
1669 1227 1824 1255 mora,qua:

200 1257 260 1283 aliis
275 1257 301 1283 in
316 1258 469 1292 hujusmodi
485 1260 566 1287 rebus
589 1262 749 1295 gravissima
785 1270 846 1290 esse
869 1264 946 1297 solet,
977 1264 1112 1293 levissima
1147 1266 1186 1293 illi
1220 1266 1370 1294 videbatur.
1384 1262 1432 1294 ‘Ex
1450 1267 1500 1295 hoc
1517 1267 1589 1295 enim
1611 1267 1765 1302 spectaculo
1781 1268 1824 1295 in-

199 1302 320 1330 credibili
343 1305 459 1339 quadam
485 1306 623 1342 voluptate
643 1308 866 1342 perfundebatur.
903 1310 1006 1338 Moram
1025 1311 1124 1346 quippe
1145 1312 1284 1347 suppliciis
1298 1312 1496 1348 quodammodo
1523 1312 1663 1346 afferebat,
1682 1321 1735 1340 non
1764 1313 1823 1348 ipsa

199 1354 302 1376 lanium
321 1355 527 1386 tormentorum,
544 1361 603 1388 qum
634 1355 858 1390 admovebantur,
893 1359 1020 1393 varietas,
1041 1368 1101 1394 qua:
1131 1360 1219 1387 omnia
1248 1361 1284 1387 illi
1312 1361 1460 1388 animosius
1490 1362 1721 1396 aspernabantur.
1742 1369 1822 1396 quam

202 1396 292 1431 quivis
306 1397 375 1425 alius
396 1406 478 1426 unum
512 1408 605 1428 eorum
622 1402 662 1429 vel
693 1402 778 1431 levius
812 1404 954 1433 tolerasset
969 1415 977 1435 :
995 1414 1088 1434 verum
1106 1408 1186 1434 etiam
1211 1407 1372 1442 multiplices
1388 1409 1491 1442 tyranni
1512 1415 1746 1449 sermoneynunc
1758 1415 1822 1434 con-

196 1443 314 1471 tumeliis
326 1445 436 1478 utentis,
448 1453 519 1474 nunc
530 1447 617 1475 minas
632 1448 802 1483 intentanliS,
818 1459 888 1479 nunc
902 1452 1046 1480 blanditias
1059 1453 1211 1481 adhibentis
1227 1463 1232 1480 :
1252 1454 1315 1488 quid
1344 1454 1415 1481 enim
1445 1461 1498 1481 non
1514 1453 1606 1486 movit,
1639 1443 1672 1480 ‘ut
1700 1454 1736 1486 id,
1752 1453 1824 1488 quod

194 1490 330 1525 sperabat,
348 1495 557 1528 assequeretur?l
1036 1492 1041 1496 ’
1643 1495 1647 1500 ’

229 1537 267 1564 E’.
284 1538 340 1564 Kal.
356 1539 448 1574 μέντοι
465 1542 513 1568 καὶ
523 1541 577 1568 τῶν
594 1541 696 1570 παίδων
706 1544 733 1570 αἱ
749 1545 815 1580 πρὸς
826 1547 871 1574 τὸν
888 1548 984 1585 τύραν-

1072 1551 1104 1579 V.
1135 1552 1169 1579 At
1186 1560 1248 1580 vero
1267 1561 1293 1580 tn
1321 1552 1437 1579 filiorum
1461 1551 1494 1578 ad
1516 1557 1658 1588 tyrannum
1687 1555 1823 1589 responsis

194 1591 237 1610 νον
255 1583 426 1620 ἀποκρίσεις,
437 1587 564 1614 τοσοῦτον
576 1588 686 1624 ἔχουσαι
701 1591 732 1617 τὺ
749 1592 830 1626 σοφὸν
841 1593 909 1628 ὁμοῦ
923 1583 982 1630 (96)

195 1630 240 1655 καὶ
248 1631 380 1664 γενναῖον,
388 1631 458 1659 ὥστε
476 1634 562 1669 μικρὰ
574 1634 629 1669 (97)
641 1636 690 1670 μὲν
697 1635 767 1663 εἶναι
778 1638 900 1675 πρὺςτὴν
909 1641 982 1667 ὲκεί-

194 1683 247 1702 νων
258 1677 406 1713 καρτερίαν
420 1679 527 1706 ἅπαντα
543 1680 578 1707 τὰ
591 1681 645 1708 τῶν
655 1681 742 1710 ἄλλων
755 1683 824 1711 καλὰ
838 1686 878 1717 εἰς
888 1686 917 1713 ἓν
926 1695 984 1713 συν-

193 1721 327 1756 αχθέντα’
345 1723 447 1759 μικρὰν
461 1724 489 1760 δὲ
502 1724 551 1761 τὴν
566 1728 713 1763 καρτερίαν
725 1728 792 1765 πρὸς
807 1731 856 1765 τὴν
871 1732 982 1759 ἐκείνων

193 1767 222 1792 ἐν
230 1766 318 1801 λόγοις
328 1768 435 1795 σύνεσιν
443 1778 449 1784 ·
462 1770 508 1796 καὶ
516 1771 569 1798 τῶν
579 1772 668 1799 αὐτῶν
678 1770 746 1800 εἶναι
758 1775 857 1809 μόνων,
867 1777 982 1812 πάσχειν

193 1820 222 1838 τε
236 1812 307 1840 οὕτω
321 1814 369 1841 καῖ
383 1815 538 1850 φιλοσοφεῖν
551 1818 579 1843 ὲν
592 1820 652 1850 ταῖς
672 1819 834 1854 ἀποκρίσεσι
849 1822 918 1857 πρὸς
933 1823 982 1855 τὰς

177 1858 239 1884 ι’τοῦ
256 1858 399 1892 διώκοντος
413 1861 537 1894 ἀπειλὰς,
553 1863 598 1889 καὶ
616 1865 678 1895 τοὺς
693 1867 916 1901 προτεινομένους
932 1869 981 1903 φό-

193 1905 267 1937 ϐους,
277 1902 314 1933 ὧν
322 1906 428 1938 οὐδενὸς
437 1908 556 1943 ἡττῶντο
567 1910 590 1935 οἱ
598 1911 716 1943 γενναῖοι
727 1911 830 1944 παῖδες,
842 1913 911 1948 καὶὴ
924 1902 982 1948 γεν-

191 1951 318 1986 ναιοτέρα
331 1952 463 1979 τεκοῦσα·
477 1954 585 1980 πάντων
596 1955 624 1980 δὲ
639 1956 737 1991 ἑαυτὴν
752 1957 878 1992 ὑπεράνω
893 1959 979 1991 θεῖσα,

193 1997 240 2023 καὶ
250 1997 288 2031 τῷ
301 1998 405 2033 φίλτρῳ
412 1998 457 2025 τὸν
466 1998 550 2034 θυμὸν
560 2000 668 2035 μίξασα,
680 2002 760 2029 καλὸν
770 2004 894 2038 ἐντάφιον
906 2005 981 2031 δίδω-

193 2050 220 2068 σι
231 2045 287 2074 τοῖς
302 2044 394 2071 παισὶν
405 2045 515 2080 ἑαυτὴν,
525 2047 715 2074 ἑπαπελϐοῢσα
727 2050 784 2081 τοῖς
795 2050 980 2084 προαπελϐοῦ-

193 2096 218 2114 σι
231 2096 237 2103 ·
252 2088 388 2116 καὶτοῦτο
403 2090 476 2123 πῶς;
491 2092 621 2124 ἑκουσίως
636 2094 682 2119 ἐπὶ
697 2095 759 2126 τοὺς
773 2095 912 2127 κινδύνους
927 2105 981 2131 χω-

192 2134 299 2170 ρήσασα
313 2135 384 2170 (98)·
395 2137 441 2162 καὶ
449 2137 509 2172 μεθ’
518 2137 581 2164 οἵων
587 2138 640 2165 τῶν
655 2140 824 2174 ἐπιταφίων’;
838 2141 922 2168 Καλοὶ
931 2143 980 2178 μὲν

191 2179 246 2215 γὰρ
259 2181 305 2207 καὶ
320 2181 345 2207 οἱ
356 2181 411 2208 τῶν
426 2183 529 2210 παίδων
542 2184 610 2219 πρὸς
624 2184 669 2210 τὺν
685 2185 815 2220 τύραννον
831 2186 914 2221 λόγοι,
933 2189 979 2214 καὶ

1037 1602 1140 1624 tantum
1157 1598 1296 1632 sapientia:
1313 1598 1450 1632 animique
1467 1597 1659 1632 magnitudinis
1682 1598 1778 1630 inerat,
1795 1602 1824 1625 ut

1035 1648 1060 1670 et
1077 1644 1189 1670 aliorum
1199 1642 1318 1670 omnium
1335 1644 1462 1678 praeclara
1475 1643 1557 1679 290
1567 1643 1685 1671 facinora
1697 1645 1723 1670 in
1740 1652 1822 1671 unum

1034 1690 1123 1718 locum
1144 1690 1250 1724 collata,
1267 1698 1322 1725 pra:
1334 1698 1427 1718 eorutn
1444 1690 1596 1718 constantia
1611 1696 1637 1718 et
1653 1690 1820 1721 fortitudine.

1033 1736 1178 1775 perexigua
1197 1741 1224 1763 et
1250 1737 1353 1763 minuta
1369 1736 1453 1763 videri
1473 1743 1582 1763 necesse
1608 1736 1643 1763 sit
1661 1747 1666 1763 :
1684 1740 1711 1763 et
1721 1743 1822 1780 Irursus

1033 1783 1197 1810 fortitudinis
1210 1786 1290 1816 atque
1309 1782 1469 1809 constantitc
1488 1782 1549 1820 laus_
1566 1789 1648 1816 parva
1665 1781 1753 1808 futura
1775 1781 1819 1812 sit.

1033 1829 1056 1855 si
1072 1835 1131 1855 cum
1155 1827 1364 1862 sapientissimis
1379 1835 1471 1855 eorum
1489 1827 1658 1854 sermonibus
1681 1834 1820 1861 compare-

1034 1878 1099 1900 tur:
1124 1873 1234 1905 adeo.ut
1261 1873 1368 1900 illorum
1393 1873 1527 1911 hacclaus
1550 1873 1659 1912 propria
1678 1873 1723 1905 sit,
1749 1873 1820 1908 quod

1033 1919 1125 1952 iidem,
1139 1923 1166 1946 et
1179 1919 1214 1946 ita
1227 1919 1364 1947 cruciatus
1378 1919 1541 1954 exceperint,
1559 1925 1585 1947 et
1598 1924 1698 1946 tantam
1714 1920 1820 1954 sapien-

1033 1958 1100 1991 tiam
1113 1964 1285 1992 exercueriut
1299 1964 1324 1992 in
1349 1965 1569 1999 responsionibus
1587 1965 1618 1992 ad
1639 1966 1821 1999 persecutoris

1033 2010 1130 2043 minas,
1149 2010 1316 2044 injectosque
1346 2010 1538 2044 suppliciorum
1561 2015 1688 2044 terrores,
1705 2017 1820 2044 quorum

1033 2055 1111 2087 nulli,
1130 2063 1179 2082 nec
1202 2055 1286 2083 fortes
1299 2056 1357 2088 lilii,
1378 2064 1428 2084 nec
1453 2057 1548 2084 iortior
1564 2063 1650 2084 mater
1666 2057 1820 2084 succubuit.

1033 2101 1102 2133 Quin
1117 2101 1207 2135 potius
1220 2102 1277 2136 ipsa
1296 2109 1377 2136 supra
1390 2102 1480 2130 omnia
1500 2109 1559 2130 sese
1575 2102 1721 2136 collocans,
1738 2102 1821 2137 impc-

1034 2150 1145 2181 tumque
1180 2145 1263 2173 animi
1285 2155 1345 2174 cum
1372 2155 1464 2175 amore
1496 2147 1690 2181 commiscens,
1717 2148 1820 2183 pulchri

1032 2191 1170 2225 cujusdam
1201 2192 1322 2220 funebris
1352 2193 1472 2221 tnuneris
1489 2193 1559 2226 loco,
1585 2194 1701 2228 seipsatn
1727 2195 1820 2223 liberis

191 2226 281 2254 καλῶν
297 2227 444 2255 κάλλιστοι·
457 2229 515 2261 πῶς
531 2229 586 2264 γὰρ
600 2229 630 2256 οὗ
641 2239 648 2263 ;
661 2231 720 2266 μεθ’
732 2228 769 2258 ὧν
783 2233 979 2268 παρετάξαντο,

1036 2236 1140 2268 obtulit,
1158 2245 1189 2264 ac
1207 2231 1373 2273 praegressos
1387 2243 1481 2267 secuta
1507 2244 1548 2266 est
1567 2249 1574 2267 :
1593 2240 1673 2274 idque
1702 2248 1818 2274 quonam

190 2272 238 2299 καὶ
261 2270 301 2305 οἷς
330 2274 376 2301 τὸν
399 2275 529 2311 τύραννον
556 2276 651 2303 ἔϐαλον
678 2278 766 2313 (99)·
794 2279 918 2312 καλλίους
950 2281 978 2306 δὲ

225 2375 290 2418 (88).
305 2377 455 2418 Ἀνρκλιιδ
473 2386 519 2418 se;
534 2379 614 2418 Reg"
631 2381 712 2409 Coisl.
729 2381 755 2414 1,
770 2382 816 2411 0r.
835 2383 862 2416 2,
889 2384 984 2418 Pass.,.

188 2410 331 2442 Paru'Jes.
352 2412 382 2439 in
399 2413 460 2440 Par.
481 2415 524 2442 ed.
542 2410 627 2443 deost.

304 2447 510 2486 ’ζ’ῖμιιλάκισςεν.
525 2449 598 2486 Sav.,
615 2451 792 2486 ὲμαλάκισαν.

222 2482 532 2525 (θεηηἈζολμοζέρίξν.
558 2482 649 2525 ,νέω-ξ,
678 2488 863 2524 ἀπαλλοςέραν
892 2489 978 2525 [ιηοιι-
1013 2509 1015 2511 -

187 2516 272 2555 dese).
290 2516 418 2555 Montani,
438 2516 626 2555 ὰνπαλωτέραν.

223 2552 278 2586 (91)
294 2554 355 2580 Οὐκ
370 2552 573 2594 ἀρθρέμϐολιζ
585 2565 594 2580 ι
610 2555 666 2584 Νοη
684 2557 797 2586 fidiculae
812 2568 817 2585 :
830 2559 860 2585 οὐ
875 2561 977 2594 τροχοί,

187 2593 239 2612 non
257 2593 322 2625 rotae
349 2597 356 2615 :
377 2589 406 2614 οὐ
433 2590 625 2625 τροχαντῆρες,
651 2600 703 2618 non
719 2589 906 2621 trochantotes
923 2589 976 2622 ἴου

187 2599 239 2612 null
257 2599 322 2615 rotae
349 2599 356 2615 ι
377 2599 406 2614 ου
433 2599 547 2624 τροχαντ
570 2599 625 2625 ρες,
651 2600 703 2618 non
719 2599 906 2621 trochanlotes
923 2604 930 2622 :
946 2599 976 2621 ου

187 2623 366 2660 καταπέλται,
389 2631 442 2651 nou
465 2599 614 2660 catapeitau.
628 2635 637 2651 ›
669 2627 734 2660 Qua:
748 2629 838 2655 omnia
863 2632 977 2657 textoria

186 2663 375 2685 Instrumenta.

206 2692 278 2732 _(9‘2)
292 2694 421 2734 Αέϐητες
434 2695 558 2734 ζέον-τες.
575 2697 602 2724 In
618 2706 671 2725 ttno
681 2699 753 2731 co:l.,
768 2699 798 2725 οὺ
811 2698 932 2734 λέϐητες,
948 2700 977 2727 οὐ

187 2726 433 2765 ρῇρεςλζὲοντεςξι
447 2739 497 2758 non
519 2726 628 2765 ieinetes,
646 2741 698 2760 non
714 2726 833 2761 furentes
850 2726 952 2762 bestiae.
967 2745 976 2761 ›

188 2762 233 2804 Sic
247 2763 329 2790 etiam
345 2765 499 2804 reddiderat
515 2762 627 2804 Billius,
647 2770 771 2804 quamvis
800 2769 872 2796 nulla
887 2770 922 2797 sit
934 2770 980 2798 be-

186 2799 300 2824 stiarum
317 2799 416 2826 mentio
432 2801 458 2827 in
476 2801 647 2830 Machabaeis.

161 2848 167 2852 -
188 2866 207 2874 .-
223 2832 278 2867 (93)
305 2834 347 2860 Οὐ
367 2833 486 2874 ¹δῆμος,
502 2838 558 2874 ὀὐ
587 2837 752 2874 ιῖορυφόρος
786 2840 977 2874 κατεπείγων.

188 2866 254 2911 μειβ.
316 2877 341 2911 ε³
357 2869 387 2911 (ξ,
402 2866 486 2898 Coiﬁ.
500 2871 528 2902 2,
555 2866 641 2911 (ξι-Οἱ.
659 2866 807 2908 :2,'abj'e(:lo
820 2866 976 2911 δορυφέρος,

187 2903 298 2938 habent,
315 2903 345 2930 οὐ
361 2903 456 2940 δήμιος
472 2907 654 2943 κατεπείγων,
681 2903 694 2933 ἰ
707 2903 760 2936 non
780 2903 876 2944 urgens
891 2903 977 2939 (nitri:

1033 2283 1135 2317 pacto?
1151 2290 1200 2310 sua
1223 2289 1319 2318 sponte
1343 2284 1376 2312 ad
1393 2285 1525 2319 supplicia
1544 2285 1669 2320 gradiens
1685 2294 1692 2312 :
1708 2291 1735 2313 ct
1758 2293 1819 2312 cum

1034 2386 1087 2414 fex.
1102 2397 1109 2413 ι
1130 2386 1187 2414 Non
1204 2387 1284 2415 male.
1316 2398 1325 2414 ι
1337 2387 1498 2415 Carniﬁcum
1511 2398 1521 2415 ι
1546 2388 1617 2422 enim
1636 2393 1695 2415 erat
1712 2396 1819 2423 urgere.

1034 2427 1062 2458 tit
1074 2423 1200 2458 Antiochi
1210 2423 1285 2457 jussa
1299 2423 1509 2457 perﬁcerentur;
1523 2433 1575 2452 non
1588 2429 1662 2451 certe
1673 2425 1729 2458 ipsa
1741 2424 1818 2452 turba

1033 2456 1202 2484 Marltabmos
1218 2456 1338 2491 urgebat.

1069 2491 1124 2527 (94)
1143 2492 1274 2519 Kalend.
1293 2493 1371 2521 Deest
1383 2493 1409 2520 in
1429 2493 1572 2527 plerisque.

1068 2527 1124 2561 (95)
1145 2528 1264 2555 Ἐστιν.·
1287 2528 1367 2556 Deest
1391 2529 1417 2556 in
1438 2536 1483 2556 sex
1499 2528 1576 2564 Reg.,
1588 2529 1670 2557 Coisl.
1683 2529 1710 2562 2,
1725 2528 1770 2557 0r.
1789 2529 1817 2561 2,

1031 2566 1083 2588 etc.

1068 2596 1123 2633 (96)
1143 2597 1240 2632 Ὁμοῦ.
1259 2597 1304 2625 Sic
1317 2606 1363 2625 sex
1382 2599 1460 2633 Reg.,
1478 2598 1567 2632 plures
1586 2598 1674 2632 Colb.,
1688 2598 1770 2627 Coisl.
1789 2599 1818 2632 2,

1032 2630 1122 2668 Oti},
1136 2630 1188 2659 etc.
1205 2633 1232 2668 In
1247 2633 1303 2668 ed.,
1317 2634 1388 2668 ἐμοί.

1069 2667 1125 2701 (97)
1140 2667 1244 2709 Ινζικρᾴ.
1258 2667 1381 2703 Quinque
1396 2669 1462 2709 Heg.
1477 2674 1504 2695 et
1517 2668 1597 2709 Coisl.
1613 2669 1640 2700 2,
1657 2668 1754 2729 pi.er

1069 2702 1124 2729 (98)
1144 2703 1322 2729 λωοησασα.
1346 2703 1373 2729 In
1389 2704 1469 2729 editis
1490 2708 1611 2729 seuuttur
1627 2713 1632 2729 :
1650 2712 1687 2729 ωε
1720 2712 1734 2729 ν
1753 2714 1754 2729 :

1069 2702 1124 2737 198)
1144 2702 1322 2745 ξῐωργὶσασιέ.
1339 2702 1373 2730 ⁷Ιη
1389 2704 1469 2745 editis
1490 2703 1611 2745 sequitur
1627 2713 1632 2730 :
1650 2702 1734 2745 eget:
1752 2702 1820 2745 μηδὲ

1036 2736 1114 2772 σῶμα
1141 2737 1271 2772 ψαύσειεν
1292 2738 1406 2772 ἄναγνον
1425 2738 1506 2772 ἁγνοῦ
1520 2736 1567 2764 καὶ
1590 2736 1713 2773 γενναίου
1727 2736 1821 2772 σώμα-

1034 2780 1094 2804 τος·
1121 2781 1131 2797 ι
1147 2780 1179 2799 ne
1196 2780 1291 2806 purum
1317 2781 1348 2800 ac
1361 2781 1523 2808 generosum
1544 2772 1642 2808 corpus
1662 2772 1695 2800 ab
1711 2774 1817 2807 impuro

1032 2815 1146 2841 corpore
1163 2812 1363 2835 aurectaretur.
1377 2817 1386 2833 ι
1418 2808 1470 2835 Sed
1494 2808 1552 2836 haec
1572 2813 1674 2836 temere
1697 2809 1740 2836 hic
1757 2812 1820 2835 sunt

1031 2848 1132 2869 aSSlllEI.

1066 2878 1122 2912 (99)
1141 2878 1276 2906 Ἒὲιινιον.
1297 2879 1325 2906 in
1337 2878 1507 2914 quibusdam,
1520 2878 1640 2905 ἔϐαλλον.
