2049 3143
245 154 296 184 959

844 149 873 177 5.
891 147 1059 177 GREGONI
1078 145 1251 174 THEOLOGI

1810 144 1864 172 οιο

245 213 303 240 sive
328 211 462 246 Ingentem
491 217 583 237 eorum
607 209 733 243 abyssum
760 215 928 243 ignoremu.
958 207 1028 234 Doce

1083 204 1149 231 κατὰ
1167 203 1213 230 τὸν
1235 203 1311 237 ἅγιον
1335 202 1445 229 Ἡσαΐαν
1473 202 1607 238 (οὐδὲγὰρ
1622 202 1653 228 τὸ
1669 202 1769 237 ἀγαθὸν
1785 203 1864 238 ἄκρι-

245 258 381 293 quomodo
412 261 440 285 et
463 254 659 287 misericordia,
691 259 720 281 ιιι
752 260 794 281 est
818 254 888 289 apud
904 258 1028 280 sanctum

246 305 353 336 Isaiam,
370 303 402 331 ad
420 303 515 329 libram
538 301 705 341 expondatur
717 300 741 316 "
762 299 862 335 (neque
886 299 957 326 enim
986 299 1028 325 in-

247 351 362 378 discreta
378 349 485 376 bonitas
508 352 560 381 est,
587 348 648 374 licet
670 347 704 374 iis
726 346 803 374 aliter
819 346 906 373 visum
919 345 966 376 sit,
981 344 1028 379 qui

247 397 351 431 priores
372 395 398 422 in
420 394 499 421 vinea
513 393 712 425 laborarunt",
729 399 778 419 nec
792 392 818 418 in
835 391 965 418 mercedis
979 398 1029 425 pa—

247 441 358 473 rilitate,
392 440 523 474 imparem
555 439 696 466 laborandi
723 439 856 465 rationem
889 437 1029 464 intellexe-

247 488 317 520 runt)
332 506 339 519 ,
362 491 390 514 et
418 485 554 520 quomodo
574 485 626 518 ira,
646 491 706 519 qu:e
733 483 883 519 appellatur
906 482 976 509 calix
1001 482 1028 508 in

247 542 326 561 mann
350 532 506 564 Domini";
529 536 567 564 et,
585 531 655 558 calix
682 531 770 558 ruina:
793 530 839 564 qui
866 527 1028 559 ebibitur”,

246 580 364 615 peccatis
381 578 555 613 proportione
585 576 759 612 respondeat,
778 575 884 603 tametsi
904 574 1028 602 omnibus

246 626 280 651 de
295 624 398 652 meritze
413 631 499 658 paenae
516 622 658 650 atrocitate
679 621 781 656 aliquid
797 621 931 653 detrahat,
948 624 1029 654 atque

246 671 293 698 ira:
317 676 453 696 meracum
480 668 646 702 benignitate
664 672 811 702 temperet;
830 667 866 694 ita
884 671 911 693 ut
938 673 971 693 ex
986 673 1028 692 se-

246 715 360 742 veritate
382 715 416 741 ad
445 713 582 741 lenitatem
609 717 637 741 et
657 713 769 748 gratiam
789 712 823 739 iis
846 711 965 743 inclinet,
982 711 1028 748 qui

246 766 319 789 metu
334 762 502 792 erudiuntur,
516 766 543 788 et
556 768 589 788 ex
604 767 686 796 parva
700 760 852 788 calamitate
863 758 1028 792 concipiunt,

246 815 277 835 ac
298 815 402 834 morum
425 807 621 834 correctionem
643 805 808 840 parturiunt,
824 803 1029 839 perfectumque

246 853 340 880 salutis
352 853 475 888 spiritum
495 852 656 887 pariunt”:
672 851 764 879 {arcem
785 855 887 883 autem,
903 849 956 877 hoc
975 853 1026 881 est,

1079 259 1138 283 τον,
1164 251 1187 276 εί
1222 249 1269 275 καὶ
1292 249 1349 279 τοῖς
1377 249 1406 274 ἐν
1439 247 1478 283 τῷ
1508 247 1648 283 ἀμπελῶνι
1673 247 1864 284 προκεκμηκό-

1080 304 1126 326 σιν,
1142 295 1225 328 ἔδοξε,
1251 295 1287 330 μὴ
1320 293 1496 328 συνιεῖσιμό)
1522 293 1552 319 τὸ
1575 294 1602 319 ἐν
1628 294 1660 329 τῇ
1687 294 1787 329 ἰσότητι
1817 295 1864 321 ἄν-

1080 341 1168 376 ισον),
1204 341 1251 367 καὶ
1278 341 1295 375 ἡ
1326 339 1394 374 ὀργὴ
1419 338 1489 366 κατὰ
1516 338 1594 372 λόγον
1621 339 1675 365 τῶν
1699 339 1866 374 ἁμαρτημά-

1078 396 1142 418 των,
1168 387 1297 422 ποτήριον
1320 386 1349 412 ἐν
1369 385 1441 420 χειρὶ
1467 385 1569 421 Κυρίου
1597 385 1864 421 προσαγορευομένη.

1079 433 1126 459 καὶ
1134 433 1211 459 κόνδυ
1218 431 1346 462 πτώσεως
1354 431 1409 466 (16)
1419 431 1606 466 ἐκτεινόμενον.
1615 432 1639 457 εἰ
1647 431 1694 458 καὶ
1701 433 1782 458 πᾶσιν
1789 431 1866 466 ὑφαι-

1080 478 1167 514 ρεῖταί
1182 486 1208 504 τι
1219 478 1267 513 τῆς
1278 477 1366 509 ἀξίας,
1380 476 1425 502 κα)¹
1435 476 1465 502 τὸ
1479 476 1528 510 τῆς
1544 476 1628 512 ὀργῆς
1639 477 1756 512 ἄκρατον
1771 477 1866 511 φιλαν-

1080 524 1188 560 θρωπίᾳ
1210 523 1344 559 κίρνησιψ
1361 523 1460 549 κλίνων
1475 523 1524 558 μὲν
1540 523 1572 549 ὲκ
1587 523 1634 549 τοῦ
1653 523 1708 559 (17)
1725 523 1864 558 ἀποτόμου

1079 571 1147 606 πρὸς
1158 570 1188 596 τὸ
1195 570 1281 596 ὲνδόσι
1285 578 1333 605 μον
1344 570 1400 600 τοῖς
1408 569 1705 605 φόὸῳπαιδευομένοις,
1716 570 1825 601 καὶτοῖς
1833 570 1866 596 ἐκ

1079 617 1128 652 τῆς
1138 616 1238 652 μικρᾶς
1253 615 1367 650 illiti/sto;
1378 615 1433 650 (18)
1441 615 1656 650 συλλαμϐάνουσι
1670 616 1717 642 καὶ.
1727 615 1866 641 ὠδίνουσιν

1080 661 1257 697 ἐπιστροφὴν,
1272 662 1319 688 καὶ
1334 661 1442 696 πνεῦμα
1454 661 1590 696 σωτηρίας
1600 661 1701 688 τέλειον
1710 661 1867 688 ἀποτίκτου-

1081 716 1133 734 σιν·
1151 706 1294 742 ὑποτηρῶν
1312 707 1340 733 δὲ
1356 707 1430 742 ὅμως
1448 708 1573 743 τρυγίαν,
1586 707 1616 733 τὸ
1632 709 1681 743 τῆς
1691 707 1774 743 ὀργῆς
1785 707 1866 742 ἐσχα-

1079 762 1134 785 τον,
1155 753 1188 779 ἵν’
1205 753 1264 780 ὅλον
1278 753 1384 789 κενώσῃ
1397 754 1453 784 τοῖς
1471 753 1507 788 μὴ
1527 752 1753 788 θεραπευομένοις
1767 753 1799 778 ὲκ
1815 752 1866 787 τῆς

1079 799 1270 835 χρηστότητος,
1286 798 1353 824 ἀλλὰ
1368 799 1415 824 καὶ
1430 798 1484 833 (19)
1494 798 1720 834 σκληρυνομὲνοις
1738 797 1808 824 κατὰ
1820 797 1866 824 τὸν

1081 845 1260 881 βαρυκάρδιον
1274 844 1382 879 Φαραὼ,
1395 845 1442 871 καὶ
1455 844 1550 880 πικρὸν
1559 844 1759 880 ἐργοὸότην,εἰς
1769 843 1867 877 δεῖγμα

247 899 272 925 id
286 899 357 933 quod
375 899 401 925 in
417 898 458 925 ira
475 903 627 925 extremum
650 902 701 930 est,
717 901 850 929 asservet,
867 899 896 923 ut
911 903 970 923 eam
988 899 1027 922 to-

1083 891 1261 927 παμιευθέντα
1268 891 1317 925 τῆς
1327 890 1374 917 τοῦ
1384 890 1451 917 Θεοῦ
1460 890 1530 917 κατά
1537 890 1591 917 τῶν
1600 890 1704 917 ἀσεϐῶν
1712 889 1864 923 δυνάμεως.

247 949 301 972 tam
328 946 354 972 in
380 945 440 972 illos
463 944 593 977 eﬂ‘undat,
616 945 662 979 qui
689 944 856 979 benignitate
883 948 966 978 atque
991 941 1134 970 clementia
1166 939 1277 967 minime
1308 943 1462 971 sanantur,
1492 939 1546 966 imo
1569 939 1651 966 etiam
1686 937 1864 970 obdurantur,

246 989 470 1025 quemadmodum
495 989 540 1016 ille
568 990 657 1017 cordis
683 989 781 1017 duritia
812 988 938 1016 laborans
968 987 1103 1018 Pbarao',
1117 990 1145 1013 et
1165 986 1192 1013 in
1212 983 1340 1020 operibus
1374 983 1524 1012 indicendis
1547 984 1660 1011 acerbus
1672 984 1693 1017 ',
1728 983 1762 1010 ad
1795 982 1866 1010 divi-

246 1045 288 1066 nae
310 1037 438 1064 adversus
460 1035 556 1070 impios
581 1035 708 1069 potentiae
729 1036 864 1070 specimen
888 1036 1020 1063 edendum
1032 1038 1186 1062 reservatus
1196 1033 1219 1063 '.

282 1084 315 1111 V.
343 1083 472 1117 Expone,
498 1080 568 1108 unde
602 1080 755 1115 huiusmodi
779 1082 863 1116 plagre
888 1086 916 1109 et
945 1081 1028 1116 ﬂagra

247 1129 381 1159 oriantur,
404 1131 432 1153 et
459 1133 519 1161 quae
538 1126 580 1153 sit
601 1132 695 1153 eorum
709 1126 796 1154 ratio?
816 1126 911 1154 Utrum
927 1126 1014 1154 inordi

246 1179 327 1203 natus
344 1173 453 1208 quidam
469 1180 500 1200 ac
515 1177 693 1207 praeposterus
709 1176 736 1200 et
749 1173 953 1207 gubernationis
971 1180 1030 1200 om-

248 1220 290 1248 nis
308 1226 405 1253 expers
421 1218 605 1245 universitatis
621 1223 719 1250 motus,
736 1226 768 1246 ac
791 1226 863 1246 caeca
881 1219 1028 1251 temeritas,

249 1270 375 1300 tanquam
392 1263 516 1291 videlicet
531 1271 610 1290 nemo
623 1264 660 1290 sit
681 1264 729 1298 qui
746 1263 828 1291 rebus
856 1264 1030 1291 moderandis

249 1311 349 1346 praesit,
369 1315 398 1338 et
414 1310 628 1345 denique-casus
649 1310 706 1338 haec
727 1309 809 1342 ferat,
824 1314 852 1337 ut
868 1310 957 1345 placet
982 1310 1031 1337 ho-

248 1356 366 1383 minibus
388 1355 470 1382 stulte
495 1354 673 1389 sapientibus,
690 1358 717 1380 et
739 1353 782 1385 iis,
805 1354 880 1388 quia
897 1353 1031 1388 praecipiti

249 1405 276 1429 et
298 1401 440 1429 tenebroso
468 1399 564 1434 spiritu
588 1404 690 1427 temere
713 1398 852 1432 feruntur;
877 1406 911 1426 an
942 1399 1032 1434 potius

249 1447 374 1474 universa
390 1447 448 1473 haec
463 1453 554 1472 rerum
579 1445 673 1477 moles,
683 1449 714 1472 ut
731 1445 836 1472 ratione
854 1450 936 1480 atque
955 1445 1031 1484 ordi-

250 1500 284 1521 ne
297 1494 413 1527 pritnum
430 1497 532 1524 creata,
554 1497 635 1525 atque
652 1492 785 1519 concinne
799 1495 826 1518 et
841 1496 937 1519 ornate
961 1495 1030 1518 tem-

1115 1078 1153 1105 E'.
1169 1079 1247 1111 Εἰπὲ,
1269 1079 1350 1105 πόθεν
1363 1078 1391 1104 αἱ
1409 1076 1530 1104 τοιαῦται
1541 1076 1643 1112 πληγαὶ
1658 1076 1705 1103 καὶ
1721 1077 1866 1112 μάστιγες

1080 1127 1127 1154 καὶ
1139 1127 1180 1158 τίς
1196 1127 1209 1152 ὁ
1222 1126 1286 1160 περὶ
1299 1125 1387 1152 ταῦτα
1401 1125 1494 1159 λόγος;
1509 1124 1627 1159 Πότερον
1639 1123 1744 1159 κίνησίς
1759 1132 1802 1156 τις
1818 1123 1867 1150 τοῦ

1081 1172 1181 1204 παντὸς
1192 1173 1317 1204 ἄτακτος,
1326 1172 1373 1198 καὶ
1383 1170 1533 1206 ἀνώμαλος,
1547 1170 1594 1196 καὶ
1605 1169 1786 1206 ἀκυΰέρνητος
1797 1169 1868 1204 φορά

1081 1228 1111 1246 τε
1128 1219 1175 1246 καὶ
1191 1218 1297 1253 ἀλογία,
1313 1218 1350 1250 ὼς
1365 1217 1471 1249 οὐδενὸς
1486 1218 1543 1249 τοῖς
1562 1215 1637 1244 οὖσιν
1648 1215 1866 1248 ἐπιστατοῦντος,

1083 1264 1129 1292 καὶ
1143 1264 1174 1291 τὸ
1187 1264 1339 1299 αὐτόματον
1353 1263 1439 1290 ταῦτα
1455 1263 1542 1298 φέρει,
1558 1262 1596 1294 ὡς
1606 1262 1678 1289 δοκεῖ
1692 1263 1747 1293 τοῖς
1759 1261 1868 1296 ἀσόφως

1084 1312 1186 1346 σοφοῖς,
1204 1311 1252 1337 καὶ
1276 1312 1332 1341 τοῖς
1354 1310 1414 1344 είκῆ
1434 1305 1594 1345 φερομένοις
1619 1308 1670 1335 ὑπὸ
1682 1308 1729 1334 τοῦ
1750 1308 1867 1335 ἀτάκτου

1083 1357 1130 1384 καὶ
1159 1356 1295 1383 σκοτεινοῦ
1319 1355 1484 1390 πνεύματος·
1509 1355 1525 1390 ἢ
1552 1354 1624 1390 λόγῳ
1640 1355 1693 1381 τινὶ
1708 1354 1754 1381 καὶ
1779 1353 1866 1385 τάξει,

1083 1401 1176 1437 ὥσπερ
1189 1401 1291 1436 ὑπέστη
1305 1400 1336 1427 τὸ
1350 1401 1404 1427 πᾶν
1413 1401 1460 1426 ἀπ’
1470 1399 1567 1435 ἀρχῆς,
1576 1400 1624 1425 καὶ
1634 1399 1736 1435 ἐκράθη
1747 1399 1812 1434 (ΞΟ),
1821 1399 1868 1425 καὶ

1085 1446 1222 1481 συνεδέθη,
1237 1446 1283 1472 καὶ
1309 1445 1421 1481 ἐκινήθη
1442 1445 1572 1480 κοσμίως,
1587 1444 1625 1476 ὡς
1643 1445 1715 1480 μόνῳ
1734 1444 1771 1480 τῷ
1790 1445 1868 1479 κινή-

1083 1500 1160 1519 σαντι
1175 1491 1324 1527 γνώριμον,
1339 1491 1410 1518 οὕτω
1422 1491 1470 1517 καὶ
1484 1492 1668 1526 μετακινεῇαι
1691 1491 1738 1518 καὶ
1760 1490 1870 1526 μετατί-

249 1543 354 1574 perata,
369 1542 397 1565 et
409 1538 544 1572 colligata,
564 1524 675 1564 etimota
693 1542 745 1569 est,
762 1537 838 1564 velut
851 1537 874 1564 is
886 1537 961 1564 solus
981 1544 1030 1565 no-

1087 1537 1162 1564 θεται
1173 1524 1305 1572 Προνοίας
1314 1536 1431 1572 χαλινοῖς
1442 1524 1538 1571 ὸδτίγού
1543 1544 1638 1572 μενον;
1648 1536 1733 1563 Πόθεν
1745 1524 1868 1572 ἀφορίαι,

250 1585 298 1617 vit,
321 1578 374 1618 qui
401 1588 502 1610 motum
531 1582 630 1614 attulit,
661 1583 702 1609 slc
731 1583 824 1615 etiam,
848 1582 1032 1610 ‘Providcntize

250 1630 327 1658 freno
351 1638 410 1658 eain
432 1630 558 1662 ducente,
573 1629 600 1656 in
617 1629 754 1656 diversum
769 1633 920 1662 moveatur,
936 1633 962 1655 et
975 1628 1032 1656 col-

250 1675 370 1703 locetur?
387 1675 464 1703 Unde
488 1675 657 1707 sterilitates,
673 1679 700 1702 et
721 1682 736 1701 a
750 1675 838 1702 ventis
862 1675 975 1702 invecta:
992 1674 1031 1702 la-

249 1722 308 1754 bes,
325 1725 353 1748 et
371 1720 525 1756 grandines,
542 1727 664 1755 praesens
686 1725 778 1747 nostra
797 1720 874 1756 plaga
890 1724 918 1747 et
935 1720 1030 1747 admo-

250 1766 333 1803 nitio?
344 1766 419 1794 Unde
429 1766 500 1794 aeris
513 1767 709 1801 corruptiones,
721 1771 748 1794 et
760 1765 857 1798 morbi,
875 1770 903 1793 et
913 1771 1032 1793 aestuan-

249 1813 285 1840 tis
303 1818 381 1841 terrae
397 1817 495 1845 motus,
512 1817 540 1839 et
556 1812 639 1840 maris
656 1819 716 1840 sese
739 1812 766 1839 in
785 1811 867 1839 altum
883 1811 1032 1839 attollentis

251 1859 416 1893 impetus,-et
430 1857 537 1886 ctelitus
551 1858 604 1885 orti
624 1857 759 1885 terrores?
774 1857 806 1884 Et
819 1864 937 1892 quonam
954 1861 1033 1892 pacto

249 1908 391 1935 creatura,
421 1904 455 1930 ad
483 1903 623 1930 hominum
649 1910 725 1930 usum
751 1907 780 1931 et
811 1903 1031 1931 commoditatem

250 1947 355 1979 effecta,
375 1955 542 1980 communes,
569 1947 690 1982 inquam,
717 1952 745 1974 et
771 1947 887 1982 aequales
917 1947 1031 1978 delicizc,

250 1992 283 2019 ad
297 1992 441 2027 impiorum
463 1999 569 2027 penam
587 1993 755 2027 immutetur,
775 1999 815 2026 ut,
837 1995 935 2029 quibus
951 1994 1032 2029 303

250 2038 339 2066 ornati
360 2038 461 2074 gratias
484 2046 538 2067 non
566 2039 680 2074 egimus,
707 2040 740 2067 iis
764 2040 845 2068 etiam
865 2041 1031 2072 erndiamur,

251 2089 331 2119 atque
349 2093 383 2112 ex
403 2085 444 2112 his
476 2093 535 2120 quae
565 2086 697 2120 patimur,
723 2087 872 2120 potentiam
902 2094 1033 2121 agnosca-

251 2138 331 2163 mus,
359 2131 574 2165 quandoqnidem
603 2139 635 2158 ex
664 2132 782 2166 acceptis
811 2132 949 2160 beneﬁciis
972 2139 1032 2159 eam

250 2177 457 2210 haudquaquam
479 2176 654 2209 agnovimus?
668 2176 789 2209 Quonam
819 2178 896 2204 modo
924 2178 985 2205 aliis
1000 2178 1033 2205 de

1086 1584 1132 1611 καὶ
1148 1583 1351 1619 ἀνεμοφθορξαι,
1363 1584 1410 1610 καὶ
1419 1583 1544 1619 χάλαζαι,
1559 1585 1576 1619 ἡ
1588 1585 1635 1610 νῦν
1647 1584 1766 1619 ἡμετέρα
1777 1584 1868 1620 πληγὴ

1085 1630 1132 1656 καὶ
1148 1629 1288 1662 νουθεσία;
1313 1629 1397 1656 Πόθεν
1413 1629 1501 1665 ἀέρων
1519 1629 1628 1666 φθοραὶ,
1655 1630 1702 1656 καὶ
1715 1630 1797 1662 νόσοι,
1822 1631 1870 1657 καὶ

1086 1675 1203 1711 βρασμοὶ
1215 1676 1276 1711 γῆς,
1288 1675 1335 1702 καὶ
1354 1675 1489 1710 θαλάσσης
1501 1676 1706 1708 ἐπαναστάσεις,
1723 1676 1770 1702 καλ⁸
1792 1676 1825 1702 τὰ
1840 1675 1869 1709 ἐξ

1085 1721 1200 1758 οὐρανοῦ
1220 1722 1336 1757 δείματα
1364 1721 1437 1757 (21);
1462 1722 1517 1749 Καὶ
1535 1721 1594 1753 πῶς
1619 1722 1635 1756 ὴ
1660 1723 1699 1753 είς
1720 1721 1869 1748 ἀπόλαυσιν

1084 1767 1235 1804 ἀνθρώπων
1257 1768 1490 1804 δημιουργηθεῖσα
1511 1769 1608 1801 κτίσις,
1628 1769 1659 1795 τὸ
1675 1769 1763 1796 κοινὸν
1777 1770 1869 1806 ὲντρὺ-

1086 1823 1164 1850 φημα
1175 1814 1230 1850 (92)
1242 1815 1289 1841 καὶ
1303 1815 1432 1850 ἰσότιμον,
1447 1815 1488 1847 είς
1503 1814 1553 1850 τὴν
1569 1815 1624 1841 τῶν
1640 1815 1746 1842 ἀσεϐῶν
1760 1815 1870 1843 κόλασιν

1088 1859 1292 1894 μεταϐάλλεται,
1303 1857 1382 1891 ῖνόἷς
1390 1859 1550 1895 τιμηθέντες
1561 1860 1610 1886 οὐκ
1620 1860 1868 1895 ηὑχαριστήσαμεν,

1085 1904 1188 1936 τούτοις
1200 1905 1247 1932 καὶ
1260 1905 1458 1940 παιδευθῶμεν,
1472 1905 1519 1932 καὶ
1533 1905 1640 1940 γνῶμεν
1656 1906 1705 1941 τὴν
1712 1905 1826 1940 δῦναμιν
1837 1905 1867 1939 ἐξ

1085 1948 1123 1978 ὧν
1145 1951 1296 1986 πάσχομεν,
1318 1951 1412 1986 ἐπειδὴ
1427 1950 1464 1986 μὴ
1479 1950 1603 1986 ἔγνωμεν
1615 1950 1669 1987 (25)
1684 1950 1713 1983 ἐξ
1728 1947 1766 1977 ὧν
1777 1949 1806 1978 εὖ
1824 1959 1869 1977 πε-

1086 1996 1222 2032 πόνθαμεν
1232 2004 1239 2028 ;
1251 1996 1313 2027 Πῶς
1326 1997 1382 2027 τοῖς
1398 1996 1446 2031 μὲν
1457 1996 1511 2030 (24)
1520 1996 1552 2022 ἐκ
1565 1995 1657 2031 χειρὸς
1675 1995 1776 2030 Κυρίου
1789 1996 1870 2023 διπλᾶ

1086 2042 1120 2068 τὰ
1135 2042 1323 2077 ἁμαρτήματα
1337 2040 1392 2077 (25)
1409 2041 1520 2071 δίδοται,
1542 2041 1589 2067 καὶ
1608 2041 1810 2077 ἀναπληροῦται
1838 2042 1869 2068 τὸ

1086 2087 1135 2122 τῆς
1152 2086 1248 2118 κακίας
1261 2087 1358 2121 μέτρον
1384 2087 1417 2121 τῇ
1443 2086 1570 2121 διπλασία
1591 2086 1658 2121 (⁵26),
1675 2086 1734 2113 καθ’
1744 2087 1779 2122 ἣν
1794 2087 1841 2114 καὶ
1855 2088 1870 2114 6

1093 2132 1199 2168 Ἰσραὴλ
1215 2130 1420 2168 σωφρονίξεταυ
1436 2133 1493 2163 τοῖς
1508 2132 1547 2162 δὲ,
1561 2131 1605 2158 διὰ
1619 2132 1668 2167 τῆς
1683 2132 1869 2164 ἐπταπλασίας

1086 2179 1127 2210 εἰς
1137 2179 1182 2205 τὺν
1197 2178 1297 2205 κόλπον
1310 2178 1515 2213 ἀποδιδομένης.
1529 2177 1652 2204 κενοῠται
1662 2177 1696 2204 τὰ
1710 2178 1868 2213 ἁμαρτήμαη

252 2229 332 2247 manu
346 2221 449 2247 Domini
465 2220 579 2254 duplicia
595 2226 705 2255 peccata
723 2222 909 2254 tribuuntur‘,
925 2230 957 2250 ac
973 2223 1030 2250 vitii

1086 2233 1136 2256 τα;
1151 2224 1206 2250 Καὶ
1222 2223 1286 2250 τίτδ
1299 2224 1352 2250 τῶν
1379 2223 1548 2258 Ἀμορραίων
1564 2223 1663 2258 μέτρον
1681 2222 1757 2250 οὔπω
1766 2223 1869 2258 πεπλη-

252 2273 377 2292 mensura
407 2274 454 2300 per
477 2266 587 2300 duplum
612 2266 749 2301 impletur,
773 2269 922 2295 secundum
948 2276 1030 2303 quam

305 2335 328 2351 "
342 2334 392 2361 lsa.
409 2342 506 2365 xxvm,
523 2334 567 2363 17.
622 2336 645 2352 ⁸⁸
662 2335 756 2363 Matth.
776 2345 819 2369 xx,
844 2336 888 2364 12.

947 2338 969 2354 ’⁷
992 2337 1063 2365 Psal.
1091 2347 1183 2372 Lxxtv,
1200 2339 1226 2367 9.

1089 2270 1226 2306 ρωμένον;
1243 2270 1299 2297 Καὶ
1315 2269 1372 2302 πῶς
1386 2270 1400 2295 ὸ
1414 2269 1574 2305 ἁμαρτωλὸς
1587 2269 1604 2304 ἢ
1617 2269 1735 2304 ἀφίεται,
1759 2269 1776 2305 ἢ
1788 2269 1868 2296 κολάε

1280 2340 1303 2355 ’³
1314 2338 1417 2366 'Ezecb.
1435 2346 1513 2370 mn,
1531 2337 1576 2365 55.
1623 2338 1648 2354 ”
1663 2337 1715 2365 lsa.
1733 2345 1808 2371 xxvi,
1825 2338 1869 2366 18.

253 2370 262 2385 ¹
276 2369 358 2396 Exod.
376 2376 401 2402 ν,
421 2370 454 2402 6;
472 2377 519 2400 vn,
534 2369 579 2397 ‘22.
619 2372 628 2387 '
642 2371 725 2398 Exod.
739 2379 759 2403 ι,
774 2372 802 2399 9.
841 2371 851 2387 ³
866 2373 944 2401 Rom.
962 2381 999 2402 tx.
1019 2374 1030 2399 l

1100 2374 1110 2389 ‘
1125 2369 1182 2402 lsa;
1195 2383 1240 2407 XL,
1258 2374 1286 2401 2.

300 2473 343 2508 15)
363 2472 412 2506 Μὴ
444 2473 584 2505 συνιεῖσι,
610 2477 662 2500 etc.
692 2472 738 2500 Sic
765 2473 874 2507 exponit
901 2472 1031 2500 Nicetas:

256 2517 266 2533 ‹
291 2497 348 2534 Etsi
363 2497 492 2542 attnuit
507 2497 661 2548 nigram;
681 2497 1032 2548 ρΒζιι-ἑιῖιὶζᾟνῑῖἦίῖ’ξιξ

253 2550 371 2576 διψιιιῐε,
382 2551 433 2569 non
448 2549 534 2569 tamen
545 2543 664 2576 iniquum
674 2547 747 2575 erat;
757 2547 953 2575 postretnorunt
960 2543 1032 2570 enim

253 2578 377 2604 voluntas
394 2578 430 2612 id.
443 2579 512 2612 quod
526 2577 611 2604 labori
627 2578 730 2609 deerat,
748 2577 890 2612 supplevit.
907 2587 916 2604 ι

289 2612 344 2648 (l6)
360 2611 512 2648 Πτώσὲῳς.
523 2612 618 2648 70r.72,
627 2612 745 2648 πόσεως.

289 2647 345 2681 (ιτ)
371 2647 420 2674 Ἐκ
437 2647 499 2674 τοῦ.
514 2647 561 2675 0r.
575 2647 602 2679 2,
621 2647 674 2673 ἀπὸ
689 2647 745 2673 τοῦ.

289 2683 344 2717 (l8)
363 2681 474 2716 Μικρᾶς
500 2683 654 2718 θλίψεως-ξ
668 2682 749 2709 Consi.
766 2682 794 2718 ί,
822 2682 939 2718 μακρᾶς.
954 2691 964 2708 ‹
977 2681 1036 2708 diu-

255 2717 529 2777 :‘urnarclalatnitale.’
544 2718 625 2744 Coisl.
641 2716 669 2749 2,
687 2717 787 2752 μικρᾶς
805 2716 932 2749 πίστεως,
957 2725 966 2743 ι
978 2724 1036 2744 tuo-

273 2758 314 2777 ica
340 2759 392 2777 tte.
406 2761 414 2776 ι

273 2758 314 2777 ica
332 2758 392 2777 nne.
406 2761 414 2776 ι

289 2785 344 2822 (l9)
363 2787 427 2822 Kal.
445 2786 525 2822 Deest
541 2787 566 2813 in
579 2786 645 2822 Reg.
658 2793 685 2815 a.

256 2819 511 2881 “Larissam”.
539 2823 584 2850 Sic
611 2819 694 2857 liegg.
721 2822 775 2854 bm,
794 2822 841 2856 ph,
867 2826 926 2858 etc.
945 2821 973 2850 In
991 2822 1034 2851 ed.

272 2861 370 2889 κρατη.
383 2887 391 2900 ‘

1112 2474 1322 2514 _(‘2!)_A£!pf_l1fg.
1346 2476 1392 2514 Sic
1403 2476 1487 2514 Βιζεᾶ
1502 2476 1557 2514 bm,
1574 2476 1632 2510 ph.,
1647 2474 1693 2502 0r.
1710 2474 1737 2506 2,
1750 2479 1803 2514 etc.
1821 2474 1868 2503 Sic

1081 2509 1162 2546 etiam
1179 2509 1242 2546 legit
1254 2510 1355 2538 Blllllls.
1369 2510 1396 2537 In
1412 2509 1612 2546 edfoelywra,
1633 2519 1642 2535 ε
1653 2510 1785 2546 exempla.
1801 2519 1810 2546 ε

1118 2542 1173 2581 (22)
1193 2544 1390 2581 Ἐπί-τρύφημα.
1407 2546 1452 2574 Sic
1466 2542 1550 2581 Regi.
1567 2546 1623 2578 bm,
1639 2546 1685 2579 ph,
1699 2542 1747 2572 0r.
1762 2544 1789 2577 2,
1800 2544 1863 2572 Par.

1082 2578 1110 2605 1η
1124 2579 1183 2615 92':-
1197 2578 1371 2615 ἐντρύφημα-

1190 2612 1347 2651 "Emme.
1364 2615 1479 2651 lilontac.
1505 2615 1674 2651 ἐγνώκαμεν.

1120 2648 1177 2687 (24)
1200 2648 1263 2687 Τοῖς
1277 2649 1405 2687 μίξιν-κείς
1417 2650 1507 2685 plures
1525 2648 1620 2687 ωδε-ξ
1636 2651 1717 2680 Cois].
1737 2651 1750 2678 ι
1776 2651 1823 2678 0r.
1839 2650 1867 2682 2,

1084 2682 1146 2710 Par.
1167 2682 1193 2709 lu
1207 2684 1261 2713 ed.,
1276 2682 1330 2715 τοῖς
1344 2684 1387 2711 ἄν.

1085 2753 1092 2758 _
1105 2717 1175 2758 _(25)
1189 2717 1334 2758 Mauri-rd
1347 2719 1549 2758 ἁμαρτήματα.
1567 2730 1576 2746 ε
1589 2720 1708 2755 Duplicia
1725 2725 1843 2757 peccata,
1857 2730 1868 2746 ι

1085 2753 1112 2780 id
1125 2758 1177 2789 est,
1198 2761 1207 2789 ᾳ
1221 2753 1340 2786 duplices
1358 2753 1411 2788 pro
1421 2753 1539 2789 peccatis
1552 2753 1655 2789 pter-as.
1670 2765 1678 2781 ι

1121 2786 1175 2822 (26)
1189 2787 1346 2827 Διπλασίᾳ.
1358 2786 1452 2827 Ililliits
1465 2799 1472 2827 ς
1491 2799 1500 2815 ι
1515 2786 1562 2827 per
1576 2790 1794 2827 duplicitatem.)
1813 2791 1869 2818 Vox

1086 2822 1130 2850 hic
1153 2822 1299 2859 aequivoca,
1334 2824 1395 2859 quia
1419 2822 1546 2852 διπλασία
1567 2822 1639 2854 aliud
1668 2830 1748 2854 sonat
1774 2825 1871 2854 Latine

1086 2864 1166 2890 quam
1179 2856 1282 2885 Griece.
