2049 3143
172 156 221 183 9H

633 152 760 180 ORATIO
780 153 850 179 XVI.
870 168 904 172 —
923 151 955 178 IN
975 150 1116 179 PATREM
1136 147 1332 178 TACENTEM.

1741 143 1794 172 9H

169 212 245 245 ζεται
268 211 358 238 πάλιν·
379 210 409 237 τδ
424 210 482 245 μὲν,
507 209 610 236 ἐκεῖθεν
627 210 707 244 τυχὸν
722 209 900 244 τηρούμενος,
929 208 959 234 τὸ

1017 208 1091 235 etiam
1109 206 1192 235 Israel
1210 205 1375 240 castigatur;
1390 203 1450 230 aliis
1465 209 1558 229 rursus
1573 208 1621 236 per
1640 200 1793 235 septuplum

169 259 208 289 δὲ,
222 257 346 284 ἐντεῦθεν
365 256 572 292 ἱατρευόμενοςς
586 256 641 282 Καὶ
654 255 711 287 πῶς
723 257 736 281 ό
747 255 862 286 δίκαιος,
880 254 896 290 ἢ
910 263 961 280 κα-

170 304 286 331 κοπαθεῖ
301 302 498 338 πειραζόμενος
518 301 622 336 ἴσως,ἣ
641 301 755 328 εὐπαθεῖ
773 301 959 336 συντηρούμε-

169 357 224 380 νος,
239 346 355 384 ἄνπερῇ
373 347 479 382 πτωχὸς
505 347 554 383 τὴν
567 347 696 379 διάνοιαν,
723 347 769 374 καὶ
793 347 830 382 μὴ
858 347 961 382 σφόδρα

170 393 299 428 ὑπεράνω
322 393 378 428 (27)
405 392 459 419 τῶν
475 392 634 428 ὁρωμένων,
660 392 707 418 καὶ
729 393 767 424 ὡς
793 392 824 418 τὸ
843 392 961 423 συνειδὸς

170 438 289 464 διδάσκει
315 438 419 465 τούτων
446 438 588 472 ἑκάτερον,
614 437 645 464 τὸ
666 438 765 464 οἰκεῖον
776 438 824 464 καὶ
846 437 961 472 ἀψευδὲς

171 484 328 519 κριτήριον;
346 484 393 515 Τίς
409 485 426 519 ἡ
442 483 543 519 πληγὴ,
556 484 602 510 καὶ
620 483 717 515 πόθεν;
732 483 849 518 Πότερον
861 483 960 518 ἀρετῆς

172 530 292 566 ἔλεγχος,
310 531 325 566 ἢ
336 531 435 561 κακίας
446 530 570 565 βάσανος,
584 530 632 556 καὶ
646 531 686 556 ὅτι
698 531 821 565 κρεῖττον
833 529 871 560 ὡς
883 529 961 555 κολά-

173 585 215 603 σει
233 577 418 611 κάμπτεσθαι,
436 577 488 603 κᾶν
506 576 542 612 μὴ
570 576 657 607 οὕτως
681 576 741 611 ἔχῃ,
769 575 816 602 καὶ
835 575 887 602 ὑπὸ
912 575 961 610 τὴν

172 623 305 658 κραταιὰν
315 622 362 649 τοῦ
382 622 448 649 Θεοῦ
460 624 539 657 χεῖρα
550 622 751 653 ταπεινοῦσθαι,
769 622 785 657 ἢ
800 622 838 653 ὡς
849 622 962 657 δοκιμα-

174 669 219 704 σίᾳ
241 667 468 704 μετεωρίζεσθαι.
496 667 587 694 Ταῦτα
601 667 706 700 δίδαξον
725 667 771 694 καὶ
790 667 960 702 νουθέτησον,

177 714 214 749 μὴ
236 713 378 748 σφόδρατῇ
392 712 517 748 παρούσῃ
534 712 625 748 πληγῇ
642 712 786 748 δυσφορεῖν
799 713 872 747 ἡμᾶς
893 712 959 746 (28),

175 759 192 794 ἢ
215 760 254 790 εἰς
279 758 371 785 κακῶν
397 758 477 794 βάθος
505 759 675 794 ἐμπεσόντας
700 758 756 794 (29)
782 759 961 793 καταφρονεῖν

176 805 243 835 (ἔστι
253 805 340 840 γάρτι
353 805 400 831 καὶ
411 804 516 830 τοιοῦτο
531 805 586 838 (50)
598 804 712 840 πάθημα
721 805 749 830 ὲν
762 806 816 836 τοῖς
832 804 959 839 πολλοῖς),

174 850 243 877 ἀλλὰ
260 850 405 885 σωφρόνως
429 849 501 885 ἔχειν
530 850 598 885 πρὸς
618 850 668 885 τὴν
693 849 843 882 νουθεσίαν,
861 850 908 876 καὶ
923 850 960 885 μὴ

175 895 224 931 τὴν
238 895 322 930 μείζω
343 894 546 930 προκαλεῖσθαι,
570 894 613 922 διὰ
624 895 674 930 τῆς
691 895 758 930 πρὸς
772 895 872 930 ταύτην
885 895 961 922 ἀναι-

176 941 289 977 σθησίας
303 941 369 976 (5|).

1014 254 1039 281 in
1052 254 1112 280 sinu
1136 252 1268 279 redditum
1283 254 1393 285 peccata
1414 246 1651 275 exhauriuntur”
1665 245 1794 279 Quaenam

1011 299 1230 326 Amorrlimorum
1254 302 1379 323 mensura
1395 294 1513 322 nomlum
1534 291 1667 320 cumulata
1678 292 1709 319 ‘?
1722 291 1797 325 Quo-

1012 354 1072 373 nam
1100 349 1178 379 pacto
1206 349 1341 378 peccator,
1372 346 1419 368 aut
1446 339 1603 371 dimittitur,
1618 343 1664 365 aut
1686 345 1794 365 rursum

1011 391 1143 425 supplicio
1161 389 1290 421 afﬁcitur;
1305 388 1380 420 illud,
1397 386 1459 421 quia
1478 386 1595 412 fortasse
1623 384 1656 411 ad
1681 384 1794 411 alteram

1011 437 1093 464 vitam
1117 440 1281 466 reservatur,
1297 435 1359 465 hoc,
1379 438 1408 460 ut
1425 440 1455 460 ea
1477 432 1580 458 ratione
1599 431 1632 457 ad
1652 430 1794 458 sanitatem

1012 482 1170 509 revocetur?
1203 480 1325 513 Quonam
1357 479 1421 505 item
1450 482 1528 511 pacto
1555 478 1598 504 vir
1620 477 1721 511 justus,
1753 475 1796 502 vel

1011 527 1140 555 mrumuis
1168 527 1308 562 premitur,
1334 530 1363 552 ut
1389 524 1506 552 fortasse
1529 528 1656 555 tentetur,
1670 522 1712 550 vel
1734 522 1796 549 laeta

1011 574 1099 601 omnia
1112 574 1203 604 habet,
1220 577 1249 599 ut
1264 576 1449 602 conservetur,
1469 570 1548 597 modo
1566 569 1602 596 sit
1622 569 1713 596 animo
1727 575 1795 603 pau-

1012 629 1070 657 per,
1086 627 1133 647 uec
1149 626 1228 654 supra
1245 626 1287 650 ea,
1302 625 1360 652 qua:
1370 617 1396 644 in
1411 616 1550 644 oculorum
1564 614 1795 645 seusumcadunt,

1012 666 1154 694 admodum
1172 670 1290 696 evectus,
1306 665 1376 692 sicut
1390 663 1471 691 etiam
1487 661 1664 694 conscientia,
1680 661 1732 687 hoc
1743 666 1795 693 est,

1011 712 1188 739 domesticum
1200 716 1228 737 et
1238 718 1331 738 verum
1347 709 1474 742 tribunal,
1489 709 1584 735 horum
1594 712 1738 741 utrumque
1749 706 1798 733 do-

1011 757 1199 790 cetYQuaeuam
1209 756 1265 783 haec
1276 755 1363 791 plaga,
1372 760 1399 782 et
1408 754 1497 782 unde?
1508 753 1602 782 Utrum
1612 757 1641 780 ut
1649 753 1735 780 virtus
1746 760 1796 779 no-

1011 809 1067 831 stra
1081 805 1249 838 exploretur,
1264 810 1297 829 an
1313 807 1341 829 ut
1356 800 1515 835 improbitas
1525 799 1798 832 vindicetur?Quan-

1012 856 1091 883 quam
1104 853 1212 884 przrstat
1239 847 1312 874 velut
1330 847 1365 874 ob
1381 853 1487 880 pceuam
1504 845 1595 880 (etiam
1618 845 1640 871 si
1664 843 1742 871 aliter
1754 850 1798 871 res

978 886 998 912 Β
1013 902 1042 922 sc
1057 894 1165 929 habeat)
1179 893 1282 921 animos
1308 893 1460 923 demittere,
1476 899 1508 918 ac
1525 891 1575 918 sub
1601 889 1701 925 potenti
1717 896 1799 916 manu

1015 940 1060 968 Dei
1073 939 1238 972 humiliari”,
1251 947 1330 974 quam
1342 939 1415 966 velut
1427 939 1461 965 ob
1477 937 1661 972 probationem
1674 935 1701 963 in
1714 935 1798 962 altutn

176 988 274 1015 efferri.
288 988 348 1015 Haec
359 989 434 1020 doce,
448 993 527 1023 atque
540 988 664 1021 admone,
677 996 709 1015 ne
717 989 751 1015 ob
761 992 919 1023 pnes-cutem
936 988 1042 1022 plagam
1054 987 1162 1023 gravius
1170 986 1374 1018 discruciemur,
1389 990 1436 1012 aut
1449 985 1476 1012 iu
1492 983 1652 1018 profundum
1667 982 1799 1009 malorum

177 1036 304 1070 prolapsi,
321 1043 380 1063 eam
393 1041 595 1063 contemnamus
612 1035 649 1070 (id
661 1035 730 1062 enim
740 1036 873 1070 plerisque
887 1036 923 1062 ita
937 1036 1017 1062 etiam
1033 1035 1146 1068 evenit).
1164 1042 1257 1062 verum
1276 1034 1422 1069 prudenter
1443 1033 1470 1060 in
1490 1032 1541 1060 hac
1557 1030 1735 1066 castigatione
1750 1036 1801 1058 nos

178 1088 312 1115 geramus,
327 1089 370 1111 ue.
386 1081 468 1107 animi
485 1081 643 1115 stupiditate
662 1088 693 1108 ac
715 1080 773 1108 sine
800 1089 880 1108 sensu
900 1089 959 1108 eam
974 1081 1145 1116 excipiendo,
1163 1081 1292 1115 majorem
1307 1087 1488 1108 accersamus.

213 1128 258 1161 ς’.
276 1127 367 1153 Δεινὸν
379 1126 478 1162 ἀφορία
493 1126 555 1161 γῆς,
568 1125 615 1152 καὶ¹
628 1125 743 1162 καρπῶν
755 1120 887 1153 ἀπώλεια·
907 1127 966 1158 πῶς

177 1173 205 1199 δὲ
231 1172 272 1204 οὓ,
293 1172 343 1208 ἤδη
371 1173 431 1203 ταῖς
462 1172 567 1199 ὲλπίσιν
597 1173 807 1207 εὐφραινόντων,
836 1173 883 1199 καὶ
905 1174 966 1204 ταῖς

179 1218 329 1254 ἁποθήκαις
338 1217 553 1253 πλησιαζόντων;
569 1218 624 1244 Καὶ
634 1218 718 1244 δεινὸν
731 1219 818 1254 ἄωρος
827 1219 966 1255 θερισμὸς,

180 1264 226 1290 καὶ
243 1265 360 1299 γεωργοὶ
379 1265 434 1295 τοῖς
460 1264 552 1295 πόνοις
563 1265 817 1298 ὲπιστυγνάξοντες,
835 1265 882 1291 καὶ
912 1263 967 1291 οἷον

180 1311 284 1345 νεκροῖς
298 1310 353 1345 (52)
373 1310 597 1345 παρακαθήμενοι
610 1312 665 1340 τοῖς
675 1312 850 1346 γεννήμασιν,
861 1310 878 1337 ει
890 1311 966 1342 ὑετὸς

180 1355 323 1392 ἐξέθρεψεν
349 1356 462 1391 ἥμερος,
486 1356 532 1382 καὶ
553 1356 649 1391 ἄγριος
664 1356 826 1392 ὲξεθέρισεν·
853 1354 890 1383 ὧν
915 1358 966 1384 οὐκ

180 1402 322 1436 ἐπλήρωσε
333 1401 382 1436 τὴν
393 1403 470 1437 χεῖρα
485 1401 566 1428 αὐτοῦ
585 1403 599 1428 ὁ
619 1402 744 1437 Θερίζων,
758 1403 804 1429 καὶ
816 1404 861 1429 τὸν
869 1403 967 1430 κόλπον

181 1446 262 1473 αὑτοῦ
278 1447 292 1472 ὀ
311 1446 345 1473 τὰ
361 1446 505 1482 δράγματα
527 1447 674 1482 συλλέγων·
694 1448 755 1475 οὐδὲ
776 1450 825 1484 τῆς
843 1449 968 1484 εὐλογίας

181 1493 224 1519 ἐπ’
243 1493 335 1524 αὐτοῖς
357 1492 462 1528 ἔτυχεν,
480 1493 513 1528 ἢν
530 1494 687 1529 χαρίζονται
708 1497 841 1529 γεωργοῖς
858 1497 882 1522 oi
899 1505 969 1531 παρ-

1057 1126 1099 1153 Vl.
1117 1127 1223 1154 Acerba
1242 1135 1285 1154 res
1299 1132 1353 1159 est,
1369 1132 1448 1154 teme
1461 1126 1603 1158 sterilitas,
1619 1131 1647 1153 et
1664 1125 1800 1153 fructuum

1014 1173 1138 1207 jactuea;
1155 1172 1247 1206 quidni
1270 1178 1360 1199 autem
1372 1193 1380 1204 ,
1398 1180 1459 1200 cum
1479 1173 1536 1207 jam
1550 1179 1598 1207 spe
1619 1172 1800 1204 oblectarent,

1018 1224 1099 1253 atque
1114 1219 1221 1246 horreis
1236 1219 1506 1254 appropinquarent?
1524 1218 1628 1246 Acerba
1652 1226 1706 1252 res,
1732 1226 1803 1252 prm-

1019 1268 1125 1291 matura
1154 1265 1266 1297 messis,
1297 1269 1323 1291 et
1355 1265 1480 1299 agricolae
1508 1264 1617 1291 labores
1640 1272 1703 1291 suos
1728 1263 1802 1292 luctu

1020 1316 1237 1346 prosequentes,
1262 1319 1294 1338 ac
1319 1310 1506 1346 germiuibus,
1534 1316 1660 1345 tanquam
1685 1310 1802 1337 mortuis

1019 1356 1183 1389 assidentes,
1201 1364 1263 1391 quae
1281 1357 1354 1384 mitis
1369 1356 1456 1383 imber
1477 1355 1554 1388 aluit,
1569 1363 1601 1383 ac
1614 1355 1688 1383 ferus
1704 1361 1731 1383 et
1747 1356 1802 1383 im-

1019 1401 1105 1428 manis
1130 1401 1294 1434 demessuit;
1323 1402 1420 1436 quibus
1451 1410 1504 1429 non
1540 1401 1661 1436 implevit
1692 1409 1803 1429 manum

1019 1453 1095 1473 suam
1109 1448 1153 1482 qui
1170 1448 1257 1481 metit,
1272 1452 1298 1474 et
1312 1448 1400 1475 sinum
1419 1455 1496 1475 suum
1511 1449 1556 1482 qui
1575 1447 1727 1482 manipulos
1741 1448 1801 1474 col-

1019 1492 1114 1528 ligit';
1135 1501 1185 1520 nec
1207 1499 1351 1528 propterea
1376 1494 1592 1521 benedictionem
1615 1501 1686 1526 eam,
1707 1501 1802 1529 quam,

182 1539 304 1573 ἀγοντες.
322 1539 375 1565 Καὶ
392 1539 480 1574 θέαμα
497 1539 623 1571 ἐλεεινὸν,
639 1540 673 1575 γῆ
689 1540 906 1576 καθυϐρισμένη,
923 1542 967 1568 καὶ

1022 1539 1066 1573 qui
1089 1543 1262 1573 prtetcreunt,
1281 1538 1407 1574 agricolis
1429 1539 1568 1574 impertire
1591 1539 1690 1572 solent,
1708 1546 1804 1567 conse-

181 1585 397 1621 ἀποκειραμένη,
412 1586 459 1612 καὶ
476 1586 522 1612 τὸν
548 1586 647 1620 ἑαυτῆς
663 1586 765 1622 κόσμον
782 1587 832 1613 οὐκ
858 1587 967 1622 ἔχουσα.

184 1632 216 1657 '0
231 1631 326 1667 θρηνεῖ
344 1631 393 1666 μὲν
409 1632 424 1658 ὁ
448 1632 581 1666 μακάριος
599 1632 685 1666 Ἰωὴλ,
709 1633 760 1667 γῆς
783 1633 968 1669 καταφθορὰν,

181 1677 228 1703 καὶ
245 1676 324 1712 λιμοῦ
343 1677 468 1711 βάσανον,
487 1678 511 1703 εἰ
531 1677 577 1702 καί
589 1685 632 1708 τις
642 1676 732 1709 ἄλλος,
748 1678 968 1714 ὲκτραγῳδήσας·

182 1723 277 1758 θρηνεῖ
298 1723 326 1750 δὲ
356 1724 498 1758 προφήτης
528 1723 620 1759 ἕτερος
636 1724 704 1758 (55),
729 1725 763 1759 τῇ
783 1724 914 1760 πρότερον
926 1725 970 1751 εὐ-

183 1768 283 1803 κοσμίᾳ
303 1768 352 1803 τὴν
368 1768 526 1794 τελευταίαν
538 1768 673 1804 ἀκοσμίαν
694 1769 852 1801 ἀντιτιθεὶς,
878 1771 907 1796 ὲν
930 1767 970 1801 οἷς

183 1821 248 1847 φησι
272 1813 335 1848 περὶ
357 1813 442 1849 όργῆς
463 1813 566 1849 Κυρίου
591 1813 793 1849 διαλεγόμενος,
824 1815 971 1851 θραύοντος

183 1859 244 1894 γῆν·
271 1859 308 1886 Τὰ
325 1859 496 1894 ἔμπροσθεν
523 1860 616 1887 αὐτοῦ
639 1860 818 1894 παράδεισος
845 1862 969 1897 τρυφῆς,

183 1905 233 1932 καὶ
248 1906 284 1932 τὰ
298 1906 423 1932 ὄπισθεν
438 1905 493 1941 (54)
507 1905 610 1932 πεδίον
623 1907 804 1941 ἀφανισμοῦ.
825 1908 904 1935 Δεινὰ
922 1912 971 1944 μὲν

183 1951 215 1986 δὴ
229 1951 325 1982 ταῦτα,
342 1952 388 1977 καὶ
401 1951 473 1986 πέρα
497 1951 602 1983 δεινῶν,
619 1951 671 1983 ἓως
688 1953 756 1987 μόνα
774 1952 854 1979 λυπεῖ
865 1954 899 1980 τὰ
915 1954 970 1990 (55)

184 1997 316 2032 παρόντα,
342 1997 388 2023 καὶ
403 1996 481 2024 οὔπω
503 1997 698 2033 χαλεπωτέρας
717 1999 780 2034 ἀνιᾷ
803 1999 909 2036 πληγῆς
929 2001 970 2027 αἷ-

186 2041 291 2076 σθησις·
307 2043 411 2078 ἐπειδὴ,
423 2043 549 2078 καθάπερ
565 2044 593 2070 ὲν
602 2045 658 2075 τοῖς
668 2045 812 2079 νοσήμασι,
826 2046 857 2072 τὸ
870 2046 971 2073 λυποῦν

187 2089 230 2114 ἀεὶ
243 2088 327 2120 πάθος
343 2089 389 2116 τοῦ
417 2090 454 2124 μὴ
472 2089 605 2124 παρόντος
627 2090 819 2126 ἀνιαρώτερον·
833 2091 971 2128 δεινότερα

187 2134 209 2160 ὃ*
223 2134 262 2161 ἔτι
288 2135 390 2162 τούτων
405 2137 430 2161 οἱ
443 2136 492 2171 τῆς
504 2135 588 2171 ὀργῆς
602 2135 649 2162 τοῦ
666 2135 733 2162 Θεοῦ
752 2137 883 2173 θησαυροὶ
906 2139 972 2173 παρ’

189 2181 292 2211 ἑαυτοῖς
310 2180 478 2215 κατέχουσιν,
493 2178 530 2208 ὦν
546 2181 583 2217 μὴ
597 2182 700 2216 γένοιτο
719 2183 814 2218 πεῖραν
827 2183 898 2218 ὑμᾶς
916 2183 970 2218 (56)
988 2203 1009 2229 D

188 2225 287 2251 λαῦεῖνε
303 2226 364 2252 οὐδέ
378 2234 409 2260 γε
432 2226 547 2262 λήψεσθε
571 2227 639 2262 πρὸς
662 2228 726 2259 τοὺς
738 2228 895 2263 οίκτιρμοὺς
923 2229 970 2255 τοῦ

187 2271 255 2297 Θεοῦ
273 2271 498 2306 καταφεύγοντες,
513 2272 615 2300 καὶτὸν
629 2273 742 2308 θελητὴν
756 2274 868 2309 (57)τοῦ
881 2275 972 2307 ὲλέους

189 2319 244 2348 τοῖς
257 2317 387 2352 δάκρυσιν
403 2318 536 2350 ἕλκοντες,
551 2319 597 2345 καὶ
612 2318 642 2344 τὸ
665 2319 729 2353 ἑξῆς
744 2320 792 2354 τῆς
814 2320 898 2356 ὀργῆς
928 2320 971 2347 διὰ

189 2363 236 2398 τῆς
251 2364 414 2399 ὲπιστροςρῆς
431 2364 655 2399 ἀποστρέφοντες.
666 2365 725 2390 Ἔτι
744 2365 865 2401 πραότης
874 2366 971 2398 ταῦτα,

190 2409 236 2435 καὶ
250 2409 447 2444 φιλανθρωπία,
461 2409 508 2435 καὶ
521 2409 662 2442 παίδευσις
675 2410 787 2446 ἥμερος,
797 2412 844 2438 καὶ
854 2414 973 2447 στοιχεῖα

243 2489 253 2504 ³
265 2487 335 2514 Psal.
348 2496 460 2520 anul,
480 2489 521 2515 l2.

193 2523 213 2539 “
231 2522 308 2550 Deut.
320 2531 405 2554 xxx",
420 2523 464 2550 ει.
520 2525 541 2539 ¹¹
558 2523 620 2551 Ose.
636 2533 673 2554 vt.
690 2527 716 2552 6.

193 2629 208 2654 ὑ
229 2593 459 2655 (ἷτὲὶΥπεράνω.
476 2594 522 2622 Sic
544 2599 599 2622 tres
613 2594 697 2630 Regg.
714 2593 743 2621 ln
757 2593 836 2621 editis
851 2592 969 2625 divisim,

211 2636 244 2654 πε
296 2637 302 2647 ‘
311 2637 342 2654 ω.

228 2663 284 2697 (28)
303 2663 405 2698 Ἠμᾶς.
423 2663 469 2690 Sic
481 2663 571 2697 plures
585 2663 664 2691 codd.
680 2663 759 2690 Deest
773 2663 798 2689 in
813 2663 857 2690 ed.

228 2698 283 2733 (29)
301 2697 508 2733 Ἐμπεσόντας.
537 2698 631 2726 Comb.
655 2699 738 2730 addit,
752 2698 766 2724 ὃ
790 2698 822 2733 δὴ
851 2697 970 2732 λέγεται,

196 2742 206 2758 ε
217 2734 286 2766 quod
299 2733 350 2760 dici
363 2733 440 2760 solet.
456 2743 465 2760 ι

229 2768 282 2802 (50)
305 2768 433 2796 Τοιοῦτο.
455 2769 500 2796 Sic
510 2768 592 2796 Coisl.
611 2769 637 2800 l,
654 2773 682 2796 et
697 2767 758 2795 Par.
777 2773 803 2794 In
815 2768 870 2799 ed.,
885 2767 973 2793 τοιοῦ-

193 2811 283 2872 πίει)
304 2837 358 2865 Καὶ
381 2837 424 2872 μὴ
508 2837 718 2871 ἀναισθησίας,
745 2837 846 2870 Dillius,
872 2845 924 2865 rue
941 2837 974 2865 ad

195 2872 263 2900 hanc
276 2873 503 2907 obstupescentes,
517 2873 644 2908 majorem
662 2880 841 2901 accersamus.
853 2882 864 2898 ι

570 2489 580 2504 ⁶
593 2489 662 2516 Gen.
677 2497 721 2521 xv,
741 2491 784 2518 16.
824 2492 834 2506 ⁷
853 2492 861 2518 1
880 2491 950 2518 Petr.
969 2492 1034 2524 v.6.

1020 1589 1100 1612 cutus
1110 1589 1160 1612 est.
1170 1584 1296 1612 Miserum
1312 1585 1507 1620 spectaculum,
1521 1590 1591 1613 terra
1604 1585 1680 1613 clade
1697 1584 1804 1619 aﬂecta,

1020 1634 1047 1656 et
1061 1629 1185 1662 detonsa,
1203 1636 1305 1664 suoque
1321 1630 1418 1658 ornatu
1445 1630 1569 1665 spoliata.
1597 1631 1673 1664 Quod
1696 1636 1724 1657 et
1740 1631 1805 1658 bea-

1022 1680 1065 1703 tus
1076 1674 1133 1702 Joel
1153 1675 1306 1709 deplorat’,
1322 1681 1404 1703 cantu
1424 1676 1541 1711 lugubri,
1554 1681 1583 1703 ut
1599 1677 1621 1704 si
1644 1676 1705 1710 quis
1724 1675 1805 1708 alius.

1022 1726 1100 1747 terra-
1112 1721 1312 1755 corruptionem
1325 1727 1352 1748 et
1364 1720 1443 1748 famis
1458 1722 1607 1749 cruciatum
1620 1729 1803 1756 exaggerans;

1021 1772 1048 1794 et
1063 1767 1125 1794 item
1149 1767 1218 1795 alter
1230 1769 1361 1802 propheta
1378 1767 1462 1803 luget,
1474 1768 1596 1803 pristina:
1610 1769 1806 1804 pulchritudini

1021 1813 1201 1849 posteriorem
1218 1813 1418 1842 deformitatem
1440 1821 1587 1849 opponens,
1602 1822 1662 1842 cum
1677 1814 1806 1843 videlicet

1022 1860 1054 1887 de
1070 1859 1174 1887 Domini
1199 1861 1238 1887 ira
1259 1865 1360 1888 terram
1381 1860 1464 1897 304
1483 1861 1659 1896 percutientis
1673 1861 1709 1888 ita
1723 1861 1806 1889 verba

1022 1905 1134 1939 faciens,
1149 1907 1177 1933 in
1194 1906 1274 1940 hunc,
1290 1907 1398 1934 modum
1417 1907 1536 1942 loquitur
1552 1907 1711 1935 :Anten‘ora
1735 1907 1805 1942 ejus.

1022 1952 1111 1979 hortus
1127 1952 1278 1986 voluptatis,
1294 1954 1442 1987 posteriora
1467 1957 1565 1985 autem,
1594 1961 1700 1987 Campus
1720 1957 1806 1980 exter-

1022 1999 1097 2026 minii
1110 1999 1143 2026 ‘°.
1161 1999 1259 2026 Gravia
1284 1999 1393 2034 quidem
1420 1999 1477 2027 haec
1506 2003 1577 2033 sunt,
1603 2007 1636 2026 ac
1664 1999 1806 2034 plusquam

1023 2045 1127 2080 gravia,
1147 2045 1265 2079 quandiu
1281 2045 1423 2080 praesentia
1436 2045 1492 2073 sola
1512 2045 1665 2073 molestiam
1676 2045 1804 2078 aﬂ'erunt,

1024 2098 1074 2118 nec
1093 2091 1235 2118 atrocioris
1246 2091 1331 2126 plagae
1346 2098 1440 2119 sensus
1457 2083 1574 2118 ἔπαινοι-θ
1588 2090 1674 2118 adhuc
1686 2091 1805 2118 animum

1024 2136 1129 2171 pulsat;
1150 2137 1376 2171 quandoquidem,
1391 2145 1444 2164 nou
1459 2144 1538 2164 secus
1556 2142 1636 2171 atque
1649 2136 1676 2163 in
1689 2135 1801 2169 morbis,

1023 2182 1165 2210 calamitas
1186 2190 1305 2217 prmsens
1322 2190 1429 2217 semper
1447 2182 1586 2210 molestior
1600 2186 1650 2214 est,
1664 2189 1745 2216 quam
1762 2189 1805 2214 ea,

1024 2236 1084 2264 quae
1101 2229 1193 2262 procul
1216 2229 1303 2256 abest.
1320 2229 1355 2255 At
1374 2229 1415 2256 his
1442 2228 1529 2256 adhuc
1564 2227 1688 2263 graviora
1708 2227 1807 2254 divinas

1024 2276 1070 2302 ira:
1094 2275 1213 2302 thesauri
1244 2275 1313 2310 apud
1344 2282 1375 2302 se
1399 2274 1584 2307 continent“,
1609 2281 1668 2308 qua:
1703 2273 1807 2300 utinam

1025 2320 1102 2347 vobis
1123 2320 1238 2354 experiri
1260 2320 1371 2347 minime
1397 2320 1534 2350 contingat
1548 2329 1555 2347 :
1571 2326 1621 2346 nec
1640 2326 1704 2346 vero
1726 2325 1808 2354 expe-

1027 2366 1146 2399 riemini,
1172 2366 1251 2394 modo
1279 2367 1312 2393 ad
1339 2365 1386 2393 Dei
1416 2367 1604 2394 miserationes
1634 2365 1806 2401 confugiatis,

1027 2420 1153 2447 eumque,
1172 2412 1220 2446 qui
1240 2412 1296 2439 vult
1321 2411 1532 2439 misericordiam
1545 2412 1577 2445 η,
1594 2411 1721 2446 iacrymis
1747 2419 1809 2446 per-

1078 2492 1089 2507 '
1109 2491 1176 2518 Psal.
1192 2498 1307 2524 curnt,
1321 2492 1348 2518 7.
1395 2491 1405 2507 '
1417 2490 1473 2517 .loel
1488 2497 1507 2522 ι,
1524 2488 1569 2516 to.
1619 2490 1641 2505 ¹⁰
1654 2489 1712 2518 Joel
1732 2497 1764 2524 ιι,
1779 2489 1807 2516 5.

1088 2591 1116 2625 2)
1131 2591 1263 2626 Λέκροῖς.
1277 2592 1344 2626 Reg.
1360 2591 1395 2626 pb
1408 2592 1492 2622 addit.
1506 2601 1571 2620 τισι.

1088 2592 1116 2625 2)
1131 2592 1263 2626 Νεκροῖς.
1277 2592 1344 2626 Reg.
1360 2592 1395 2626 pb
1408 2592 1492 2622 addit.
1506 2601 1571 2620 τισι.

1059 2592 1115 2688 g3)
1129 2627 1256 2660 Ἕτερος.
1283 2627 1387 2668 «_Alter.
1401 2636 1411 2653 ι
1430 2627 1521 2659 Forte,
1544 2627 1654 2664 ἑτέρως,
1670 2638 1680 2656 ι
1692 2628 1784 2661 aliter;
1795 2639 1806 2657 ι

1070 2682 1077 2688 .
1103 2661 1226 2688 ἑτέρωθι.
1249 2671 1259 2687 l
1271 2661 1345 2688 alibi.
1357 2672 1367 2688 ι
1388 2662 1456 2688 Nam
1482 2663 1564 2688 verba
1597 2669 1661 2688 sunt
1688 2664 1806 2688 eiusdem

1024 2661 1080 2724 ἕτεἑῖ
1102 2661 1226 2724 fregi-iet,
1249 2661 1367 2690 «alibi.»
1388 2662 1456 2690 Nam
1482 2663 1564 2690 verba
1592 2661 1661 2691 sunt
1688 2664 1809 2698 ejusdem

1085 2716 1092 2722 .
1114 2705 1132 2728 ι,
1164 2717 1171 2724 .

1066 2732 1121 2767 (54)
1139 2732 1193 2759 Kal
1206 2732 1241 2759 τὰ
1257 2732 1389 2760 ὄπισθεν.
1406 2732 1488 2760 Coisl.
1507 2733 1533 2765 Ι,
1548 2735 1594 2760 καὶ
1609 2735 1633 2761 τ’
1651 2734 1747 2762 ὀπίσω.

1065 2768 1121 2802 (55)
1148 2767 1193 2794 Τά.
1208 2768 1253 2794 Sic
1264 2768 1329 2802 Reg.
1348 2768 1393 2802 ph.
1410 2767 1488 2795 Deest
1505 2769 1530 2795 in
1543 2769 1585 2796 ed.

1065 2802 1121 2838 (56)
1136 2802 1231 2837 Ύμίῑς.
1248 2804 1325 2829 Deest
1337 2803 1363 2830 in
1381 2803 1512 2838 pluribus.

1066 2838 1122 2875 (57)
1139 2839 1194 2866 Τὸν
1209 2838 1349 2873 θελητήν.
1360 2839 1407 2867 0r.
1421 2838 1448 2871 2.
1461 2839 1507 2867 τὸν
1522 2839 1641 2876 τελέτην.
