2049 3143
258 166 309 194 9ιὸ

855 162 884 189 5.
905 162 1069 190 CREGORII
1090 161 1134 189 ΤΗ
1140 161 1262 189 EOLOGI

1828 165 1878 192 9H

258 221 382 254 trahatis,
405 228 437 248 ac
458 227 505 255 per
528 227 632 247 morum
653 219 880 252 emendationem,
911 220 1039 254 quidquid

1098 220 1199 256 πληγῆς
1217 220 1284 254 (58),
1301 220 1450 255 νηπιότητα
1466 219 1700 255 παιδαγωγοὺσης¹
1718 220 1758 246 ἔτι
1778 221 1881 252 καπνὸς

259 267 387 301 deinceps
405 266 450 293 ira:
465 265 596 300 sequitur.
622 264 760 292 avertatis.
784 264 879 291 Adhuc
899 265 997 292 lenitas
1014 270 1040 293 et

259 312 410 347 benignitas
436 312 493 338 haec
515 315 589 342 sunt,
606 314 632 337 et
659 310 756 336 hianda
781 310 932 344 castigatio,
948 310 1041 345 plaga-

259 365 372 391 rumque
388 356 530 386 elementa.
545 363 605 390 qua:
619 355 748 390 puerilem
770 359 876 382 aetatem
889 360 1015 382 coercent
1033 363 1039 379 :

259 404 346 430 adhuc
361 403 408 429 ira:
423 401 551 433 fumus“,
565 405 763 428 tormentorum
778 400 935 434 prmludium
951 410 957 427 :
973 409 1042 428 nou-

258 449 322 476 dum
340 452 430 474 autem
449 447 519 481 ignis
536 446 742 479 comburens“,
762 446 814 474 hoc
836 451 888 478 est,
909 446 1041 473 acerrima

258 494 419 526 commotio;
436 500 485 519 nec
496 492 620 521 succensi
636 492 814 524 carbones“,
837 491 861 519 id
875 496 927 523 est,
942 491 1044 519 ultima:

258 545 349 575 partes
363 538 500 573 supplicii,
514 537 589 572 quod
603 537 702 572 partim
717 538 900 565 comminatus
913 542 966 569 est,
982 545 1046 573 par-

259 585 306 610 tim
323 582 473 614 intentavit,
487 582 586 617 partim
609 581 636 608 vi
652 581 830 616 compressit,
846 582 945 616 partim
963 583 1044 610 etiam

260 629 380 659 induxit;
408 635 484 661 reque
509 627 650 659 nimirum,
681 633 709 653 et
738 634 786 661 per
818 627 935 662 plagam,
954 631 981 654 et
996 635 1045 662 per

260 674 495 702 coniminationem
526 681 576 700 nos
604 673 750 706 erudiens,
779 680 810 699 ac
828 680 877 707 pro
891 673 1041 701 incredibili

261 722 374 756 quadam
402 721 533 748 bonitatis
575 721 770 755 magnitudine,
802 720 906 748 semita:
936 721 984 748 ira:
1011 729 1065 749 sua:

1091 265 1186 300 ὀργῆς,
1206 265 1330 299 βασάνων
1348 265 1498 301 προοίμιον·
1515 265 1591 292 οὔπω
1613 266 1641 292 δὲ
1667 266 1722 302 πῦρ
1743 267 1881 300 καταφλε-

1092 311 1205 346 γὸμενον
1221 312 1287 344 (59),
1304 312 1321 346 ἡ
1344 311 1419 346 ἀκμὴ
1444 311 1500 346 (ιο)
1522 311 1572 345 τῆς
1593 312 1734 346 κινήσεως·
1762 312 1815 338 οὐδ’
1835 312 1882 338 ἆν-

1093 356 1193 391 ορακες
1210 358 1400 392 ἀναπτόμενοι,
1421 357 1455 384 τὰ
1473 357 1614 384 τελευταῖα
1626 359 1676 393 τῆς
1695 359 1834 392 μάστιγος·
1848 357 1881 393 ἦς

1092 403 1122 429 τὸ
1139 403 1186 438 μὲν
1201 403 1383 437 ἦπείλησε,τὺ
1397 403 1419 429 δ’
1433 404 1597 436 ἁνετείνατο,
1610 403 1640 429 τὸ
1650 403 1676 429 δὲ
1693 403 1738 439 βία
1754 404 1880 438 κατέσχε,

1093 447 1124 474 τὸ
1138 448 1166 474 δὲ
1183 448 1332 483 ἐπήγαγεν·
1346 449 1447 483 ὁμοίως
1463 449 1511 476 καὶ
1530 450 1563 484 τῇ
1583 449 1672 484 πληγῇ
1687 448 1820 475 παιδεύων
1836 449 1881 475 καὶ

1093 494 1126 528 τῇ
1148 493 1258 528 ἀπειλῇ,
1276 494 1322 520 καὶ
1337 493 1465 520 ὁδοποιῶν
1482 493 1537 527 (41)
1548 493 1641 529 τρίϐον
1652 495 1685 529 τῇ
1703 494 1771 529 ὀργῇ
1787 493 1880 524 αὑτοῦ,

1094 539 1127 565 δι’
1141 539 1294 574 ὑπερΰολὴν
1315 539 1491 575 ἀγαθότητος·
1510 538 1564 565 ἀπὸ
1584 539 1633 573 μὲν
1653 539 1707 565 τῶν
1733 539 1883 565 {La-ardva»!

1095 584 1255 618 ἀρχόμενος,
1288 584 1358 610 ὥστε
1395 584 1432 619 μὴ
1455 584 1582 619 δεηθῆναι
1607 584 1661 611 τῶν
1685 584 1879 619 σφοδροτέρων·

1096 629 1229 655 παιδεύων
1248 630 1275 656 δὲ
1303 629 1349 656 καὶ
1374 631 1429 660 τοῖς
1448 629 1578 664 μείζοσιν,
1597 631 1620 657 εἰ
1638 629 1704 666 πρὸς
1726 629 1811 656 ταῦτα
1836 631 1883 656 ὲκ-

1095 675 1229 710 ϐιασθείη.

1093 725 1164 749 viam
1183 723 1337 750 sternens“
1357 732 1366 751 :
1392 731 1406 750 a
1430 723 1579 750 minoribus
1607 722 1715 757 quidem
1739 722 1881 757 incipiens,

263 778 297 797 ne
317 768 500 804 asperioribus
522 769 559 795 uti
583 775 695 795 necesse
718 767 834 800 habeat;
851 771 978 795 caeterum
991 776 1039 803 per
1049 770 1152 804 majora
1169 770 1252 797 etiam
1271 771 1407 804 erudiens,
1430 771 1451 797 si
1465 771 1540 797 adea
1559 770 1693 805 adigatur.

298 816 352 844 Vll.
381 817 444 843 Scio
477 815 655 850 refulgentem
693 815 840 848 frameam,
864 819 890 843 et
925 816 1044 851 gladium

1131 819 1168 846 Ζ¹.
1198 816 1262 845 Οἶδα
1282 818 1476 853 στιλϐουμένην
1502 818 1649 853 ῥομφαίαν,
1667 817 1714 843 καὶ
1732 817 1884 852 μεθύουσαν

261 863 365 891 ebrium
386 863 412 889 in
429 861 508 894 caelo,
523 862 569 896 qui
583 861 720 897 jugulare,
736 861 763 888 in
779 861 892 888 nihilum
909 862 1042 897 redigere,

262 909 354 938 liberis
369 909 477 940 orbare,
503 915 536 935 ac
561 915 595 934 ne
625 908 701 935 carni
729 907 851 942 quidem,
869 912 896 935 et
921 909 1046 936 medullis

263 959 344 989 atque
367 953 474 981 ossibus
503 960 616 988 parcere
643 954 795 988 jubetur”.
821 953 884 981 Scio
909 961 982 987 eum,
1000 955 1045 990 qui

263 1000 467 1035 perturbatione
487 999 559 1026 omni
573 1003 663 1031 vacat,
679 1006 749 1026 ursze
772 998 845 1027 fame
858 999 1001 1033 laboranti,
1015 1007 1047 1027 ac

262 1047 348 1082 par-do
371 1046 496 1078 similem,
522 1046 548 1072 iu
577 1045 753 1080 Assyriorum
780 1046 823 1072 via
847 1047 1044 1078 occurrere“;

264 1101 316 1120 non
346 1100 439 1120 eorum
474 1097 577 1119 tantum
611 1092 656 1126 qui
686 1095 744 1118 tum
775 1097 863 1123 erant.
883 1093 930 1120 sed
953 1101 1046 1120 eorum

264 1141 345 1168 etiam
371 1138 416 1174 qui
439 1139 501 1165 vita:
525 1137 698 1172 improbitate
720 1139 859 1172 Assyrium
887 1146 958 1166 nunc
977 1139 1048 1166 refe-

264 1190 343 1218 runt;
371 1192 421 1212 nec
454 1184 501 1212 irae
524 1184 608 1218 ipsius
625 1184 678 1210 vim
707 1188 734 1210 et
759 1184 926 1211 celeritatem
953 1183 1048 1219 urgere

265 1222 390 1266 cuiquam
403 1231 497 1263 licere,
511 1238 573 1257 cum
589 1230 621 1256 ad
636 1230 716 1264 impia
730 1234 822 1256 nostra
845 1229 966 1257 facinora
981 1230 1049 1264 vigi-

265 1277 372 1309 laverit,
398 1284 430 1304 ac
455 1276 538 1309 zelus,
556 1276 601 1311 qui
621 1275 792 1302 adversarios
814 1275 943 1302 devorare
962 1276 1047 1307 novit,

266 1323 350 1357 ipsius
367 1323 458 1350 hostes
472 1327 629 1357 persecutus
643 1321 734 1349 fuerit.
751 1321 813 1348 Scio
829 1321 1046 1353 coucussionem,

266 1373 294 1395 et
310 1368 508 1400 excussionem,
524 1370 551 1394 et
563 1366 762 1400 ebullitionem,
778 1366 922 1400 cordisque
939 1366 1048 1393 confra-

266 1415 394 1446 ctionem,
417 1421 449 1439 ac
467 1420 583 1448 genuum
611 1412 814 1439 dissolutionem
827 1412 859 1445 η,
875 1417 957 1445 atque
973 1412 1045 1446 ejus-

264 1459 338 1487 modi
353 1459 493 1493 supplicia,
511 1457 608 1492 quibus
624 1457 768 1492 impiorum
790 1457 892 1484 scelera
908 1457 1048 1484 vindican-

1098 864 1234 900 μάχαιραν
1262 865 1291 890 ὲν
1307 864 1345 899 τῷ
1358 863 1476 899 οὐρανῷ,
1498 863 1620 896 σφάζειν,
1637 862 1785 895 ὲξουθενεῖν
1813 863 1882 896 (Ii-9.),

1096 910 1225 937 ἁτεκνοῦν
1234 909 1425 944 κελευομένην,
1437 909 1488 940 ἕως
1501 908 1555 943 (45)
1569 907 1687 944 σαρκῶν,
1705 908 1752 934 καὶ
1766 907 1882 942 μυελῶν,

1097 955 1143 982 καὶ
1159 955 1259 981 ὀστέων
1278 955 1314 990 μὴ
1336 954 1484 989 φείδεσθαι,
1508 953 1582 985 Οἶδα,
1601 954 1638 986 ὡς
1653 954 1752 989 ἄρκτον
1768 954 1884 989 ἀπορου-

1099 1000 1182 1035 μένην
1200 999 1265 1034 (44),
1284 999 1329 1026 τὸν
1347 999 1450 1034 ἀπαθῆ,
1463 999 1508 1026 καὶ
1522 1000 1557 1031 ὡς
1577 999 1707 1035 πάρδαλιν
1722 999 1884 1025 ἀπαντῶντα

1097 1046 1168 1073 κατὰ
1181 1047 1229 1082 τὴν
1243 1047 1301 1073 ὁδὸν
1330 1047 1490 1082 Ἀσσυρίων,
1505 1047 1535 1072 οὐ
1547 1046 1600 1072 τῶν
1617 1046 1678 1072 τότε
1704 1045 1793 1081 μόνον,
1817 1045 1885 1071 ἀλλὰ

1097 1093 1145 1119 καὶ
1155 1093 1180 1119 εἴ
1190 1102 1232 1124 τις
1246 1093 1293 1119 νῦν
1308 1092 1362 1128 (145)
1383 1093 1430 1128 τὴν
1459 1093 1558 1119 κακίαν
1592 1093 1743 1127 Ἀσσύριος
1763 1092 1810 1118 καὶ
1834 1092 1884 1117 οὐκ

1098 1139 1156 1165 ἐνὸν
1182 1140 1276 1173 φυγεῖν
1295 1139 1324 1165 τὸ
1351 1139 1450 1174 κράτος
1478 1139 1527 1174 τῆς
1554 1139 1639 1174 ὀργῆς
1668 1138 1750 1165 αὑτοῦ
1779 1138 1826 1165 καὶ
1854 1138 1884 1163 τὸ

1098 1184 1189 1219 τάχος,
1201 1185 1264 1210 ὅταν
1280 1185 1439 1220 γρηγορήσῃ
1454 1184 1499 1210 ἐπὶ
1509 1184 1544 1210 τὰ
1557 1185 1717 1219 ἀσεϐήματα
1736 1184 1824 1219 ἡμῶν,
1836 1184 1884 1210 καὶ

1098 1230 1161 1261 τοὺς
1174 1229 1288 1264 ἐχθροὺς
1301 1230 1383 1255 αὐτοῦ
1409 1229 1562 1264 καταδιώκῃ
1581 1229 1670 1265 ζῆλος,
1692 1230 1790 1256 ἐσθίειν
1807 1230 1885 1261 εἰδὼς

1098 1276 1159 1306 τοὺς
1172 1275 1356 1306 ὑπεναντίους.
1373 1273 1437 1301 Οἶδα
1450 1276 1622 1311 ὲκτιναγμὸν,
1637 1277 1682 1302 καὶ
1690 1276 1883 1310 ἁνατιναγμὸν,

1099 1321 1145 1346 καὶ
1164 1320 1295 1356 βρασμὸν,
1313 1322 1359 1347 καὶ
1383 1321 1497 1356 καρδίας
1512 1321 1661 1356 θραυσμὺν,
1674 1323 1719 1348 καὶ
1733 1322 1884 1358 παράλυσιν

1099 1367 1228 1400 γονάτων,
1245 1368 1292 1393 καὶ
1306 1367 1417 1394 τοιαῦτα
1431 1368 1494 1393 ὂντα
1515 1367 1548 1394 τὰ
1564 1368 1618 1394 τῶν
1632 1367 1737 1394 ἀσεϐῶν
1749 1368 1883 1402 ἐπιτίμιαο

1099 1413 1136 1440 ὲῶ
1153 1413 1206 1449 γὰρ
1219 1414 1307 1448 λέγειν
1320 1414 1353 1440 τὰ
1369 1414 1472 1441 ἐκεῖθεν
1480 1415 1667 1450 δικαιωτήρια,
1683 1412 1723 1445 οἷς
1736 1416 1751 1448 ἠ
1769 1413 1884 1441 ἐνταῦθα

1101 1458 1183 1493 φειδὼ
1200 1459 1393 1494 παραδίδωσιν,
1406 1460 1443 1490 ὡς
1459 1459 1560 1494 βέλτιον
1572 1458 1695 1486 εἶναινῦν
1710 1459 1885 1494 παιδευθῆναι

268 1511 321 1532 tur.
335 1505 409 1531 Mitto
423 1505 495 1532 enim
510 1504 600 1532 dicere
625 1503 722 1530 futura:
737 1504 799 1530 vita:
817 1503 971 1537 tribunalia,
989 1503 1047 1537 qui-

1102 1505 1147 1531 m‘t
1173 1505 1353 1540 καθαρϐἧναι,
1372 1505 1388 1540 ἢ
1408 1506 1439 1540 τῇ
1457 1505 1511 1540 (46)
1529 1505 1633 1531 ἐκεῖθεν
1663 1505 1771 1540 βασάνῳ
1797 1513 1886 1539 παρα-

266 1552 317 1579 bus
333 1550 444 1584 hujusce
458 1550 520 1577 vitae
536 1549 703 1583 indulgentia
721 1553 749 1576 et
773 1548 920 1582 impunitas
934 1555 982 1574 eos
994 1552 1050 1574 tra-

268 1600 323 1629 dit;
349 1599 384 1624 ita
410 1603 439 1624 ut
461 1597 547 1624 satius
577 1597 613 1624 sit
636 1604 708 1624 nunc
737 1596 864 1630 castigari
881 1603 912 1623 ac
927 1596 1047 1630 purgari,

267 1652 347 1680 quam
373 1643 407 1670 ad
433 1643 583 1670 crueiatum
607 1641 681 1669 illum
702 1641 782 1676 305
808 1641 968 1674 transmitti,
986 1649 1046 1668 cum

266 1690 321 1725 jam
343 1696 427 1724 pinna:
457 1693 562 1723 tempus
585 1688 648 1720 erit,
665 1695 717 1714 non
743 1687 925 1721 purgationis.
952 1687 1051 1719 Quem-

268 1733 413 1762 admodum
436 1733 520 1764 enim,
533 1736 561 1759 ut
576 1739 591 1759 a
610 1731 712 1758 Davide
726 1731 828 1766 optime
842 1731 942 1758 dictum
959 1735 1002 1758 est
1013 1731 1047 1762 ²⁰,

269 1785 355 1807 morte
371 1779 494 1814 superior
509 1784 561 1812 est,
577 1778 622 1813 qui
636 1778 681 1806 hic
692 1778 739 1806 Dci
752 1785 855 1805 memor
868 1783 921 1810 est,
940 1778 977 1804 ita
994 1785 1047 1804 non

268 1831 311 1854 est
326 1825 439 1853 mortuis
461 1825 486 1852 in
505 1825 610 1852 inferno
633 1824 779 1858 confessio,
795 1831 844 1851 nec
863 1831 970 1851 morum
987 1831 1050 1850 cor-

270 1873 363 1900 rectio.
381 1871 429 1898 Hic
451 1871 524 1898 enim
544 1871 614 1898 Deus
633 1870 715 1897 vitam
731 1874 757 1897 et
769 1870 914 1902 actionem,
933 1869 989 1897 illic
1007 1877 1052 1896 au-

270 1924 322 1946 tem
338 1925 426 1945 rerum
440 1923 575 1952 gestarant
591 1923 734 1944 censuram
748 1915 891 1943 conclusit.

303 1964 369 1992 Vill.
399 1964 469 1996 Quid
495 1963 621 1998 faciemus
646 1963 674 1990 in
698 1963 741 1989 die
768 1961 975 1994 inductionis",
999 1969 1052 1996 qua

268 2014 354 2038 terret
371 2017 413 2037 me
427 2009 536 2044 quidam
546 2008 752 2044 prophetarum,
765 2009 822 2035 sive
836 2015 897 2035 cum
911 2007 1051 2034 nobiscum

270 2056 340 2083 Deus
353 2055 454 2088 judicia
471 2054 605 2089 loquetur,
617 2054 674 2080 sive
695 2053 722 2080 in
736 2052 873 2079 montibus
887 2056 914 2078 et
925 2051 1052 2083 collibus,

270 2100 500 2138 quemadmodum
512 2099 673 2131 audivimus,
688 2099 745 2126 sive
761 2104 928 2132 quaecunque
944 2097 1052 2124 tandem

271 2147 325 2178 illa,
341 2152 368 2174 et
384 2151 547 2180 quocunque
564 2144 622 2171 loco
640 2143 732 2171 futura
750 2144 796 2176 sit,
813 2150 876 2170 cum
898 2149 947 2170 nos
973 2149 1052 2169 coar-

1102 1551 1268 1586 πεμφθῆναι,
1293 1551 1373 1586 ἡνίκα
1389 1551 1525 1582 κολάσεως
1550 1551 1654 1586 καιρὸς,
1667 1551 1696 1577 οὺ
1714 1550 1884 1586 καθάρσεως.

1104 1597 1208 1632 Ὥσπερ
1240 1597 1293 1632 γὰρ
1323 1597 1437 1623 θανάτου
1468 1597 1599 1632 κρείττων
1635 1597 1650 1622 ὁ
1675 1596 1790 1623 ἐνταῦθα
1819 1597 1885 1622 Θεοῦ

1104 1642 1290 1677 μνημονεύων,
1316 1643 1363 1668 καὶ
1389 1642 1518 1668 κάλλιστα
1543 1642 1581 1677 τῷ
1603 1642 1668 1677 θείῳ
1699 1641 1781 1668 Δαΰὶδ
1808 1641 1886 1668 τοῦτο

1103 1687 1326 1723 πεφιλοσόφηται·
1343 1687 1429 1720 οὕτως
1448 1689 1498 1714 οὐκ
1521 1688 1593 1714 ἐστιν
1607 1689 1635 1715 ὲν
1666 1688 1716 1724 ᾄδῃ
1737 1689 1793 1719 τοῖς
1805 1687 1887 1714 ἀπελ-

1103 1734 1194 1761 Θοῦσιν
1206 1733 1399 1770 ἐξομολόγησις
1419 1735 1466 1760 καὶ
1484 1734 1634 1769 διόρθωσις.
1652 1734 1809 1761 Συνέκλεισε
1833 1734 1887 1768 γὰρ

1102 1781 1116 1806 ό
1133 1780 1198 1812 Θεὸς
1214 1780 1330 1806 ἐνταῦθα
1345 1780 1393 1815 μὲν
1415 1781 1462 1806 καὶ
1475 1780 1531 1814 βίον
1542 1781 1589 1806 καὶ
1603 1780 1711 1816 πρᾶξιν,
1728 1781 1787 1806 ἐκεῖ
1799 1780 1828 1807 δὲ
1840 1779 1887 1815 τὴν

1102 1825 1156 1852 τῶν
1173 1826 1371 1861 πεπραγμένων
1379 1825 1508 1857 ἐξέτασιν.

1139 1962 1178 1988 H'.
1208 1962 1237 1988 Τί
1256 1962 1423 1995 ποιήσομεν
1446 1962 1482 1988 ἐν
1508 1962 1602 1996 ἡμέρᾳ
1626 1962 1792 1997 ἐπαγωγῆς,
1855 1971 1888 1998 με

1104 2007 1323 2042 ὲκφοϐεῖ(47)τις
1340 2007 1393 2034 τῶν
1408 2008 1563 2044 προφητῶν,
1580 2008 1634 2034 εἴτε
1647 2008 1826 2042 δικαιολογίας
1835 2009 1888 2045 (48)

1103 2053 1150 2080 τοῦ
1183 2053 1249 2080 Θεοῦ
1275 2054 1343 2089 πρὸς
1356 2055 1441 2089 ἡμᾶς,
1453 2054 1508 2081 εἴτε
1527 2056 1577 2090 τῆς
1591 2055 1637 2081 ἐπὶ
1653 2055 1708 2081 τῶν
1731 2055 1816 2091 ὀρέων
1843 2057 1889 2082 καὶ

1105 2099 1216 2133 βουνῶν,
1236 2099 1305 2134 ὅπερ
1318 2099 1486 2134 ἠκούσαμεν,
1504 2099 1557 2126 εἴτε
1574 2100 1622 2135 τῆς
1633 2101 1776 2127 ὁποιασοῦν
1788 2102 1834 2128 καὶ
1847 2101 1888 2136 ἐφ’

1104 2140 1140 2170 ὦν
1155 2143 1255 2180 δήποτε
1280 2144 1426 2179 γινομένης
1457 2144 1521 2171 ὃταν
1545 2144 1668 2180 διελέγχῃ
1692 2146 1746 2181 (49)
1766 2154 1795 2172 τε
1823 2147 1889 2182 πρὸς

270 2197 343 2225 met,
357 2195 438 2226 atque
451 2198 483 2218 ex
497 2190 611 2218 adverso
625 2189 716 2221 stabit,
732 2192 842 2224 peccata
855 2193 959 2222 nostra,
975 2195 1047 2215 acer-

1104 2189 1189 2224 ἡμᾶς,
1210 2190 1256 2216 καὶ
1268 2189 1490 2224 ἀντικαθιστῆται
1503 2190 1558 2225 (50)
1574 2191 1644 2217 κατὰ
1656 2192 1799 2227 πρόσωπον
1812 2194 1828 2227 ἡ
1833 2191 1888 2226 μῶν

308 2289 328 2304 ’³
339 2288 409 2316 Psal.
428 2297 493 2320 xvn,
507 2289 534 2316 9.

270 2332 330 2358 xui,
350 2325 376 2357 7,
390 2324 417 2351 8.
456 2325 477 2340 ¹⁹
494 2324 598 2351 Nahum
611 2323 700 2357 tt,_10.

573 2288 595 2304 "
615 2287 684 2315 Psal.
703 2295 757 2319 crv,
776 2288 822 2314 52.

739 2323 761 2338 ¹⁰
778 2322 848 2349 Psal.
864 2329 900 2354 Vl,
921 2322 946 2350 6.

308 2401 362 2438 (58)
375 2401 507 2435 Στοιχεῖα
514 2407 641 2436 natm-nc.
661 2409 670 2426 ι
684 2400 770 2438 Plagae
781 2403 921 2427 elementa.
938 2410 946 2426 ι
957 2400 1058 2434 Quem-

272 2436 414 2464 admodum
454 2438 543 2470 pueris
588 2438 703 2470 primum
734 2436 866 2462 elementa
906 2438 1056 2468 traduntur,

271 2473 368 2499 deinde
380 2471 578 2506 syllabm,etc.:
598 2472 632 2498 ita
648 2471 717 2498 Deus
730 2471 846 2505 primum
858 2477 906 2497 nos
917 2478 964 2504 per
980 2480 988 2496 ι
1005 2472 1056 2498 mi-

272 2514 353 2534 nores
368 2505 401 2533 ac
427 2506 540 2533 leviores
571 2505 693 2540 plagas,»
721 2505 794 2533 velut
826 2513 935 2540 pueros,
965 2506 1055 2539 ducit;

272 2542 368 2569 deinde
387 2550 396 2566 ι
408 2541 545 2575 graviores
560 2549 569 2566 ›
585 2541 701 2568 adhibet.

309 2576 364 2611 (39)
387 2575 661 2610 Καταφλεγόμενον.
692 2575 785 2602 Plures
811 2575 900 2607 eodd.,
919 2575 1055 2609 καταφλέ-

270 2620 364 2684 who)
381 2645 482 2684 ξᾼτεμή.
503 2644 664 2684 [Primitiae
676 2645 748 2684 acies
761 2645 960 2684 cqmmolionis.
974 2653 983 2670 ι

320 2679 364 2715 ﬂ)
381 2680 551 2707 Ὀδοποιῶν.
567 2679 655 2715 Pass,
671 2680 845 2707 ὸδοποιοῦντι.

309 2714 365 2752 (42)
385 2714 577 2752 Ἐξουθξνεῖις.
592 2714 716 2752 Nonnulli
732 2715 840 2746 habent,
856 2714 1010 2747 ἐξουδενείν.

309 2749 364 2784 (45)
384 2751 469 2783 Ἕως.
484 2750 530 2777 Or.
550 2751 578 2782 ἓ,
597 2750 644 2776 καὶ
655 2749 716 2780 ἓως.

309 2786 364 2820 (44)
384 2785 510 2819 Ἄρκτον
524 2784 744 2820 ἀπορουμένην.
775 2798 781 2820 ν·
795 2790 883 2820 u.gata
893 2793 923 2820 ﬁ:
956 2794 964 2810 ι
978 2785 1054 2820 quasi

275 2819 432 2856 ursaraptis
456 2820 562 2856 catulis,
575 2830 584 2846 ι
610 2824 664 2847 etc.
691 2819 757 2853 lteg.
774 2819 828 2852 bm,
846 2825 872 2848 et
891 2819 990 2852 Nicet.,
1003 2820 1053 2856 ἄρ-

274 2864 320 2882 κον
334 2854 498 2890 [mendose].

867 2288 888 2303 ³⁵
903 2287 974 2314 Psal.
996 2295 1062 2321 xvu,
1080 2291 1106 2318 9.

1146 2293 1167 2309 ’⁸
1182 2293 1254 2320 Psal.
1274 2302 1376 2326 Luvn,
1392 2294 1436 2321 50.
1489 2295 1508 2310 "
1521 2294 1618 2321 Ezech.
1635 2302 1693 2326 xxi,
1709 2295 1736 2320 9.
1793 2294 1814 2309 ¹⁸
1827 2293 1888 2321 Ose.

984 2323 1006 2338 ¹¹
1023 2324 1075 2351 lsa.
1095 2335 1121 2359 χ,
1139 2328 1166 2354 3.

1146 2406 1202 2439 (45)
1213 2407 1248 2433 Et
1260 2415 1306 2441 τις
1317 2408 1384 2434 νῦν.
1400 2406 1483 2434 Coisl.
1498 2406 1523 2439 1,
1538 2411 1564 2434 et
1575 2407 1622 2434 0r.
1637 2406 1665 2438 2,
1680 2407 1707 2432 εῐ
1719 2415 1761 2438 τις
1776 2406 1819 2441 εἴη
1834 2407 1889 2434 νῦν·

1109 2440 1137 2468 ln
1152 2442 1311 2476 quibusllmn
1326 2443 1398 2469 deest
1413 2441 1471 2468 νῦν.

1126 2476 1200 2516 ’(46)
1220 2476 1269 2510 Τῇ.
1289 2478 1334 2504 Sic
1349 2477 1432 2511 Begg.
1450 2478 1504 2510 bm,
1526 2477 1572 2512 ph,
1596 2481 1623 2504 et
1637 2476 1719 2504 Coisl.
1740 2477 1765 2504 1.
1781 2476 1808 2504 In
1836 2478 1890 2510 ed.,

1108 2519 1165 2542 της.

1125 2520 1200 2616 Ἐς)
1220 2546 1364 2581 Ἑκφοὸει.
1381 2547 1411 2573 1n
1422 2546 1593 2581 quibusdam,
1604 2547 1689 2582 φοὸεῖ.
1706 2546 1734 2574 ln
1750 2548 1892 2579 nonnullis,

1129 2589 1176 2606 oon
1182 2600 1187 2606 .

1108 2589 1202 2652 φοῖέέ)
1220 2617 1287 2652 Εἴτε
1303 2616 1513 2651 δικαιολογίας,
1525 2622 1578 2644 etc.
1599 2627 1607 2643 ι
1627 2617 1689 2644 Sive
1698 2616 1763 2651 justi
1773 2617 1819 2644 Dei
1832 2625 1893 2652 erga

1112 2658 1161 2677 uos
1173 2651 1276 2683 judicii.
1294 2662 1302 2677 ι
1323 2652 1415 2679 Dillius
1431 2660 1438 2678 :
1456 2661 1464 2677 ι
1487 2652 1544 2679 Hoc
1557 2657 1599 2680 est
1621 2653 1718 2679 divinae
1734 2652 1766 2679 ad
1785 2660 1834 2679 nos
1849 2651 1892 2679 ek-

1110 2686 1306 2720 postulationis.
1330 2697 1338 2712 ι

1146 2721 1200 2757 (49)
1229 2721 1384 2756 Διελέγχῃ.
1401 2722 1484 2757 Regg.
1501 2730 1527 2756 a,
1544 2729 1568 2755 c,
1589 2722 1635 2757 ph,
1658 2721 1739 2750 Coisl.
1759 2722 1784 2755 l,
1803 2721 1849 2749 0r.
1865 2721 1891 2754 Ξ,

1110 2755 1292 2791 διελέγχηται.

1144 2791 1200 2825 (50)
1223 2791 1487 2825 Ἀντικαθιστῆται.
1505 2792 1550 2820 Sic
1568 2793 1633 2827 lteg.
1650 2800 1676 2825 a,
1688 2798 1715 2820 et
1728 2791 1813 2821 Coisl.
1827 2792 1851 2819 i.
1868 2791 1894 2818 lu

1111 2827 1191 2853 editis
1208 2835 1281 2858 vero,
1299 2827 1534 2855 ἀντικαθιστᾶται.
