2049 3143
177 178 228 207 943

638 179 767 207 ORATIO
789 180 858 206 XVI.
880 196 913 200 —
934 179 965 206 IN
985 179 1126 207 PATREM
1145 180 1342 208 TACENTEM.

1744 183 1794 212 945

178 236 254 268 ἱστὰς
271 236 305 263 τὰ
316 236 511 272 ἁμαρτήματα,
523 237 584 267 τοὺς
601 239 715 272 πικροὺς
730 239 908 274 κατηγόρους,
918 240 964 266 καὶ

1020 247 1062 266 uos
1080 245 1107 266 et
1130 240 1313 267 amarulentus
1338 244 1518 272 accusatores,
1540 242 1617 269 nobis
1642 242 1668 269 in
1696 241 1793 270 faciem

177 281 217 314 οἷς
227 280 256 309 εὖ
277 282 461 318 πεπόνθαμεν,
478 282 496 309 ὃ.
520 283 697 318 ὴνομὴσαμεν
721 285 885 319 ἀντεξάγων,
915 287 962 311 καὶ

177 328 299 363 λογισμῷ
309 328 437 364 λογισμὸν
456 329 592 364 πλήσσων,
608 330 655 356 καὶ
679 330 778 365 πράξει
799 330 896 366 πρᾶξιν
919 331 963 357 εὐ-

178 373 273 403 θύνων,
284 373 330 399 καὶ
346 373 376 399 τὸ
386 373 436 407 τῆς
450 373 553 406 εἰκόνος
566 375 689 400 ἀπαιτῶν
699 375 818 410 ἀξίωμα,
831 377 864 410 τῇ
880 375 964 411 κακίᾳ

179 418 391 454 συνθολωθείσης
407 420 453 446 καὶ
477 420 666 456 συγχυθείσης,
683 421 712 447 τὸ
737 421 889 448 τελευταῖον
909 423 964 448 ἀπ-

179 464 240 497 άγει
317 465 415 496 αὐτοὺς
426 466 470 500 ὑφ’
484 466 587 492 ἑαυτῶν
603 467 851 502 κατεγνωσμένους,
862 469 906 494 καὶ
918 477 967 495 κα-

178 509 400 544 τακεκριμένους,
411 511 457 536 καὶ
472 510 532 536 οὐδὲ
548 511 586 542 ὡς
598 511 676 538 ἄδικα
693 512 833 547 πάσχομεν
853 512 908 548 (5'2)
926 513 965 538 εἰ·

179 556 239 590 πεῖν
256 554 376 589 ἔχοντας,
391 556 459 590 ὅπερ
471 556 586 583 ἐνταῦθα
606 558 662 588 τοῖς
676 558 826 592 πάσχουσιν
841 558 913 584 ἔστιν
921 559 964 585 ὅτε

180 600 270 626 ἱκανὸν
285 601 324 632 εἰς
336 601 509 636 παραμυθίαν
519 602 568 637 τῆς
583 603 787 638 κατακρίσεως;

1014 287 1178 318 statuens“,
1195 292 1360 321 acceptaque
1376 286 1504 314 beneﬁcia
1528 295 1589 314 cum
1606 289 1649 320 iis,
1667 295 1725 323 qua:
1740 289 1791 316 ini-

1015 339 1067 366 que
1091 331 1259 364 admisimus,
1284 339 1316 358 cx
1339 332 1452 359 adverso
1475 332 1628 366 conferens,
1646 338 1672 361 et
1692 335 1796 369 cogita-

1016 377 1089 404 tione
1109 377 1298 412 cogitationem
1312 379 1479 413 ,vcrbcrans,
1493 385 1520 407 et
1539 381 1645 408 actione
1662 382 1795 409 actionem

1017 423 1175 456 exquirens,
1203 427 1230 450 et
1262 424 1328 451 vitio
1353 426 1543 453 contaminata:
1567 431 1648 460 atque
1677 427 1797 454 confusae

1015 467 1142 503 imaginis
1154 469 1312 503 dignitatem
1330 478 1345 497 a
1364 471 1441 498 nobis
1454 478 1614 506 exposcens,
1628 479 1678 499 nos
1689 473 1795 499 demum

1016 514 1139 547 abducet,
1155 522 1168 540 a
1181 515 1382 550 nobismetipsis
1401 516 1536 549 iudicatos
1554 522 1581 544 et
1593 517 1797 548 condemnatos,

1015 561 1123 596 hucque
1133 562 1277 595 abductos,
1296 569 1327 590 ut
1339 571 1371 590 ne
1386 564 1411 590 id
1427 565 1535 598 quidem
1550 565 1641 592 dicere
1655 571 1797 599 queamus,

1016 615 1065 634 nos
1083 609 1173 643 inique
1192 610 1323 644 supplicio
1339 609 1426 637 allici?
1441 611 1519 643 Quod
1532 611 1640 646 quidem
1662 611 1706 638 hic
1726 609 1796 644 apud

179 654 235 679 cus,
252 647 297 680 qui
319 654 413 681 pinnas
443 648 529 679 luunt,
562 656 752 683 nonnunquam
783 650 852 676 hanc
882 652 934 676 vim
971 652 1060 686 habet,
1094 659 1123 681 ιιι
1145 662 1237 682 eorum
1260 656 1510 684 condemnationem
1535 661 1564 684 ει
1588 656 1737 684 cruciatum
1759 655 1799 682 ιε.

215 741 253 767 Θ¹.
272 740 344 766 Ἑκεί
356 741 383 767 δὲ
397 741 438 772 τίς
452 742 615 777 συνήγορος;
638 744 701 769 ποῖα
716 743 829 778 σκῆψις;
846 744 889 774 τίς
900 743 964 778 ψευ-

1054 746 1099 773 IX.
1117 746 1174 774 Illic
1200 752 1290 774 autem
1317 748 1379 782 quis
1404 748 1552 783 patronus?
1575 748 1636 783 quis
1659 748 1799 782 speciosus

180 787 228 822 δὴς
240 787 385 820 ἀπολογία;
407 788 471 815 ποία
483 788 629 824 πιθανότης
644 789 765 824 ἔντεχνος
776 798 783 822 ;
806 790 847 821 τίς
860 790 964 817 ἐπίνοια

1020 792 1130 818 titulus?
1146 799 1206 826 qua:
1222 791 1312 820 fucata
1334 793 1475 821 defensio?
1496 801 1556 828 qua:
1577 793 1723 820 artiﬁciosa
1742 794 1798 820 veri

181 833 252 860 κατὰ
278 834 327 868 τῆς
348 834 476 870 ἀληθείας
505 835 711 870 παραλογιεῖται
729 836 760 862 τὸ
779 837 963 872 δικαστήριον,

182 879 228 905 καὶ
254 879 347 914 κλέψει
372 880 422 915 τὴν
446 880 528 916 ὀρθὴν
545 881 646 915 κρίσιν,
671 883 727 913 τοῖς
747 884 814 908 πᾶσι
831 883 920 909 πάντα
937 884 966 909 ἐν

182 923 255 959 ζυγῷ
271 924 401 957 τιθεῖσαν,
419 924 465 951 καὶ
477 924 584 960 πρᾶξιν,
601 926 647 952 καὶ
657 925 744 960 λόγον,
761 927 808 954 καὶ
823 927 965 963 διανόημα,

182 971 229 997 καὶ
245 971 441 1006 ἁντισηκοῦσαν
457 972 513 1006 (55)
523 974 579 1005 τοῖς
593 975 721 1008 πονηροῖς
735 973 769 1000 τὰ
780 974 912 1009 βελτίονα,
925 975 967 1001 ἵνα

182 1016 212 1043 τὺ
231 1016 313 1051 ῥέπον
323 1017 431 1052 νικήσῃ,
439 1017 486 1043 καὶ
506 1017 575 1051 μετὰ
591 1017 637 1044 τοῦ
656 1018 777 1050 πλείονος
789 1020 804 1054 ἠ
817 1019 908 1054 ψῆφος
922 1020 967 1054 γέ-

182 1071 271 1097 νηται,
285 1063 342 1099 μεθ’
354 1063 386 1098 ἢν
401 1064 450 1090 οὐκ
461 1063 560 1098 ἔφεσις,
580 1064 610 1090 οὐ
623 1065 718 1100 κριτὴς
730 1064 904 1101 ὑψηλότερος,
919 1067 967 1092 οὐκ

183 1109 313 1143 ἀπολογία
325 1109 358 1136 δι’
373 1109 460 1145 ἔργων
479 1109 623 1145 δευτέρων,
646 1111 695 1137 οὑκ
711 1110 799 1137 ἔλαιον
812 1111 886 1146 παρὰ
914 1111 967 1138 τῶν

183 1155 321 1190 φρονίμων
336 1155 485 1191 παρθένων,
505 1156 521 1191 ἦ
540 1156 594 1182 τῶν
612 1156 782 1188 πωλούντων,
803 1158 862 1188 ταῖς
879 1157 967 1183 ἐκλει-

183 1200 297 1232 πούσαις
313 1201 463 1236 λαμπάσιν,
490 1202 520 1228 οὐ
550 1201 713 1237 μεταμέλεια
737 1202 863 1229 πλουσίου
889 1203 968 1237 φλογὶ

183 1246 344 1281 τηκομένου,
357 1247 404 1273 καὶ
416 1248 471 1279 τοῖς
486 1247 597 1279 οἰκείοις
607 1247 799 1283 ἐπιζητοῦντος
815 1248 967 1284 διόρθωσιν,

184 1293 214 1319 οὐ
240 1293 393 1328 προθεσμία
418 1293 633 1328 μεταποιήσεως’
655 1293 722 1319 ἀλλὰ
745 1294 791 1320 καὶ
806 1295 895 1329 μόνον,
922 1295 968 1320 καὶ

184 1339 347 1370 τελευταῖον,
370 1339 416 1365 καὶ
432 1338 545 1374 φοϐερὸν
564 1339 594 1364 τὸ
620 1339 771 1374 κριτήριον,
796 1340 842 1366 καὶ
866 1339 969 1366 δίκαιον

185 1384 264 1411 πλέον
276 1385 293 1420 ἢ
307 1385 367 1411 ὅσον
380 1385 518 1420 ἐπίφοϐον,
534 1385 633 1420 μᾶλλον
647 1386 675 1412 δὲ
689 1386 732 1412 διὰ
757 1386 834 1412 τοῦτο
851 1387 897 1413 καὶ
913 1386 968 1422 (54)

185 1430 379 1466 φοϐερώτερον,
395 1431 436 1457 ὅτι
452 1431 497 1458 καὶ
512 1431 630 1464 δίκαιον;
652 1432 748 1458 Ἡνίκα
775 1432 863 1468 θρόνοι
878 1433 970 1468 προτί-

1018 838 1185 865 similitudo?
1203 838 1268 871 Quae
1279 839 1385 866 consilii
1406 839 1536 867 adversus
1550 839 1692 866 veritatem
1714 838 1800 866 soler-

1017 884 1053 910 tia
1071 883 1188 911 tribunal
1202 883 1267 911 illud
1281 883 1487 917 circumveniet,
1501 891 1532 911 ac
1550 888 1654 911 rectum
1665 882 1799 918 judicium

1018 929 1117 962 eludet,
1139 929 1229 956 omnia
1247 929 1374 956 omnibus
1393 929 1418 956 in
1435 933 1533 956 statera
1553 929 1700 961 collocans,
1715 928 1801 955 actio-

1018 982 1091 1007 nem,
1118 981 1285 1006 sermonem,
1315 973 1519 1009 cogitationem,
1542 974 1710 1008 virtutesque
1739 981 1800 1001 cum

1019 1021 1093 1047 vitiis
1110 1027 1144 1047 ex
1161 1027 1239 1054 mquo
1264 1019 1424 1054 rependens,
1439 1023 1477 1051 ut,
1495 1019 1567 1054 quod
1585 1019 1744 1054 propendet.
1760 1018 1801 1045 vi-

1018 1065 1132 1092 ctoriam
1149 1065 1282 1096 obtineat,
1304 1069 1384 1099 atque
1397 1065 1431 1092 ab
1447 1065 1577 1098 ampliore
1593 1069 1670 1099 parte
1691 1069 1801 1091 senten-

1019 1111 1055 1136 tia
1079 1114 1142 1142 stet,
1168 1115 1228 1145 post
1247 1117 1328 1144 quam
1347 1118 1400 1137 non
1418 1110 1472 1145 jam
1492 1111 1649 1146 provocatio
1669 1115 1802 1145 superest.

1018 1163 1074 1183 non
1087 1156 1228 1184 sublimior
1240 1155 1333 1190 judex,
1352 1163 1406 1183 non
1420 1156 1470 1184 alia
1483 1164 1574 1191 opera,
1591 1164 1638 1190 per
1653 1164 1713 1191 qua:
1726 1156 1801 1191 quis-

1019 1204 1090 1237 piam
1108 1209 1216 1238 posnam
1234 1203 1404 1238 deprecetur,
1431 1210 1495 1236 non,
1519 1203 1708 1230 deﬁcientibus
1733 1203 1800 1229 lam-

1019 1249 1143 1284 padibus,
1163 1249 1264 1282 oleum,
1285 1258 1300 1277 ιι
1325 1250 1502 1284 prudentibus
1521 1250 1692 1285 virginibus,
1720 1254 1766 1276 aut
1786 1256 1801 1276 a

1019 1296 1198 1323 vendentibus
1212 1301 1352 1330 acceptum
1363 1296 1397 1329 ",
1414 1304 1469 1323 non
1484 1296 1573 1323 divitis
1587 1296 1656 1323 illius
1667 1295 1802 1330 pmniten-

1021 1343 1068 1375 tia,
1086 1342 1201 1370 flammae
1216 1344 1339 1370 cruciatu
1356 1342 1573 1377 liquescentis",
1595 1349 1626 1368 ac
1646 1341 1803 1376 propinquis

1020 1388 1077 1415 suis
1090 1389 1287 1415 correctionem
1305 1388 1479 1423 requirentis,
1496 1395 1549 1415 non
1571 1388 1685 1422 denique
1702 1386 1804 1422 praesti-

1023 1437 1108 1459 tutuut
1127 1433 1188 1460 vitae
1205 1433 1232 1459 in
1246 1433 1341 1460 melius
1359 1433 1554 1461 commutanda:
1578 1438 1698 1466 tempus;
1714 1432 1761 1459 sed
1776 1435 1804 1458 et

186 1475 285 1507 θενται,
301 1477 346 1502 καὶ
356 1477 472 1508 Παλαιὸς
483 1478 593 1513 ἡμερῶν
606 1477 814 1513 προκαθέζεται,
829 1479 875 1505 καὶ
884 1478 969 1513 βίϐλοι

1022 1479 1118 1510 solum,
1135 1483 1162 1506 et
1186 1485 1365 1513 postremum,
1380 1487 1411 1511 ac
1435 1478 1606 1505 formidabile
1630 1478 1694 1505 illud
1715 1478 1804 1504 tribu-

185 1522 337 1555 ἀνοίγονται
353 1522 420 1556 (5Ῐ›),
432 1523 479 1548 καὶ
492 1523 613 1558 ποταμὸς
631 1523 717 1558 πυρὸς
731 1523 850 1555 ἕλκεται,
880 1524 925 1550 καὶ
939 1524 970 1550 τὸ

187 1569 244 1604 φῶς
261 1569 423 1605 ἔμπροσθεν,
452 1571 497 1596 καὶ
520 1570 550 1597 τὸ
569 1571 664 1602 σκότος
683 1570 893 1606 ἡτοιμασμένον·
923 1571 971 1597 καὶ

187 1615 364 1651 πορεύσονται
388 1616 443 1651 (56)
462 1618 485 1643 οἱ
511 1617 544 1643 τὰ
561 1617 650 1651 ἀγαθὰ
668 1618 830 1652 ποιήσαντες
845 1617 884 1648 εἰς
908 1616 972 1643 ἀνά-

188 1670 280 1687 στασιν
296 1661 378 1696 ζῶης,
391 1663 440 1697 τῆς
455 1662 483 1688 ἐν
502 1663 610 1698 Χριστῷ
626 1663 672 1689 νῦν
698 1663 900 1698 κρυπτομένης,
925 1662 972 1688 καὶ

188 1706 299 1742 ὕστερον
328 1707 401 1742 αὐτῷ
435 1708 704 1743 συμφανερουμένης·
729 1709 753 1734 οἱ
780 1708 808 1734 δὲ
834 1707 868 1734 τὰ
885 1707 972 1742 φαῦλα

189 1753 341 1788 πράξαντες
355 1754 394 1784 εἰς
409 1753 556 1780 ἀνάστασιν
573 1754 702 1789 κρίσεως,
719 1754 751 1788 ἣν
773 1753 822 1788 ἤδη
839 1753 914 1788 παρὰ
925 1752 971 1779 τοῦ

189 1798 325 1833 κρίνοντος
361 1799 458 1831 αὐτοὺς
481 1799 559 1833 λόγου
584 1800 609 1825 οἱ
634 1800 670 1834 μὴ
701 1799 892 1830 πιστεύσαντες
918 1799 972 1833 (57)

189 1844 399 1880 κατεκρίθησαν·
424 1845 547 1876 καὶτοὺς
570 1845 618 1879 μὲν
637 1845 667 1871 τὸ
692 1845 828 1880 ἄφραστον
845 1844 901 1877 φῶς
913 1844 973 1870 δια-

188 1890 291 1923 δέξεται
309 1891 374 1925 (58),
397 1891 443 1917 καὶ
459 1892 475 1926 ἡ
490 1891 538 1926 τῆς
555 1891 635 1924 ἁγίας
646 1891 692 1917 καὶ
707 1890 848 1926 βασιλικῆς
874 1889 974 1925 θεωρία

190 1936 303 1970 Τριάδος
317 1936 508 1972 ὲλλαμπούσης
528 1936 697 1972 τρανώτερόν
712 1945 740 1962 τε
759 1937 805 1963 καὶ
821 1935 975 1970 καθαρώτε-

192 1989 246 2016 ρον,
265 1982 311 2007 καὶ
329 1981 393 2016 ὅλης
405 1982 457 2016 ὅλῳ
481 1981 520 2008 νοῖ
539 1982 718 2017 μιγνυμένης,
732 1982 765 2016 ἣν
779 1981 809 2016 δὴ
828 1981 874 2007 καὶ
892 1981 976 2016 μόνην

192 2029 308 2063 μάλιστα
326 2027 462 2063 βασιλειαν
473 2028 593 2064 οὐρανῶν
611 2027 665 2061 ἐγὼ
679 2027 797 2062 τίθεμαυ
810 2028 865 2057 τοῖς
881 2027 936 2061 (59)
948 2026 975 2052 δὲ

193 2074 261 2108 μετὰ
276 2074 329 2100 τῶν
338 2075 424 2101 ἄλλων
440 2075 565 2109 βάσανος,
582 2074 682 2109 μᾶλλον
699 2073 726 2099 δὲ
744 2074 797 2108 πρὸ
809 2073 861 2099 τῶν
878 2073 975 2104 ἄλλων,

191 2119 222 2146 τὸ
235 2121 402 2156 ἀπερῤίφθαι
416 2120 494 2151 Θεοῦ,
521 2121 568 2146 καὶ
581 2120 597 2155 ἡ
613 2122 640 2146 ὲν
654 2119 693 2154 τῷ
710 2119 839 2146 συνειδότι
863 2119 975 2154 αἰσχύνη

193 2166 277 2201 πέρας
287 2167 335 2192 οὐκ
349 2166 457 2201 ἔχουσα.
475 2167 529 2193 Καὶ
544 2166 629 2193 ταῦτα
643 2167 691 2202 μὲν
712 2166 834 2202 ὕστερον,

1021 1526 1065 1552 nal
1079 1526 1141 1559 erit,
1155 1526 1296 1560 magisque
1311 1526 1392 1553 etiam
1403 1526 1504 1560 justum
1521 1533 1602 1559 quam
1617 1523 1803 1556 formidabile;

1022 1572 1087 1604 imo,
1104 1577 1131 1599 ut
1154 1572 1256 1599 rectius
1273 1572 1371 1605 dicam,
1393 1572 1495 1599 idcirco
1517 1571 1724 1601 formidabilius,
1742 1569 1805 1604 quia

1020 1618 1140 1652 iustum?
1155 1618 1213 1650 Quo
1232 1618 1341 1652 quidem
1358 1622 1478 1651 tempore
1493 1616 1586 1642 throni
1610 1618 1804 1650 proponentur.

1023 1671 1050 1692 ct
1067 1666 1205 1698 Antiquus
1228 1657 1333 1691 dierum
1348 1664 1463 1694 sedebit,
1484 1665 1511 1688 et
1527 1662 1586 1689 libri
1599 1662 1764 1696 aperientur,
1779 1664 1806 1686 et

1022 1710 1104 1746 306
1126 1710 1220 1744 igneus
1244 1709 1340 1736 ﬂuvius
1361 1708 1494 1740 volvetur,
1515 1712 1542 1734 et
1566 1707 1609 1734 lux
1627 1714 1641 1733 a
1658 1707 1756 1738 fronte,
1779 1709 1806 1732 et

1024 1761 1124 1791 parum
1136 1755 1283 1782 tenebrtc“
1300 1764 1305 1780 :
1321 1762 1351 1781 ac
1365 1754 1511 1788 precedent
1524 1754 1568 1788 qui
1586 1753 1656 1780 bona
1671 1753 1804 1783 fecerunt,

1025 1803 1051 1829 in
1071 1802 1298 1829 resurrectionetn
1315 1800 1419 1833 vitae",
1437 1799 1632 1833 nunc‘quidem
1655 1798 1683 1825 iu
1699 1797 1806 1825 Christo

1025 1847 1189 1874 absconditae
1201 1847 1234 1879 ",
1251 1854 1344 1874 verum
1360 1851 1453 1880 postea
1476 1845 1557 1873 simul
1572 1852 1632 1871 cum
1646 1845 1703 1879 ipso
1722 1843 1807 1870 mani-

1026 1892 1170 1919 festandte:
1184 1892 1228 1926 qui
1248 1895 1337 1918 autent
1355 1891 1424 1918 mala
1446 1895 1560 1926 egerunt
1587 1890 1615 1917 in
1632 1890 1808 1917 resurrectio-

1026 1943 1086 1963 nem
1110 1936 1253 1971 judicii“,
1274 1944 1328 1971 quo
1354 1936 1435 1963 etiam
1457 1936 1475 1963 ii
1502 1936 1547 1971 qui
1571 1943 1625 1963 non
1645 1935 1770 1967 credunt,
1792 1942 1807 1962 a

1027 1982 1109 2009 verbo
1131 1990 1178 2009 eos
1198 1982 1338 2017 judicante
1358 1981 1413 2016 jam
1440 1981 1612 2009 condemnati
1632 1985 1695 2008 sunt
1708 1990 1714 2007 :
1727 1985 1809 2014 atque

1028 2029 1088 2056 illos
1108 2028 1216 2063 quidem
1240 2029 1284 2055 lux
1305 2028 1378 2054 omni
1397 2035 1524 2055 sermone
1545 2028 1717 2061 praestantlor
1736 2025 1817 2060 οιαὶ-ν

1028 2075 1091 2109 piet,
1107 2079 1134 2101 et
1155 2080 1254 2102 sanctae
1275 2075 1410 2109 regiaeque
1427 2074 1570 2101 Trinitatis
1593 2073 1687 2107 purius
1712 2072 1764 2102 iatn
1782 2076 1810 2098 et

1028 2121 1128 2149 clarius
1151 2121 1339 2153 illuminantis,
1359 2125 1499 2155 totamque
1516 2127 1546 2146 se
1566 2127 1626 2146 cum
1645 2122 1699 2145 tota
1721 2121 1809 2144 mente

991 2163 1014 2190 Ι)
1029 2167 1182 2199 miscentis,
1197 2166 1402 2201 contemplatio,
1415 2167 1442 2192 in
1458 2173 1512 2200 qua
1526 2173 1586 2200 ego,
1603 2165 1645 2192 vel
1664 2164 1720 2192 sola
1739 2171 1809 2198 prae-

193 2213 284 2246 cipue,
313 2221 424 2248 regnum
443 2215 573 2241 caelorum
597 2214 711 2248 positum
730 2221 790 2240 esse
807 2221 922 2245 censeo;
937 2213 985 2240 llos
1005 2218 1105 2246 autem,
1123 2214 1204 2241 simul
1219 2222 1279 2241 cum
1311 2214 1381 2246 aliis,
1403 2213 1443 2240 vui
1459 2213 1547 2247 potius
1574 2216 1637 2239 ante
1658 2211 1720 2243 alia,
1739 2210 1810 2237 istud

194 2260 449 2295 cxcruciabit,quod
461 2268 475 2286 a
493 2261 549 2287 Deo
560 2260 670 2294 projecti
682 2260 747 2293 sint,
760 2264 841 2294 atque
858 2261 973 2288 inustam
993 2261 1018 2287 in
1036 2261 1200 2289 conscientia
1213 2262 1382 2295 sempiternae
1405 2259 1558 2295 ignominia:
1586 2264 1677 2286 notam
1693 2259 1808 2293 'gcrant.

194 2303 294 2330 Verum
307 2304 364 2331 lucc
377 2305 517 2338 posterius.

229 2349 257 2377 l'.
271 2351 328 2377 Νῦν
338 2351 366 2377 δὲ
377 2351 402 2377 τί
419 2352 576 2387 ποιήσωμεν
593 2351 659 2387 (60),
675 2351 794 2386 ἀδελφοὶ,
819 2360 978 2387 συντετριμ-

196 2395 280 2429 μένοι,
296 2395 343 2422 καὶ
362 2396 599 2431 τεταπεινωμένοι,
621 2397 668 2422 καὶ
689 2396 844 2431 μεθύοντες,
863 2396 912 2422 οὐκ
925 2397 979 2423 ἀπὸ

197 2441 301 2476 σίκερα,
321 2441 381 2468 οὐδὲ
396 2442 448 2468 ἀπὸ
462 2442 543 2474 οἴνου,
566 2441 612 2468 τοῦ
630 2442 698 2477 πρὸς
715 2442 804 2476 ὀλίγον
823 2441 978 2474 σαλεύοντος

195 2487 242 2513 καὶ
265 2487 442 2520 σκοτίζοντος,
464 2487 521 2515 ἀλλ’
539 2488 592 2515 ἀπὸ
615 2489 663 2523 τῆς
687 2488 792 2524 πληγῆς
806 2490 838 2524 ἢν
856 2489 978 2524 ἐπήγαγε

233 2567 254 2581 ¹¹
271 2565 338 2592 Psal.
354 2574 426 2600 xm,
444 2566 488 2592 ‘21.

197 2607 238 2632 ιιι,
252 2601 278 2627 '5.
320 2601 342 2617 ’³
356 2601 434 2628 Joau.
450 2609 475 2633 v,
489 2601 533 2628 29.
572 2602 594 2616 "
608 2600 659 2628 lsa.
676 2609 750 2633 uix.
770 2602 796 2628 9.

233 2716 289 2752 (5|)
325 2715 453 2752 ’ᾼπάγ-ει.
469 2714 586 2752 Πεθρμι,
601 2722 626 2746 c,
640 2715 694 2752 bm,
709 2715 755 2749 ph,
770 2714 816 2752 0r.
832 2714 863 2752 ᾖ,
877 2714 983 2752 ῥιπάγῃ.

233 2749 467 2786 (5³2))Πάσχομεν.
475 2755 526 2786 etc.
534 2749 774 2786 Pass..7r&qov1a.g
781 2750 865 2786 εἰπεῖν
876 2749 982 2784 ἔχομεν.

235 2785 296 2819 (55)
326 2785 573 2819 ’Λντισηκοῦσακ
599 2785 727 2817 Montac.,
759 2785 981 2818 ἁντεισάγουσαν.

237 2822 291 2855 (54)
308 2821 373 2848 Καί.
392 2821 467 2847 Deest
485 2821 510 2846 in
527 2820 659 2854 pluribus.

236 2857 291 2891 (ὕες)
312 2857 504 2889 Ἀνοίγονται.
519 2855 646 2891 Nortiae”
662 2854 850 2891 διανοίγονταέ.

237 2889 292 2926 (56)
306 2892 516 2923 Πορεύσονται.
535 2890 581 2917 Sic
604 2890 684 2924 Bcgg.
701 2898 726 2920 ιι,
744 2889 796 2916 but.
822 2889 891 2916 Editi
907 2896 980 2921 vero,

532 2567 554 2582 ’³
569 2566 661 2602 Matth.
679 2575 739 2597 xxv.
757 2567 772 2592 8
784 2575 845 2602 sqq.
873 2567 967 2595 "Luc.
982 2575 1036 2600 xvr,
1048 2567 1092 2595 2L

1066 2351 1100 2378 X.
1121 2350 1197 2378 Nunc
1214 2355 1303 2377 autent
1320 2350 1383 2385 quid
1401 2351 1542 2383 faciemus,
1560 2349 1672 2381 fratres,
1690 2348 1809 2380 contriti,

1031 2401 1059 2424 et
1072 2397 1262 2429 humiliati,.ct
1282 2397 1360 2430 ebrii,
1378 2405 1429 2424 non
1447 2405 1460 2423 ιι
1481 2398 1578 2428 sicera,
1598 2403 1646 2423 nec
1665 2403 1680 2422 a
1704 2395 1766 2422 vino
1777 2395 1810 2426 ",

1032 2443 1102 2477 quod
1121 2444 1153 2470 ad
1169 2444 1252 2470 breve
1269 2447 1376 2478 tempus
1398 2443 1518 2470 animum
1533 2443 1628 2477 agitat,
1644 2441 1723 2473 eique
1735 2445 1811 2467 tene-

1032 2490 1095 2516 bras
1110 2488 1232 2521 oquudit,
1249 2491 1296 2516 sed
1312 2497 1326 2516 a
1340 2489 1429 2524 plaga,
1445 2496 1525 2517 uuam
1543 2489 1671 2516 Dominus
1692 2486 1811 2518 invexit;

1133 2568 1155 2584 "
1170 2568 1236 2594 Dan.
1253 2567 1328 2600 νι1,ι9
1341 2575 1400 2602 sqq.
1433 2567 1456 2582 ’⁸
1471 2566 1548 2594 Joan.
1563 2565 1642 2598 v,‘29.
1680 2564 1812 2592 "Coloss.

1046 2729 1053 2737 τ
1147 2720 1200 2737 ται.

1033 2720 1374 2779 Τοῗέξξῖνηιστεύσαντες.
1389 2744 1472 2779 Regg.
1482 2752 1507 2776 c,
1522 2746 1567 2778 ph,
1580 2745 1761 2777 πιστεύοντες.

1079 2750 1111 2773 57
1144 2750 1374 2778 Πιστεῠσαντες.
1389 2750 1472 2779 ﬂegg.
1482 2752 1507 2776 c,
1522 2750 1567 2778 ph,
1580 2750 1761 2777 πιστεύοντες.

1147 2781 1325 2812 Διαδέξεται.
1352 2781 1397 2807 Sic
1426 2781 1478 2807 duo
1503 2780 1588 2815 Regg.
1603 2780 1631 2807 lu
1659 2780 1814 2814 ed'.,8ta8s—

1032 2825 1118 2852 χεται.

1067 2852 1120 2886 (59)
1140 2852 1213 2884 Τοῖς.
1226 2851 1300 2881 liam,
1312 2851 1383 2886 τούς.

1067 2852 1111 2886 (59
1140 2852 1213 2884 Τοῖς.
1226 2852 1300 2881 Bas,
1312 2852 1383 2882 τούς.

1067 2852 1121 2921 (60)
1142 2886 1325 2920 Ποιήσωμεν.
1342 2885 1406 2921 Reg.
1424 2886 1469 2920 ph,
1482 2885 1637 2920 ποιήσομεν.
