2049 3143
195 191 247 219 957

654 191 784 220 ORATIO
803 193 873 220 XVI.
895 209 927 214 —
950 193 984 221 IN
1005 194 1144 222 PATREM
1167 194 1364 222 TACENTEM.

1771 198 1824 226 958

233 249 281 277 lZ'.
299 249 372 285 Πλὴν
385 250 540 285 ὲπιγνῶμεν
553 250 600 276 τοῦ
614 250 698 277 κακοῦ
714 251 764 287 τὴν
784 253 924 279 ὑπουεσιν.
937 253 988 280 IM-

1076 253 1156 288 312
1188 253 1268 280 XVII.
1295 253 1348 281 Sed
1370 258 1458 280 tamen
1478 253 1558 288 hujus
1580 253 1738 283 calamitatis
1759 263 1825 284 cau-

198 296 244 323 θεν
258 295 449 331 ἐξηράνθησαν
459 296 593 331 γεωργίαι
610 296 677 331 (27),
692 297 867 332 ᾐσχύνθησαν
884 297 989 332 ἀποοῆ-

198 349 255 373 και,
273 341 321 367 καὶ
347 340 416 375 νομὴ
432 341 565 375 ποιμνίων
584 341 718 373 ἐξέλιπεν,
735 342 861 378 ὼλιγώθη
877 342 933 378 (‘28)
955 342 988 369 τὰ

198 387 288 421 ὡραῖα
300 386 349 421 τῆς
362 386 425 421 γῆς,
435 386 485 412 οὐκ
498 386 621 422 ἐπλήσθη
638 387 671 413 τὰ
681 387 760 413 πεδία
776 387 911 423 πιότητος,
922 388 989 414 ἀλλὰ

197 432 359 468 κατηφείας·
376 433 427 459 οὑκ
452 432 605 468 ὲπλήθυναν
623 433 651 459 αἱ
677 433 799 465 κοιλάδες
816 435 898 467 σῖτον,
931 434 988 461 ἀλλ’

197 479 399 515 ὲκλαύσϐησαν·
413 480 463 506 οὒκ
483 479 616 512 ἐστάλαξε
632 479 687 514 (29)
702 479 736 506 τὰ
749 479 799 515 ὅρη
819 480 986 515 γλυκασμὸν,

197 524 235 556 ὡς
249 525 363 561 ὕστερον
378 527 433 557 τοῖς
450 525 575 557 δικαίοις,
596 525 653 553 ἀλλ’
668 525 849 562 ἀπεκοσμήθη
874 526 921 552 καὶ
932 527 989 561 ἡτι-

200 571 302 607 μάσθη,
325 572 372 598 καὶ
392 572 442 607 τὴν
457 572 570 599 Γελϐουὲ
590 573 713 608 κατάραν
736 574 768 600 ἐκ
784 573 838 599 τῶν
861 573 989 600 ἐναντίων

197 617 323 650 ἑδέξατο;
337 617 451 652 Γέγονεν
465 617 502 649 ὼς
518 618 548 644 τὸ
559 618 605 644 ἀπ’
626 618 715 654 ἀρχῆς
728 620 830 654 πᾶσαή
847 618 895 653 γῆ,
925 620 989 654 πρὶν

198 662 371 699 κοσμηθῆναι
393 665 449 695 τοῖς
465 663 564 698 ἑαυτῆς
583 664 720 691 κάλλεσιν.
748 664 925 698 Ἔπεσκέψω
940 665 989 699 μὲν

198 706 256 739 τὴν
281 706 350 741 γῆν,
378 707 427 734 καὶ
453 707 602 742 ὲμέθυσας
621 707 728 741 αὐτὴν,
753 708 810 734 ἀλλ’
837 708 989 744 ἐπισκοπὴν

197 753 321 789 πονηρὰν
340 754 387 780 καὶ
405 753 491 789 μέθην
507 754 638 789 ὀλέθριον.
653 754 704 780 Φεῦ
720 754 766 780 τοῦ
782 754 933 790 θεάματοςῑ
960 755 989 780 ἐν

198 798 309 836 καλάμῃ
323 799 358 826 τὰ
370 800 419 835 τῆς
433 800 563 836 εὐφορίας
579 801 655 835 ἡμῖν,
671 800 718 826 καὶ
732 801 841 836 μικροῖς
852 800 989 835 λειψάνοις

197 848 214 882 ἡ
230 845 320 881 σπορὰ
334 844 508 881 γνωρίζεται,
532 846 579 872 καὶ
599 846 675 881 μόλις
691 846 818 882 ἀπαρχὰς
834 846 929 882 Κυρίῳ
958 846 989 872 τὸ

199 892 278 928 θέρος
303 892 382 928 ἡμῶν
400 894 580 928 καρποφορεῖ,
602 893 670 928 μησὶ
692 892 792 927 μᾶλλον
808 892 865 928 (50)
891 893 908 927 ἢ
924 892 989 928 δρά-

1040 307 1098 327 sam
1116 307 1305 335 agnoscamus.
1320 298 1375 326 Cur
1399 304 1505 333 segetes
1535 306 1708 334 exaruerunt,
1729 302 1825 330 horrea
1846 325 1850 335 ρ

1040 346 1153 373 confusa
1170 350 1243 377 sunt,
1267 352 1365 379 pascua
1389 345 1478 371 ovium
1503 345 1669 379 defccerunt,
1681 354 1826 375 extenuata

1041 397 1104 418 sunt
1123 392 1244 425 speciosa
1273 396 1362 422 terrm,
1391 393 1479 425 campi
1505 398 1558 418 non
1584 392 1755 427 pinguedine.
1780 396 1826 422 sed

1040 442 1157 462 mterore
1175 434 1274 470 perfusi
1291 440 1373 468 sunt;
1403 435 1486 462 valles
1512 444 1564 462 non
1593 436 1727 465 frumento
1743 439 1827 465 abun-

1039 482 1148 514 darunt,
1165 481 1210 507 sed
1232 481 1376 515 deplorata!
1396 486 1475 512 sunt;
1501 486 1605 508 montes
1621 482 1708 515 nobis,
1730 491 1826 518 quem-

1040 527 1183 553 admodum
1209 532 1301 561 postea
1314 526 1396 561 jnstis
1412 527 1487 558 viris,
1503 527 1671 554 dulcedinem
1694 536 1746 555 non
1766 530 1826 555 stil-

1040 572 1139 603 larunt,
1156 571 1202 598 sed
1220 575 1344 598 ornatum
1361 579 1438 598 suum
1466 576 1609 604 emerunt,
1628 573 1827 608 ignominiaque

1040 617 1126 644 atl'ecti
1153 623 1234 651 sunt,
1264 625 1295 645 ac
1323 618 1453 645 montimn
1486 618 1586 645 Gellioe
1612 620 1825 648 maledictionem

1040 665 1176 691 contrario
1193 666 1272 692 modo
1290 670 1453 700 acceperunt
1470 665 1513 690 7'?
1528 664 1610 692 Facta
1634 672 1675 693 est
1701 667 1825 694 universa

1041 714 1111 737 terra
1130 715 1193 737 uta
1221 711 1365 745 principio,
1393 719 1453 737 cum
1486 711 1602 738 nondum
1629 711 1827 746 pulchritudine

1040 764 1087 784 sua
1105 763 1236 784 exornata
1267 762 1349 784 esset.
1384 757 1501 784 Visitasli
1522 762 1630 787 terram.
1645 763 1669 784 et
1694 758 1828 785 Inebrinslt'

1039 812 1096 830 eam
1115 803 1156 836 7';
1181 803 1227 831 sed
1249 804 1402 831 visitatione
1427 803 1506 835 mala,
1531 808 1557 830 et
1584 803 1710 838 pestifera
1738 804 1827 831 ebrie-

1041 853 1104 878 tate.
1128 849 1199 877 Proh
1218 849 1294 876 triste
1317 849 1518 884 spectaculum!
1546 849 1572 876 in
1592 849 1681 876 culmo
1705 849 1829 876 fertilitas

1040 896 1118 924 nobis
1141 901 1233 928 est,et
1249 895 1378 923 sementis
1404 902 1436 922 ex
1459 895 1547 929 parvis
1563 895 1683 930 reliquiis
1706 896 1830 929 agnosci-

197 947 284 974 γμασι
311 938 596 973 καταλαμϐανόμενον.
621 938 748 970 Τοιοῦτος
773 939 787 964 ὁ
807 937 920 970 πλοῦτος
933 938 988 965 τῶν

1042 946 1094 975 tur,
1108 949 1140 969 ac
1155 942 1198 969 vix
1219 941 1354 977 primitias
1374 941 1488 968 Domino
1522 941 1618 968 messis
1641 946 1732 967 nostra
1761 941 1828 972 edit,

197 985 313 1016 ὰσεῦὦν,
328 984 442 1012 τοιαῦτα
455 984 490 1011 τὰ
496 984 550 1012 τῶν
563 984 657 1016 κακῶς
670 984 835 1020 σπειρόντων
855 983 986 1020 γεώργια·

197 1031 353 1066 ἐπιϐλέψαι,
370 1031 437 1066 ὼςή
455 1031 556 1058 παλαιὰ
570 1031 687 1066 κατάρα,
705 1030 824 1062 πλείονα,
854 1031 900 1057 καὶ
931 1031 988 1056 εἰσ-

197 1079 322 1112 ενεγκεῖν
343 1077 431 1111 ὀλίγα·
448 1078 569 1112 σπεῖραι,
595 1077 642 1103 καὶ
660 1077 697 1112 μὴ
719 1077 834 1112 ἀμῆσαι·
847 1076 988 1111 φυτεῦσαι,

198 1124 245 1150 και
273 1124 309 1159 μὴ
329 1123 464 1158 euomu-
487 1121 517 1150 οὗ
542 1123 675 1158 ὲργῶνται
706 1123 771 1149 δέκα
798 1123 881 1158 ζεύγη
909 1123 988 1159 WB“

198 1170 311 1205 ποιῆσαι
339 1170 470 1205 κεράμιον
498 1170 540 1196 ἓν·
554 1169 600 1196 καὶ
623 1169 688 1205 παρ’
705 1169 795 1201 ἄλλοις
807 1170 916 1196 ἀκούειν
941 1169 990 1205 τὴν

198 1215 361 1252 εὐκαρπίαν,
383 1216 481 1247 αὐτοὺς
511 1216 599 1252 ἐνδείᾳ
619 1216 675 1252 (51)
699 1216 887 1251 πιεζομένους.
904 1216 990 1243 Πόθεν

198 1261 300 1294 ταῦτα,
316 1262 364 1288 καὶ
378 1262 421 1293 τίς
437 1263 454 1296 ἡ
471 1262 545 1288 αἰτία
573 1262 618 1288 τοῦ
644 1262 835 1298 οραύσματος;
849 1263 895 1298 Μὴ
924 1263 990 1289 ἀνα-

201 1309 337 1343 μείνωμεν
351 1308 396 1335 ὗπ⁸
413 1308 500 1335 ἄλλων
519 1308 692 1343 ἐλεγχθῆναν
710 1309 788 1344 ἡμῶν
798 1309 886 1335 αὐτῶν
899 1309 992 1341 ἐξετα-

200 1355 262 1381 σταὶ
279 1354 433 1389 γενώμεθα.
448 1354 528 1388 Μέγα
547 1355 648 1386 κακίας
661 1347 817 1390 φάρμᾶκον,
834 1356 880 1381 καὶ
896 1355 992 1390 ὁμολο-

198 1400 256 1434 γία,
272 1401 319 1428 καὶ
333 1401 405 1436 φυγὴ
415 1400 463 1427 τοῦ
481 1400 660 1436 πταίσματος.
679 1401 751 1435 ζΕγὼ
766 1401 883 1438 πρῶτος,
898 1401 990 1440 ὥσπερ

199 1447 347 1483 ἁνήγγειλα
360 1447 417 1483 (52)
434 1447 474 1483 τῷ
488 1446 545 1482 λαῷ
561 1456 610 1482 μου
625 1447 738 1478 ἇνωοεν,
754 1448 800 1474 καὶ
819 1448 848 1474 τὺ
863 1447 909 1474 τοῦ
928 1457 989 1474 σκο-

199 1492 251 1519 ποῦ
266 1493 344 1528 ἔργον
357 1492 594 1528 πεπλήρωκα.(55)
608 1493 648 1528 (οὺ
667 1493 722 1529 γὰρ
735 1492 842 1527 ἔκρυψα
855 1493 903 1528 τὴν
913 1494 991 1528 ἐρχο-

201 1539 285 1574 μένην
305 1538 452 1574 ῥομφαίαν,
473 1539 516 1565 ἴνα
539 1539 586 1565 καὶ
609 1539 659 1570 τὴν
677 1539 797 1574 ἐμαυτοῦ
817 1538 915 1574 ψυχὴν,
944 1539 992 1564 καὶ

199 1584 248 1615 τὰς
263 1584 317 1611 τῶν
333 1585 485 1611 ἀκουόντων
496 1585 740 1621 περιτωιήσωμαι)·
750 1585 835 1617 οὕτως
849 1584 991 1620 ἀναγγελῶ

200 1631 247 1658 καὶ
263 1630 311 1657 τοῦ
327 1631 392 1657 λαοῦ
413 1639 464 1666 μου
480 1631 529 1666 τὴν
540 1631 693 1662 ἀπείθειαν,
704 1631 824 1666 ἐμαυτοῦ
838 1631 871 1657 τὰ
886 1631 990 1657 ἐκείνου

200 1676 371 1712 ποιούμενος·
389 1677 416 1703 εἴ
425 1684 483 1708 πως
495 1677 527 1704 ἂν
543 1677 613 1704 οὕτω
623 1678 733 1712 τύχοιμι
750 1686 822 1709 τινος
837 1677 991 1712 φιλανθρω-

200 1721 264 1754 πίας
278 1723 326 1749 καὶ
341 1722 509 1757 ἀναψύξεως.

1041 994 1122 1024 atque
1137 996 1169 1016 ex
1191 988 1327 1015 mensibus
1348 988 1438 1022 potius
1454 995 1535 1021 quam
1558 994 1592 1013 ex
1615 986 1757 1020 manipulis
1771 993 1831 1021 per-

1041 1035 1150 1068 cipitur.
1175 1033 1254 1061 Tales
1271 1033 1415 1068 impiorum
1442 1033 1543 1060 divitia:
1569 1038 1646 1065 sunt,
1670 1032 1735 1060 tal'es
1761 1033 1830 1059 male

1041 1079 1231 1106 seminantium
1267 1086 1370 1106 messes
1401 1087 1408 1105 :
1442 1078 1581 1111 nimirum,
1605 1077 1681 1112 juxta
1714 1083 1830 1105 veterem

1041 1125 1276 1158 tnaledictiouem,
1292 1126 1426 1158 respicere
1446 1125 1478 1150 ad
1499 1124 1592 1156 multa,
1607 1129 1635 1152 et
1650 1132 1733 1159 pauca
1748 1124 1833 1152 infer-

1041 1178 1070 1198 re
1085 1171 1127 1198 7’:
1144 1171 1287 1204 seminare,
1306 1175 1334 1198 et
1350 1179 1402 1198 non
1425 1175 1550 1201 metere;
1570 1170 1706 1206 plantare,
1730 1176 1756 1198 et
1779 1178 1831 1198 non

1040 1217 1195 1252 exprimere
1209 1217 1254 1250 7";
1279 1217 1322 1244 ubi
1339 1217 1430 1244 decem
1443 1217 1506 1251 iuga
1521 1217 1602 1244 boum
1617 1222 1775 1252 operantur,
1791 1217 1832 1243 la-

1041 1271 1092 1299 gun
1100 1263 1186 1291 culam
1204 1270 1285 1289 unam
1304 1262 1393 1289 facere
1404 1262 1442 1292 7';
1465 1269 1545 1297 atque
1562 1263 1631 1297 apud
1646 1263 1712 1291 alios
1726 1263 1832 1298 frugum

1040 1310 1193 1336 ubertatem
1210 1309 1314 1340 audire,
1330 1316 1392 1336 cum
1412 1308 1519 1335 interim
1542 1309 1590 1343 ipsi
1608 1316 1697 1336 rerum
1722 1310 1831 1343 penuria

1039 1359 1207 1388 pretnantur.
1232 1353 1306 1380 Unde
1334 1353 1391 1380 ha-c
1412 1355 1528 1386 tandem,
1542 1359 1569 1381 et
1594 1361 1652 1388 qua:
1678 1355 1754 1381 nobis
1781 1354 1832 1381 Itu<

1037 1400 1115 1435 jusce
1129 1400 1292 1426 calamitatis
1307 1407 1388 1427 causa
1408 1400 1469 1427 est?
1486 1399 1525 1428 Ne
1538 1405 1745 1434 exspectemus,
1757 1407 1785 1426 ut
1800 1401 1833 1427 ab

1041 1446 1103 1472 aliis
1136 1453 1316 1480 coarguamur
1342 1456 1348 1473 :
1379 1446 1488 1481 ipsimet
1518 1447 1543 1473 in
1579 1454 1627 1474 nos
1655 1446 1832 1480 inquiramus.

1041 1492 1136 1527 Magna
1153 1493 1212 1519 vitii
1231 1493 1366 1520 medicina
1379 1497 1420 1520 est
1436 1492 1582 1525 confessio,
1600 1497 1627 1519 et
1643 1493 1745 1527 peccati
1761 1492 1832 1527 fuga.

1042 1538 1148 1565 Primus
1163 1546 1225 1574 ego,
1240 1538 1310 1566 sicut
1328 1538 1427 1574 populo
1450 1546 1510 1565 meo
1530 1543 1592 1565 ante
1618 1538 1782 1570 denuntiavi,
1803 1545 1834 1564 ac

1043 1584 1222 1619 speculatoris
1233 1592 1344 1612 munere
1359 1584 1467 1611 functus
1478 1583 1621 1620 sum.’_Non
1639 1585 1708 1611 enim
1730 1583 1835 1611 venien-

1046 1635 1098 1658 tem
1113 1630 1231 1665 gladium
1249 1630 1379 1662 celavi",
1399 1635 1463 1656 utet
1483 1637 1570 1656 meam
1588 1630 1683 1665 ipsius,
1703 1634 1729 1656 et
1741 1637 1833 1656 eorum

1045 1677 1091 1712 qui
1113 1678 1234 1710 audiunt,
1254 1677 1356 1704 animas
1380 1677 1529 1703 elucrarer.
1557 1675 1603 1702 Sic
1623 1683 1695 1702 nunc
1724 1683 1832 1710 quoque

1044 1723 1134 1758 populi
1153 1722 1204 1749 mei
1235 1721 1445 1748 inoliedientiam
1467 1728 1612 1756 exponam,
1637 1724 1745 1755 peccata
1763 1720 1834 1746 illius

200 1775 250 1802 pro
273 1764 341 1795 meis
362 1768 474 1796 ducens.
502 1768 547 1796 Sic
584 1769 656 1796 enim
689 1769 804 1796 fortasse
835 1769 954 1796 futurum
979 1773 1031 1801 est,
1050 1773 1079 1795 ut
1103 1767 1318 1795 misericordiam
1335 1767 1453 1802 aliquam
1479 1772 1507 1794 ct
1526 1774 1652 1794 aerumna:
1676 1766 1834 1793 levationem

201 1821 335 1850 consequa
340 1823 362 1842 r.

235 1861 288 1887 IH’.
324 1862 354 1888 Ὀ
373 1861 422 1897 μέν
438 1870 480 1894 τις
493 1861 571 1897 ἡμῶν
587 1860 712 1896 ὲξέθλιψε
731 1861 786 1896 (54)
803 1861 916 1896 πένητα,
944 1861 991 1888 καὶ

202 1909 298 1942 μοῖραν
313 1908 363 1943 γῆς
379 1909 584 1944 παρεσπάσατο,
605 1908 652 1935 καὶ
665 1909 738 1944 ὅριον
757 1908 878 1943 ὑπερέϐη
889 1909 990 1940 κακῶς,

201 1953 218 1988 ἢ
232 1953 343 1988 κλέψας,
362 1954 379 1990 ἢ
399 1955 580 1990 τυραννήσας,
597 1955 644 1981 καὶ
670 1955 788 1990 συνῆψεν
813 1955 902 1981 οἰκίαν
925 1955 993 1990 πρὸς

200 1999 298 2031 οὶκίαν,
323 1999 370 2025 καὶ
384 1999 469 2035 ἀγρὸν
492 1999 560 2035 πρὸς
576 1999 672 2034 ἀγρὸν,
689 1999 732 2026 ἵνα
754 2008 780 2025 τι
803 1999 850 2026 τοῦ
878 2000 993 2035 πλησίον

202 2045 343 2080 ἀφέληται·
359 2046 405 2072 καὶ
424 2045 524 2081 μηδένα
538 2045 609 2081 ἔχειν
621 2046 806 2080 ἐφιλονείκησε
821 2046 940 2080 γείτονα,
956 2046 993 2078 ὡς

205 2091 284 2125 μόνος
305 2092 423 2127 οἰκήσων
440 2092 486 2118 ἐπὶ
509 2091 559 2126 τῆς
575 2092 636 2126 γῆς.
657 2092 685 2118 '0
709 2091 736 2118 δὲ
751 2092 841 2123 τόκοις
853 2093 899 2118 καὶ
914 2092 994 2118 πλεο-

204 2137 317 2171 νασμοῖς
331 2136 380 2172 τὴν
397 2136 448 2172 γῆν
469 2136 566 2171 ἐμίανε
580 2136 646 2173 (55),
662 2137 708 2164 καὶ
725 2137 848 2171 συνάγων
862 2137 923 2165 ὅθεν
945 2138 995 2164 οὐκ

204 2182 325 2217 ἔσπειρε,
340 2183 386 2209 καὶ
399 2183 514 2218 θερίζων
527 2184 592 2210 ὅπου
611 2183 647 2218 μὴ
665 2183 848 2218 διεσκόρπισε·
864 2184 995 2218 γεωργῶν

203 2227 233 2253 οὐ
250 2226 300 2262 τὴν
320 2227 382 2262 γῆν,
403 2228 472 2254 ἀλλὰ
483 2228 532 2264 τήν
560 2229 654 2264 χρείαν
678 2229 731 2255 τῶν
747 2229 892 2264 δεομένων.
915 2230 944 2255 Ὀ
966 2229 994 2255 δὲ

204 2273 330 2309 ἀπαρχὰς
345 2273 448 2305 ἅλωνος
461 2275 508 2301 καὶ
518 2275 598 2310 ληνοῦ
618 2275 663 2300 τὸν
679 2275 768 2301 πάντα
779 2275 914 2302 δεδωκότα
928 2275 995 2301 Θεὸν

204 2319 388 2355 ἀπεστέρησε,
420 2320 467 2346 καὶ
492 2321 604 2354 γέγονεν
630 2321 778 2356 ἀχάριστός
804 2330 834 2348 τε
859 2321 927 2356 ὁμοῦ
950 2322 997 2347 καὶ

204 2365 326 2401 ἀνόητος·
339 2365 400 2392 οὔτε
418 2366 487 2402 ὑπὲρ
501 2363 538 2393 ὧν
554 2366 632 2402 ἔσχεν
652 2367 864 2403 εὐχαριστήσας,
887 2367 949 2394 οὔτε
967 2367 997 2393 τὸ

207 2411 301 2446 μέλλον
317 2412 384 2448 (56),
411 2413 434 2438 εἰ
453 2414 489 2448 μή
516 2421 541 2439 τι
558 2412 631 2444 ἄλλο,
651 2413 695 2439 διὰ
720 2413 769 2449 τῆς
789 2413 998 2448 εὐγνωμοσύνης

241 2526 262 2540 ν·
281 2525 300 2552 ιι
321 2525 385 2560 ιιεε.
403 2532 423 2556 ι,
441 2525 485 2551 2-1.

207 2605 251 2636 ph,
270 2609 323 2631 etc.
352 2603 380 2630 In
399 2603 455 2635 οὐ..
478 2601 619 2637 παρούσης
640 2601 748 2636 πληγῆς
769 2600 917 2637 βαρύτερος
930 2601 994 2636 ὑμῖν

207 2640 474 2710 Υέῖξῖίῖαῖπεωρτίαι.
502 2672 567 2707 Iteg.
592 2679 618 2704 a,
640 2672 729 2707 ἀγροί.
747 2671 812 2707 Reg.
844 2672 899 2703 lnn,
913 2680 996 2706 γεωρ-

207 2709 298 2779 γοίὲὸ)
315 2742 468 2779 Ὠλιτιὶιθη.
484 2742 540 2779 Οιιο
552 2742 639 2773 (2011),,
655 2741 843 2779 ὠλιγώεξησαν.

242 2777 298 2813 (29;
323 2777 496 2809 Ὲστάλαξε.
512 2777 596 2811 Regg.
613 2786 638 2808 a,
655 2786 680 2813 ς,
697 2777 875 2809 ἐστάλαξαν.¹

244 2813 299 2848 (50)
312 2814 393 2847 Μησὶ
407 2813 537 2847 μᾶλλον,
552 2818 607 2840 etc.
624 2821 632 2836 ι
655 2812 692 2838 Ex
715 2813 851 2848 mensibus
864 2812 961 2846 potius,
982 2820 991 2836 ι

209 2853 274 2881 etc.;
286 2849 311 2875 id
326 2854 377 2880 est,
395 2857 404 2872 «
422 2855 474 2874 non
494 2855 527 2874 ex
546 2848 742 2880 manipulorum
757 2847 872 2877 acervis,
889 2848 936 2873 sed
963 2854 993 2873 ex

210 2883 340 2911 mensium
359 2883 471 2913 ratione,
494 2882 591 2910 messis
607 2882 726 2916 dignosci
743 2885 841 2916 potest.
861 2891 870 2906 ι

246 2918 301 2954 (51)
315 2917 373 2951 Τὴν
387 2918 562 2952 εὐκαρπίαν,
577 2915 687 2950 αὐτοὺς
702 2915 810 2951 ἐνδείᾳ.
828 2916 909 2944 Coisl.
927 2916 952 2950 I,
962 2916 995 2942 τὰ

525 2525 548 2540 ⁷³
564 2525 623 2551 ΡδειΙ
652 2531 724 2554 Lm,
743 2523 789 2550 IO.
827 2523 850 2538 ⁷³
866 2523 933 2558 Agg.
953 2531 972 2554 I,
989 2523 1017 2549 9.
1055 2522 1079 2538 7‘
1096 2521 1180 2556 Soph.
1196 2530 1215 2555 ι,
1232 2523 1275 2549 I5.

1080 1856 1173 1885 XVIII.
1199 1857 1277 1884 Alius
1312 1862 1433 1884 nostrum
1461 1864 1606 1892 pauperem
1634 1857 1777 1890 oppressit,
1803 1863 1835 1883 ac

1046 1911 1125 1932 terrae
1133 1909 1236 1939 partem
1248 1904 1298 1938 ipsi
1308 1904 1449 1935 abstraxit,
1460 1903 1591 1937 maleque,
1601 1902 1640 1929 vel
1649 1909 1695 1936 per
1703 1901 1834 1934 fraudem,

1050 1951 1091 1978 vel
1115 1959 1163 1986 per
1179 1951 1244 1984 vim,
1258 1950 1402 1977 terminum
1422 1953 1606 1984 transgressus
1619 1953 1671 1982 est,
1686 1954 1714 1975 et
1727 1949 1834 1975 donan

1048 1997 1080 2024 ad
1097 1997 1205 2024 domum
1231 1995 1381 2029 conjunxit.
1396 2000 1423 2022 et
1437 2002 1531 2029 agrum
1550 2002 1615 2030 agro
1639 1994 1785 2030 copulavit,
1806 1999 1835 2020 ut

1047 2043 1173 2078 proximo
1187 2042 1289 2077 aliquid
1304 2041 1438 2077 eriperet:
1464 2048 1496 2068 ac
1517 2041 1635 2068 vicinum
1658 2040 1758 2068 nullum
1788 2041 1835 2066 ha-

1045 2090 1110 2117 bere
1127 2089 1242 2120 studuit,
1262 2088 1374 2123 perinde
1392 2095 1424 2114 ac
1451 2087 1526 2114 solus
1545 2087 1713 2114 habitaturus
1730 2087 1755 2113 in
1782 2091 1836 2113 ter-

1045 2143 1085 2162 ra.
1100 2135 1174 2162 Alius
1187 2134 1277 2161 usuris
1291 2139 1318 2161 et
1337 2134 1485 2161 rumoribus
1508 2138 1605 2160 terram
1631 2132 1833 2163 contaminavit,

1046 2182 1178 2217 colligens
1193 2181 1237 2208 ubi
1265 2189 1317 2208 non
1342 2181 1500 2212 seminarat,
1527 2187 1559 2206 ac
1579 2183 1682 2206 metens
1711 2179 1754 2205 ubi
1782 2186 1834 2205 non

1046 2233 1199 2262 sparserat;
1217 2235 1270 2254 non
1300 2235 1332 2254 ex
1354 2231 1433 2254 terra:
1458 2226 1541 2257 cultu.
1560 2227 1606 2252 sed
1634 2233 1665 2253 ex
1689 2233 1835 2260 pauperum

1049 2275 1140 2309 inopia
1153 2274 1313 2309 etpenuria,
1336 2273 1477 2301 commoda
1494 2281 1541 2300 sua
1564 2272 1643 2307 313
1667 2279 1834 2307 comparans.

1050 2321 1125 2347 Alius
1141 2327 1211 2346 area:
1226 2327 1258 2346 ac
1274 2320 1414 2346 torcularis
1425 2319 1552 2354 primitiis
1567 2319 1661 2350 Deum,
1677 2318 1721 2352 qui
1745 2318 1835 2346 omnia

1052 2367 1211 2398 donaverat,
1229 2366 1374 2397 fraudavit,
1387 2365 1531 2400 simulque,
1551 2370 1578 2392 et
1600 2365 1732 2399 ingratum
1747 2369 1774 2392 et
1789 2365 1836 2392 de-

1053 2418 1168 2440 mentem
1185 2420 1214 2439 se
1237 2413 1368 2447 prmliuit;
1392 2412 1491 2446 utqui,
1509 2419 1558 2438 nec
1578 2418 1626 2446 pro
1645 2411 1689 2442 iis,
1711 2419 1770 2446 qua:
1790 2412 1836 2437 lia—

1313 2522 1336 2537 ⁷⁸
1353 2521 1401 2549 Isa.
1417 2530 1444 2554 v,
1462 2523 1503 2549 IO.
1542 2523 1564 2558 'f
1581 2523 1679 2550 Ezecli.
1697 2531 1793 2554 xxxnt,
1808 2524 1834 2550 3.

1048 2601 1098 2636 τῆς
1111 2600 1262 2637 εὐκαρπίας
1273 2601 1371 2633 αὐτοὺς
1384 2603 1412 2628 ἐν
1425 2602 1521 2637 ἐνδείᾳ.

1085 2637 1140 2671 (52)
1160 2636 1345 2672 Ἀνιὶγτειλα.
1367 2638 1432 2671 Ιὶειζ.
1449 2646 1475 2669 a,
1495 2635 1658 2672 ἀπήγγειλα.
1693 2671 1698 2672 7
1751 2670 1762 2672 _
1803 2636 1807 2650 \

1086 2672 1143 2703 (33}
1163 2670 1358 2704 Πεπλήρωται.

1051 2705 1208 2740 ἐπλήρωσα.

1086 2715 1333 2775 ΐέὗωῗέὲέθλιψε.
1353 2750 1362 2766 ι
1379 2741 1490 2772 Alllixit,
1507 2741 1621 2768 vexavit.
1640 2751 1649 2767 ι

1085 2776 1142 2811 (55)
1161 2776 1289 2810 Ἔμίιινε.
1308 2776 1436 2811 Sequitur
1452 2778 1480 2803 in
1497 2777 1540 2803 ed.
1556 2776 1612 2808 καί,
1628 2776 1697 2810 quod
1713 2776 1835 2804 codicum

1049 2811 1207 2837 auctoritate
1222 2811 1379 2837 delevimus.

1086 2844 1142 2881 (56)
1160 2845 1196 2872 Τὸ
1210 2845 1336 2880 μέλλον.
1350 2846 1377 2872 In
1391 2846 1473 2873 Coisl.
1487 2846 1499 2872 1
1519 2846 1651 2880 sequitur,
1664 2846 1738 2877 ὅπως
1750 2846 1837 2880 ἀσφα-

1049 2881 1103 2912 λῶς
1119 2880 1168 2916 ἓξῃ
1179 2881 1335 2916 φροντίσας,
1349 2881 1396 2908 καὶ
1408 2881 1442 2912 εί,
1451 2887 1514 2915 etc.,
1526 2892 1534 2907 ι
1548 2890 1596 2909 nec
1608 2886 1697 2916 postea
1711 2882 1837 2916 cogitavit

1049 2918 1182 2951 quomodo
1194 2923 1287 2943 secure
1299 2917 1455 2951 possideret.
1471 2926 1481 2942 ι

1386 2672 1470 2707 Regg.
1501 2680 1525 2700 a.
1547 2670 1573 2703 ξ,
1603 2673 1658 2704 ιιιιι,
1674 2671 1719 2706 ph,
1745 2670 1792 2698 0r.
1809 2671 1836 2702 2,
