2049 3143
269 116 317 143 9'.‘l

874 116 902 143 S.
920 114 1085 154 GREGORII
1106 113 1280 142 THEOLOGI
1841 113 1894 141 9η

271 174 398 208 subjecta:
416 179 488 206 sunt,
504 174 724 206 inconstantiam,
750 175 783 201 ad
804 183 846 206 ea,
870 183 929 209 quae
947 175 1052 202 stabilia

1109 173 1154 199 οὐκ
1179 173 1315 204 ἀσθένεια,
1338 172 1367 199 οὐ
1395 171 1566 206 ταπεινότης,
1591 171 1621 196 οὗ
1647 170 1799 202 δυναστεία,
1817 171 1847 197 οὒ
1863 171 1895 198 τὸ

269 225 297 247 et
313 225 414 251 zelerna
435 225 508 251 sunt,
524 227 662 248 revocare.
677 219 809 247 Cancrum
825 221 890 247 nihil
914 221 1054 247 immotum

271 270 323 294 est.
350 270 378 290 ut
401 264 530 296 diximus,
547 265 612 292 nihil
632 265 740 298 planum
756 270 782 291 et
808 264 950 300 aequabile,
974 269 1055 298 atque

271 309 298 336 in
314 309 393 336 ﬁnem
408 317 493 343 usque
514 309 564 336 sibi
583 309 682 343 simile,
695 318 746 336 ttott
762 310 896 342 hilaritas,
916 318 968 337 non
985 317 1052 338 mm-

271 355 355 384 stitia.
380 362 432 382 non
468 363 543 390 opes,
561 363 613 382 non
634 361 789 391 paupertas,
814 365 866 384 non
893 357 977 388 vires,
1002 364 1054 383 non

271 400 424 431 inﬁrmitas,
439 409 491 427 non
500 401 649 434 humilitas,
663 410 714 428 tton
729 403 860 437 potentia.
874 410 926 430 non
939 410 1056 437 praesens

272 451 386 481 tempus,
403 455 455 473 non
476 447 604 479 futurum,
618 455 670 475 non
696 455 739 475 res
755 453 865 480 nostras,
881 456 932 475 non
950 448 1054 479 alienat,

271 500 323 519 non
344 501 466 528 parvum,
497 501 548 520 non
578 495 681 528 majus.
709 502 758 522 nec
785 495 901 529 denique
926 495 1054 529 quidquid

271 540 361 567 dicere
377 540 513 574 quispiam
539 541 633 574 possit.
659 542 747 576 Atque
770 541 821 568 ltoc
851 549 933 568 llnltm
954 539 1056 574 mquale

272 585 468 620 inteqnabilitas
491 586 582 616 habet,
598 594 694 620 nempe
710 587 735 614 itt
755 587 880 613 omnibus
901 587 981 613 rebus
997 593 1056 612 nnt-

273 631 412 656 tatinnem.
437 629 531 657 ()mnia
553 631 624 657 enim
646 631 724 659 facile
751 633 776 658 iu
800 632 892 658 orbctu
920 631 1054 663 feruntur,

1109 221 1206 256 παρὸν,
1232 221 1263 247 οὗ
1291 221 1321 246 τὸ
1342 220 1447 255 μέλλον,
1468 219 1498 245 οὐ
1519 219 1549 244 τὸ
1569 218 1711 254 ἡμέτερον,
1727 218 1757 243 οὔ
1774 217 1804 244 τὸ
1818 217 1895 244 ἀλλό-

1107 267 1230 302 τριον,οὺ
1246 265 1353 301 μικρὸν,
1371 265 1400 291 οὺ
1416 265 1516 300 μεῖζον,
1529 263 1577 299 οὐχ
1587 264 1600 290 ὅ
1610 273 1636 290 τι
1646 263 1678 290 ἂν
1690 263 1762 290 εἴποι
1776 271 1827 295 τις.
1839 263 1895 289 Καὶ

1108 313 1186 340 τοῦτο
1197 313 1254 339 ἴσον
1271 313 1287 348 ἡ
1303 311 1428 347 ἀνισότης
1442 311 1507 346 ἔχει,
1522 310 1571 345 τὴν
1587 311 1651 345 περὶ
1673 309 1761 336 πάντα
1780 308 1894 344 μεταϐο-

1108 358 1166 394 λήν.
1182 359 1334 393 Περιχωρεί
1352 357 1406 392 γὰρ
1428 357 1462 383 τὰ
1482 357 1570 383 πάντα
1587 355 1694 391 ῥαδίως,
1711 355 1757 381 καὶ
1774 363 1896 390 μεταχω-

1109 406 1159 440 ρεῖ,
1174 404 1221 430 καὶ
1237 403 1475 431 ἀντικαθίσταται·
1492 403 1529 434 ὡς
1541 402 1638 438 αὖραις
1651 398 1719 428 εἶναι
1736 400 1834 436 μᾶλλον
1850 409 1896 427 πι-

1109 449 1212 476 στεύειν
1230 450 1278 475 καὶ
1292 449 1436 485 γράμμασι
1452 450 1508 480 τοῖς
1521 448 1580 474 καθ’
1596 447 1701 480 ὓδατος,
1716 448 1731 483 ἢ
1746 446 1896 482 ἀνθρώπων

1107 495 1250 530 εὐημερίᾳ.
1267 495 1322 521 Καὶ
1345 494 1441 529 φθόνος
1465 495 1512 529 μὲν
1530 493 1689 529 εὐπραξίαν,
1709 493 1850 528 συμφορὰν
1867 492 1896 518 δὲ

1109 539 1182 571 ἕλεος
1201 540 1323 574 ἵστησιν·
1351 539 1490 565 καὶτοῦτο
1506 537 1604 573 σοφῶς,
1627 537 1697 564 κατά
1714 545 1745 571 γε
1767 536 1812 562 τὸν
1831 536 1896 570 ἐμὸν

1110 586 1198 619 λόγον,
1214 585 1261 612 καὶ
1275 585 1444 620 θαυμασίως,
1463 585 1505 611 ἵνα
1519 585 1587 620 μήτε
1602 584 1632 610 τὸ
1643 583 1734 617 ἀλγεῖν
1749 582 1896 618 ἀπαραμύ-

1110 631 1189 666 θητον
1206 630 1234 668 ᾗ,
1249 632 1317 667 μήτε
1333 631 1364 657 τὸ
1383 629 1414 658 εὖ
1428 631 1556 666 πράττειν
1573 628 1807 664 ἀπαιδαγώγητον.

272 676 391 709 atquein
407 676 543 702 diversum
561 676 687 711 migrant,
704 677 808 711 sibique
823 677 938 704 invicem
958 677 1156 708 adversantur;
1171 683 1201 704 ut
1213 678 1300 704 ventis
1314 677 1408 709 tutius,
1434 682 1482 703 aut
1511 676 1607 703 litteris
1636 675 1661 702 in
1689 682 1756 708 aqua
1785 673 1894 706 scriptis

273 720 338 746 fides
352 721 445 748 haberi
468 727 547 754 posse
567 721 702 752 videatur.
733 730 812 756 quam
850 721 989 748 hominum
1024 720 1155 749 felicitati.
1188 723 1226 750 Ac
1247 723 1314 749 livor
1340 722 1446 757 quidem
1473 729 1517 749 res
1539 721 1682 752 secundas,
1711 719 1895 747 misericordia

272 773 362 794 autem
383 767 565 795 calamitatem
586 769 668 796 sistit.
693 767 773 801 ldqtte
789 773 848 793 meo
862 766 970 801 quidem
997 766 1098 802 judicio
1124 768 1261 803 sapienter
1288 772 1315 795 et
1348 768 1516 798 admirande.
1533 775 1565 794 ne
1594 766 1635 794 vel
1656 766 1804 793 adversitas
1818 766 1891 792 sola-

274 812 321 842 tio.
340 812 379 838 vel
395 812 559 847 prosperitas
576 812 653 839 freno
664 817 690 838 et
708 811 849 846 disciplina
861 815 963 838 careat.

308 858 341 886 V.
361 859 511 887 Prudenter
528 867 593 886 vero
613 859 649 886 illi
671 859 782 891 faciunt,
796 858 840 892 qui
856 858 1055 886 calamitatibus

1140 859 1178 885 E'.
1195 859 1346 894 Σωφρόνων
1365 859 1392 885 δὲ
1408 857 1522 894 ἀνδρῶν,
1535 858 1631 890 οἵτινες
1648 859 1819 885 παιδεύονται
1835 860 1895 890 ταῖς

272 906 442 936 erudiuntur,
451 912 482 931 ac
490 905 551 932 dum
560 905 622 937 illis,
632 905 705 932 velut
713 911 808 931 aurum
817 903 887 938 igne,
895 909 1055 938 purgantur,

1110 907 1271 940 συμφοραῖς,
1298 906 1345 931 καὶ
1373 904 1410 936 ὡς
1425 905 1524 940 χρυσὸς
1542 905 1607 940 πυρὶ
1628 904 1819 941 καθαιρόμενοι
1839 905 1894 940 (98)

274 951 432 977 Davidicutn
459 950 525 978 illud
544 951 570 977 in
586 958 633 978 ore
649 951 749 977 habent
768 959 774 976 :
788 949 890 976 Bonum
906 950 979 981 mihi,
996 950 1058 981 quia

271 996 419 1021 limiti/iusti
430 1003 480 1027 me,
493 1000 520 1022 ut
532 996 632 1022 discant
644 995 849 1029 justi/icationes
863 1000 923 1021 tunc
933 994 966 1021 “.
980 994 1057 1027 Quod

273 1041 396 1067 videlicet
429 1047 460 1068 ea
484 1047 527 1067 res
551 1040 774 1075 jnstilicalionutn
797 1039 843 1066 Dei
872 1039 1052 1073 cognitionem

272 1086 370 1119 pariat,
387 1085 487 1120 quique
505 1085 616 1112 Petrum
634 1085 783 1116 imitantur,
801 1084 951 1111 Salvatoris
966 1093 1057 1119 opem,

272 1140 332 1159 cum
344 1131 398 1166 jam
415 1140 483 1166 pene
501 1136 667 1165 mergeretur
681 1132 714 1162 “’,
729 1131 917 1165 implorantem
933 1139 940 1157 :
955 1131 1000 1165 qtti
1014 1131 1059 1158 de-

272 1176 353 1210 nique
367 1176 410 1202 ob‘
421 1177 540 1203 dolorem
556 1177 589 1203 ad
614 1176 696 1203 Deum
719 1183 780 1203 sese
798 1177 883 1211 magis
898 1176 1057 1210 adjungunt,

271 1222 351 1258 321
370 1230 402 1249 ac
422 1221 614 1249 beneﬁciorum
629 1221 750 1247 omnium
774 1226 911 1248 auctorem
929 1228 976 1256 per
991 1220 1059 1248 atlli-

272 1269 387 1295 ctionem
402 1267 451 1295 sibi
461 1268 616 1295 conciliant.
632 1266 859 1300 Quandoquidem
873 1274 944 1301 aegra
965 1267 1056 1294 anima

272 1313 326 1340 Deo
346 1314 496 1349 propinqua
517 1319 576 1345 est;
601 1321 633 1340 ac
652 1312 764 1347 penuria
790 1313 847 1346 ipsa
866 1313 957 1344 ellicit,
971 1319 1000 1340 ttt
1025 1314 1058 1340 ad

272 1361 368 1393 Deum,
386 1360 431 1394 qui
445 1360 574 1395 largiendi
594 1363 753 1394 potestatem
770 1359 860 1390 habet,
879 1359 1058 1393 nosmetipsos

273 1407 458 1437 conferamus,
470 1407 516 1440 qui
538 1406 639 1440 alioqui
657 1405 774 1432 fortasse
785 1405 819 1432 ob
835 1405 947 1432 etTusatn
958 1405 1057 1433 libera—

273 1452 375 1478 litatetn
401 1451 592 1478 contemnitur.
616 1450 759 1483 Quocirca.
785 1449 893 1482 fratres,
919 1450 1010 1477 octtlos
1032 1450 1058 1476 in

271 1498 370 1525 emlutn
390 1503 496 1525 erectos
517 1498 679 1527 habeamus.
696 1497 722 1524 in
746 1497 820 1523 omtti
837 1501 958 1531 tempore
975 1501 1057 1531 atque

1108 951 1246 985 λέγουσιν’
1269 951 1393 986 Ἀγαθόν
1404 959 1465 985 μοι,
1479 950 1523 977 ὅτι
1534 950 1737 983 ἐταπείνωσάς
1749 959 1798 985 με,
1813 951 1895 984 ὅπως

1108 996 1146 1024 ἂν
1159 996 1243 1031 μάθω
1262 996 1298 1023 τὰ
1318 995 1498 1030 δικαιώματά
1520 1004 1577 1023 σου
1599 997 1670 1031 (99)·
1685 997 1722 1028 ὼς
1751 997 1896 1032 τικτούσης

1108 1043 1156 1077 τῆς
1170 1042 1360 1073 ταπεινώσεως
1379 1042 1408 1068 τὺ
1424 1041 1567 1076 γινώσκειν
1585 1042 1618 1069 τὰ
1633 1042 1812 1077 δικαιώματα.
1840 1043 1896 1070 Καὶ

1108 1086 1137 1112 τὺ
1160 1085 1207 1112 τοῦ
1230 1086 1333 1122 Πέτρου
1355 1086 1504 1121 πάσχουσιν
1524 1087 1572 1121 (1),
1589 1086 1816 1122 ἐπικαλεσαμένου
1845 1087 1896 1123 τὴν

1109 1131 1244 1166 σωτηρίαν
1262 1133 1290 1158 ὲν
1305 1131 1343 1167 τῷ
1360 1131 1466 1166 μέλλειν
1481 1131 1660 1158 καταδύεσθαι
1671 1140 1677 1147 ·
1694 1132 1740 1158 καὶ
1757 1132 1855 1167 μᾶλλον
1869 1141 1896 1159 τι

1109 1176 1298 1212 προσχωροῦσι
1308 1176 1368 1212 Θεῷ
1379 1176 1416 1212 (‘2)
1427 1176 1470 1202 διὰ
1481 1176 1511 1203 τὸ
1520 1177 1621 1210 ἀλγεῖν,
1637 1177 1683 1203 καὶ
1694 1177 1738 1204 τὸν
1749 1177 1897 1213 εὐεργέτην

1108 1222 1270 1248 οἱκειοῦνται
1290 1222 1327 1257 (5)
1346 1222 1390 1249 διὰ
1409 1222 1460 1257 τῆς
1475 1222 1599 1257 θλίψεως.
1625 1221 1732 1257 Ἐπειδὴ
1755 1222 1897 1257 κάμνοντα

1107 1267 1180 1304 ψυχὴ
1196 1268 1279 1302 ἐγγύς
1294 1269 1351 1294 ἐστι
1366 1267 1444 1300 Θεοῦ,
1458 1268 1549 1294 καὶτὸ
1565 1268 1675 1304 χρῄζειν
1690 1268 1726 1302 (4)
1738 1268 1896 1303 ἐπιστρέφει

1109 1314 1175 1349 πρὸς
1194 1314 1239 1340 τὸν
1257 1314 1348 1340 δοῦναι
1364 1314 1521 1349 δυνάμενον,
1539 1314 1577 1349 τῷ
1597 1314 1704 1349 ἀφθόνῳ
1725 1313 1774 1348 τῆς
1793 1313 1898 1349 δωρεᾶς

1107 1359 1188 1394 τυχὸν
1207 1360 1254 1386 καὶ
1278 1361 1540 1394 καταφρονούμενον.
1563 1359 1612 1385 Διὰ
1636 1358 1715 1385 τοῦτο
1738 1358 1794 1385 ἄνω
1811 1359 1897 1384 νεύω-

1111 1413 1159 1440 μεν
1176 1405 1226 1440 (5),
1246 1405 1365 1439 ἀδελφοὶ,
1398 1405 1426 1431 ἐν
1451 1405 1532 1431 παντὶ
1559 1404 1646 1440 καιρῷ
1675 1404 1721 1430 καὶ
1737 1405 1897 1440 περιστάσει

1110 1456 1184 1487 πασῃ
1204 1450 1403 1486 προϐαλώμεθα
1425 1450 1462 1485 (6)
1482 1450 1531 1486 τὴν
1548 1450 1633 1486 καλὴν
1652 1450 1755 1479 ἐλπίδα.
1782 1450 1850 1486 μήτε
1868 1451 1898 1476 ἐν

1109 1497 1169 1527 ταῖς
1190 1496 1330 1532 εὐθυμίαις
1350 1496 1530 1531 ἀποϐάλωμεν
1545 1496 1590 1522 τὸν
1605 1495 1696 1530 φόϐον,
1714 1498 1782 1531 μήτε
1800 1497 1828 1522 ὲν
1839 1497 1897 1527 τοῖς

271 1545 344 1572 omni
368 1545 482 1571 adverso
503 1551 592 1571 rerum
610 1546 709 1570 eventu
724 1543 822 1574 bonam
840 1550 914 1576 spem
929 1542 1056 1577 praefera-

1109 1539 1240 1576 λυπηροῖς
1251 1542 1281 1568 τὸ
1297 1541 1399 1568 εὔελπι.
1415 1541 1588 1577 Μνησθῶμεν
1601 1541 1647 1567 καὶ
1661 1541 1689 1568 ὲν
1702 1541 1776 1576 εὑδίᾳ
1787 1542 1836 1576 τῆς
1848 1541 1898 1573 ζά-

272 1598 342 1623 nnts,
357 1597 444 1625 neque
457 1589 499 1616 vel
521 1589 548 1616 in
571 1588 708 1623 prosperis
723 1589 802 1615 rebus
818 1587 954 1618 timorem,
971 1588 1012 1615 vel
1030 1588 1056 1614 itt

272 1636 393 1663 adversis
420 1643 496 1670 spem
523 1635 696 1669 abjiciamns.
723 1634 856 1661 lllemores
881 1634 977 1667 simus,
1002 1639 1057 1661 tum

271 1682 440 1717 tempestatis
464 1681 491 1708 in
523 1681 730 1714 tranquillitate.
747 1685 801 1706 tum
817 1681 1006 1713 gubernatoris
1028 1681 1056 1706 in

272 1732 452 1761 tempestate:
470 1733 520 1753 nec
535 1725 562 1752 itt
577 1724 767 1751 aﬂlictionibus
786 1723 942 1757 frangantur
959 1723 1057 1750 animis

271 1780 303 1799 ac
315 1772 496 1802 debilitentur,
516 1777 567 1798 nec
591 1769 727 1804 improbos
739 1775 832 1796 servos
849 1767 997 1799 imitemur,
1011 1767 1058 1802 qui

271 1819 433 1844 conﬁtentur
445 1817 553 1851 quidem
566 1815 678 1843 Domino
691 1822 751 1841 cum
760 1813 893 1841 benelacit
905 1814 954 1846 eis,
963 1821 1056 1840 verum

271 1863 357 1889 eidem
371 1862 526 1897 corripienti
552 1868 723 1896 nequaquam
742 1860 801 1894 pari
814 1859 905 1886 studio
924 1864 951 1886 et
968 1859 1058 1886 volun-

273 1912 327 1935 tate
340 1908 538 1943 adiunguntur;
556 1915 616 1934 cum
634 1911 723 1934 tamen
743 1906 879 1933 interdttm
895 1905 1010 1938 accidat,
1024 1909 1054 1932 ut

1110 1588 1169 1622 λης,
1187 1588 1234 1614 καὶ
1252 1589 1280 1614 ὲν
1294 1587 1408 1624 χειμῶνι
1424 1587 1471 1614 τοῦ
1490 1588 1672 1623 κυϐερνήτου·
1690 1587 1757 1614 ἀλλὰ
1778 1587 1816 1622 μὴ
1835 1589 1898 1619 ταῖς

1111 1633 1231 1669 θλίψεσιν
1244 1635 1452 1671 ὲςικακήσωμεν,
1469 1635 1535 1670 μηδὲ
1545 1634 1686 1670 γενώμεθα
1700 1635 1737 1668 (7)
1750 1635 1837 1661 δοῦλοι
1850 1644 1898 1662 κα-

1109 1680 1161 1712 κοὶ,
1182 1680 1342 1714 ἀγαθύνοντι
1370 1681 1419 1715 μὲν
1439 1680 1676 1716 ἐξομολογούμενοι
1698 1680 1736 1715 τῷ
1763 1681 1896 1716 Δεσπότῃ,

1110 1726 1263 1753 παιδεύοντι
1279 1727 1306 1753 δὲ
1325 1727 1361 1763 μὴ
1381 1727 1603 1763 προστιθέμενον
1619 1727 1706 1753 καίτοι
1724 1727 1788 1753 ποτὲ
1804 1727 1896 1763 κρείσ-

1112 1780 1164 1798 σων
1182 1773 1287 1806 ὑγιείας
1302 1773 1340 1808 (8)
1355 1774 1435 1805 πόνος
1449 1774 1497 1809 (9),
1507 1774 1553 1800 καὶ
1565 1773 1686 1809 ὑπομονὴ
1699 1773 1752 1809 (10)
1766 1774 1895 1806 ἀνέσεως,

1111 1819 1157 1844 καὶ
1180 1818 1323 1854 ἐπίσκεψις
1347 1820 1487 1855 ἀμελείας,
1511 1819 1557 1846 καὶ
1574 1820 1725 1855 ἐπιστροφὴ
1751 1820 1897 1855 συγχωρὴ-

1111 1870 1189 1894 σεως.
1201 1863 1277 1890 Εἴπω
1289 1865 1439 1900 συντόμως,
1454 1865 1521 1900 μήτε
1529 1864 1572 1891 διὰ
1583 1863 1631 1896 τὰς
1643 1864 1784 1900 συμφορὰς
1796 1865 1899 1891 πίπτω-

1112 1916 1170 1942 μεν,
1189 1909 1257 1944 μήτε
1274 1909 1317 1936 διὰ
1330 1910 1374 1937 τὸν
1391 1910 1470 1946 κόρον
1487 1910 1641 1946 ὑδρίζωμεν

271 1954 348 1981 dolor
363 1955 490 1986 sanitate,
511 1959 539 1981 et
571 1953 702 1988 patientia
732 1953 891 1980 remissione
921 1957 1002 1987 atque
1029 1953 1202 1989 indulgentia,
1237 1961 1264 1983 et
1289 1957 1409 1985 visitatio
1435 1957 1567 1992 neglectu,
1595 1962 1622 1984 et
1651 1957 1791 1992 castigatio
1816 1957 1896 1984 venia

271 1999 366 2026 melior
381 2000 415 2026 sit
429 2004 456 2026 et
469 1999 658 2033 pnestabilior.
681 1999 778 2032 Atque,
798 2003 827 2025 ut
843 2005 898 2025 rem
917 1999 942 2025 itt
960 2007 1043 2032 pauca
1059 2001 1208 2034 conferam,
1227 2002 1266 2029 sic
1286 2010 1336 2030 nos
1350 2004 1531 2038 instituamus,
1562 2011 1592 2034 ut
1619 2014 1669 2034 nec
1703 2011 1813 2041 propter
1826 1996 1910 2033 calaJ

273 2046 382 2072 ntitates
396 2046 582 2078 concidamus,
604 2054 654 2073 nec
671 2050 779 2080 propter
793 2047 962 2073 saturitatem
982 2047 1124 2075 insolentia
1141 2049 1296 2078 efferamur.

271 2110 284 2120 .,
309 2090 349 2118 Vl.
372 2090 569 2118 Submittamtts
589 2098 647 2123 nos,
673 2096 728 2117 tum
757 2091 822 2123 Deo,
845 2096 901 2118 tum
921 2092 966 2118 alii
987 2092 1056 2125 aliis,

1147 2095 1191 2127 G".
1215 2095 1445 2132 ’ΐποτασσώμεθα
1472 2099 1518 2125 καὶ
1546 2100 1604 2136 Θεῷ
1626 2101 1671 2128 καὶ
1689 2101 1821 2136 ἀλλήλοις,
1847 2102 1897 2128 καὶ

272 2141 327 2162 tum
343 2136 378 2163 iis
406 2136 450 2170 qui
474 2137 616 2170 imperium
643 2136 670 2163 in
691 2141 763 2163 terra
789 2141 887 2171 gerunt
903 2145 910 2163 :
926 2137 980 2164 Deo
998 2138 1058 2171 qui-

271 2181 344 2214 dem,
363 2182 492 2210 omnibus
513 2183 545 2209 de
558 2183 648 2209 causis
661 2190 668 2196 '
686 2183 730 2209 alii
755 2189 842 2210 autettt
856 2183 927 2216 aliis,
943 2188 1053 2218 propter

307 2253 329 2268 ιδ
344 2252 415 2280 Psal.
435 2260 527 2285 cxvtn,
546 2253 590 2280 7-1.
640 2253 660 2268 ”
678 2252 772 2280 Matth.
794 2261 851 2286 xtv,
864 2253 908 2280 ‘50.

308 2331 362 2363 (ἕλιξ)
379 2332 599 2364 Καθίιιρλμενοι.
621 2330 664 2357 Sic
682 2330 764 2358 Coisl.
785 2330 810 2362 Ι,
826 2331 935 2365 aliique.
957 2331 984 2358 In
1002 2333 1057 2363 ed.,

271 2365 477 2400 xxﬁatpépsvat,

308 2399 364 2434 (99)
386 2401 484 2432 Ὅπως
512 2401 549 2426 ἂν
570 2400 652 2434 μάθω
676 2401 712 2426 τὰ
731 2399 910 2435 δικαιώματά
922 2409 990 2428 σου.
1014 2402 1059 2430 Sic

271 2435 354 2461 Coisl.
372 2435 398 2462 ‘l.
416 2436 444 2467 2,
465 2441 516 2461 etc.
534 2437 633 2461 Desunt
653 2435 678 2460 iu
696 2434 739 2461 ml.

307 2470 344 2503 (1)
360 2469 545 2504 Πάσχοινσιικ
565 2469 609 2496 Sic
621 2469 703 2504 Iit-3g.
723 2478 748 2501 a,
766 2469 820 2502 bin,
841 2470 923 2497 Coisl.
941 2471 976 2502 5,
992 2471 1058 2503 Jes.,

271 2508 323 2538 etc.
338 2505 366 2531 ln
382 2507 436 2534 ed..
451 2505 600 2538 πάσχωσιν.

302 2536 344 2573 ’(2)
358 2539 415 2565 Καὶ
429 2536 549 2575 μᾶλλᾷν
562 2548 589 2565 τι
602 2539 811 2573 προσχωροῦσι
827 2539 896 2572 Θεῷ.
911 2539 956 2566 Sic
971 2539 1057 2575 Regg.

273 2581 299 2604 a,
313 2575 366 2610 rltur,
382 2575 464 2610 Coisl.
479 2574 505 2606 5,
522 2574 590 2606 Jes.,
607 2579 660 2601 etc.
683 2576 708 2601 ltt
727 2576 770 2601 ed.
781 2596 788 2607 ,
809 2575 856 2601 καὶ
878 2576 1059 2610 προσχωρῶσι

274 2609 373 2643 μᾶλλον
387 2618 412 2635 τι
421 2609 490 2644 Θεῷ.

275 2642 279 2643 ⁷
308 2643 346 2679 (ἦ)
359 2642 552 2672 Οἱκειοῧνται.
574 2643 618 2671 Sic
634 2642 717 2678 Regg.
730 2645 776 2672 hu.
793 2644 876 2673 Coisl.
889 2644 994 2677 2,1es..
1007 2650 1061 2673 etc.

272 2678 300 2705 ln
318 2679 371 2705 είΙ..
387 2680 550 2705 οἰκειῶνται.

318 2686 371 2707 ῌΊη
387 2686 550 2706 οικειωνται.

293 2715 346 2754 ,(4)
411 2715 537 2749 χρῄζὲιν.
553 2714 590 2742 lta
604 2714 671 2750 Reg.
689 2722 714 2747 a,
732 2715 786 2746 bm,
799 2714 866 2746 Jes.,
886 2719 938 2743 etc.
961 2714 990 2741 In
1003 2715 1059 2747 ed.,

293 2757 312 2774 [υ
329 2757 363 2774 Ὶΰ
378 2758 449 2774 ιλ-Ξιν.

272 2756 312 2782 τῳ
329 2756 449 2783 χρῃςειν.

309 2759 312 2771 t
353 2757 379 2774 JT
400 2758 449 2776 ειν.

309 2757 436 2817 (gguine)
451 2785 592 2818 ‘l‘t‘l'twllls‘r‘.
612 2785 679 2819 Reg.
694 2785 749 2817 hut,
769 2784 951 2818 ἁνανεύωμεν.

309 2818 346 2853 (ὕ)
358 2819 578 2850 Ιιροΰαλὼμεθα.
597 2818 666 2853 Reg:
679 2821 734 2854 but,
748 2819 973 2854 προϐαλλώμεθα,
990 2829 998 2846 ι
1012 2819 1060 2846 bo-

1111 2141 1167 2171 τοῖς
1182 2141 1227 2167 ἐπὶ
1243 2143 1294 2177 γῆς
1307 2143 1450 2178 ἄρχουσιν·
1467 2145 1526 2181 Θεῷ
1543 2146 1585 2173 διὰ
1601 2148 1697 2178 πάντα,
1709 2147 1753 2173 διὰ
1775 2148 1824 2182 τὴν
1836 2148 1897 2182 φιλ-

1110 2185 1237 2220 αδελφίαν
1255 2188 1388 2224 ἀλλήλοις,
1416 2190 1450 2217 δι’
1468 2192 1592 2224 εὐταξίαν
1608 2195 1663 2225 τοῖς
1685 2193 1812 2229 ἄρχουσιν
1824 2201 1832 2209 ο
1848 2194 1897 2220 καὶ

1111 2340 1179 2369 ηιιιιι
1196 2341 1271 2368 spem
1285 2334 1469 2367 praeferamus.
1482 2344 1491 2360 t
1507 2335 1571 2369 Quae
1584 2337 1663 2364 verba
1681 2336 1896 2369 ostendunt,vo-

1111 2376 1156 2394 ces
1174 2368 1235 2400 has,
1253 2369 1410 2406 περιστάσει
1428 2368 1585 2406 πάσῃξιιοη
1603 2371 1636 2398 de
1649 2381 1658 2396 (
1674 2373 1769 2406 opibtts
1786 2378 1811 2399 et
1829 2379 1898 2405 pau-

1113 2408 1226 2441 pertate,
1245 2413 1255 2428 ι
1273 2405 1307 2441 de
1323 2413 1332 2429 ι
1353 2405 1436 2441 gloria
1456 2405 1655 2441 etrignontiuia,
1672 2416 1681 2432 I
1696 2412 1724 2434 ιιι
1744 2407 1894 2438 vnltElias,

1113 2438 1160 2464 sed
1178 2439 1210 2464 de
1229 2438 1399 2474 (quibusvis
1412 2438 1520 2467 casibus
1539 2441 1668 2474 adversis,
1689 2451 1698 2468 ›
1721 2449 1779 2468 esse
1798 2442 1897 2468 intelli-

1112 2474 1224 2510 gendas.
1241 2472 1285 2510 Sic
1294 2475 1363 2507 apud
1379 2474 1599 2510 Chrysostgmum
1614 2472 1897 2510 frequeuslttecpltra-

1113 2508 1161 2545 sis,
1177 2510 1232 2545 τοῖς
1244 2509 1271 2534 ὲν
1288 2508 1478 2545 περιστάσεσιν
1492 2508 1550 2537 οὖσι
1568 2508 1761 2545 παρίστασθαι.
1782 2520 1791 2536 ι
1809 2511 1841 2538 iis
1849 2511 1896 2545 qui

1113 2542 1235 2568 adversis
1254 2542 1362 2570 casibus
1378 2546 1567 2572 (‘Ollﬂlcltlllllll‘
1584 2542 1680 2577 praesto
1697 2554 1766 2574 esse.
1787 2555 1796 2572 ι

1149 2577 1187 2615 (ἶ)
1198 2577 1446 2615 ξενώμεθιιζῐίεκ.
1461 2581 1525 2610 Ιιιιι.,
1535 2579 1683 2615 γινώμεθα.

1149 2611 1187 2649 18)
1208 2612 1341 2647 Ὑγιείας.
1361 2611 1498 2649 Βιτεῖιπιι,
1513 2611 1615 2648 ὑγείαςξ

1146 2647 1183 2682 (9)
1198 2649 1304 2680 Πόνος.
1321 2650 1347 2674 Ιιι
1364 2647 1494 2682 pluribus,
1511 2647 1596 2682 νόσος,
1615 2659 1623 2676 ι
1642 2650 1761 2677 morbus.
1778 2660 1787 2676 ι

1136 2683 1200 2718 ’(10)
1227 2682 1385 2718 ’Υπομον-ή.
1403 2693 1412 2709 ι
1428 2685 1560 2712 Malorum
1574 2685 1726 2715 tolerantia.
1737 2685 1892 2719 patientia.-

1109 2717 1173 2755 Beg.
1194 2718 1341 2755 bimgoisl.
1353 2718 1424 2755 ﬁtet
1444 2719 1510 2752 Jes,
1525 2719 1689 2755 ὑπόμνησις.
1708 2717 1752 2747 Sic
1771 2721 1897 2747 videntur

1110 2752 1205 2790 legisse
1224 2752 1316 2790 Billins
1329 2759 1355 2780 et
1381 2752 1588 2788 Lenvenklaius,
1605 2752 1650 2790 qui
1674 2756 1801 2788 reddunt,
1816 2763 1826 2781 ι
1844 2755 1897 2782 ad-

1110 2789 1231 2820 tnottitio,
1243 2788 1417 2816 submonitio.
1439 2799 1450 2815 ι
