2049 3143
110 145 166 174 973

554 141 684 170 ORATlO
704 141 786 170 XVII.
807 157 840 162 -
860 141 905 169 AD
924 140 1025 169 CIVES
1044 140 1298 170 NAZIANZENOS.

1684 140 1740 170 974

112 208 232 238 τοσούτῳ
257 202 368 239 μᾶλλον,
395 202 504 239 ὅσῳπερ
532 202 565 229 ἂν
584 200 652 230 ὦσιν
671 203 840 240 ἡμερώτεροι
853 206 901 230 καὶ

957 202 1092 230 :haritatis
1102 202 1189 230 fmdns
1203 201 1388 238 ;principibus
1405 201 1530 237 demque,
1542 207 1651 238 propter
1663 203 1738 231 ordi-

113 250 289 286 χρηστότεροι
311 248 377 284 (11).
397 249 488 276 Δεινὸν
515 249 666 276 ἐπιείκειαν
692 250 842 286 δαπανῆσαι
863 249 901 285 τῷ

114 295 222 330 συνεχεί
234 294 282 329 τῆς
295 293 468 330 συγγνώμης,
483 294 525 320 ἵνα
537 294 575 330 μὴ
589 295 636 321 καὶ
646 294 695 331 τῆς
708 296 820 322 ἐκείνων
833 304 901 330 τρα-

114 340 229 376 χύτητος
253 339 308 376 (12)
335 340 410 366 αὐτοὶ
440 340 517 374 δίκας
541 341 753 376 ἀπαιτηθῶμεν,
781 341 902 377 γαλήνην

115 385 249 420 πνεύματι
268 385 409 417 λύσαντες,
431 385 477 412 καὶ
497 386 566 420 φωτὶ
583 385 664 421 ζόφον
683 386 842 421 ἐπάγοντες,
855 388 902 414 καὶ

116 430 204 465 μέλιτι
223 430 439 466 καταμιγνύντες
457 430 591 465 ἀψίνθιον.
606 432 684 458 Ἐστι
706 432 753 458 καὶ
769 429 846 464 οὗτος
862 429 902 464 εἷς

114 476 168 502 τῶν
185 476 325 513 ἡμετέρων
342 476 442 512 νόμων,
461 477 508 504 καὶ
521 473 599 509 οὗτος
617 478 672 504 τῶν
687 477 901 513 ἐπαινουμένων,

115 523 161 550 καὶ
177 522 308 550 κάλλιστα
320 522 537 557 διατεταγμένων
554 522 593 558 τῷ
610 523 759 559 Πνεύματι,
774 523 806 550 τὸ
822 524 902 550 δυνα-

115 568 159 595 τὸν
177 568 245 603 μετὰ
258 567 305 594 τοῦ
322 567 404 595 καλοῦ
419 567 607 603 δοκιμάσαντι,
623 569 670 594 καὶ
681 569 901 605 νομοθετήσαντι,

115 613 210 649 ὥσπερ
228 614 337 646 δούλους
360 613 508 640 ὑπακούειν
529 614 685 646 δεσπόταις,
704 615 753 642 καὶ
772 617 904 649 γυναῖκας

115 660 238 696 ἀνδράσι,
267 660 314 687 καὶ
334 660 428 696 Κυρίῳ
445 660 496 695 τὴν
517 660 691 695 Ἐκκλησίαν,
710 661 758 688 καὶ
779 662 904 697 μαθητὰς

115 707 226 742 ποιμέσι
247 707 294 733 καὶ
305 707 490 738 διδασκάλοις·
515 706 587 734 οὕτω
608 707 635 733 δὲ
652 708 698 734 καὶ
711 708 812 740 πάσαις
829 708 905 741 ἐξου-

117 753 188 785 σίαις
204 753 400 788 ὑπερεχούσαις
415 753 627 784 ὑποτάσσεσθαι,
643 754 673 780 οὐ
694 753 773 789 μόνον
790 754 833 780 διὰ
854 754 904 789 τὴν

114 799 211 834 ὀργὴν,
230 799 297 826 ἀλλὰ
315 799 361 825 καὶ
383 798 426 825 διὰ
441 798 490 834 τὴν
514 799 678 834 συνείδησιν,
701 799 738 831 ὡς
764 800 905 831 ὑποτελεῖς

115 845 198 881 φόρου
209 845 392 880 τυγχάνοντας
401 853 408 860 ’
425 845 471 870 καὶ
485 844 522 880 μὴ
533 844 746 876 κακοποιοῦντας
759 847 847 880 μισεῖν
858 845 903 871 τὸν

115 891 208 926 νόμον,
227 891 294 926 μηδὲ
307 890 451 925 ἀναμένειν
464 889 512 924 τὴν
527 889 673 925 μάχαιραν,
690 890 757 916 ἀλλὰ
773 889 812 925 τῷ
828 890 902 926 φόϐῳ
919 882 939 909 Β

114 937 331 978 καθαιρομένους
342 936 510 964 ἐπαινεῖσθαι
523 936 576 962 ὑπὸ
589 937 639 972 τῆς
650 935 784 968 ἐξουσίας,

953 255 1013 275 nem
1026 247 1193 282 publicaeque
1215 247 1365 282 disciplinae
1389 245 1543 280 rationem;
1561 246 1642 281 idque
1664 250 1739 273 tanto

951 293 1033 320 etiam
1049 294 1147 329 magis,
1164 298 1267 328 quanto
1288 292 1455 320 facilioribus
1472 291 1525 319 illis
1543 299 1574 319 ac
1597 292 1740 327 benignio-

953 339 1028 366 ribus
1042 339 1154 366 utimur.
1167 338 1256 366 Grave
1271 346 1304 366 ac
1318 338 1500 372 periculosum
1515 343 1568 368 est.
1581 337 1739 372 ignoscendi

952 385 1113 413 assiduitate
1135 385 1308 413 clementiam
1333 385 1492 417 exhaurire,
1510 393 1543 412 ne
1561 384 1661 419 alioqui
1679 383 1740 411 illo-

953 440 1012 458 rum
1029 432 1184 459 acerbitatis
1198 439 1285 466 pienae
1308 439 1322 458 a
1346 432 1426 460 nobis
1451 436 1624 466 expetantur,
1643 435 1673 458 ut
1693 429 1741 465 qui

953 477 1042 505 ventis
1066 478 1179 505 invectis
1209 477 1433 512 tranquillitatem
1465 476 1678 507 sustulerimus,
1712 480 1740 503 et

953 523 1006 550 luci
1032 523 1174 558 caliginem
1200 523 1398 556 induxerimns,
1423 523 1550 558 mellique
1574 521 1739 550 absinthium

953 568 1189 595 admiscuerimus.
1220 568 1279 596 Jam
1306 576 1371 596 vero
1396 569 1468 596 inter
1496 573 1610 596 exteras
1641 571 1741 595 nostra:

953 614 1085 642 doctrina:
1110 614 1194 650 leges,
1214 615 1286 642 hanc
1302 622 1410 650 quoque
1435 615 1567 642 habemus
1581 614 1741 649 cumprimis

953 660 1128 693 laudandam,
1160 665 1189 688 et
1210 668 1224 688 a
1247 661 1362 696 Spiritu,
1384 661 1430 695 qui
1455 661 1491 695 id,
1512 661 1583 696 quod
1610 666 1742 695 praestare

955 714 1108 742 possumus,
1125 714 1186 734 cum
1206 714 1238 734 eo
1252 708 1322 743 quod
1337 708 1480 743 pulchrum
1493 712 1520 735 et
1531 708 1674 735 honestum
1688 712 1739 737 est,

954 753 1116 787 exploravit,
1139 753 1252 789 legeque
1273 754 1376 787 sanxit,
1391 754 1520 789 praeclare
1542 754 1740 784 constitutam;

955 806 1018 833 qua,
1037 803 1067 825 ut
1088 799 1160 826 servi
1183 799 1258 826 lteris
1284 800 1342 827 suis
1355 800 1388 833 ¹⁸,
1401 805 1429 827 et
1445 807 1544 827 uxores
1556 800 1634 832 viris,
1649 803 1676 826 et
1690 798 1742 825 Ec-

956 843 1039 871 clesia
1055 844 1173 878 Christo,
1189 849 1217 872 et
1238 844 1362 879 diScipuli
1380 845 1517 880 magistris
1535 851 1568 871 ac
1586 844 1741 878 pastoribus

954 890 1145 925 obtemperare
1153 889 1284 924 iubentur
1297 891 1330 924 λ’,
1343 891 1378 918 ita
1395 890 1473 918 nobis
1488 891 1569 918 etiam
1587 890 1740 924 praescribi-

956 941 1010 968 tur,
1033 940 1062 962 ut
1090 936 1292 964 sublimioribus
1311 936 1489 972 potestatibus
1506 944 1661 972 pareamus,
1684 944 1737 963 non

115 983 202 1010 solum
225 988 334 1018 propter
357 984 436 1016 iratn,
455 986 502 1012 sed
521 986 601 1012 etiam
619 991 730 1020 propter
745 985 941 1012 conscientiam
968 985 1001 1017 ‘3,
1037 989 1066 1011 ut
1095 984 1140 1019 qui
1183 984 1326 1019 pendendo
1363 986 1465 1013 tributo
1496 985 1581 1012 simus
1612 985 1741 1018 obnoxii;

117 1037 166 1058 nec
180 1031 392 1064 committamus,
408 1035 438 1058 ut
456 1031 492 1059 ob
513 1032 615 1060 scelera
642 1036 733 1059 nostra
764 1032 850 1067 legem
880 1032 943 1060 odio
956 1031 1151 1064 habeamus”,
1171 1039 1203 1058 ac
1221 1032 1355 1059 vindicem
1379 1032 1498 1067 gladium
1532 1036 1740 1066 exspectemus;

116 1077 180 1111 quin
205 1077 293 1112 potius
319 1078 345 1105 id
368 1086 489 1113 agamus,
513 1085 542 1107 ut
565 1088 614 1116 per
638 1081 762 1108 timorem
779 1081 897 1116 purgati,
919 1080 1024 1109 laudem
1040 1088 1053 1106 a
1069 1084 1202 1115 potestate
1216 1088 1421 1115 consequamur.

150 1125 187 1151 Z’.
203 1125 260 1151 Μία
273 1126 345 1161 καὶή
358 1127 426 1162 αὑτὴ
442 1128 548 1164 στάθμη
559 1137 565 1144 ·
581 1129 649 1156 ἀλλὰ
662 1129 780 1164 φείδεται
795 1130 844 1165 μὲν
855 1128 901 1156 τοῦ

115 1169 206 1206 ὀρθοῦ,
227 1172 386 1206 περικόπτει
411 1173 439 1200 δὲ
457 1174 488 1200 τὸ
508 1176 645 1210 περιττόν.
663 1173 711 1208 Εἷς
723 1175 798 1211 ἥλιος
810 1184 818 1190 ·
835 1175 903 1202 ἀλλὰ

117 1217 228 1250 φωτίζει
246 1218 297 1253 μὲν
317 1219 367 1254 τὴν
386 1219 561 1254 ὑγιαίνουσαν
581 1221 652 1256 ww,
671 1222 791 1258 ἀμαυροί
807 1221 836 1248 δὲ
854 1221 904 1257 τὴν

116 1263 291 1291 ἀσθενοῦσαν.
307 1265 400 1292 Βούλει
415 1275 441 1293 τι
455 1267 501 1294 καὶ
516 1267 570 1294 τῶν
590 1268 732 1304 ἡμετέρων
755 1268 824 1294 εἴπω
838 1267 904 1304 9αρ-

117 1309 219 1344 ρήσας;
232 1307 280 1341 Εἷς
292 1311 422 1346 Χριστός·
440 1312 498 1339 ἀλλ’
509 1314 548 1345 εἰς
559 1313 662 1340 πτῶσιν
674 1315 761 1340 κεῖται
776 1314 822 1340 καὶ
838 1313 904 1340 ἀνά-

118 1363 211 1381 στασιν
231 1356 302 1391 (15)·
320 1357 424 1384 πτῶσιν
449 1358 497 1393 μὲν
515 1360 573 1391 τοῖς
598 1359 734 1391 ἀπίστοις,
757 1359 904 1386 ἀνάστασιν

116 1400 144 1427 δὲ
159 1402 215 1432 τοῖς
230 1402 386 1429 πιστεύουσι
399 1411 406 1418 ·
427 1404 474 1430 καὶ
493 1405 549 1437 τοῖς
565 1405 615 1440 μὲν
634 1404 692 1432 ἔστι
715 1405 805 1441 πέτρα
820 1413 905 1442 προσ-

117 1446 275 1482 κόμματος.
302 1448 349 1475 καὶ
379 1448 469 1485 πέτρα
496 1449 552 1485 (14)
583 1450 747 1484 σκανδάλου,
776 1451 834 1477 ὅσοι
868 1451 906 1486 μὴ

116 1491 248 1527 ἔγνωσαν,
266 1494 326 1521 οὐδὲ
341 1495 471 1530 συνῆκαν,
490 1496 548 1522 ἀλλ’
564 1497 594 1523 ὲν
615 1496 705 1523 σκότει
733 1496 906 1532 διαπορεύον-

116 1547 170 1571 ται,
200 1540 256 1566 εἴτε
280 1528 407 1573 εἰδώλοις
428 1541 636 1577 Θρησκεύοντες,
667 1543 722 1569 εἴτε
755 1528 836 1578 μέχρι
858 1542 905 1569 τοῦ
920 1528 942 1557 c

116 1585 280 1621 γράμματος
293 1586 491 1619 διαϐλέποντες,
507 1587 554 1614 καὶ
565 1587 635 1623 ὑπὲρ
645 1587 723 1614 τοῦτο
738 1588 905 1624 αὑγασθῆναι

119 1631 187 1666 μήτε
214 1631 337 1663 θέλοντες
353 1631 420 1667 (15),
441 1633 510 1667 μήτε
534 1633 684 1668 ἰσχύοντες·
703 1635 760 1666 τοῖς
789 1634 817 1660 δὲ
835 1634 908 1666 λίθος

117 1677 323 1712 ἀκρογωνιαῶς,
345 1678 394 1704 καὶ⁷
421 1678 508 1713 πέτρα
540 1679 732 1714 ἐπαινουμένη,
759 1680 816 1706 ὅσοι
846 1688 908 1706 συν-

116 1722 278 1758 δεσμοῦνται
300 1723 339 1758 τῷ
353 1724 435 1760 λόγῳ,
456 1725 503 1751 καὶ
524 1725 568 1752 ἐπ’
583 1725 669 1759 αὐτῆς
690 1725 838 1761 βεϐήκασιν
851 1735 857 1740 -
882 1726 907 1752 εί

118 1768 207 1804 βούλει
229 1769 268 1801 δὲ,
284 1770 299 1795 ὁ
314 1770 485 1806 μαργαρίτης
499 1771 612 1802 ἐκεῖνος,
627 1770 656 1797 ὃν
674 1770 782 1797 πάντων
800 1767 837 1798 ὧν
851 1770 907 1806 ἔχει

116 1813 226 1841 ὠνεῖται
246 1815 260 1841 ὁ
277 1815 359 1847 καλος
373 1815 503 1852 ἔμπορος.
524 1816 620 1852 Ἡμεῖς
633 1816 662 1843 δὲ
676 1816 796 1843 τοιοῦτόν
812 1826 838 1843 τι
854 1817 907 1844 πά-

118 1869 230 1897 σχομεν,
247 1862 366 1897 ἀδελφοὶ,
385 1863 421 1898 μὴ
437 1863 472 1890 τὰ
487 1863 590 1890 ἑαυτῶν
609 1863 815 1898 κατορθοῦντες,
838 1863 906 1890 ἀλλὰ

118 1907 186 1942 πρὸς
202 1907 251 1943 τὴν
268 1907 391 1940 ἐξουσίαν
408 1908 644 1944 δυσχεραίνοντες’
664 1908 758 1944 ὥσπερ
772 1908 805 1935 ἂν
825 1909 851 1935 εί
865 1917 907 1940 τις

118 1953 228 1988 αἰτιῷτο
242 1953 297 1988 (16)
316 1954 361 1981 τὸν
372 1954 544 1989 ἀγωνοθέτην
560 1954 597 1986 ὠς
610 1954 756 1991 μοχθηρὸν,
770 1954 851 1986 αὐτὸς
865 1955 908 1981 ὲκ-

119 1998 288 2034 παλαίων·ἢ
316 1999 362 2026 τὸν
385 1999 476 2036 ἰατρὸν
496 1999 534 2031 ὡς
552 1999 607 2034 (17)
629 1999 722 2035 ἀμαθῆ
743 2000 789 2026 καὶ
805 1999 907 2036 θρασὺν

118 2046 176 2077 ταῖς
190 2047 288 2080 τομαῖς
303 2046 348 2072 καὶ
363 2047 421 2078 ταῖς
436 2046 550 2073 καύσεσι
565 2046 732 2081 κεχρημένον
743 2045 810 2081 (18),
827 2045 908 2076 αὐτὸς

119 2092 245 2127 πονήρως
258 2091 438 2127 διακείμενος,
459 2092 506 2118 καὶ
522 2092 575 2119 τῶν
592 2091 798 2127 αὐστηροτέρων
813 2091 908 2126 δεόμε-

118 2146 162 2170 νος
177 2138 342 2173 φαρμάκων.
358 2137 452 2164 Ταῦτά
469 2147 513 2174 μοι
526 2138 594 2174 πρὸς
604 2139 666 2170 τοὺς
677 2137 845 2174 ἀρχομένους
855 2144 908 2164 πα-

121 2184 240 2220 ραμυθία
256 2192 285 2210 τε
297 2184 354 2220 ἅμα
368 2185 415 2211 καὶ
425 2184 549 2211 νουθεσία
560 2193 568 2200 ·
584 2184 671 2212 ταῦτα
680 2186 694 2210 ὁ
707 2183 833 2219 πενιχρὸς
845 2192 906 2210 ποι-

121 2229 173 2264 μὴν
186 2229 356 2264 καταρτίζων
369 2229 400 2255 τὸ
418 2229 514 2264 μικρὸν
529 2229 664 2264 ποίμνιον,
675 2226 696 2263 ᾧ
711 2229 832 2265 χαίροντι
846 2237 907 2255 συν-

119 2274 259 2310 ευθυμεῖν,
278 2275 324 2302 καὶ
349 2275 571 2311 σκυθρωπάζοντα
585 2275 640 2311 (19)
657 2275 840 2307 συστενάζειν,
857 2275 906 2310 τῆς

119 2322 188 2357 ἐμῆς
200 2330 245 2348 ποι
250 2321 384 2357 μαντικῆς
397 2323 411 2349 ὁ
423 2321 479 2358 (20)
496 2322 589 2358 νόμος.

991 1129 1072 1164 322
1096 1129 1149 1156 Vll.
1171 1129 1228 1157 Una
1251 1134 1332 1164 atque
1357 1129 1451 1156 eadem
1468 1133 1510 1156 est
1525 1128 1615 1164 regula
1630 1137 1636 1156 :
1653 1132 1681 1156 et
1699 1132 1741 1156 ta-

956 1183 1018 1202 men
1039 1180 1113 1202 recto
1133 1175 1228 1210 parcit,
1243 1176 1315 1210 quod
1335 1180 1424 1203 autem
1443 1175 1606 1211 superﬂuum
1627 1181 1678 1209 est,
1698 1184 1741 1203 re-

957 1225 1041 1249 secat.
1061 1221 1135 1249 Unus
1153 1222 1244 1249 itidem
1261 1222 1300 1249 sol
1317 1230 1324 1248 :
1340 1226 1368 1249 et
1389 1227 1490 1255 tamen,
1513 1226 1542 1249 ut
1559 1223 1634 1250 sanis
1654 1223 1742 1250 oculis

957 1268 1128 1310 splendorem
1143 1267 1232 1302 aii'ert,
1247 1267 1283 1294 ita
1301 1275 1389 1302 :egros
1402 1272 1430 1295 et
1442 1268 1588 1296 imbecilles
1602 1268 1741 1296 obscurat.

959 1312 1006 1341 Vis
1023 1321 1056 1341 ex
1076 1317 1167 1340 nostra
1190 1313 1313 1341 doctrina
1338 1313 1476 1348 quidpiam
1503 1314 1631 1341 audacter
1653 1314 1743 1349 profe-

960 1359 1037 1386 ram?
1058 1359 1132 1387 Unus
1147 1363 1187 1386 est
1199 1359 1340 1387 Christus:
1360 1359 1430 1385 idem
1455 1364 1543 1386 tamen
1559 1360 1586 1386 in
1599 1360 1705 1386 ruinam
1718 1364 1742 1386 el

959 1406 1187 1433 resurrectionem
1204 1406 1308 1440 positus
1321 1410 1364 1433 est
1373 1405 1415 1438 ¹⁰;
1433 1405 1459 1432 in
1480 1407 1586 1432 ruinam
1614 1405 1743 1432 nimirum

959 1451 1114 1484 incredulis,
1140 1451 1166 1478 in
1190 1451 1416 1478 resurrectionem
1432 1456 1521 1477 autem
1545 1450 1741 1478 eredeutibus:

959 1502 986 1524 et
999 1497 1060 1524 aliis
1074 1497 1182 1532 quidem
1199 1501 1274 1532 petra
1299 1497 1455 1525 otIensionis
1468 1501 1521 1528 est,
1539 1504 1571 1524 ac
1586 1496 1653 1531 lapis
1669 1504 1744 1524 scan-

959 1543 1054 1575 dali",
1070 1543 1104 1570 iis
1119 1551 1228 1578 nempe,
1250 1543 1295 1577 qui
1318 1543 1474 1571 nescierunt
1494 1549 1583 1577 neque
1602 1542 1746 1570 intellexe-

958 1594 1031 1623 runt,
1047 1597 1140 1616 verum
1171 1590 1197 1616 in
1226 1589 1345 1617 tenebris
1373 1588 1679 1624 ambulant“;quales
1709 1589 1745 1616 illi

958 1641 1031 1668 sunt,
1051 1636 1096 1671 qui
1116 1635 1157 1663 vel
1175 1636 1253 1663 idolis
1279 1637 1381 1663 cultum
1404 1635 1544 1667 adhibent,
1565 1635 1607 1662 vel
1622 1636 1655 1663 ad
1671 1635 1746 1662 litte-

958 1689 1017 1709 ram
1047 1689 1133 1716 usque
1157 1681 1289 1708 duntaxat
1319 1681 1496 1716 prospiciunt,
1522 1689 1572 1708 nec
1598 1682 1745 1716 quidquam

957 1731 1088 1762 praeterea
1114 1726 1266 1761 splendoris
1285 1726 1396 1754 haurire
1418 1726 1460 1754 vel
1481 1727 1607 1761 cupiunt,
1627 1727 1667 1754 vel
1683 1734 1746 1761 pos-

957 1777 1041 1806 sunt;
1057 1772 1118 1799 aliis
1140 1776 1247 1804 contra,
1263 1771 1330 1805 lapis
1345 1770 1481 1805 angularis
1490 1771 1524 1804 ",
1541 1776 1569 1798 et
1584 1776 1659 1805 petra
1686 1771 1746 1797 lau-

958 1819 1032 1850 data,
1050 1818 1083 1845 iis
1094 1817 1220 1845 videlicet
1231 1817 1276 1851 qui
1291 1817 1365 1844 verbi
1385 1816 1470 1844 divini
1486 1816 1593 1843 vinculo
1613 1817 1748 1844 constrin-

958 1867 1067 1900 guntur,
1092 1864 1174 1898 eique
1201 1863 1338 1896 insident;
1353 1866 1411 1894 aut,
1440 1861 1463 1889 si
1487 1862 1582 1894 mavis,
1601 1862 1746 1897 margarita

958 1910 1014 1944 illa,
1029 1917 1110 1945 quam
1133 1910 1221 1936 bonus
1239 1908 1392 1942 negotiator
1418 1907 1544 1935 omnibus
1557 1908 1616 1934 suis
1633 1907 1747 1935 faculta-

959 1956 1031 1984 tibus
1046 1959 1202 1982 emercatur
1212 1954 1245 1980 ".
1261 1953 1297 1980 At
1319 1960 1380 1984 nos,
1405 1952 1516 1985 fratres,
1545 1952 1608 1979 dum
1629 1952 1746 1981 oiIicium

958 2002 1009 2036 ipsi
1025 2000 1195 2032 deserentes,
1212 1999 1388 2034 magistratus
1401 2002 1562 2033 potestatem
1581 1998 1675 2033 iniquo
1687 2000 1746 2026 ani-

959 2055 1003 2076 mo
1032 2047 1153 2078 ferimus,
1181 2045 1295 2081 perinde
1317 2046 1410 2080 utique
1436 2044 1563 2077 facimus,
1589 2052 1621 2071 ac
1645 2045 1669 2072 si
1686 2045 1748 2079 quis

959 2094 1118 2122 certaminis
1143 2093 1287 2128 praesidem
1310 2097 1340 2119 ut
1366 2090 1519 2126 improbum
1540 2096 1658 2123 accuset,
1685 2098 1746 2117 cum

959 2138 1017 2172 ipse
1032 2137 1058 2165 in
1073 2137 1198 2172 palestrze
1220 2136 1293 2172 leges
1308 2139 1413 2171 peccet,
1435 2139 1482 2162 aut
1504 2136 1637 2162 medicum
1657 2139 1686 2162 ut
1707 2136 1747 2161 in-

959 2184 1067 2211 doctum
1081 2188 1109 2210 et
1126 2183 1267 2214 audacem,
1287 2182 1359 2217 quod
1384 2181 1550 2209 sectionibus
1571 2184 1598 2207 et
1619 2181 1747 2208 cauteriis

960 2232 1063 2261 utatur,
1080 2235 1141 2256 cum
1159 2227 1215 2262 ipse
1240 2227 1317 2262 gravi
1342 2226 1436 2253 morbo
1460 2225 1577 2257 laboret,
1599 2225 1748 2260 asperiori-

960 2275 1064 2309 busque
1077 2273 1203 2301 remediis
1214 2273 1342 2308 indigeat.
1354 2272 1442 2306 Atque
1451 2271 1508 2298 haec
1523 2270 1588 2297 mihi
1604 2271 1637 2297 ad
1653 2271 1748 2298 subdi-

961 2326 1013 2354 tos,
1032 2320 1131 2355 partim
1152 2319 1291 2350 monendi,
1307 2318 1405 2352 partim
1420 2316 1577 2344 consolandi
1591 2317 1688 2352 gratia,
1707 2318 1750 2343 di-

119 2373 164 2396 cta
186 2369 257 2402 sint;
277 2370 354 2401 mihi.
373 2370 493 2405 inquam,
530 2369 641 2405 pauperi
665 2369 778 2404 pastori,
806 2369 853 2404 qui
888 2376 1000 2402 parvum
1037 2368 1110 2394 hunc
1135 2373 1245 2401 gregem
1269 2372 1402 2399 compono
1423 2371 1456 2392 ac
1477 2363 1593 2396 instruo,
1618 2371 1680 2391 cum
1695 2371 1748 2399 quo

119 2417 255 2452 gaudente
271 2418 400 2452 gaudere,
415 2422 443 2446 et
461 2423 592 2445 mmrente
618 2417 806 2452 ingemiscere,
819 2417 963 2452 pastoralis
979 2423 1045 2444 mea:
1061 2415 1130 2451 legis
1143 2413 1302 2450 praescripto
1314 2413 1421 2448 iubeor.

158 2497 180 2513 “
190 2497 291 2530 Ephes.
306 2504 342 2529 vt,
364 2497 397 2528 5;
411 2497 470 2525 Col.
491 2504 531 2527 ιιι,
546 2496 591 2524 22.

652 2496 672 2512 "'
693 2495 773 2523 Hebr.
794 2504 855 2526 xttl.
872 2495 915 2522 17.

968 2496 991 2511 ¹⁸
1008 2494 1086 2522 Rom.
1101 2501 1164 2525 χιιι,
1181 2493 1208 2520 t.
1246 2493 1269 2509 "
1283 2492 1367 2520 Amos
1391 2499 1419 2526 v,
1447 2491 1492 2519 10.
1543 2491 1642 2520 "Luc.
1655 2499 1686 2524 ιι,
1701 2492 1749 2519 54.

119 2532 143 2548 ¹¹
159 2529 254 2559 ll’etr.
270 2541 301 2566 ιι,
321 2532 348 2559 8.
391 2532 413 2548 ¹²
427 2532 497 2560 Psal.
515 2539 607 2565 Lxxxl,
624 2531 650 2559 5.
686 2531 708 2547 "
724 2532 822 2559 Enltes.
842 2540 871 2564 ιι,
883 2531 906 2557 21

969 2531 993 2546 ’⁸
1005 2531 1100 2557 Matth.
1118 2536 1180 2563 xm,
1200 2529 1246 2556 Δϐ.

155 2615 211 2650 (11)
222 2615 277 2642 Καὶ
292 2614 495 2650 χρηστότεροι,
505 2612 566 2650 llaec
577 2613 672 2650 desunt
679 2612 710 2650 in
723 2612 787 2650 Reg.
803 2611 858 2650 bm_.

156 2647 212 2684 (12)
228 2647 423 2685 Τραχῦτητος.
437 2647 558 2677 ίῦοὶδιίιι.
575 2648 601 2680 1,
621 2652 649 2675 et
679 2647 752 2681 Pan,
770 2647 906 2683 θρασύτη-

118 2694 175 2717 τος,
192 2695 201 2711 ι
218 2687 346 2712 andacim.
360 2695 368 2710 ι

157 2721 212 2757 (15)
228 2720 283 2749 Καὶ
299 2720 479 2748 ἀνάστασιν.
502 2717 569 2753 Reg.
594 2719 638 2746 bm
666 2717 713 2744 καὶ
733 2718 774 2749 είς
789 2717 906 2744 ἀνάστα·

121 2765 163 2783 σιν
166 2777 174 2784 .

157 2792 211 2828 (ivi)
227 2790 332 2828 ιῖέτρα.
344 2791 430 2828 Begg.
442 2797 470 2822 ιι,
486 2791 542 2828 b__m,
559 2788 662 2828 λίθος,ι
677 2788 756 2828 lapis.
769 2797 780 2828 ι

155 2822 304 2863 (15)]1ἱήίε
326 2822 476 2858 θέλᾶιῖτες.
504 2825 602 2859 Regius
623 2826 668 2852 bm
705 2822 775 2850 μήτ’
802 2822 907 2850 ἐθέλον-

120 2870 174 2893 τες.

994 2609 1049 2671 (16)
1061 2608 1192 2641 Ᾱίτιῷτο.
1218 2607 1264 2649 §ic
1283 2606 1368 2643 Regg.
1391 2615 1417 2640 a,
1433 2607 1489 2641 bm,
1505 2607 1588 2636 Coisl.
1607 2608 1634 2642 1,
1650 2613 1678 2636 et
1694 2613 1750 2636 tres

958 2645 996 2673 Co
1009 2646 1034 2671 b.
1050 2645 1076 2671 In
1087 2645 1143 2673 σά..
1157 2645 1247 2673 αίτιω.

1027 2665 1034 2671 .
1050 2652 1076 2671 In
1087 2652 1143 2671 οιι..
1157 2652 1247 2671 αιτιω.

982 2652 1034 2673 om.
1050 2652 1076 2671 In
1087 2652 1143 2676 cm,
1157 2652 1247 2678 αιτιῳ.

993 2680 1049 2715 (t7)
1070 2680 1126 2712 Ὡς.
1141 2678 1268 2715 SicReg.
1284 2677 1340 2715 bin.
1360 2678 1440 2715 Deest
1451 2678 1477 2704 in
1492 2678 1536 2706 ed.

1009 2715 1050 2749 18)
1063 2714 1264 2749 Κεχρημένον.
1283 2714 1361 2749 Deest
1371 2714 1398 2740 in
1414 2714 1496 2747 Regg.
1509 2722 1523 2740 a
1535 2719 1561 2740 et
1573 2714 1631 2741 bm.

1007 2747 1049 2785 l9)
1066 2747 1378 2785 Σκνῦθρωπάζοντιηδίε
1395 2749 1479 2785 liegg.
1491 2757 1517 2782 ει,
1533 2750 1589 2782 bm,
1607 2748 1751 2777 duoCoisl.

959 2791 986 2814 et
999 2783 1055 2812 tres
1068 2785 1143 2811 Colb.
1158 2785 1186 2811 In
1198 2785 1253 2815 οὐ..
1265 2783 1472 2819 σκυθρωπάζον.

973 2856 979 2862 ο
997 2821 1052 2856 (ΞΟ)
1075 2820 1118 2848 '0.
1134 2820 1179 2848 Sic
1195 2819 1278 2847 Coisl.
1295 2819 1321 2851 1,
1340 2824 1366 2847 et
1384 2824 1438 2846 tres
1457 2819 1534 2847 Colb.
1558 2821 1635 2848 "eest
1650 2821 1677 2848 in
1693 2827 1753 2848 eal-

962 2861 1006 2884 tis.
