2049 3143
271 229 323 258 979
869 240 899 269 s.
922 241 1088 270 caeconu
1109 243 1282 272 'l'llEOLOGl
1850 245 1905 275 asa

270 289 349 324 titur,
366 299 425 325 nec,
445 292 466 320 si
480 293 546 321 nihil
559 295 644 328 aliud,
658 299 826 332 propositum
840 301 891 328 sibi
907 308 982 331 certe
994 303 1055 332 libe‘

1113 306 1304 341 προεισφέρειν
1316 305 1363 333 τοῦ
1377 307 1464 333 ἐκεῖσε
1478 307 1557 342 λόγου
1567 307 1622 342 (ιδ)
1631 307 1680 342 τὴν
1695 307 1820 334 ἐντεῦθεν
1836 316 1904 343 χρη-

271 337 336 364 ralis
349 344 413 372 erga
429 339 497 367 alios
510 341 594 368 animi
611 343 764 378 exemplum
777 347 912 381 sequitur.
927 349 1014 382 Quam
1026 349 1062 377 ob
1076 337 1098 340 ﬂ
1116 337 1244 387 στότητα.

269 384 520 435 causam-dominus
533 387 572 435 ira
585 395 781 419 commovetur.
807 393 874 421 Nam
891 403 951 429 quae
967 401 1058 430 postea
1081 403 1242 432 sequuntur,
1267 399 1376 427 silentio
1404 401 1559 435 praeteribo.
1584 400 1700 428 Tantum
1719 401 1771 428 hoc
1791 401 1879 428 dicam
1892 422 1900 434 ,

269 429 468 481 conducibilius
483 433 596 460 omnino
610 441 671 463 esse
681 456 691 469 ,
706 442 735 464 ut
749 439 908 475 priusquam
925 441 950 468 in
969 441 1054 471 altero
1068 444 1168 472 smculo
1183 445 1245 472 vita:
1257 447 1377 474 rationes
1391 446 1550 479 referamus,
1577 446 1656 482 hujus
1686 447 1747 474 vita:
1778 446 1902 481 benigni-

270 478 352 501 tatem
372 477 568 511 impendamus.

304 525 385 561 325
400 526 456 554 XII.
471 528 540 561 Quid
554 531 617 558 ais?
638 531 706 559 Num
724 538 750 560 te
764 533 808 561 his
823 536 994 564 sermonibus
1010 545 1056 564 ca-

268 575 345 617 ptum
363 577 503 607 tenemus,
522 582 637 609 quorum
657 582 682 604 te
703 586 794 606 amore
812 579 972 608 inﬂammari
988 589 1059 617 saepe

270 614 412 643 confessus
427 625 456 644 es
466 638 474 650 ,
489 619 677 652 praefectorum
691 623 794 657 optime
806 644 813 656 ,
831 630 913 659 atque
925 646 933 658 ,
954 614 1057 655 utina-m

268 661 368 690 addere
386 663 483 696 liccat,
510 666 740 696 clementissime?
762 668 831 697 Num
854 671 902 698 tibi
927 677 1057 707 praeterea

268 708 400 742 supplicis
425 711 564 745 cujusdam
587 712 670 740 libelli
698 714 758 742 loco
781 717 896 744 canities
917 719 974 745 lucc
990 719 1057 746 οιτο-

268 755 351 781 renda
367 756 429 789 erit,
446 762 528 792 atque
541 767 676 787 annorum
690 769 829 795 numerus,
844 764 1058 801 diuturnumque

269 806 297 827 et
313 800 381 828 labis
397 810 495 838 expers
510 805 562 833 hoc
576 808 778 841 sacerdotium,
794 811 865 845 quod
886 811 935 846 ipsi
951 800 1058 848 quoque

268 847 372 881 angeli,
391 850 450 883 puri
466 852 603 885 purissimi
623 853 668 881 Dei
683 855 804 884 cultores
817 876 825 889 ,
841 861 970 893 tanquam
985 847 1057 894 ipso-

268 901 329 920 rum
355 895 438 923 cultui
466 897 578 926 minime
604 899 711 936 impar,
739 901 856 931 fortasse
882 906 1057 934 veneratione

1148 538 1198 564 lB'.
1214 537 1247 563 Τί
1268 539 1339 572 φής;
1358 538 1477 573 Ἐχομέν
1492 547 1521 566 σε
1542 539 1598 570 τοῖς
1618 538 1708 572 λόγοις
1726 537 1841 570 τούτοις,
1863 533 1902 564 ὦν

1111 583 1229 618 ἐραστὴς
1248 580 1317 610 εἶναι
1338 583 1468 615 πολλάκις
1485 583 1726 618 καθωμολόγησας,
1741 580 1762 609 ὦ
1774 583 1900 609 κάλλιστε

1111 629 1259 665 ἀρχόντων,
1280 630 1322 665 εἴη
1337 629 1366 656 δὲ
1388 629 1546 665 προσθεῖναι
1558 630 1623 664 (47),
1650 629 1697 656 xui.
1721 629 1898 665 ἡμερώτατε;

1112 675 1147 700 Ἣ
1161 675 1212 706 δεῖ,
1226 675 1272 701 καὶ
1284 675 1332 711 τὴν
1346 675 1439 702 πολιᾶν
1449 675 1503 711 (48)
1521 684 1560 702 σοι
1574 675 1675 710 ταύτην
1688 675 1746 702 ἀνθ’
1760 676 1900 711 ἱκετηρίας

1111 721 1306 755 προσαγαγεῖν,
1330 721 1377 746 καὶ
1400 720 1446 746 τὸν
1468 719 1523 746 τῶν
1546 719 1615 746 ὲτῶν
1641 719 1766 754 ἀριθμὸν,
1783 720 1830 746 καὶ
1849 719 1900 754 τὴν

1112 764 1221 800 μακρὰν
1236 764 1385 800 ἱερωσύνην
1402 765 1448 791 xui.
1462 765 1574 792 ἄσπιλον
1588 765 1700 800 ταύτην,
1714 765 1747 800 ἣν
1762 765 1898 792 αἰδοῦνται

1107 812 1189 846 τυχὸν
1212 812 1260 838 καὶ
1282 811 1403 846 ἄγγελοι,
1426 811 1555 847 καθαρῶς
1579 810 1618 846 τῷ
1641 810 1827 846 καθαρωτάτῳ
1854 810 1895 836 λα-

1110 857 1261 892 τρεύοντες,
1286 857 1324 889 ὡς
1345 857 1396 892 τῆς
1414 857 1519 884 ἑαυτῶν
1542 857 1669 892 λατρείας
1693 857 1780 890 ἀξίαν.
1806 857 1897 885 Πείθει

1110 904 1194 930 ταῦτα
1205 903 1406 939 ςῆτιτολμήσω
1415 903 1507 938 μεῖζον
1513 903 1568 938 (49)
1579 912 1586 936 ;
1598 903 1733 939 τολμηρὸν
1745 903 1772 930 δέ
1781 911 1813 938 με
1827 903 1898 929 ποιεῖ

269 947 482 975 prosequuntur.
497 943 565 972 Num
589 947 645 974 haac
667 952 693 975 te
717 951 894 983 permovent?
911 952 952 979 An
970 952 1055 987 majus

1109 950 1140 977 τὸ
1151 950 1252 984 ἀλγεῖν.
1262 949 1378 985 Χριστὸν
1387 950 1517 986 προσάγω
1532 958 1572 976 σοι
1582 949 1646 985 (50).
1660 950 1706 976 καὶ
1719 948 1767 985 τὴν
1778 948 1897 985 Χριστοῦ

268 986 371 1022 aliquid
388 989 541 1018 audendum
564 993 638 1020 erit?
660 994 797 1023 Audacem
814 1000 903 1024 autem
919 1005 961 1025 me
981 986 1057 1027 dolor

268 1032 363 1060 ellicit.
377 1034 515 1064 Christum
531 1038 578 1066 tibi
594 1039 692 1072 offero.
705 1041 806 1070 Christi
820 1051 868 1077 pro
881 1044 958 1072 nobis
973 1046 1058 1072 inani-

270 1078 382 1112 tionem,
397 1085 425 1108 et
438 1082 597 1117 impatibilis
610 1087 763 1121 passiones,
784 1094 811 1116 et
826 1097 944 1123 crucem,
959 1096 986 1118 et
1002 1092 1057 1118 cla-

271 1131 330 1156 vos,
345 1125 444 1159 quibus
460 1133 575 1162 peccato
591 1131 695 1158 solutus
709 1139 789 1166 sum,
803 1139 829 1160 et
842 1135 1016 1169 sanguinem,
1030 1141 1058 1164 et

268 1169 456 1205 sepulturam,
475 1177 502 1200 et
524 1175 772 1210 resurrectionem,
796 1183 824 1204 et
851 1180 1038 1208 ascensionem
1050 1201 1056 1212 ,

268 1221 351 1251 atque
371 1218 440 1245 adeo
457 1227 577 1248 mensam
603 1222 690 1256 hanc,
715 1223 749 1251 ad
773 1232 852 1259 quam
877 1228 1058 1255 communiter

268 1263 424 1292 accedimus
434 1285 442 1297 ,
456 1265 606 1302 salutisque
620 1276 688 1296 mea:
702 1275 779 1306 typos
793 1292 800 1303 ,
814 1279 882 1306 quos
899 1273 992 1300 eodem
1009 1282 1057 1302 ore

267 1315 384 1343 perago,
399 1318 453 1346 quo
470 1313 540 1340 hanc
556 1315 588 1340 ad
607 1319 633 1341 te
645 1315 865 1350 deprecationem
885 1318 971 1350 obeo,
989 1319 1055 1350 hoc.

267 1355 390 1391 inquam,
405 1365 609 1395 sacrosanctum
623 1365 704 1396 atque
719 1362 746 1388 in
762 1362 860 1390 coelum
877 1371 925 1391 nos
939 1365 1057 1392 eveheus

268 1403 438 1436 mysterium.

305 1447 373 1476 Xlll.
401 1449 478 1482 Quod
500 1451 523 1478 si
545 1459 598 1479 non
615 1457 729 1488 propter
741 1462 822 1481 unum
836 1462 870 1482 ex
887 1455 944 1487 his,
961 1455 1056 1483 saltem

267 1499 377 1529 propter
390 1496 482 1523 omnia
494 1516 502 1529 ,
520 1498 553 1524 da
567 1498 637 1526 hanc
651 1499 764 1534 gratiam
776 1520 783 1533 ,
800 1506 827 1528 et
846 1502 944 1532 nobis.
962 1507 989 1529 et
1009 1502 1056 1529 tibi

266 1539 330 1572 ipsi,
349 1545 376 1567 et
391 1541 547 1570 domesticae
560 1544 688 1572 Ecclesia:
700 1551 760 1577 tuae,
777 1551 857 1581 atque
869 1547 931 1574 huic
945 1548 1057 1582 pulchro

266 1586 369 1615 Christi
383 1589 465 1615 (ξαειυὶ
477 1597 484 1622 ;
501 1590 534 1617 de
545 1598 599 1624 quo
613 1592 650 1618 ita
664 1591 744 1619 velim
758 1593 908 1624 existimes,
932 1601 994 1620 eum
1008 1594 1055 1621 tibi

1109 997 1224 1023 κένωσιν
1239 995 1288 1032 τὴν
1304 996 1375 1031 ὑπὲρ
1397 995 1485 1031 ἡμῶν,
1501 995 1548 1022 xui
1562 995 1597 1021 τὰ
1613 995 1660 1022 τοῦ
1675 995 1797 1027 ἀπαθοῦς
1812 995 1896 1030 πάθη.

1108 1043 1212 1070 καὶτὸν
1224 1042 1348 1078 σταυρὸν,
1365 1042 1412 1068 xui.
1424 1042 1487 1073 τοὺς
1500 1041 1592 1077 ἥλους,
1615 1039 1656 1073 οἷς
1669 1041 1766 1077 ἐλύθην
1781 1041 1836 1075 ἐγὼ
1847 1041 1897 1076 τῆς

1107 1087 1263 1122 ἁμαρτίας·
1281 1087 1328 1114 xui
1353 1086 1383 1112 ’τὸ
1404 1083 1485 1122 αἷμα,
1512 1086 1560 1112 xui.
1580 1087 1631 1122 τὴν
1654 1086 1754 1122 ταφὴν,
1779 1086 1827 1113 καὶ
1848 1085 1898 1122 τὴν

1107 1133 1254 1160 ἀνάστασιν
1266 1132 1333 1168 (51),
1349 1133 1398 1159 καὶ
1410 1133 1459 1168 τὴν
1475 1131 1577 1165 ἄνοδον,
1597 1132 1613 1168 ἦ
1631 1132 1678 1159 xui.
1694 1132 1743 1168 τὴν
1757 1132 1898 1167 τράπεζαν

1106 1178 1219 1213 ταύτην,
1265 1180 1341 1213 κοινῇ
1357 1178 1490 1213 πρόσιμεν
1503 1186 1509 1193 ·
1527 1177 1574 1204 καὶ
1590 1178 1654 1209 τοὺς
1667 1177 1769 1209 τύπους
1780 1177 1836 1213 (52)
1848 1178 1899 1213 τῆς

1107 1223 1176 1259 ἐμῆς
1192 1224 1338 1259 σωτηρίας,
1358 1223 1406 1256 οὓς
1420 1224 1474 1250 ἀπὸ
1492 1223 1540 1250 τοῦ
1561 1223 1644 1250 αὐτοῦ
1665 1222 1733 1250 τελῶ
1753 1223 1897 1258 πόματος,

1108 1270 1155 1304 ἀφ’
1168 1266 1198 1296 οὗ
1212 1270 1300 1296 ταῦτα
1315 1269 1383 1304 πρὸς
1400 1270 1429 1296 σὲ
1445 1269 1600 1305 πρεσὸεύω,
1614 1270 1666 1306 τὴν
1690 1269 1766 1305 ἱερὰν
1780 1271 1827 1297 xui
1841 1270 1899 1297 ἂνω

1108 1316 1245 1351 φέρουσαν
1259 1316 1332 1351 ἡμᾶς
1352 1315 1548 1351 μυσταγωγίαν

1144 1454 1193 1480 II".
1209 1454 1240 1480 El
1264 1455 1311 1481 xui.
1330 1453 1367 1489 μὴ
1393 1453 1426 1480 δι’
1443 1454 1473 1480 ἓν
1489 1453 1545 1488 (55)
1562 1453 1678 1486 τούτοιν,
1702 1453 1759 1480 ἀλλ’
1778 1450 1825 1480 οὖν
1841 1452 1898 1488 (54)

1107 1500 1152 1527 διὰ
1168 1501 1266 1532 πάντα,
1283 1500 1327 1532 δὸς
1344 1501 1390 1527 καὶ
1410 1501 1478 1536 ἡμῖν
1492 1500 1538 1527 καὶ
1555 1501 1660 1536 σεαυτῷ
1671 1501 1726 1536 (55)
1742 1501 1791 1536 τὴν
1807 1501 1897 1536 χάριν,

1107 1547 1155 1573 καὶ
1171 1548 1204 1582 τῇ
1217 1546 1271 1581 (56)
1289 1547 1349 1573 κατ’
1365 1545 1439 1573 οἶκόν
1456 1556 1504 1573 σου
1528 1547 1687 1582 Ἐκκλησία,
1706 1548 1753 1574 καὶ
1767 1547 1806 1582 τῷ
1823 1547 1900 1582 καλῷ

1107 1592 1194 1627 τούτῳ
1221 1592 1338 1628 Χριστοῦ
1365 1591 1544 1628 πληρώματι·
1567 1593 1581 1619 ὅ
1603 1593 1713 1627 νόμισον
1739 1594 1806 1628 ἡμῖν
1832 1601 1900 1628 συμ-

266 1632 407 1661 nobiscum
422 1635 570 1670 supplicem
586 1643 658 1670 esse,
675 1639 782 1666 tametsi
799 1637 930 1666 obeundae
944 1639 1055 1675 legatio-

1108 1637 1285 1673 πρεσϐεύειν,
1301 1638 1326 1664 εἰ
1342 1638 1390 1664 καὶ
1405 1639 1471 1673 ἡμῖν
1486 1639 1649 1674 παραχωρεῖ
1666 1638 1716 1674 τῆς
1740 1638 1898 1674 πρεσϐείας,

266 1679 310 1705 nis
337 1687 449 1707 munere
471 1682 550 1709 nobis
572 1683 665 1717 cedat,
681 1689 711 1710 ut
732 1684 862 1719 majorem
883 1685 953 1719 apud
971 1685 1057 1718 te,ob

267 1727 413 1754 sacerdotii
429 1728 603 1763 dignitatem,
619 1737 672 1764 qua
686 1740 701 1757 a
716 1731 771 1758 Deo
783 1731 872 1758 ornati
886 1739 991 1763 smnus,
1008 1740 1056 1759 au-

265 1772 421 1800 ctoritatem
433 1773 567 1802 habituris
580 1783 587 1808 ;
602 1776 709 1803 neillud
723 1776 804 1804 etiam
819 1777 994 1811 dicam,and
1006 1778 1057 1804 im-

265 1819 332 1851 perii
349 1818 408 1853 lege
421 1820 592 1854 prohibetur.
609 1821 665 1849 ilac
679 1830 731 1849 una
749 1830 778 1849 re
791 1823 905 1856 pulchre
922 1823 1055 1857 vincaris;

264 1863 434 1899 benignitate
447 1874 495 1894 nos
509 1875 618 1902 supera.
636 1868 675 1895 En
692 1869 756 1901 tibi,
770 1877 860 1896 coram
879 1869 949 1902 Deo,
963 1874 990 1896 et
1007 1878 1056 1896 an-

265 1910 348 1944 gelis,
372 1915 401 1939 ct
424 1920 506 1947 regno
519 1914 650 1941 ctelorum
663 1934 670 1946 ,
697 1915 823 1949 illiusque
844 1916 905 1942 vitae
926 1916 1055 1950 prmmiis,

264 1957 399 1991 supplices
415 1966 490 1986 meos
504 1960 600 1987 otl'ero.
621 1960 713 1988 Fidem
730 1969 818 1989 meam
837 1962 939 1989 honora
951 1982 959 1994 ,
974 1969 1054 1997 quant

263 2002 332 2031 mihi
345 2004 519 2033 commissam
541 2006 602 2034 aliis
619 2007 741 2035 commisi
757 2016 764 2034 :
782 2007 821 2034 ita
837 2007 899 2040 ﬁet,
921 2012 950 2034 ut
966 2012 993 2034 et
1010 2011 1056 2034 tua

264 2094 475 2156 ὤὲἑίίῂὶόγου.
499 2096 575 2124 Unus
597 2097 715 2134 Regius,
741 2098 835 2131 ἐλέου,
860 2107 870 2124 ε
901 2097 1058 2126 misericor-

284 2137 325 2156 ΙΨ.
339 2140 348 2156 ι

300 2166 356 2197 (47)
377 2167 563 2198 [Inoo-deflui.
581 2168 628 2196 Or.
642 2168 660 2195 2
674 2169 758 2200 addit.
773 2169 824 2195 ὅτι.

300 2201 356 2237 (48)
380 2203 439 2236 Τὴν
464 2203 586 2235 πολιᾶν,
605 2213 614 2229 ι
630 2204 768 2237 canitiem,
783 2214 791 2230 ι
816 2208 868 2231 etc.
887 2203 935 2232 His
966 2205 1058 2232 verbis

266 2244 276 2261 ι
290 2242 395 2273 patrem
411 2245 488 2265 smnn
505 2248 514 2264 ι
534 2240 634 2265 indicat
653 2238 811 2273 Gregorius.

376 2272 491 2309 Μεῖζον.
509 2273 556 2301 0r.
569 2274 597 2306 ‘2,
614 2274 661 2300 xui
679 2276 780 2309 μεῖζον.

299 2307 356 2343 (50)
377 2308 520 2344 Προσάγω
539 2316 598 2335 σοι.
617 2310 663 2336 Sic
679 2307 735 2338 tres
754 2310 842 2343 Colb.,
860 2309 945 2338 Coisl.
960 2310 990 2344 1,
1005 2310 1053 2339 0r.

262 2341 291 2374 2,
304 2341 357 2369 etc.
374 2341 404 2370 In
415 2345 470 2374 cd..
484 2341 647 2387 ’προσάγωσι
664 2341 840 2407 gierpcram];

299 2378 356 2407 (51)
380 2378 439 2407 Τὴν
456 2379 637 2407 ἀναστασιν.
689 2380 770 2407 Illius.
791 2390 799 2406 t
814 2389 840 2407 re

299 2378 356 2414 (51)
380 2378 439 2413 Τὴν
456 2378 637 2407 ἀνάστασιν.
664 2378 770 2414 Dillius,
791 2390 799 2406 ι
814 2378 930 2409 reditum
955 2382 990 2409 ad
1012 2382 1054 2409 vi-

264 2417 329 2440 tam.
341 2423 351 2439 ι

299 2449 356 2484 (52)
376 2449 431 2476 Kal
459 2449 530 2483 τοὺς
555 2451 689 2484 τύπους,“
704 2452 776 2482 etc.,'
793 2461 803 2477 ι
817 2456 845 2479 et
868 2452 963 2479 salutis
988 2460 1055 2480 meae

262 2488 374 2518 typos.)
403 2484 510 2512 Nullum
545 2487 700 2520 scrupulum
729 2494 839 2514 movere
872 2487 971 2514 debent
996 2488 1054 2515 inec

262 2521 356 2546 verba.
377 2530 386 2546 ‹
398 2520 464 2556 Typi
476 2531 484 2546 ι
507 2521 615 2556 quidem
632 2526 696 2557 sunt
718 2527 745 2549 ct
764 2531 772 2547 ι
789 2522 878 2557 signa;
892 2533 901 2548 ι
923 2523 971 2550 sed
995 2532 1004 2548 ι
1018 2523 1055 2550 si-

263 2563 315 2588 gna
327 2565 336 2581 ι
355 2563 445 2583 rerum
465 2557 648 2590 praesentiunt).
667 2556 714 2583 llis
731 2556 842 2584 vocibus
862 2558 902 2584 usi
924 2562 988 2585 sunt
1002 2558 1052 2586 SS.

262 2590 369 2621 Patres,
384 2595 410 2617 et
430 2600 439 2616 ι
456 2591 523 2618 nihil
547 2591 620 2618 aliud
637 2591 800 2625 intelligunt,
815 2602 823 2618 ι
842 2592 928 2626 inquit
948 2593 1052 2626 Billtus,

266 2635 275 2650 ε
293 2633 374 2660 quam
397 2631 502 2661 partem
533 2627 696 2654 sacramenti
712 2635 771 2661 qua:
786 2629 814 2655 in
836 2628 976 2655 oculorum
992 2636 1054 2656 sen-

262 2668 323 2698 sum
349 2662 430 2688 cadit.
445 2671 455 2688 ι
481 2661 527 2689 Sic
552 2662 578 2688 in
597 2661 779 2694 Eucharistia,
802 2663 907 2696 species
925 2664 1001 2698 panis
1026 2669 1054 2692 et

263 2697 396 2734 ﬁliiﬁlii“
413 2705 422 2721 ι
439 2703 494 2734 typi
507 2706 516 2722 ι
532 2704 579 2725 seu
596 2697 859 2734 {signarcorporis
871 2703 899 2725 et
914 2697 1053 2734 sanguinis

261 2731 363 2759 Christi
390 2731 499 2759 realiter
521 2737 549 2760 et
573 2731 792 2760 substantialiter'
813 2731 977 2767 praesentis:
986 2733 1051 2761 Item

262 2767 314 2804 alia
330 2767 422 2804 omnia
441 2768 672 2804 sacramenta_ita
690 2773 753 2794 sunt
771 2778 781 2794 ‹
799 2769 853 2803 typi
867 2778 876 2794 ι
892 2769 934 2796 vel
952 2779 961 2794 ε
975 2770 1051 2804 signa

261 2802 366 2834 salutis,
382 2807 411 2827 ut
425 2810 483 2829 eam
498 2803 577 2830 simul
593 2802 712 2830 efﬁciant
722 2808 750 2829 et
763 2802 943 2836 signiﬁcent.»

298 2838 355 2873 (55)
375 2838 409 2864 El
424 2838 472 2864 καὶ
485 2838 528 2873 μὴ
540 2838 578 2864 δι’
592 2837 638 2871 ἓν,
651 2843 704 2866 etc.
721 2837 828 2866 Btllius:
844 2848 853 2862 ί
869 2838 946 2871 Quod
958 2840 980 2867 si
996 2840 1053 2867 haec

260 2871 367 2906 singula
387 2871 573 2909 minus‘aputl
600 2878 626 2900 te
658 2874 759 2907 Valent,
776 2878 804 2901 at
824 2875 951 2902 universa
978 2881 1053 2903 certe

260 2909 380 2934 vatum.
393 2917 402 2932 ι

298 2943 354 2976 (54)
375 2940 446 2969 Οὗν.
466 2942 544 2979 licest
557 2943 686 2979 inikegg.
699 2953 724 2978 a,
741 2946 797 2976 bm.
812 2949 839 2972 et
855 2945 900 2972 0r.
915 2945 944 2974 2.

297 2978 353 3013 (55)
372 2978 500 3010 Σεαυτῷ.
519 2979 566 3007 Sic
580 2978 627 3007 0r.
641 2981 668 3007 ἓ.
681 2980 709 3008 ln
727 2981 782 3015 θαι,
797 2980 897 3016 σαυτῷ.

1108 1684 1146 1714 ὡς
1159 1682 1382 1718 αἰδεσιμωτέροις
1397 1682 1452 1718 (57)
1472 1683 1516 1709 διὰ
1532 1683 1577 1709 τὸν
1596 1684 1759 1719 τιμήσαντα,
1779 1683 1827 1710 xui.
1840 1683 1900 1717 ἆμα

1107 1729 1146 1764 τῷ
1162 1731 1211 1764 τῆς
1225 1729 1311 1764 ἀρχῆς
1321 1729 1375 1764 (58)
1391 1729 1466 1764 νόμῳ
1487 1728 1674 1764 κατείργεται.
1694 1729 1742 1755 Ἐν
1754 1728 1833 1754 τοῦτο
1847 1737 1898 1754 κα-

1108 1774 1161 1807 itfu;
1189 1775 1336 1811 ὴττήΟητι·
1361 1774 1472 1810 νὶκησον
1502 1776 1576 1810 ἡμᾶς
1604 1774 1802 1810 φιλανθρωπίᾳ.
1833 1774 1899 1801 Ἰδοὺ

1109 1821 1239 1856 προσάγω
1257 1829 1298 1847 σοι
1319 1821 1382 1852 τοὺς
1398 1821 1481 1856 ἐμοὺς
1504 1821 1594 1852 ἱκέτας
1611 1821 1731 1847 ἐναντίον
1752 1819 1832 1851 Θεοῦ,
1851 1819 1900 1845 xui.

1109 1868 1241 1903 ἀγγέλων,
1267 1868 1314 1894 xui.
1331 1867 1470 1902 βασιλείας
1493 1867 1626 1903 οὐρανῶν,
1649 1867 1696 1894 xui.
1720 1867 1770 1901 τῆς
1794 1865 1900 1892 ἐκεῖθεν

1109 1914 1321 1945 ἀνταποδόσεως.
1346 1914 1469 1949 Τίμησον
1491 1913 1541 1949 τὴν
1573 1913 1642 1948 ἐμὴν
1667 1913 1758 1939 πίστιν
1771 1912 1837 1946 (59),
1862 1912 1896 1947 ἣν

1109 1960 1270 1996 ἐπιστεύθην
1285 1969 1314 1986 τε
1333 1960 1380 1986 xui.
1399 1960 1564 1986 ἐπίστευσα·
1581 1960 1619 1992 ὠς
1641 1959 1674 1986 ἂν
1694 1959 1741 1986 xui.
1764 1960 1780 1995 ἡ
1842 1958 1900 1994 (60)

1108 2007 1236 2043 τιμηθείη
1255 2008 1320 2044 περὶ
1339 2007 1373 2034 τὰ
1390 2008 1475 2043 μείζω
1499 2008 1546 2034 xui.
1561 2006 1724 2043 τελεώτερα.
1742 2007 1900 2041 Κεφάλαιον

1150 2098 1205 2134 (56)
1225 2099 1280 2126 Kal
1298 2097 1345 2131 τῇ.
1362 2103 1416 2126 etc.
1433 2098 1478 2126 Sic
1492 2098 1572 2126 codd.
1587 2107 1594 2125 :
1607 2108 1616 2124 ι
1629 2102 1656 2125 et
1671 2097 1825 2125 domestica
1845 2097 1898 2125 Ec-

1110 2133 1200 2161 clesia:
1222 2140 1283 2173 tum.
1297 2144 1306 2160 ι
1328 2134 1382 2173 Hi_c_
1396 2135 1521 2173 praefecti
1541 2143 1550 2158 ι
1565 2133 1835 2173 [ιιῐηὶιίθιιιλιρυιιξη
1847 2141 1899 2173 nu-

1111 2177 1186 2207 mero
1197 2168 1490 2207 etpietate,_Ec’c|esia:
1509 2168 1798 2207 formatu_exbibebat,
1815 2169 1899 2207 signi-

1111 2205 1192 2232 licare
1211 2202 1316 2232 videtur
1342 2204 1499 2237 Gregorius,
1521 2212 1574 2230 non
1600 2213 1609 2229 ‹
1626 2203 1822 2230 Nazianzenam
1848 2202 1898 2230 Ec-

1107 2240 1227 2272 clesium,
1251 2249 1260 2265 ›
1275 2245 1305 2266 ut
1320 2245 1395 2274 putat
1409 2239 1493 2266 Elias.
1507 2239 1647 2273 Siquidem
1671 2239 1708 2274 in_
1723 2239 1764 2265 his
1779 2246 1898 2274 sequen-

1107 2275 1178 2302 tibus
1201 2276 1305 2307 vcrbis,
1320 2272 1378 2301 an‘t
1406 2275 1446 2310 τῷ
1470 2272 1554 2309 καλῷ)
1570 2274 1657 2310 τούτῳ
1686 2272 1806 2309 Χριστοῦ
1829 2273 1899 2310 utiq-

1107 2310 1230 2345 ρώματι,
1259 2315 1307 2337 tet
1329 2311 1391 2336 huic
1424 2310 1537 2343 pulchro
1567 2309 1670 2345 Christi
1690 2309 1810 2339 ccetui.)
1839 2309 1897 2341 ipsa

1068 2343 1262 2378 Ddes‘ignatur
1293 2344 1464 2372 Nazianzena
1500 2345 1633 2372 Ecclesia.
1662 2343 1692 2371 In
1723 2344 1820 2376 editis,
1846 2345 1898 2380 τὴν

1104 2385 1148 2411 τῇ,
1164 2385 1217 2408 etc.

1122 2381 1148 2415 ᾖ,
1164 2385 1217 2408 etc.

1141 2416 1199 2450 (57)
1218 2416 1265 2448 Ὦς
1276 2415 1527 2450 αὶδεσιμωτέροις.
1541 2419 1595 2442 etc.
1612 2414 1671 2442 Non
1698 2414 1767 2450 bene
1789 2413 1894 2446 Billius,

1108 2460 1117 2476 ι
1131 2456 1160 2477 ut
1177 2449 1306 2486 majorem
1320 2449 1390 2486 apud
1407 2456 1444 2483 te,
1458 2459 1472 2478 a
1492 2458 1546 2486 quo
1563 2451 1665 2477 honore
1679 2449 1767 2486 aliecti
1788 2457 1894 2480 sumus.

1105 2485 1294 2514 auctoritatem
1323 2485 1493 2513 habituris.)
1521 2486 1639 2512 Ascribit
1668 2485 1800 2519 siquidem
1824 2492 1895 2519 pra:-

1104 2521 1316 2561 iectomiquuod
1327 2521 1473 2561 Grfgmjus
1488 2521 1664 2561 Deo.tribriit.
1688 2555 1696 2561 _
1815 2559 1819 2561 Α
1858 2555 1863 2561 _

1141 2556 1196 2592 (58)
1219 2556 1267 2595 Τῷ»
1280 2555 1336 2595 τῆς
1357 2555 1464 2595 ἀρχῆς,
1479 2562 1530 2584 etc.
1550 2555 1664 2595 Vetabat
1688 2555 1732 2582 lex
1756 2555 1893 2595 praetoria,

1107 2599 1142 2619 ne
1162 2601 1172 2617 ι
1187 2591 1302 2627 populus
1329 2593 1471 2627 legationis
1497 2599 1608 2618 munere
1640 2591 1808 2625 fungeretur,
1832 2591 1894 2627 quia

1104 2635 1156 2654 non
1169 2626 1370 2660 permittebam
1384 2628 1470 2662 inquit
1480 2627 1564 2658 Elius,
1577 2635 1586 2651 ε
1599 2630 1627 2653 ut
1638 2626 1778 2660 quisquam
1790 2626 1896 2652 ordinis

1103 2663 1144 2689 sui
1161 2664 1227 2690 lines
1244 2662 1402 2690 transiliret.
1421 2673 1431 2688 ι

1139 2697 1195 2734 (59)
1219 2698 1349 2732 Τιμησον
1374 2698 1432 2732 τὴν
1453 2697 1532 2732 ἐμὴν
1554 2697 1669 2734 πίστιν,
1691 2702 1769 2734 ειςησ
1784 2695 1894 2734 Honora

1103 2732 1306 2765 ﬁdem‘mcatn;
1327 2734 1476 2760 secundum
1492 2741 1584 2768 qualn,
1597 2742 1606 2759 ι
1624 2733 1701 2767 juxta
1722 2732 1818 2764 iulium,
1838 2739 1848 2756 ε
1863 2732 1895 2757 ίί-

1103 2768 1172 2795 delis
1187 2775 1219 2795 ac
1239 2775 1320 2795 verax
1339 2776 1399 2796 esse
1415 2768 1477 2796 huic
1496 2767 1592 2803 populo
1609 2768 1728 2795 creditus
1743 2774 1815 2799 sum,
1830 2774 1893 2793 cunt

1103 2803 1221 2831 dicerem
1239 2805 1350 2830 omnino
1365 2808 1390 2830 te
1410 2804 1488 2831 nobis
1509 2803 1894 2838 obtemperaturumgquaque

1104 2838 1156 2865 ﬁde
1174 2838 1275 2865 credidi
1301 2843 1326 2865 te
1353 2846 1401 2866 nos
1423 2837 1623 2870 exautlituruui,
1649 2843 1678 2864 ut
1703 2843 1730 2865 et
1755 2842 1799 2863 tua
1825 2837 1894 2863 lldes

1103 2874 1259 2904 bonoretur.
1274 2880 1326 2908 qua
1347 2874 1472 2901 ﬁduciam
1486 2873 1646 2909 concepisti,
1662 2872 1806 2908 majoralte
1821 2872 1892 2899 bona

1101 2913 1310 2936 consccuturmn
1327 2909 1450 2937 credens.
1463 2918 1473 2935 ι

1137 2943 1194 2979 (60)
1219 2944 1254 2971 Ἠ
1268 2943 1321 2980 σή.
1340 2944 1384 2971 Sic
1398 2943 1466 2980 Reg.
1482 2945 1538 2979 bm,
1553 2943 1636 2972 Coisl.
1652 2945 1665 2972 Ι
1680 2948 1706 2972 et
1720 2943 1748 2977 2,
1762 2942 1809 2971 0r.
1821 2941 1850 2975 2,
1864 2946 1892 2969 et

1101 2978 1163 3008 Par.
1176 2979 1254 3009 Deest
1268 2979 1296 3007 in
1307 2980 1396 3007 editis.
