2049 3143
138 236 185 263 981
603 240 733 268 ORATIO
752 240 845 268 XVIII.
865 257 900 261 —
921 240 947 267 F1

952 239 1093 268 JNEBRIS
1112 239 1146 268 IN
1167 239 1316 269 PATIIEM.
1710 241 1761 270 iis!

137 296 164 323 δὲ
177 295 231 332 (6|)
245 295 291 322 τοῦ
303 296 391 330 λόγου,
405 296 476 331 ἔχεις
492 297 538 323 καὶ
558 298 638 330 αὐτὸς
650 299 678 325 ὲν
697 299 804 334 οὐρανῷ
814 299 924 334 Κύριον·
942 323 946 329 ,

950 302 964 329 ι
980 306 1086 333 quoque
1105 299 1130 326 in
1148 298 1297 332 majoribus
1322 292 1353 325 et.
1369 297 1576 332 perfectiorihus
1601 299 1759 326 honoratur.

137 342 257 369 τοιούτου
273 342 365 377 τύχοις
381 352 415 369 πε
420 343 568 379 etiamtath
576 345 622 371 τοῦ
632 345 735 380 κριτοῦ,
746 345 857 381 οἷόσπερ
869 346 924 380 (62)

977 344 1078 377 Atque,
1107 348 1135 370 ut
1159 351 1213 370 uno
1229 343 1311 370 verho
1335 350 1390 369 rem
1415 342 1589 376 complectar,
1620 343 1760 370 Dominum

139 389 169 417 ἂν
180 389 261 422 αὐτὸς
280 389 345 426 γένῃ
365 391 421 421 τοῖς
441 390 613 426 ἀρχομένοις.
628 391 760 428 Τὺχοιμεν
773 393 801 419 δὲ
814 394 923 424 πάντες,

978 390 1035 423 ipse
1048 397 1156 424 quoque
1172 390 1198 416 in
1216 389 1286 416 coelo
1301 388 1394 415 habes.
1409 387 1485 415 Hune
1500 388 1546 414 tibi
1566 387 1643 414 talem
1658 395 1721 421 ergo
1737 394 1762 414 te

139 435 184 462 καὶ
196 435 250 462 τῶν
267 436 390 462 ἐντεῦθεν
405 436 540 472 χρηστῶν,
557 437 605 464 καὶ
623 437 677 463 τῶν
692 438 798 464 ἐκεῖθεν
813 439 923 465 ἀνεκτο-

973 436 1091 470 judicem
1107 435 1223 470 experiri
1237 435 1387 470 contingat,
1401 434 1508 469 qualem
1524 438 1549 461 te
1562 434 1605 461 his
1619 433 1701 469 326
1715 434 1759 468 qui

138 482 240 517 τὲρων,
258 483 287 508 ὲκ]
303 482 413 518 Χριστῷ
447 483 534 518 Ἰησοῦ
558 483 597 518 τῷ
620 485 715 519 Κυρίῳ
746 485 833 520 ἡμῶν.
859 482 881 519 ᾦ

977 483 1089 517 imperio
1117 487 1160 508 tuo
1189 482 1322 514 subsunt,
1348 481 1517 515 prwstitcris.
1540 480 1647 508 Utinam
1671 486 1759 506 autem

137 528 266 562 569,0.(63)
283 529 331 555 xui.
349 529 379 554 τὸ
402 529 513 564 κράτος,
525 526 547 563 ᾧ
566 529 633 565 τιμὴ
655 530 699 556 καὶ
720 530 852 565 βασιλεία,
877 531 925 557 σὺν

978 529 1055 555 nobis
1068 549 1076 560 ,
1089 532 1115 555 cl
1131 528 1157 554 in
1175 528 1225 554 Itac
1243 528 1297 554 vita
1314 527 1389 553 Initia
1405 531 1432 553 et
1452 527 1563 561 benigna
1581 531 1678 554 cuncta
1695 533 1760 553 con-

138 573 176 609 τῷ
191 574 278 610 lla-cpt
303 574 350 601 καὶ
370 575 408 609 τῷ
431 575 501 610 ἁγίῳ
527 575 676 610 Πνεύματι,
699 575 793 611 ὥσπερ
814 574 858 611 ἦν,
879 576 925 602 καὶ

979 575 1094 608 tingaut,
1111 578 1138 600 et
1154 574 1180 599 in
1197 573 1282 600 altero
1295 573 1394 599 sarculo
1411 572 1520 604 leviora,
1537 572 1562 599 in
1580 572 1687 600 Christo
1698 571 1760 598 Jesu

138 621 234 656 προῆν,
249 621 296 648 καὶ
307 621 397 653 ἔσται,
415 622 462 648 καὶ
482 622 529 649 νῦν
552 622 618 657 (GI),
631 624 677 649 καὶ
693 624 731 654 εὶς
747 624 810 654 τοὺς
825 623 925 655 αἰῶνας

979 619 1092 646 Domino
1106 624 1210 650 nostro,
1225 619 1267 646 cui
1281 619 1365 652 gloria
1381 624 1408 646 ct
1421 618 1574 653 imperium,
1587 624 1612 645 et
1626 619 1721 650 honor,
1736 622 1761 644 et

138 666 191 693 τῶν
207 667 323 695 αἰώνων.
344 668 438 703 Ἀμήν.

979 674 1101 701 regnum,
1116 674 1176 693 cutn
1192 666 1271 693 Patre
1286 672 1312 693 et
1326 671 1420 693 sancto
1434 666 1547 700 Spiritu,
1564 666 1633 692 sicut
1649 669 1717 696 erat,
1736 669 1762 692 ct

978 713 1041 745 erit,
1058 718 1085 740 et.
1101 719 1173 739 nunc
1187 717 1239 744 est,
1256 712 1282 739 in
1295 712 1392 740 saecula
1405 711 1575 739 saeculorum.
1593 711 1690 738 Amen.

248 765 388 805 ,ξιξ-08051
403 766 530 805 @7052.
555 803 562 805 _
635 804 646 805 77
670 804 674 805 7
694 804 697 805 7
727 804 733 805 7
769 804 776 805 7

1011 769 1066 804 (65)
1086 757 1159 805 τ,ζίὴ
1175 770 1260 801 δόξα,
1273 773 1324 797 etc.
1342 770 1407 804 Reg.
1422 778 1447 801 τι,
1465 774 1492 796 et
1509 768 1556 798 0r.
1571 769 1599 800 Ξ,
1650 768 1760 804 κράτος,

174 800 231 840 (ϐίξ)
252 799 392 840 Οζόσηερἐ
408 802 452 828 Sic
469 802 534 839 I’ueg.
555 803 610 835 bm.
629 804 710 831 Coisl.
721 804 749 838 9,
765 804 831 837 .Ics.,
846 805 921 839 Pan,
978 806 983 830 ὲ

481 803 534 839 leg.
555 803 610 835 bm,
629 804 710 831 Coisl.
721 804 749 838 9,
765 804 831 837 .Ics.,
846 805 921 839 Pan,
978 799 1290 840 δόξει..’τιῤ.ὴ,’βασιλεῖα.

138 840 192 864 etc.
207 834 235 863 In
254 837 308 869 ed.,
324 834 366 866 οἷέ
378 838 409 869 ὃς
423 846 485 873 περ.
509 834 523 839 ”
743 834 748 838 ⁷
825 834 830 837 ’
913 834 920 839 ⁷

1013 834 1067 875 (δι)
1076 834 1208 868 nam”.
1220 840 1275 867 Jes.
1291 840 1375 872 addit,
1388 839 1435 866 καὶ
1447 840 1490 866 ἀεί
1501 859 1509 871 ,
1530 849 1539 864 ε
1552 844 1580 867 et
1593 846 1709 873 semper.
1722 848 1731 865 ι

139 890 1751 908 ———-——-——-——————J_————-——'—-——

369 968 450 1004 327
484 977 775 1024 MONITUM
815 982 876 1025 IN
914 977 1273 1026 ORATIONEM
1313 980 1499 1024 XVIII.

196 1159 205 1167 .
227 1148 241 1165 α
261 1137 328 1167 Hac
342 1137 499 1180 oratione,
515 1149 529 1165 ››
547 1138 650 1180 inquit
675 1140 802 1180 Bimus,
826 1140 994 1180 «primum
1013 1141 1165 1171 Basilium
1186 1141 1335 1180 Magnum
1352 1141 1539 1180 alloquitur,
1558 1139 1653 1178 eiutie
1677 1139 1764 1180 velut

139 1181 366 1218 argumentum
388 1177 548 1218 qucddam
566 1177 723 1209 oratiOnis
745 1177 981 1210 subministrat.
1000 1181 1121 1211 Deinde
1138 1177 1276 1218 paternae
1295 1180 1367 1210 vitae
1388 1177 1554 1210 historiam
1578 1179 1764 1216 exordiens,

139 1216 281 1258 ostendit
303 1217 589 1258 quemadmodum,
607 1221 789 1258 portentosa
808 1219 944 1257 quadam
965 1225 1063 1258 atque
1088 1216 1185 1258 impia
1205 1219 1436 1258 superstitione
1462 1219 1592 1258 abjerta,
1616 1218 1766 1248 Christia-

141 1264 212 1300 nam
226 1255 327 1300 fidem
356 1256 524 1300 am7ple7x_us
544 1256 716 1300 sit,_idque_
732 1255 831 1300 miris:
847 1258 949 1300 modis
965 1255 1111 1300 exornat,
1129 1255 1164 1289 ac
1185 1255 1278 1300 simul
1304 1263 1421 1300 captata
1449 1255 1616 1300 occasione
1635 1258 1762 1288 laudem

141 1295 252 1337 matris
283 1295 436 1337 annectit.
462 1296 543 1326 Tum
570 1296 609 1337 ad
639 1295 794 1337 arationis
823 1297 1006 1328 institutum
1039 1299 1176 1333 rediens,
1203 1295 1353 1329 miracula
1385 1298 1529 1337 quaedam
1552 1300 1669 1337 narrat,
1694 1306 1765 1336 quae

141 1334 174 1364 in
204 1334 496 1378 illiusttaptismate
513 1335 722 1378 contigerant.
741 1336 825 1378 Hinc
837 1337 875 1367 ad
892 1337 1112 1376 episcopatum
1139 1338 1208 1378 ejus
1226 1339 1350 1374 transit,
1367 1334 1421 1378 ubi
1448 1337 1549 1378 varias
1568 1336 1637 1375 ejus
1655 1334 1764 1378 laudes

142 1375 361 1415 prosequitur,
390 1382 425 1405 ac
451 1375 599 1412 pietatem
620 1375 751 1415 quidem
781 1376 868 1406 illius
894 1380 925 1406 et
951 1377 1021 1407 tidei
1051 1375 1260 1408 constantiam
1283 1387 1338 1413 per
1364 1377 1566 1407 collationem
1583 1376 1764 1411 amplificat.

142 1422 283 1455 eumque
311 1414 561 1455 obiterpurgat,
580 1414 665 1455 qubd
689 1415 884 1455 imprudens
903 1415 982 1446 falso
1007 1417 1134 1447 cuidam
1156 1421 1186 1446 ct
1202 1417 1358 1455 sacrilego
1386 1416 1607 1447 hereticorum
1625 1415 1764 1452 dogmati

143 1452 402 1495 subscripsisset.
421 1452 652 1492 Mox’ejusdem
675 1452 896 1485 liberalitatem
916 1455 1214 1495 benignitatemque
1233 1457 1266 1486 in
1282 1452 1532 1494 complectendis
1557 1456 1764 1495 pauperibus,

143 1493 317 1534 gloriaque
337 1492 721 1534 ltuntanzecontemptum
753 1494 879 1534 laudat;
908 1498 950 1531 et,
974 1492 1169 1534 quibusdam
1198 1492 1372 1526 virtutibus
1398 1505 1452 1534 per
1475 1494 1657 1532 congeriem
1686 1501 1767 1524 cnu-

143 1532 288 1574 meratis,
316 1532 580 1574 ad7humilitatis
610 1533 746 1574 Iaudem
766 1533 857 1570 redit,
886 1532 1021 1574 eamque
1044 1535 1206 1574 eleganter
1233 1532 1412 1573 pertractat.
1430 1534 1488 1564 Cui
1514 1533 1702 1572 ignoscendi
1723 1533 1767 1574 ia-

143 1571 296 1614 cililatem
324 1571 502 1614 subjungit,
521 1576 632 1614 atque
651 1573 842 1614 injuriarum
865 1571 1077 1610 oblivionem.
1096 1571 1319 1614 Eximiamque
1339 1571 1570 1614 humanitatem
1596 1582 1668 1603 cum
1688 1572 1765 1602 mira

144 1610 176 1652 i_n
203 1611 301 1652 rebus
326 1611 483 1652 gerendis
510 1610 702 1642 dexteritate
730 1612 947 1652 conjunctam.
977 1614 1022 1644 Ita
1056 1614 1185 1644 demum
1215 1610 1362 1650 exponit,
1389 1613 1766 1652 quemadmodum77eum

144 1650 265 1692 duplici
290 1650 444 1681 miraculo
470 1651 557 1682 Deus
582 1652 765 1687 celebravit,
780 1650 886 1692 idum,
911 1656 941 1683 et
969 1661 1042 1687 eos,
1068 1663 1083 1683 a
1101 1653 1219 1692 quibus
1243 1653 1345 1683 fuerat
1368 1650 1543 1692 odensus,
1559 1652 1639 1682 ultio
1658 1650 1766 1692 divina

145 1689 251 1731 statim
267 1692 377 1731 secuta
392 1694 498 1731 est,7et
516 1692 665 1721 eumdem
682 1701 698 1722 a
717 1691 847 1722 medicis
864 1689 1240 1731 comploratumfpru‘ter
1255 1692 1399 1722 omnium
1415 1700 1520 1730 spem,
1538 1691 1605 1730 ipse
1622 1690 1767 1731 pristinae

146 1729 323 1769 valetudini
341 1730 500 1766 restituit;
522 1733 552 1760 et
579 1730 653 1769 quia
678 1731 727 1760 his
745 1731 840 1761 rebus
858 1728 1023 1762 hominum
1043 1728 1254 1762 sanctimonia
1279 1728 1445 1769 perspicue
1473 1728 1664 1763 declaratur,
1681 1728 1768 1759 addit

145 1768 416 1807 quemadmodum
441 1773 540 1799 mater
561 1768 749 1806 gravissimo
775 1773 806 1800 et
835 1771 1037 1801 atrocissime
1054 1770 1165 1801 morbo
1191 1768 1358 1806 laborans,
1372 1774 1503 1807 repente
1532 1769 1701 1799 sanitatem
1721 1777 1769 1798 re-

145 1808 283 1848 ceperit;
301 1817 335 1838 ac
352 1812 501 1846 praeterea
516 1817 654 1847 quonatn
672 1810 767 1840 modo
782 1809 850 1848 ipse
866 1810 1042 1848 periculosa
1059 1813 1243 1847 tempestate
1253 1810 1400 1848 jactalus,
1419 1812 1586 1847 parentum
1605 1807 1768 1848 precibus,

146 1847 362 1887 certissimum
385 1849 496 1878 mortis
520 1849 698 1886 periculum
723 1847 883 1887 effugerit.
914 1849 996 1880 Hinc
1019 1849 1057 1880 ad
1083 1847 1282 1880 fortitudinis
1307 1849 1559 1887 constantiusque
1583 1847 1708 1877 laudem
1734 1855 1770 1887 se

146 1886 281 1917 confert.
304 1886 372 1922 Qua
399 1887 546 1925 pluribus
567 1888 724 1926 exemplis
751 1886 977 1922 demonstrata.
1011 1890 1108 1927 patris
1138 1889 1284 1919 encomio
1311 1889 1404 1918 ﬁnem
1435 1886 1583 1926 imponit,
1604 1890 1713 1927 atque
1731 1886 1770 1916 ad

146 1929 278 1993 matrem
306 1927 367 1963 iam
395 1927 487 1956 senio
514 1927 688 1958 confectam
717 1927 894 1958 orationem
926 1925 1133 1962 convertens,
1163 1937 1230 1958 eam
1261 1927 1498 1965 elegantissime
1530 1933 1558 1957 et
1582 1925 1770 1956 doctissime

147 1973 246 1993 conso
261 1970 343 1993 atur.
360 1977 374 1993 η

147 1970 343 1996 consolatur.
360 1977 374 1993 η

187 2005 229 2035 Il.
252 2005 402 2036 Nazianzi
431 2005 537 2036 medio
569 2006 695 2037 circiter
717 2014 800 2036 anno
824 2005 883 2036 37h
910 2005 1015 2036 habita
1041 2011 1088 2036 est
1114 2007 1180 2037 haec
1205 2007 1318 2037 oratio.
1345 2006 1455 2036 Mense
1480 2006 1565 2036 enim
1589 2004 1703 2036 Martio
1721 2003 1769 2034 vel

148 2044 249 2082 Aprili
274 2044 406 2083 hujusce
432 2046 520 2085 anni,
547 2046 637 2082 juxta
664 2045 820 2080 eruditos,
846 2046 967 2076 obicrat
993 2046 1168 2085 Gregorius
1186 2046 1306 2077 senior.
1330 2046 1364 2076 Id
1390 2045 1485 2075 etiam
1504 2046 1667 2076 nonnullis
1700 2052 1770 2074 ι]ιο-

148 2085 312 2114 numcntis
327 2084 448 2123 probari
469 2088 582 2122 potest.
603 2086 648 2116 Ac
667 2086 769 2123 primo
781 2085 909 2123 quidem
923 2090 1046 2116 constat
1063 2084 1225 2116 mortuum
1240 2086 1303 2122 jam
1316 2085 1418 2116 fuisse
1434 2085 1623 2123 Gregorium
1638 2087 1772 2122 patrem,

149 2131 221 2153 cum
248 2123 286 2154 ad
304 2124 514 2164 7Icouiensem
530 2125 647 2164 sedem
668 2122 851 2164 assumptus
879 2129 926 2155 est
954 2125 1212 2164 Amphilochius.
1238 2125 1362 2155 Etenim
1383 2132 1459 2164 quo
1476 2122 1619 2163 tempore
1635 2124 1665 2164 is
1681 2122 1770 2152 ordi-

151 2165 243 2203 natus
266 2163 326 2193 t'uit
355 2163 453 2193 Iconii
485 2163 669 2203 episcopus,
693 2163 868 2200 Gregorius
895 2168 1004 2195 noster
1018 2163 1054 2194 in
1085 2165 1169 2195 luctu
1197 2165 1235 2195 de
1268 2163 1407 2202 parentis
1431 2163 1545 2194 funere
1568 2163 1770 2196 versabatur,

148 2205 185 2232 ut
210 2202 479 2243 ipsemetscribit
506 2203 543 2233 ad
573 2202 833 2242 Amphilochium
862 2207 981 2242 patrem
1000 2214 1007 2234 :
1027 2215 1041 2231 α
1060 2204 1108 2234 An
1140 2209 1170 2234 te
1196 2203 1367 2243 quidem,»
1387 2203 1493 2242 inquit
1521 2203 1597 2242 (65),
1613 2214 1626 2231 (ι
1648 2203 1679 2232 in
1697 2210 1775 2233 mce-

151 2249 254 2282 rorem
279 2241 409 2282 conjicit
430 2242 526 2278 titius,
543 2243 629 2282 quod
656 2242 697 2273 ob
725 2241 872 2272 virtutem
888 2243 1071 2282 arripiatur,
1095 2247 1125 2273 et
1151 2241 1272 2274 honore
1288 2241 1493 2274 adiciatne...
1513 2241 1562 2273 me
1586 2246 1690 2272 autem
1707 2248 1774 2271 non

149 2281 320 2312 discruciat
339 2286 439 2321 pater,
466 2282 520 2320 qui
549 2281 741 2318 postremam
759 2291 775 2312 a
806 2282 898 2312 nobis
918 2283 1204 2321 peregrinationem
1229 2283 1312 2316 iniit,
1330 2291 1369 2312 ex
1390 2291 1452 2320 qua
1478 2290 1539 2312 non
1561 2281 1626 2320 jam
1655 2281 1692 2312 ad
1708 2288 1773 2321 nos

150 2320 346 2361 revertetur,
368 2330 426 2352 nec
443 2329 459 2350 a
480 2321 572 2351 nobis
590 2321 830 2361 conspicietur?
848 2333 862 2349 ν
886 2320 1037 2352 Prteterea
1057 2322 1243 2359 Faustinus,
1261 2322 1312 2353 cui
1331 2322 1487 2352 successit
1506 2320 1771 2359 Amphilochius,

151 2360 212 2400 vita
237 2359 367 2391 functus
396 2363 462 2400 erat
491 2369 576 2391 anno
599 2359 678 2392 373.‘
699 2361 837 2391 Basilius
863 2370 1002 2400 namque
1028 2361 1066 2392 ad
1092 2361 1268 2392 Eusebium
1301 2362 1556 2392 Samosatensem
1582 2361 1773 2399 episcopum

151 2399 306 2440 soribens.
333 2400 376 2430 ait
402 2399 488 2440 (66)?
507 2400 683 2430 «Iconium
707 2401 818 2431 civitas
844 2405 893 2432 est
923 2399 1090 2432 Pisidim...
1119 2402 1186 2439 IpSa
1222 2409 1280 2431 nos
1306 2400 1429 2435 invitat,
1458 2405 1492 2430 ut
1518 2409 1552 2430 se
1581 2400 1773 2433 invisamus,

152 2445 185 2468 nt
212 2439 397 2479 episcopum
424 2439 595 2470 eidcmus.
619 2440 767 2470 Mortuus
795 2444 842 2470 est
857 2439 941 2470 enim
956 2441 1143 2470 Faustinus.
1167 2452 1181 2468 ››
1198 2441 1288 2471 Hanc
1305 2445 1412 2471 autem
1434 2439 1601 2479 epistolam
1624 2440 1774 2479 scriptam

150 2476 240 2520 anno
258 2476 546 2520 373'conseutiunt
577 2480 704 2520 eruditi.
725 2480 838 2520 Utrum
862 2487 938 2520 vero
964 2479 1211 2518 Amphilochius
1233 2480 1378 2520 proxime
1395 2476 1550 2520 Faustino
1570 2476 1774 2520 successerit,

150 2526 190 2548 an
210 2517 382 2558 haereticus
392 2519 542 2557 .quidam,
561 2518 618 2558 qui
643 2521 727 2556 328
753 2519 839 2549 brevi
866 2517 1036 2549 defunctus
1053 2524 1106 2549 aut
1123 2517 1240 2557 pulsus
1256 2523 1314 2554 est,
1331 2519 1458 2549 medius
1483 2519 1672 2549 Faustinum
1692 2518 1777 2547 inter

151 2557 467 2603 “Amphilochium
483 2557 616 2603 sederit,
640 2559 888 2603 utar-tiitrantur
905 2557 1065 2603 nonnulli,
1084 2567 1147 2589 non
1165 2559 1243 2589 satis
1265 2559 1376 2603 liquet.
1396 2558 1561 2603 Quidquid
1579 2558 1634 2603 sit,
1653 2561 1777 2601 certum

152 2597 473 2636 estAmphilochium
489 2597 667 2628 lconiensis
686 2598 837 2628 Ecclesiae
851 2597 1162 2629 administrationem
1183 2596 1366 2637 suscepisse
1387 2606 1470 2628 anno
1490 2598 1562 2627 37h.
1579 2596 1776 2637 Hunceuim

152 2635 334 2678 ordinatum
368 2637 553 2678 episcopum
574 2637 667 2678 datis
694 2637 806 2678 litteris
830 2637 947 2678 eodem
976 2645 1061 2678 anno
1093 2637 1232 2678 Basilius
1259 2635 1442 2678 consolatur
1470 2636 1649 2678 bisverbis
1681 2635 1776 2678 (67)_:

154 2686 168 2702 ι
185 2676 377 2716 Benedictus
389 2673 499 2713 'Deus',
524 2677 580 2716 qui
608 2677 670 2707 sibi
698 2677 857 2714 placentes
872 2673 904 2707 in
922 2676 1060 2716 singulis
1076 2677 1225 2707 aetatibus
1249 2677 1358 2716 elegit,
1385 2676 1618 2714 electionisque
1637 2674 1778 2706 secernit

152 2723 239 2752 vasa,
267 2719 304 2756 et
323 2715 372 2746 his
403 2716 505 2747 utitur
533 2717 571 2746 ad
599 2716 813 2746 ministerium
843 2720 1053 2747 sanctorum:
1085 2716 1141 2756 qui
1173 2723 1261 2747 nunc
1286 2715 1382 2747 etiam
1403 2720 1432 2746 te
1462 2724 1534 2756 cum
1564 2715 1778 2756 fugeres._ut

151 2757 253 2795 tumet
275 2755 396 2792 dixisti,
421 2764 484 2786 non
514 2763 584 2791 nos,
613 2755 669 2786 sed
694 2755 893 2795 vocationem
922 2764 1017 2795 quam
1050 2753 1105 2794 per
1134 2764 1191 2786 nos
1225 2756 1363 2787 futuram
1392 2755 1620 2795 gispicabaris,
1642 2753 1778 2795 inevita-

151 2793 271 2828 bilihus
286 2796 393 2834 gratiae
409 2795 530 2826 retibus
556 2795 703 2833 illigavit.
722 2803 757 2825 ac
779 2794 814 2825 in
831 2793 968 2825 mediam
984 2793 1135 2825 Pisidiam
1155 2795 1299 2831 deduxit,
1321 2799 1356 2826 ut
1376 2793 1523 2826 heminas
1541 2795 1607 2825 Deo
1627 2793 1746 2832 capias,
1763 2802 1777 2819 ιι

151 2836 211 2865 etc.
239 2834 320 2865 Cum
350 2843 425 2874 ergo
447 2839 478 2866 et
503 2834 714 2866 ordinationis
748 2834 964 2874 Amphilochii
994 2839 1025 2865 et
1056 2835 1200 2873 Gregorii
1233 2835 1370 2866 senioris
1399 2835 1506 2867 obitus
1533 2839 1674 2874 tempora
1700 2840 1779 2863 cen-

185 2929 243 2957 ιϐἤὶ
262 2929 347 2964 Epist.
360 2929 405 2957 65.

187 2965 244 3001 (66)
266 2965 348 3000 Epist.
366 2965 422 2993 158.

1028 2931 1083 2967 (67)
1104 2931 1187 2967 Epist.
1204 2931 1260 2960 I6l.
