2049 3143
194 206 248 234 9⁵η

796 212 825 241 S.
848 212 1011 241 GREGORII
1031 213 1202 240 THEOLOCI

1764 215 1816 242 988

194 266 273 294 (ius?
300 265 353 294 Nos
381 268 490 302 quidem
525 277 577 296 non
602 271 657 302 jam
687 272 855 305 superstites,
885 280 974 299 verum

1032 273 1151 308 πλείστῳ
1175 273 1252 308 μέρει
1282 268 1514 305 συναπελθόνηὲας,
1539 281 1585 299 κα.
1609 272 1647 308 τῷ
1668 272 1744 308 τόπῳ
1764 273 1816 308 τῆς

196 316 312 338 maxima
326 320 358 339 ex
375 319 452 347 parte
466 323 518 341 una
540 323 600 342 cum
623 324 656 343 eo
683 318 735 343 vita
763 317 879 346 functos.
898 323 978 353 atque

195 357 345 384 aillictionis
359 358 445 386 locum
461 360 573 387 moleste
592 361 718 392 ferentes,
731 369 763 388 ac
776 370 847 388 nunc
865 370 977 396 praiser-

197 406 254 434 tum,
270 410 330 428 cum
355 404 450 430 scitum
479 405 699 439 gubernatorem,
720 411 766 432 aut
794 407 855 433 vitze
881 412 978 434 nostra:

195 447 293 480 {.u'em,
317 448 344 475 in
365 457 455 484 quam,
482 450 579 477 salutis
609 451 697 477 lumen
727 451 803 478 nobis
824 461 840 478 e
870 453 976 478 sublimi

199 498 393 526 ostentantem,
420 495 566 530 intuentes,
596 497 788 531 dirigebantur,
820 498 976 531 amisimus;

196 538 271 565 illum
284 545 373 566 anteiit
389 549 449 567 cum
468 541 541 568 omni
569 542 678 573 virtute,
698 550 729 569 ac
746 543 874 577 pastorali
894 544 974 570 disci-

194 585 275 619 plina,
292 593 373 619 quam
389 587 515 614 diuturno
541 593 661 621 tempore
686 589 842 623 collegerat.
865 597 977 625 peregre

193 630 352 665 profectum,
369 633 472 659 dierum
487 634 565 660 simul
580 643 612 661 ac
628 636 776 669 prudentia:
793 635 913 670 plenum,
938 641 975 668 et,

192 676 214 701 si
228 675 379 704 Salomonis
397 679 484 706 verbis
497 681 625 706 utendum
642 685 694 714 est,
719 682 810 715 gloria:
837 686 976 709 Senectute

193 727 367 756 coronatum;
387 732 493 758 gregem
509 725 623 760 denique
647 726 753 753 consilii
784 728 873 761 inopia
901 728 976 755 labo-

192 771 296 793 rantem
315 773 342 795 et
358 775 572 802 consternatum,
588 779 759 806 summoque,
787 777 816 799 ut
832 774 915 803 vides.
931 774 978 800 do-

191 812 247 840 lore
266 821 298 841 ac
321 815 448 841 mmstitia
464 816 653 850 confectum",
671 826 723 845 non
740 818 796 852 jam
813 819 838 845 in
856 819 915 846 loco
927 828 974 853 pa-

191 865 262 885 scua:
279 860 504 894 requiescentem,
525 870 575 889 nec
599 862 753 892 refectiouis
779 872 847 899 aqua
876 866 977 892 educa-

191 905 288 937 tum",
303 906 348 932 sed
363 907 519 941 praecipitia,
536 912 562 935 et
584 906 754 943 solitudines,
776 916 803 938 et
819 911 972 946 voragines,

1029 317 1178 350 κακώσεως
1200 318 1437 354 δυσχεραίνοντας·
1460 320 1507 345 καὶ
1523 319 1570 345 νῦν
1592 318 1716 354 μάλιστα,
1736 319 1816 354 ἡνίκα

1029 361 1074 387 τὸν
1099 363 1269 397 ἐπιστήμονα
1293 362 1472 399 κυϐερνήτην,
1497 363 1513 398 ἢ
1536 363 1580 389 τὸν
1603 363 1752 398 λαμπτῆρα
1766 364 1814 398 τῆς

1030 407 1104 442 ζωῆς
1132 408 1210 442 ἡμῶν
1242 408 1479 444 ἀποϐεϐλήκαμεν,
1507 409 1574 444 πρὸς
1608 409 1637 434 ὃν
1660 408 1812 444 ἀπηυθυνό-

1030 454 1099 488 μεθα
1121 454 1176 488 (79)
1204 453 1357 488 βλέποντες,
1384 455 1487 481 ἄνωθεν
1511 456 1576 490 ἡμῖν
1600 455 1649 489 τὴν
1677 455 1812 489 σωτηρίαν

1030 497 1211 533 πυρσεύοντα·
1236 499 1337 525 ἐκεῖνον
1354 499 1422 534 μετὰ
1439 499 1485 525 τοῦ
1509 499 1591 526 καλοῦ
1611 499 1710 530 παντὸς
1731 499 1796 534 ὲκδη

1030 544 1164 579 μήσαντα,
1185 544 1232 570 καὶ
1249 545 1338 579 πάσης
1354 546 1402 580 τῆς
1421 545 1601 580 ποιμαντικῆς
1623 544 1758 577 εὐταξίας.
1777 544 1811 578 ἢι

1028 588 1116 623 χρόνῳ
1139 588 1237 623 μακρῷ
1253 589 1420 621 συνελέξατο,
1438 589 1545 624 πλήρης
1567 588 1678 624 ἡμερῶν
1691 597 1720 615 τε
1742 588 1809 623 ὁμοῦ

1028 634 1075 660 καὶ
1093 634 1256 668 φρονήσεως,
1274 634 1320 660 καὶ
1334 634 1372 669 τῷ
1392 634 1442 668 τῆς
1456 635 1615 669 καυχήσεως
1631 634 1712 669 γήρα,
1726 634 1749 659 εἰ
1770 633 1812 659 δεῖ

1027 679 1057 706 τὸ
1075 679 1122 706 τοῦ
1141 679 1310 714 Σολομῶντος
1321 680 1416 712 είπείν,
1431 679 1644 714 στεφανούμενος
1660 677 1725 714 (80).
1749 677 1810 704 Ποί-

1029 731 1104 758 μνιον
1129 723 1310 758 ἠπορημένον,
1336 723 1380 749 καὶ
1407 723 1462 759 (Si)
1489 722 1740 757 καταδεελημένον,
1762 722 1809 749 καὶ

1026 768 1091 803 ὁρᾷς
1100 769 1164 804 ὅσης
1175 768 1258 804 γέμον
1269 769 1386 804 ἀθυμίας
1394 770 1440 795 καὶ
1451 768 1611 804 κατηφείας·
1620 768 1669 794 οὐκ
1685 767 1724 793 ἔτι
1734 767 1808 802 τόπῳ

1026 813 1106 849 χλόης
1126 815 1360 850 ὲναναπαυόμενον
1377 814 1445 849 (82),
1463 814 1523 840 οὐδὲ
1541 814 1615 840 ὕδατι
1631 813 1808 844 ἀναπαύσεως

1026 859 1239 895 ἐκτρεφόμενον·
1256 858 1354 895 ζητοῦν
1371 860 1523 895 κρημνοὺς,
1545 859 1592 886 καὶ
1616 859 1742 895 ἐρημίας,
1760 858 1808 885 καὶ

1026 903 1158 939 βάραθρα,
1176 905 1237 932 καθ’
1258 902 1295 932 ὧν
1311 905 1490 941 σπαρήσεται,
1508 905 1555 932 καὶ
1576 905 1807 941 διαφθαρήσεται·

192 949 218 976 In
235 957 303 984 quas
319 951 490 986 disperga'ur
513 958 540 980 et
565 954 690 987 intereat,
706 961 890 989 quaerentem;
907 964 971 984 num

1026 951 1152 976 ἀπιστοῦν
1167 951 1192 977 εἴ
1209 959 1273 977 ποτε
1293 951 1340 978 καὶ
1363 951 1442 978 ἄλλου
1467 951 1594 986 ποιμένος
1610 950 1719 977 συνετοῦ
1747 950 1808 976 ἐπι-

189 994 271 1022 alium
289 1004 395 1030 quoque
410 997 536 1026 solertem
551 1007 582 1026 ac
597 1001 753 1034 prudentem
769 1006 901 1036 pastorem
924 1002 974 1029 ali-

190 1039 298 1073 quando
318 1046 512 1069 consecuturus
528 1043 574 1075 sit,
588 1043 764 1076 difﬁdentem,
780 1044 845 1071 illud
864 1045 973 1079 quidem

190 1089 264 1112 certe
277 1086 422 1120 etquidem
436 1087 512 1114 valde
527 1088 577 1114 sibi
596 1089 815 1122 persuadentem,
836 1091 906 1124 quod
924 1091 975 1118 mi-

190 1131 262 1158 nime
289 1132 382 1160 talem.
401 1132 521 1167 beneque
544 1142 635 1161 secum
651 1134 694 1169 agi
712 1135 926 1170 existimantem,
950 1136 974 1163 si

189 1185 240 1204 non
256 1177 339 1204 multo
355 1178 522 1207 inferiorem.

224 1222 266 1249 Ill.
279 1222 363 1250 Porro
378 1232 439 1251 cum
456 1225 504 1252 tria
519 1225 585 1259 bam,
606 1231 635 1252 ut
649 1226 717 1258 dixi,
733 1230 815 1260 atque
830 1227 920 1254 omnia
938 1235 973 1254 ex

187 1276 274 1303 equo,
290 1270 336 1297 tibi
350 1270 402 1298 huc
415 1272 537 1298 veniendi
555 1272 743 1299 necessitatem
759 1272 907 1304 attulerint,
925 1280 974 1300 nos

188 1314 302 1348 scilicet,
311 1320 338 1342 et
352 1323 428 1349 grex,
444 1321 470 1342 et
486 1320 587 1350 pastor,
612 1323 671 1351 age,
700 1324 748 1350 pro
770 1324 802 1343 eo
821 1317 972 1344 curationis

188 1359 293 1393 spiritu,
310 1367 363 1393 quo
378 1360 504 1392 praeditus
521 1368 559 1391 es,
578 1368 649 1393 eam,
664 1369 724 1395 qua:
738 1362 836 1395 cuique
850 1367 914 1396 apta
927 1361 972 1394 sil,

190 1404 352 1431 medicinam
368 1406 475 1439 adhibe,
490 1414 521 1433 ac
547 1414 699 1434 sermonem
716 1414 776 1433 cum
792 1407 894 1441 judicio
916 1407 973 1435 dis-

189 1458 268 1484 pone,
287 1458 340 1485 quo
356 1456 382 1477 te
408 1453 548 1485 sapientia:
563 1454 671 1480 nomine
697 1454 782 1488 magis
797 1454 971 1481 admiremur.

188 1495 310 1527 Quonam
325 1502 414 1523 autem
427 1499 505 1524 modo
517 1498 661 1531 disponcs?
675 1499 714 1525 Ad
741 1504 876 1534 pastorem
901 1501 973 1533 quod

188 1541 295 1574 attinet,
313 1541 333 1568 si
353 1542 424 1568 illum
438 1543 473 1569 ub
496 1544 635 1577 virtutem,
656 1549 686 1571 ut
711 1553 759 1579 par
775 1550 826 1577 est,
843 1545 972 1573 laudave-

188 1587 238 1619 ris.
255 1596 307 1615 non
332 1589 418 1615 solum
436 1594 466 1615 ut
483 1598 549 1624 puro
574 1598 667 1624 puram
696 1592 861 1624 orationem,
887 1592 972 1620 instar

188 1633 309 1661 funebris
323 1634 462 1669 cujusdam
478 1637 608 1668 muneris,
631 1636 749 1669 inferas;
778 1638 824 1664 sed
849 1643 877 1664 ut
890 1637 970 1664 etiam

188 1679 248 1706 aliis
263 1679 332 1706 illius
349 1681 408 1707 vitae
422 1681 563 1712 rationem,
581 1687 709 1716 tanquam
726 1683 833 1716 pietatis
856 1683 970 1710 fortnam

188 1729 215 1750 et
232 1725 454 1758 admonitionem,
481 1734 626 1761 proponas.
648 1726 701 1754 Nos
724 1735 787 1754 vero
809 1729 879 1762 quod
912 1736 972 1763 spe-

188 1774 254 1802 ctat,
266 1770 333 1797 side
347 1771 400 1798 vita
416 1777 442 1799 et
465 1777 560 1805 morte,
585 1773 617 1799 de
641 1774 737 1799 animae
753 1779 833 1808 atque
852 1775 973 1809 corporis

188 1815 377 1849 conjunctione
400 1818 644 1851 aedisjunctioue,
662 1819 696 1845 de
719 1819 823 1846 duobus
852 1820 972 1854 mundis,

189 1862 241 1888 hoc
255 1867 296 1889 est
315 1863 349 1890 de
364 1865 488 1898 praesenti
508 1872 539 1891 ac
555 1864 627 1891 ﬂuxo
655 1870 683 1892 et
710 1865 808 1900 fragili,
832 1870 858 1893 et
881 1866 914 1893 de
929 1874 971 1900 eo,

188 1908 234 1942 qui
249 1909 339 1935 animo
354 1915 381 1935 et
395 1904 483 1936 mente
497 1911 656 1944 intelligitur
668 1918 699 1937 ac
712 1916 812 1942 manet,
827 1919 908 1946 pauca
919 1912 974 1939 dis-

192 1955 325 1987 serueris;
340 1955 471 1990 nobisque
488 1959 666 1990 persuaseris,
682 1962 710 1985 ut
735 1957 845 1984 alterius
863 1958 972 1992 quidem

189 1999 366 2034 lmposturam
395 2006 422 2028 et
454 2002 682 2036 perturbationem
713 2007 794 2036 atque
817 2004 975 2030 inconstan-

189 2046 273 2077 tiam,
297 2045 376 2080 332
406 2054 448 2079 ac,
473 2048 544 2074 velut
574 2049 600 2074 in
628 2049 723 2081 undis,
757 2057 863 2076 sursum
896 2050 974 2076 deor-

189 2097 302 2123 sumque
328 2091 502 2125 jactationem
529 2098 751 2126 contemnamus;
788 2093 821 2120 ad
853 2094 970 2121 alterum

189 2140 287 2166 autem,
303 2137 347 2170 qui
365 2136 456 2163 ﬁrmus
484 2143 510 2164 et
531 2138 647 2170 stabilis,
667 2146 697 2166 ac
710 2139 826 2170 divinus,
846 2147 967 2173 semper-

190 2187 242 2214 que
268 2181 308 2207 sui
332 2182 428 2208 similis
453 2186 504 2215 est,
521 2188 602 2217 atque
624 2183 696 2210 omni
720 2185 923 2218 perturbatione
949 2189 976 2211 et

190 2226 347 2254 confusione
363 2233 448 2260 vacat,
470 2233 539 2255 totos
566 2236 615 2255 nos
638 2229 824 2263 adiungamus.
845 2230 890 2258 Sic
903 2231 975 2258 enim

191 2272 220 2303 ii,
237 2273 282 2306 qui
299 2273 361 2300 hinc
384 2274 458 2307 prius
471 2275 648 2306 excesserint,
671 2277 760 2303 minus
784 2277 860 2303 nobis
878 2283 976 2304 mcero-

193 2318 231 2344 ris
244 2319 384 2346 attulerint
399 2329 405 2352 ;
423 2319 476 2347 imo
497 2321 577 2348 etiam
604 2321 694 2348 laetitia
720 2330 767 2349 nos
783 2322 933 2355 affecerint,
955 2323 977 2350 si

193 2371 242 2391 nos
255 2365 341 2392 oratio
357 2365 418 2392 hinc
430 2367 560 2394 abductos
576 2374 682 2394 sursum
701 2368 823 2400 collucet,
843 2373 923 2402 atque
939 2369 977 2402 id,

191 2412 262 2445 quod
274 2410 300 2438 in
319 2413 443 2445 przesenti
461 2413 603 2440 molestum
619 2418 672 2445 cst,
692 2414 718 2441 in
739 2414 820 2441 futuri
837 2419 978 2449 exspecta-

193 2457 266 2484 tione
276 2457 404 2490 occultet,
424 2458 555 2493 nobiSque
571 2459 634 2486 illud
652 2461 821 2494 persuadeat,
842 2461 912 2495 quod
928 2460 977 2495 ipsi

194 2510 302 2538 quoque
329 2504 362 2530 ad
390 2504 488 2532 bonum
519 2505 659 2532 Dominum
682 2513 869 2540 properemus,
897 2511 1002 2547 atque,

228 2581 249 2597 ³τ
268 2581 348 2609 Prov.
362 2589 416 2613 ενι,
433 2582 476 2609 51.
514 2582 535 2598 ³⁸
548 2582 619 2610 Psal.
638 2591 706 2615 ml,
720 2583 747 2610 ‘2.

229 2660 284 2696 (79)
297 2660 561 2696 r'Azquuro’psﬁa.
579 2660 625 2687 Sic
645 2661 712 2696 Reg.
727 2670 752 2687 (τ.
768 2659 795 2687 lu
819 2661 874 2691 ed..
893 2661 976 2687 ἀπευο

191 2695 556 2766 Θυῖἕίίξθὲτεφανούμενος.
571 2731 637 2765 Reg.
655 2739 680 2764 a,
697 2731 920 2766 στεφανούμενον.

228 2764 284 2799 (81.)
311 2764 520 2801 Ἠπορημέἇόν,
536 2767 596 2793 καί.
615 2764 624 2791 ἱ
640 2767 752 2799 Gregem
776 2764 883 2801 pastore
899 2766 980 2793 desti-

192 2806 293 2837 tutum,
308 2810 317 2827 ι
336 2807 388 2829 etc.
409 2802 453 2828 Sic
469 2802 534 2837 Reg.
550 2810 576 2835 a,
592 2806 647 2829 tres
666 2802 741 2829 Colb.
756 2808 783 2829 et
797 2801 845 2829 0r.
859 2801 884 2827 i.
902 2801 981 2829 Deest

192 2836 238 2864 καί
257 2837 283 2862 in
298 2837 342 2862 ed.

302 2860 597 2907 “"I‘L‘rarazavdysror.
621 2871 665 2898 Sic
680 2871 725 2898 0r.
749 2871 773 2898 Ι.
794 2871 820 2897 ¹ιι
844 2871 901 2903 ed..
919 2860 980 2898 ὲνα-

191 2908 356 2947 παμὲμεῖθν-
405 2941 414 2946 .
470 2942 487 2947 ..
659 2941 676 2947 .-
752 2942 756 2947 .
833 2941 838 2947 .

228 2943 284 2979 (85)
310 2941 450 2977 Ἁγαπὼν.
467 2942 551 2969 Coisl.
569 2942 594 2975 Ι,
611 2948 636 2969 et
659 2941 720 2970 Par,
745 2941 863 2976 ἀγαπῴη

1024 996 1159 1028 τεύξεται,
1177 997 1218 1023 ὅτι
1243 997 1290 1032 μὲν
1311 997 1341 1023 οὐ
1363 997 1494 1028 τοιούτου,
1512 997 1557 1023 καὶ
1579 997 1638 1023 λίαν
1661 998 1809 1032 πεπεισμέ-

1024 1051 1078 1074 νον,
1100 1042 1213 1077 ἀγαπῶν
1230 1043 1286 1076 (85)
1308 1043 1330 1069 δ’
1351 1043 1395 1074 ἂν,
1421 1043 1468 1070 καὶ
1483 1044 1507 1069 εῑ
1532 1043 1568 1078 μὴ
1588 1043 1730 1078 παραπολὺ
1753 1043 1809 1078 χεί-

1026 1098 1111 1126 ρονος.

1059 1226 1095 1252 I".
1116 1225 1205 1260 Τριῶν
1218 1225 1246 1252 δὲ
1260 1225 1354 1258 ὄντων,
1369 1225 1436 1261 ὅπερ
1451 1225 1528 1258 ἔφην.
1544 1224 1561 1251 ἃ
1579 1232 1619 1250 σοι
1636 1223 1686 1260 τὴν
1706 1232 1810 1260 παρου-

1025 1270 1086 1297 σίαν
1105 1270 1257 1303 ἀναγκαίαν
1274 1271 1360 1300 ποιεῖ,
1380 1270 1427 1296 καὶ
1449 1270 1557 1296 πάντων
1579 1269 1609 1301 ἐξ
1623 1268 1694 1304 ἴσης,
1719 1269 1806 1304 ἡμῶν,

1024 1316 1070 1344 τοῦ
1089 1317 1232 1352 ποιμένος,
1254 1316 1301 1351 τῆς
1323 1316 1454 1351 ποίμνήςι
1473 1315 1549 1351 φέρε,
1574 1315 1644 1342 κατὰ
1667 1315 1697 1341 τὸ
1719 1316 1747 1341 ὲν
1764 1315 1805 1340 σοὶ

1024 1363 1131 1397 πνεῦμα
1149 1362 1198 1397 τῆς
1219 1362 1376 1397 θεραπείας.
1395 1361 1491 1392 ἀπόδος
1515 1361 1621 1395 ἑκάστῳ
1637 1359 1667 1386 τὺ
1688 1360 1808 1394 πρόσφο-

1025 1417 1080 1444 ρον,
1105 1408 1151 1434 Kal.
1178 1408 1355 1442 οἰκονὸμησον
1378 1408 1406 1433 ὲν
1432 1407 1519 1442 κρίσει
1542 1406 1587 1432 τὸν
1608 1406 1695 1440 λόγον,
1712 1405 1754 1432 ἴνα
1778 1413 1808 1431 σε

1023 1454 1070 1481 καὶ
1093 1453 1192 1490 μᾶλλον
1210 1453 1260 1488 τῆς
1285 1453 1381 1487 σοφίας
1394 1452 1588 1487 θαυμάσωμεν.
1614 1451 1808 1486 Οίκονομήσεις

1022 1501 1050 1527 δὲ
1066 1500 1139 1532 πῶς;
1157 1499 1207 1526 Τὸν
1227 1499 1275 1534 μὲν
1299 1499 1445 1530 ἐπαινέσας
1462 1498 1511 1532 τῆς
1528 1497 1628 1533 ἀρετῆς
1651 1496 1685 1523 τὰ
1705 1496 1807 1526 εἰκότα,

1022 1546 1053 1572 οὺ
1074 1545 1152 1580 μόνον
1169 1545 1203 1571 ἵν’
1216 1545 1340 1579 ἐντάφιον
1358 1545 1396 1579 τῷ
1412 1543 1523 1580 καθαρῷ
1543 1543 1661 1580 καθαρὸν
1677 1543 1811 1578 ἐπιῦάλις

1023 1591 1067 1618 τὸν
1087 1591 1174 1624 λόγον,
1193 1590 1249 1616 ἀλλ’
1262 1590 1306 1616 ἵνα
1330 1590 1377 1616 καὶ
1392 1591 1448 1620 τοῖς
1463 1589 1552 1620 ἄλλοις
1568 1588 1708 1618 εὐσεϐείας
1725 1596 1810 1624 χαρα-

1024 1635 1123 1670 κτῆρα,
1138 1635 1187 1671 τὴν
1209 1635 1311 1662 ἐκείνου
1328 1635 1455 1670 προθείης
1476 1635 1611 1660 πολιτείαν
1625 1643 1654 1660 τε
1670 1634 1717 1660 καὶ
1741 1642 1810 1670 παρ-

1461 1680 1480 1691 νν
1491 1680 1511 1691 ,1

1023 1681 1125 1708 αίνεσιν
1140 1681 1205 1716 (84).
1223 1681 1302 1716 Ἡμῖν
1329 1681 1356 1707 δὲ
1372 1682 1435 1716 περὶ
1459 1680 1531 1715 ζωῆς
1545 1680 1591 1706 καὶ
1614 1679 1729 1706 θανάτου
1749 1679 1810 1714 βρα-

1022 1726 1071 1761 χέα
1093 1727 1289 1762 φιλοσοφήσας,
1313 1727 1360 1753 καὶ
1379 1727 1429 1761 τῆς
1451 1726 1521 1752 κατὰ
1549 1725 1628 1761 σῶμα
1653 1725 1701 1752 καὶ
1721 1725 1810 1760 ψυχήν

1023 1773 1153 1808 συζυγίας
1170 1774 1218 1800 καὶ
1242 1773 1415 1806 διαζεύξεως,
1433 1773 1481 1800 καὶ
1497 1772 1550 1799 τῶν
1563 1772 1608 1799 δύο
1625 1772 1744 1807 κόσμων,
1762 1770 1809 1797 τοῦ

1022 1827 1052 1845 τε
1077 1819 1208 1855 παρόντος
1226 1820 1272 1846 καὶ
1294 1819 1342 1854 οὐχ
1372 1819 1498 1851 ἑστῶτος,
1522 1819 1569 1845 καὶ
1593 1817 1639 1844 τοῦ
1665 1817 1810 1852 νοουμένου

1023 1865 1069 1891 καὶ
1087 1865 1225 1899 μένοντος·
1241 1864 1289 1891 καὶ
1310 1866 1420 1895 πείσας,
1440 1863 1486 1889 τοῦ
1513 1863 1561 1898 μὲν
1585 1862 1757 1897 περιφρονεῖν
1780 1861 1811 1887 τὸ

1023 1909 1173 1945 ἀπατηλὸν,
1187 1910 1234 1936 καὶ
1255 1910 1381 1941 ἄτακτον,
1405 1909 1452 1934 καὶ
1469 1908 1620 1943 ἀνώμαλον,
1645 1908 1702 1938 καὶ,
1717 1907 1811 1941 ὥσπερ

1024 1956 1052 1981 ὲν
1077 1956 1205 1990 κύμασιν,
1227 1955 1282 1982 ἄνω
1300 1955 1346 1982 καὶ
1371 1956 1444 1981 κάτω
1472 1954 1553 1990 φέρον
1575 1962 1605 1979 τε
1622 1953 1670 1979 καὶ
1694 1952 1811 1987 φερόμε-

1024 2001 1156 2036 νον
1174 2001 1219 2028 τοῦ
1237 2001 1265 2027 δὲ
1283 2000 1475 2036 προστίθεσθαι
1501 1999 1540 2034 τῷ
1565 1999 1666 2033 παγίῳ,
1688 1999 1733 2024 καὶ
1749 2006 1812 2023 στα-

1024 2046 1106 2082 θερῷ,
1129 2047 1174 2073 καὶ
1190 2047 1309 2079 θεοειδεῖ,
1331 2047 1378 2073 καὶ
1393 2046 1523 2077 ὡσαύτως
1543 2045 1640 2080 ἔχοντι,
1661 2044 1708 2070 καὶ
1723 2044 1812 2078 πάσης

1024 2093 1157 2128 ἐλευθέρῳ
1178 2094 1300 2129 ταραχῆς
1325 2093 1372 2119 καὶ
1400 2091 1567 2127 συγχύσεως,
1592 2089 1668 2117 Οὕτω
1693 2088 1746 2124 γὰρ
1778 2088 1811 2114 ἂν

1024 2136 1104 2174 ἦττον
1127 2139 1223 2174 ἁνιῷεν
1244 2139 1319 2174 ἡμᾶς
1339 2139 1364 2165 οἱ
1381 2137 1653 2173 προεκδημήσαντεςι
1676 2134 1743 2161 ἀλλὰ
1764 2134 1813 2160 καὶ

1024 2183 1122 2219 ἥδοιεν,
1142 2185 1166 2210 εί
1188 2183 1292 2219 ἐνθένδε
1313 2183 1427 2216 ἀπάγων
1448 2182 1502 2216 (86)
1521 2182 1593 2216 ἡμᾶς
1613 2181 1627 2206 ό
1646 2180 1734 2214 λόγος,
1757 2179 1814 2205 ἅνω

1024 2228 1122 2264 τιθείη,
1144 2229 1192 2255 καὶ
1215 2228 1245 2254 τὸ
1269 2228 1355 2264 παρὸν
1375 2227 1456 2263 ἀηδὲς
1475 2226 1674 2261 ὲναποκρύπτοι
1690 2224 1728 2259 τῷ
1751 2223 1815 2259 μέλ-

1029 2277 1117 2308 λοντι,
1141 2276 1188 2302 καὶ
1214 2275 1318 2306 πείθοι,
1342 2274 1383 2300 ὅτι
1410 2274 1456 2300 καὶ
1481 2273 1556 2299 αὐτοὶ
1580 2271 1656 2306 παρὰ
1676 2270 1813 2304 Δεσπότην

1029 2322 1132 2356 ἀγαθὸν
1160 2321 1343 2356 ἐπειγόμεθα,
1369 2319 1416 2346 καὶ
1444 2318 1554 2354 βελτίων
1571 2319 1588 2354 ἡ
1615 2317 1740 2344 κατοικία
1765 2316 1814 2351 τῆς

1027 2368 1173 2404 παροικίας
1183 2377 1190 2383 ·
1208 2371 1253 2394 καὶ
1268 2369 1336 2402 ὅπερ
1349 2367 1407 2393 ἐστὶ
1423 2366 1479 2397 τοῖς
1496 2365 1606 2391 πλέουσι
1620 2363 1702 2398 λιμὴν
1715 2362 1811 2394 εὔδιος,

1025 2414 1104 2441 τοῦτο
1123 2416 1179 2446 τοῖς
1204 2413 1319 2441 ἐνταῦθα
1345 2412 1555 2448 χειμαζομένοις
1580 2411 1597 2446 ὴ
1616 2411 1706 2436 ἐκεῖσε
1732 2407 1815 2444 μετά-

1028 2469 1122 2491 στασις
1136 2460 1182 2487 καὶ
1199 2460 1342 2495 μετάθεσις
1356 2460 1429 2494 (87)·
1449 2458 1464 2494 ἢ
1480 2458 1573 2492 ὣσπερ
1589 2457 1614 2482 οἱ
1629 2455 1736 2491 μακρὰν
1756 2454 1815 2480 ὁδὸν

1027 2506 1292 2543 προκαταλύσαντες,
1312 2505 1366 2532 τῶν
1386 2503 1595 2539 ὁδοιπορούντων
1615 2503 1662 2529 καὶ
1685 2499 1817 2537 μοχθούν-

1045 2697 1050 2701 1
1066 2660 1121 2695 (81)
1143 2661 1334 2694 Παραίνεσιν.
1352 2658 1434 2686 Coisl.
1451 2659 1477 2690 ‘l,
1499 2657 1668 2693 προαίρεσιν,
1690 2665 1700 2681 ι
1715 2662 1814 2690 propo-

1029 2701 1120 2765 mEItig)
1134 2705 1233 2764 ’Φέρον
1243 2738 1275 2756 τε
1283 2730 1332 2756 καὶ
1343 2729 1515 2763 φερόμενον.
1535 2736 1542 2753 ι
1559 2726 1614 2760 Qua
1627 2725 1696 2754 ferat
1706 2732 1734 2752 et
1746 2726 1816 2752 fera-

1034 2771 1125 2837 ιωίξζξὶ)
1149 2799 1291 2837 Ἀπάγων,
1307 2800 1372 2833 Reg.
1388 2807 1414 2832 a,
1429 2798 1589 2837 απαγαγών.
1624 2831 1629 2837 ⁴
1646 2831 1651 2837 Ι

1069 2834 1124 2877 (87)
1144 2835 1197 2879 {gul
1218 2835 1387 2879 μετάθεσις.
1414 2844 1423 2859 ι
1498 2834 1818 2879 traiiqusitio-,niprrn-in:

1032 2865 1131 2899 talio]!
1153 2865 1227 2897 Deesl
1253 2872 1278 2897 in
1311 2865 1374 2906 [legi
1392 2878 1416 2896 a.
1439 2868 1496 2895 Vox
1517 2865 1581 2895 sane
1600 2865 1746 2901 superﬂua.
1771 2871 1819 2890 nec

1035 2915 1049 2934 ιι
1067 2906 1143 2934 Billio
1161 2906 1276 2933 reddita.
