2049 3143
206 239 258 268 989

663 239 795 271 ORATIO
814 242 910 271 XVIII.
933 259 964 264 --
985 242 1157 271 FUNEBRIS
1174 243 1209 271 ΙΝ
1227 242 1380 271 PATREM.

1781 242 1835 270 990

203 307 258 326 των
271 298 312 326 ἔτι
335 300 417 336 ῥᾴους
438 301 485 328 καὶ
503 300 686 337 ἀπονώτεροι·
703 302 790 335 οὕτως
806 304 830 330 οι
856 303 912 340 (88)
933 305 992 331 ἑπι-

1052 305 1173 332 tabitatio
1190 306 1409 341 peregrinatione
1427 303 1522 332 melior
1533 308 1561 331 et
1586 303 1760 339 prmstantior
1783 305 1833 334 sit;

205 344 331 380 τυχόντες
355 346 402 373 τοῦ
418 347 476 373 ἐκεῖ
496 347 700 383 καταλύματος,
719 349 773 376 τῶν
789 349 828 376 ἔτι
855 349 904 385 τὴν
926 358 990 377 σκο-

205 388 265 416 λιὰν
288 391 336 417 καὶ
352 391 499 427 κρημνώδη
515 391 562 418 τοῦ
576 391 633 428 βίου
647 393 741 420 τούτου
754 394 907 430 τεμνόντων
920 394 989 428 ὁδὸν,

205 434 335 470 ἀμείνους
350 436 397 462 καὶ
411 436 593 473 ἀνεκτότεροι.

1043 351 1170 386 quodque
1195 351 1384 386 navigantibus
1413 350 1573 385 tranquillus
1589 354 1683 384 portus
1702 355 1754 380 est.
1781 349 1831 376 huc

1045 396 1089 428 iis,
1105 397 1150 431 qui
1166 396 1245 431 hujus
1261 397 1322 424 vitae
1336 396 1461 431 procellis
1479 395 1626 430 agitantur,
1644 395 1773 430 migratio
1799 395 1832 421 ad

1044 441 1157 469 alteram
1184 444 1265 469 vitam
1286 443 1479 470 exsistat:aut
1502 442 1584 469 etiam
1606 441 1834 476 quemadmodum

205 480 249 514 qui
264 481 372 515 longum
387 481 438 508 iter
449 481 552 516 priores
564 482 747 516 confecerunt,
771 484 859 511 minus
872 483 1036 512 dillicultatis
1053 493 1084 513 ac
1104 487 1235 514 molestia:
1256 488 1379 519 habent,
1405 495 1485 521 quam
1521 488 1566 522 qui
1595 487 1682 514 adhuc
1717 487 1768 514 iter
1796 485 1836 512 Ia-

205 528 290 559 eiunt,
307 533 388 563 atque
406 529 433 555 in
449 528 538 556 labore
551 534 712 563 versantur;
726 531 764 558 ita
779 531 944 559 tolerabilior
957 537 984 560 et
999 533 1096 561 melior
1117 541 1211 561 eorum
1233 533 1353 561 conditio
1378 535 1426 565 sit,
1455 534 1501 568 qui
1533 533 1566 560 ad
1597 533 1661 560 illud
1688 532 1834 560 hospitium

203 576 258 611 jam
284 581 474 610 pervenerunt,
501 585 581 611 quam
607 578 653 612 qui
680 578 818 606 sinuosum
846 579 933 607 adhuc
961 585 988 607 et
1007 589 1128 616 prazceps
1149 582 1301 616 hujusvita:
1312 582 1363 609 iter
1374 581 1540 609 emetiuntur

240 622 276 648 A’.
303 621 391 657 Ἠμᾶς
413 622 462 657 μὲν
482 621 552 649 οὕτω
576 623 779 660 παραμυθήσῃ”
802 624 850 661 τὴν
876 625 993 661 ποίμνην

205 667 233 694 δὲ
248 667 320 700 πῶς
342 667 452 703 Πρῶτον
470 668 519 703 μὲν
534 669 583 705 τὴν
602 670 651 705 σὴν
671 670 853 706 ὑποσχόμενος
877 672 991 698 ἐπιστα-

207 714 267 740 σίαν
290 715 338 740 καὶ
361 714 520 750 ἡγεμονίαν,
534 712 565 741 οὗ
585 717 651 742 πᾶσι
677 716 759 744 καλὸν
782 717 833 744 ὑπὸ
857 718 906 749 τὰς
929 718 993 744 πτέ-

207 768 292 796 ρυγας
320 760 526 794 ἀναπαύεσθαι,
551 761 598 787 καὶ
623 759 654 789 οὗ
675 759 797 798 διψῶμεν
825 763 875 798 τῆς
901 764 993 798 φωνῆς

208 807 346 843 μᾶλλον,ἢ
363 808 453 843 πηγῆς
467 809 515 843 τῆς
535 808 732 844 καθαρωτάτης
752 810 776 835 οἱ
790 809 859 844 δίψει
878 810 995 845 κάμνον-

160 857 163 860 ’
206 862 261 885 τες.
280 854 409 889 Δεύτερον
424 854 452 881 δὲ
467 854 579 887 πείσας,
602 855 639 887 ὡς
654 856 714 881 οὐδὲ
734 855 781 882 νῦν
802 857 876 892 ἡμᾶς
896 856 996 883 ἀπολέ-

207 898 299 926 λοιπεν
313 899 326 925 ὁ
343 900 447 936 Ποιμὴν
462 901 475 927 ὀ
494 900 585 932 καλὸς,
607 901 620 928 ὀ
636 900 721 932 τιθεὶς
743 901 793 936 τὴν
814 901 901 937 ψυχὴν
926 902 995 938 ὑπὲρ

1084 628 1129 656 1V.
1143 629 1181 656 Ac
1197 636 1245 655 nos
1267 628 1375 663 quidem
1395 628 1427 653 ad
1453 627 1522 653 hunc
1541 626 1649 653 modum
1675 625 1834 653 consolabe-

1050 677 1099 704 ris.
1118 675 1241 709 Quonam
1254 679 1343 701 autem
1361 679 1439 709 pacto
1453 673 1584 709 gregem?
1611 672 1729 700 Primum
1744 672 1765 698 si
1786 680 1835 699 cu-

1047 731 1103 750 ram
1123 726 1197 748 tuam
1215 725 1242 747 el.
1254 722 1363 748 dnctqu
1389 725 1473 752 tuum,
1490 719 1541 746 hoc
1555 723 1606 750 est,
1629 718 1686 752 ejus
1699 717 1760 749 viri,
1785 718 1836 744 sub

1046 769 1122 803 cujus
1152 768 1247 802 pennis
1278 768 1449 802 requiescere
1485 765 1611 794 onmibus
1637 765 1778 800 pulchrum
1804 773 1836 792 ac

1047 815 1206 851 praeclarum
1237 818 1297 846 est,
1322 817 1349 840 et
1377 813 1452 846 cuius
1485 819 1579 839 vocem
1616 812 1702 845 magis
1731 811 1837 839 sitimus

1048 859 1298 896 quampurissimos
1310 858 1408 891 fontes,
1420 858 1448 889 ii,
1459 858 1503 893 qui
1515 858 1560 886 siti
1573 857 1713 890 laborant,
1727 865 1780 884 non
1791 857 1837 884 de-

1052 906 1172 933 futurum
1188 905 1353 940 pollicearis.
1368 903 1469 931 Deinde
1488 903 1510 930 si
1523 911 1573 931 nos
1586 910 1619 930 eo
1637 903 1795 934 adduxeris,
1809 907 1838 929 ut

206 944 260 970 τῶν
280 945 440 980 προϐάτων·
458 945 526 972 ἀλλὰ
551 945 599 972 καὶ
622 945 749 982 πάρεστι,
768 947 815 973 καὶ
845 947 994 982 ποιμαίνει,

1052 952 1083 979 ab
1095 951 1140 978 illo
1157 951 1229 978 bono
1246 949 1369 982 Pastore,
1381 950 1426 984 qui
1445 957 1493 984 pro
1510 949 1606 976 ovibus
1621 949 1740 975 animam
1758 956 1836 975 suam

208 990 255 1016 καὶ
279 991 380 1026 ὁδηγεῖ,
408 991 454 1018 καὶ
476 991 604 1026 γινώσκει
623 991 656 1018 τὰ
677 991 747 1024 ἴδια,
764 993 810 1019 καὶ
835 992 996 1028 γινώσκεται

209 1036 261 1063 ὑπὸ
289 1037 343 1063 τῶν
375 1037 461 1064 ἰδίων·
488 1038 654 1074 σωματικῶς
679 1039 728 1074 μὲν
762 1039 810 1074 οὐχ
842 1039 995 1076 ὁρώμενος,

208 1083 400 1118 πνευματικῶς
415 1083 444 1110 δὲ
465 1083 668 1119 συγγινόμενος,
687 1084 734 1111 καὶ
748 1085 928 1120 προπολεμῶν
946 1085 996 1120 τῆς

208 1128 326 1163 ποίμνης
345 1128 416 1155 κατὰ
433 1129 487 1156 τῶν
502 1129 602 1162 λύκων,
621 1130 667 1156 καὶ
681 1129 768 1156 οὐδενὶ
788 1131 935 1166 συγχωρῶν
954 1131 998 1158 διὰ

209 1175 259 1210 τῆς
274 1174 360 1209 αὐλῆς
384 1175 574 1211 ὑπερϐαίνοντι
593 1174 748 1211 λῃστρικῶς
767 1184 796 1202 τε
816 1177 864 1203 καὶ
889 1177 998 1203 ἐπιϐού-

207 1221 272 1252 λως,
294 1221 357 1258 ξένῃ
374 1222 448 1257 φωνῇ
465 1221 629 1257 κατασύρειν
646 1223 693 1248 καὶ
715 1222 886 1249 διακλέπτειν
909 1223 998 1258 ψυχὰς

207 1269 240 1302 τῇ
264 1266 377 1302 ἀληθείᾳ
401 1267 491 1299 καλῶς
516 1268 649 1304 ἠγμένας.
681 1268 815 1304 Πείθομαι
836 1269 869 1301 δ’,
890 1269 930 1296 ὅτι
952 1270 998 1296 καὶ

208 1315 242 1349 τῇ
256 1314 387 1349 πρεσϐείᾳ
407 1313 455 1340 νῦν
474 1314 584 1349 μᾶλλον,
601 1315 618 1349 ἢ
633 1314 764 1350 πρότερον
778 1316 810 1351 τῇ
827 1315 997 1351 διδασκαλία,

209 1360 264 1395 ὅσῳ
282 1360 331 1386 καὶ
347 1360 446 1395 μᾶλλον
462 1359 566 1394 ἐγγίζει
581 1360 650 1395 Θεῷ,
669 1361 718 1393 τὰς
737 1362 895 1396 σωματικὰς
914 1362 998 1394 πέδας

209 1405 434 1441 ἀποσεισάμενος,
451 1406 499 1432 καὶ
513 1406 562 1441 τῆς
589 1406 767 1442 ἑπιθολούσης
785 1407 830 1434 τὸν
843 1407 905 1434 νοῦν
927 1408 999 1440 ἰλύος

209 1451 436 1487 ἀπηλλαγμένος,
457 1453 503 1478 κα).
526 1452 622 1488 γυμνῷ
643 1453 746 1488 γυμνὸς
768 1454 939 1488 ἐντυγχάνων
960 1454 999 1489 τῷ

211 1496 310 1532 πρώτῳ
332 1498 378 1523 καὶ
401 1497 587 1533 καθαρωτάτῳ
607 1497 658 1530 νοῒ,
677 1498 781 1530 τάξεως
811 1500 858 1525 καὶ
891 1501 1000 1535 παρῤη-

212 1542 271 1573 σίας
284 1543 442 1577 ὰγγελικῆς,
457 1544 481 1569 εἰ
501 1543 538 1579 μὴ
553 1543 686 1578 τολμηρὸν
702 1544 781 1570 τοῦτο
796 1545 893 1577 εἰπεῖν,
909 1545 999 1577 ἀξιού-

211 1598 301 1624 μενος.
316 1589 407 1616 Ταῦτα
423 1590 472 1626 μὲν
487 1589 532 1617 οὖν
548 1590 603 1626 (89)
619 1591 699 1623 αὐτὸς
718 1591 856 1628 διαθήσεις
867 1593 914 1619 καὶ
928 1592 1001 1628 φιλο-

211 1636 340 1671 σοφήσεις
360 1635 500 1672 ἄμεινονῆ
521 1637 559 1668 ὼς
576 1636 609 1663 ἂν
632 1637 712 1668 αὐτὸς
731 1638 936 1673 παραδείξαιμι,
953 1634 1001 1665 καὶ

210 1681 289 1715 λόγου
307 1681 420 1717 δυνάμει
434 1681 481 1707 καὶ
497 1681 661 1717 πνεύματος.
680 1683 739 1709 "Iv;
750 1682 777 1708 δὲ
795 1683 832 1718 μὴ
846 1683 879 1709 δι’
890 1684 999 1718 ἄγνοιαν

211 1727 265 1753 τῶν
292 1727 397 1754 ἐκείνου
425 1727 516 1754 καλῶν
549 1728 692 1763 παραπολύ
717 1728 768 1763 τῆς
790 1728 868 1760 ἀξίας
890 1729 903 1755 ὁ
922 1728 1000 1763 λόγος

212 1773 358 1808 ὲλαττωθῇ,
382 1772 486 1808 βραχέα
502 1773 551 1808 τῆς
568 1773 717 1809 εὐφημίας,
734 1773 764 1806 ἐξ
781 1771 818 1800 ὧν
836 1774 916 1806 αὐτὸς
939 1783 1000 1801 συν-

213 1819 363 1854 επίσταμαι
390 1819 430 1854 τῷ
456 1819 610 1852 ἀπελθόντι,
635 1820 835 1855 σκιαγραφήσω
861 1820 932 1855 (90),
954 1820 1000 1846 καὶ

214 1865 391 1902 προχαράξω,
404 1865 452 1892 καὶ
469 1865 623 1901 παραδώσω
639 1874 690 1896 σοι,
704 1865 742 1901 τῷ
759 1866 833 1901 καλῴ
845 1866 899 1892 τῶν
919 1864 1005 1892 τοιού-

215 1919 269 1937 των
285 1912 398 1945 γραφεῖ,
411 1911 461 1945 τῆς
478 1910 580 1946 ἀρετῆς
606 1911 654 1946 τῆς
672 1911 776 1938 ἐκείνου
793 1912 823 1938 τὸ
839 1911 935 1943 κάλλος
952 1912 1004 1937 ὰπ-

218 1957 382 1993 ακριϐῶσαι,
404 1957 451 1984 καὶ⁴
474 1956 644 1993 παραδοῦναι
654 1959 714 1990 ταῖς
732 1958 840 1985 πάντων
855 1959 950 1990 ἀκοαῖς
974 1966 1003 1984 τε

216 2003 264 2030 καὶ
280 2003 420 2035 διανοίαις.

1047 997 1137 1032 posuit
1148 996 1182 1029 ³⁹,
1200 1003 1249 1023 nos
1264 1003 1298 1023 ne
1311 1003 1381 1022 nunc
1398 995 1506 1030 quidem
1520 995 1628 1022 relictos
1640 1002 1700 1022 esse
1714 994 1836 1022 conlidu-

1047 1051 1126 1074 mus;
1148 1042 1213 1077 quin
1238 1041 1329 1076 potius
1352 1049 1426 1072 eum.
1451 1045 1478 1068 et
1498 1040 1604 1072 adesse,
1618 1045 1645 1067 et
1669 1047 1791 1075 pascere,
1810 1044 1839 1066 et

1048 1089 1196 1120 deducere,
1209 1093 1235 1116 et
1255 1095 1319 1116 oves
1334 1095 1397 1115 suas
1409 1094 1584 1121 cognoscere,
1598 1091 1625 1113 et
1642 1093 1657 1112 a
1671 1087 1728 1113 suis
1741 1094 1838 1121 cogno-

1048 1136 1098 1167 sci,
1113 1142 1165 1162 non
1183 1134 1258 1161 illum
1272 1133 1381 1168 quidem
1399 1139 1530 1166 corp0rco
1545 1132 1626 1159 modo
1642 1139 1702 1159 sese
1713 1137 1839 1166 spectan-

1049 1181 1111 1207 dum
1138 1180 1318 1215 praebentem,
1335 1178 1380 1206 sed
1401 1177 1570 1213 spiritualem
1596 1178 1623 1204 in
1649 1177 1759 1204 modum
1791 1185 1839 1204 no.

1049 1226 1152 1253 hiscum
1177 1229 1343 1256 versantem,
1369 1231 1401 1251 ac
1429 1231 1478 1257 pro
1503 1231 1586 1258 grege
1606 1222 1736 1249 adversus
1762 1222 1840 1256 lupos

1049 1275 1224 1306 pugnantem,
1248 1277 1296 1297 nec
1319 1277 1494 1304 quemquam,
1521 1269 1676 1303 pratdonum
1704 1275 1789 1299 tnore,
1808 1275 1840 1294 ac

1049 1326 1097 1353 per
1112 1317 1236 1350 insidias,
1253 1317 1359 1343 caulam
1377 1315 1524 1347 transilire,
1540 1314 1621 1349 atqlle
1644 1314 1750 1341 animas
1767 1314 1840 1341 veri-

1050 1369 1105 1391 tate
1125 1368 1198 1391 recte
1221 1363 1358 1390 institutas
1376 1361 1519 1397 peregrina
1543 1367 1609 1387 voce
1630 1359 1784 1387 distrahere
1808 1365 1841 1384 ac

1050 1411 1190 1445 subripere
1217 1410 1360 1437 sinentem.
1393 1408 1447 1435 Nec
1474 1408 1566 1435 dubito
1590 1407 1654 1442 quin
1684 1406 1735 1433 hoc
1768 1413 1840 1432 nunc

1050 1464 1160 1492 quoque
1174 1461 1247 1482 tanto
1271 1455 1357 1489 magis
1377 1454 1568 1488 deprecatione
1592 1460 1651 1484 sua,
1670 1459 1750 1486 quam
1765 1451 1842 1485 prius

1052 1502 1189 1532 doctrina,
1204 1505 1324 1535 praestet,
1341 1504 1443 1534 quanto
1470 1506 1540 1525 nunc
1564 1497 1650 1531 magis
1668 1497 1722 1523 Deo
1739 1503 1841 1531 appro-

1052 1548 1174 1582 pinquat,
1190 1551 1218 1572 ut
1238 1546 1282 1580 qui
1303 1553 1445 1579 carporeas
1468 1543 1613 1577 compedes
1631 1542 1792 1573 excusserit,
1807 1550 1839 1567 ac

1052 1592 1118 1618 limo
1133 1591 1178 1618 illo
1193 1591 1294 1617 mentis
1307 1591 1450 1625 puritatem
1470 1589 1617 1619 inﬁciente,
1646 1588 1777 1615 liberatus
1793 1587 1840 1618 sit,

1014 1633 1035 1661 C
1054 1638 1198 1671 nudusque
1222 1644 1283 1663 cum
1308 1636 1380 1663 nuda
1403 1635 1525 1670 principe
1544 1639 1571 1662 et
1587 1633 1731 1669 purissima
1753 1639 1843 1660 uterne

1054 1685 1189 1716 ve'rselur,
1212 1683 1328 1717 angelici
1355 1682 1459 1710 ordinis
1482 1682 1640 1717 dignitatem
1665 1685 1692 1708 et
1715 1679 1842 1707 ﬁduciam

1054 1730 1116 1765 (nisi
1139 1729 1190 1757 hoc
1206 1730 1277 1756 dictu
1302 1729 1390 1756 audax
1411 1728 1464 1764 est)
1489 1733 1658 1756 consecutus.
1674 1727 1713 1754 Ac
1733 1731 1759 1753 tu
1783 1726 1843 1760 qui-

1055 1776 1116 1802 dem
1140 1783 1190 1810 pro
1216 1782 1247 1801 ea
1277 1775 1412 1802 sermonis
1437 1778 1463 1801 el.
1489 1774 1602 1808 spiritus
1630 1773 1767 1802 facultate,
1789 1779 1841 1806 qua

1056 1821 1153 1856 polles.
1176 1822 1276 1848 rectius
1293 1821 1349 1855 ipse
1364 1828 1412 1855 per
1431 1825 1466 1852 te,
1482 1827 1561 1854 quam
1584 1819 1629 1846 tibi
1654 1825 1703 1853 ego
1723 1817 1843 1844 indicare

1057 1868 1172 1903 possim,
1191 1867 1344 1894 constitues
1358 1874 1390 1893 ae
1403 1865 1647 1901 philosophaberis.
1657 1864 1695 1891 Ne
1709 1869 1798 1890 autem
1809 1864 1844 1890 ob

1056 1913 1188 1940 virtutum
1219 1913 1292 1940 illius
1322 1912 1520 1946 ignorationem
1547 1911 1636 1938 oratio
1660 1910 1741 1946 333
1774 1909 1844 1936 infra

1055 1960 1213 1994 dignitatem
1240 1959 1319 1993 longe
1343 1958 1485 1990 subsistat,
1501 1958 1596 1984 breves
1613 1960 1745 1992 quasdam
1762 1964 1844 1983 enco-

1040 2007 1099 2039 ,mii
1132 2011 1239 2040 partes,
1257 2012 1290 2031 ex
1311 2005 1356 2037 iis,
1373 2012 1434 2038 qua:
1465 2004 1491 2030 in
1517 2003 1644 2030 defuncto
1668 2003 1778 2037 agnovi,
1798 2003 1846 2029 de-

216 2052 334 2084 lineabo,
356 2058 438 2088 atque
465 2052 646 2085 adumbrabo,
672 2060 704 2079 ac
739 2052 786 2079 tibi
821 2053 907 2088 perito
945 2053 1097 2087 hujusmodi
1130 2061 1220 2081 rerum
1241 2052 1364 2088 pictori,
1388 2051 1496 2079 virtutis
1519 2051 1591 2078 illius
1617 2049 1846 2086 pulchritudinem

217 2099 373 2125 accuratius
390 2099 590 2133 expoliendam,
606 2103 687 2133 atque
710 2099 830 2125 oumium
848 2100 1002 2126 mortalium
1020 2100 1131 2127 auribus
1148 2103 1176 2126 et
1194 2099 1292 2126 animis
1307 2098 1476 2130 tradendam,
1493 2097 1572 2124 dabo.

253 2146 291 2172 E’.
317 2146 434 2178 Ἐκεῖνος
450 2146 540 2172 τοίνυν
556 2145 616 2181 (ἵνα
633 2146 759 2181 πατρίδα,
781 2147 829 2173 καὶ
845 2144 939 2180 γένοςζ
960 2147 1001 2173 καλ

1099 2147 1132 2174 V.
1144 2145 1191 2173 Ille
1206 2146 1287 2181 igitur
1299 2146 1340 2181 (ut
1353 2145 1481 2180 patriam,
1501 2152 1597 2179 genus,
1615 2143 1735 2177 corporis
1756 2142 1843 2174 dotes,

218 2190 343 2226 σώματος
367 2192 481 2226 εὐφυΐαν
512 2192 587 2226 (91),
617 2192 664 2218 καὶ
687 2191 735 2227 τὴν
764 2192 863 2225 ἔξωθεν
890 2193 1008 2228 περιφά-

218 2245 302 2269 νειαν,
322 2238 369 2264 καὶ
384 2237 468 2265 τᾶλλα
483 2235 523 2270 οἷς
541 2238 610 2274 μέγα
628 2238 772 2274 φρονοῦσιν
787 2239 935 2274 ἄνθρωποι,
951 2241 1008 2271 τοῖς

217 2283 271 2310 τῶν
291 2283 438 2318 ἐγκωμίων
454 2284 546 2319 νόμοις
562 2285 670 2321 παρεὶς,
692 2287 724 2311 ἐκ
737 2284 792 2310 τῶν
809 2286 874 2320 ἡμῖν
893 2285 1007 2320 πρώτων

219 2331 266 2357 καὶ
282 2330 455 2357 οἰκειοτάτων
472 2331 622 2366 ἄρξωμαι),
644 2330 723 2365 ῥίζης
739 2330 847 2364 ἐγένετο
866 2330 1009 2365 βλάστημα

219 2376 269 2403 οὐκ
283 2376 439 2411 ὲπαινετῆς,
458 2376 518 2403 οὐδὲ
540 2376 657 2411 εὐφυοῦς
673 2376 713 2408 εἰς
733 2376 874 2402 εὐσέϐειαν
890 2375 932 2411 (οὐ
954 2376 1009 2411 γὰρ

219 2421 383 2457 αἰσχύνομαι
398 2423 464 2454 τοῖς.
473 2421 602 2457 πρώτοις,
621 2423 677 2453 τοῖς
691 2421 856 2452 τελευταίοις
877 2420 1008 2456 θαρρῶν),

219 2467 280 2494 οὐδὲ
297 2468 325 2493 ὲν
345 2467 384 2502 τῷ
398 2467 465 2502 οἴκῳ
486 2467 532 2493 τοῦ
549 2467 615 2494 θεοῦ
638 2467 859 2502 πεφυτευμένης,
873 2466 941 2493 ἀλλὰ
962 2467 1010 2493 καὶ

220 2513 280 2541 λίαν
302 2514 404 2541 ἀτόπου
435 2514 482 2541 καὶ
517 2513 662 2540 ἀλλοκότου
696 2513 768 2548 (99.),
795 2514 827 2540 ὲκ
853 2514 924 2540 δυοῖν
954 2515 1010 2540 τοῖν

221 2561 427 2587 ἐναντιωτάτων
448 2560 687 2596 συγκεκραμένης,
707 2559 867 2595 Ἑλληνικῆς
886 2567 916 2585 τε
940 2559 1010 2586 πλά-

222 2615 282 2642 νης,
301 2606 348 2633 καὶ
361 2606 477 2641 νομικῆς
492 2605 647 2642 τερατείας·
666 2602 704 2632 ὦν
722 2605 884 2640 ἀμφοτέρων
903 2603 937 2630 τὰ
955 2604 1011 2639 (95)

224 2652 294 2688 μέρη
316 2652 420 2687 φυγὼν,
443 2653 475 2678 ὲκ
492 2651 583 2687 μερῶν
605 2651 745 2686 συνετέθη.
762 2651 817 2686 Τῆς
840 2650 888 2685 μὲν
908 2650 963 2686 γὰρ
977 2649 1011 2676 τὰ

227 2697 327 2724 εἴδωλα
349 2697 397 2724 καὶ
417 2697 468 2729 τὰς
488 2697 583 2729 θυσίας
606 2696 842 2731 ἀποπεμπόμενοι,
858 2695 959 2731 τιμῶσι
981 2696 1011 2722 τὸ

259 2755 282 2771 ⁸⁸
292 2754 371 2782 Joan.
395 2763 422 2788 ι,
446 2754 475 2782 II

259 2826 317 2860 (88)
338 2827 382 2853 01.
398 2825 444 2852 Sic
462 2826 529 2860 Reg.
545 2833 570 2858 a,
582 2830 609 2852 et
622 2825 670 2853 0r.
686 2825 711 2853 I.
727 2825 805 2852 Deest
823 2825 849 2851 in
862 2825 905 2853 ed.

261 2861 317 2896 (89)
340 2859 412 2888 οὖν.
432 2859 515 2896 Deest
525 2862 552 2887 iu
567 2860 650 2896 [ξομε.
665 2869 692 2892 a,
709 2861 763 2891 bm,
776 2866 803 2887 et
817 2859 864 2896 0r.
879 2860 904 2887 Ι.

261 2897 316 2929 (90)
337 2895 564 2931 Σκιαῃραφήσω.
582 2895 719 2931 δίεπεςε.
730 2904 757 2929 a,
769 2897 823 2923 bu].
837 2895 864 2922 ln
877 2895 933 2928 ed.,
946 2902 1017 2921 σκιο-

227 2932 476 3003 γρῗθῇῗσιὲώματος
503 2966 641 3002 εὐφυίαν.
663 2975 672 2993 ι
688 2966 728 2994 Ad
751 2965 840 2994 omnia
866 2964 1016 2993 naturalem

1057 2195 1202 2219 externum
1229 2190 1410 2225 splenderent,
1441 2195 1467 2217 et
1485 2189 1547 2221 alia,
1577 2190 1612 2216 ob
1639 2196 1698 2223 quae
1726 2188 1847 2216 homines

1056 2237 1201 2272 magniﬁce
1228 2237 1260 2264 de
1284 2244 1314 2264 se
1343 2236 1472 2266 sentiunt,
1505 2235 1538 2262 ad
1567 2235 1751 2262 encomiorum
1776 2234 1848 2269 leges

1059 2285 1209 2315 remittant,
1238 2290 1321 2318 atque
1348 2283 1381 2309 al)
1416 2283 1469 2313 liis,
1504 2289 1564 2316 qum
1597 2281 1673 2308 nobis
1706 2280 1792 2316 prima
1820 2286 1848 2306 et

1060 2330 1182 2357 maxime
1203 2329 1313 2364 propria
1330 2332 1403 2362 sunt,
1433 2329 1539 2355 initium
1569 2328 1676 2362 ducam)
1703 2335 1735 2354 ex
1758 2327 1848 2353 radice

1059 2382 1138 2405 ortus
1154 2382 1196 2404 est
1208 2377 1322 2404 minime
1343 2375 1479 2406 laudabili,
1498 2382 1548 2402 nec
1562 2375 1594 2401 ad
1621 2375 1750 2409 pietatem
1775 2377 1849 2401 recte

1060 2427 1218 2457 comparata
1232 2422 1299 2458 (non
1321 2422 1395 2450 enim
1415 2422 1536 2456 priorum
1562 2428 1605 2447 me
1629 2422 1722 2455 pudet,
1741 2425 1849 2454 postre-

1064 2469 1117 2496 mis
1133 2468 1348 2504 conﬁdentem);
1367 2475 1416 2496 nec
1432 2468 1458 2495 in
1480 2469 1561 2495 domo
1580 2467 1625 2494 Dei
1648 2467 1780 2502 plantata,
1802 2474 1849 2494 ve-

1063 2522 1123 2541 rum
1146 2514 1292 2541 admodum
1318 2514 1434 2541 absurda
1461 2517 1488 2540 et
1507 2513 1673 2548 prodigiosa,
1692 2520 1726 2539 ex
1746 2513 1850 2539 duabus

1063 2560 1144 2587 rebus
1171 2560 1291 2587 maxime
1314 2559 1471 2591 contrariis,
1490 2559 1540 2586 hoc
1562 2563 1614 2591 est,
1631 2567 1665 2586 ex
1690 2558 1784 2593 gentili
1807 2565 1852 2584 er-

1064 2613 1125 2633 rore
1135 2611 1163 2633 et
1180 2606 1261 2640 legali
1277 2607 1399 2634 vanitate
1421 2607 1549 2638 conﬂata;
1570 2613 1686 2638 quarum
1710 2606 1852 2638 utriusque

1064 2657 1154 2686 partes
1178 2652 1310 2687 quasdam
1335 2652 1453 2685 fugiens,
1479 2660 1513 2679 ex
1543 2651 1704 2686 quibusdam
1732 2651 1853 2686 partibus

1066 2697 1182 2725 conﬂata
1210 2704 1237 2725 et
1258 2698 1409 2725 constituta
1434 2702 1486 2726 est.
1514 2698 1618 2725 Etenim
1643 2697 1715 2724 illius
1743 2697 1852 2732 quidem

1065 2825 1188 2858 corporis
1202 2825 1401 2853 dexteritatem.
1416 2835 1425 2851 ι

1102 2860 1157 2896 (92)
1184 2861 1372 2888 Ἁλλοκότου.
1398 2860 1500 2893 Gloss,
1529 2861 1663 2892 ἐναντίας,
1686 2859 1774 2895 ξένης,
1790 2860 1857 2888 tad-

1069 2903 1155 2925 versa,
1172 2898 1323 2931 peregrina.
1335 2906 1344 2922 I

1106 2931 1162 2968 (95)
1185 2931 1232 2960 Τά.
1250 2932 1331 2960 Deest
1345 2932 1371 2959 in
1387 2931 1453 2967 Reg.
1465 2931 1521 2959 bm.
