2049 3143
202 133 257 161 993

803 132 832 160 S.
853 132 1017 160 GREGORII
1038 130 1212 162 THEOLOGI

1780 131 1831 160 996

201 193 343 222 fainiliarie
356 194 485 230 augenda!
498 193 587 225 laude,
600 194 660 220 alia:
674 194 781 228 pietatis
795 195 881 230 gloria
896 195 987 222 excel-

1050 205 1115 227 ιους,
1132 196 1170 227 ὡς
1187 195 1309 221 εὐσεϐεῖν
1321 194 1371 221 οὐκ
1394 194 1496 221 εἰδυῖα⁹
1513 192 1584 220 οὕτω
1601 192 1630 220 δὲ
1646 189 1832 228 προσκειμένῃ

202 239 258 265 lant
270 239 424 275 (utrumque
435 239 508 266 enim
532 239 638 273 assequi
659 238 768 266 diiIieile
792 240 857 274 est),
871 245 989 275 utroque

202 287 311 312 nomine
323 285 450 313 mulieres
461 293 556 312 omnes
569 286 724 320 superavit:
737 291 791 312 tum
804 287 875 320 quod
888 291 991 314 utrum-

201 339 254 366 que
285 332 380 358 horum
402 331 434 358 ad
461 338 597 358 summum
624 339 710 365 usque
738 332 904 366 praesdterit,
933 336 989 358 tum

201 378 272 412 quod
289 378 345 405 sola
359 378 411 404 duo
424 378 473 404 ista
488 378 628 412 complexa
651 378 742 405 fuerit.
762 377 830 405 Item
848 378 922 405 enim
944 378 992 406 do-

1043 241 1102 277 Θεῴ
1131 241 1178 268 καὶ
1202 242 1258 273 τοῖς
1283 241 1380 272 θείοις,
1406 240 1444 272 ὡς
1467 239 1606 275 οἰκουρίας
1634 239 1758 265 πλεῖστον
1779 237 1832 263 ἀπ-

1045 288 1160 322 έχουσαν
1178 288 1225 314 καὶ
1239 287 1315 314 οὐδὲν
1331 287 1383 313 ὑπὸ
1398 286 1454 322 (11))
1468 285 1516 312 τοῦ
1531 285 1624 320 ἐτέρου
1641 283 1827 320 παραϐλαπτο

1046 333 1112 368 μένη
1131 333 1199 369 πρὸς
1224 332 1348 369 θάτερον,
1368 332 1510 368 ἀμφότερα
1525 331 1554 357 δὲ
1571 331 1605 357 δι’
1626 329 1749 364 ἀλλήλων
1764 337 1832 364 κρα-

1044 378 1172 405 τύνουσα.

201 424 341 451 mesticam
358 425 488 452 industria
522 429 550 451 et
578 425 686 452 solertia
712 433 773 457 sua,
801 425 877 460 juxta
898 426 974 460 leges
1005 426 1110 454 mulieri
1138 427 1200 454 forti
1222 435 1237 454 a
1264 426 1410 454 Salomone
1434 429 1558 456 statutas,
1585 424 1620 451 ita
1646 422 1732 455 auxit,
1756 414 1833 456 quasi

201 470 329 504 pietatem
354 469 443 497 colere
467 470 588 496 nesciret
607 479 614 497 :
633 470 686 497 Deo
706 478 812 497 rursum
837 478 868 498 ac
886 471 986 498 divinis
1005 471 1085 498 rebus
1111 472 1147 498 ita
1161 479 1222 499 sese
1233 472 1346 502 addixit,
1362 475 1490 504 tanquam
1516 476 1531 495 a
1558 475 1649 496 rerum
1668 467 1832 494 domestica.

202 522 261 542 rum
285 517 476 550 procuratione
502 515 648 550 plurinnnn
680 517 807 544 abesset;
842 525 929 553 neque
963 519 998 546 ab
1021 519 1154 546 alterutro
1181 519 1278 546 horqu
1297 517 1444 552 quidquam
1465 517 1594 549 impedita
1614 519 1668 548 est,
1693 514 1835 549 quominus

201 563 316 589 alterum
331 563 465 596 impleret,
483 563 547 598 quin
561 565 650 598 potius
662 570 808 600 utrumque
821 565 935 593 alterius
944 573 994 600 ope
1010 565 1115 594 fulcivit
1130 571 1158 593 et
1174 565 1354 593 conﬁrmavit.

237 609 283 637 IX.
300 610 440 643 Quodnam
458 612 591 638 orationis
607 617 722 646 tempus,
737 620 831 646 ecquis
845 613 919 640 locus
931 620 990 640 eam

203 656 300 683 latuit?
316 656 385 683 Nihil
399 657 469 684 enim
484 662 539 684 toto
559 658 602 685 die
618 663 686 691 erat,
706 659 738 685 ad
759 659 829 694 quod
849 660 924 694 prius
943 661 992 686 im-

203 702 359 736 pelleretur.
375 701 432 729 lmo
449 710 513 729 vero
528 711 650 737 quaenam
665 712 782 738 unquam
801 713 892 739 parem
916 714 991 740 spem

204 748 379 779 habuitlore.
395 754 425 775 ut
441 749 520 775 simul
549 754 631 783 alque
651 750 752 784 aliquid
776 752 907 784 petiisset,
935 757 992 779 sta-

1080 615 1118 642 G’.
1133 615 1180 646 Τίς
1206 614 1254 650 μὲν
1282 613 1375 640 ἔλαθεν
1399 611 1516 647 ἐκείνην,
1541 611 1624 646 eam;
1648 609 1665 646 ῆ
1691 607 1798 645 καιρὸς,
1815 608 1833 643 ἢ

1045 661 1126 692 τόπος
1139 668 1145 692 ;
1165 660 1179 686 ὃ
1197 659 1252 694 (11)
1268 659 1313 685 καὶ
1328 657 1434 694 πρῶτον
1446 655 1479 692 ἦν
1491 657 1558 690 αὐτῇ
1576 656 1685 682 πάντων
1700 654 1748 689 τῆς
1765 652 1834 688 ἡμέ-

1047 715 1097 742 ρας
1123 706 1236 740 κίνημα.
1257 704 1366 731 Μᾶλλον
1387 703 1415 729 δὲ
1436 703 1478 734 τίς
1501 701 1587 733 οὕτως
1609 701 1681 736 ἔχειν
1705 699 1772 735 ὁμοῦ
1795 697 1834 734 τῷ

1048 752 1133 778 αἰτεῖν
1150 750 1205 786 (12)
1230 749 1259 776 τὸ
1284 748 1443 784 αἰτούμενον
1465 747 1595 783 ﬁlms“;
1620 745 1669 777 Τίς
1683 745 1712 771 δὲ
1739 743 1834 779 ἱερέων

204 795 263 826 tim,
277 795 347 830 quod
365 798 479 829 peteret,
499 796 732 830 consequeretur?
751 797 879 829 Quantam
905 806 992 825 sacer-

1050 798 1129 829 ;ﬁtc);
1142 796 1242 833 ᾐδέσθη
1254 798 1332 831 χεῖρα.
1344 795 1391 822 καὶ
1408 795 1561 830 πρόσωπον,
1576 793 1593 829 ῆ
1611 793 1663 819 πᾶν
1677 789 1746 822 εἶδος
1761 789 1836 825 φιλο-

204 841 296 867 dotnm
314 849 421 868 manum
437 841 594 876 vultumque
609 842 645 868 ita
662 842 748 868 verita
763 848 803 869 est
814 863 821 874 ,
849 849 895 870 ant
910 852 992 871 omne

205 887 380 922 philosophia:
392 895 476 920 genus
491 888 594 914 coluit?
611 888 693 924 336
703 890 830 922 Quaenam
848 890 959 925 jejuniis
968 894 995 918 et

205 933 303 967 vigiliis
315 941 424 960 carnem
438 934 521 968 magis
540 935 702 967 attenuavit,
722 941 768 961 aut
785 936 888 962 diurnis
900 944 931 963 ac
950 945 995 963 n0-

207 980 313 1006 cturuis
350 979 507 1013 psalmodiis
535 979 667 1006 columna:
695 981 781 1007 instar
815 982 865 1007 lixa
904 981 995 1008 stetit?

206 1025 334 1057 Qutenatn
356 1024 537 1059 virginitatem
568 1024 671 1059 majore
689 1025 714 1050 in
740 1025 920 1052 admiratione
947 1026 995 1052 Ita-

207 1072 275 1103 huit,
293 1071 417 1105 quamvis
430 1070 557 1097 connubii
579 1071 718 1098 vinculum
741 1072 900 1098 sustinens?
916 1071 995 1104 Quae-

207 1125 268 1144 nam
303 1117 433 1151 orplianis
466 1124 498 1143 ac
530 1117 617 1143 viduis
648 1118 742 1152 majori
769 1117 895 1152 praesidio
926 1118 996 1145 fuit?

206 1163 334 1196 Quaenam
358 1162 511 1197 lugentibus
533 1163 703 1191 calamitates
719 1171 795 1198 atque
824 1164 996 1191 sublevavit?

206 1210 294 1243 Atque
320 1210 377 1236 haec
401 1209 523 1244 insuper,
545 1216 604 1244 qua!
628 1217 708 1244 parva
738 1210 846 1244 quidem
880 1209 996 1237 fortasse

206 1259 279 1285 sunt,
295 1259 376 1288 atque
391 1262 406 1281 a
421 1254 556 1282 nonnullis
583 1255 665 1281 etiam
687 1259 907 1288 contemnuntur,
924 1255 995 1290 quod

207 1299 341 1333 plerisque
357 1307 409 1327 non
424 1300 504 1328 facile
521 1306 630 1335 pateant
645 1301 686 1335 (lit
704 1302 774 1328 enim
804 1301 871 1333 fere,
885 1306 911 1328 ut
925 1302 995 1336 quod

206 1346 341 1381 quisliiam
353 1349 459 1380 assequi
475 1355 528 1374 non
546 1353 644 1382 potest,
659 1349 684 1374 id
698 1348 732 1374 ob
747 1349 875 1374 invidiam
890 1355 922 1374 ne
936 1356 995 1374 cre-

207 1392 288 1419 dibile
317 1393 426 1426 quidem
457 1400 517 1420 esse
550 1393 646 1427 putet),
676 1393 747 1427 apud
772 1402 814 1420 me
843 1398 933 1420 tamen
970 1395 995 1420 in

207 1445 305 1472 magno
320 1438 406 1471 pretio
423 1443 497 1471 sunt,
512 1439 640 1473 quoniam
662 1439 723 1466 lidei
741 1439 849 1466 inventa
870 1445 950 1466 erant
969 1445 997 1466 et

1048 843 1142 878 σοφίας
1153 843 1296 878 ἑτίμησεν;
1309 842 1356 873 Τίς
1368 841 1395 867 δὲ
1409 840 1508 876 μᾶλλον
1521 839 1658 874 νηστείαις
1680 838 1727 864 καὶ
1747 837 1834 870 ἀγρυ-

1050 889 1140 921 πνίαις
1165 889 1214 920 τὰς
1226 889 1330 923 σάρκας
1345 887 1512 918 ὑπέσπασεν,
1525 885 1721 921 ἢψαλμῳδίαις
1737 883 1836 918 ἑαυτὴν

1048 935 1184 970 ὲστήλωσε
1203 934 1258 969 (15)
1285 933 1430 968 παννύχοις
1453 941 1483 958 τε
1509 932 1557 958 καὶ
1581 931 1763 967 ἡμερησίαις;
1788 929 1836 962 Τίς

1050 982 1098 1017 μὲν
1122 980 1271 1016 παρθενίαν
1293 979 1401 1014 ἠγάσθη
1425 978 1516 1011 πλέον,
1536 977 1637 1012 καίπερ
1665 974 1834 1010 ἀνασχομένη

1048 1027 1162 1058 δέσεως;
1180 1027 1227 1057 Τίς
1242 1026 1270 1052 δὲ
1294 1024 1419 1061 ὀρφανῶν
1433 1024 1479 1050 καὶ
1493 1023 1585 1059 χηρῶν
1599 1022 1717 1057 ἀμείνων
1730 1022 1836 1055 ἐγένετο

1049 1072 1218 1107 παραστάτις
1240 1071 1311 1106 (l4);
1343 1070 1385 1101 τίς
1408 1070 1438 1096 δὲ
1465 1069 1594 1095 πενθοῦσι
1619 1068 1666 1099 τὰς
1693 1065 1837 1102 συμφορὰς

1048 1118 1118 1144 οὕτω
1140 1116 1355 1151 συνυπεκούιρισε
1367 1116 1441 1150 (15);
1472 1115 1529 1141 Καὶ
1544 1113 1630 1140 ταῦτα
1645 1113 1688 1148 δὴ,
1703 1112 1738 1139 τὰ
1751 1111 1837 1148 μικρὰ

1050 1165 1100 1200 μὲν
1114 1164 1188 1195 ἴσως,
1211 1163 1292 1198 τυχὸν
1313 1162 1341 1188 δέ
1365 1170 1418 1188 τισι
1441 1162 1489 1188 καὶ
1504 1160 1697 1195 διαπτυόμενα,
1715 1159 1756 1185 ὅτι
1770 1158 1837 1194 μηδὲ

1049 1209 1167 1244 προσιτὰ
1183 1208 1281 1244 ῥᾳδίως
1290 1209 1346 1239 τοῖς
1359 1207 1463 1233 πλείοσι
1477 1206 1517 1241 (τὸ
1526 1206 1580 1240 γὰρ
1593 1205 1642 1231 οὐκ
1655 1204 1764 1239 ἐφικτὸν
1776 1204 1838 1230 οὐδὲ

1050 1255 1144 1282 πιστόν
1167 1263 1225 1286 πως
1240 1254 1282 1281 διὰ
1301 1254 1347 1280 τὸν
1363 1252 1482 1288 φθόνον),
1497 1253 1558 1287 ἐμοὶ
1575 1251 1603 1278 δὲ
1618 1251 1664 1278 καὶ
1679 1250 1738 1276 λίαν
1753 1249 1839 1285 τιμώ-

1051 1311 1130 1337 μενα.
1153 1302 1195 1327 ὅτι
1213 1301 1329 1331 πίστεως
1351 1297 1385 1335 ἦν
1407 1299 1561 1334 εὑρήματα,
1587 1298 1634 1324 καὶ
1652 1297 1838 1331 πνευματικῆς

1050 1347 1150 1380 ζέσεως
1171 1347 1371 1382 ἐγχειρήματα.
1391 1342 1453 1371 Οἴον
1476 1344 1505 1371 τὸ
1527 1345 1632 1379 μήποτε
1647 1342 1737 1378 φωνὴν
1753 1340 1838 1375 αἰοτής

1050 1395 1078 1419 ὲν
1099 1394 1181 1429 ἱεροῖς
1198 1392 1364 1428 ἀκουσθῆναι
1389 1391 1538 1425 συλλόγοις,
1556 1390 1571 1425 ἢ
1595 1390 1698 1421 τόποις,
1716 1388 1769 1420 ἔξω
1783 1387 1838 1413 τῶν

1050 1439 1206 1474 ἀναγκαίων
1220 1439 1275 1474 (lii)
1290 1438 1337 1465 καὶ
1356 1436 1504 1473 μυστικῶν.

207 1485 355 1520 spiritualis
369 1484 483 1513 lci-“veris
500 1491 622 1513 conatus.
637 1486 696 1520 Quo
708 1488 734 1514 iu
747 1495 846 1521 genere
861 1488 926 1515 illud
940 1493 992 1520 est,
1013 1489 1083 1523 quod
1101 1489 1125 1515 in
1145 1488 1232 1515 sacris
1246 1487 1425 1514 conventibus
1454 1489 1501 1512 aut
1528 1484 1593 1511 locis
1614 1490 1749 1517 nunquam
1767 1481 1840 1509 illius

207 1538 260 1558 vox
286 1531 375 1558 audita
404 1532 449 1562 sit,
476 1532 499 1558 si
530 1533 700 1560 necessarias
723 1538 751 1560 et
774 1535 903 1570 mysticus
923 1535 1105 1569 excipiamus.

244 1576 277 1604 Χ.
293 1577 370 1610 Quod
387 1578 409 1605 si
432 1578 496 1604 olim
522 1587 648 1613 magnum
669 1585 750 1614 atque
775 1581 893 1614 amplum
918 1581 995 1608 altari
1010 1588 1032 1616 ε

208 1629 279 1655 erat,
294 1625 364 1658 quod
381 1631 463 1658 super
475 1625 562 1659 ipsum
576 1633 624 1653 nec
639 1627 743 1653 securis
758 1627 934 1659 ascendisset,
949 1635 998 1654 nec

210 1671 267 1698 visa
289 1678 338 1697 nec
352 1671 443 1698 audita
459 1672 531 1698 ascia
553 1671 658 1699 esset“
676 1673 743 1707 (quo
767 1673 895 1700 nimirum
914 1673 998 1700 subli-

211 1717 281 1744 mius
293 1717 393 1751 aliquid
407 1717 620 1751 signiﬁcabatur,
640 1726 736 1753 nempe
755 1720 875 1746 nativum
890 1724 918 1746 et
930 1720 999 1746 sim-

209 1763 280 1796 plex,
298 1763 464 1797 artisque-ac
479 1763 531 1790 fuci
544 1771 641 1798 expers
661 1772 721 1791 esse
742 1765 850 1798 debere,
867 1765 996 1799 quidquid

210 1807 265 1834 Deo
276 1808 475 1842 consecratur),
495 1815 543 1834 cur
566 1816 617 1834 non
646 1808 682 1835 illi
707 1816 813 1843 quoque
836 1809 869 1835 ad
890 1808 996 1836 laudem

210 1862 337 1889 magnum
354 1855 398 1887 sit,
419 1855 491 1890 quod
514 1855 621 1882 silentio
635 1859 729 1882 sancta
752 1856 905 1887 honorarit,
925 1856 998 1890 quod

210 1902 369 1928 veneranda:
390 1909 490 1928 mensae
514 1909 653 1936 nunquam
678 1905 752 1935 terga
771 1901 931 1935 obverterit,
951 1909 999 1928 nec

212 1947 240 1973 in
267 1946 387 1973 divinum
412 1947 597 1981 pavimentum
618 1947 774 1981 exspuerit;
801 1948 873 1981 quod
903 1947 1000 1974 nullius

212 2001 329 2027 unquam
345 1993 452 2028 gentilis
465 1993 580 2025 feniinte,
596 1994 718 2027 quamvis
737 1994 837 2028 alioqui
863 1993 999 2020 honestis-

212 2039 288 2066 sinue
296 2046 327 2065 ac
337 2038 581 2072 propinquissinne,
602 2039 725 2064 manibus
738 2046 846 2065 manum
864 2039 999 2071 iniecerit,

213 2089 260 2111 aut
278 2084 352 2111 labra
368 2084 451 2111 labris
466 2084 621 2115 miscuerit;
635 2085 689 2110 imo
703 2091 751 2110 nec
767 2092 827 2111 cum
842 2085 894 2117 his,
916 2085 961 2119 qui
985 2093 1000 2111 a

213 2130 325 2164 profana
355 2135 383 2156 et
409 2130 513 2164 impura
540 2137 631 2157 mensa
659 2130 811 2161 veniebant,
839 2138 890 2156 non
922 2131 1001 2158 modo

213 2181 323 2211 sponte,
349 2176 395 2203 sed
423 2183 456 2203 ne
477 2181 571 2203 coacta
596 2176 704 2211 quidem
722 2176 762 2202 sal
783 2183 928 2203 commune
952 2177 1002 2203 ha-

213 2223 312 2255 buerit,
335 2230 385 2250 nec
402 2223 535 2257 impuram
551 2228 578 2250 et
596 2223 756 2257 sacrilegam
773 2222 881 2250 domum
903 2223 1000 2250 adver-

1084 1582 1112 1608 I'.
1130 1581 1185 1608 Καὶ
1202 1581 1226 1607 εί
1241 1580 1313 1616 μέγα
1325 1579 1363 1614 τῷ
1376 1577 1561 1613 θυσιαστηρίῳ
1577 1576 1642 1603 ποτὲ
1659 1575 1688 1602 τὸ
1706 1576 1743 1610 μὴ
1758 1575 1839 1601 πέλε-

1049 1636 1099 1653 κυν
1119 1628 1161 1653 ἐπ’
1179 1627 1244 1653 αὐτὸ
1260 1626 1403 1661 ἀναϐῆναι,
1423 1624 1490 1660 μηδὲ
1507 1624 1631 1658 ὀφθῆναι,
1644 1622 1660 1657 ἢ
1674 1621 1840 1656 ἀκουσθῆναι

1049 1673 1225 1708 λαξευτήριον
1250 1673 1333 1707 (λόγῳ
1359 1670 1479 1707 μείζονι,
1507 1670 1545 1702 ὡς
1570 1669 1628 1696 δέον
1652 1667 1766 1703 φυσικὸν
1793 1667 1840 1694 κα)⁸

1050 1719 1161 1754 ἄτεχνον
1175 1717 1244 1746 εἶναι
1262 1719 1315 1744 πᾶν
1326 1717 1364 1753 τῷ
1377 1717 1436 1752 Θεῷ
1450 1714 1673 1751 καθιερούμενον)
1685 1735 1692 1747 ,
1709 1714 1766 1745 πῶς
1779 1713 1839 1748 οὐχὶ

1050 1765 1096 1791 καὶ
1111 1766 1175 1801 παρ’
1187 1764 1293 1800 ἐκείνης
1306 1764 1386 1799 μέγα,
1400 1763 1430 1790 τὸ
1459 1764 1547 1798 σιωπῇ
1564 1762 1695 1798 τιμᾶσθαι
1711 1762 1745 1788 τὰ
1762 1761 1840 1795 ἅγια,

1049 1811 1080 1838 τὸ
1097 1812 1202 1846 μήποτε
1219 1810 1291 1837 νῶτα
1306 1810 1416 1845 δοθῆναι
1432 1811 1465 1845 τῇ
1485 1808 1624 1844 σεϐασμίῳ
1635 1807 1690 1843 (17)
1705 1806 1839 1843 τραπέζῃ,

1053 1857 1119 1893 μηδὲ
1135 1856 1358 1892 καταπτυσοῆναι
1374 1856 1445 1882 θεῖον
1462 1855 1568 1890 ἔδαφος,
1585 1855 1615 1881 τὸ
1630 1855 1735 1890 μήποτε
1749 1853 1839 1886 δεξιὰν

1050 1902 1219 1938 ἐμϐληθῆναι
1241 1902 1258 1938 ἢ
1283 1901 1359 1937 χείλη
1387 1902 1500 1937 μιγῆναι
1523 1901 1616 1937 χερσὶν
1636 1900 1803 1935 Ἑλληνικαῖς
1821 1899 1839 1935 ἢ

1050 1949 1150 1984 χείλεσι
1175 1948 1241 1984 μηδὲ
1259 1948 1309 1982 τῆς
1332 1948 1415 1976 τᾶλλα
1434 1948 1624 1983 κοσμιωτάτης
1642 1946 1770 1981 γυναικὸς
1793 1945 1841 1971 καὶ

1051 1995 1237 2029 οἱκειοτάτης;
1267 1994 1336 2020 ἀλλὰ
1358 1995 1425 2030 μηδὲ
1448 1994 1519 2020 ἁλῶν
1547 1993 1720 2027 κοινωνῆσαι,
1740 1991 1777 2027 μὴ
1798 1991 1842 2018 ὃτι

1052 2041 1178 2072 ἑκοῦσαν,
1193 2040 1261 2067 ἀλλὰ
1273 2041 1340 2076 μηδὲ
1355 2040 1520 2076 βιασθεῖσαν,
1534 2041 1590 2071 τοῖς
1602 2039 1655 2066 ἀπὸ
1665 2039 1715 2074 τῆς
1726 2037 1840 2073 βεϐήλου

1052 2088 1100 2114 καὶ
1112 2087 1229 2119 ἀνάγνου
1242 2087 1382 2122 τραπέζης
1393 2095 1400 2101 ·
1419 2086 1486 2121 μηδὲ
1506 2086 1602 2122 μιαρὸν
1617 2084 1689 2112 οἷκον
1705 2085 1722 2120 ἢ
1740 2083 1844 2120 παρελ-

1053 2132 1109 2159 θεῖν
1125 2141 1201 2165 ποτε,
1217 2132 1233 2167 ἦ
1251 2132 1313 2159 ἰδεῖν
1331 2132 1505 2168 ἀνασχέσθαι,
1517 2132 1592 2168 παρὰ
1601 2132 1649 2166 τὴν
1661 2132 1707 2158 τοῦ
1723 2130 1843 2158 συνειδό-

1052 2187 1098 2210 τος
1115 2178 1284 2214 νομοθεσίαν”
1304 2179 1371 2214 μηδὲ
1383 2179 1546 2214 διηγήμασιν
1565 2178 1740 2213 Ἑλληνικοῖς,
1759 2176 1775 2212 ἢ
1793 2176 1841 2212 ᾅσ-

1055 2234 1121 2260 μασι
1144 2225 1297 2261 θεατρικοῖς
1322 2225 1557 2260 καταμολυνθῆναι
1576 2225 1625 2260 τὴν
1645 2225 1739 2258 ἀκοὴν,
1756 2223 1772 2258 ἢ
1792 2223 1841 2258 τὴν

214 2275 261 2295 sus
276 2269 448 2296 conscientize
463 2269 560 2302 legem,
573 2272 621 2295 aut
636 2267 804 2301 perlransire
823 2275 941 2302 unquam
955 2272 997 2294 aut

1053 2270 1188 2305 γλῶσσαν,
1213 2270 1262 2306 τὴν
1291 2270 1326 2297 τὰ
1351 2270 1409 2296 θεῖα
1433 2270 1582 2305 δεχομένην
1609 2270 1625 2305 ἢ
1653 2268 1841 2304 φθεγγομένην

214 2315 370 2349 conspicere
387 2315 563 2347 sustinuerit;
578 2321 627 2342 nec
649 2321 742 2340 aurem
761 2319 788 2340 et
804 2313 934 2347 linguam,
958 2321 1001 2340 res

214 2360 320 2387 divinas
333 2361 430 2394 partim
458 2361 646 2394 accipientem,
663 2360 760 2395 partim
780 2359 999 2393 proloquentem,

213 2407 329 2433 ethnicis
346 2406 555 2438 narrationibus,
570 2413 602 2433 ac
615 2406 754 2432 theatricis
771 2405 917 2432 cantilenis
932 2412 998 2432 con-

216 2453 341 2480 taminari
356 2461 434 2488 passa
451 2453 487 2480 sit
498 2453 576 2489 (nihil
592 2453 662 2480 enim
681 2451 786 2486 profani
803 2451 890 2478 sacris
903 2458 1003 2478 conve-

249 2549 273 2564 δ’
287 2549 363 2575 Deut.
378 2555 463 2578 xxvn,
477 2548 503 2575 5.

253 2635 308 2667 (10)
333 2636 410 2663 Ὑπό.
426 2636 472 2664 0r.
489 2636 513 2667 i,
528 2636 591 2663 ἀπό.

251 2671 305 2706 (Il)
329 2673 438 2707 Τόπος
455 2672 480 2698 ὅ.
494 2671 563 2701 lem,
576 2671 661 2703 τόνος.
678 2671 759 2698 Clusi.
776 2671 800 2704 1,
812 2671 841 2707 ἦ.

252 2707 308 2741 (12)
331 2706 372 2739 Τῷ
388 2707 491 2734 αἰτεῖν.
509 2707 593 2733 Coisl.
606 2707 631 2738 1,
643 2708 672 2732 τὸ
689 2708 783 2733 αἰτεῖν.

253 2742 308 2776 (15)
333 2742 512 2775 Ἐστ-ήλωσε.
530 2742 624 2769 Billius
646 2751 653 2768 :
674 2753 682 2768 ι
695 2743 833 2770 Columna:
858 2741 944 2770 instar
965 2750 1008 2770 se-

218 2777 303 2811 ipsam
320 2777 412 2804 a‘iﬁxit.
431 2788 440 2802 ι

253 2813 309 2846 (14)
327 2812 524 2845 Παραστάτις.
539 2812 566 2839 1η
582 2811 753 2847 quihusdam.
769 2812 930 2847 προστάτις.

253 2847 308 2877 (15)
328 2848 586 2882 Συνυπεκούφισε.
607 2848 653 2875 0r.
672 2849 694 2879 l,
712 2847 898 2882 συνεκούφισε.

1055 2315 1140 2350 (οὐδὲν
1155 2315 1210 2349 γὰρ
1228 2315 1309 2350 ἱεροῖς
1334 2315 1449 2350 πρέπειν
1474 2315 1607 2351 ἀνίερον)·
1631 2315 1679 2341 καὶ
1704 2314 1718 2340 ὃ
1739 2313 1841 2339 τούτων

1055 2360 1287 2396 θαυμασιώτερον,
1311 2361 1341 2387 τὸ
1366 2362 1469 2396 μήποτε
1494 2361 1619 2387 τοσοῦτον
1634 2360 1724 2387 δοῦναι
1747 2359 1842 2386 πένθει

1056 2407 1213 2442 σωματικῷ,
1239 2408 1359 2442 καίτοιγε
1381 2408 1564 2443 διαφερόντως
1584 2407 1779 2442 καμπτομένην
1796 2406 1842 2431 καὶ

1055 2455 1110 2485 τοῖς
1125 2453 1177 2480 τῶν
1202 2453 1284 2486 ξένων
1309 2454 1435 2486 πάθεσιν,
1458 2454 1528 2480 ὥστε
1552 2453 1568 2488 ἢ
1587 2454 1685 2489 γοεράν
1706 2460 1770 2479 ποτε
1790 2452 1842 2487 πρὸ

1091 2635 1148 2669 (16)
1174 2633 1362 2669 Ἀναγκαίων,
1378 2637 1430 2669 etc.
1446 2632 1498 2669 lier-
1516 2641 1525 2657 ι
1541 2639 1621 2669 voces
1637 2632 1803 2669 necessarias
1817 2636 1845 2658 et

1056 2667 1218 2706 mysticis.)
1239 2667 1285 2695 eas
1309 2668 1434 2706 intelligit
1457 2667 1538 2706 Elias,
1562 2668 1661 2701 quibus
1685 2667 1841 2706 plebsuo‘ta

1056 2701 1241 2732 sacerdotibus
1266 2704 1417 2734 accinebat,
1441 2703 1534 2736 quales
1562 2707 1635 2733 sunt,
1651 2708 1680 2728 ut
1698 2704 1722 2728 in
1741 2701 1845 2728 scholia

1058 2741 1165 2773 legitur,
1181 2747 1279 2766 voces:
1301 2748 1310 2764 (
1325 2739 1407 2765 Amen
1420 2758 1428 2770 ,
1445 2742 1470 2764 et
1491 2745 1551 2773 cum
1573 2737 1684 2773 Spiritui
1696 2743 1740 2763 tuo
1754 2737 1845 2773 :VSan-1

1057 2770 1125 2802 rtus.
1139 2779 1258 2806 sanctus,
1274 2780 1301 2801 et
1315 2773 1412 2801 similia
1427 2783 1433 2800 :
1452 2782 1461 2798 ι
1472 2771 1574 2806 Ἀμήν·
1586 2772 1636 2798 καὶ
1650 2772 1689 2804 τῷ
1699 2770 1848 2805 Πνεύματὶ

1057 2819 1129 2837 σου·
1147 2810 1194 2836 καὶ
1213 2809 1256 2840 τὸ,
1271 2809 1383 2843 Ἀτιος,
1400 2809 1492 2841 ἅγιος,
1510 2808 1558 2834 καὶ
1572 2807 1609 2834 τὰ
1622 2807 1742 2836 τοιαῦτα

1095 2845 1151 2880 (17)
1171 2842 1334 2879 Σεϐασμίῲ.
1355 2844 1400 2872 0r.
1416 2844 1443 2877 l,
1461 2842 1605 2878 σεϐασμίᾳ.
