2049 3143
194 151 247 180 997

655 149 782 178 ORATIO
804 150 896 177 XVIII.
916 165 951 170 —
971 149 1144 178 FUNEBIHS
1165 149 1199 176 IN
1219 150 1371 178 PATREM.

1772 153 1824 180 9'38

193 211 243 246 τῆς
257 209 430 245 εὐχαριστίας
447 208 502 243 (18)
518 208 636 244 ῥαγῆναι
653 209 756 244 φωνὴν,
772 209 789 244 ῆ
805 209 919 244 δάκρυον
935 209 981 235 ὲκ-

1034 207 1092 235 nire
1105 209 1270 242 statuebat);
1288 217 1348 240 nec.
1363 209 1433 243 quod
1454 209 1550 244 majori
1577 209 1749 237 admirationi
1765 219 1826 239 esse

194 257 287 282 πεσεῖν
305 254 439 290 βλεφάρων
461 252 598 288 μυστικῶς
612 254 836 288 σφραγισθέντος,
853 254 869 289 ἢ
891 254 983 289 σχῆμα

195 300 324 336 πένθιμον
355 299 542 335 παραμένειν,
568 299 691 334 καίτοιγε
721 300 824 326 πολλῶν
854 300 984 332 πολλάκις

195 346 388 382 συμπεσόντων
412 346 479 381 αὐτῇ
500 345 640 380 λυπηρῶν,
667 345 796 381 λαμπρᾶς
814 345 868 381 (l9)
881 345 984 381 παρού-

195 403 244 429 σης
258 393 375 429 ἡμέρας.
393 393 489 428 Ψυχῆς
505 392 558 428 γὰρ
583 390 652 419 εἶναι
678 392 818 428 θεοφιλοῦς
831 392 983 419 ὑποκλίνειν

193 441 250 471 τοῖς
265 439 347 471 θείοις
362 439 435 466 ἅπαν
452 438 630 474 ἀνθρώπινον.

1037 254 1125 284 debet.
1147 261 1279 289 corporeo
1298 255 1381 281 luettti
1402 260 1506 282 tantum
1527 262 1646 290 unquam
1667 255 1823 288 indulserit,

1037 299 1096 326 licet
1113 300 1212 334 alioqui
1225 300 1265 327 vel
1281 305 1455 328 externorum
1479 301 1681 328 calamitatibus
1694 301 1824 335 majorem

1035 345 1062 372 in
1079 347 1186 372 modum
1197 351 1424 379 commoveretur,
1442 352 1473 373 ut
1490 347 1612 374 luctuosa
1631 355 1682 375 vox
1697 348 1721 374 ei
1737 348 1824 381 prius.

1035 400 1116 426 quam
1133 393 1281 427 gratiarum
1298 393 1369 421 actio
1385 398 1549 428 erumperet,
1571 399 1618 420 atit
1632 401 1664 421 ex
1687 395 1825 429 palpebris

1037 437 1149 472 mystice
1162 437 1277 472 signatis
1288 438 1405 473 lacryma
1419 438 1523 470 flueret,
1537 445 1580 465 alit
1591 447 1652 466 cum
1669 440 1726 467 dies
1740 439 1826 467 festus

192 484 311 519 adesset,
324 487 448 521 quamvis
465 486 515 521 ipsi
531 485 620 512 multa:
646 492 766 519 persn-pe
801 484 934 510 molestiae
963 483 1121 514 acciderint,
1141 482 1260 516 lugubris
1293 483 1401 511 habitus
1423 489 1606 518 permaneret.
1636 483 1688 510 Piaa
1702 484 1774 511 enim
1794 491 1827 512 ac

195 532 249 560 Deo
262 532 352 559 charm
367 531 464 559 animae
480 538 538 558 esse
553 531 692 559 censebat.
710 530 808 556 divinis
827 529 907 556 rebus
927 528 1045 554 humana
1059 527 1148 554 omnia
1166 527 1334 554 submittere.

229 579 282 605 ΙΝ.
299 578 354 604 Καὶ
369 577 462 604 σιωπῶ
474 578 509 603 τὰ
521 577 621 603 τούτων
635 576 853 612 ἀποῤῥητότερα,
868 573 904 601 ὧν
916 575 981 605 Θεὸς

197 623 312 659 μάρτυς.
338 623 385 649 καὶ
407 622 462 648 τῶν
483 621 585 648 πιστῶν
595 621 651 657 ('20)
673 620 869 656 θεραπαινίδιον
886 617 930 651 αἶς
947 619 981 645 τὰ

195 669 307 696 τοιαῦτα
328 668 478 695 ἐπίστευσε.
506 668 542 694 Τὸ
564 667 618 703 γὰρ
650 667 710 693 καθ’
734 667 807 702 ἡμᾶς
829 666 894 697 ἴσως
922 665 981 691 οὐδὲ

198 715 307 750 μνήμης
327 713 464 746 ἀξιωτέον,
481 713 518 745 ὡς
534 713 659 745 ἀναξίους
674 712 721 739 τοῦ
745 711 916 742 ὲλπισθέντος
928 719 935 725 ·
959 711 982 736 εἰ

195 761 308 797 κάκείνῃ
323 760 394 795 μέγα
408 760 437 786 τὸ
454 759 621 794 ἐπιχείρημα
632 759 697 793 (21),
715 758 756 784 ὅτι
773 758 819 783 καὶ
841 757 894 792 πρὸ
904 756 982 791 γενέ-

197 815 265 838 σεως
286 808 359 842 ἡμᾶς
382 805 568 841 καθυπέσχετο
592 805 631 840 τῷ
654 803 722 839 Θεῷ.
739 804 820 838 μηδὲν
836 803 867 829 τὸ
888 802 983 837 μέλλον

196 850 384 886 εὑλαϐηθεῖσα,
405 850 451 876 καὶ
472 850 652 884 γεννηθέντας
673 849 753 880 εὐθὺς
769 848 895 884 ἀνέθηκε.
916 847 983 874 Θεοῦ

195 896 266 923 δὲτὸ
283 896 319 933 μὴ
337 896 424 931 πάντη
445 895 603 931 διαμαρτεῖν
624 896 708 931 αὐτὴν
724 895 774 930 τῆς
799 895 893 930 εὐχῆς,
917 894 983 929 μηδὲ

195 942 353 977 ἀπωσθῆναι
368 942 397 969 τὸ
412 941 581 976 καλλιέρημα
595 940 661 976 ('22).
690 940 798 967 Τούτων
816 941 865 976 μὲν
887 937 933 966 οὖν
951 939 985 966 τὰ

197 989 245 1023 μὲν
256 988 347 1024 παρῆν
360 988 421 1023 ἤδη,
437 987 470 1014 τὰ
483 987 510 1014 δὲ
522 987 629 1023 ἔμελλε,
643 988 702 1018 ταῖς
717 986 788 1013 κατὰ
805 986 886 1021 μέρος
901 994 986 1021 προσ-

195 1033 292 1069 θήκαις
309 1032 454 1068 αὑξόμενα.
481 1033 535 1059 Καὶ
558 1032 683 1068 καθάπερ
704 1032 778 1067 ἣλιος
794 1031 901 1067 ἥδιστον
925 1032 984 1062 ταῖς

196 1078 319 1109 ἐωθιναῖς
334 1077 509 1113 προσϐαλλων
525 1078 626 1110 ἀκτῖσι,
638 1078 698 1109 ταῖς
714 1076 913 1112 μεσημϐριναῖς
926 1075 984 1111 θερ-

196 1124 307 1160 μότερος
320 1124 426 1150 ἵσταται
437 1123 482 1150 καὶ
499 1123 672 1159 φαιδρότερος
683 1132 689 1138 ·
707 1123 779 1149 οὕτω
794 1123 841 1149 καὶ
856 1122 936 1158 αὕτη,
953 1123 983 1149 οὺ

196 1170 282 1205 μικρὰ
295 1168 329 1195 τὰ
340 1169 390 1204 τῆς
404 1167 544 1199 εὐσεϐείας
559 1168 605 1193 ἀπ’
617 1168 705 1204 ἀρχῆς
718 1168 906 1202 ὑποφαίνουσα
915 1167 982 1202 ('25),

193 1215 232 1250 τῷ
253 1214 399 1249 τελευταίῳ
420 1214 490 1249 φωτὶ
515 1214 595 1240 πλέον
618 1213 765 1249 ἐξέλαμψε.
802 1213 868 1240 Τότε
894 1214 916 1240 δ’
938 1211 984 1240 οὖν

194 1261 304 1296 κέντρον
323 1261 353 1287 οὐ
373 1260 469 1296 μικρὸν
485 1259 625 1291 εὐσεϐείας
640 1260 745 1286 οἴκοθεν
767 1257 840 1295 εἶχεν
863 1259 948 1294 αὐτὴν
970 1260 984 1286 ὁ

194 1307 418 1342 εἰσοικισάμενος,
435 1306 537 1333 ἄνωθεν
553 1306 612 1341 μὲν,
636 1306 683 1332 καὶ
699 1306 731 1332 ἐκ
751 1306 891 1341 προγόνων
907 1304 983 1340 φιλό-

195 1352 253 1378 θεόν
271 1361 301 1378 τε
323 1352 369 1379 καὶ
390 1352 574 1388 φιλόχριστον,
595 1351 641 1377 καὶ
657 1351 783 1387 πατρῴον
804 1351 904 1386 κλῆρον
927 1350 984 1376 δια-

193 1398 341 1434 δεξαμένην
358 1398 403 1424 τὸν
418 1398 468 1433 τῆς
491 1397 590 1433 ἀρετῆς
601 1405 608 1412 ·
632 1396 690 1424 ἀλλ’
719 1397 769 1423 οὐκ
785 1397 817 1423 ὲκ
833 1396 882 1431 τῆς
904 1396 984 1432 ἀγρι-

195 1443 298 1476 ελαίου,
320 1443 413 1475 καθὼς
439 1444 553 1475 ἐκεῖνος,
572 1442 810 1477 ὲγκεντρισθεῖσαν
833 1443 872 1474 είς
889 1442 982 1468 καλλι-

196 1490 299 1522 έλαιον,
315 1490 345 1517 οὐ
362 1490 496 1526 φέρουσαν
509 1489 576 1516 δὲτὸ
593 1489 762 1524 ὲτεροζυγεῖν
779 1488 812 1515 δι’
831 1488 983 1525 ὑπερϐολὴν

1069 573 1149 608 337
1169 572 1211 599 XI.
1237 576 1285 605 Ac,
1313 581 1373 608 quze
1393 574 1435 601 his
1458 574 1606 601 occultiora
1641 580 1714 608 sunt,
1738 580 1825 608 taceo,

1035 626 1150 653 quorum
1177 619 1251 646 testis
1271 623 1313 646 cst
1327 619 1415 652 Deus,
1435 625 1461 646 et
1483 620 1607 652 ancilla:,
1626 628 1740 655 quarum
1764 622 1825 649 ﬁdei

1036 672 1080 691 res
1111 665 1263 698 hujusmodi
1288 665 1486 692 committebat.
1510 664 1578 693 Nam
1606 666 1680 700 illud,
1702 668 1772 701 quod
1792 668 1826 696 ad

1037 717 1085 737 nos
1108 711 1216 742 attinet,
1241 718 1276 737 ne
1297 712 1554 740 commemoratione
1577 713 1686 747 quidem
1710 713 1827 742 fortasse

1037 756 1145 790 (lignum
1166 759 1216 788 est,
1236 761 1328 791 utpote
1353 757 1398 790 qui
1418 757 1502 792 ipsius
1533 758 1590 792 spei
1619 758 1826 794 haudquaquam

1037 802 1271 835 responderimus;
1287 810 1442 838 quanquam
1464 812 1576 839 magnus
1604 805 1654 839 ipsi
1678 805 1723 832 hic
1745 814 1827 833 cona-

1039 852 1080 875 ltts
1097 848 1157 880 fuit,
1174 849 1244 882 quod
1262 857 1311 876 nos
1326 850 1409 876 etiam
1427 856 1488 878 ante
1508 856 1597 878 ortum
1617 851 1681 883 Deo,
1706 852 1825 879 futurum

1035 893 1102 920 nihil
1120 893 1312 927 reformidans,
1333 895 1468 929 promisit,
1491 901 1572 930 atque
1586 897 1611 923 in
1634 897 1720 924 lucem
1739 898 1826 926 editos

1035 940 1126 966 statim
1164 941 1341 968 consecravit.
1365 941 1410 967 Dei
1439 947 1528 968 autent
1566 942 1725 970 beneficium
1761 944 1826 972 illud

1035 986 1095 1020 fuit,
1112 988 1182 1021 quod
1200 992 1261 1014 voto
1273 996 1322 1015 suo
1338 996 1390 1015 non
1400 990 1511 1016 omnino
1526 991 1669 1022 exciderit,
1685 998 1735 1018 nec
1748 991 1827 1018 victi-

1036 1039 1079 1058 ma
1103 1039 1147 1064 ea,
1174 1040 1255 1066 quam
1280 1033 1428 1068 obtulerat,
1459 1035 1600 1069 repudiata
1630 1035 1719 1063 fuerit.
1738 1038 1826 1070 Atque

1035 1077 1093 1104 lucc
1107 1077 1228 1112 quidem,
1247 1078 1344 1111 partim
1362 1079 1418 1111 jam
1436 1080 1560 1113 aderant,
1575 1081 1673 1115 partim
1699 1082 1827 1109 adventa-

1034 1123 1110 1157 bant,
1128 1124 1218 1151 tacitis
1233 1124 1407 1152 incrementis
1429 1128 1557 1161 pautatim
1583 1129 1768 1163 augescentia.
1792 1129 1826 1156 Et

1035 1170 1262 1204 quemadmodum
1277 1171 1327 1202 sol,
1343 1172 1484 1199 matutinis
1501 1173 1582 1200 radiis
1602 1173 1628 1200 in
1650 1175 1743 1202 oculos
1760 1182 1825 1202 sua-

1034 1216 1145 1243 vissime
1166 1216 1297 1249 incidens,
1326 1218 1485 1246 meridianis
1506 1218 1633 1247 fervidior
1657 1225 1683 1247 et
1709 1220 1826 1256 splendi-

1034 1262 1093 1289 dior
1101 1267 1154 1288 stat
1168 1270 1176 1295 ;
1194 1263 1288 1289 eodem
1301 1263 1380 1290 modo
1391 1263 1447 1296 illa,
1458 1273 1518 1291 cum
1537 1266 1606 1292 baud
1618 1273 1700 1301 parva
1716 1267 1826 1300 pietatis

1034 1307 1120 1335 ofﬁcia
1141 1308 1258 1342 primum
1283 1309 1450 1337 subobScure
1476 1311 1650 1343 ostendisset.
1682 1318 1821 1348 postremo

1034 1353 1136 1381 lumine
1159 1355 1245 1388 magis
1268 1356 1450 1390 exsplenduit.
1467 1356 1534 1384 Tum
1564 1358 1646 1393 igitur
1675 1359 1746 1386 haud
1768 1360 1824 1386 exi-

1035 1406 1117 1433 guum
1133 1399 1243 1434 pietatis
1257 1401 1395 1427 stimulum
1411 1402 1483 1428 dottti
1499 1402 1682 1438 habebat,qui
1697 1412 1756 1430 eam
1770 1405 1822 1431 sibi

1035 1445 1206 1473 matrimonio
1225 1446 1363 1480 junxeral,
1384 1448 1482 1483 quippe
1497 1457 1555 1483 quae
1568 1449 1821 1485 antiquitus,alque

1034 1499 1049 1517 a
1080 1491 1230 1526 majoribus
1250 1493 1316 1521 suis.
1346 1493 1391 1520 Dei
1418 1499 1445 1520 ct
1470 1494 1571 1522 Christi
1594 1503 1688 1523 amore
1712 1497 1823 1530 prmdita

195 1536 328 1567 πίστεως·
347 1535 415 1562 ἀλλὰ
439 1534 517 1561 τοῦτο
542 1534 621 1569 μόνον
646 1534 824 1569 φιλοσοφῆσαι
848 1533 884 1568 μὴ
908 1533 981 1560 δυνα-

1035 1543 1117 1569 esset,
1134 1545 1166 1565 ac
1187 1538 1295 1565 virtutis
1311 1539 1498 1567 Ita-reditatein
1518 1549 1532 1567 a
1552 1542 1676 1575 patribus
1701 1544 1824 1578 accepis-

197 1581 291 1616 μένην,
312 1580 397 1607 τᾶλλα
421 1580 661 1616 καρτερικωτάτην
681 1578 763 1606 οὖσαν
785 1579 922 1613 γυναικῶν
937 1579 984 1605 καὶ

195 1627 396 1663 ἀνδρικωτάτην
407 1627 473 1661 (24),
487 1626 517 1653 τὸ
535 1626 564 1658 ἐξ
585 1626 714 1661 ἡμισείας
731 1625 850 1660 ἡνῶσθαι
867 1624 905 1659 τῷ
924 1624 983 1660 Θεῷ

195 1671 238 1698 διὰ
251 1673 300 1708 τὴν
317 1672 362 1699 τοῦ
379 1673 522 1707 τμήματος
539 1672 725 1708 ἀλλοτρίωσιν,
737 1671 804 1698 ἀλλὰ
818 1670 854 1706 μὴ
869 1679 984 1706 προστε-

196 1717 273 1753 θῆναι
287 1719 319 1753 τῇ
331 1719 472 1752 σωματικῇ
486 1716 616 1752 συναφεία
631 1716 679 1751 τὴν
692 1717 828 1751 συμφυΐαν
842 1715 888 1742 τοῦ
902 1714 983 1741 πνεύ-

197 1773 295 1799 ματος’
312 1765 358 1791 καὶ
381 1764 424 1790 διὰ
442 1764 520 1790 τοῦτο
545 1763 769 1799 προσπίπτουσαν
796 1762 844 1797 μὲν
867 1761 905 1796 τῷ
922 1760 982 1796 Θεῷ

195 1812 290 1843 vomit;
308 1812 354 1838 καὶ
371 1811 487 1846 ἡμέρας,
505 1810 552 1836 καὶ
576 1810 641 1844 παρ’
663 1808 745 1835 αὑτοῦ
771 1808 820 1843 τὴν
845 1808 982 1843 σωτηρίαν

194 1858 241 1894 φῆς
259 1857 379 1892 κεφαλῆς
403 1856 565 1891 αἰτουμένην
591 1856 620 1882 ὲν
642 1855 752 1886 πολλαῖς
773 1854 910 1890 νηστείαις
935 1854 982 1880 καὶ

193 1905 317 1940 ὄὰκρυσι,
335 1902 537 1939 προσκειμένην
553 1901 581 1927 δὲ
598 1900 636 1936 τῷ
660 1900 735 1936 ἀνδρὶ
752 1899 912 1934 φιλοπόνως,
933 1899 981 1926 καὶ

193 1950 368 1986 πολυτρόπως
384 1949 464 1975 αὑτὸν
478 1946 713 1983 ὲμπορευομένην,
729 1945 901 1980 ὀνειδισμοῖς,
919 1952 981 1970 νου-

193 1995 306 2028 Θεσίαις,
322 1995 490 2030 Θεραπείαις,
505 1991 708 2028 ἁλλοτριώσεσι,
724 1991 756 2017 τὸ
781 1991 919 2026 μέγιστον,
941 1990 980 2026 τῷ

192 2040 284 2075 οἰκείῳ
298 2040 401 2075 τρόπῳ,
417 2039 463 2066 καὶ
473 2039 512 2074 τῷ
523 2037 680 2073 θερμοτέρῳ
692 2037 756 2072 περὶ
767 2037 816 2072 τὴν
825 2037 980 2069 εὐλάϐειαν,

192 2085 215 2121 ᾧ
232 2087 349 2122 μάλιστα
372 2086 445 2121 ψυχὴ
468 2085 624 2120 κάμπτεται
649 2083 695 2110 καὶ
718 2084 894 2119 μαλάσσεται,
912 2085 980 2120 πρὸς

192 2133 292 2167 ἀρετὴν
305 2131 434 2162 ἑκουσίως
449 2129 606 2166 βιαζομένη.
627 2129 743 2164 Ἔμελλε
766 2129 793 2155 δὲ
810 2129 863 2164 ἄρα
878 2129 981 2156 κοιλαί-

193 2187 248 2205 νειν
259 2177 315 2213 (25)
331 2177 379 2213 τὴν
401 2178 504 2213 πέτραν
523 2177 540 2212 ἡ
564 2175 611 2203 τοῦ
628 2176 723 2207 ὕδατος
738 2176 813 2211 ῥανὶς
832 2176 876 2202 ἀεὶ
893 2176 978 2212 πλήτ-

192 2233 285 2256 τουσα,
301 2225 346 2250 καὶ
361 2224 448 2259 χρόνῳ
463 2223 597 2250 διανύσειν
610 2222 641 2248 τὸ
656 2222 888 2257 σπουδαζόμενον·
906 2222 982 2258 δηλοῖ

192 2270 220 2298 δὲ
235 2271 268 2298 τὰ
285 2271 394 2306 ἐφεξῆς.

1035 1589 1092 1616 set;
1118 1592 1170 1611 non
1190 1589 1292 1616 autem,
1314 1590 1343 1612 ut
1367 1586 1423 1618 ille,
1447 1594 1479 1613 ex
1501 1587 1619 1615 oleastro
1632 1589 1657 1616 in
1672 1590 1770 1616 olivam
1788 1591 1825 1617 iii-

1034 1635 1107 1656 serta
1127 1629 1232 1661 fuisset.
1253 1638 1313 1663 nec,
1331 1638 1442 1666 propter
1468 1633 1653 1661 incredibilem
1677 1637 1822 1669 quamdam

1035 1675 1095 1703 fidei
1109 1676 1406 1711 magnitudinem,cIIm
1425 1679 1538 1707 diversa:
1558 1681 1698 1715 religionis
1714 1682 1823 1709 homine

1030 1721 1125 1757 jIgum
1140 1722 1241 1750 ducere
1264 1724 1428 1757 sustineret;
1452 1733 1557 1759 verum,
1575 1728 1701 1761 quamvis
1723 1728 1823 1762 alioqui

1033 1768 1158 1795 mulieres
1173 1776 1268 1795 omnes
1285 1769 1419 1802 patientia:
1430 1777 1462 1797 ac
1475 1771 1641 1799 fortitudinis
1656 1773 1734 1800 laude
1746 1781 1823 1808 supe-

1032 1818 1117 1845 raret,
1136 1814 1187 1840 hoc
1204 1821 1286 1840 unum
1302 1822 1380 1849 aequo
1396 1816 1488 1843 animo
1509 1817 1579 1844 Ierre
1603 1826 1655 1844 non
1671 1824 1770 1852 posset,
1793 1826 1824 1847 se

1032 1858 1142 1885 dimidia
1160 1863 1263 1887 tantum
1281 1867 1313 1887 ex
1330 1866 1418 1895 parte,
1437 1862 1473 1889 ob
1490 1865 1619 1898 segmenti
1636 1865 1677 1891 sui
1698 1866 1820 1893 aversio-

1032 1911 1109 1937 netn,
1135 1904 1190 1932 Deo
1218 1907 1349 1940 copulari,
1384 1913 1411 1935 et
1438 1916 1490 1935 non
1521 1910 1554 1936 ad
1584 1917 1727 1945 corporum
1753 1920 1817 1939 cen-

1028 1948 1195 1983 junctionem
1225 1953 1338 1986 spiritus
1364 1953 1445 1981 etiam
1474 1955 1600 1982 unionem
1624 1957 1753 1992 adjungi;
1789 1966 1821 1986 ac

1030 2001 1173 2030 propterea
1200 1997 1257 2025 dies
1278 2004 1426 2034 noctesque
1441 2000 1474 2027 ad
1493 2000 1540 2028 Dei
1569 2001 1650 2037 pedes
1669 2003 1817 2036 accideret,

1031 2048 1112 2077 atqtte
1129 2050 1178 2077 pro
1193 2043 1290 2078 capitis
1304 2045 1344 2071 sui
1360 2045 1448 2073 salute
1467 2054 1527 2074 cuni
1543 2048 1635 2075 multis
1651 2048 1764 2084 jejuniis
1793 2055 1821 2077 et

1031 2088 1157 2124 lacrymis
1176 2097 1236 2116 eum
1256 2090 1424 2125 obsecraret,
1448 2097 1530 2127 atque
1546 2093 1605 2120 viro
1622 2094 1703 2121 etiam
1726 2095 1820 2122 sedqu

1031 2133 1156 2167 instaret,
1178 2142 1293 2170 eumque
1308 2130 1391 2163 variis
1405 2137 1491 2164 modis
1511 2138 1610 2166 lucrari
1625 2141 1814 2173 contenderet,

1032 2180 1398 2216 probris,admonitionibus,
1409 2183 1558 2218 obsequiis,
1572 2186 1766 2219 simultatibus,
1781 2192 1819 2220 et,

1033 2226 1105 2260 quod
1123 2226 1232 2253 maximi
1245 2228 1374 2255 momenti
1391 2234 1462 2262 erat,
1481 2239 1586 2258 morum
1604 2240 1713 2260 suorum
1731 2234 1821 2268 probi-

1035 2275 1090 2297 tate
1116 2277 1147 2297 ac
1172 2270 1285 2298 ferventi
1306 2279 1370 2307 erga
1395 2274 1522 2308 pietatem
1550 2278 1649 2311 studio,
1666 2286 1718 2314 qua
1739 2279 1818 2314 potis-

193 2319 290 2345 siinuni
305 2319 432 2346 reanima
441 2317 558 2344 ﬂectitur
576 2322 603 2344 et
618 2316 765 2349 emollitur,
781 2324 812 2344 ac
824 2317 977 2345 voluntarie
1000 2318 1033 2344 ad
1059 2319 1188 2346 virtutem
1211 2321 1386 2354 pertrahitur.
1414 2322 1467 2351 Nec
1483 2332 1547 2352 vero
1566 2325 1644 2353 aliter
1663 2327 1720 2354 fieri
1747 2333 1821 2363 pote.

193 2369 246 2397 rat,
270 2364 335 2398 quin
366 2363 483 2391 assiduis
503 2363 609 2390 tandem
631 2363 728 2390 ictibus
757 2367 832 2398 gutta
860 2363 976 2398 lapidem
989 2369 1147 2396 excavaret,
1176 2373 1209 2392 ac
1237 2373 1381 2401 progressu
1415 2371 1555 2404 temporis,
1585 2372 1656 2407 quod
1683 2374 1819 2407 studebat,

193 2411 350 2441 conliceret,
380 2410 608 2444 quemadmodum
627 2418 661 2438 ex
685 2410 739 2443 his,
769 2418 829 2445 quae
857 2411 985 2447 deinceps
1004 2417 1166 2447 sequuntur.
1179 2413 1280 2448 liquido
1297 2416 1448 2450 apparebit.

228 2486 283 2524 (I8)
302 2487 513 2524 Εὐχαριστιας.
530 2488 615 2524 chg.
638 2488 737 2523 plures.
761 2493 816 2518 tres
836 2490 913 2518 Colb.
928 2490 975 2519 0r.

194 2523 221 2555 l.
232 2522 297 2554 les},
310 2523 525 2558 εὺχαριστηρίον.

229 2558 284 2593 (19)
305 2557 464 2592 Λαμπρὰςζ
474 2564 528 2586 etc.
543 2558 634 2586 Billins
647 2568 655 2586 :
672 2568 682 2585 ι
695 2559 840 2594 Splendido
852 2561 895 2588 die
910 2568 978 2596 prte—

193 2599 277 2621 sente.
295 2602 305 2618 l

227 2628 284 2665 (2t!)
306 2627 367 2665 Τῷν
381 2627 505 2665 πιστῶν.
522 2629 601 2665 Deest
618 2629 643 2657 in
661 2630 726 2665 Reg.
746 2631 801 2657 bm.

306 2663 505 2702 Ἐπςχείρημα.
522 2663 587 2702 Reg.
605 2673 632 2698 a,
647 2663 732 2702 ΟΜ,
749 2666 913 2702 ἐγχείρημα.

228 2697 285 2737 (22)
301 2698 502 2737 Καλλιέρημα.
519 2699 725 2737 _«__Sacrarlitata
736 2720 744 2733 ,
760 2697 802 2727 ι”ἑ
818 2697 977 2737 καὶξλιερέω,

196 2742 206 2758 σ
223 2733 278 2765 lito,
299 2741 375 2772 saera
394 2734 470 2772 facit).
491 2743 506 2772 ζ
519 2733 585 2772 Hinc
600 2735 689 2772 Schol.
712 2733 976 2772 εγΧριστιανοΥμέν

196 2745 205 2758 l
223 2745 278 2765 lllU,
299 2745 375 2760 sacra
394 2745 470 2760 HlCIU.
491 2745 500 2758 1
519 2745 585 2761 "HIC
600 2745 689 2762 DCIII".
712 2745 720 2763 Ζ
745 2745 768 2762 Ᾱ
791 2745 904 2763 ιστιανοι
926 2745 976 2772 μεν

192 2776 257 2794 ποτε
284 2768 454 2807 καλλιεροῦσι
464 2788 472 2801 ,
494 2770 557 2796 ὅταν
573 2770 690 2807 ἑαυτοὺς
704 2771 743 2806 τῷ
758 2745 818 2807 Oper?)
835 2772 976 2807 προσαγά-

192 2811 260 2847 γωσι
268 2803 401 2847 πνεόματι
409 2804 642 2847 συντετριμμένιρ,
650 2806 697 2832 καὶ
703 2803 976 2847 καρδίατεταπεινω-

193 2838 263 2873 μένῃ
276 2845 284 2853 ·
301 2847 311 2864 ι
328 2838 471 2866 Christiani
487 2838 594 2873 quidem
612 2838 675 2868 tunc
689 2838 764 2868 sacra
783 2838 899 2873 faciunt,
913 2850 975 2869 cum

191 2874 296 2908 κίνεοι
311 2873 365 2901 Deo
385 2873 501 2902 oll'erunt
521 2874 617 2909 spiritu
632 2877 760 2909 contrito,
783 2881 811 2904 et
834 2878 974 2906 humiliato

1027 2493 1117 2520 corde.
1131 2502 1141 2519 ι

1064 2528 1132 2590 ('23)l
1154 2528 1393 2564 Ὑποςοαίνουσα.
1419 2531 1502 2561 Coisl.
1520 2533 1544 2567 l,
1561 2533 1730 2569 ὑφαίνουσα,
1745 2546 1755 2562 ι
1779 2542 1804 2564 te

1068 2572 1120 2590 isse
1136 2585 1143 2590 .
1163 2574 1172 2589 ›

1029 2571 1143 2591 Χυιεεεῑ.
1163 2574 1172 2589 ὶ

1065 2599 1120 2639 (24)
1145 2600 1390 2639 Ἀνδρικωτάτηη
1403 2603 1490 2638 chg.
1506 2611 1532 2636 ο,
1548 2604 1602 2637 bm,
1618 2605 1702 2634 Coisl.
1723 2606 1749 2639 1,
1768 2608 1816 2636 0r.

1030 2634 1057 2665 Ι,
1072 2634 1273 2670 ανδρειοτάτην.

1066 2669 1120 2709 (ἳδ)
1146 2669 1327 2709 Κοιλᾳζνειν,
1349 2679 1403 2700 etc.
1430 2672 1527 2709 Notum
1552 2679 1593 2702 est
1616 2677 1686 2709 apud
1709 2676 1818 2705 Graecos

1030 2704 1101 2746 istud
1127 2706 1296 2746 proverbium
1316 2704 1324 2734 ἐ
1343 2708 1481 2736 Κοιλαίνει
1505 2710 1609 2746 πέτραν
1626 2704 1704 2746 ῥανὶς
1721 2704 1818 2745 ὓδατος

1027 2739 1193 2779 ενδελεχείη·
1212 2749 1233 2779 ιι
1256 2741 1340 2779 Aquae
1360 2750 1436 2779 gutta
1460 2739 1568 2772 assidue
1593 2739 1714 2774 cadendo
1739 2739 1818 2775 εεινοῖ

1026 2775 1152 2808 lapidein.
1169 2775 1188 2801 ⁷)
1204 2775 1255 2802 Aul
1281 2775 1350 2804 istud
1361 2775 1450 2806 Veliam
1475 2780 1539 2807 huic
1558 2780 1645 2808 simile
1663 2791 1669 2809 :
1688 2782 1817 2809 Πολλαῖσι

1025 2810 1219 2852 πληγᾳῖςβρᾷς
1232 2812 1329 2852 στερεὰ
1343 2813 1505 2849 δαμάζεταν
1521 2825 1530 2841 ι
1548 2814 1677 2845 Praedum
1697 2825 1817 2852 quercus

1025 2847 1128 2873 crebris
1142 2846 1239 2874 ictibus
1254 2846 1335 2876 cedit.
1354 2857 1364 2874 ι
