2049 3143
195 147 204 172 1
211 147 264 174 003

795 148 824 175 S.
844 146 1009 176 GBEGORII
1029 147 1203 176 TllEOLOGl

1750 147 1818 176 ιοοι

193 206 290 238 etiarn,
321 212 445 238 magnus,
474 204 595 238 inquam,
626 204 669 232 ille
688 204 810 232 veritatis
825 213 925 239 prteco,
953 210 981 232 et

1040 214 1086 237 ιος,
1107 214 1154 232 και
1173 206 1243 240 φωτὶ
1257 214 1470 241 περιλαμπεται,
1488 207 1534 233 καὶ
1551 207 1677 242 γνωρίζει
1694 206 1739 233 τὸν
1757 207 1820 234 διω-

195 250 313 283 gentium
327 249 352 276 in
374 249 425 276 [ide
444 249 582 283 magister.
613 256 675 276 cum
702 251 792 276 adhuc
820 255 977 284 persecutor

194 299 277 326 esset,
291 293 391 321 luminc
405 293 631 320 circumfunditur
644 294 677 326 ”,
688 301 814 328 enrnque,
827 303 906 329 quem
917 303 978 330 per-

1030 251 1156 286 χύμενον,
1175 252 1223 278 καὶ
1241 251 1291 286 τὴν
1308 252 1428 286 μεγάλην
1441 252 1579 278 διακονίαν
1594 253 1757 286 πιστεύεται,
1771 253 1819 280 καὶ

1032 297 1130 333 πληροῖ
1153 297 1200 324 τοῦ
1221 297 1386 332 Εὑαγγελίου
1407 298 1497 324 πᾶσαν
1521 298 1606 334 ἀκοὴν
1628 298 1676 325 καὶ
1688 299 1818 326 διάνοιαν.

195 341 369 376 sequebatur,
384 341 534 375 cognoscit,
545 349 727 377 magnumque
738 342 921 370 ministerium
931 343 982 370 sibi
997 345 1131 372 creditum
1165 345 1287 380 suscipit,
1316 351 1398 379 atque
1433 345 1551 372 omnium
1579 353 1657 373 aures
1672 351 1700 373 et
1717 347 1821 373 animos

196 386 344 421 Evangelio
360 386 463 420 implet.

233 433 291 461 XV.
313 433 382 466 Quid
401 438 491 460 autem
504 441 599 462 omnes
625 442 671 462 eos
701 441 860 462 enumerare
875 435 982 467 attinet,

196 480 272 514 quia
290 479 344 506 Deo
372 480 498 506 advocati
518 484 592 512 sunt,
611 480 764 514 talibusque
782 480 920 508 miraculis
940 489 984 507 as-

197 525 255 558 citi,
275 525 401 559 qualibus
419 525 463 552 ille
475 526 555 552 etiam
573 526 605 553 ad
620 526 679 553 fidei
696 527 823 561 pietatem
840 527 983 553 confirma-

198 576 241 598 tus
253 570 315 598 est?
334 570 388 598 Nec
405 578 468 598 vero
499 571 562 598 talia
588 572 709 606 quidem,
734 577 843 606 tamque
867 572 985 599 incredi-

198 615 262 643 bilia
280 620 306 643 et
335 615 494 643 admiranda
522 616 598 643 initia
623 616 745 649 fuerunt,
765 624 812 651 per
836 624 867 644 ea
881 622 984 649 autem,

197 668 258 696 quae
273 666 365 696 postea
394 666 486 688 secuta
501 668 574 693 sunt.
593 662 693 696 aliquid
714 670 820 695 eorum,
843 670 901 697 quae
915 671 985 697 prte-

199 711 350 740 cesserunt,
367 707 465 741 probro
483 712 510 734 et
539 707 670 734 dedecore
692 707 790 741 affecit,
807 708 984 742 quemadmo-

199 753 265 779 dum
284 753 418 788 quispiam
432 761 464 780 ex
484 753 528 784 iis,
547 754 591 787 qui
612 753 789 781 honestarum
810 761 901 781 rerum
914 758 987 780 satu-

200 798 308 824 ritatem
324 803 353 824 et
369 798 507 825 fastidium
525 798 579 825 cito
602 799 770 834 concipiunt,
797 806 847 826 nec
872 799 985 826 ulterius

200 843 326 878 progredi
343 848 452 875 curant,
468 843 511 870 vel
526 843 609 870 etiam
630 844 663 870 ad
682 844 775 871 vitium
793 844 903 871 omnino
917 844 985 872 rela-

200 891 312 917 buntur.
326 889 395 922 Non,
419 889 542 924 inquam,
569 890 620 917 hoc
646 891 772 924 cuiquam
791 890 880 917 dicere
904 890 983 924 licet;

200 944 305 968 verum,
322 941 350 963 et
363 936 415 964 sibi
440 936 584 965 admodum
609 936 742 969 constitit,
766 942 794 963 et
810 937 931 972 pristinis
942 944 985 964 ve-

200 983 288 1018 stigiis
300 982 388 1014 haesit.
404 982 471 1010 adeo
488 987 517 1010 ut
531 982 602 1009 inter
617 989 645 1009 se
657 987 771 1016 utraque
788 982 901 1017 pulchre
918 990 984 1009 cou-

201 1029 338 1062 venirent,
353 1035 449 1063 nempe
463 1033 491 1055 et
508 1036 552 1061 ea,
567 1036 626 1063 qum
637 1029 819 1056 sacerdotium
841 1036 986 1064 praecesse-

201 1080 275 1107 rant,
296 1081 357 1102 cum
374 1075 427 1106 his,
443 1082 503 1109 quae
514 1074 540 1102 in
555 1074 708 1102 sacerdotio
723 1079 796 1101 recte
811 1081 842 1101 ac
858 1074 987 1109 praeclare

202 1122 294 1157 gessit.
307 1126 335 1148 et
349 1128 380 1148 ea
398 1128 458 1156 quae
475 1125 536 1156 post
559 1125 715 1155 suscepnnn
739 1120 923 1148 sacerdotium
945 1127 988 1146 sc-

202 1173 263 1194 cuta
275 1171 351 1200 sunt,
366 1175 427 1194 cum
443 1168 486 1200 iis,
503 1162 572 1201 quaz'
593 1171 789 1202 praecesserant
809 1175 815 1192 :
840 1173 888 1192 nec
908 1166 987 1192 aliter

203 1212 325 1247 incipere
349 1211 452 1244 deceat,
476 1219 557 1247 quam
584 1211 718 1245 quomodo
739 1212 796 1245 ipse
815 1210 911 1242 finivit,
937 1217 987 1237 nec

203 1266 299 1286 rursus
322 1259 349 1285 in
374 1258 456 1285 alium
486 1259 566 1285 tinem
600 1257 735 1292 progredi,
769 1264 851 1291 quam
877 1256 948 1283 unde
964 1255 987 1282 is

203 1305 344 1332 exordium
357 1304 482 1332 duxerat.
498 1304 683 1331 Sacerdotium
697 1307 787 1330 autem
801 1302 924 1337 suscipit,
934 1310 986 1329 non

203 1357 235 1377 ea
251 1350 380 1378 facilitate
405 1357 437 1379 ac
466 1349 636 1381 confusione,
663 1357 724 1384 quae
748 1356 821 1376 nunc
843 1349 926 1383 viget,
939 1348 986 1376 sed

203 1395 333 1424 nonnullo
348 1396 487 1429 interiecto
508 1396 636 1430 temporis
658 1395 756 1429 spatio.
784 1401 837 1429 quo
860 1393 987 1421 nimirum

1070 433 1121 460 lE'.
1141 433 1173 459 Τί
1187 432 1229 459 δεῖ
1247 433 1349 465 πάντας
1367 432 1583 468 ἀπαριθμεῖσθαι
1604 432 1666 464 τοὺς
1684 432 1736 458 ὑπὸ
1753 432 1820 460 Θεοῦ

1035 479 1266 516 προσκληθέντας,
1290 479 1336 505 καὶ
1358 479 1489 510 τοιούτοις
1506 478 1695 510 οἱκειωθέντας
1714 478 1822 513 θαύμα-

1036 534 1088 557 σιν,
1113 522 1221 560 οἷς(48)
1249 525 1374 555 κάκεῖνος
1399 523 1550 559 ἐϐεϐαιώθη
1578 524 1646 559 πρὸς
1672 524 1721 559 τὴν
1745 525 1823 551 ει)σέ-

1035 572 1128 604 6ειαν;
1146 572 1201 598 Καὶ
1223 571 1252 597 οὐ
1278 570 1312 597 τὰ
1331 571 1380 606 μὲν
1406 570 1502 605 πρῶτα
1520 569 1642 602 τοιαῦτα,
1667 571 1714 596 καὶ
1736 569 1822 601 οὕτως

1036 618 1138 645 ἄπιστα
1160 617 1208 644 καὶ
1233 616 1382 652 παράδοξα,
1401 617 1552 652 κατῄσχυνε
1574 616 1602 642 δέ
1622 626 1648 642 τι
1670 616 1723 642 τῶν
1754 625 1822 652 προ-

1038 664 1220 699 ϋπηργμένων
1244 664 1299 695 τοῖς
1323 663 1445 698 ὕστερον,
1462 663 1499 694 ὠς
1523 662 1554 689 ἄν
1570 671 1611 694 τις
1635 662 1689 689 τῶν
1709 662 1823 697 τάχιστα

1035 710 1115 745 κόρον
1129 709 1175 735 τοῦ
1192 708 1273 736 καλοῦ
1286 706 1554 744 λαμὸανόντων,εἷτ.α
1565 708 1612 734 τοῦ
1630 708 1723 744 πρόσω
1738 717 1823 734 κατα-

1037 755 1217 791 φρονούντων,
1237 755 1254 790 ἢ
1271 755 1318 782 καὶ
1337 756 1494 782 παντάπασι
1517 755 1586 790 πρὸς
1610 754 1708 781 κακίαν
1729 755 1824 781 παλιν-

1035 802 1222 837 δρομούντων·
1238 801 1288 828 οὑκ
1312 801 1370 827 ἔστι
1391 801 1470 827 τοῦτο
1491 801 1577 827 εἰπεῖν
1589 809 1595 816 ·
1618 799 1687 827 ἀλλὰ
1702 802 1749 827 κα)⁸
1763 801 1823 827 λίαν

1036 845 1132 871 ἑαυτοῦ
1157 846 1203 871 καὶ
1225 844 1279 871 τῶν
1305 844 1507 880 προειληφότων
1526 845 1626 880 ἔχεται,
1648 845 1718 872 ὥστε
1737 846 1825 881 ἀμφό-

1036 899 1104 925 τερα
1115 890 1292 926 συναρμόζειν
1304 891 1438 926 ἀλλήλοις,
1454 891 1488 917 τά
1498 900 1528 917 τε
1541 891 1593 927 πρὸ
1609 892 1657 927 τῆς
1675 893 1824 928 ἱερωσύνης

1037 937 1092 967 τοῖς
1110 936 1217 970 ἐκείνης
1234 936 1337 967 καλοῖς,
1362 937 1409 962 καὶ
1424 936 1457 963 τὰ
1473 937 1532 972 μετ’
1551 938 1635 973 αὐτὴν
1652 939 1707 969 τοῖς
1726 939 1825 974 πρότε-

1039 990 1102 1016 ρον·
1127 982 1174 1008 καὶ
1191 983 1259 1018 μήτε
1283 982 1370 1013 ἄλλως
1381 982 1435 1017 (49)
1459 982 1590 1017 ἄρξασθαι
1616 984 1731 1020 πρέπειν
1751 985 1767 1020 ἢ
1786 984 1825 1016 ὡς

1038 1027 1206 1063 ἐτελεύτησε,
1235 1029 1302 1063 μήτε
1329 1029 1368 1058 εἰς
1397 1028 1461 1054 ἄλλο
1486 1029 1626 1064 προελθεῖν
1653 1029 1765 1066 τέλοςῆ
1792 1027 1824 1057 οὗ

1039 1073 1192 1108 προήρξατο
1208 1073 1273 1108 (50).
1296 1073 1454 1100 Πιστεύεται
1478 1075 1527 1109 μέν
1544 1083 1575 1108 γε
1591 1076 1641 1110 τὴν
1662 1077 1823 1112 ἱερωσύνην,

1037 1119 1067 1145 οὐ
1085 1119 1154 1145 κατὰ
1170 1119 1218 1155 τὴν
1236 1119 1283 1146 νῦν
1299 1119 1422 1146 εὐκολίαν
1441 1121 1488 1147 καὶ
1507 1121 1628 1154 ἀταξίαν,
1646 1122 1714 1149 ἀλλὰ
1729 1124 1825 1158 μικρόν

1037 1173 1063 1191 τι
1077 1164 1216 1197 διαλιπὼν,
1232 1165 1301 1192 ὥστε
1315 1167 1348 1201 τῇ
1363 1166 1495 1202 καθάρσει
1517 1167 1699 1202 προστεθῆναι
1717 1168 1762 1194 καὶ¹
1776 1169 1825 1204 τὴν

1038 1210 1084 1237 τοῦ
1104 1211 1243 1246 καθαίρειν
1266 1212 1411 1247 ἐμπειρίαν
1427 1213 1474 1239 καὶ
1496 1213 1621 1249 δύναμιν,
1641 1215 1709 1251 ὅπερ
1718 1216 1774 1252 (51)
1792 1216 1825 1253 δὴ

1039 1257 1120 1292 νόμος
1134 1257 1292 1289 ἀκολουθίας
1304 1259 1501 1294 πνευματικῆς.
1524 1260 1599 1287 Ἐπεὶ
1613 1261 1641 1287 δὲ
1656 1263 1825 1293 πιστεύεται.

1040 1303 1120 1330 πλέον
1135 1303 1151 1338 ἡ
1170 1303 1249 1338 χάρις
1267 1303 1416 1335 δοξάζεται,
1437 1304 1530 1341 ὥσπερ
1552 1306 1636 1338 ὅντως
1649 1307 1717 1334 Θεοῦ
1735 1309 1826 1344 χάρις,

1038 1349 1096 1375 ἀλλ’
1115 1349 1165 1376 οὐκ
1179 1349 1341 1385 ἀνθρώπων,
1358 1350 1429 1382 οὐδὲ,
1446 1351 1460 1377 ὃ
1475 1360 1556 1387 φησιν
1568 1353 1582 1378 ὀ
1601 1353 1826 1391 Ἐκκλησιαστὴς,

1039 1395 1111 1430 ὁρμή
1129 1403 1170 1427 τις
1185 1395 1342 1430 αὐτόνομος,
1358 1397 1404 1422 καὶ
1423 1397 1583 1434 προαίρεσις
1597 1399 1748 1435 πνεύματος
1758 1400 1826 1435 (52).

205 1442 239 1469 ad
267 1441 310 1468 sui
327 1441 514 1476 purgationem
543 1441 656 1468 aliorqu
681 1447 789 1476 quoque
815 1440 1014 1475 purgaudorum
1035 1442 1159 1473 peritiam
1186 1447 1214 1468 et
1235 1440 1390 1469 facultatem
1411 1442 1577 1478 adjungeret,
1597 1446 1825 1480 quemadmodum

203 1491 331 1519 videlicet
359 1491 507 1525 spiritualis
532 1491 635 1518 ordinis
651 1490 695 1518 lex
723 1490 820 1526 poscit.
833 1489 977 1524 Postquam
997 1495 1086 1517 autem
1116 1492 1247 1526 suscepit,
1279 1492 1365 1527 gratia
1393 1493 1479 1527 magis
1494 1492 1657 1525 celebratur,
1679 1498 1709 1520 ut
1732 1501 1826 1521 revera

205 1537 253 1564 Dei
267 1539 363 1571 gratia,
379 1545 431 1566 non
445 1543 535 1566 autem
550 1538 687 1566 hominum
698 1558 706 1571 ,
734 1545 786 1566 nec
809 1543 848 1572 ut,
866 1538 937 1573 quod
949 1538 987 1564 ait
1004 1537 1191 1572 Ecclesiastes,
1207 1540 1323 1575 impetus
1343 1540 1452 1575 quidam
1477 1541 1593 1573 solutus,
1615 1545 1642 1568 et
1653 1543 1827 1577 praesumptio

205 1587 316 1622 spiritus
327 1588 361 1613 ".

242 1634 312 1662 XVI.
328 1633 396 1661 Nam
407 1642 468 1661 cum
493 1634 621 1662 silvosam
635 1639 662 1662 et
687 1638 820 1669 agrestem
836 1633 987 1661 Ecclesiam
1002 1635 1023 1664 C

206 1681 367 1716 accepisset,
380 1687 433 1708 non
446 1680 525 1715 longo
536 1685 599 1708 ante
626 1685 746 1716 tempore
759 1680 906 1716 episcopali
918 1687 982 1708 cura

205 1727 395 1762 gnbernatam,
408 1726 455 1753 sed
469 1726 503 1753 ab
520 1733 574 1753 uno
588 1729 695 1753 tantum
720 1733 754 1753 ex
768 1726 990 1753 antecessoribus

206 1772 263 1799 suis
281 1772 575 1807 cxornatam.quique,
599 1777 629 1798 ut
651 1772 817 1799 admirandis
845 1776 925 1806 atque
941 1778 990 1797 an-

206 1817 301 1852 gelicis
315 1817 436 1844 moribus
447 1821 507 1843 erat
519 1816 658 1851 prmditus,
679 1817 714 1843 ita
731 1816 892 1851 simplicior,
909 1815 988 1851 3&1

206 1869 287 1896 quam
302 1862 347 1896 qui
362 1870 434 1889 nunc
450 1861 548 1897 populo
563 1867 693 1897 praesunt,
714 1862 882 1895 habebatur;
897 1870 931 1889 eo
942 1870 991 1888 au-

207 1913 261 1937 tem
276 1908 416 1936 celerrime
442 1909 467 1935 in
485 1908 581 1935 ccelitm
609 1912 757 1943 assumpto,
770 1909 865 1943 perdiu
878 1915 986 1934 rursum

209 1953 371 1988 neglectam,
387 1958 416 1980 et
432 1953 467 1980 ob
486 1954 613 1980 antistitis
639 1954 756 1988 inopiam
776 1953 902 1988 squalore
920 1953 981 1980 aﬂ'e-

207 2004 289 2032 ctam,
303 2004 384 2035 atque
399 1999 425 2026 in
447 2006 543 2033 vepres
565 2000 713 2033 redactam,
739 1999 853 2034 primum
871 1999 981 2034 quidem

208 2040 313 2073 ferinos
329 2046 468 2073 hominum
486 2052 576 2073 mores
591 2046 661 2073 haud
686 2053 784 2080 magno
798 2046 904 2079 negotio
920 2046 993 2072 Initio

207 2091 294 2126 gavit,
305 2095 361 2118 tum
377 2091 523 2126 pastoralis
552 2091 619 2118 artis
644 2091 826 2124 sermonibus,
840 2096 894 2118 tum
909 2091 990 2118 etiam

207 2138 278 2172 quod
303 2144 343 2169 se,
370 2137 445 2164 velut.
469 2137 635 2172 spiritualem
655 2138 800 2172 quamdam
824 2142 941 2164 statuam
959 2138 991 2164 ad

207 2184 291 2218 optim
298 2191 322 2212 ε
330 2183 460 2219 cujusque
470 2183 586 2211 actionis
594 2183 821 2219 pulchritudinem
834 2191 864 2210 ex
870 2183 991 2218 politam.

208 2230 241 2256 ad
257 2230 416 2256 imitandum
429 2234 603 2264 proponeret.
619 2229 721 2256 Deinde
734 2229 759 2255 in
772 2236 911 2256 sacrarum
922 2229 992 2255 litte-

209 2281 299 2300 rarum
315 2274 500 2306 meditatione,
515 2281 620 2302 summa
644 2281 704 2301 cum
720 2274 803 2301 animi
820 2275 992 2300 contentione

1074 1633 1123 1658 ιΣ¹.
1141 1631 1310 1668 Παραλαϐὼν
1331 1631 1385 1667 γὰρ
1409 1631 1458 1667 τὴν
1491 1632 1652 1668 Ἐκκλησίαν
1675 1632 1760 1668 ὑλώδη
1780 1632 1828 1660 καὶ

1043 1678 1306 1714 ἀπηγροικισμένην,
1329 1678 1359 1704 οὐ
1382 1677 1522 1714 πόρρωθεν
1543 1678 1592 1713 μὲν
1614 1679 1747 1713 ἐπισκοπῇ
1773 1687 1830 1705 ποι-

1046 1726 1200 1760 μανθεῖσαν,
1217 1724 1274 1750 ἀλλ’
1288 1725 1350 1751 ὅσον
1367 1725 1407 1751 ἑνὶ
1419 1724 1473 1751 τῶν
1486 1725 1538 1760 πρὸ
1550 1725 1632 1751 αὑτοῦ
1646 1725 1828 1760 κοσμηθῆναι,

1044 1771 1090 1798 καὶ
1107 1770 1193 1806 τούτῳ
1211 1770 1354 1806 θαυμασίῳ
1375 1770 1424 1805 μὲν
1443 1771 1490 1798 καὶ.
1505 1770 1640 1806 ἀγγελικῴ
1660 1771 1705 1797 τὸν
1718 1772 1827 1807 τρόπον,

1046 1818 1222 1852 ἀπλουστέρῳ
1241 1817 1269 1843 δὲ
1289 1817 1305 1852 ἢ
1323 1817 1392 1844 κατὰ
1407 1817 1469 1848 τοὺς
1485 1817 1532 1843 νῦν
1547 1817 1600 1843 τῶν
1618 1817 1690 1843 λαῶν
1709 1818 1829 1853 προστά-

1044 1871 1107 1894 τας·
1123 1862 1216 1889 τούτου
1231 1862 1259 1888 δὲ
1271 1862 1384 1896 τάχιστα
1401 1861 1629 1897 προσληφθέντος,
1645 1862 1759 1888 ἐπιπολὺ
1774 1862 1829 1888 πά-

1044 1908 1085 1934 λιν
1103 1907 1304 1943 ρᾳθυμηθεῖσάν
1325 1916 1354 1933 τε
1374 1908 1420 1933 καὶ
1439 1908 1681 1943 χερσομανήσασαν
1698 1908 1726 1940 EE
1744 1908 1828 1942 ἀναρ-

1045 1955 1106 1989 χίας
1116 1962 1122 1969 ·
1136 1954 1243 1990 πρῶτον
1258 1954 1308 1989 μὲν
1321 1954 1356 1980 τὰ
1368 1954 1421 1989 ῆθη
1434 1955 1487 1980 τῶν
1501 1953 1650 1989 ἀνθρώπων
1661 1954 1690 1980 οὺ
1704 1954 1828 1989 χαλεπῶς

1045 2000 1202 2035 ἐξημέρωσε
1225 1999 1314 2033 λόγοις
1337 2008 1366 2026 τε
1396 1999 1641 2035 ποιμαντικῆςιῧό)
1665 2000 1829 2035 ἐπιστήμης,

1045 2045 1092 2072 καὶ
1102 2045 1140 2079 τῷ
1152 2044 1290 2079 προθεῖναι
1300 2044 1354 2079 (ΞΑ)
1366 2044 1449 2071 τύπον
1463 2045 1568 2074 ἑαυτὸν,
1580 2044 1673 2080 ὥσπερ
1685 2045 1829 2080 ἀνδριάντα

1045 2090 1237 2126 πνευματικὸν,
1251 2091 1291 2122 εἰς
1307 2090 1403 2121 κάλλος
1416 2090 1600 2125 ἁπεξεσμένον
1615 2091 1704 2125 πάσης
1715 2091 1830 2126 ἀρίστης

1045 2136 1181 2172 πράξεως.
1200 2137 1316 2162 Ἔπειτα
1330 2138 1385 2168 τοῖς
1401 2137 1481 2168 Θείοις
1494 2137 1583 2171 λόγοις
1598 2137 1729 2169 συντόνως
1745 2138 1832 2172 ἐμμε-

1045 2183 1170 2218 λετήσας,
1193 2181 1293 2218 καίπερ
1317 2182 1453 2218 ὀψιμαθὴς
1472 2183 1524 2210 τῶν
1539 2183 1666 2210 τοιούτων
1679 2183 1829 2218 τυγχάνων,

1045 2229 1180 2264 τοσαύτην
1205 2228 1280 2260 ἐντὸς
1309 2229 1400 2263 ὀλίγον
1423 2229 1520 2265 χρόνου
1547 2229 1642 2263 σοφίαν
1658 2230 1827 2262 συνελέξατο,

1047 2274 1116 2300 ὥστε
1129 2274 1163 2299 τά
1179 2281 1206 2299 τε
1219 2273 1285 2299 ἄλλα
1302 2273 1415 2308 μηδενὸς
1427 2274 1565 2301 λείπεσθαι
1580 2275 1633 2302 τῶν
1646 2275 1692 2301 ἐπὶ
1706 2275 1830 2301 πλεῖστον

207 2326 342 2352 versatus,
361 2321 485 2355 quamvis
499 2320 586 2347 serius
600 2320 632 2346 ad
655 2319 807 2354 hnjnsmodi
833 2319 921 2346 studia
935 2326 987 2346 sesr

1046 2319 1247 2355 πεπονηκότων,
1263 2319 1310 2345 καὶ
1322 2320 1401 2355 χάριν
1415 2321 1447 2346 ὲκ
1458 2320 1525 2347 Θεοῦ
1541 2321 1640 2356 ταύτην
1657 2321 1748 2347 λαϐεῖν
1760 2320 1831 2353 ἐξαί-

209 2367 382 2399 contulisset,
395 2371 499 2394 tantum
512 2366 673 2394 eruditionis
681 2366 756 2394 brevi
770 2365 888 2400 collegit,
905 2369 993 2392 utnec

248 2437 271 2452 "
281 2436 342 2464 Act.
358 2444 396 2466 ix.
412 2436 439 2463 5.
479 2436 503 2451 ³⁶
515 2436 602 2464 Eccle.
618 2444 636 2468 ι,
652 2436 695 2464 l7.

244 2503 301 2538 (l8)
323 2500 382 2536 οἷς.
401 2503 447 2531 0r.
469 2503 494 2535 1,
511 2502 587 2534 οἵοις.

245 2537 302 2573 (49)
324 2539 453 2571 Ἄλλως,
469 2544 520 2565 etc.
538 2538 666 2570 Montac..
684 2538 774 2569 ἄλλοις
796 2537 884 2569 ἄλλως
898 2558 916 2564 ..
935 2537 993 2563 ἐτε-

209 2573 339 2609 λεύτησεν
355 2574 467 2611 ξικεῖνος.
484 2573 583 2611 Verum
599 2574 639 2600 ha:
658 2581 737 2611 voces
755 2573 863 2611 ἄλλοις..
877 2578 902 2600 et
920 2573 992 2599 ἐκεῖ-

210 2617 264 2649 νος,
279 2608 338 2649 qua!
356 2609 474 2649 ἰιι-ιιιιΙΙς)⁸
490 2609 661 2649 reperiuntur
675 2608 779 2641 codice,
802 2608 879 2636 nobis
894 2615 991 2642 super—

211 2644 280 2676 fluae,
299 2644 412 2677 ideoque
427 2644 579 2678 rejiciendae
594 2644 730 2670 videntur.

211 2714 218 2720 θ
246 2679 358 2720 (ὅθι-Ἦ
371 2675 406 2706 οὗ
427 2678 607 2713 προήρξατο.
627 2677 743 2706 Bdhns:
762 2687 771 2704 ι
790 2686 870 2713 qnam
884 2683 914 2705 ut
937 2678 993 2712 ipse

212 2718 426 2785 imgi‘iuiénw.
444 2747 527 2784 Regg.
545 2756 570 2781 ιι,
588 2749 642 2781 bin,
658 2749 753 2784 ὅσπερ.
778 2748 871 2776 Billius
886 2748 994 2775 videtur

212 2783 317 2818 legisse,
338 2783 442 2818 ὥσπερ.

247 2818 303 2851 (5'2)
323 2819 377 2845 Kal
394 2817 566 2852 σιροαίρεσις
581 2819 759 2852 πνεύματος.
783 2827 792 2843 ι
806 2817 993 2852 Prmsumptio,

213 2853 322 2881 adlictio
338 2854 461 2889 spiritus.
475 2863 485 2880 ι
502 2854 547 2881 Sic
560 2853 688 2881 μηδι.)
706 2853 820 2882 Hebraeo
833 2858 921 2881 autem
937 2861 994 2882 ser-

1046 2375 1133 2401 ρετον,
1152 2364 1305 2400 ὀρθοδοξίας
1330 2365 1455 2398 γενέσθαι
1482 2366 1572 2402 πατὴρ
1586 2367 1632 2393 καὶ
1653 2365 1829 2397 διδάσκαλος·

1046 2509 1136 2534 mone,
1157 2507 1212 2544 m3
1224 2506 1307 2544 pm,
1326 2510 1336 2526 ι
1355 2501 1476 2544 depastio
1493 2501 1577 2544 venti.
1605 2510 1615 2528 ι
1641 2500 1719 2544 Upde
1738 2500 1830 2544 $chol.

1044 2545 1094 2572 pro
1114 2535 1274 2572 προαίρεσις
1298 2535 1453 2571 πνεύματος
1462 2557 1480 2572 ,7
1497 2537 1595 2568 habet,
1611 2536 1681 2572 νομὴ
1706 2536 1807 2572 ἀνέμου
1820 2557 1828 2569 ,

1047 2571 1056 2597 k
1072 2571 1290 2605 depastio'venti.
1309 2580 1318 2596 ι
1337 2576 1365 2598 ιιι
1377 2573 1445 2604 apud
1460 2571 1597 2598 Hebraaos.
1613 2571 1745 2598 Caeterum
1761 2571 1830 2599 Gre-

1045 2608 1136 2641 gorius
1160 2607 1204 2633 hic
1220 2606 1287 2632 nihil
1302 2606 1374 2633 aliud
1395 2607 1548 2636 intellexit.
1564 2607 1616 2633 nisi
1635 2607 1707 2641 quod
1720 2614 1831 2641 expres-

1045 2647 1138 2669 serunt
1161 2641 1333 2675 interpretes,
1356 2649 1417 2668 cum
1443 2643 1499 2668 haec
1526 2642 1613 2668 Eccle.
1631 2650 1651 2674 I,
1680 2641 1724 2674 l7,
1750 2641 1830 2668 verba

1045 2677 1214 2710 interpretati
1241 2681 1321 2707 sunt.
1348 2684 1444 2710 nempe
1472 2676 1632 2712 Gregorium
1657 2681 1760 2711 patrem
1782 2684 1832 2703 nec

1045 2711 1176 2746 prmcipiti
1197 2717 1283 2743 motu,
1296 2719 1345 2739 nec
1364 2712 1436 2738 inani
1451 2712 1537 2747 gloria
1552 2713 1673 2745 ductum,
1686 2713 1720 2739 ad
1734 2719 1829 2739 sacer-

1046 2747 1148 2772 dotimn
1165 2748 1321 2773 accessisse.

1082 2781 1138 2816 (55)
1157 2781 1367 2816 Ποιμαντικῆς.
1385 2781 1430 2809 Sic
1443 2781 1528 2816 Regg.
1547 2790 1573 2814 ιι,
1592 2782 1647 2815 bm,
1663 2788 1716 2810 etc.
1731 2782 1758 2809 In
1772 2781 1830 2812 cd..

1046 2818 1245 2851 ποιμαντικοῖς.

1082 2852 1137 2888 (54)
1157 2851 1320 2886 Προθεῖναι.
1338 2852 1402 2887 Reg.
1419 2853 1473 2887 bm,
1491 2852 1659 2888 προσθεῖναι.
