2049 3143
170 205 239 234 10ὸὸ

629 205 755 233 ORATIO
775 205 868 234 XVIII,
886 220 919 226 —
940 204 1113 234 FUNEBRIS
1133 205 1166 232 IN
1189 204 1340 232 PATREM.

1727 205 1794 232 I006

168 266 199 292 οὑ
215 265 285 292 κατὰ
306 266 369 297 τοὺς
391 264 437 291 νῦν
459 265 555 299 σοφοὺς
577 267 632 297 τοῖς
651 268 758 301 καιροῖς
781 266 959 302 συγκλινόμε-

1013 266 1073 293 aliis
1090 267 1115 293 in
1138 267 1218 294 rebus
1245 273 1381 301 quoquam
1397 273 1501 297 eorum.
1527 266 1571 301 qui
1586 266 1712 293 diuturno
1727 272 1795 293 ll'tll-

169 320 224 343 νος,
241 311 301 337 οὐδὲ
317 311 405 346 μέσως
429 312 476 338 xui.
492 311 624 346 τεχνικῶς
643 311 689 338 τοῦ
712 311 774 338 καθ’
788 312 861 346 ἡμᾶς
876 311 956 346 λόγου

170 357 378 392 προϊστάμενος,
396 358 433 389 ὡς
455 357 488 383 ἂν
502 358 526 384 οἱ
544 357 580 392 μὴ
605 357 686 392 πῆξιν
701 357 808 392 ἔχοντες
826 358 955 390 πίστεως,

169 403 187 438 ἢ
201 403 402 438 καπηλεύοντες
415 403 464 438 τὴν
480 403 607 439 ἀλήθειαν
617 412 624 419 ⁸
637 404 695 430 ἀλλ’
709 402 742 439 ἦν
757 404 811 431 τῶν
826 405 874 440 μὲν
885 404 957 440 λόγῳ

170 449 289 475 δυνατῶν
316 449 518 485 εὐσεῦέστερος,
538 449 591 476 τῶν
613 449 701 486 ὀρθῶν
723 450 752 476 δὲ
774 450 822 485 τὴν
839 450 957 478 διάνοιαν

170 493 367 530 λογικώτερος·
392 494 492 530 μᾶλλον
511 494 539 521 δὲ.
563 495 642 528 λόγου
667 495 701 521 τὰ
723 495 839 531 δεύτερα
855 496 956 531 φέρων,

171 539 297 574 εὐσεϐείᾳ.
313 539 423 565 πάντων
444 539 564 574 ἐκράτει,
586 539 654 565 Ἕνα
680 540 729 574 μὲν
747 539 814 565 Θεὸν
831 539 908 571 εἰδὼς
928 540 956 565 ὲν

171 585 266 621 Τριάδι,
285 584 531 620 προσκυνούμενον,
553 585 616 621 τρία
641 585 669 611 δὲ
692 586 731 616 εἰς
754 585 819 619 μίαν
844 585 958 620 Osos-qm

172 631 356 666 συναγόμενα’
376 631 422 657 καὶ¹
440 631 501 657 οὔτε
520 631 559 666 τῷ
575 632 615 658 ὲνὶ
632 631 811 663 Σαδελλίζων,
827 631 888 658 οὒτε
903 633 958 663 τοῖς

171 677 259 712 τρισὶν
285 676 474 712 Ἀρειανίζων,
499 677 515 712 ἢ
536 676 574 712 τῷ
594 677 747 704 συστέλλειν
774 677 888 712 θεότητα.
911 679 958 704 καὶ

171 723 296 751 ἀναλύειν
378 723 477 755 ἀθέως,
490 723 506 758 ἦ
523 724 562 758 τῷ
576 724 756 759 κατατέμνειν
767 724 868 756 ἀνίσοις
882 725 958 751 ἀλλο-

171 769 351 805 τριότησιν,ἢ
376 768 516 803 μεγέθους,
539 769 555 804 ἢ
579 769 697 803 φύσεως.
712 765 750 796 Οὖ
772 769 826 806 γὰρ
845 770 959 797 ἕκαστον

172 815 361 850 ἀκατάληπτον
376 814 423 841 καὶ
440 815 508 850 ὑπὲρ
527 815 576 850 τὴν
596 815 733 850 ἡμετέραν
748 816 880 848 ἐπίνοιαν,
902 816 960 848 πῶς

172 860 288 888 ἐνταῦθα
300 860 330 887 τὺ
342 861 488 896 ὑπεραῖρον
503 860 519 895 ἢ
533 860 702 896 νοηθήσεται,
716 860 731 896 ἢ
746 861 960 897 δογματισθήσε-

172 915 235 939 ται;
251 907 305 933 Ποῦ
325 906 353 932 δὲ
370 908 508 942 μετρεῖται
529 906 560 933 τὸ
579 906 701 941 ἄπειρον,
723 907 766 937 ἵν’,
781 907 794 933 ὃ
808 907 861 934 τῶν
877 916 960 942 περα-

1009 312 1083 346 poris
1098 313 1184 347 spatio
1198 313 1397 344 laboraverant,
1415 312 1525 340 inferior
1533 318 1622 344 esset;
1637 320 1666 339 ac
1681 318 1794 347 pra-ter-

1007 365 1038 385 ea
1069 359 1232 393 singularem
1258 359 1328 386 bane
1357 366 1370 385 a
1388 358 1441 385 Deo
1467 359 1580 394 gratiam
1606 358 1752 393 acciperet,
1765 363 1795 384 ut

1007 404 1166 431 orthodoxae
1179 404 1311 440 doctrinae
1327 409 1405 439 pater
1419 409 1446 430 et
1473 404 1601 439 magister
1622 403 1792 437 eﬁiceretur;

1009 457 1072 483 non,
1084 454 1113 476 ut
1128 448 1209 483 hujus
1226 450 1354 484 temporis
1372 450 1520 485 sapientes,
1548 457 1599 477 una
1617 458 1676 478 cum
1691 454 1794 485 tempo-

1009 496 1082 522 ribus
1097 503 1125 523 se
1143 496 1294 528 inﬂectens,
1323 504 1371 523 nec
1393 496 1472 523 ﬁdem
1490 502 1608 524 nostram
1623 497 1711 524 medio
1726 505 1794 532 quo—

1008 542 1069 568 dam
1084 548 1111 568 et
1126 543 1274 570 artiﬁcioso
1293 543 1372 570 modo
1385 542 1544 574 delendens,
1566 549 1595 570 ut
1619 544 1648 576 ii,
1672 544 1716 578 qui
1733 543 1794 570 ﬁdei

1010 588 1164 615 ﬁrmitatem
1187 596 1241 615 non
1272 588 1382 620 habent,
1411 589 1610 615 autveritatcm
1642 596 1794 623 cauponum

1010 640 1083 659 more
1099 633 1270 666 adulteram;
1286 634 1332 660 sed
1350 634 1385 660 ita
1400 642 1428 660 se
1443 634 1627 669 comparabat,
1646 640 1675 660 ut
1694 638 1720 661 et
1731 642 1794 661 ern-

1010 680 1202 714 ditospietatc,
1217 685 1244 708 et
1266 681 1324 715 pios
1347 681 1509 708 eruditionis
1534 680 1613 707 laude
1639 686 1794 714 superaret,

1010 724 1065 751 imo
1077 724 1177 759 potius,
1193 725 1228 751 ita
1245 725 1376 753 secundas
1391 725 1519 753 doctrinas
1535 725 1649 757 terebat,
1663 730 1693 752 ut
1705 730 1793 752 tamen

1009 768 1118 803 pietatis
1137 770 1238 804 primas
1253 771 1396 798 obtineret.
1415 770 1503 798 Unum
1530 771 1628 806 quippe
1643 771 1794 805 Deum,qui

1011 815 1037 841 in
1053 813 1186 842 Trinitate
1204 815 1342 848 aduratur,
1372 816 1423 843 tria
1447 819 1549 848 autem,
1569 823 1630 851 quas
1654 816 1681 843 in
1712 824 1793 844 unam

1011 861 1138 888 deitatem
1149 862 1322 897 colliguntur,
1334 865 1497 897 agnoscebat
1510 872 1517 890 :
1532 870 1564 890 ac
1583 870 1671 896 neque
1688 868 1733 889 aut
1746 870 1794 897 pt-r

1011 913 1106 937 unum,
1124 905 1252 937 Sabellio,
1267 910 1312 932 aut
1329 914 1375 940 per
1388 906 1451 938 tria,
1478 906 1543 933 Ario
1560 905 1684 938 favebat;
1697 912 1795 939 nempe

172 952 309 988 τουμένων
327 952 396 984 ἐστὶ,
412 951 491 978 τοῦτο
510 951 583 988 πάθῃ
598 951 701 987 θεότης,
720 951 832 987 βαθμοῖς
846 961 958 987 μετρου-

1010 951 1051 979 vel
1064 951 1191 978 deitatem
1218 951 1298 986 impie
1310 952 1496 978 contrahendo
1521 955 1549 978 et
1563 951 1733 982 resolvendo,
1750 950 1794 976 vel

174 999 243 1034 μένη
261 998 309 1026 καὶ
328 998 491 1025 ὑποϐάςιεσιν
500 997 571 1033 (56);

1012 1005 1060 1032 per
1078 997 1199 1032 dispares
1217 998 1410 1033 magnitudinis
1430 1002 1475 1024 aut
1491 1003 1594 1024 natura:
1613 998 1711 1032 gradus
1730 1003 1795 1023 con-

174 1046 331 1073 scindendo.
347 1044 398 1072 Ubi
421 1045 493 1072 enim
507 1045 715 1079 unumquodque
740 1046 838 1072 mentis
857 1049 956 1072 nostra!
975 1049 1057 1078 atque
1071 1043 1291 1079 ingeniicaptum
1309 1044 1548 1079 excedit,quonam
1574 1043 1653 1070 modo
1671 1042 1723 1069 illic
1735 1063 1743 1074 ,
1768 1041 1795 1068 id

173 1091 244 1126 quod
266 1090 404 1124 praecellit,
430 1091 529 1125 poterit
556 1090 597 1117 vel
621 1095 711 1117 mente
737 1091 849 1125 percipi,
871 1090 911 1117 vel
926 1090 1034 1117 doceri?
1062 1089 1190 1123 Quaenam
1227 1091 1291 1116 item
1315 1090 1452 1116 immensa:
1469 1089 1506 1116 rei
1528 1088 1697 1116 dimetiendze
1724 1087 1794 1114 ratio

174 1136 263 1164 futura
279 1140 329 1168 est,
346 1141 385 1169 ut,
399 1136 469 1171 quod
483 1136 562 1164 rebus
579 1136 661 1164 ﬁnitis
675 1137 812 1170 convenit,
838 1137 908 1165 ideo:
932 1137 1066 1164 divinitati
1092 1144 1201 1172 quoque
1222 1137 1337 1170 accidat,
1356 1137 1542 1172 gradunmque
1557 1143 1590 1163 ac
1614 1135 1793 1163 descensuum

173 1189 267 1210 mensu
273 1190 309 1208 ra:
323 1181 503 1216 subjiciatur?

208 1229 258 1255 IZ’.
274 1228 366 1254 Ταῦτα
382 1227 480 1254 ἐννοῶν
499 1228 514 1253 ὁ
532 1227 618 1262 μέγας
641 1228 742 1259 ἐκεῖνος
751 1227 805 1262 (57)
818 1226 958 1262 ἄνθρωπος

173 1274 220 1301 τοῦ
232 1274 310 1306 Θεοῦ,
326 1274 373 1301 καὶ
387 1273 494 1310 ἀληθῶς
509 1274 648 1308 Θεολόγος,
665 1274 710 1300 καὶ
729 1274 797 1310 μετὰ
813 1273 859 1300 τοῦ
875 1273 959 1300 ΙΙνεὺ-

176 1330 260 1356 ματος
275 1321 338 1357 περὶ
351 1321 453 1348 τούτων
470 1320 636 1356 κινούμενος,
651 1321 678 1347 τί
689 1321 741 1356 χρὴ
753 1320 841 1354 λέγειν
855 1320 957 1355 ἕτερον,

173 1367 191 1402 ἦ
206 1368 246 1394 ὅτι
263 1367 326 1395 νέαν
343 1366 518 1403 Ἰερουσαλὴμ
530 1366 576 1393 καὶ
589 1366 704 1393 κιϐωτὸν
718 1366 799 1401 ἄλλην
816 1366 885 1401 ὑπὲρ
897 1365 960 1392 ὑδά-

174 1422 228 1441 των
241 1413 404 1449 φερομένην,
418 1413 512 1449 ὦσπερ
523 1414 538 1440 ὁ
551 1413 636 1448 μέγας
649 1412 750 1444 ἐκεῖνος
766 1412 838 1445 Νῶε,
852 1412 899 1438 καὶ
911 1410 958 1437 τοῦ

173 1460 300 1496 δευτέρου
314 1459 408 1486 τούτου
424 1459 526 1494 κόσμου
549 1459 650 1494 πατὴρ.
674 1458 752 1494 τήνδε
773 1458 821 1494 τὴν
846 1457 960 1491 Ἐκκλη-

176 1505 236 1532 σίαν
263 1503 402 1531 καλεῖσθαι
432 1503 581 1539 πεποίηκε’
609 1502 688 1530 τοῦτό
715 1512 744 1529 τε
768 1501 958 1537 κατακλυσμοῦ

174 1549 228 1575 τῶν
241 1548 344 1585 ψυχῶν,
357 1549 404 1575 καὶ
416 1548 465 1583 τῆς
487 1548 541 1574 τῶν
561 1547 707 1584 αἱρετικῶν
724 1547 854 1583 ἐπηρείας
868 1546 960 1581 σαφῶς

175 1594 389 1630 ὑπεραίρουσαν·
406 1595 454 1621 καὶ
465 1594 519 1628 ὅσῳ
535 1593 631 1629 πλήθει
656 1592 709 1619 τῶν
726 1593 812 1620 ἄλλων
827 1592 958 1623 ἐλείπετο,

175 1640 300 1667 τοσοῦτον
314 1639 419 1676 εὐδοξίᾳ
437 1639 607 1675 κρατοῦσαν·
630 1640 676 1666 καὶ
696 1639 727 1665 τὸ
752 1639 801 1673 τῆς
820 1640 895 1674 ἱερᾶς
909 1640 961 1666 πά-

177 1693 292 1720 σχουσαν
306 1684 479 1720 Βηθλεὲμτῆν
487 1684 561 1711 οὐδὲν
574 1684 694 1711 ἐκώλυσε
707 1685 753 1711 καὶ
768 1686 870 1720 μικρὰν
891 1682 959 1711 εἶναι

177 1730 264 1761 πόλιν.
284 1730 330 1756 καὶ
345 1730 394 1765 τῆς
412 1730 574 1765 οἰκουμένης
590 1729 765 1765 μητρόπολιν,
788 1730 826 1761 ὼς
842 1729 959 1765 Χριστοῦ

177 1775 224 1802 καὶ
238 1775 293 1810 (58)
317 1775 416 1810 τροφὸν
441 1776 488 1802 καὶ
514 1775 629 1810 μητέρα,
652 1774 707 1802 τοῦ,
721 1777 766 1801 τὸν
789 1775 890 1810 κόσμον
912 1775 960 1801 καὶ

177 1822 241 1857 uti;
246 1830 339 1853 σαντυς
353 1821 400 1848 καὶ
413 1821 473 1856 νική
478 1829 586 1852 σαντοςς

212 1955 266 1980 Dl’.
280 1954 433 1989 Τεκμηριον
445 1953 473 1979 δὲ
486 1952 533 1979 τοῦ
553 1955 631 1985 Λόγου
641 1959 648 1966 ³
661 1952 716 1977 Και
730 1955 784 1986 γαρ
794 1950 874 1985 ἡνίκα.
888 1948 963 1983 παρὰ

177 1998 224 2025 τοῦ
239 1999 403 2035 θερμοτέρου
419 1998 518 2034 μέρους
529 1998 578 2032 τῆς
597 1996 759 2032 Ἐκκλησὶας
785 1996 964 2023 κατεστασιά-

179 2043 669 2080 σθημεν(59),γράμματικλαπέντες
685 2044 732 2070 καὶ
750 2044 853 2078 ῥήμασι
872 2051 960 2078 τεχνι-

178 2091 236 2122 κοῖς
260 2091 300 2122 εῑς
321 2090 442 2126 πονηρὰν
465 2089 618 2121 κοινωνίαν,
647 2089 726 2124 μόνος
749 2088 798 2124 μὲν
815 2088 960 2124 ἐπιστεύθη

178 2137 228 2173 τὴν
241 2137 359 2164 διάνοιαν
380 2137 502 2172 ἄτρωτον
519 2135 601 2171 ἔχειν,
616 2136 663 2162 καὶ
681 2135 719 2170 μὴ
742 2135 781 2170 τῷ
798 2136 892 2171 μέλανι
914 2135 963 2170 τὴν

178 2183 266 2218 ψυχὴν
282 2182 521 2218 συμμελαίνεσθαι,
532 2183 555 2208 ει
566 2182 613 2208 καὶ
625 2181 756 2216 ἁπλότητι
773 2181 962 2217 συνηρπάσθη,

179 2229 227 2255 καὶ
247 2228 293 2256 τὸν
309 2229 383 2256 δόλον
399 2229 430 2255 ὲκ
455 2228 501 2255 τοῦ
525 2228 574 2263 τῆς
589 2227 679 2262 ψυχῆς
700 2227 793 2254 ἀδόλου
813 2227 849 2262 μὴ
867 2227 964 2260 ἐφυλά-

180 2275 260 2307 ξατο·
285 2275 364 2310 μόνος
389 2275 428 2307 δὲ,
456 2275 554 2310 μᾶλλον
575 2274 604 2300 δὲ
627 2273 744 2309 πρῶτος,
767 2273 798 2300 τὸ
821 2273 964 2305 στασιάζον

179 2320 247 2356 πρὸς
264 2321 346 2356 ἡμᾶς,
364 2320 437 2356 ζήλῳ
459 2320 509 2354 τῆς
531 2319 672 2351 εὐσεϐείας
686 2318 775 2353 ἐαυτῷ
797 2327 826 2344 τε
846 2319 893 2345 καὶ
908 2320 964 2351 τοῖς

180 2365 269 2398 ἄλλοις
285 2366 446 2401 κατήλλαξε,
460 2365 614 2392 τελευταῖον
626 2365 649 2392 τ’
662 2365 716 2400 (60)
734 2365 901 2400 ἁποδραμδν,
918 2366 965 2392 καὶ

182 2413 288 2448 πρῶτον
302 2412 488 2448 προσδραμὸν,
504 2412 574 2438 αἰδοῖ
585 2420 614 2438 τε
629 2411 676 2437 τοῦ
690 2410 795 2446 ἀνδρὸς,
811 2412 859 2438 καὶ
874 2412 907 2447 τῇ
917 2411 964 2438 τοῦ

181 2459 315 2494 δόγματος
331 2458 497 2494 καθαρότητι
505 2466 513 2473 ⁸
525 2457 594 2483 ὥστε
609 2457 656 2482 καὶ
667 2456 711 2482 τὸν
722 2456 805 2482 πολὺν
820 2456 898 2483 σάλον
910 2456 964 2482 τῶν

206 2561 274 2595 ’(55)
293 2559 346 2587 Καὶ
365 2560 518 2586 ἀναλύειν.
536 2559 628 2595 Billius
645 2568 652 2595 ς
674 2568 683 2583 ι
699 2563 725 2585 et
738 2557 934 2595 conl'undettdo.
952 2567 961 2583 ι

184 2593 283 2623 Verum
301 2596 340 2622 sic
357 2595 497 2625 vertendo,
517 2594 570 2620 vim
593 2594 667 2621 vocis
684 2601 734 2620 non
752 2593 851 2620 reddit.
869 2593 959 2626 Impu-

184 2636 247 2665 gnat
269 2630 340 2656 enim
367 2630 411 2656 hic
434 2628 578 2665 Gregorius
602 2635 706 2665 uovum_
726 2627 959 2665 Sabellianismum

184 2662 433 2696 Marcellianorum,
450 2662 500 2698 qui
519 2663 615 2690 Filium
636 2671 668 2690 ac
690 2662 819 2697 Spiritum
836 2668 959 2689 sanctum

184 2709 199 2727 a
215 2701 294 2727 Patre
309 2701 452 2733 productos
474 2705 533 2725 esse
554 2699 747 2733 concedentes,
766 2705 811 2733 eos
828 2703 916 2733 tamen
934 2698 960 2733 in

185 2743 297 2769 persona
311 2731 374 2760 vero
394 2734 542 2760 subsistere
559 2734 707 2769 negabant.
725 2731 813 2769 Unde,
828 2733 867 2764 εἰς
881 2731 921 2769 ἓν,
942 2732 958 2767 ἢ

186 2767 279 2805 μηδέν,
295 2769 382 2803 inquit
394 2768 518 2805 Basilius,
533 2777 542 2793 ι
557 2767 690 2805 in_una_m_,
706 2767 747 2805 vel
759 2767 959 2805 potius_nullat_u

185 2801 338 2839 personam'
355 2803 534 2839 resnlvebattt.
552 2812 562 2828 ι
576 2802 620 2839 _Et
643 2801 819 2839 Scholiastes,
835 2803 875 2833 εἰς
898 2801 961 2836 τρία

184 2837 315 2868 ὀνόματα,
328 2847 336 2863 ι
352 2839 378 2865 in
391 2839 441 2864 tria
454 2838 561 2864 nomina
576 2837 734 2864 Trinitatem
753 2837 932 2864 resolvebam.
949 2846 958 2862 ι

221 2871 276 2909 (56)
292 2873 418 2908 Βαθμοῖς
427 2871 610 2907 μετρουμένη
624 2871 671 2898 καὶ
685 2872 860 2909 ὐποόἀσεσι.
877 2881 885 2896 ι
898 2871 962 2897 Gra-

185 2910 267 2938 duum
283 2910 450 2944 superiorum
463 2908 654 2936 etiul’eriorum
667 2914 798 2934 mcusurze
809 2908 935 2934 obnoxxa.
948 2915 957 2931 ι

1047 1223 1130 1251 XVII.
1146 1222 1209 1250 Haec
1222 1230 1284 1250 cum
1299 1228 1411 1257 magnus
1442 1220 1486 1248 ille
1513 1220 1593 1247 homo
1608 1219 1664 1250 Dei,
1680 1225 1796 1251 vereque

1013 1267 1175 1303 Theologus,
1190 1274 1222 1294 ac
1239 1267 1272 1294 de
1288 1266 1332 1294 his
1348 1266 1428 1294 rebus
1442 1272 1495 1292 una
1513 1272 1573 1291 cum
1586 1263 1690 1298 Spiritu
1701 1267 1797 1290 sancto

1012 1315 1140 1342 incitatus
1158 1318 1185 1341 et
1206 1313 1336 1348 agitatus,
1358 1319 1450 1340 secum
1474 1315 1622 1345 reputaret,
1641 1309 1705 1343 quid
1723 1307 1795 1335 aliud

1013 1360 1158 1388 dicendum
1172 1364 1226 1392 est,
1236 1366 1316 1393 quam
1343 1358 1414 1393 quod
1430 1357 1481 1385 hoc
1492 1357 1622 1388 etl'ecerit,
1635 1361 1664 1383 ut
1675 1363 1742 1383 nova
1751 1355 1796 1382 .Ie-

1012 1405 1141 1437 rusalem,
1156 1411 1187 1432 ac
1213 1404 1332 1431 secunda
1350 1402 1472 1437 quadam
1489 1409 1552 1428 arca
1568 1401 1648 1428 undis
1663 1400 1795 1430 eminens,

1013 1451 1240 1486 quemadmodum
1271 1450 1316 1476 illa
1340 1449 1429 1484 magni
1451 1449 1524 1475 illius
1545 1447 1611 1479 Noe,
1632 1447 1797 1481 secundique

1012 1497 1092 1530 hujus
1101 1496 1193 1523 mundi
1200 1496 1329 1530 parentis,
1338 1495 1395 1522 hmc
1403 1494 1523 1522 Ecclesia
1533 1501 1596 1521 voca
1602 1498 1675 1520 retur
1685 1495 1798 1528 ;quippe

1013 1550 1072 1577 quae
1089 1542 1152 1569 illud
1174 1542 1326 1568 animarum
1340 1540 1480 1573 diluvium,
1501 1540 1572 1574 quod
1586 1544 1641 1566 tum
1654 1539 1798 1574 grassaba-

1012 1592 1067 1619 tur,
1080 1591 1161 1621 atque
1175 1586 1368 1614 haereticorum
1383 1585 1578 1619 impressiones
1590 1585 1669 1619 plane
1684 1591 1796 1618 supera-

1014 1638 1067 1665 ret,
1081 1637 1268 1667 quantumque
1284 1632 1345 1659 aliis
1359 1638 1472 1658 numero
1492 1631 1573 1666 3&2
1588 1630 1710 1661 cedebat,
1720 1634 1798 1656 tanto

1013 1687 1060 1706 eas
1077 1679 1195 1706 nominis
1215 1678 1377 1704 celebritate
1393 1677 1533 1709 vinceret;
1549 1677 1672 1710 idemque
1686 1676 1736 1710 ipsi
1748 1683 1798 1703 usu

1013 1725 1125 1754 veniret.
1138 1724 1208 1758 quod
1223 1723 1380 1750 Bethleltem
1403 1722 1535 1749 accidisse
1561 1722 1692 1753 videmus,
1715 1729 1796 1756 quam

1014 1770 1086 1797 nulla
1105 1777 1148 1796 res
1162 1768 1311 1804 prohibuit,
1330 1768 1475 1803 quominus
1491 1767 1571 1794 simul
1590 1771 1616 1794 et
1636 1775 1719 1801 parva
1731 1767 1798 1794 civi-

1015 1822 1055 1844 tas
1076 1820 1158 1847 esset,
1181 1819 1208 1842 et
1229 1815 1311 1842 totius
1341 1819 1420 1841 terrae
1446 1813 1614 1848 metropolis,
1632 1818 1723 1848 utpote
1735 1821 1796 1848 quas

975 1869 997 1897 ο
1013 1861 1125 1893 Christi,
1148 1860 1222 1888 orbis
1238 1861 1387 1887 conditoris
1409 1867 1442 1887 ac
1459 1859 1582 1891 victoris,
1603 1866 1700 1894 parens
1715 1864 1797 1894 atque

1015 1905 1106 1932 nutrix
1115 1904 1270 1931 exstiterit?

1054 1950 1148 1977 XVIII.
1166 1949 1230 1976 Illud
1247 1954 1336 1976 autem
1359 1950 1421 1976 hinc
1441 1950 1594 1984 conjicitur.
1620 1950 1685 1978 Nam
1707 1959 1767 1978 cum
1783 1959 1798 1978 a

1015 1996 1179 2024 ferventiore
1193 1996 1320 2023 Ecclesiae
1336 2000 1413 2031 parte
1437 1997 1471 2024 ob
1498 2004 1556 2024 eam
1579 2004 1687 2024 causam
1702 1998 1800 2033 seditio

1013 2043 1040 2069 in
1056 2049 1106 2069 nos
1124 2042 1242 2069 excitata
1259 2047 1342 2073 esset,
1366 2042 1437 2077 quod
1452 2043 1554 2076 scripto
1576 2043 1704 2077 quodam,
1716 2050 1743 2070 et
1754 2051 1798 2070 ar-

1017 2088 1139 2116 tiﬁciosis
1170 2088 1260 2115 verbis
1281 2088 1495 2122 circumscripti,
1517 2089 1543 2114 in
1560 2096 1669 2122 pravam
1681 2091 1799 2116 societa-

1018 2139 1070 2162 tem
1083 2135 1211 2169 pertracti
1225 2134 1381 2166 fuissemus,
1395 2135 1468 2162 solus
1485 2135 1541 2169 ipse
1553 2135 1663 2162 illtesam
1681 2142 1798 2162 mentem

1018 2179 1182 2214 minimeque
1207 2179 1288 2207 simul
1303 2187 1363 2207 cum
1375 2185 1526 2207 atramento
1542 2179 1667 2208 infectam
1680 2182 1798 2208 animam

1017 2226 1118 2253 habere
1130 2226 1250 2254 creditus
1261 2231 1313 2258 est,
1342 2227 1448 2253 tametsi
1467 2234 1515 2260 per
1537 2228 1620 2254 animi
1641 2227 1799 2263 simplicita-

1018 2275 1071 2297 tem
1086 2271 1213 2304 abreptus
1226 2270 1333 2303 luisset,
1346 2271 1491 2306 dolumque
1502 2271 1537 2298 ob
1559 2272 1642 2299 animi
1657 2273 1799 2300 sincerita-

1017 2322 1070 2344 tem
1084 2317 1118 2343 ab
1133 2317 1205 2344 omni
1224 2316 1284 2344 dolo
1307 2316 1421 2344 alienam
1448 2318 1559 2345 minime
1582 2319 1708 2346 cavisset.
1727 2320 1796 2352 Quin

1016 2365 1098 2391 etiam
1114 2365 1198 2398 solus,
1213 2370 1271 2397 aut,
1281 2369 1311 2391 ut
1321 2365 1421 2392 rectius
1432 2365 1530 2403 dicam,
1543 2366 1655 2399 primus,
1664 2374 1720 2399 eos,
1729 2367 1796 2402 quia

1014 2410 1091 2436 nobis
1102 2411 1136 2437 ob
1149 2410 1257 2445 pietatis
1268 2410 1354 2437 zelum
1367 2409 1541 2444 dissidebant,
1551 2416 1578 2438 et
1589 2412 1681 2443 sibi,et
1693 2414 1797 2440 caneris

1015 2456 1209 2487 reconciliavit,
1222 2460 1372 2491 postremos
1385 2463 1399 2482 a
1412 2457 1489 2484 nobis
1501 2458 1646 2492 sejunctas,
1657 2465 1684 2485 et
1695 2459 1796 2493 primus

981 2554 1003 2581 D
1016 2558 1215 2594 linusubliminri
1237 2559 1318 2594 gradu
1346 2559 1453 2586 Patrem
1475 2559 1643 2587 collocabant
1660 2559 1796 2591 literetici,

1014 2592 1111 2620 Filium
1129 2593 1153 2618 in
1173 2592 1302 2627 inferiori,
1321 2595 1449 2626 Spiritum
1465 2595 1490 2621 in
1507 2596 1611 2621 intimo.

1050 2628 1106 2662 (57)
1129 2628 1159 2654 '0
1171 2628 1264 2663 μέγας
1276 2629 1402 2662 ἐκεῖνος.
1428 2629 1475 2657 Sic
1490 2630 1557 2664 Reg.
1574 2637 1599 2661 τι,
1619 2635 1646 2656 et
1660 2629 1706 2656 0r.
1724 2629 1750 2656 ‘2.
1768 2628 1795 2654 lu

1014 2664 1068 2699 ed.,
1083 2664 1184 2699 ἐκεῖνος
1198 2665 1212 2690 ὁ
1226 2665 1322 2699 μέγας.

1050 2698 1106 2734 (58)
1127 2699 1192 2725 Καί.
1207 2699 1286 2726 Deest
1303 2700 1329 2726 in
1343 2700 1406 2734 Reg.
1420 2707 1446 2731 a,
1461 2705 1488 2725 et
1504 2699 1550 2727 0r.
1567 2700 1594 2726 I.

1050 2733 1105 2769 (59)
1126 2733 1451 2769 ῨΚατεστασ-ιάσθημεν.
1478 2733 1524 2761 Sic
1538 2735 1555 2761 3
1572 2734 1661 2764 Colb.,
1682 2735 1764 2762 Cnisl.
1781 2737 1805 2763 l‘

1015 2772 1042 2794 et
1064 2768 1091 2799 2,
1119 2768 1166 2796 0r.
1185 2769 1211 2800 ί,
1229 2769 1296 2802 Jes.,
1323 2768 1383 2797 etc.’
1398 2771 1523 2797 Μυηαοεο
1548 2770 1574 2796 in
1599 2771 1698 2801 editis,
1728 2780 1797 2798 κατ-

1015 2803 1206 2838 εστιάσθημεν.

1051 2839 1303 2875 (ὕθλΊέλει-ταῖίν
1318 2841 1353 2867 τ’.
1379 2841 1460 2875 Ilrgg.
1478 2850 1502 2871 τι,
1526 2841 1579 2874 bm,
1596 2847 1623 2868 et
1644 2843 1688 2869 0r.
1706 2841 1715 2867 ί
1753 2850 1798 2867 τε-

1014 2873 1134 2900 λευταῖόν
1149 2882 1188 2900 τε.
