2049 3143
219 215 288 243 1007

821 207 849 234 S.
869 204 1033 234 GREGORH
1054 202 1229 231 THEOLOGI

1774 194 1844 222 ίυοε

220 281 355 306 reversos,
373 277 429 300 tum
439 271 473 299 ob
480 271 566 306 ipsius
573 267 824 299 reverentiam,tum
833 266 868 292 ob
877 264 1009 300 dogmatis

1069 261 1233 297 Ἐκκλησιῶν
1244 258 1472 294 κατασϐεσθῆναι,
1481 258 1528 284 καὶ
1539 256 1634 291 στῆναι
1644 255 1693 291 τὴν
1702 253 1846 288 καταιγίδα

222 322 384 358 puritatem,
400 319 436 346 ita
447 323 476 344 ut
489 317 581 352 gravis
602 314 782 342 Ecclesiarum
804 316 949 346 tempestas
957 318 1005 338 ex-

219 370 317 398 stincta
329 367 375 400 sit,
393 374 425 394 ac
438 363 556 400 procella
571 363 597 390 in
609 369 702 390 auram
714 360 834 391 redacta,
851 358 935 392 ipsius
949 364 1010 391 pre-

221 415 299 442 cibus
310 409 573 440 ctadmonitionibus
581 407 679 439 soluta,
698 405 777 433 nobis
790 403 897 431 interim
905 402 938 437 (si
945 401 1008 437 quid

219 458 334 495 juvenili
352 465 426 485 more
437 453 602 491 jactabunde
621 451 695 486 loqui
713 450 754 478 ias
767 449 832 484 est),
852 452 880 476 et
900 447 1009 482 pietatis

221 492 248 533 et
264 511 353 540 opera!
366 503 458 535 sociis,
472 501 516 536 qui
529 507 590 528 eum
606 499 639 525 ad
663 503 743 524 omne
756 495 856 522 bonum
870 492 1010 527 adjutores

222 552 273 586 ipsi
288 556 315 579 et
329 549 443 577 comites
456 553 591 577 essemus,
606 552 638 571 ac
664 543 738 570 velut
753 550 767 568 a
787 542 871 568 latere
886 545 1010 566 currere-

223 584 294 629 mus,
310 595 354 623 hic
369 594 416 621 Dei
431 592 564 621 beneﬁcio
578 589 662 618 multo
678 587 824 615 maximam
843 584 944 613 laboris
953 588 1010 611 stu-

222 642 314 677 diique
351 644 456 674 partem
497 636 674 665 contulimus.
705 632 805 660 Verum
847 637 937 658 sermo
978 629 1012 657 de

1062 310 1102 340 εἰς
1117 307 1215 344 αὕραν,
1223 308 1283 338 ταῖς
1292 306 1397 333 ἐκείνου
1416 304 1543 331 λυθεῖσαν
1562 303 1654 338 εὐχαῖς
1671 311 1701 329 τε
1719 301 1766 328 καὶ
1778 309 1835 336 παρ

1062 353 1208 385 αινὲσεσιν,
1238 353 1265 380 εί
1281 361 1308 379 τι
1330 352 1372 378 δεῖ
1393 350 1442 378 καὶ
1466 348 1673 377 νεανιεύσασθαι
1694 347 1762 383 (61),
1789 346 1838 382 μεθ

1060 400 1140 435 ἡμῶν
1165 399 1301 427 κοινωνῶν
1327 398 1375 425 καὶ
1389 398 1440 432 τῆς
1457 396 1608 427 εὑσεϐείας,
1632 396 1678 422 καὶ
1698 394 1749 428 τῆς
1771 395 1833 429 ὲνερ

1060 445 1154 480 γείας·
1172 445 1197 471 οἳ
1211 445 1279 481 πρὸς
1302 445 1358 471 πᾶν
1376 442 1478 478 ἀγαθὸν
1493 441 1567 477 αὐτῷ
1583 441 1781 476 συναιρόμενοι,
1801 447 1839 465 κα

1061 489 1116 518 οἷον
1125 490 1368 527 παρομαρτοῦντες
1378 490 1425 516 καὶ
1435 488 1628 524 παραθέοντες,
1646 486 1761 513 ἐνταῦθα
1779 485 1840 512 πλεῖ

1063 546 1124 564 στον
1140 537 1222 573 μέρος
1242 537 1457 570 συνεισενεγκεῖν
1482 533 1649 570 ἠξιώθημεν.
1678 532 1748 560 Ἀλλ’
1763 532 1777 558 ό
1802 531 1841 566 μὲ·

1062 583 1128 619 περὶ
1139 582 1242 609 τούτων
1253 582 1342 617 λόγος,
1358 581 1454 617 μικρόν
1465 589 1491 608 τι
1503 578 1713 616 προεκδραμὼν,
1733 577 1841 605 ἔενταῦθιΙ

1066 628 1196 664 μεινάτω.

223 691 266 718 bis
296 689 390 721 rebus,
414 687 540 715 ordinem
572 691 650 712 suum
680 681 803 710 nonnihil
831 685 1014 716 antegressus,
1031 678 1083 706 hoc
1098 677 1354 712 locoeonquiescat.

258 747 329 776 XlX.
347 746 414 780 Quis
426 750 515 772 autem
529 749 570 771 tot
588 743 661 771 illius
686 743 810 773 virtutes.
837 744 885 767 aut
898 745 1011 767 enume-

226 795 310 822 rando
328 796 478 825 recenseat,
495 794 541 818 aut
553 790 636 817 multa
661 788 801 824 praeterire
814 784 1008 821 cupiens,quid

226 839 444 878 praetereundum
460 838 508 869 sit,
530 836 610 864 facile
633 835 752 870 reperire
781 830 1010 868 queat?Semper

1097 738 1148 765 19'.
1166 738 1214 770 Τίς
1238 738 1261 764 δ’
1277 737 1311 764 ἂν
1334 736 1388 763 τῶν
1413 736 1520 763 ἐκείνου
1542 734 1634 762 καλῶν
1653 734 1670 770 ἢ
1693 733 1724 761 τὺ
1750 732 1844 769 πλῆθος

1061 783 1285 820 ἐξαριθμήσαιτο,
1298 782 1315 817 ἢ
1333 782 1367 809 τὰ
1386 781 1470 808 πλείω
1487 781 1676 817 παραδραμεῖν
1693 780 1801 812 ἐθέλων,
1815 779 1845 815 μὶ

1061 829 1188 865 χαλεπῶς
1205 829 1280 865 εὖροι
1298 828 1329 854 τὸ
1352 827 1486 863 παρετέον
1498 826 1570 861 (62);
1597 826 1654 853 ’Δεὶ
1679 825 1733 860 γὰρ
1757 825 1788 852 τὸ
1803 825 1846 860 τὴ·

226 869 299 914 enim
314 883 446 921 quidquid
461 883 582 911 animum
601 869 685 913 subit.
710 879 884 916 praestantius
896 878 939 910 iis,
954 883 1014 912 quae

1069 875 1184 903 διάνοιαν
1203 874 1332 906 ἑπεισιὸν,
1358 874 1482 909 κρεῖττον
1503 872 1556 899 τῶν
1573 871 1776 908 προειληφότων
1792 869 1841 905 (pa!

228 934 441 969 praecesserunt,
459 937 518 958 esse
532 929 658 956 videtur:
675 927 757 962 idque
779 925 945 960 amplector:
958 931 1015 950 ma-

229 968 323 1013 gisque
336 978 402 1012 ipse,
421 975 485 1011 quid
507 975 572 1002 mihi
598 973 776 1001 omittendum
799 972 844 1004 sit,
864 977 945 1006 quam
969 968 1014 996 alii

230 1025 393 1055 laudatores,
409 1021 473 1057 quid
488 1021 577 1048 dicere
593 1020 722 1051 debeant,
744 1017 881 1044 addubito.
908 1015 946 1042 Ita
975 1014 1014 1047 tit,

230 1075 261 1097 ut
274 1069 340 1096 mihi
353 1068 429 1103 copia
446 1065 646 1102 quodammodo
670 1065 696 1091 in
718 1063 910 1091 detrimentum
925 1062 1014 1093 cedat,

229 1121 362 1150 mensque
376 1114 433 1148 ipsa
447 1112 613 1147 exploretur.
633 1111 695 1138 dum
720 1109 792 1136 illius
806 1108 898 1135 laudes
919 1106 1015 1142 explo-

232 1168 293 1188 rare
306 1159 472 1195 aggreditur,
493 1164 544 1185 nec
563 1157 633 1183 inter
648 1154 761 1190 aequalia
784 1153 957 1189 prmstantius
976 1152 1016 1178 ni-

233 1206 271 1234 hil
291 1205 412 1233 invenire
424 1207 522 1238 potest.
543 1201 610 1230 Nam
624 1201 696 1236 quod
718 1201 743 1228 in
764 1198 917 1234 tranquillis
937 1197 1016 1224 undis

231 1251 341 1278 evenire
356 1249 505 1280 cernimus,
534 1253 565 1274 ut
591 1254 652 1274 cum
678 1245 792 1280 injectus
812 1245 881 1279 lapis
894 1247 1017 1271 centrum

231 1296 366 1328 ell‘ecerit,
383 1295 451 1322 alius
464 1301 546 1329 super
558 1293 639 1320 alium
663 1291 780 1319 circulus
799 1290 942 1323 excitetur,
951 1296 1017 1316 con-

234 1344 407 1377 tinenterque
419 1341 445 1368 in
461 1339 631 1375 superﬁciem
648 1339 764 1373 agitatus
773 1341 915 1364 externum
931 1335 1019 1362 circu-

232 1389 287 1416 lum
302 1395 409 1422 semper
423 1385 564 1417 dissolvat,
578 1384 603 1411 id
616 1384 681 1411 mihi
702 1383 780 1418 plane
794 1382 838 1409 hic
851 1388 961 1416 quoque
974 1387 1020 1407 ac-

233 1435 310 1462 cidit.
327 1433 406 1461 Aliud
426 1432 535 1459 enimin
548 1434 666 1458 mentem
690 1428 777 1461 venit,
801 1427 873 1455 aliud
889 1433 1020 1461 superve-

234 1480 285 1510 nit.
302 1479 374 1505 aliud
390 1484 448 1504 sese
461 1476 608 1508 subduxit;
625 1479 707 1509 atque
732 1473 760 1500 in
783 1473 887 1500 delectu
916 1471 1018 1505 laboro,

233 1525 314 1561 343
327 1524 388 1551 dum
400 1523 438 1555 id,
455 1523 525 1557 quod
542 1521 618 1556 prius
633 1519 871 1555 arripui.ei,quod
887 1523 978 1553 postea
993 1517 1020 1544 in

234 1572 356 1598 animum
373 1567 471 1601 inﬂuit,
489 1567 548 1594 loco
562 1566 644 1594 cedit.

270 1615 330 1644 XX.
359 1615 426 1649 Quis
452 1614 524 1642 enim
552 1613 598 1640 illo
613 1613 639 1640 in
658 1610 773 1647 publicis
788 1609 903 1645 negotiis
917 1608 1020 1637 studio-

236 1663 315 1691 sior?
330 1662 398 1696 Quis
413 1661 439 1688 in
461 1660 542 1687 rebus
556 1657 716 1686 domesticis
729 1655 1023 1690 sapientiur,quando-

236 1709 345 1744 quidem
361 1707 424 1742 ipsi,
438 1710 466 1733 et
478 1705 598 1735 domum,
617 1708 644 1730 et
656 1710 719 1737 opes
730 1701 798 1729 satis
811 1700 926 1735 amplas,
939 1700 1021 1732 Deus.

238 1755 283 1788 qui
302 1752 393 1780 omnia
406 1755 479 1779 recte
492 1757 524 1777 ac
537 1749 612 1776 varie
628 1747 811 1780 administrat,
835 1746 946 1782 largitus
962 1744 1023 1773 est?

238 1800 305 1832 Ouis
320 1798 495 1834 pauperibus,
512 1797 564 1824 hoc
583 1799 636 1826 est,
658 1793 853 1829 abjectissimae
876 1791 945 1827 parti
974 1798 1025 1818 na-

239 1851 317 1879 tur-re,
332 1844 374 1872 cui
391 1844 462 1871 idem
477 1843 589 1870 debetur
600 1841 696 1873 honor,
710 1839 753 1866 vel
767 1839 857 1866 animo
873 1837 1023 1865 condolen-

240 1893 304 1926 tior,
319 1890 360 1917 vel
375 1896 455 1917 manu
478 1887 579 1923 largior
606 1892 633 1914 et
652 1885 787 1921 profusior
801 1884 814 1911 ?
837 1882 904 1911 Nam
931 1877 1025 1911 revera

240 1942 368 1970 tanquam
382 1934 533 1961 alienorum
549 1931 682 1959 bonorum
699 1933 873 1965 procurator,
900 1928 934 1956 de
947 1927 1026 1955 bonis

240 1982 298 2010 suis
313 1979 470 2016 cogitabat,
489 1984 637 2013 pauperum
662 1976 782 2010 inopiam
804 1981 885 2009 quam
908 1973 1026 2000 maxime

241 2031 359 2063 poterat.
377 2025 534 2056 sublevans,
550 2030 599 2051 nec
611 2021 746 2057 superﬂua
766 2021 907 2053 duntaxat,
920 2019 968 2047 sed
980 2027 1027 2047 ne-

241 2072 358 2102 cessaria
371 2078 477 2106 quoque
489 2071 515 2097 in
525 2077 584 2097 eam
594 2075 650 2095 rem
662 2068 811 2098 insumens.
828 2066 902 2101 quod
915 2065 1024 2100 quidem

242 2118 384 2147 charitatis
415 2124 479 2152 erga
512 2122 645 2151 pauperes
664 2113 864 2147 apertissimum
884 2118 1028 2146 argumen-

243 2170 299 2193 tum
314 2169 366 2197 est,
389 2168 547 2198 partemque
568 2160 646 2192 dans,
670 2166 724 2186 non
751 2162 854 2193 septem
885 2157 1028 2188 duntaxat,

1064 930 1154 949 νεται·
1173 922 1220 947 καὶ
1235 920 1305 956 μετὰ
1319 919 1414 947 τούτου
1427 919 1482 955 (65)
1497 918 1607 953 γίνομαι
1618 927 1624 934 ·
1639 918 1685 944 καὶ
1697 917 1787 943 πλεῖον
1798 916 1846 952 (64‘

1065 967 1127 1002 ἐμοὶ
1136 967 1183 993 τοῦ
1199 966 1225 994 τί
1237 967 1290 1002 χρὴ
1305 966 1481 1002 παραλιπεῖν,
1498 965 1513 1001 ἢ
1527 966 1584 996 τοῖς
1599 964 1689 995 ἄλλοις
1700 963 1847 990 ὲπαινέταιυ

1065 1013 1112 1040 τοῦ
1129 1014 1156 1040 τί
1171 1014 1222 1050 χρὴ
1246 1013 1336 1047 λέγειν
1358 1013 1375 1047 ἡ
1401 1011 1503 1047 ἀπορία
1516 1011 1570 1046 (65)
1581 1020 1588 1027 ·
1604 1010 1674 1037 ὥστε
1696 1019 1740 1046 μοι
1754 1009 1847 1046 τρόποί

1065 1059 1126 1086 τινὰ
1138 1059 1239 1094 ζημίαν
1250 1058 1373 1093 γίνεσθαι
1387 1057 1436 1093 τὴν
1459 1056 1627 1092 περιουσίαν,
1651 1055 1698 1082 καὶ
1712 1054 1841 1090 δοκιμάζε

1067 1105 1185 1141 σθαιτὴν
1192 1105 1321 1137 διάνοιαν,
1329 1103 1362 1130 τὰ
1373 1103 1477 1130 ἐκείνου
1489 1101 1645 1137 δοκιμάζειν
1654 1099 1845 1136 ὲπιχειροῦσαν

1067 1153 1115 1179 καὶ
1129 1153 1179 1179 οὐκ
1193 1152 1308 1188 ἔχουσαν
1318 1151 1350 1177 τὺ
1359 1149 1451 1177 νικοῦν
1464 1150 1553 1186 εὑρεῖν
1566 1150 1622 1181 τοῖς
1638 1148 1778 1183 ὁμοτίμοις
1789 1146 1844 1182 (66)

1068 1198 1156 1234 Ὅπερ
1166 1198 1221 1233 γὰρ
1234 1197 1343 1224 ἐπὶτῶν
1359 1195 1497 1233 σταθερῶν
1506 1196 1608 1222 ὑδάτων
1619 1194 1726 1230 ὁρῶμεν
1741 1192 1844 1228 συμεαῖ

1067 1253 1123 1277 νον,
1142 1245 1206 1271 ὅταν
1227 1244 1314 1278 ψηφὶς
1336 1242 1496 1279 ἐμπεσοῦσα
1511 1241 1624 1277 κέντρον
1641 1240 1764 1275 γένηται,
1780 1238 1853 1266 ἀλλος

1068 1291 1112 1316 ἐπ’
1124 1290 1196 1324 ἄλλῳ
1213 1289 1311 1320 κύκλος
1335 1288 1510 1324 ἐγειρόμενος
1528 1286 1575 1313 καὶ
1595 1285 1715 1321 συνεχῶς
1732 1283 1846 1319 ὲπιφρίσ

1070 1345 1125 1365 σων
1144 1331 1188 1363 (is)
1204 1335 1262 1363 λύει
1289 1335 1335 1362 τὸν
1351 1334 1467 1368 ἔξωθεν·
1480 1333 1559 1360 τοῦτο
1575 1332 1622 1360 καὶ
1636 1332 1711 1367 αὐτῷ
1727 1341 1772 1368 μοι
1789 1340 1846 1367 συμ

1071 1380 1186 1416 ὃέῦηκεν
1199 1379 1339 1416 ἄντικρυς.
1348 1379 1384 1406 Τὸ
1400 1378 1449 1415 μὲν
1459 1379 1505 1405 ἐπὶ
1518 1377 1579 1404 νοῦν
1594 1376 1670 1414 ἦλθε,
1680 1377 1710 1404 τὸ
1723 1377 1752 1404 δὲ
1767 1378 1845 1404 ὲπεισ

1070 1425 1146 1461 ἦλθε,
1172 1426 1204 1453 τὸ
1218 1426 1246 1452 δὲ
1265 1424 1444 1460 ὑπεχώρησεν
1453 1433 1461 1440 ·
1479 1424 1526 1451 καὶ
1538 1423 1635 1459 κάμνω
1647 1423 1710 1459 περὶ
1721 1423 1770 1458 τὴν
1784 1423 1845 1458 αἶρε

1072 1480 1125 1504 σιν,
1140 1472 1184 1499 ἀεὶ
1195 1471 1242 1499 τοῦ
1258 1471 1512 1508 προκαταλαϐόντος
1519 1470 1575 1506 (67)
1592 1469 1808 1504 ὑπεξισταμένου
1821 1468 1858 1504 τιῖ

1072 1517 1253 1553 ὲπεισρέοντι.

1106 1607 1150 1634 ις’.
1163 1606 1213 1638 Τίς
1228 1606 1277 1642 μὲν
1291 1605 1346 1642 γάρ
1359 1605 1464 1632 ἐκείνου
1481 1605 1546 1641 περὶ
1565 1604 1600 1631 τὰ
1618 1603 1697 1630 κοινὰ
1716 1602 1860 1630 σπουδαιό-

1072 1662 1150 1688 τερος
1161 1661 1169 1686 ;
1185 1653 1227 1684 τίς
1237 1653 1265 1679 δὲ
1275 1652 1309 1679 τὰ
1318 1653 1386 1679 οἴκοι
1400 1651 1616 1687 φιλοσοφώτερος
1628 1650 1694 1686 (68),
1710 1650 1804 1685 ἐπειδὴ
1815 1650 1862 1676 καὶ

1072 1697 1146 1726 οἷκον
1157 1698 1285 1735 ἐμέρισεν
1297 1698 1371 1733 αὐτῷ
1380 1719 1387 1730 ,
1397 1698 1444 1724 καὶ
1454 1697 1550 1733 κτῆσιν
1569 1696 1724 1732 σύμμετρον
1733 1716 1740 1727 ,
1750 1697 1764 1723 ό
1776 1696 1863 1723 πάντα

1072 1744 1164 1776 καλῶς
1175 1745 1221 1771 καὶ
1230 1744 1359 1775 ποικίλως
1365 1743 1516 1779 οἰκονομῶν
1524 1743 1589 1775 Θεός
1599 1751 1605 1775 ;
1613 1742 1661 1774 Τίς
1673 1742 1701 1768 δὲ
1710 1742 1818 1778 πένησι,
1825 1741 1864 1776 τῷ

1073 1790 1236 1826 ἀτιμωτάτῳ
1251 1790 1328 1826 μέρει
1343 1791 1394 1825 τῆς
1409 1789 1539 1825 ὁμοτίμου
1555 1788 1691 1823 φύσεως,ἢ
1708 1787 1757 1823 τὴν
1775 1786 1865 1823 ψυχὴν

1073 1845 1106 1863 συ
1110 1836 1247 1872 μπαθέστε
1252 1844 1307 1872 ρος,
1314 1835 1330 1871 ἦ
1340 1836 1389 1872 τὴν
1398 1837 1476 1871 χεῖρα
1482 1834 1576 1869 suum
1580 1843 1625 1861 στε
1629 1843 1675 1871 ρος
1684 1843 1692 1868 ;
1703 1834 1741 1870 τῷ
1747 1834 1803 1860 ὄντι
1811 1833 1866 1869 γὰρ

1073 1882 1111 1914 ὡς
1118 1882 1259 1917 οἰκονόμος
1269 1882 1417 1917 ἀλλοτρίων
1429 1882 1555 1909 διενοεῖτο
1563 1890 1597 1908 πε
1602 1882 1628 1916 ρὶ
1645 1881 1698 1908 τῶν
1712 1881 1795 1914 ἰδίων,
1806 1881 1867 1907 ἑπι-

1074 1928 1211 1964 κουφίζων
1221 1928 1270 1963 τὴν
1279 1928 1374 1954 πενίαν
1381 1929 1421 1960 εἰς
1433 1927 1559 1964 δύναμιν,
1568 1928 1615 1954 καὶ
1622 1926 1826 1962 δαπανώμενος.
1834 1927 1867 1953 οὐ

1074 1975 1130 2006 τοῖς
1149 1975 1285 2009 περιττοῖς
1308 1975 1397 2009 μόνον,
1415 1974 1483 2002 ἀλλὰ
1505 1973 1536 2010 δὴ
1553 1974 1600 2001 κα).
1621 1975 1677 2006 τοῖς
1696 1973 1867 2008 ἀναγκαίοις.

1074 2021 1146 2057 ἥπερ
1164 2020 1196 2056 δὴ
1214 2021 1370 2056 σαφεστάτη
1389 2021 1575 2056 φιλοπτωχίας
1598 2020 1745 2053 ἀπόδειξις,
1763 2021 1811 2047 καὶ
1828 2020 1869 2047 δι-

1075 2067 1137 2098 δοὺς
1152 2067 1260 2103 μερίδα,
1284 2067 1315 2094 οὐ
1336 2069 1393 2100 τοῖς
1410 2067 1480 2095 ἑπτὰ
1496 2068 1586 2104 μόνον,
1602 2067 1673 2094 κατὰ
1692 2067 1741 2103 τὴν
1757 2067 1803 2094 τοῦ
1819 2067 1870 2093 Σο-

1076 2112 1214 2149 λομῶντος
1230 2113 1402 2148 νομοθεσίαν,
1422 2114 1479 2140 ἀλλ’
1493 2114 1518 2141 εί
1536 2113 1680 2149 προσέλθοι
1699 2113 1745 2140 καὶ
1763 2112 1867 2147 ὄγδοος,

1078 2157 1146 2194 μηδὲ
1165 2158 1280 2185 ἐνταῦθα
1299 2159 1553 2196 μικρολογούμενος,
1574 2159 1630 2185 ἀλλ’
1648 2159 1724 2194 ἥδιον
1742 2157 1868 2185 ἀποκτὼ-

242 2213 316 2239 velut
334 2209 486 2238 Salomonis
503 2208 546 2235 lex
563 2206 714 2242 pnescribit
727 2205 763 2238 ⁸⁷,
782 2211 874 2231 verum
885 2203 1018 2230 sioctavu:

1080 2211 1170 2239 μενος,
1193 2204 1209 2239 ἢ
1237 2205 1392 2240 κτωμένους
1419 2205 1515 2237 ἄλλους
1540 2205 1723 2240 γινώσκομεν·
1747 2203 1867 2239 ἀναιρῶν

243 2258 324 2286 ctiam
334 2257 484 2288 accederet,
501 2261 536 2281 ne
558 2253 604 2281 hic
628 2258 717 2280 tamen
733 2250 852 2278 restricti
875 2256 908 2276 ac
925 2248 1015 2276 sordid

1082 2248 1229 2284 σύνδεσμον
1247 2250 1294 2276 καὶ
1317 2250 1482 2285 χειροτονίαν
1504 2251 1583 2285 (ὅπερ
1603 2250 1665 2285 ὲμο).
1689 2249 1799 2276 δύναται
1822 2256 1868 2283 μι-

245 2303 327 2332 animi
347 2303 413 2330 vitio
424 2300 561 2332 laborans,
575 2299 622 2327 sed
644 2297 771 2324 libentius
786 2303 833 2323 sua
849 2294 1015 2329 profundens

1080 2293 1223 2330 κρολογίαν
1237 2295 1283 2322 καὶ
1301 2295 1463 2330 δοκιμασίαν
1484 2295 1532 2321 τοῦ
1557 2294 1710 2330 ληψομένου
1721 2314 1728 2326 ,
1745 2294 1819 2325 ὅστις
1838 2301 1869 2319 τε

244 2355 324 2383 quam
336 2346 380 2373 alii
394 2345 556 2380 acquirant:
582 2341 722 2370 vinculum
745 2345 772 2368 et
793 2340 953 2368 electionem
978 2339 1018 2367 toll

1076 2340 1164 2374 ἄξιος,
1171 2341 1219 2368 καὶ
1225 2342 1297 2374 ὅστις
1307 2341 1338 2368 οὔ
1346 2341 1436 2378 (68⁸)),
1446 2341 1492 2368 καὶ
1502 2342 1575 2377 ῥῆμα
1581 2340 1738 2376 γογγυσμοῦ
1747 2340 1871 2375 μετὰτῆς

244 2393 332 2422 lens"
343 2393 407 2428 (hoc
439 2395 490 2424 est,
518 2395 548 2417 ut
575 2389 682 2424 quidem
706 2388 880 2423 interpretor,
896 2386 1018 2413 tenacita-

1080 2386 1238 2419 ἐπιδόσεως.
1255 2387 1343 2423 Ὅπερ
1356 2388 1507 2423 πάσχουσιν
1522 2389 1546 2413 οἱ
1560 2387 1661 2419 πολλοὶ,
1676 2386 1792 2417 διδόντες
1808 2385 1868 2421 μὲν,

245 2445 310 2472 tem,
337 2442 365 2466 et
392 2436 604 2473 explorationem
628 2434 697 2468 eius,
729 2433 774 2468 qui
804 2437 965 2466 accepturus
976 2436 1017 2458 est

1080 2432 1112 2458 τὸ
1133 2432 1161 2459 δὲ
1186 2433 1334 2468 προθύμως
1357 2433 1387 2459 οὐ
1409 2433 1617 2469 προστιθέντες·
1639 2433 1653 2459 ὃ
1674 2431 1720 2459 τοῦ
1740 2432 1871 2468 παρέχειν

245 2485 316 2513 sitne
339 2484 464 2512 videlicet
481 2482 588 2518 dignus,
618 2480 725 2515 necne),
756 2486 788 2506 ac
807 2478 953 2505 murmuris
968 2485 1018 2505 ver-

1084 2479 1177 2515 μείζὸν
1191 2480 1250 2506 ἐστι
1265 2480 1312 2506 καὶ
1324 2478 1498 2516 τελεώτερον.
1513 2479 1607 2514 Πολλῷ
1624 2479 1679 2515 γὰρ
1698 2478 1801 2514 βέλτιον
1815 2477 1871 2514 (69)

281 2544 303 2561 ³⁷
317 2543 406 2572 Eccle.
418 2550 445 2570 XI
455 2562 463 2575 ,
487 2541 515 2568 2.
554 2540 576 2556 “
587 2538 639 2567 lsa.
655 2545 731 2571 Lvtn,
745 2536 772 2564 9.

283 2612 338 2648 (6i)
358 2607 663 2648 Νεανιερσαιζᾷαιλοιο.
682 2607 708 2648 _l,
723 2603 922 2648 νεανιεύεσθαι.

283 2637 339 2684 (es;
358 2637 579 2684 Πᾷρετέονίβὶσ
598 2643 664 2677 Reg.
682 2637 737 2674 bin,
756 2647 810 2668 tres
824 2640 915 2668 Colb..
931 2637 978 2666 0r.
1003 2638 1030 2671 ι,

248 2679 303 2710 Jes.
320 2679 347 2709 In
365 2679 419 2713 edi,
435 2679 566 2715 παρεθὲν.

361 2708 441 2743 Maia
455 2708 573 2742 τούτου.
593 2713 676 2749 Regg.
702 2720 728 2746 a,
744 2711 805 2743 bm,
820 2715 848 2738 et
863 2709 910 2737 0r.
929 2709 956 2743 1,
974 2708 1032 2744 μετ’

249 2761 341 2780 αυτου.

285 2787 341 2823 (64)
363 2785 483 2823 Πλεῖον.
494 2784 564 2823 _Tre_s
578 2784 710 2823 Colb.,_ct
726 2781 854 2823 mentae...
867 2779 979 2823 πλείων.

286 2815 342 2856 (65)
366 2821 530 2856 Ὴσάπορία.
543 2820 619 2856 Βοεζ
627 2826 654 2850 a,
668 2816 819 2856 ἀπειρία-..4
836 2815 982 2856 ίιιιιιεξι-ίιὶιιἶ
1002 2823 1011 2840 ι

286 2849 341 2892 (66)
362 2856 401 2882 Τὸ
419 2849 526 2892 νικριῖν
535 2849 708 2892 ελὺρὲῐητοῖς
718 2849 876 2892 ὁμοτίμοις.
891 2849 958 2892 Reg.
976 2850 1032 2892 lim,

253 2885 342 2919 et‘Or'.
357 2891 384 2922 ί,
405 2891 435 2916 τὸ
450 2890 531 2916 νικῶν
548 2885 651 2925 [liene].
667 2885 818 2925 ldeni‘ﬂe‘g.
847 2885 909 2925 bur,
926 2889 953 2911 et
969 2889 1030 2925 tres

254 2918 341 2960 Colb.,
352 2918 383 2953 ὲν
396 2927 452 2956 τοῖς
465 2918 616 2960 ὁμοτίμοις,
631 2918 766 2959 [optime].
785 2918 862 2953 Quod
880 2920 919 2947 sic
931 2918 1032 2954 optime

1087 2601 1282 2635 interpretatur
1301 2601 1375 2629 Elias
1395 2611 1403 2629 :
1423 2611 1432 2628 ι
1452 2609 1502 2629 nec
1517 2601 1581 2636 quid
1610 2605 1721 2636 praestet
1747 2600 1871 2628 invenire

1086 2642 1179 2670 queat,
1197 2644 1257 2663 cum
1273 2639 1363 2664 Omnia
1377 2637 1432 2664 sint
1451 2638 1574 2672 aequalia.
1596 2646 1606 2663 ι

1083 2671 1487 2733 66(ἐξ).Προκατοινῑιιϐύνιτος.
1507 2672 1574 2707 Reg.
1599 2679 1626 2704 a,
1645 2671 1692 2698 Or.
1721 2671 1746 2703 Ι,
1772 2671 1877 2706 προλα-

1116 2716 1186 2738 ντος.

1198 2741 1452 2782 φιλοσοφώτεροςῖ
1471 2751 1480 2767 ‹
1494 2741 1702 2782 {Equijustiqne
1714 2740 1873 2782 tenacior_.'»

1120 2778 1286 2818 (68‘_)_V'erba
1302 2776 1328 2804 in
1346 2776 1504 2818 parenthesi
1515 2776 1635 2818 inclusa,
1651 2777 1779 2816 Scholion
1797 2776 1876 2802 nobis

1084 2819 1143 2852 esse
1156 2814 1291 2852 videntur,
1309 2814 1380 2847 quod
1401 2821 1416 2841 e
1437 2813 1559 2847 margine
1575 2813 1636 2839 cod.
1655 2819 1705 2840 ms.
1726 2813 1752 2838 in
1771 2817 1873 2838 textum

1085 2849 1234 2882 irrepserit.
1263 2849 1343 2875 Εοιτ.

1120 2881 1176 2920 (69)
1195 2882 1303 2916 Πολλῷ
1317 2883 1374 2917 τὰο
1385 2883 1521 2916 βέλτιον.
1540 2881 1669 2910 Praeclara
1693 2882 1750 2909 haec
1765 2884 1874 2908 ιον-Ἓλ-
