2049 3143
195 163 265 190 1009

656 171 786 200 ORATIO
804 172 897 202 XVI".
916 191 950 196 —
968 175 1140 206 FUNEBRIS
1159 178 1193 206 ΙΝ
1211 179 1360 208 PATREM.

1746 185 1814 213 1010

188 220 256 277 εἶναι
272 223 317 277 διά
337 226 400 257 τοὺς
422 227 514 260 ἀξίους
533 229 641 265 ὄρη-ιν
665 232 713 258 καὶ
735 235 792 265 τοῖς
812 234 942 268 ἀναξίοις,
963 237 969 262 i

1032 237 1094 265 bum
1109 246 1170 266 cum
1186 239 1338 275 largitione.
1356 239 1383 268 id
1408 240 1530 276 profecto
1550 240 1686 277 plerisque
1703 242 1812 275 accidit.

188 269 252 300 τοὺς
266 269 356 302 ἀξίους
370 272 532 309 ἀποστερεῖν
547 275 602 302 δέει
620 276 675 303 τῶν
690 277 817 311 ἀναξίων.
835 280 891 307 Καὶ
904 269 981 308 τοῦτο

176 311 257 341 ἐῖναι
274 316 408 351 φαίνεται,
425 319 457 345 τὸ
472 319 569 355 χρῆναι
585 322 705 357 πέμπειν
719 323 765 351 τὸν
784 325 865 361 ἄρτον
883 326 980 353 ἑαυτοῦ

189 361 235 388 καὶ
247 362 307 388 καθ’
324 362 430 396 ὕδατος,
444 365 482 396 ὡς
498 366 528 392 οὐ
551 370 822 405 παρασυρησὸμενον,
840 371 900 398 οὐδὲ
914 373 980 400 ἀπο-

189 405 318 442 λούμενον
339 409 379 444 τῷ
399 409 495 446 δικαίῳ
514 412 616 440 τούτων
638 414 767 452 ὲξεταστῇ
781 416 848 451 (το),
864 418 920 444 ἀλλ’
935 419 978 446 ἐν·

188 450 275 478 ταῦθα
288 454 501 489 καταντήσοντα,
514 454 544 483 οὗ
564 457 653 484 πάντα
666 459 788 487 κείσεται
799 462 833 488 τὰ
845 462 976 499 ἡμέτερα,

188 496 235 521 καὶ
249 496 450 533 ἀπαντήσονται
464 500 519 536 (71)
533 503 562 528 ὲν
574 503 672 539 καιρῷ,
687 504 739 532 κᾶν
751 506 832 542 ἡμεῖς
897 496 977 536 τουτο

188 541 353 577 νομίζωμεν.

1031 283 1075 318 qui
1093 283 1214 312 tribuunt
1230 286 1350 319 quidem,
1371 293 1465 313 verum
1488 287 1541 313 hoc
1556 293 1609 314 non
1630 287 1769 322 adjiciunt,
1784 294 1813 314 ut

1030 335 1152 364 prompte
1164 338 1196 357 ac
1221 331 1338 358 libenter
1351 331 1484 365 tribuant,
1500 333 1571 367 quod
1591 337 1664 360 certe
1683 332 1770 367 majus
1786 339 1813 361 et

1029 376 1175 410 perfectius
1195 382 1247 410 est,
1263 384 1344 411 quam
1373 379 1502 412 praebere.
1523 377 1607 405 Multo
1632 377 1706 404 enim
1728 378 1812 405 satius

1030 425 1071 446 est
1084 420 1118 447 ob
1133 426 1190 452 eos,
1204 421 1247 455 qui
1264 421 1337 454 digni
1353 425 1426 455 sunt,
1444 422 1559 456 indignis
1574 430 1682 457 quoque
1698 422 1804 458 largiri.

1029 471 1121 499 quam,
1139 465 1204 492 dum
1220 468 1367 494 metuimus
1384 475 1418 494 ne
1432 468 1466 494 de
1481 467 1600 502 indignis
1619 468 1687 495 bene
1704 476 1810 495 nterea-

1028 517 1101 542 ntur,
1111 511 1207 545 dignos
1221 512 1304 540 etiam
1319 513 1450 540 beneiicio
1468 512 1641 540 defraudare.
1661 513 1748 548 Atque
1759 514 1811 541 huc

1029 558 1164 590 pertinere
1177 557 1292 590 videtur.
1323 559 1394 593 quod
1412 559 1450 585 ait
1478 557 1618 594 Scriptura
1631 579 1639 592 ,
1663 567 1759 594 panem
1778 559 1805 587 in

188 593 286 621 aquam
305 595 413 624 quoque
430 590 590 621 mittendum
615 602 676 623 esse
700 596 738 629 ";
756 604 810 624 non
823 601 852 624 ut
876 597 1054 631 distrahatur.
1082 605 1129 627 aut
1152 606 1244 636 pereat
1270 590 1340 637 apud
1367 602 1468 638 justum
1499 590 1595 631 harum
1620 590 1711 632 rer-um
1737 605 1811 632 aesti-

188 640 331 670 matorem,
351 639 398 665 sed
416 646 449 666 eo
465 644 616 674 perveniat,
639 640 684 668 ubi
701 642 791 670 omnia
821 647 915 671 nostra
937 643 1152 679 collocabuntur,
1184 651 1266 681 atque
1291 648 1318 675 in
1335 653 1456 682 tempore
1480 655 1645 683 occurrent,
1674 655 1810 686 utcunque

187 680 269 708 aliter
283 683 480 712 existimemus.

221 748 287 776 ΚΜ.
304 748 341 776 Τὸ
355 749 382 776 δὲ
398 750 542 778 κάλλιστόν
555 761 586 778 τε
601 752 648 779 καὶ
665 752 802 788 μέγιστον,
819 754 860 780 ὅτι
877 753 917 789 τῷ
931 762 981 789 με-

186 793 333 830 γαλοψύχῳ
354 796 460 831 προσῆν
479 797 527 823 καὶ
549 797 580 824 τὸ
598 798 767 833 ἀφιλότιμον,
787 798 869 825 Ὅσον
885 798 913 825 δὲ
931 799 979 825 καὶ

187 837 252 872 οἷον,
271 840 398 876 δηλώσων
410 841 525 878 ἔρχομαι
535 851 542 858 ·
562 843 602 870 Τὰ
620 844 668 879 μὲν
683 844 737 878 γὰρ
750 844 877 879 χρήματα
889 845 977 877 κοινὰ,

1066 753 1138 781 X-Xl.
1157 753 1233 787 Quod
1255 759 1344 783 autem
1377 757 1525 784 maximum
1548 762 1576 786 et
1599 758 1810 793 pulcherrimum

1029 803 1080 832 est,
1098 799 1132 825 ad
1151 799 1233 826 anitni
1263 800 1474 835 magnitudinem
1503 802 1595 836 gloria:
1620 811 1727 839 quoque
1743 812 1810 833 con-

1031 849 1161 879 temptum
1189 845 1363 881 adjungebat.
1392 846 1515 880 Quantus
1550 853 1642 876 autem
1667 854 1695 877 et
1721 851 1810 885 qualis

186 886 264 922 καὶὴ
282 887 421 923 προθυμία
437 888 483 915 τοῦ
501 889 641 924 παρέχειν,
661 889 734 925 αὑτῷ
750 898 779 916 τε
794 891 841 917 καὶ
859 892 891 926 τῇ
910 892 969 926 ὁμο·

1028 889 1121 922 luerit,
1143 891 1294 918 ostendam.
1318 891 1448 924 Quamvis
1471 893 1544 919 enim
1573 901 1639 928 opes
1654 894 1705 930 ipsi
1718 900 1810 923 essent

186 931 260 967 ζὺγῳ
269 933 337 968 πρὸς
347 933 377 959 τὸ
389 933 531 960 κάλλιστον
540 934 739 970 ἁμιλλωμένοις
750 942 758 951 '
769 935 819 971 τῆς
827 935 974 968 ἐπιδόσεως

185 977 214 1004 δὲ
227 977 258 1004 τὸ
276 978 400 1005 πλεῖστον
414 980 447 1015 τῇ
459 980 566 1016 ἐκείνης
580 981 652 1016 χειρὶ
664 982 799 1016 παρῆκεν,
811 981 849 1014 ὡς
861 981 974 1017 ἀρίστης

185 1024 327 1059 οίκονόμου
352 1024 407 1052 τῶν
428 1026 556 1053 τοιούτων
579 1027 625 1053 καὶ
651 1028 827 1063 πιστοτάτης.
845 1028 923 1060 Τίνος
941 1027 974 1063 δὴ

185 1070 312 1104 γυναικὸς
328 1070 410 1105 λέγω,
425 1072 473 1099 καὶ
486 1073 553 1105 οἵας,
606 1073 674 1109 μηδὲ
690 1073 720 1100 τὺ
740 1073 911 1101 Ἀτλαντικὸν
923 1073 973 1100 πέ-

184 1115 275 1150 λαγος,
292 1116 309 1151 ἢ
325 1117 351 1143 ετ
364 1125 391 1143 τι
406 1117 469 1144 ἀλλο
485 1118 538 1145 τῶν
550 1119 697 1154 μεγίστων,
711 1119 827 1154 ἤρκεσεν
837 1119 870 1146 ἂν
885 1120 972 1145 ἀπαν-

184 1161 328 1196 τλούμενον
338 1171 345 1195 ;
354 1163 479 1195 τοσοῦτος
491 1163 560 1199 ἔρως
576 1164 624 1190 τοῦ
640 1165 768 1200 παρέχειν
782 1165 861 1200 αὐτῇ,
874 1165 921 1191 καὶ
931 1163 973 1191 οὖ-

183 1215 236 1239 τως
249 1208 380 1244 ἄμετρος⁸
393 1209 466 1245 ἢτὴν
479 1209 675 1245 Σολομὼντειον
687 1210 796 1245 βδέλλαν
810 1212 850 1242 εἰς
861 1211 973 1237 τούναν-

184 1252 239 1278 τίον
262 1253 392 1288 ἐζήλωσε,
417 1255 450 1289 τῇ
469 1255 533 1290 περὶ
562 1254 593 1281 τὺ
616 1256 739 1291 κρεῖττον
756 1255 892 1291 ἀπληστίᾳ
922 1255 971 1291 τὴν

184 1299 224 1330 είς
244 1299 274 1325 τὺ
293 1301 383 1335 χεῖρον
401 1299 456 1335 (7‘2)
478 1301 624 1336 νικήσασα,
642 1301 689 1327 καὶ
713 1301 792 1336 κόρον
808 1302 858 1327 οὐκ
873 1301 971 1337 ἔχουσα

183 1344 233 1379 τῆς
250 1345 314 1380 περὶ
329 1345 359 1372 τὺ
378 1343 407 1373 εὖ
426 1347 513 1372 ποιεῖν
531 1346 685 1382 προθυμίας
696 1355 703 1362 ·
722 1347 738 1382 ἢ
758 1348 795 1383 μὴ
813 1347 855 1374 ὅτι
873 1356 906 1381 γε
922 1347 971 1383 τὴν

183 1391 278 1418 οὐσίαν
306 1392 425 1425 ἃπασαν,
445 1393 493 1428 ὅση
513 1401 543 1420 τε
566 1391 600 1429 ἦν
621 1393 725 1425 αὐτοῖς,
749 1395 796 1420 καὶ
817 1394 866 1430 ὅση
889 1403 971 1430 προσ-

183 1437 298 1472 εγένετο,
315 1439 478 1474 μικροτέραν
490 1440 582 1474 ἠγεῖτο
591 1440 640 1475 τῆς
649 1439 752 1472 οἰκείας
767 1440 884 1474 ἐφέσεως
895 1441 950 1476 (75)
961 1449 968 1456 ·

182 1483 250 1511 ἀλλά
262 1485 308 1514 καὶ
319 1485 418 1520 ἑαυτὴν
431 1485 477 1511 καὶ
487 1485 550 1516 τοὺς
563 1485 661 1517 παῖδας
673 1485 789 1520 ἑτοίμως
802 1485 915 1512 ἀπέδοτο
925 1486 969 1520 ἂν,

183 1531 210 1557 el'
223 1540 280 1562 πως
296 1531 370 1566 ἐνῆν,
383 1531 397 1557 ὃ
413 1533 460 1558 καὶ
470 1531 600 1563 πολλάκις
613 1531 698 1567 αὐτῆς
713 1531 845 1568 λεγούσης
854 1532 967 1567 ἤκουσα,

1026 943 1086 962 cum
1106 943 1191 962 uxore
1206 943 1374 970 communes,
1390 937 1509 972 itemque
1527 938 1659 975 largiendi
1682 941 1810 976 prompti-

1024 981 1100 1014 tudo,
1118 981 1218 1016 quippe
1245 982 1293 1017 qui
1309 982 1342 1009 de
1372 983 1553 1017 pulcherrirna
1578 992 1685 1020 quaque
1709 986 1809 1014 virtute

1024 1028 1241 1061 contenderent;
1255 1028 1384 1063 majorem
1404 1034 1493 1058 tamen
1509 1031 1566 1066 ipse
1581 1031 1730 1067 largitionis
1743 1040 1808 1068 par-

1026 1077 1079 1100 tem
1096 1073 1133 1106 ei,
1147 1079 1177 1101 ut
1191 1075 1302 1110 optima:
1315 1081 1343 1103 et
1359 1075 1524 1105 ﬁdelissima:
1545 1078 1697 1114 hujusmodi
1717 1088 1806 1108 rerum

1024 1120 1227 1154 dispensatrici,
1245 1121 1427 1157 relinquebat.
1443 1124 1528 1156 Ouain
1546 1130 1636 1153 autem
1659 1130 1686 1153 et
1699 1127 1806 1162 qualem

1025 1166 1166 1193 mulierem
1183 1167 1254 1199 dico,
1272 1168 1314 1195 cui
1329 1176 1362 1196 lle
1374 1169 1540 1198 Atlanticum
1560 1172 1668 1204 quidem
1685 1172 1806 1208 pelagus,

1023 1217 1070 1238 aut
1084 1212 1106 1238 si
1122 1212 1186 1247 quid
1203 1213 1276 1241 aliud
1302 1215 1449 1243 maximum
1467 1220 1520 1250 est,
1536 1217 1570 1244 ad
1588 1217 1806 1247 exhauriendum

1022 1255 1147 1285 suﬂiccre
1173 1259 1324 1293 potuisset?
1343 1259 1446 1289 Tantus
1460 1265 1569 1298 tamque
1580 1264 1741 1293 immodicus
1755 1265 1804 1300 ipsi

1022 1301 1109 1329 inerat
1126 1302 1362 1338 largiendiamor!
1378 1306 1460 1344 344
1476 1307 1541 1341 ρυω
1565 1308 1717 1339 Salomonis
1739 1319 1805 1339 san-

1022 1349 1164 1384 guisugam
1180 1350 1203 1366 ⁵ο
1218 1351 1244 1378 in
1276 1354 1442 1380 contrarium
1464 1355 1588 1382 aemulata
1606 1361 1657 1389 est,
1676 1357 1803 1385 nimirum

1021 1400 1068 1428 per
1083 1394 1273 1430 inexplebilem
1292 1397 1326 1425 ad
1342 1399 1442 1426 bonum
1460 1401 1645 1436 cupiditatem,
1664 1402 1802 1431 insatura-

1020 1438 1100 1466 bilem
1121 1440 1155 1467 ad
1179 1442 1279 1469 malum
1307 1444 1464 1472 aviditatem
1490 1446 1612 1480 vincens,
1627 1451 1756 1483 tantaque
1770 1448 1803 1475 ad

1020 1484 1091 1512 bene
1108 1487 1266 1514 merendum
1281 1488 1422 1517 alacritate
1436 1491 1559 1525 praedita,
1587 1496 1617 1519 ut
1640 1500 1671 1520 ea
1688 1493 1803 1521 saturari

1021 1537 1074 1557 non
1086 1537 1194 1566 posset;
1212 1540 1272 1568 qua
1290 1534 1406 1569 denique
1423 1543 1476 1563 non
1499 1544 1564 1571 opes
1586 1537 1672 1565 solum
1697 1545 1801 1570 omnes,

182 1577 252 1605 ὥστε
271 1578 489 1614 ὲκδαπανηῡῆναι
509 1580 564 1611 τοῖς
583 1578 691 1613 πένησι.
713 1578 804 1614 Ταύτῃ
826 1578 876 1610 τὰς
892 1578 969 1614 ἡνίας

1021 1583 1088 1611 quas
1101 1577 1143 1604 vel
1158 1578 1192 1606 ab
1210 1579 1286 1607 initio
1302 1580 1407 1614 habuit,
1420 1581 1463 1608 vel
1484 1587 1578 1616 postea
1590 1589 1734 1611 consecuta
1750 1590 1800 1617 est,

181 1624 245 1656 ὅλας
261 1625 387 1660 ἐπαφῆκε
403 1625 451 1660 τῆς
464 1625 619 1657 ἐπιδόσεως.
637 1626 670 1651 '0
690 1625 737 1651 καὶ
750 1624 969 1660 παραδείγματος

182 1670 242 1705 ἐμοὶ
258 1670 323 1704 γοῦν
338 1672 461 1705 κρεῖττον
482 1670 713 1706 ὑπολαμϐάνεται.
734 1670 770 1697 Τὸ
795 1670 843 1706 μὲν
860 1670 914 1706 γὰρ
929 1671 968 1702 εἰς

181 1716 309 1751 χρήματα
332 1716 529 1752 μεγαλόψυχον,
545 1717 591 1743 καὶ
606 1717 672 1752 παρ’
686 1717 776 1748 ἄλλοις
791 1717 822 1743 οὑ
841 1716 968 1751 χαλεπῶς

180 1758 255 1794 εὖροι
269 1768 311 1791 τις
323 1759 367 1791 ἂν,
395 1760 446 1787 ὅσα
461 1769 491 1787 τε
513 1761 553 1792 είς
575 1760 625 1793 τὰς
643 1761 736 1792 κοινὰς
759 1761 807 1787 καὶ
826 1760 968 1792 πολιτικὰς

179 1804 327 1832 ἀπόλλυται
342 1805 504 1841 φιλοτιμίας,
519 1807 568 1833 ὅσα
582 1815 612 1833 τε
631 1806 670 1842 τῷ
685 1806 745 1842 Θεῷ
758 1806 802 1834 διὰ
813 1806 867 1833 τῶν
882 1807 967 1841 πενή-

179 1858 233 1876 των
247 1850 408 1884 δανείζεται,
425 1853 471 1878 καὶ
489 1852 557 1887 μόνα
573 1853 630 1884 τοῖς
647 1852 821 1879 ἀναλίσκουσι
836 1851 966 1888 θησαυρί-

180 1894 268 1927 ζεται·
284 1896 333 1932 τῆς
345 1897 373 1923 δὲ
392 1897 438 1923 ἐπὶ
453 1897 541 1933 τούτῳ
554 1897 609 1933 (74)
624 1897 713 1932 δόξης,
727 1897 776 1923 οὐκ
791 1896 864 1923 ἐστιν
877 1897 967 1923 ὅντινα

179 1943 417 1978 παραχωρήσαντα
440 1944 539 1980 ῥᾳδίως
561 1943 734 1979 εὑρίσκομεν.
763 1942 816 1969 Τοῦ
840 1942 890 1978 μὲν
913 1941 967 1977 γὰρ

178 1987 309 2024 δαπανᾷν,
332 1990 379 2016 καὶ
402 1991 419 2025 ἡ
447 1989 582 2024 φιλοδοξία
602 1991 659 2021 τοῖς
681 1988 788 2020 πολλοῖς
807 1988 920 2024 παρέχει
934 1988 965 2014 τὸ

178 2035 330 2070 πρόθυμον·
348 2031 379 2062 οὗ
405 2035 433 2061 δὲ
450 2035 556 2071 ἀφανὴς
573 2035 629 2071 (75)
653 2036 670 2071 ἠ
696 2035 826 2068 ἐπίδοσις,
843 2035 901 2061 ἐκεῖ
917 2034 965 2061 καὶ

177 2080 208 2106 τὸ
225 2080 355 2117 παρέχειν
368 2081 549 2117 ἀμῦλύτερον.

179 2126 295 2153 duntur:
310 2131 339 2154 at
364 2128 410 2162 qui
427 2128 540 2162 gloriam
558 2135 592 2155 ex
617 2134 649 2155 ea
684 2134 714 2155 re
736 2126 877 2154 collectam
902 2125 979 2153 alteri

1017 1621 1165 1655 cupiditate
1187 1630 1236 1650 sua
1264 1626 1383 1653 minores
1399 1627 1572 1655 existimabat
1590 1637 1597 1655 :
1620 1629 1669 1656 sed
1685 1629 1800 1664 seipsnnt

1017 1673 1136 1701 quoque,
1163 1668 1186 1695 si
1212 1668 1270 1696 ﬁeri
1289 1671 1433 1704 potuisset.
1464 1676 1492 1700 et
1507 1671 1619 1705 liberos,
1646 1678 1675 1700 ut
1691 1681 1725 1700 ex
1742 1674 1800 1708 ipsa

1016 1719 1088 1746 srepe
1098 1713 1199 1746 audivi,
1211 1720 1337 1750 prompte
1349 1724 1382 1744 ac
1396 1717 1521 1744 lubenter
1535 1718 1713 1752 vendidisset,
1730 1724 1760 1746 ut
1774 1720 1799 1748 in

1016 1766 1164 1793 pauperum
1197 1768 1262 1788 usus
1288 1764 1518 1797 expenderentur.
1545 1764 1614 1792 Huic
1631 1769 1701 1792 totas
1717 1765 1799 1800 largi-

1018 1805 1098 1832 tionis
1109 1805 1227 1834 habenas
1241 1807 1286 1835 ille
1301 1809 1470 1843 permiserat.
1483 1810 1547 1843 Quae
1559 1817 1612 1843 res,
1622 1818 1681 1837 mea
1692 1811 1799 1845 quidem

1015 1850 1163 1882 sententia,
1177 1852 1252 1878 omni
1267 1853 1392 1888 exemplo
1414 1855 1588 1889 praestantior
1602 1863 1635 1882 ac
1654 1856 1798 1883 sublimior

1016 1899 1067 1922 est.
1081 1894 1149 1922 Nam
1166 1897 1248 1924 animi
1265 1898 1372 1932 quidem
1399 1899 1425 1926 in
1441 1900 1565 1934 pecuniis
1587 1901 1799 1937 magnitudinem

1015 1941 1086 1975 apud
1103 1941 1171 1970 alios
1196 1951 1304 1979 quoque
1328 1945 1408 1973 facile
1441 1948 1559 1981 reperire
1587 1952 1644 1980 est,
1676 1948 1733 1975 sive
1752 1955 1799 1975 eas

1016 1990 1134 2020 spectes,
1155 1995 1215 2022 qua:
1233 1990 1259 2016 in
1288 1991 1408 2025 publicas
1430 1997 1458 2019 et
1483 1992 1608 2026 politicas
1639 1993 1799 2027 cupiditates

1015 2033 1120 2068 perdite
1134 2034 1320 2069 ell‘unduntur,
1334 2038 1391 2065 sive
1406 2045 1464 2072 qua:
1481 2038 1536 2066 Deo
1553 2047 1602 2074 per
1615 2046 1747 2074 pauperes
1759 2039 1798 2067 fe-

1015 2079 1074 2105 nori
1090 2078 1200 2113 dantur,
1211 2081 1330 2117 solaque
1345 2083 1390 2116 iis,
1406 2085 1451 2118 qui
1466 2091 1512 2111 eas
1521 2084 1686 2119 expendunt,
1701 2091 1798 2111 recon-

1015 2127 1190 2161 roncesserit,
1212 2128 1281 2156 haud
1303 2130 1341 2158 ita
1368 2130 1448 2158 facile
1475 2131 1651 2166 reperiemus.
1668 2130 1797 2158 Permulti
1829 2152 1831 2155 .

178 2172 310 2207 siquidem
326 2175 358 2200 ad
374 2179 497 2209 sumptus
511 2179 635 2210 prompto
651 2174 742 2202 animo
755 2174 891 2202 faciendos
917 2172 974 2200 sola
995 2172 1107 2201 honoris
1127 2175 1275 2210 cupiditate
1297 2178 1443 2205 ducuntur.
1458 2177 1509 2206 Ubi
1524 2183 1613 2206 autem
1631 2178 1740 2214 largitio
1754 2187 1797 2207 ar-

178 2219 256 2247 bitris
272 2225 357 2252 caret.
386 2221 441 2248 illic
469 2229 576 2257 quoque
605 2221 712 2257 largitio
737 2220 898 2256 languescit,
913 2224 941 2247 et
958 2218 1130 2248 obtunditur.

212 2290 259 2317 KP
271 2309 277 2316 ν
295 2290 327 2316 ’11
345 2290 394 2325 μὲν
410 2287 456 2317 οὖν
472 2290 533 2327 χεὶρ
548 2289 681 2325 τοσαύτη·
697 2289 744 2317 καὶ
761 2289 796 2316 τὰ
810 2288 894 2316 πλείω
907 2289 963 2318 τοῖς

1050 2287 1134 2316 XXII.
1154 2287 1240 2317 Tanta
1252 2290 1359 2325 quidem
1375 2299 1408 2319 ac
1423 2292 1486 2321 talis
1511 2292 1562 2320 fuit
1593 2293 1664 2321 illius
1679 2294 1797 2322 liberali-

177 2335 259 2362 εἰδόσι
274 2336 443 2371 παρήσομεν,
458 2335 540 2367 ὥστε,
557 2335 585 2362 εῐ
600 2345 627 2362 τι
644 2335 691 2363 καὶ
705 2337 770 2372 ἡμῖν
785 2337 968 2372 μαρτυρεῖταν

177 2381 306 2414 τοιοῦτον,
321 2381 350 2414 ἐξ
363 2382 470 2417 ἐκείνης
483 2379 553 2408 εἶναι
569 2382 620 2417 τῆς
638 2382 738 2418 πηγῆς,
762 2382 888 2409 κάκείνου
902 2384 962 2418 μοῖ-

179 2434 228 2461 ραν
242 2426 289 2453 τοῦ
304 2426 448 2462 ὸεύματος.
468 2427 515 2458 Τίς
536 2427 565 2453 δὲ
588 2428 657 2462 μετὰ
675 2427 742 2454 Θεοῦ
762 2427 870 2463 μᾶλλον,
892 2428 908 2463 ἢ
924 2428 963 2463 τῷ

213 2536 236 2552 ⁸³
251 2536 340 2564 Eccle.
353 2545 389 2570 ιι,
403 2537 428 2564 1.
467 2538 490 2553 ⁸⁸
500 2537 580 2565 Prov.
595 2546 659 2570 xxx.
686 2538 728 2566 l5.

178 2635 214 2661 tio
239 2635 309 2669 apud
331 2636 503 2664 Demosthen.
519 2637 566 2665 0r.
590 2638 622 2664 de
637 2637 761 2666 Corona:
782 2638 890 2665 Βέλτιον
912 2639 957 2666 δια

177 2670 241 2702 τοὺς
254 2670 344 2709 ἀξίους
355 2672 438 2706 τιμᾷν
449 2673 512 2709 τους
523 2673 659 2706 ἀναξίους,
674 2673 691 2709 ἢ
709 2675 772 2705 τοὺς
783 2674 875 2707 ἀξίους
888 2674 957 2700 ἀπο-

178 2707 283 2744 στερεῖν
296 2706 346 2744 τῆς
359 2707 552 2744 προσηκούσης
568 2709 652 2744 τιμῆς
667 2706 710 2735 δίά
723 2710 787 2740 τοὺς
815 2709 939 2742 ἀναξίους
948 2718 956 2724 ·

182 2740 328 2778 (“Praestat
339 2740 463 2777 indignos
481 2740 589 2777 propter
599 2740 701 2778 'di'gnos
716 2744 861 2776 honorare,
874 2740 957 2778 quam

177 2775 281 2809 dignos,
313 2775 423 2811 propter
454 2775 587 2813 indignos,
608 2775 704 2806 merito
734 2780 836 2806 honore
857 2775 957 2814 spolia-

178 2818 216 2837 re.
241 2819 250 2836 Ι

213 2844 274 2884 (Ἱρ)
293 2845 467 2884 Ἐξεςαστῇ.
487 2848 532 2878 Sic
548 2849 631 2884 Regg.
646 2856 672 2883 a,
685 2849 739 2881 bm,
757 2849 802 2878 Or.
822 2849 852 2881 l,
865 2854 919 2877 ctc.
931 2849 959 2877 In

178 2881 232 2913 0.1.,
246 2880 386 2916 ὲξιτασθῇ.

1013 2337 1070 2368 tas;
1089 2335 1222 2369 pluraque
1249 2336 1330 2364 etiam
1349 2337 1497 2366 scientibus
1522 2338 1714 2374 relinquemus.
1730 2340 1797 2368 adeo

1012 2384 1052 2411 ut,
1069 2380 1092 2407 si
1107 2380 1161 2408 tale
1173 2381 1238 2415 quid
1255 2389 1270 2408 a
1286 2382 1365 2410 nobis
1383 2388 1624 2418 commemoretur,
1640 2384 1705 2412 illud
1722 2392 1755 2413 ex
1763 2393 1797 2413 eo

1013 2425 1088 2454 fonte
1099 2434 1272 2461 promanarc,
1305 2428 1433 2463 illiusque
1459 2429 1585 2464 proﬂuvii
1608 2435 1712 2465 partem
1724 2439 1798 2463 esse.

1047 2640 1103 2675 (71)
1128 2640 1376 2675 Ἀπαντήσονται.
1394 2641 1459 2676 Reg.
1483 2642 1537 2674 bm,
1561 2646 1588 2669 et
1600 2641 1647 2669 0r.
1664 2642 1689 2674 1,
1707 2642 1794 2668 ἀπαν-

1008 2677 1136 2703 τήσοντα.

1036 2696 1170 2745 ’(ἦῇέὶς
1189 2710 1223 2738 τὸ
1248 2710 1358 2745 χεῷον.
1384 2711 1452 2745 Reg.
1472 2719 1498 2744 ο,
1524 2717 1552 2738 et
1570 2711 1618 2739 0r.
1647 2712 1674 2743 1,
1699 2713 1740 2744 εἰς
1759 2714 1794 2738 τὰ

1009 2746 1101 2781 χείρω.

1046 2781 1101 2815 (75)
1127 2781 1280 2815 Ἐφέσεως.
1293 2780 1376 2813 Rege.
1389 2788 1415 2811 τι.
1424 2781 1479 2810 bin.
1491 2781 1537 2809 0r.
1554 2781 1565 2808 1
1577 2801 1585 2817 ,
1600 2782 1757 2817 ἐπιθυμίας.

1047 2816 1103 2850 (74)
1138 2816 1200 2842 Ἐπὶ
1215 2817 1319 2849 τούτῳ.
1335 2816 1415 2843 Coisl.
1437 2816 1461 2847 1,
1476 2818 1523 2843 ἐπὶ
1538 2816 1650 2844 τούτων.

1052 2851 1108 2886 (75)
1129 2850 1170 2880 Οὗ
1195 2851 1229 2878 δὲ
1244 2851 1373 2885 ἀφανής.
1398 2850 1443 2877 Sic
1464 2850 1544 2879 Coisl.
1564 2852 1590 2886 1,
1610 2852 1656 2879 0r.
1674 2852 1700 2885 1,
1724 2851 1792 2885 103.,

1013 2893 1066 2915 etc.
1089 2887 1154 2914 Male
1171 2887 1195 2914 in
1211 2887 1287 2916 edit”
1304 2887 1363 2912 οὐδὲ
1379 2886 1494 2921 ἀφανής.
