2049 3143
222 170 288 198 tell

825 171 854 198 S.
875 171 1040 200 GREGORII
1061 171 1235 200 TllEOLOGl

1782 173 1851 200 10Ιὲ

224 231 400 266 intelligatur.
413 230 479 264 Quis
501 234 591 258 autem
615 239 734 267 unquam
765 233 851 267 magis
869 240 930 260 cum
947 233 1011 266 Deo,

1073 233 1166 268 lﬁpatt
1180 232 1352 268 προσήγαγεν
1367 231 1459 267 (76),ῆ
1473 231 1522 263 τὰς
1534 232 1591 258 κατ’
1601 231 1684 258 αὑτοῦ
1693 231 1747 266 (77)
1758 232 1850 267 ὕϐρεις

223 277 266 304 vel
279 276 402 304 homines
421 277 541 304 sacrario
569 277 677 310 obtulit,
702 277 745 304 vel
772 278 806 305 oh
834 278 947 312 injurias
961 279 1013 314 ipsi

224 323 311 351 factas
331 323 387 350 zelo
413 324 526 356 exarsit,
553 329 600 352 aut
620 332 727 352 sacram
752 333 873 352 mensam
895 327 1016 360 profanis

231 370 385 396 hominibus
398 377 459 396 cum
476 375 548 398 metu
571 371 746 406 repurgavit?
772 371 838 404 Quis
853 373 911 407 pari
929 373 1012 400 animi

227 415 355 441 tirmitate
371 420 452 449 atque
469 417 632 449 constantia,
648 417 812 451 paribusque
825 417 939 452 iustitiae
947 426 1013 453 pou-

227 462 348 493 deribus,
361 461 403 488 vel
419 463 619 489 controversias
634 464 807 498 disceptavit,
825 465 866 491 vel
882 465 1013 498 improbi-

227 511 310 533 tatem
325 506 387 533 odio
404 506 509 538 habuit,
530 507 572 534 vel
587 508 714 535 virtutem
730 508 832 536 honore
854 514 1014 544 prosecutus

227 557 279 584 est,
291 553 331 579 vel
345 554 460 586 optimos
476 554 551 580 viros
566 554 711 581 antetulit?
727 555 792 588 Quis
808 555 866 590 pari
879 555 1013 583 facilitate

229 598 403 630 peccantibus
422 597 534 632 ignovit,
561 603 609 626 aut
637 604 711 626 recte
729 600 904 628 currentibus
918 608 1015 628 cursus

229 643 333 671 socium
349 651 379 671 se
393 643 523 678 praebuit?
537 644 617 677 Quis,
634 651 697 672 cum
716 650 743 672 et
760 646 844 680 virgae
873 650 901 674 et
926 646 1014 674 baculi

231 694 335 723 tempus
347 690 447 723 optime
461 693 565 721 nosset,
593 689 688 717 baculo
708 694 799 718 tamen
822 691 882 725 plus
897 691 1015 718 tribuit?

230 735 312 769 Cujus
325 742 407 769 porro
417 735 489 762 oculi
504 736 588 769 magis
604 736 637 762 ad
654 735 745 763 ﬁdeles
756 741 835 763 terrae
847 736 880 769 “,
894 741 932 770 et,
944 737 1014 779 inter

1067 279 1278 315 ἐζηλοτύπησεν,
1296 279 1312 314 ἢ
1328 279 1380 305 τῶν
1395 279 1509 314 ἀνιέρων
1532 279 1581 305 σὺν
1609 279 1682 314 φόϐῳ
1709 280 1758 314 τὴν
1777 280 1851 314 ἱερὰν

1069 325 1189 360 ἐκάθηρε
1202 325 1355 360 τράπεζανς
1371 323 1418 356 Τίς
1431 325 1452 350 δ’
1466 323 1552 356 οὕτως
1564 325 1680 360 ὰῤῥεπεῖ
1689 323 1794 360 γνώμῃ,
1806 324 1852 350 καὶ

1069 370 1198 406 σταθμοῖς
1212 369 1394 405 δικαιοσύνης,
1409 370 1425 405 ἢ
1437 370 1514 405 δίκην
1525 370 1580 405 (78)
1593 370 1710 405 ἔκρινεν,
1723 370 1739 405 ἦ
1754 370 1854 396 κακίαν

1062 418 1230 454 ὲμίσησεν.ἢ
1246 418 1344 452 ἀρετὴν
1354 418 1518 453 ὲτίμησεν,ἢ
1533 418 1595 449 τοὺς
1609 417 1735 453 ἀρίστους
1748 417 1855 452 προύτί-

1064 471 1168 498 μησεν;
1195 463 1243 495 Τίς
1275 464 1324 499 μὲν
1339 463 1409 490 οὕτω
1428 462 1595 498 συγγνώμων
1611 464 1666 494 τοῖς
1684 462 1855 498 ἁμαρτάνου-

1064 517 1117 541 σιν,
1143 509 1159 544 ἢ
1184 511 1240 541 τοῖς
1267 509 1427 545 εὐδρομοῦσι
1451 509 1615 544 σύνδρομοςς
1634 509 1677 540 τίς
1702 508 1730 534 δὲ
1755 508 1854 543 μᾶλλον

1065 555 1162 590 ῥάϐδου
1183 557 1230 582 καὶ
1255 555 1402 592 βακτηρίας
1421 555 1476 590 (79)
1497 555 1591 590 καιρὸν
1614 554 1802 588 ἐπιστάμενος,
1819 555 1853 589 τῇ

1065 600 1201 635 βακτηρία
1215 599 1246 626 τὸ
1264 600 1344 626 πλέον
1358 599 1453 635 ἔνεμεν
1463 608 1470 632 ;
1481 599 1559 630 Τίνος
1571 599 1600 625 δὲ
1617 599 1641 625 οἱ
1656 598 1710 633 (80)
1722 598 1855 633 ὀφθαλμοὶ

1064 645 1162 680 μᾶλλον
1177 646 1223 672 ἐπὶ
1243 646 1306 677 τοὺς
1320 646 1432 677 πιστοὺς
1456 645 1505 680 τῆς
1523 645 1593 684 γῆς,
1607 644 1671 676 τούς
1691 652 1720 670 τε
1746 643 1854 675 ἄλλους,

1063 692 1110 718 καὶ
1125 692 1182 718 ὅσοι
1197 692 1256 727 Θεῷ
1271 692 1354 724 ζῶσιν
1367 692 1396 717 ὲν
1414 690 1552 726 μοναδικῷ
1633 691 1680 716 καὶ
1699 689 1791 723 ἇξυγι,
1802 689 1855 723 γῆν

1063 739 1109 764 καὶ
1120 738 1154 764 τὰ
1169 738 1233 774 περὶ
1246 738 1295 773 τὴν
1316 738 1369 773 (81)
1384 737 1435 772 γῆν
1452 737 1651 772 ἀτιμάσαντες;

230 779 309 812 alios,
325 780 358 807 ad
375 788 421 808 eos
437 782 598 815 praesertim,
616 783 661 816 qui
680 782 708 809 in
726 783 851 810 solitaria
881 788 909 810 et
923 783 1018 811 caelibe
1037 784 1091 811 vita
1126 785 1180 812 Deo
1210 785 1316 818 vivunt,
1329 792 1362 812 ac
1378 789 1478 811 terram
1496 791 1594 819 resque
1618 789 1742 811 terrenas
1753 790 1801 817 pro
1818 783 1857 810 ni-

230 828 286 855 hilo
301 828 420 855 ducunt?

268 874 360 902 XXlll.
380 875 438 902 Jam
453 876 514 911 quis
536 877 634 912 magis,
647 882 695 904 aut
719 876 819 905 fastum
841 877 923 913 345
937 885 1016 905 coer-

1104 878 1167 905 ΚΡ.
1188 878 1235 910 Τίς
1251 877 1279 904 δὲ
1293 878 1384 910 πλέον,
1403 878 1420 913 ἢ
1439 877 1524 912 τῦφον
1542 877 1680 909 ἐκόλασεν,
1699 877 1716 912 ἦ
1733 885 1858 904 ταπεινο-

232 921 298 954 cuit,
313 926 359 948 aut
375 921 555 949 humilitatem
574 924 684 954 amavit,
699 931 814 958 eantque
834 932 888 950 non
902 925 963 952 ficte
984 932 1015 952 ac

231 968 336 1000 leviter,
352 969 579 1002 quemadmodum
607 969 730 1004 plerique
755 978 787 996 ex
807 970 861 1002 his,
885 971 930 1004 qui
947 978 1018 998 nunc

230 1013 342 1040 virtutis
358 1014 460 1041 larvam
476 1014 634 1049 praeferunt,
649 1022 730 1049 atque
744 1016 770 1043 in
786 1016 903 1051 speciem
920 1017 980 1043 sciti
992 1022 1019 1044 et

232 1060 372 1094 elegantes
389 1066 463 1093 sunt,
478 1060 646 1088 stultissituis
663 1063 756 1096 utique
770 1062 937 1089 mulierculis
947 1063 1019 1090 haud

233 1106 392 1139 dissimiles,
409 1114 470 1141 qua:
487 1107 578 1134 nativa
603 1107 803 1142 pulchritudine
821 1108 968 1141 destitutae,
986 1110 1018 1135 ad

233 1153 338 1179 colores
351 1152 519 1186 confugiunt.
536 1158 618 1187 atque
642 1154 758 1180 honeste
772 1154 973 1187 quodammodo
992 1159 1020 1181 et

233 1202 340 1228 ornate.
361 1202 389 1224 ut
405 1197 444 1224 sic
464 1197 570 1231 loquar,
588 1203 716 1231 tanquam
732 1197 758 1224 in
771 1197 1020 1224 theatrisseosten-

235 1248 302 1275 tant,
317 1243 352 1270 ob
368 1248 536 1270 venustatem
555 1243 715 1276 invenusta,
727 1248 808 1278 atque
819 1243 854 1271 ob
869 1243 1019 1270 fwditateut

235 1289 433 1317 deformiores?
448 1289 504 1317 Non
526 1290 597 1317 enim
618 1291 644 1317 in
660 1295 746 1323 veste,
758 1290 805 1317 sed
820 1291 846 1316 iu
859 1291 942 1317 animi
958 1297 1021 1316 cou-

233 1336 345 1367 stantia,
361 1336 499 1363 humilitas
513 1336 563 1370 ipsi
575 1336 628 1363 sita
641 1339 720 1369 erat;
737 1343 788 1363 nec
796 1335 857 1363 colli
871 1336 1020 1370 depressio.

237 1387 286 1409 aut
302 1383 379 1410 vocis
393 1383 533 1415 demissio,
562 1387 609 1409 aut
625 1381 714 1409 vultus
731 1382 881 1414 inclinatio,
899 1387 946 1408 aut
960 1389 1022 1416 pro-

235 1428 319 1455 missa
338 1427 430 1459 barba,
445 1433 492 1454 aut
506 1429 604 1463 capitis
623 1428 657 1455 ad
680 1431 770 1455 cutem
798 1435 885 1462 usque
904 1426 958 1454 rasi
973 1434 1021 1454 ex-

235 1473 354 1504 ornatio,
370 1478 416 1500 aut
432 1479 524 1501 certus
552 1474 695 1502 incedendi
721 1473 819 1500 modus
840 1472 1021 1500 humilitatem

235 1519 391 1553 cﬂiugebat,
403 1527 476 1555 quae,
491 1525 521 1547 ut
537 1521 570 1547 ad
598 1521 679 1547 breve
694 1521 830 1555 quoddam
858 1524 964 1554 tempus
976 1526 1023 1546 ex-

1072 924 1208 959 φροσύνην
1232 924 1370 958 ἠγάπησε,
1395 923 1443 950 καὶ
1471 923 1573 958 ταύτην
1595 924 1645 949 οὐκ
1667 922 1856 954 ὲπιπλάστως,

1071 968 1131 995 οὐδὲ
1145 968 1176 1000 ἐξ
1196 968 1338 1003 ἐπιπολῆς,
1355 968 1392 999 ὡς
1411 968 1435 994 οἱ
1459 967 1551 994 πολλοὶ
1565 967 1618 994 τῶν
1633 967 1680 993 νῦν
1697 975 1858 1002 προσποιου-

1074 1013 1162 1048 μένων
1177 1013 1340 1048 φιλοσοφεῖν,
1355 1014 1401 1040 καὶ
1420 1013 1520 1049 κομψοὶ
1539 1013 1570 1040 τὸ
1593 1013 1767 1048 φαινόμενον,
1788 1011 1860 1039 κατὰ

1072 1060 1122 1097 τᾲς
1140 1060 1342 1095 ἀφρονεστάτας
1353 1059 1408 1087 τῶν
1424 1059 1573 1094 γυναικῶν,
1588 1059 1616 1085 αἶ
1632 1057 1783 1093 ἀποροῦσαι
1796 1058 1860 1084 κόιλ-

1073 1105 1134 1137 λους
1159 1104 1259 1131 οἰκείου
1282 1104 1349 1140 πρὸς
1373 1104 1409 1130 τὰ
1432 1103 1565 1140 χρώματα
1587 1102 1798 1137 καταφεύγουσι,
1813 1102 1860 1128 καὶ

1074 1151 1127 1177 εἰσί
1140 1159 1206 1184 πως,
1220 1151 1258 1182 ὡς
1270 1151 1303 1177 ἂν
1317 1151 1420 1185 εῐποιμι
1431 1150 1497 1185 (82),
1508 1149 1628 1184 κοσμίως
1641 1148 1859 1183 θεατριζόμεναι,

1073 1197 1106 1223 δι’
1121 1195 1325 1232 εὐσχημοσύνην
1335 1196 1497 1231 ἀσχήμονες,
1514 1195 1560 1222 καὶ
1574 1194 1606 1221 δι’
1622 1192 1732 1230 αἷσχρος
1747 1194 1802 1229 (85)
1819 1195 1848 1220 αὶ

1075 1244 1218 1278 σχρότεραι
1231 1251 1239 1275 ;
1253 1242 1290 1268 Οὐ
1312 1242 1366 1277 γὰρ
1384 1243 1413 1268 ὲν
1430 1241 1522 1276 ἐσθῆτι
1538 1241 1569 1267 τὸ
1584 1241 1710 1267 ταπεινὸν
1725 1237 1760 1275 ἦν
1775 1239 1860 1274 αὐτῷ,

1074 1289 1131 1317 ἀλλ’
1157 1289 1185 1315 ὲν
1214 1289 1303 1324 ψυχῆς
1334 1288 1543 1323 καταστήματι·
1573 1286 1634 1313 οὐδὲ
1659 1286 1756 1321 θρύψις
1783 1285 1860 1320 αὑχὲε

1074 1344 1118 1366 νος
1133 1335 1198 1370 (84),
1215 1334 1231 1369 ἢ
1249 1333 1340 1368 φωνῆς
1363 1332 1468 1367 ὕφεσις,
1483 1332 1499 1367 ἢ
1517 1331 1663 1367 προσώπου
1686 1330 1775 1361 νεῦσις
1793 1330 1860 1365 (85).

1074 1381 1091 1416 ἢ
1108 1380 1188 1416 βάῦος
1206 1381 1322 1416 ὑπήνης,
1340 1379 1357 1415 ἡ
1370 1379 1490 1414 κεφαλῆς
1505 1378 1534 1405 ὲν
1546 1378 1604 1413 χρῷ
1624 1378 1767 1413 κόσμησις,
1781 1377 1798 1412 ἢ
1813 1377 1861 1412 βα-

1075 1427 1203 1462 δίσματος
1217 1424 1282 1462 ἦθος
1296 1426 1327 1453 τὸ
1344 1426 1469 1452 ταπεινὸν
1489 1425 1659 1460 ὑπεκρίνετο,
1673 1424 1706 1450 τὰ
1723 1424 1791 1459 πρὸς
1805 1423 1861 1449 ὀλί-

1075 1482 1122 1508 γον
1137 1473 1304 1508 τυποὺμενα,
1327 1473 1374 1499 καὶ
1387 1472 1501 1507 τάχιστα
1519 1471 1697 1506 ἐλεγχόμενα·
1715 1471 1767 1497 πᾶν
1783 1469 1838 1504 γὰρ
1848 1469 1862 1496 ε

1076 1521 1268 1556 προσποιητὸν,
1281 1520 1341 1547 οὐδὲ
1357 1520 1480 1556 μόνιμον.
1502 1519 1570 1546 Ἀλλ’
1588 1516 1622 1554 ἦν
1635 1520 1649 1545 ὁ
1663 1519 1743 1550 αὐτὸς
1762 1517 1862 1553 ὑψηλό-

236 1566 316 1600 pritui
333 1571 455 1601 possunt,
474 1567 510 1593 ita
524 1574 606 1601 quam
631 1566 774 1594 celerrime
795 1573 858 1594 sese
886 1566 1021 1601 produnt;

1073 1576 1152 1599 τατος
1170 1567 1218 1602 μὲν
1237 1567 1277 1602 τῷ
1291 1567 1346 1602 (86)
1372 1567 1431 1602 βίῳ,
1447 1567 1639 1597 ταπεινότατος
1655 1566 1683 1592 δὲ
1703 1565 1741 1601 τῷ
1767 1565 1862 1601 φρονή-

236 1611 305 1638 nihil
318 1613 391 1639 enim
405 1612 561 1639 simulatum
591 1615 720 1639 constans
749 1619 781 1638 ac
799 1612 954 1638 diuturnum
969 1616 1021 1637 est.

237 1657 336 1684 Verum
353 1658 408 1690 ille,
425 1664 452 1685 et
467 1659 520 1684 vita
539 1658 654 1685 maxime
669 1657 802 1690 sublimis,
813 1663 841 1684 et
853 1657 944 1684 animo
959 1665 1020 1691 per-

236 1712 317 1738 quam
334 1703 446 1731 humilis
470 1708 548 1731 erat:
575 1709 602 1731 et
618 1704 726 1738 quidem
745 1704 778 1730 ad
798 1703 883 1738 ipsius
896 1704 1023 1730 virtutem

238 1758 318 1777 nemo
331 1750 454 1785 aspirare
465 1754 585 1785 poterat,
600 1751 634 1777 ad
648 1749 769 1783 ejusdem
794 1754 882 1776 autem
898 1756 1025 1783 congres-

236 1804 298 1824 sum
323 1796 461 1831 perfacilis
496 1797 624 1824 omnibus
648 1797 738 1824 aditus
760 1797 879 1831 patebat.
903 1796 1026 1830 Cumque

237 1842 342 1876 vulgari
357 1846 384 1869 et
399 1842 500 1869 usitato
515 1842 628 1870 vestitus
641 1849 740 1877 genere
765 1847 895 1873 uteretur,
918 1849 933 1868 a
955 1841 1026 1869 fastu

238 1888 343 1915 scilicet
358 1895 390 1916 ac
402 1889 529 1916 sordibus
542 1895 619 1923 aeque
636 1889 799 1921 abhorrens,
816 1888 920 1915 ratione
935 1891 1025 1914 tamen

239 1933 342 1961 intertti
357 1934 510 1969 splendoris
520 1942 601 1969 supra
617 1934 718 1962 multos
735 1934 904 1968 assurgchat.
918 1933 951 1960 Et
964 1941 1025 1960 cum

237 1980 343 2008 ventris
361 1981 484 2007 morbum
499 1986 580 2015 atque
604 1980 794 2015 inexplebilem
815 1980 982 2011 aviditatem,
997 1985 1026 2006 ut

241 2026 264 2053 si
279 2026 340 2061 quis
367 2026 447 2060 alius,
473 2028 598 2054 domaret
620 2032 648 2054 et
664 2027 868 2062 comprimeret,
892 2027 918 2053 id
934 2031 1024 2053 tamen

239 2081 295 2101 non
312 2075 487 2107 ostentabat;
503 2074 567 2102 illud
584 2074 706 2108 quidem,
723 2077 752 2100 ut
778 2081 807 2101 se
822 2080 919 2107 purum
933 2077 1026 2100 custo-

241 2119 321 2150 diret,
336 2118 408 2146 istud
421 2127 496 2153 vero,
513 2127 557 2151 ne,
572 2120 610 2147 rei
623 2121 744 2147 novitate
771 2118 884 2154 gloriam
901 2122 1026 2152 captansI

242 2166 332 2194 animo
359 2165 512 2194 elferretur.
538 2167 643 2194 Etenim
666 2167 784 2194 hominis
809 2166 919 2201 quidem
934 2165 1028 2192 mundi

277 2224 298 2240 ⁶¹
313 2225 384 2252 Psal.
397 2232 424 2257 ο,
439 2225 466 2252 ti.

279 2271 572 2313 (76)_'H_t<1t__ﬁiiya5t
585 2273 789 2313 προσήγαγεν.
810 2282 819 2313 ς
844 2272 888 2300 Vel
898 2273 1028 2313 "homines
1044 2276 1067 2304 ι)

241 2308 362 2336 sacrario
377 2308 483 2334 obtulit.
507 2318 517 2333 ι
541 2309 658 2340 Mallem,
687 2318 697 2334 ι
715 2309 845 2335 admovit.
864 2317 873 2333 ι
898 2308 1028 2334 Testatur

242 2343 337 2378 Bittius
354 2350 384 2370 sc
401 2343 438 2369 ita
454 2344 587 2377 vertisse,
607 2351 640 2370 eo
657 2345 728 2378 quod
755 2345 789 2370 ad
808 2343 906 2370 veteris
924 2343 1028 2378 codicis

244 2377 392 2417 marginem
413 2377 471 2417 haec
482 2379 565 2417 verba
591 2377 691 2417 legerit
701 2388 708 2406 :
728 2379 796 2417 Περι
814 2377 958 2417 ’κληρικῷν
980 2377 1027 2417 καὶ

242 2412 313 2440 Θεοῦ
327 2412 492 2448 λειτουργῶν
507 2414 521 2440 ὁ
535 2412 628 2448 λόγοςλ
646 2423 655 2439 ε
676 2414 713 2441 De
731 2412 836 2440 clericis
858 2412 890 2439 ac
913 2413 958 2439 Dei
975 2414 1026 2439 mi-

243 2449 337 2476 nistris
349 2455 438 2474 sermo
448 2452 500 2474 est.
517 2458 527 2474 ι
541 2448 635 2482 Itaque
651 2449 866 2482 quotiescunque
879 2448 1027 2480 Gregorius

243 2484 320 2514 dicit,
343 2482 406 2514 τοὺς
425 2482 471 2509 τοῦ
489 2483 621 2519 βήματος,
643 2484 704 2515 vel,
718 2485 780 2515 τοὺς
801 2484 865 2519 περὶ
881 2483 912 2509 τὸ
937 2482 1024 2519 βῆμα,

244 2519 314 2554 idem
326 2523 372 2554 rest
387 2525 419 2544 ac
439 2518 460 2543 si
470 2517 582 2554 _dicerct
594 2539 602 2552 ,
619 2519 682 2550 τοὺς
698 2517 901 2554 πρεσϐυτέρους
919 2519 967 2554 καὶ
979 2517 1030 2554 γτῷ

243 2553 303 2589 Θεῷ
326 2551 561 2587 λειτουργοῦντας,
592 2551 600 2579 t
619 2551 792 2590 presbyieros
817 2551 846 2581 et
881 2553 927 2580 Dei
950 2551 1030 2580 mini-

244 2594 327 2616 ιιι-υς.
345 2597 354 2614 Ι

279 2624 336 2656 (77)
352 2625 422 2650 Κατ’
433 2623 536 2650 αὐτοῦ.
550 2623 634 2658 Regg.
648 2631 675 2656 a,
686 2624 740 2652 hm.
753 2623 799 2651 0r.
816 2623 841 2656 1,
854 2623 915 2650 κατ’
927 2622 1027 2649 αὐτῶν.

279 2659 335 2694 (78)
357 2660 388 2685 Ἢ
402 2659 501 2692 δίκην.
515 2659 597 2694 liegg.
609 2668 635 2690 a,
650 2659 704 2688 bm.
718 2658 764 2686 0r.
780 2659 806 2689 1,
817 2658 885 2691 Jes.,
898 2658 915 2694 ἦ
929 2658 1027 2694 δίκαις.

280 2694 336 2728 (79)
357 2693 482 2721 Ῥάϐὃου
501 2693 746 2728 καὶίβακτηρίας.
769 2694 861 2721 Schol.
883 2705 888 2721 :
910 2693 1030 2719 "Pc’t660v

244 2729 415 2765 νοήσειςντὴν
427 2730 628 2765 ἐπιφερομένην
640 2731 696 2760 τοῖς
707 2729 893 2765 ἁμαρτάνουσι
911 2728 1028 2765 πληγήν-

246 2761 398 2800 βακτηρίαν
409 2764 449 2795 δὲ,
467 2761 582 2798 λογικῶν
602 2761 745 2800 προϐάτων
759 2761 847 2798 λόγον,
863 2761 886 2800 ᾧ
899 2764 933 2790 τὰ
946 2761 1030 2800 νοητὰ

245 2799 370 2834 πρόῦατα
387 2799 548 2860 ῧυθμὶζεται
563 2801 611 2826 καὶ
625 2799 800 2835 ποιμαίνεται
811 2808 817 2814 ·
836 2808 845 2823 ι
865 2799 913 2825 l‘er
927 2799 1029 2832 virgam

246 2840 341 2860 DCBIIEIS
357 2835 383 2860 in
408 2836 473 2860 ictas
489 2836 677 2860 peccatoribus
697 2835 849 2860 intelliges:
874 2841 922 2860 uer
945 2833 1029 2860 bacu-

264 2833 341 2861 éeuas
357 2833 473 2862 inﬂictas
489 2833 682 2873 peccatoribus
697 2835 849 2869 intelliges;
874 2841 922 2868 per
945 2833 1029 2873 bacu-

258 2876 302 2895 um
331 2873 420 2897 autem
443 2877 599 2902 sermones,
624 2870 720 2902 quibus
747 2874 885 2901 compotes
917 2870 1029 2896 rationis

1077 1621 1158 1648 ματι*
1176 1613 1223 1647 καὶ
1237 1612 1285 1648 τὴν
1303 1613 1352 1647 μὲν
1369 1613 1468 1648 ἀρετὴν
1483 1613 1637 1648 ἀπρόσιτος,
1654 1613 1704 1648 τὴν
1721 1611 1862 1638 συνουσίαν

1076 1658 1104 1684 δὲ
1115 1659 1161 1685 καὶ
1174 1659 1234 1684 λίαν
1251 1659 1419 1694 εὐπρόσιτος.
1431 1659 1486 1685 Καὶ
1498 1658 1615 1694 συνήθης
1627 1659 1675 1693 μὲν
1687 1659 1736 1693 τὴν
1745 1658 1862 1693 ἀμπεχὸ-

1077 1713 1136 1740 νην,
1149 1705 1246 1740 ἐπίσης
1267 1706 1374 1739 φεύγων
1392 1706 1440 1732 καὶ
1457 1704 1488 1731 τὺ
1504 1705 1604 1740 ὑψηλὸν
1619 1705 1666 1731 καὶ
1682 1705 1712 1730 τὸ
1725 1704 1862 1730 ταπεινόν·

1079 1751 1148 1786 ὑπὲρ
1160 1751 1188 1777 δὲ
1205 1751 1319 1782 πολλοὺς
1332 1751 1382 1786 τὴν
1393 1751 1466 1778 ἔνδον
1481 1751 1668 1786 λαμπρότητα.
1681 1751 1736 1777 Καὶ
1746 1749 1862 1784 γαστρὸς

1077 1797 1164 1829 νόσον,
1182 1798 1228 1824 καὶ
1239 1797 1390 1832 ἀπληστίαν
1406 1796 1534 1832 δαμάζων
1549 1797 1608 1832 μὲν,
1623 1797 1648 1822 εί
1658 1796 1704 1822 καί
1720 1804 1762 1827 τις
1771 1795 1862 1826 ἄλλος,

1077 1843 1108 1869 οὐ
1122 1842 1207 1869 δοκῶν
1217 1843 1246 1869 δέ
1255 1851 1261 1857 ·
1278 1843 1309 1868 τὸ
1325 1842 1374 1878 μὲν
1386 1843 1430 1869 ἵνα
1441 1842 1604 1877 καθαίρηται
1618 1841 1672 1877 (8⁵1)
1686 1841 1716 1867 τὸ
1727 1841 1754 1867 δὲ
1767 1841 1811 1866 ἵνα
1825 1840 1862 1875 μὴ

1077 1888 1270 1924 ὑπεραίρηται,
1298 1888 1337 1924 τῷ
1363 1888 1448 1923 καινῷ
1475 1887 1632 1924 Θηρὼμενος
1656 1887 1686 1913 τὸ
1711 1886 1862 1922 εὐδόκιμον.

1077 1934 1220 1962 Πολιτικοῦ
1236 1935 1285 1969 μὲν
1301 1934 1356 1969 γὰρ
1375 1934 1454 1969 ἔργον
1471 1931 1539 1960 εἶναι
1554 1934 1642 1960 πάντα
1660 1934 1744 1959 ποιεῖν
1763 1933 1810 1958 καὶ
1823 1932 1853 1958 λὲ

1077 1989 1146 2014 γειν,
1161 1980 1190 2012 ἐξ
1207 1977 1245 2007 ὧν
1262 1980 1434 2016 εὐδοκιμήσει
1450 1979 1525 2015 παρὰ
1544 1980 1601 2011 τοῖς
1618 1978 1726 2010 ἔξωθεν,
1743 1974 1764 2011 ᾧ
1783 1977 1859 2013 μηδέὶ

1078 2027 1135 2053 ἐστι
1151 2026 1198 2053 τοῦ
1215 2027 1346 2062 παρόντος
1366 2026 1423 2060 βίου
1440 2024 1646 2061 μακαριώτερον
1659 2033 1666 2040 ·
1680 2023 1863 2059 πνευματικοῦ

1078 2073 1106 2099 δὲ
1123 2073 1228 2100 καὶτοῦ
1247 2073 1306 2100 καθ’
1325 2073 1409 2108 ἡμᾶς,
1431 2072 1498 2108 πρὸς
1517 2072 1546 2098 ἒν
1575 2072 1654 2107 μόνον
1676 2071 1794 2106 βλέπειν,
1815 2070 1858 2105 τὴ*

1081 2120 1228 2155 σωτηρίαν,
1240 2119 1287 2146 καὶ
1301 2119 1314 2146 ὃ
1325 2119 1374 2154 μὲν
1387 2118 1420 2145 ἂν
1435 2120 1475 2150 εἰς
1485 2118 1564 2145 τοῦτο
1577 2117 1656 2154 φέρῃ,
1670 2118 1739 2153 μέγα
1750 2117 1864 2148 οἴεσθαι,

1079 2165 1093 2192 ὃ
1107 2165 1128 2192 δ’
1149 2165 1182 2192 ἃν
1204 2165 1252 2200 μὴ,
1275 2165 1413 2192 διαπτύειν
1438 2164 1475 2196 ὡς
1502 2164 1613 2199 μηδενὸς
1633 2163 1688 2199 (88)
1711 2162 1800 2196 ἄξιον·
1819 2162 1863 2189 καὶ

1081 2276 1146 2299 oves
1169 2267 1329 2295 erudiuntur
1347 2271 1375 2294 et
1392 2269 1550 2301 pascuntur.
1576 2274 1586 2290 ι
1612 2263 1639 2301 ln
1665 2263 1864 2301 altero_Scltol.

1080 2304 1179 2339 legitur
1202 2311 1209 2329 ε
1235 2302 1366 2339 ,Διαφέρει
1392 2298 1493 2339 ῥαϐδου
1518 2299 1672 2339 βαέτηρία⁴
1696 2300 1712 2333 ἡ
1738 2298 1788 2339 μὲν
1810 2298 1864 2339 γὰρ

1069 2334 1244 2372 ιπᾶιδεύει,ή
1266 2334 1299 2363 δὲ’
1309 2334 1465 2372 ὑπερεῖδεν
1492 2345 1501 2361 ι
1519 2334 1613 2362 υιίῐυη
1626 2335 1701 2368 virga
1719 2342 1733 2360 a
1751 2335 1863 2361 baculo:

1081 2375 1124 2402 illa
1140 2375 1210 2400 enim
1224 2373 1350 2406 castigat,
1365 2372 1408 2398 ltic
1422 2378 1487 2397 vero
1499 2373 1642 2406 sustentat.
1659 2379 1668 2395 ι

1116 2409 1172 2444 (80)
1193 2409 1245 2444 οἱ,
1260 2402 1308 2434 Sic
1323 2402 1405 2442 Regg.
1427 2413 1453 2438 a,
1478 2407 1534 2437 bin,
1551 2410 1606 2432 tres
1620 2403 1706 2436 Colh.,
1730 2408 1758 2431 et
1773 2402 1820 2430 0r.
1837 2403 1864 2431 1.

1079 2443 1167 2472 Deest
1175 2445 1200 2471 in
1214 2443 1257 2470 ed.

1116 2480 1173 2512 (8|)
1196 2477 1266 2512 Τήν.
1288 2477 1367 2504 Deest
1384 2478 1408 2503 in
1424 2475 1513 2512 Orsi.

1085 2515 1088 2520 ’
1119 2509 1175 2550 (82)
1201 2509 1246 2546 '12};
1267 2513 1305 2540 ἂν
1318 2512 1438 2550 εἴποιμι.
1460 2510 1525 2550 Haec
1546 2518 1568 2550 a_
1582 2509 1669 2550 Billio,
1692 2509 1733 2537 vel
1753 2517 1767 2536 a
1776 2514 1864 2550 “typo-

1083 2544 1186 2585 grapho
1202 2544 1402 2585 prieteruiissa.‘
1415 2547 1495 2585 Deest
1511 2546 1589 2585 digiti
1606 2545 1673 2585 lies.
1690 2550 1757 2585 a,.et
1773 2545 1819 2585 9r.
1837 2544 1864 2571 1.

1119 2577 1176 2619 (85)
1193 2577 1333 2618 Ᾰῖσχρος.
1350 2583 1415 2619 Reg.
1436 2582 1491 2615 bm,
1509 2577 1591 2619 (Eoisl.
1610 2581 1636 2619 i_.
1648 2577 1701 2606 'Ur.
1720 2580 1746 2612 1,
1761 2577 1865 2619 αἶσχος.

1118 2616 1175 2655 (84)
1197 2616 1310 2653 Θρύψις
1330 2617 1469 2652 αὐχένος.
1490 2625 1500 2642 ε
1516 2616 1603 2644 Mollis
1620 2616 1760 2649 fractaque
1775 2616 1865 2642 cervi—

1082 2654 1127 2683 cis'
1136 2654 1253 2681 inllexm.
1278 2663 1286 2678 ι

1117 2690 1172 2722 (85)
1192 2689 1312 2720 Νεῦσις.
1331 2687 1396 2720 Reg.
1413 2688 1468 2720 bm,
1488 2692 1543 2714 tres
1556 2686 1642 2716 Colb.,
1658 2684 1706 2712 0r.
1722 2686 1746 2717 1,
1763 2683 1847 2716 δέσις.

1118 2725 1173 2759 (86)
1195 2723 1247 2756 Τῷ.
1270 2726 1317 2750 Sic
1333 2723 1448 2759 Regna.
1466 2722 1493 2759 lu
1512 2723 1554 2759 ed.
1567 2723 1652 2759 deest.

1117 2755 1174 2794 ('87)
1193 2755 1388 2792 Κὰθαίρητιιιῖ
1404 2757 1448 2794 Sic
1464 2758 1510 2784 0r.
1528 2757 1553 2783 1.
1573 2756 1599 2794 lu
1618 2756 1675 2794 σὼ,
1693 2755 1864 2794 καθαίρεται.

1117 2790 1172 2832 (88)
1192 2790 1338 2832 ξιηὸεῇὀς..
1361 2794 1406 2832 Sic
1427 2792 1509 2832 liegg.
1536 2801 1562 2823 a,
1583 2793 1637 2830 h_iu,
1657 2791 1703 2818 0r.
1719 2791 1744 2830 l.
1765 2796 1816 2832 etc.
1835 2790 1864 2816 lit

1080 2827 1135 2863 edi,
1163 2830 1210 2856 τοῦ
1234 2827 1361 2856 μυδενόί.
1389 2828 1541 2856 Delevimus
1562 2827 1609 2853 τοῦ
1633 2827 1794 2853 auctoritate
1818 2834 1866 2852 co-

1080 2867 1180 2895 dicunt.
