2049 3143
189 169 259 196 1013
648 170 777 199 ORATIO
796 172 890 200 XVI".
911 187 947 192 —
967 171 986 199 F

1039 171 1138 200 EBRIS
1158 172 1192 200 ΙΝ
1212 172 1360 201 PATREM.
1742 175 1812 203 1οη

187 228 230 255 διὰ
246 228 333 261 τοῦτο,
348 229 379 255 τὸ
396 229 444 264 μὲν
466 229 603 264 ὁρώμενον
621 230 676 266 (89)
695 231 849 266 ἀτιμάζειν,
866 232 940 263 ὅπως
954 232 975 258 δ’

1040 231 1164 259 llecebris
1179 232 1275 259 irretiti
1294 240 1354 260 esse
1371 232 1564 264 arbitrabatur,
1589 232 1658 260 dicta
1682 232 1810 268 factaque

189 274 222 301 ἂν
234 275 308 306 ὲντὺς
320 275 375 310 (90)
390 272 519 303 κάλλιστα
529 275 594 310 ἔχοι,
607 276 685 303 τοῦτο
702 278 781 312 μόνον
797 279 916 309 σκοπεῖν,
929 277 975 304 καὶ

1039 286 1077 305 ιιιτι
1096 278 1187 306 omnia
1206 279 1257 306 huc
1271 279 1383 312 referre,
1411 283 1439 305 ιιι
1464 278 1576 312 gloriam
1599 284 1626 306 et
1640 279 1810 314 splendorem

188 320 275 348 ταῦτα
293 322 356 357 περὶ
375 322 472 349 πολλοῦ
489 322 633 354 ποιεῖσθαι,
648 323 677 355 ἐξ
690 320 727 350 ὧν
750 324 830 355 αὑτός
854 332 884 350 τε
899 323 975 350 πλεί-

1039 324 1100 358 tpud
1116 328 1226 352 exteros
1241 330 1411 359 asseqnatur,
1424 325 1523 359 quippe
1548 324 1593 359 qui
1607 325 1734 359 praesenti
1757 326 1811 352 vita

191 374 254 392 στου
277 366 350 399 ἄξιος
370 367 457 398 ἔσται,
472 368 597 400 καὶτοὺς
621 368 717 400 ἄλλους
743 369 814 401 ἕλξει
833 370 867 396 δι’
881 369 976 396 ἑαυτοῦ

1039 369 1098 396 iihil
1115 370 1223 398 beatius
1236 378 1297 398 esse
1312 371 1411 398 ducat:
1430 370 1579 404 spiritualis
1594 375 1681 398 autem
1695 375 1723 398 et
1735 370 1813 399 Chri-

191 412 260 447 πρὸς
274 412 304 438 τὸ
317 412 465 448 βέλτιστον.

1039 416 1127 449 stiani,
1145 425 1225 444 unam
1241 422 1344 444 tantum
1362 416 1477 444 salutem
1492 416 1527 443 ob
1541 416 1633 444 oculos
1647 417 1698 444 sibi
1713 425 1811 452 propo-

191 467 266 492 nere,
281 464 365 494 atque
378 467 421 492 ea,
440 468 499 494 qua:
526 461 559 488 ad
587 461 656 488 hanc
679 461 791 494 ducant,
827 462 935 496 plurimi
955 462 1062 495 facere,
1097 472 1156 499 qua:
1174 470 1266 491 autem
1291 464 1325 490 ad
1356 471 1415 490 eam
1436 463 1503 490 nihil
1519 463 1666 498 adiumenti
1685 462 1811 495 alTerant,

191 512 221 534 ut
239 507 313 540 vilia,
340 507 498 543 nulliusque
525 509 615 543 pretii,
642 510 800 544 aspernari;
817 509 851 536 ob
881 518 996 544 eamque
1015 518 1138 544 causam,
1156 511 1183 538 id
1198 512 1319 546 quidem,
1349 509 1420 545 quod
1451 510 1477 536 in
1499 515 1637 545 aspectum
1657 510 1740 543 cadit,
1764 518 1814 545 pro

194 552 279 580 nihilo
294 557 408 587 putare,
425 554 451 580 id
466 559 556 581 autem
571 562 653 581 unum
670 560 803 587 spectare,
816 559 897 589 atque
927 555 953 581 in
981 562 1013 582 eo
1032 555 1185 589 elaborare,
1203 562 1231 583 ut
1243 557 1348 583 interna
1366 556 1467 589 optimo
1487 561 1514 582 et
1536 555 1718 590 pulcherrimo
1740 560 1813 582 statu

192 599 256 632 sint,
287 607 373 634 eaque
397 600 487 635 magni
514 600 660 634 aestimare,
687 608 721 627 ex
747 601 846 635 quibus
880 606 907 628 et
930 601 987 636 ipse
1005 609 1086 636 quam
1118 603 1237 638 optimus
1265 601 1371 630 l'uturns
1391 602 1437 635 sit,
1452 606 1479 628 et
1495 601 1563 629 alios
1576 601 1698 636 exemplo
1714 609 1764 629 suo
1780 601 1814 628 ad

192 645 296 679 optima
313 653 426 680 quaeque
444 651 631 680 pertracturus

227 691 290 717 ΚΔ’.
312 690 346 718 Ὃ
374 691 403 718 δὲ
429 691 572 718 κάλλιστον
596 692 650 718 τῶν
675 692 778 719 ἐκείνου
807 693 853 720 καὶ
878 693 984 720 ἰδιώτα-

193 745 238 764 τον
254 737 321 773 (91),
334 737 382 764 καὶ
397 737 457 764 οὐδὲ
472 739 529 769 τοῖς
546 738 652 770 πολλοῖς
665 739 855 774 ἀγνοούμενον,
871 741 888 774 ἡ
902 740 984 767 ἁπλό-

193 790 252 818 της,
266 782 314 809 καὶ
335 783 366 809 τὸ
389 783 436 809 τοῦ
453 783 535 818 ἠθους
554 783 646 810 ἄδολύν
664 793 693 810 τε
715 784 762 811 καὶ
786 785 983 821 ὰμνησίκακον.

195 828 292 860 ’Δλλος
315 828 364 863 μὲν
379 828 433 864 γὰρ
459 829 522 856 ἄλλο
534 838 561 855 τι
583 829 638 856 τῶν
656 829 779 857 παλαιῶν
802 830 818 865 ἢ
839 830 893 857 τῶν
918 831 985 859 νέων

194 874 404 910 κατωρθωκέναι
431 875 606 908 πιστεύεται,
628 876 666 907 ὡς
690 875 806 907 ἕκαστος
834 875 927 911 ἔτυχεν
953 877 985 903 ὲκ

194 919 261 946 Θεοῦ
276 919 386 955 χάριτός
405 927 478 951 τινος
495 919 654 954 ἠξιωμένος.
679 919 748 951 Ἰὼϐ,
766 920 796 946 τὸ
815 920 842 946 ὲν
861 921 917 951 τοῖς
932 921 984 947 πά-

195 965 253 992 θεσι
269 965 430 1000 καρτερικὸν
448 965 494 992 καὶ
504 965 641 992 ἀνάλωτον
654 974 660 980 ·
675 965 779 1000 Μωσῆς
793 966 839 992 καὶ
851 965 942 998 Δαϐὶδ,
954 965 984 992 τὸ

195 1012 299 1046 πρᾶον·
317 1010 443 1046 Σαμουὴλ
459 1011 489 1038 τὸ
507 1011 686 1046 χρηματίσαι,
702 1011 807 1046 βλέπων
828 1011 861 1038 τὰ
883 1011 986 1048 ἔμπρο-

196 1057 258 1085 σθεν
268 1065 274 1072 ·
292 1057 383 1088 Φινεὲς
396 1057 442 1083 τὸν
457 1057 548 1092 ζῆλον,
564 1058 610 1091 ἀφ’
624 1054 655 1083 οὗ
677 1057 725 1084 καὶ
741 1056 904 1093 ὀνομάζεται
914 1066 921 1073 ο
935 1058 986 1084 Πέ-

194 1111 258 1139 τρος
271 1103 318 1129 καὶ
333 1102 441 1135 Παῦλος
455 1103 522 1139 (9‘2),
538 1103 567 1129 τὸ
582 1102 708 1129 σύντονον
722 1103 769 1129 τοῦ
787 1103 964 1139 κηρύγματος
976 1113 983 1120 ·

194 1150 219 1176 al
231 1149 278 1176 τοῦ
291 1148 433 1176 Ζεϐεδαίου
447 1148 477 1175 τὸ
493 1148 694 1184 μεγαλόφωνον,
708 1148 722 1174 ὃ
738 1147 792 1184 (95)
811 1148 859 1175 καὶ
871 1148 985 1184 βροντῆς

195 1195 271 1226 υἱοὺς
292 1194 391 1226 αὐτοὺς
415 1194 648 1230 προσηγόρευσεν·
673 1193 721 1220 καὶ
746 1194 772 1220 τί
795 1193 828 1220 ἂν
857 1194 986 1229 καταριθ-

197 1241 277 1276 μοίην
292 1240 346 1275 (94)
359 1240 479 1271 ἅπαντας
489 1248 496 1272 ;
508 1240 538 1266 ὲν
547 1239 601 1275 γὰρ
611 1239 708 1266 εἰδόσιν
720 1240 734 1265 ὁ
748 1239 837 1273 λόγος.
849 1239 985 1273 Στεφάνου

195 1287 224 1314 δὲ
239 1286 294 1321 (95)
311 1286 359 1313 καὶ
381 1285 428 1312 τοῦ
456 1285 524 1322 ἐμοῦ
547 1285 660 1321 πατρὸς,
683 1285 760 1311 οὐδὲν
783 1284 884 1316 οὕτως,
902 1285 940 1316 ὡς
955 1285 986 1311 τὸ

197 1333 334 1369 ἁπόνηρον
355 1330 509 1367 γνώρισμα.
534 1331 563 1357 '0
589 1331 637 1366 μὲν
662 1330 716 1366 γὰρ
740 1330 800 1357 οὐδὲ
826 1330 987 1357 κινδυνεύων

197 1378 287 1413 ἐμίσει
302 1378 366 1409 τοὺς
382 1377 538 1413 βάλλοντας,
558 1376 615 1403 ἀλλ’
635 1374 774 1407 ὲλιθάζετο
792 1375 852 1410 μὲν,
873 1375 942 1412 ὑπὲρ
958 1375 987 1401 δὲ

196 1424 252 1451 τῶν
264 1423 425 1456 λιϐαζὸντων
445 1423 555 1459 ηὔχετο,
575 1422 613 1454 ὡς
633 1420 752 1458 Χριστοῦ
769 1420 902 1456 μαθητὴς,
918 1421 987 1456 ὑπὲρ

197 1467 228 1496 οὗ
245 1470 292 1496 καὶ
305 1469 335 1496 τδ
346 1469 460 1505 πάσχειν
469 1467 504 1504 ἦν
518 1467 602 1503 αὐτῷ,
620 1467 711 1503 μεῖζον
724 1466 771 1493 τοῦ
790 1466 904 1494 θανάτου
920 1474 988 1501 καρ-

199 1515 326 1551 ποφορῶν
347 1515 387 1551 τῷ
409 1514 479 1550 Θεῷ,
501 1514 551 1550 τὴν
577 1513 786 1549 μακροθυμίαν’
805 1513 845 1548 τῷ
863 1513 891 1539 δὲ
913 1512 988 1539 οὐδὲν

1070 693 1164 721 XXIV.
1186 693 1240 720 Sed
1267 693 1336 720 inter
1353 693 1445 720 omnia
1466 694 1551 728 ipsius
1575 699 1733 735 ornamenta
1746 694 1816 721 nihil

1033 747 1109 775 teque
1132 739 1286 774 pulchrum,
1315 739 1395 774 eique
1422 739 1572 774 proprium,
1601 746 1634 766 ac
1647 739 1813 766 multitudini

1033 785 1115 813 etiam
1130 785 1266 819 cognitum
1285 789 1353 817 erat,
1367 789 1397 812 ut
1408 785 1584 820 simplicitas,
1607 790 1634 813 et
1653 792 1740 812 mores
1762 785 1816 812 doli

1034 835 1171 865 expertes,
1194 835 1274 865 atque
1302 830 1461 865 injuriarum
1490 831 1600 858 oblivio.
1626 831 1731 858 Etenim
1745 831 1816 858 alius

1035 875 1142 910 quidem
1159 875 1330 910 antiquorum
1344 880 1390 902 aut
1403 876 1584 902 recentiorum
1598 875 1740 902 hominum
1753 882 1818 910 pro-

1035 921 1091 954 pria
1106 920 1221 954 quadam
1240 919 1337 946 virtute
1349 919 1493 947 emicuisse
1505 920 1636 954 creditur,
1652 927 1700 954 pro
1710 926 1742 946 ea
1762 919 1817 947 sci-

1037 966 1101 993 licet
1116 965 1212 1000 gratia,
1230 972 1311 999 quam
1328 965 1410 1001 3A6
1425 965 1538 1000 quisque
1552 973 1566 992 a
1582 965 1637 993 Deo
1655 970 1819 993 consecutus

1034 1016 1086 1039 est.
1100 1011 1218 1039 Emicuit
1241 1011 1291 1039 Job
1312 1019 1407 1045 magna
1432 1012 1586 1046 invictaque
1615 1012 1642 1039 in
1665 1011 1744 1039 malis
1770 1019 1819 1047 pa-

1036 1056 1128 1083 tientia
1144 1055 1295 1091 ",Moyses
1305 1060 1331 1083 et
1344 1055 1425 1082 David
1446 1055 1652 1084 mansuetudine
1660 1056 1694 1088 “,
1711 1055 1820 1083 Samuel

1035 1101 1185 1134 vaticiniis,
1212 1100 1284 1136 quod
1317 1100 1408 1128 futura
1434 1101 1631 1135 pramuutiaret
1647 1101 1682 1134 “,
1705 1101 1820 1128 Phinees

1036 1149 1094 1174 zelo
1107 1147 1142 1181 “,
1156 1155 1209 1182 quo
1227 1154 1350 1181 magnam
1370 1147 1420 1174 sibi
1442 1147 1542 1174 famam
1558 1147 1672 1182 peperit,
1685 1147 1780 1175 Petrus
1793 1151 1822 1174 et

1035 1193 1135 1221 Paulus
1165 1193 1248 1220 animi
1279 1193 1454 1220 contentione
1484 1193 1512 1220 in
1546 1193 1692 1228 Evangelio
1721 1193 1821 1227 praedi-

1036 1239 1123 1266 cando
1134 1239 1169 1272 θ’,
1189 1238 1236 1265 ﬁlii
1248 1237 1370 1266 Zebedzei
1383 1238 1629 1274 grandiloquentia,
1645 1238 1714 1266 unde
1729 1243 1758 1266 et
1772 1238 1821 1265 lilii

1037 1284 1147 1312 tonitrui
1174 1283 1299 1319 appellati
1326 1287 1391 1311 sunt
1411 1284 1451 1318 '7;
1480 1289 1507 1311 et
1521 1284 1586 1319 quid
1602 1291 1695 1311 omnes
1710 1291 1823 1311 enume-

1036 1328 1113 1356 rem?
1139 1328 1217 1363 Apud
1244 1335 1291 1356 eos
1308 1329 1388 1360 enim,
1406 1329 1452 1363 qui
1468 1329 1526 1356 lta‘c
1548 1333 1657 1362 norunt,
1670 1328 1821 1356 orationem

1038 1376 1137 1404 habeo.
1150 1376 1185 1402 At
1201 1374 1369 1410 Stephanum
1397 1379 1425 1402 et
1447 1380 1552 1410 patrem
1578 1382 1666 1402 meum
1688 1374 1760 1401 nulla
1778 1382 1822 1402 res

1038 1421 1151 1456 perinde
1164 1421 1269 1449 nobiles
1279 1425 1307 1448 et
1324 1421 1444 1456 insignes
1457 1420 1554 1453 reddit,
1570 1427 1603 1448 ac
1618 1427 1723 1447 morum
1737 1420 1824 1455 placi-

1038 1466 1109 1493 ditas
1123 1470 1151 1493 et
1166 1465 1334 1492 innocentia.
1359 1464 1405 1491 Ille
1419 1465 1529 1500 quippe,
1550 1472 1600 1492 nec
1618 1465 1644 1492 in
1673 1465 1823 1499 periculum

1038 1512 1147 1547 quidem
1160 1511 1224 1538 vita:
1235 1510 1376 1542 adductus,
1392 1518 1452 1543 eos,
1479 1519 1493 1538 a
1509 1511 1608 1545 quibus
1629 1511 1820 1546 impetebatur.

201 1561 282 1596 μέσον
298 1559 333 1597 ἦν
347 1561 398 1596 τῆς
415 1560 584 1597 ἐπιπλήξεως
598 1560 645 1587 καὶ
664 1560 715 1596 τῆς
739 1560 873 1594 ἀφέσεως,
888 1559 926 1590 ὡς
943 1567 988 1594 μι-

1041 1557 1146 1589 oderat,
1163 1564 1256 1584 verum
1273 1563 1334 1583 cum
1362 1555 1539 1590 lapidaretur,
1565 1563 1616 1591 pro
1641 1556 1823 1591 lapidantibus

200 1608 265 1643 κροῦ
281 1608 329 1635 καὶ
343 1607 508 1635 κλέπτεσθαι
520 1607 550 1633 τὸ
563 1605 666 1633 λυποῦν
679 1605 718 1642 τῷ
730 1606 807 1641 τάχει
817 1605 868 1640 τῆς
881 1613 988 1640 συγχω-

202 1656 234 1690 ρή
239 1663 315 1687 σεως.

1041 1604 1137 1631 orabat
1147 1602 1182 1635 ³⁸,
1196 1606 1227 1629 ut
1241 1601 1342 1628 Christi
1357 1601 1516 1636 discipulus,
1536 1609 1586 1636 pro
1600 1609 1654 1637 quo
1668 1602 1749 1629 etiam
1762 1610 1823 1629 cru-

1041 1650 1143 1678 ciatum
1172 1647 1331 1679 sull‘erebat,
1361 1645 1450 1681 majus
1477 1647 1578 1682 aliQuid
1605 1653 1692 1675 morte
1715 1648 1823 1676 Christo

200 1699 328 1731 utferens,
345 1706 440 1734 nempe
453 1698 702 1734 longanimitalem;
717 1698 761 1724 hic
784 1701 874 1724 autem
887 1696 988 1723 nullum
1010 1696 1138 1730 temporis
1149 1698 1313 1721 momentum
1329 1693 1400 1720 inter
1416 1692 1632 1727 obiurgationem
1662 1698 1689 1720 et
1717 1695 1823 1722 veniam

200 1746 284 1774 ﬂuere
294 1747 446 1781 patiebatur
458 1755 465 1779 ;
476 1747 543 1773 adeo
555 1751 584 1773 ut
596 1745 752 1780 ignoscendi
764 1745 903 1772 celeritate
912 1751 1014 1772 mceror
1028 1750 1135 1778 quoaue
1152 1742 1208 1776 ipse
1226 1748 1294 1776 pene
1312 1740 1509 1775 subriperetur.

237 1793 299 1819 KE’.
317 1792 386 1819 Θεοῦ
400 1792 450 1828 μὲν
465 1793 550 1828 ὀργῆς
563 1794 678 1830 τρυγίαν
693 1793 753 1820 τινὰ
764 1792 811 1819 καὶ
825 1791 990 1827 πιστεύομεν

202 1839 249 1866 καὶ
265 1840 411 1875 ἀκούομεν,
434 1839 464 1866 τὸ
479 1840 583 1876 λεῖμμα
598 1840 653 1874 (96)
676 1840 726 1875 τῆς
745 1839 815 1866 κατὰ
831 1838 885 1864 τῶν
908 1837 990 1870 ἀξίων

203 1886 337 1921 κινήσεως
349 1895 356 1900 ·
372 1886 466 1921 ἐπειδὴ
483 1886 549 1918 Θεὸς
569 1886 733 1922 ὲκδικήσεων
756 1884 869 1919 Κύριος.
889 1884 921 1910 Et
936 1884 990 1919 γὰρ

203 1931 250 1956 καὶ
266 1929 350 1956 κλίνει
371 1930 416 1957 διὰ
434 1930 636 1967 φιλανθρωπίαν
654 1931 685 1957 ὲκ
703 1930 749 1957 τοῦ
767 1930 905 1965 ἀποτόμου
923 1929 990 1965 πρὸς

202 1974 233 2000 τὸ
246 1975 396 2011 ἐνδόσιμον,
408 1976 468 2003 ἀλλ’
486 1977 516 2003 οὺ
538 1977 626 2011 πάντη
646 1977 783 2012 συγχωρεῖ
797 1977 853 2007 τοῖς
866 1975 991 2010 ἁμαρτά-

202 2029 303 2054 νουσιν,
322 2022 365 2048 ἵνα
383 2022 469 2058 μὴτῇ
494 2016 658 2058 χρηστότητι
676 2022 784 2058 χείρους
799 2021 937 2055 γίνωνται.
962 2021 991 2046 '0

202 2067 231 2094 δὲ
245 2068 321 2095 οὐδὲν
346 2069 495 2103 ὑπεκράτει
513 2069 567 2105 (97)
586 2070 642 2100 τοῖς
661 2067 852 2104 παροξύνουσι,
869 2067 991 2101 καίτοιγε

203 2114 263 2140 οὐδὲ
276 2115 449 2141 παντάπασιν
471 2115 591 2150 ἄτρωτος
608 2112 642 2150 ἦν
661 2113 750 2149 θυμῷ,
774 2114 824 2140 κάν
837 2113 893 2145 τοῖς
909 2121 991 2139 πνευ-

206 2162 330 2194 ματικοῖς
345 2161 463 2196 μάλιστα
477 2161 515 2196 τῷ
529 2161 582 2196 (98)
600 2160 673 2196 ζήλῳ
696 2159 847 2195 νικώμενος
857 2168 864 2174 ·
879 2159 949 2194 πλὴν
967 2159 993 2185 el.’

205 2215 256 2233 που
274 2206 351 2242 τύχοι
363 2207 620 2242 παρεσκευασμένος
636 2207 683 2233 καὶ
698 2206 880 2241 ὡπλισμένος,
895 2206 942 2232 καὶ
954 2205 991 2237 ὡς

204 2251 273 2287 πρδς
290 2252 434 2279 ἀντίπαλον
449 2253 480 2279 τὺ
496 2252 614 2288 λυπῆσον
632 2251 773 2287 πόρρωθεν
785 2250 993 2286 παρατεταγμέ-

204 2305 259 2328 νος.
274 2296 352 2324 Οὕτω
361 2297 389 2323 δὲ
400 2297 453 2324 οὐδ’
469 2297 501 2324 ἂν
517 2298 628 2333 μυριάσι
643 2296 819 2332 μετεκινήθη.
831 2296 861 2322 τὸ
872 2295 905 2331 δὴ
917 2295 993 2329 λεγό-

207 2352 296 2378 μενον,
313 2344 360 2371 καὶ
380 2345 458 2371 τοῦτο
480 2344 584 2370 ἐκείνου
611 2343 697 2378 γλυκὺ
720 2343 752 2369 τὸ
775 2342 869 2374 πάθος.
890 2342 919 2368 '0
943 2341 992 2376 μὲν

204 2389 259 2424 γὰρ
272 2389 355 2424 θυμὸς
367 2387 400 2424 ἦν
413 2389 496 2424 αὐτῷ,
508 2390 537 2416 οὑ
552 2388 624 2415 κατὰ
635 2389 685 2425 τὴν
696 2388 824 2424 ὁμοίωσιν
837 2386 884 2414 τοῦ
893 2387 991 2421 ὄφεως,

1077 1788 1159 1817 XXV.
1176 1790 1215 1816 Ac
1229 1796 1278 1816 nos
1288 1788 1396 1824 quidem
1420 1788 1563 1822 quamdam
1590 1788 1638 1815 ira:
1656 1787 1754 1816 divinae
1776 1788 1825 1816 fae-

1041 1844 1099 1864 cem
1115 1836 1147 1869 “,
1164 1839 1191 1862 et
1209 1835 1355 1866 credimus,
1371 1838 1399 1861 et
1413 1834 1550 1866 audimus.
1565 1833 1616 1860 hoc
1633 1839 1692 1866 est,
1704 1841 1825 1862 commo-

1043 1881 1126 1909 tionis
1138 1881 1267 1908 adversus
1281 1888 1340 1912 eos,
1353 1880 1399 1914 qui
1429 1886 1461 1906 ea
1487 1879 1558 1914 digni
1579 1883 1654 1913 sunt,
1670 1880 1823 1914 residuum;

1042 1926 1259 1962 quandoquidem
1289 1925 1359 1953 Deus
1388 1925 1522 1952 ullionum
1547 1925 1677 1953 Dominus
1690 1926 1725 1953 7°.
1749 1926 1825 1954 Licet

1041 1972 1114 1999 enim
1132 1979 1181 2006 pro
1194 1978 1242 1997 sua
1258 1969 1425 2004 benignitate
1442 1973 1522 2003 atque
1538 1969 1682 1997 clementia
1696 1978 1729 1998 ex
1743 1979 1824 1999 seve-

1043 2018 1124 2045 ritate
1134 2017 1169 2044 ad
1187 2016 1342 2044 facilitatem
1356 2020 1383 2043 et
1394 2016 1499 2043 veniam
1515 2016 1636 2050 inclinet,
1651 2019 1825 2052 peccantibus

1043 2069 1133 2090 tamen
1146 2070 1198 2090 non
1212 2063 1324 2090 omnino
1338 2062 1461 2097 ignoscit,
1477 2069 1511 2089 ne
1522 2062 1691 2098 benignitate
1707 2065 1826 2093 deterio<

1043 2117 1086 2137 res
1099 2110 1176 2136 liant.
1192 2109 1227 2135 At
1242 2114 1318 2143 pater
1333 2108 1366 2135 iis
1381 2115 1396 2134 a
1417 2108 1513 2142 quibus
1535 2109 1733 2144 concitabatur,
1758 2111 1826 2139 nihil

1043 2155 1211 2187 reservabat,
1226 2156 1267 2181 vir
1279 2153 1378 2189 alioqui
1402 2153 1437 2180 ab
1449 2154 1597 2181 iracundia:
1607 2154 1764 2184 vulneribus
1773 2165 1826 2184 non

1043 2204 1154 2234 prorsus
1171 2199 1310 2230 immunis.
1322 2206 1353 2225 ac
1364 2198 1513 2234 praesertim
1529 2199 1570 2233 _in
1587 2198 1668 2226 rebus
1680 2199 1828 2234 spirituali-

1043 2247 1102 2280 bus,
1118 2246 1144 2273 in
1157 2245 1256 2280 quibus
1272 2252 1286 2272 a
1298 2245 1355 2271 zelo
1367 2244 1540 2277 vincebatur;
1556 2245 1607 2272 nisi
1634 2244 1704 2273 forte
1715 2252 1828 2281 paratus

1043 2297 1069 2319 et
1087 2296 1210 2318 armatus
1233 2295 1317 2322 esset,
1343 2294 1425 2324 atque
1452 2289 1582 2317 adversus
1596 2290 1633 2322 id,
1649 2291 1721 2325 quod
1740 2292 1827 2320 mole-

1044 2338 1122 2365 stiam
1137 2337 1282 2363 allaturum
1297 2340 1367 2367 erat,
1395 2339 1524 2369 tanquam
1544 2335 1673 2363 adversus
1698 2336 1828 2364 hostema

1045 2383 1192 2418 longinquo
1221 2382 1370 2408 instructus
1389 2385 1415 2408 et
1432 2380 1583 2415 expeditus.
1605 2380 1652 2408 Sic
1671 2382 1741 2409 enim
1764 2389 1798 2409 ne
1812 2390 1827 2409 a

203 2433 309 2461 lvBost
322 2434 496 2470 ὑποσμύχων,
513 2435 560 2461 καὶ
575 2434 642 2469 πρὸς
657 2434 762 2469 ἄμυναν
774 2432 918 2469 εὐτρεπὴς,
931 2432 988 2458 οὐδὲ

1045 2429 1212 2464 myriadibus
1226 2428 1346 2462 quidem,
1362 2431 1392 2453 ut
1413 2426 1467 2453 dici
1493 2427 1572 2460 solet,
1598 2432 1703 2455 emotus
1720 2428 1825 2461 fuisset,

205 2481 245 2510 είς
260 2479 344 2515 ὀργὴν
370 2480 478 2514 φθάνων
503 2481 535 2506 ὲκ
557 2479 604 2506 τοῦ
633 2479 740 2515 πρώτου
763 2480 921 2514 κινήματος,
945 2477 991 2503 καὶ

205 2524 365 2556 ἀντιδόσεως
388 2525 492 2560 ἔφεσιν,
509 2525 577 2552 ἀλλὰ
594 2524 665 2551 κατὰ
689 2524 719 2551 τὸ
743 2524 855 2560 κέντρον
870 2523 919 2559 τῆς
943 2531 991 2558 με-

240 2581 263 2597 ⁶¹
275 2581 324 2609 Job
336 2590 357 2614 ι,
370 2583 416 2609 21.
474 2583 498 2599 ⁸³
514 2582 594 2609 Num.
617 2582 714 2612 “1,5;
735 2580 806 2607 Psal.
820 2588 912 2611 cxxxt,
931 2579 955 2605 l.

1011 2576 1034 2592 “
1051 2575 1060 2602 Ι
1075 2575 1141 2610 Reg.
1159 2583 1198 2607 ix,
1211 2574 1239 2601 9.

1045 2476 1109 2508 quin
1130 2473 1222 2500 suavis
1235 2479 1344 2506 quoque
1360 2472 1404 2498 hic
1428 2471 1501 2499 illius
1531 2472 1616 2498 animi
1647 2476 1736 2499 motus
1755 2477 1824 2499 erat.

1045 2519 1132 2560 Furor
1147 2519 1218 2546 enim
1234 2519 1282 2553 ipsi
1300 2526 1353 2545 nou
1378 2518 1526 2545 secundant
1553 2517 1755 2546 similitudinem
1769 2526 1827 2546 ser-

1295 2574 1317 2589 ⁶¹
1333 2573 1412 2600 Num.
1430 2581 1511 2606 xxxv,
1525 2573 1550 2601 7.
1603 2573 1625 2589 “
1642 2573 1730 2601 Galat.
1745 2581 1777 2607 tt,
1797 2573 1824 2602 7.

207 2616 228 2632 "
250 2609 392 2650 Marc.'iu,
411 2619 454 2645 l7.
493 2618 516 2634 "
530 2619 590 2645 Act.
605 2609 721 2649 vn,'59'.
761 2617 782 2632 θ’
808 2616 879 2643 Ρειιι.
900 2609 988 2647 Lxxiv,

1072 2611 1096 2627 ⁷⁰
1116 2609 1188 2637 l'sal.
1206 2617 1282 2641 .\'Clll,
1299 2609 1323 2636 1.

242 2673 297 2710 (89)
327 2674 501 2710 ὀρώμενον.
521 2675 564 2702 Sic
588 2676 672 2710 Regg.
699 2683 725 2708 a,
745 2676 801 2708 blll,
819 2677 871 2702 dun
896 2673 990 2705 Coisl.,

207 2714 234 2735 et
312 2709 381 2746 ltrln
396 2712 451 2742 ed.,
467 2710 605 2746 ὁρώμενα.

255 2744 299 2778 90)
325 2745 434 2778 Ἐντός.
453 2744 500 2773 0r.
518 2744 544 2777 ί,
560 2746 594 2772 τὰ
606 2747 690 2778 ἐντός.

255 2779 299 2812 91)
327 2779 501 2807 Ἰδιώτατον.
518 2781 574 2807 Duo
588 2781 678 2814 Colb.,
695 2780 851 2808 ἱδιαὶτατον.

210 2813 300 2875 mli?)
325 2814 436 2849 Πέτρος
460 2816 508 2842 καὶ
535 2817 664 2849 Παῦλος.
689 2817 736 2844 Οι·.
761 2817 786 2849 l,
817 2815 920 2847 Παῦλος
947 2815 993 2841 καὶ

242 2864 244 2866 τ
284 2857 321 2875 ος.

236 2855 321 2883 ετρος.

246 2882 301 2919 (95)
322 2884 364 2911 ·ο.
385 2884 431 2912 Or.
447 2885 474 2916 ι,
489 2882 510 2919 ᾧ

1077 2670 1132 2707 (9L)
1153 2669 1379 2707 Καταριθμοζην.
1397 2667 1450 2707 0r._
1463 2668 1488 2700 Ι,
1504 2668 1735 2707 καταριθμιέμῃν.

1077 2703 1133 2741 (95)
1151 2704 1304 2741 Στεφάνου
1318 2703 1363 2735 δέ,
1376 2708 1429 2731 etc.
1442 2703 1470 2728 In
1487 2704 1632 2735 nonnullis,
1648 2703 1783 2738 Στέφανον
1795 2703 1824 2730 δι

1041 2739 1089 2768 καί
1100 2742 1145 2767 τὸν
1157 2741 1223 2775 ἐμὸν
1234 2739 1349 2774 πατέρα.

1079 2777 1135 2810 (96)
1157 2773 1279 2809 Ᾰεῖμμα.
1293 2775 1359 2809 tteg.
1373 2781 1399 2806 a,
1413 2773 1529 2801 secunda
1540 2781 1632 2806 manu,
1645 2774 1690 2801 sed
1701 2774 1823 2809 antiqua,

1041 2813 1149 2848 λῆμιέαι

1079 2843 1134 2882 (97)
1157 2844 1336 2882 ςγςτεχράτει.
1355 2843 1420 2882 ἷξες.
1436 2852 1461 2882 ιι.
1475 2843 1630 2882 ὲπεκρέτει.

1080 2879 1134 2916 (98)
1156 2880 1209 2914 Τῷ.
1226 2881 1300 2907 Decsr
1319 2880 1344 2906 in
1362 2879 1427 2914 Reg.
1449 2880 1507 2911 but,
1521 2885 1546 2906 et
1563 2879 1607 2906 Οι·.
1629 2879 1652 2906 ι.
