2049 3143
210 167 278 194 1015

812 171 841 199 S.
863 171 1026 199 GREGORH
1046 170 1220 199 TllEOLOGl

1762 170 1830 197 1016

205 225 300 262 peritis
316 225 337 241 "
348 229 420 258 erat,
432 226 552 253 animum
569 226 845 261 inteme-incendens.
864 236 891 256 et
903 231 937 257 ad
954 230 993 257 ul-

1048 230 1139 265 λίσσης
1152 229 1213 265 δίχα
1226 228 1274 255 τοῦ
1298 228 1428 267 θανατοῦν
1445 227 1490 255 τὸν
1511 227 1696 263 πλησσόμενον
1707 227 1778 262 (99)·
1799 228 1831 254 τὺ

212 272 316 298 tionem
332 276 453 305 paratus,
468 277 549 306 atque
561 280 595 300 ex
613 274 701 306 primo
722 280 794 302 motu
817 275 853 302 ad
881 276 948 303 iram
967 281 994 303 et

212 317 360 344 vindictam
377 318 569 352 progrediens;
596 327 689 346 verum
708 320 767 354 apis
789 322 885 349 aculeo
898 322 994 350 similis

209 363 254 396 qui
271 364 307 390 ita
322 363 425 397 pungit.
438 367 467 391 ut
484 370 598 392 mortem
612 372 664 393 non
678 365 789 394 allerat:
805 372 832 394 at
849 373 921 394 tanta
934 371 994 394 erat

211 409 297 442 ipsius
318 409 478 443 benignitas,
491 415 590 444 quanta
607 419 656 438 nec
669 413 702 439 ab
714 413 821 440 homine
835 412 993 448 postulanda

209 453 328 480 videtur.
344 453 428 482 Rotas
440 459 468 482 et
487 454 572 490 ﬂagra
588 463 659 491 saepe
670 457 835 490 minabatur,
848 465 879 485 ac
895 463 994 492 pratsto

210 503 299 529 erant.
320 501 366 534 qui
382 501 439 528 haec
453 501 632 534 exhiberem;
661 503 812 537 periculum
838 508 936 535 autem,
953 503 994 530 vel

211 543 239 570 in
255 543 360 571 aurium
374 546 614 580 compressionem,
642 547 685 575 vel
698 548 724 574 in
750 555 879 582 genarum
901 552 996 576 contu-

212 590 330 621 meliam.
341 591 381 618 vel
390 591 416 618 in
428 592 559 627 impaclas
568 592 664 627 pugnis
673 593 777 628 alapas,
787 593 935 620 desinebat.
949 593 995 621 Sic

211 635 291 662 mina:
305 635 487 664 solvebantur.
501 637 582 673 347
605 637 694 666 Vestis
714 643 741 665 et
755 639 935 666 calceamenta
947 639 995 665 de-

212 680 399 713 trahebantur,
409 686 491 717 atque
503 683 577 710 humi
588 686 690 710 stratus
698 683 818 718 jacebat,
830 684 876 718 qui
889 683 995 711 facinus

213 724 322 759 aliquod
337 733 526 762 perpetrarat:
545 733 638 762 postea
656 729 796 757 iracundia
813 737 867 758 non
882 730 909 756 in
921 737 993 761 eum,

214 771 261 804 qui
275 771 435 804 injustitiant
451 772 563 806 fecerat,
585 775 633 802 sed
657 774 684 802 in
700 783 773 808 eum,
799 776 846 811 qui
870 779 995 810 prompto

1045 275 1074 302 δὲ
1099 275 1288 310 φιλάνθρωπον
1313 274 1383 309 ὑπὲρ
1410 274 1562 310 ἄνθρωπον.
1586 273 1684 308 Τροχοὶ
1703 273 1830 304 πολλάκις

1043 321 1203 356 ὴπειλοῦντο
1226 321 1274 347 καὶ
1303 321 1443 356 μάστιγες.
1471 321 1520 346 καὶ
1547 320 1572 346 οἱ
1597 319 1831 355 παραστησάμενοι

1043 367 1172 402 τιλησίον·
1189 366 1237 392 καὶ
1256 367 1271 392 ό
1293 366 1413 397 κίνδυνος
1429 363 1464 401 ἦν
1484 365 1560 392 ὢτων
1581 365 1618 399 (1)
1635 366 1733 400 θλίψις,
1747 365 1763 399 ἥ
1780 374 1832 391 πα-

1044 412 1124 447 ρειῶν
1147 411 1240 447 ὕϐρεις
1259 411 1309 446 (Ξ),
1334 411 1350 446 ἢ
1376 411 1428 444 πὺξ
1455 411 1526 437 κατὰ
1551 411 1666 446 κόρρης·
1691 411 1761 437 οὕτω
1782 410 1831 446 τήν

1041 457 1157 492 ἀπειλὴν
1174 457 1292 484 διελύετο
1306 457 1356 491 (5).
1378 456 1475 492 Ἑσθὴς
1493 458 1650 492 περιῃρεῖτο
1666 456 1713 482 καὶ
1729 455 1831 490 ὑποδή-

1045 511 1128 538 ματα.
1142 503 1189 529 καὶ
1204 503 1273 529 κατὰ
1288 502 1340 536 γῆς
1359 503 1374 528 ὁ
1390 503 1558 538 κακοῦργος·
1575 501 1634 528 εἶτα
1650 503 1665 528 ό
1679 501 1764 537 θυμὸς
1781 502 1832 528 οὐκ

1044 547 1090 574 ἐπὶ
1103 547 1149 574 τὸν
1169 547 1317 582 ἠδικηκότα
1342 546 1392 582 (Il),
1415 547 1461 574 τὸν
1480 547 1507 574 δὲ
1532 547 1679 584 προθύμως
1696 547 1832 582 ὑπουργή-

1048 601 1141 625 σαντα,
1154 592 1191 624 ὡς
1203 592 1295 618 κακῶν
1307 592 1457 628 ὑπηρέτην.
1470 593 1532 624 Πῶς
1542 594 1573 620 ἄν
1584 602 1625 624 τις
1638 593 1735 627 μᾶλλον
1746 592 1831 627 ἐφάνη

1047 638 1163 674 χρηστὸς
1175 638 1223 670 ὢν,
1244 638 1260 674 ἢ
1274 637 1333 673 Θεῷ
1350 638 1423 674 δῶρα
1438 639 1602 674 προσερέρειν
1618 639 1710 670 ἁξιος;
1725 639 1761 664 Οὐ
1777 638 1832 673 γὰρ

1047 684 1145 717 ἔφθανε
1168 683 1344 718 κεκινημένος
1370 684 1515 716 πολλάκις,
1540 684 1586 710 καὶ
1605 684 1832 719 ὑπεραπελογεῖτο

1047 729 1093 755 τοῦ
1110 728 1277 763 κινήσαντος,
1300 728 1435 764 ἐρυθριῶν
1454 729 1492 760 ὡς
1516 730 1635 762 οἰκείοις,
1657 731 1714 761 τοῖς
1729 729 1832 757 ἐκείνου

1047 774 1226 809 πταίσμασιν.

211 821 293 852 atque
309 818 423 853 impigre
453 819 631 852 observierat,
656 826 686 848 ut
700 821 832 848 malorutn
860 822 1028 853 ministrum,
1049 828 1078 847 se
1097 819 1284 846 convertebat.
1296 819 1418 853 Quonam
1436 825 1526 848 autem
1540 821 1618 848 modo
1630 821 1772 856 quisquam
1785 822 1833 849 be-

213 864 322 899 nignior
337 865 421 893 videri
437 866 579 901 potuisset,
596 873 643 894 aut
656 868 773 903 dignior,
798 869 843 904 qui
874 868 942 895 dona
957 867 1011 894 Deo
1029 866 1157 893 oﬂ‘erret?
1185 864 1262 900 Sazpe
1275 866 1347 893 enim
1371 866 1413 893 vix
1432 867 1595 894 commomri
1617 872 1747 901 coeperat,
1762 875 1823 894 cum

211 917 287 944 eum,
304 918 319 938 a
333 918 389 946 quo
400 917 551 940 commotus
584 912 682 946 fueral,
712 914 804 941 statint
838 914 998 946 excusabat,
1016 913 1051 940 ob
1071 912 1142 940 illius
1171 917 1293 945 peccata,
1324 920 1378 939 non
1411 919 1489 940 secus
1515 916 1594 946 atque
1607 911 1642 938 oh
1663 918 1723 944 sua,
1738 911 1834 938 erube-

215 964 306 985 SCCI’IS.

250 1001 346 1030 XXVI.
367 1001 422 1029 Bos
436 1001 525 1036 pctius
545 1001 629 1028 solem
640 1001 791 1028 matutinos
806 1001 896 1029 radios
905 1001 998 1028 diﬂ'un-

1084 1003 1156 1036 ΚΦ.
1177 1002 1277 1038 Δρόσος
1306 1002 1452 1037 ὑφίσταται
1481 1001 1580 1037 μᾶλλον
1601 1001 1716 1037 ἡλιακὴν
1737 1001 1835 1028 ἀκτῖνα

213 1049 324 1076 dentem
339 1048 525 1080 sustinuisset,
538 1055 618 1081 quam
633 1052 661 1074 ut
673 1047 739 1082 quid
757 1047 904 1074 iracundiae
918 1047 945 1074 in
958 1048 998 1083 ip-

215 1093 273 1121 sius
286 1093 378 1120 animo
392 1092 534 1121 resideret.
542 1092 629 1120 Simul
644 1093 717 1120 enim
730 1097 811 1128 atque
827 1093 996 1128 loquebatur,

215 1143 340 1174 protinus
356 1138 507 1174 indignatio
520 1145 582 1165 cum
604 1139 696 1165 verbis
723 1138 895 1170 abscedebat,
910 1139 997 1166 solum

213 1184 358 1218 probitatis
376 1191 494 1211 amorem
509 1183 620 1211 inﬁxum
646 1183 811 1218 relinquens,
829 1191 878 1211 nec
894 1183 998 1211 tardius

213 1238 334 1266 unquam
351 1231 409 1258 sole
424 1229 663 1264 occumbens;nee
685 1230 763 1262 iram,
779 1238 838 1266 qua:
857 1231 997 1265 prudenti-

214 1277 265 1304 hus
279 1278 360 1304 etiam
376 1277 444 1304 viris
460 1277 572 1304 exitium
589 1276 679 1310 allert,
693 1277 798 1310 fovens,
813 1281 860 1305 aut
880 1277 997 1310 aliquam

215 1322 275 1350 vitii
290 1323 332 1350 sui
349 1328 443 1351 notam
469 1324 575 1358 corpori
594 1323 761 1358 imprimens,
781 1328 874 1358 utpote
890 1324 945 1357 cui,
970 1325 997 1350 in

214 1369 274 1403 ipsa
285 1375 391 1404 quoque
403 1368 485 1396 animi
500 1369 714 1403 perturbatione,
737 1377 786 1396 sua
797 1375 934 1398 constaret
949 1378 993 1398 se-

218 1414 329 1442 renitas.
344 1414 401 1442 Hoc
418 1415 511 1449 igitur,
542 1415 612 1448 quod
629 1415 746 1443 maxime
773 1416 925 1443 mirandum
945 1421 996 1450 est,

216 1461 269 1495 ipsi
289 1460 471 1496 contingebat,
487 1468 539 1488 non
555 1461 663 1496 quidem
689 1467 718 1489 ut
742 1462 816 1490 solus
832 1463 996 1498 objurgaret,

218 1506 266 1534 sed
285 1511 314 1533 nt
329 1506 401 1534 solus
414 1507 448 1534 iis
456 1507 546 1538 etiam,
561 1507 657 1542 quibus
671 1509 857 1544 succensebat,
873 1515 901 1537 ct
913 1513 997 1538 antori

217 1557 245 1579 et
259 1552 431 1580 admirationi
448 1557 529 1585 esset,
548 1553 713 1588 benignitate
725 1555 850 1583 videlicet
865 1556 998 1584 fervorem

219 1602 384 1632 superante:
398 1605 431 1625 ac
446 1597 577 1632 profecto.
591 1606 608 1625 a
625 1599 684 1626 viro
705 1599 780 1633 justo
800 1601 898 1635 corripi
913 1603 999 1631 satius

218 1649 273 1676 est,
288 1651 369 1678 quatn
385 1644 420 1671 ab
432 1643 555 1678 itnprobo
572 1644 683 1679 inungi;
699 1645 771 1672 illitts
780 1646 851 1673 enim
866 1648 999 1681 asperitas

216 1686 299 1713 etiam
320 1690 429 1721 propter
445 1687 590 1714 utilitatem
610 1689 701 1716 suavis
728 1695 787 1723 est,
803 1690 881 1726 hujus
903 1698 999 1720 contra

216 1732 252 1758 ob
261 1738 366 1758 morum
374 1733 578 1766 perversitatem
590 1732 740 1768 benignitas
748 1743 855 1770 quoque
863 1743 998 1772 suspecta.

215 1777 379 1812 Quanquam
395 1783 486 1806 autent
500 1779 592 1806 animo
617 1780 654 1810 ita
677 1786 847 1815 comparatus
863 1788 947 1815 esset,
967 1791 1000 1812 ac

217 1821 308 1848 divina
324 1822 442 1855 quadam
458 1830 563 1851 morutn
588 1825 763 1859 simplicitate
782 1827 921 1861 praeditus,
936 1836 1000 1856 cau-

217 1867 368 1894 tumeliosis
385 1873 473 1896 tamen
487 1872 514 1896 et
528 1869 712 1903 petulantibus
726 1871 881 1900 hominibus
894 1874 929 1900 ob
943 1874 1000 1908 pie-

221 1917 306 1939 tatem
324 1913 422 1940 terrori
447 1918 523 1946 erat;
554 1914 619 1947 imo,
637 1920 664 1942 ut
686 1916 788 1944 rectius
807 1917 910 1952 loquar,
928 1919 999 1945 nulla

222 1965 268 1985 res
284 1958 336 1984 alia
353 1958 418 1993 ipsis
435 1959 504 1986 adeo
522 1961 612 1994 gravis
642 1966 711 1994 erat,
741 1970 822 1996 quam
847 1970 999 2000 contempta

218 2003 390 2039 simplicitas.
407 2003 465 2031 Non
479 2005 551 2031 enim
577 2005 636 2032 ﬁeri
658 2011 774 2041 poterat,
797 2015 859 2035 cum
875 2009 999 2043 cuiquam

218 2052 308 2079 fausta
323 2050 365 2078 vel
381 2050 499 2078 infausta
516 2057 685 2086 precaretur,
699 2053 765 2088 quin
785 2054 810 2081 ei
838 2055 941 2087 statim,
958 2055 999 2082 vel

218 2099 376 2125 diuturnum
390 2098 497 2133 aliquod
518 2099 630 2132 bonum,
657 2100 699 2127 vel
720 2101 828 2128 brevem
851 2101 1002 2129 molestiam

176 2181 180 2184 _
219 2144 340 2172 all’erret.
355 2145 424 2172 illud
438 2145 509 2172 enim
525 2145 560 2172 ab
573 2145 667 2173 intimo
683 2153 791 2181 pectore
808 2148 1001 2182 proﬁcisceba-

218 2195 280 2224 tur;
296 2191 367 2218 istud
390 2195 482 2218 autem
512 2191 538 2218 in
556 2192 685 2219 extremis
703 2197 806 2220 tantum
829 2193 907 2221 labiis
921 2195 1001 2222 situm

218 2240 289 2268 erat,
306 2243 338 2263 ac
353 2241 473 2271 paternte
488 2237 628 2271 cujusdam
653 2237 852 2272 obiurgationis
870 2239 1001 2267 rationem

219 2281 346 2310 habebat.
359 2281 450 2310 Multis
459 2283 650 2316 quidemcerte
664 2290 698 2311 ex
714 2283 760 2316 iis,
775 2291 790 2311 a
810 2284 907 2319 quibus
915 2284 1002 2312 offen-

253 2349 278 2365 "
289 2348 362 2377 Psal.
374 2357 441 2383 Lvn,
464 2350 491 2377 5.

1049 1048 1147 1076 ἐωθινὰ
1161 1048 1321 1084 βάλλουσαν,
1338 1049 1356 1084 ἧ
1367 1057 1394 1075 τι
1407 1048 1561 1084 παρέμενεν
1575 1047 1672 1082 ἐκείνῳ
1683 1047 1769 1082 Θυμοῠ
1780 1046 1835 1074 λεί-

1047 1094 1130 1129 ψανον
1139 1102 1145 1108 ·
1159 1094 1215 1120 ἀλλ’
1228 1093 1296 1130 ὁμοῦ
1310 1102 1341 1120 τε
1356 1093 1513 1128 ἐφθέγγετο,
1529 1093 1577 1119 καὶ
1598 1094 1612 1119 ὁ
1627 1092 1705 1127 χόλος
1726 1092 1764 1127 (5)
1778 1093 1835 1124 τοῖς

1049 1140 1153 1175 ῥήμασι
1169 1140 1368 1175 συναπήρχετο,
1392 1139 1472 1174 μόνον
1484 1139 1563 1174 ἀφεὶς
1575 1138 1606 1165 τὸ
1618 1138 1775 1173 φιλάγαθον,
1787 1137 1836 1165 κα).

1030 1202 1039 1208 -
1048 1185 1146 1212 obrui-:5
1159 1184 1234 1221 ἡλίου
1249 1186 1344 1220 φανεὶς
1356 1185 1523 1220 μακρότερος
1532 1193 1540 1200 ·
1555 1184 1615 1211 οὐδὲ
1626 1183 1675 1220 τὴν
1688 1183 1834 1211 ἀπολλύου-

1049 1239 1098 1257 σαν
1111 1231 1157 1257 καὶ
1177 1231 1326 1266 φρονίμους
1340 1231 1424 1266 ὀργὴν
1439 1231 1611 1266 γεωργήσας.
1631 1231 1648 1266 ἡ
1663 1239 1689 1257 τι
1707 1231 1756 1265 τῆς
1771 1231 1835 1256 ἑαυ-

1048 1276 1094 1303 τοῦ
1110 1277 1210 1308 κακίας
1227 1277 1382 1312 ὲνσημήνας
1394 1276 1432 1311 τῷ
1444 1276 1559 1311 σώματι,
1574 1276 1604 1302 τὸ
1619 1276 1648 1302 δὲ
1658 1275 1772 1310 γαληνὸν
1783 1275 1838 1302 δια-

1050 1322 1144 1354 σώζων
1156 1322 1207 1348 κάν
1223 1321 1263 1357 τῷ
1279 1323 1419 1357 κινήματι.
1435 1321 1583 1357 Τοιγαροῦν
1596 1321 1750 1348 συνέϐαινεν
1764 1322 1836 1348 ὲκεί-

1049 1377 1087 1403 νῳ
1109 1368 1140 1394 τὸ
1156 1368 1382 1404 παραδοξότατον,
1398 1369 1427 1394 οὐ
1443 1368 1516 1403 μόνῳ
1539 1368 1588 1403 μὲν
1605 1369 1744 1403 ἐπιτιμᾷν,
1763 1368 1836 1403 μόνῳ

1048 1415 1076 1441 δὲ
1091 1415 1143 1441 ὑπὸ
1157 1415 1211 1441 τῶν
1227 1414 1434 1449 ἐγκαλουμένων
1449 1413 1607 1448 άγαπᾶσοαί
1624 1422 1652 1439 τε
1667 1413 1714 1440 κα)¹
1729 1413 1836 1448 θαυμά-

1050 1461 1154 1493 ζεσθαι,
1178 1461 1308 1492 νικῶντος
1329 1459 1377 1487 τοῦ
1396 1459 1515 1495 χρηστοῦ
1535 1459 1572 1494 (6)
1598 1459 1648 1494 τὴν
1664 1459 1836 1494 θερμότητα·

1050 1507 1096 1534 καὶ
1117 1507 1200 1538 ὅντως
1219 1506 1380 1541 τιμιώτερον
1401 1504 1469 1532 εἶναι
1494 1505 1524 1531 τὸ
1540 1505 1578 1540 (7)
1599 1505 1638 1540 τῷ
1654 1505 1751 1539 δικαίῳ
1777 1513 1838 1530 παι-

1048 1552 1185 1584 δεύεσθαι,
1199 1551 1216 1587 ἦ
1233 1551 1272 1586 τῷ
1284 1551 1395 1587 πονηρῷ
1412 1551 1622 1586 καταλείφεσοαι
1632 1559 1639 1566 ο
1656 1550 1702 1582 τοῦ
1720 1551 1768 1586 μὲν
1783 1551 1838 1586 γὰρ

1050 1599 1098 1626 καὶ
1112 1599 1143 1625 τὸ
1154 1600 1240 1634 τραχὺ
1253 1598 1388 1634 προσηνὲς
1403 1598 1448 1624 διὰ
1459 1599 1507 1633 τὴν
1524 1598 1667 1632 ὠφέλειαν,
1687 1597 1735 1624 τοῦ
1749 1598 1777 1624 δὲ
1790 1598 1838 1624 καὶ

1049 1645 1079 1672 τὺ
1094 1645 1213 1680 χρηστὸν
1229 1645 1348 1671 ὕποπτον
1363 1644 1407 1670 διὰ
1424 1644 1455 1670 τὺ
1466 1643 1609 1678 κακόηθες.
1626 1643 1734 1678 Καίπερ
1749 1642 1778 1669 δὲ
1791 1642 1837 1669 οὖ-

1013 1675 1033 1704 C
1049 1699 1104 1721 τως
1120 1690 1189 1725 ἒχων
1209 1689 1296 1724 ψυχῆς
1312 1688 1359 1715 καὶ
1375 1689 1456 1724 ἤθους
1476 1688 1605 1715 ἀπλοῖκοῦ
1629 1689 1676 1714 καὶ
1694 1687 1836 1720 θεοειδοΰς,

1052 1737 1128 1772 ὅμως
1151 1736 1190 1771 (8)
1212 1746 1239 1762 τι
1255 1738 1311 1768 τοῖς
1328 1737 1469 1771 ὑϐρισταῖς
1486 1736 1532 1762 καὶ
1546 1736 1660 1771 φοϐερὸς
1674 1733 1707 1771 ἦν
1729 1735 1772 1762 διὰ
1787 1735 1838 1771 τὴν

1051 1783 1191 1810 εὐσέϐειαν
1203 1791 1209 1798 ·
1227 1783 1326 1818 μᾶλλον
1348 1782 1376 1808 δὲ
1388 1782 1446 1809 οὐδὲ
1463 1781 1528 1809 ἄλλο
1543 1791 1569 1808 τι
1584 1782 1614 1808 τὸ
1626 1782 1742 1816 πλῆττον
1757 1779 1801 1816 ἦν,
1819 1782 1836 1817 ἢ

1052 1828 1171 1864 ἁπλότης
1181 1826 1432 1863 καταφρονουμένη.
1451 1826 1488 1853 Οὐ
1507 1826 1561 1860 γὰρ
1572 1824 1605 1862 ἦν
1618 1826 1699 1853 αὑτὸν
1712 1826 1803 1862 εὐχῆς,
1819 1826 1837 1862 ἢ

1052 1873 1175 1909 κατάρας
1195 1873 1327 1908 προέσθαι
1342 1872 1426 1908 ῥῆμα,
1440 1872 1487 1899 καὶ
1507 1872 1544 1907 μή
1561 1880 1588 1898 τι
1600 1871 1691 1898 δοῦναι
1707 1871 1839 1907 παραυτί-

1053 1929 1099 1951 κα,
1116 1920 1132 1955 ἢ
1152 1919 1251 1954 ἀγαθὸν
1274 1918 1393 1954 διαρκὲς.
1415 1917 1432 1952 ἦ
1460 1917 1582 1953 λυπηρὸν
1603 1917 1784 1952 πρόςκαιροψ
1808 1916 1839 1942 τὸ

1055 1966 1104 2002 μὲν
1123 1966 1177 2001 γὰρ
1193 1963 1227 2000 ἦν
1248 1965 1280 1990 ἐκ
1297 1964 1394 1999 βάθους
1409 1963 1508 1998 ψυχῆς,
1525 1963 1558 2001 το
1571 1963 1600 1988 δὲ
1619 1963 1664 1988 ἐπὶ
1678 1963 1777 1997 χείλεσι
1794 1963 1840 1998 μό-

1053 2021 1109 2044 νον,
1129 2011 1175 2038 καὶ
1193 2011 1313 2046 πατρική
1333 2018 1374 2041 τις
1393 2005 1678 2049 ἐπίτιληξιςᾞηΠολλοῖς
1690 2008 1722 2042 γέ
1733 2017 1774 2034 τοι
1785 2008 1839 2034 τῶν

1052 2058 1244 2093 λελυπηκότων
1258 2057 1318 2084 οὐδὲ
1333 2057 1508 2091 ὑπερήμερος
1524 2056 1679 2091 ἀπήντησεν
1703 2056 1718 2090 ή
1735 2055 1839 2081 ἀντίδο-

1055 2113 1108 2136 σις,
1122 2104 1183 2131 οὐδὲ
1199 2103 1363 2134 ὀπισθόπους
1378 2104 1394 2138 ἡ
1408 2103 1480 2138 δίκη,
1496 2101 1575 2129 τοῦτο
1589 2101 1621 2136 δὴ
1636 2101 1666 2128 τὸ
1681 2102 1718 2136 (9)
1735 2110 1840 2136 ποιητι-

1054 2150 1102 2176 κόν
1113 2158 1121 2164 ·
1137 2149 1204 2176 ἀλλὰ
1220 2149 1285 2185 παρ’
1300 2149 1370 2175 αὐτὰ
1380 2148 1429 2183 τῆς
1445 2151 1577 2183 κινήσεως
1592 2148 1758 2182 ἐπλήγησαν,
1774 2148 1839 2172 ἐπε-

1055 2195 1225 2230 στράφησαν,
1252 2193 1413 2229 προσῆλθον,
1439 2192 1650 2227 ὲγονυπέτησαν,
1677 2191 1839 2226 συγγνώμης

1053 2240 1158 2276 ἔτυχον,
1175 2239 1306 2275 ἀπῆλθον,
1322 2239 1468 2274 ἡττημένοι
1481 2238 1582 2272 καλῶς,
1597 2237 1724 2273 ἀμείνους
1734 2237 1840 2271 ἐγένονο

1053 2294 1094 2318 το,
1120 2286 1168 2313 καὶ
1190 2285 1428 2322 σωιρρονισθέντες,
1447 2285 1494 2311 καὶ
1514 2283 1742 2319 συγγνωσθέντες.
1762 2283 1839 2310 Ἐπεὶ

257 2417 313 2454 (99)
341 2416 401 2454 Τόν
425 2417 654 2454 ¹πλησσόμενον.
680 2415 748 2451 Reg.
773 2423 801 2450 a,
830 2421 884 2444 tres
915 2417 992 2444 Colb.

1060 2426 1117 2446 non
1134 2427 1199 2447 sane
1220 2421 1288 2453 Sllii,
1305 2421 1351 2448 sed
1366 2421 1426 2447 aliis
1449 2421 1552 2451 illatas.
1574 2425 1601 2447 et
1628 2420 1683 2447 Deo
1702 2420 1836 2454 maxime,

221 2453 351 2488 πλῆσσον.
369 2452 416 2479 0r.
432 2453 458 2488 1)
474 2453 613 2488 πλήσσωνε

257 2485 295 2523 (1)
316 2487 504 2523 Ὠτῳγηιῖοεξ.
517 2485 542 2518 ιζ,
557 2493 584 2513 et
597 2486 644 2523 Qr.
661 2487 688 2519 1,
703 2485 834 2523 νώτωνηι
849 2487 932 2523 ἀοι-δίζ
944 2497 959 2523 ί»

257 2520 297 2555 (2)
324 2521 458 2557 Παρειῶν
482 2522 591 2556 ὕϐρεις.
612 2522 684 2558 Reg.
703 2531 729 2554 ιι,
751 2527 780 2558 et
803 2520 850 2549 0r.
870 2522 896 2553 1,
919 2521 1007 2558 ὓὸρις.

228 2567 238 2583 ι
258 2558 395 2585 Genarntn
414 2558 588 2590 contumelia,
610 2567 620 2583 ι
645 2557 696 2590 vel,
720 2566 730 2583 ι
750 2557 863 2590 itnpacta
892 2558 1008 2584 maxilla:

224 2593 310 2627 alapa.
331 2602 340 2618 ι
357 2592 436 2619 Juxta
452 2592 547 2622 Eliatn,
575 2601 584 2617 ι
601 2599 649 2626 per
663 2599 791 2626 genarum
807 2592 1009 2624 contumeliam,

225 2629 416 2662 percussiones
430 2627 455 2653 in
474 2627 597 2654 maxillas
614 2627 819 2661 intelliguntur;
841 2633 889 2660 per
904 2634 1008 2661 pugno-

226 2671 286 2690 rum
313 2668 402 2689 autem
425 2662 494 2689 ictus
517 2663 544 2689 in
566 2662 685 2692 malam.
706 2666 753 2688 aut
777 2669 820 2688 res
837 2662 947 2694 eadem,
964 2665 1010 2688 aut

225 2697 424 2730 quodammodo
446 2697 548 2731 dispar.
575 2696 642 2724 Illud
663 2696 736 2724 enim
764 2697 893 2731 expansis
916 2697 1008 2732 digitis

226 2732 265 2763 lit.
280 2732 332 2759 hoc
346 2737 435 2759 autem
451 2733 610 2759 contractis.
624 2741 633 2758 ›

263 2766 302 2798 (5)
320 2767 466 2793 Διελύετο.
483 2767 566 2794 Coisl.
583 2767 609 2798 1,
625 2766 777 2793 συνελύετο.

262 2801 300 2836 (4)
325 2801 512 2835 Ἠδικηιιότα.
537 2811 547 2827 ‹
564 2803 591 2829 ln
609 2810 669 2829 eum
690 2804 734 2836 qui
753 2801 912 2834 iniustitiam
933 2801 1006 2830 fece-

227 2843 279 2862 rat.
298 2846 309 2861 ›
335 2836 392 2862 Non
415 2837 481 2863 bene
499 2837 611 2864 Billius:
635 2846 644 2863 ι
663 2845 677 2862 ιι
699 2844 753 2871 quo
775 2836 853 2863 ltcsus
869 2837 975 2870 fuerat;
993 2847 1003 2863 ι

229 2879 303 2906 quast
328 2871 474 2905 Gregorius
493 2872 551 2906 ipse
573 2879 636 2899 suas
664 2873 734 2899 ultus
757 2871 852 2899 luisset
877 2871 1000 2906 injurias.

1058 2454 1134 2488 cujus
1146 2455 1244 2482 vindex
1260 2461 1286 2482 ct
1304 2456 1374 2482 ultor
1389 2461 1446 2483 erat
1467 2457 1620 2490 episcopus,
1637 2456 1675 2481 sic
1689 2455 1836 2488 plectebat.

1093 2490 1132 2524 (5)
1157 2490 1188 2516 '0
1203 2491 1448 2524 χόλος.,Ρ1ετὶιιιιο
1472 2491 1563 2521 codd.,
1591 2492 1605 2517 ὁ
1632 2490 1721 2523 λόγος.
1747 2490 1836 2524 Inepta

1058 2523 1147 2560 lectio.
1163 2523 1276 2552 Pt-aélcrt
1291 2526 1426 2558 Combef.,
1439 2527 1453 2552 ὁ
1472 2525 1557 2560 θυμός
1567 2545 1575 2557 ,
1591 2526 1661 2559 quod
1678 2531 1704 2552 et
1718 2533 1767 2559 ego
1781 2533 1840 2552 ma-

1057 2559 1114 2586 lim.
1133 2561 1270 2593 Siquidem
1283 2561 1360 2595 χόλος
1380 2570 1389 2586 ι
1406 2562 1472 2587 iram
1487 2559 1641 2587 diuturnam
1659 2569 1669 2585 ι
1687 2560 1838 2594 signiﬁcat,

1057 2594 1144 2629 qualis
1159 2594 1340 2630 Gregoriiira
1356 2603 1406 2622 non
1428 2595 1486 2622 fuit.

1092 2630 1129 2665 (6)
1152 2629 1207 2657 Τοῦ
1217 2627 1376 2664 χρηστοῦ.
1402 2631 1447 2665 Sic
1469 2632 1522 2657 duo
1544 2629 1639 2660 Coisl..
1663 2627 1711 2656 0r.
1728 2629 1754 2661 1,
1769 2628 1837 2663 .les.,

1057 2668 1109 2691 etc.
1127 2665 1194 2700 Male
1213 2665 1238 2691 in
1253 2666 1307 2697 ed.,
1321 2664 1449 2700 Χριστοῦ.
1507 2686 1509 2688 .

1103 2700 1129 2734 7)
1149 2699 1198 2726 Τό.
1214 2700 1240 2726 ln
1257 2699 1377 2734 pluribus
1392 2701 1477 2726 deest.

1103 2700 1117 2725 7
1149 2700 1198 2726 Τό.
1214 2700 1240 2726 ln
1257 2701 1377 2734 pluribus
1392 2701 1477 2726 deest.

1090 2700 1129 2769 is;
1146 2734 1252 2768 ’⁷ομως.
1273 2735 1337 2769 llcg.
1353 2743 1378 2766 ιι,
1392 2735 1502 2769 ὁμοίως.

1150 2767 1243 2806 Τοῦτο
1261 2767 1354 2806 δὴξτὸ
1377 2767 1543 2806 ⁸τξόιηςικόν.
1568 2767 1761 2806 δίο-Βρεμι),
1779 2767 1835 2806 Iun.

1054 2804 1106 2831 Alii
1119 2802 1262 2838 omittunt,
1276 2803 1324 2838 τό,
1343 2804 1422 2832 tttale.
1438 2804 1524 2838 Elius,
1548 2814 1558 2830 ι
1573 2809 1603 2831 ιιι
1619 2802 1729 2831 Pindari
1745 2802 1836 2830 verbis

1055 2845 1124 2867 utar.
1141 2848 1151 2865 ι
