2049 3143
183 169 252 196 1017

647 177 777 207 ORATIO
797 180 891 209 XVIII.
910 198 944 202 —
964 181 1140 211 FUNEBRIS
1158 182 1191 210 IN
1211 182 1363 210 PATRICM.

1738 185 1822 215 I019'

180 231 226 278 καὶ
239 231 269 257 τὸ
285 232 447 268 σύγγνωμον
461 235 589 268 πολλάκις
606 238 677 273 μέγα
690 240 758 275 πρὸς
766 243 913 278 σωτηρίαν,
924 244 951 270 al

1020 252 1066 270 sus
1080 243 1178 275 fuerat,
1193 251 1226 271 ne
1239 251 1299 271 sera
1314 243 1422 277 quidem
1435 250 1466 270 ac
1477 243 1647 278 pedissequa,
1660 247 1690 270 ut
1700 246 1804 276 poetico

179 277 218 302 δοῖ
230 278 375 313 κατεῖργον
397 279 442 306 τὸν
465 281 639 317 ἀδικήσαντα,
653 285 700 311 καὶ
720 277 893 321 μετάγονγείς
907 289 966 322 φίλ-

178 330 241 357 τρον
256 323 288 349 ὲκ
307 323 390 358 φόϐου
402 325 451 361 τὴν
468 327 670 365 ἀσφαλεστέραν
685 331 801 360 εὔνοιαν.
825 334 965 362 Ἐπαιδεύ-

180 367 264 402 θησαν
282 369 321 399 δὲ,
337 371 360 396 οἱ
384 371 431 406 μὲν
446 372 498 399 ὑπὸ
515 373 584 408 βοῶν
606 376 800 412 ἁναρριφὲντες
817 381 850 415 τῇ
865 380 964 417 ζεύγλῃ

178 416 401 450 τετρυχωμένων,
430 418 478 444 καὶ
507 420 720 456 ἀπαντησάντων
747 424 862 460 ἁθρόως,
888 425 964 453 οὔπω

178 460 256 486 τοῦτο
269 462 401 498 πρότερον
420 465 592 492 πεπονθότων
604 475 612 482 ο
627 468 652 493 οἱ
667 468 695 494 δὲ
710 469 802 501 ἵπποις
819 470 978 507 σφενδονην

178 503 279 538 θέντες,
304 507 350 532 καὶ
372 509 605 544 συμπατηθέντες,
622 511 677 538 τῶν
697 513 911 541 εὐπειθεστάτων
934 503 964 543 τε

177 551 225 577 καὶ
242 552 441 587 ἡμερωτάτων·
463 556 486 581 οἱ
509 555 537 582 δὲ
561 559 687 592 πυρετοῖς
708 559 832 594 ἁσχέτοις
846 561 965 597 καταλη-

177 596 301 631 φθέντες,
312 599 359 625 καὶ
373 601 534 634 φαντασίαις
547 598 585 628 ὦν
601 603 814 639 τετολμήκασιν·
834 607 857 632 οἱ
873 607 900 633 δὲ
916 596 964 634 ἂλ-

175 643 216 670 λοι
232 644 408 689 (10)ιᾶλλοητι
423 647 687 684 παιδαγωγηθέντες,
705 651 753 676 καὶ
769 651 900 686 μαθόντες
914 653 963 689 τὴν

176 689 300 726 ὑπακοὴν
316 691 346 723 ἐξ
359 688 396 718 ὧν
412 692 523 720 ἔπαθον.

1021 291 1105 318 verbo
1122 296 1196 322 utar,
1210 290 1250 316 vis
1276 290 1320 316 illa
1340 289 1475 316 scelerum
1499 288 1582 315 ultrix
1606 290 1803 322 occurrit;sed

1019 337 1046 363 itt
1063 336 1120 370 ipso
1136 336 1183 362 inn
1197 335 1312 362 articulo
1326 335 1447 368 percussi
1467 339 1540 366 sunt,
1569 335 1751 369 resipuerunt,
1770 335 1802 362 ad
1830 362 1831 368 η

1018 390 1079 409 etim
1092 386 1277 413 accesserunt,
1309 382 1342 409 ad
1368 388 1454 415 genua
1485 381 1670 414 prociderunt,
1694 383 1802 408 veniam
1826 375 1830 420 Ii

1018 429 1210 463 impetrarunt,
1225 428 1338 463 pulchre
1354 428 1416 454 vtcti
1429 427 1622 458 discesserunt,
1638 433 1730 461 atque,
1746 433 1801 454 tum
1826 421 1827 426 ¹

1017 475 1052 501 oh
1072 474 1293 509 castigationem,
1321 479 1376 501 tum
1403 474 1436 500 ob
1453 474 1569 504 veniam,
1590 473 1713 500 meliores
1738 473 1801 500 facti

1017 526 1088 548 sunt.
1103 521 1186 557 348
1198 521 1419 555 Quandoquidem
1432 520 1513 546 etiam
1528 527 1645 554 perszepc
1666 519 1754 553 magni
1768 521 1800 546 ad

1017 567 1133 594 salutem
1150 567 1278 593 momenti
1293 571 1335 594 est
1362 573 1492 593 noxarum
1510 565 1683 596 condonatio,
1700 570 1728 591 ut
1741 572 1802 599 qua:

1017 620 1090 644 eum,
1107 613 1152 647 qui
1168 613 1294 646 injuriam
1312 613 1415 645 intulit,
1441 613 1544 646 pudore
1565 616 1698 642 coerceat,
1719 617 1801 644 atqtte

1017 664 1033 684 a
1049 663 1120 684 metu
1136 657 1169 684 ad
1199 665 1331 690 antorem,
1351 658 1402 684 hoc
1429 662 1471 684 est
1485 657 1612 683 tutiorem
1641 655 1802 683 benevolen-

1016 704 1090 736 tiam,
1108 704 1242 731 traducat.
1257 704 1386 739 Cas-ligati
1415 711 1498 738 porro
1521 707 1595 734 sunt,
1622 702 1666 729 alii
1689 709 1805 738 sursum

173 737 269 787 jactati
286 745 301 765 a
316 738 404 787 bobus
416 740 485 787 jttgo
497 742 600 770 vexatis
613 747 640 770 et
662 743 782 778 afﬂictis,
799 753 831 773 ac
852 753 961 782 repente
980 750 1190 785 incursantibus,
1222 761 1285 780 cum
1323 761 1462 787 nunquam
1481 753 1556 787 prius
1582 753 1633 779 hoc
1649 753 1712 786 ipsis
1725 752 1799 779 acci-

179 782 281 832 [ιίξεςη
298 783 342 810 alii
375 784 514 832 “refluis.
536 787 617 814 ﬁliam
646 790 871 819 Illansuelissimis
903 798 929 820 et
946 795 1210 830 obsequentissimis.
1225 798 1333 826 excussi
1347 805 1374 826 et
1386 799 1510 832 protrili;
1544 799 1588 825 alii
1619 798 1798 826 intolerandis

176 827 298 879 febribus
309 831 443 879 correpti,
455 837 537 879 atque
552 833 657 868 objecta
679 833 829 862 facinorum
844 845 956 866 suoruttt
977 841 1067 875 specie
1081 843 1250 877 perturbati;
1281 844 1327 870 alii
1341 843 1400 870 aliis
1414 844 1500 871 tnodis
1522 843 1632 876 eruditi,
1650 849 1731 879 atque
1762 851 1796 871 ex

177 875 232 907 his,
247 882 307 908 qua:
322 877 444 910 perpessi
461 876 580 910 fuerant,
603 878 785 908 obedientiam
803 882 903 910 edocti.

209 921 272 947 KZ’.
290 919 352 967 Ἆρ’
370 920 416 948 οὖν
432 922 461 949 τὸ
477 923 526 958 μὲν
541 924 661 956 ἐπιεικὲς
676 925 803 954 τοσοῦτον
824 929 900 965 αὐτῷ
916 931 956 956 κα⁴

1050 931 1158 959 XXVII.
1180 931 1232 959 Sed
1269 932 1350 960 fuerit
1375 939 1442 960 sane
1472 936 1545 959 tanta
1574 938 1684 967 tamque
1701 932 1796 959 illustri

172 965 245 992 οὓτω
260 966 412 1002 γνώριμον·
429 969 562 1001 ἐντελείας
583 970 638 1006 (II)
652 971 679 997 δὲ
695 972 741 999 καὶ
755 973 804 1005 τῆς
823 974 879 1009 (I2)
897 977 960 1011 περὶ

172 1012 204 1039 τὸ
215 1014 350 1048 πρακτέον
365 1014 465 1050 ἀρετῆς
481 1016 605 1051 παρῆκεν
624 1018 710 1054 ἑτέρῳ
727 1018 758 1045 τὸ
775 1019 855 1047 πλέον
870 1021 959 1056 Exeat;

173 1058 210 1084 Οὐ
226 1059 274 1094 μὲν
292 1057 352 1086 οὖν*
372 1060 431 1086 ἀλλ’
448 1059 483 1096 ἦν
496 1062 511 1088 ὁ
526 1062 607 1094 αὐτὸς
619 1063 722 1099 ἥμερος
738 1064 796 1100 μὲν,
815 1066 839 1092 εξ
859 1068 906 1094 καί
919 1076 960 1100 τις

172 1104 261 1136 ἄλλος,
279 1106 388 1141 ἐνεργὸς
406 1106 434 1132 δὲ
455 1107 526 1134 κατὰ
544 1108 574 1134 τὸ
590 1109 703 1144 ἥμερον.
721 1111 772 1138 Δύο
788 1112 842 1147 γὰρ
858 1113 960 1140 τούτων

172 1150 210 1181 ὡς
226 1151 261 1177 τὰ
276 1151 363 1178 πολλὰ
387 1154 548 1188 μαχομένων
565 1154 690 1190 ἀλλήλοις
707 1157 754 1183 καὶ
769 1157 960 1185 ἀντικαθιστα-

173 1195 270 1230 μένων,
293 1197 443 1232 ἁπλότητος
466 1199 513 1224 καὶ
534 1199 712 1235 τραχύτητος,
734 1203 845 1238 καὶτῆς
863 1204 913 1239 μὲν
928 1204 960 1231 τὸ

171 1242 273 1277 ἥμερον
291 1243 406 1278 ἐχούσης
425 1244 494 1278 μετὰ
506 1245 553 1271 τοῦ
569 1246 721 1281 ἀπράκτου,
737 1248 785 1283 τῆς
799 1248 828 1275 δὲ
842 1249 872 1276 τὺ
888 1259 959 1286 πρα-

171 1288 263 1314 κτικὸν
273 1288 333 1323 δίχα
343 1288 391 1315 τοῦ
406 1290 606 1326 φιλανθρώπου,
623 1293 719 1328 ἐκείνῳ
730 1293 842 1329 συνῆλθε
857 1294 960 1331 θαυμα-

171 1332 236 1364 σίως
247 1333 403 1373 ἀμφότερα·
417 1335 547 1370 πράττειν
560 1337 620 1371 μὲν,
631 1337 668 1369 ὡς
683 1339 812 1374 αὐστηρῷ
828 1340 896 1375 μετὰ
909 1342 959 1377 τῆς

169 1379 339 1415 ἡμερότητος
350 1388 357 1395 ·
374 1381 500 1415 ὑφίεσθαι
512 1383 551 1414 δὲ,
569 1383 607 1415 ὡς
620 1384 753 1420 ἀπράκτῳ
769 1386 838 1421 μετὰ
852 1388 902 1423 τῆς
916 1388 959 1414 ἐν·

169 1426 284 1458 τελείας,
298 1428 327 1453 ὲν
339 1429 528 1462 προστασίαις,
545 1430 574 1455 ὲν
587 1431 764 1466 παρῤησίαις,
779 1432 808 1459 ἐν
822 1433 885 1460 εἴδει
894 1443 960 1460 παν-

168 1473 196 1498 τὶ
209 1472 408 1508 κυϐερνήσεως.
424 1475 460 1501 Τδ
475 1475 528 1512 γὰρ
545 1477 590 1503 τοῦ
604 1477 692 1512 ὄφεως
708 1479 838 1514 φρόνιμον
851 1481 915 1516 περὶ
928 1481 959 1508 τὸ

169 1517 254 1544 κακὸν
276 1517 316 1553 τῷ
338 1519 387 1553 τῆς
410 1521 575 1556 περιστερᾶς
595 1522 717 1558 ἁκεραίῳ
746 1525 809 1560 περὶ
827 1524 857 1551 τὸ
876 1525 959 1552 καλὸν

169 1563 314 1599 ἀναμίξας,
340 1564 402 1592 οὔτε
417 1566 447 1592 τὸ
466 1568 596 1602 φρόνιμον
613 1569 687 1595 εἴασε
710 1570 865 1606 κακοῦργον
881 1572 958 1605 γενέ-

169 1608 241 1641 σθαι,
261 1609 322 1636 οὔτε
339 1611 369 1637 τὸ
382 1611 482 1638 ἁπλοῦν
495 1614 607 1648 ἀνόητον
619 1623 625 1630 ·
642 1616 700 1641 ἀλλ’
717 1616 745 1643 ἒν
758 1618 858 1653 ἀρετῆς
874 1617 952 1651 εἶδος,

167 1654 206 1686 ὡς
218 1656 335 1690 μάλιστα
356 1657 429 1692 ἐνῆν,
443 1657 472 1690 ἐξ
487 1659 649 1695 ἀμφοτέρων
662 1662 883 1698 ἁπηκριϐώσατο.
902 1664 954 1690 Τὸν

167 1701 200 1736 δὴ
216 1700 335 1728 τοιοῦτον
361 1701 410 1737 μὲν
431 1704 571 1737 γεγονότα,
595 1704 666 1731 οὕτω
686 1706 714 1732 δὲ
736 1707 785 1741 τῆς
804 1707 953 1742 ἱερωσύνης

168 1746 333 1782 προστάντα,
351 1747 478 1783 τοιαύτης
492 1749 520 1775 δὲ
537 1750 613 1785 παρὰ
627 1752 693 1777 πᾶσι
715 1751 794 1788 δόξης
807 1753 954 1788 τετυχηκό-

166 1800 211 1823 τα,
225 1792 252 1819 τί
262 1792 416 1828 θαυμαστὸν
431 1794 477 1821 καὶ
488 1796 607 1831 σημείων
621 1796 781 1832 ἀξιωθῆναι,
797 1796 838 1830 οἷς
849 1799 953 1834 βεϐαιοῖ

167 1838 232 1870 Θεὸς
243 1838 293 1874 τὴν
309 1839 465 1873 εὐσέϐειαν;

1015 985 1123 1004 morum
1152 978 1300 1012 facilitate;
1331 979 1464 1005 industria
1483 986 1558 1011 vero,
1582 986 1669 1012 eaque
1685 979 1796 1010 virtute,

1011 1032 1072 1059 quae
1084 1024 1111 1051 itt
1126 1024 1207 1052 rebus
1220 1025 1347 1059 gerendis
1366 1029 1500 1056 versatur,
1528 1032 1591 1052 num
1611 1025 1737 1059 cuiquam
1750 1024 1796 1052 alii

1010 1070 1146 1097 cedebat?
1179 1069 1300 1098 Minime.
1328 1070 1430 1097 Verum
1464 1071 1533 1097 idem
1558 1071 1615 1103 ipse
1634 1076 1661 1097 et
1683 1070 1751 1097 lenis
1764 1078 1796 1098 ac

1009 1114 1143 1149 placidus,
1159 1119 1188 1142 ut
1201 1114 1225 1142 si
1237 1115 1298 1149 quis
1313 1114 1394 1147 alius,
1409 1120 1478 1147 erat,
1496 1121 1523 1142 et
1536 1115 1568 1141 ad
1586 1115 1716 1150 agendum
1731 1122 1795 1150 per-

1009 1169 1087 1195 :rque
1108 1166 1186 1195 aptus
1206 1165 1233 1188 et
1265 1162 1414 1196 appositus.
1440 1161 1569 1194 Quamvis
1594 1161 1665 1188 enim
1681 1161 1796 1188 11³51ίυῖ8

1010 1214 1053 1233 res
1068 1206 1126 1234 fere
1141 1207 1213 1234 inter
1226 1215 1255 1234 se
1268 1213 1387 1242 pugnent
1401 1212 1427 1233 et
1439 1211 1624 1242 opponantur,
1635 1207 1795 1241 simplicitas

1009 1251 1138 1279 nimirum
1167 1258 1195 1280 et
1222 1253 1367 1286 asperitas,
1395 1253 1535 1287 alteraque
1559 1252 1794 1279 mansuetudinem

1009 1305 1069 1325 eum
1084 1298 1181 1324 inertia
1195 1297 1369 1332 conjuuclam
1383 1298 1490 1329 habeat,
1500 1298 1583 1325 altera
1594 1299 1674 1325 rebus
1686 1298 1794 1332 quidem

1011 1344 1137 1377 gerendis
1151 1348 1212 1376 apta
1228 1344 1273 1377 sit,
1289 1351 1380 1370 verttnt
1395 1343 1563 1370 humanitate
1579 1347 1681 1375 careat,
1704 1344 1730 1370 in
1748 1343 1794 1370 illo

1008 1393 1101 1416 tamen
1135 1390 1250 1416 mit-ilice
1277 1389 1335 1416 hate
1361 1390 1413 1416 dtto
1439 1389 1466 1416 itt
1497 1397 1578 1415 untuu
1598 1394 1792 1420 convoncruut.

1008 1442 1106 1469 nempe
1118 1440 1145 1462 ut
1159 1439 1186 1462 et
1201 1439 1331 1470 tanquam
1348 1443 1428 1469 asper
1439 1442 1470 1462 ac
1484 1435 1631 1462 vehemens
1647 1436 1727 1462 rebus
1745 1443 1793 1470 ge~

1009 1481 1101 1507 rendis
1117 1489 1178 1508 cum
1193 1481 1406 1513 mansuetudine
1427 1481 1608 1513 incumberet,
1623 1487 1649 1507 et
1665 1486 1793 1515 tanquam

1008 1532 1024 1550 a
1039 1525 1120 1552 rebus
1137 1526 1263 1560 gerendis
1288 1525 1393 1552 alienus
1425 1533 1486 1552 sese
1498 1533 1559 1552 cum
1577 1526 1710 1552 industria
1728 1527 1794 1552 sub-

1009 1571 1139 1602 mitteret,
1157 1572 1183 1597 in
1207 1571 1342 1606 praesidiis
1369 1571 1499 1603 ferendis,
1517 1571 1542 1598 in
1567 1573 1738 1599 sermonibus
1759 1573 1791 1600 alt

971 1607 993 1637 ο
1008 1617 1081 1643 omni
1102 1623 1174 1643 metu
1187 1617 1292 1648 liberis,
1312 1617 1338 1644 in
1367 1617 1440 1643 omni
1457 1617 1572 1651 denique
1587 1618 1792 1651 gubernationis

1007 1670 1117 1697 genere.
1135 1661 1202 1688 Nam
1216 1671 1277 1690 cum
1290 1663 1426 1696 serpentis
1438 1664 1471 1690 ad
1498 1664 1598 1690 malum
1618 1664 1790 1698 prudentiam

1005 1715 1068 1734 cum
1082 1707 1214 1734 columba:
1230 1708 1262 1734 ad
1279 1708 1380 1735 bonum
1401 1708 1574 1742 simplicitate
1595 1709 1789 1743 conjunxisset,

1005 1752 1042 1779 ita
1059 1761 1088 1780 se
1104 1753 1280 1787 comparavit,
1297 1759 1326 1781 ut
1348 1761 1398 1780 ttcc
1416 1755 1584 1787 prudentiam
1609 1754 1636 1780 itt
1654 1760 1790 1781 versutaut

1005 1799 1223 1834 improbitatem,
1255 1807 1305 1827 nec
1337 1800 1538 1834 simplicitatem
1566 1801 1591 1827 in
1617 1801 1790 1828 stoliditatem

1004 1845 1168 1877 degenerare
1180 1845 1297 1878 sineret;
1310 1853 1402 1872 verum
1418 1852 1452 1872 ex
1473 1846 1613 1879 ambabus,
1627 1848 1714 1881 quoad
1726 1848 1786 1881 ejus

167 1884 226 1911 fieri
245 1890 363 1920 poterat,
391 1894 474 1914 unam
508 1887 617 1915 virtutis
645 1890 765 1923 speciem
790 1890 920 1923 eﬂiceret,
952 1892 1072 1918 numeris
1087 1892 1212 1919 omnibus
1237 1893 1384 1926 perfectam
1408 1899 1435 1920 et
1453 1894 1618 1922 absolutam.
1654 1894 1791 1930 Huncigi-

168 1937 221 1964 tttr,
237 1941 297 1960 cum
311 1934 390 1960 talem
408 1942 438 1962 se
453 1935 622 1969 przebuisset,
647 1943 728 1972 atque
742 1938 778 1964 ita
812 1938 964 1966 sacerdotio
984 1939 1150 1973 pnel‘uisset,
1192 1944 1350 1973 tantamque.
1376 1941 1446 1974 apud
1468 1948 1563 1968 omnes
1588 1942 1701 1976 gloriam
1720 1942 1790 1969 obti—

166 1981 283 2012 nuisset,
295 1981 359 2015 quid
379 1982 474 2008 mirum
488 1982 573 2016 signis
586 1983 680 2016 etiam,
702 1984 801 2018 quibus
814 1984 884 2011 Deus
898 1985 1024 2019 pietatem
1036 1986 1189 2017 confirmat,
1207 1986 1317 2020 dignum
1342 1986 1463 2013 habitum
1482 1987 1589 2014 fuisse?

200 2027 268 2054 KII’.
280 2027 327 2053 Ἐν
345 2027 373 2053 δὲ
386 2027 440 2053 τῶν
453 2027 516 2062 περὶ
526 2028 628 2054 ἐκεῖνον
644 2027 800 2064 θαυμάτωψ
811 2030 950 2066 Ἐκαμνεν

166 2072 315 2108 ἀρρωστίᾳ,
334 2073 382 2100 καὶ
404 2073 529 2108 πονηρῶς
553 2071 608 2108 εἶχε
627 2074 674 2100 τοῦ
700 2074 835 2110 σώματος.
854 2077 908 2103 Καὶ
925 2077 951 2104 τί

165 2118 330 2154 θαυμαστὸν,
345 2120 369 2146 εί
384 2120 568 2147 κακοπαθοῦσι
583 2121 630 2147 καὶ
640 2120 722 2155 ἅγιοι,
738 2122 792 2148 εἴτε
801 2123 839 2154 εἰς
848 2123 949 2159 κάθαρ-

166 2173 208 2191 σιν
227 2165 336 2200 καὶτῆς
352 2167 451 2201 μικρᾶς
478 2166 560 2198 ίλύος,
585 2167 640 2193 εἴτε
664 2168 704 2199 είς
721 2167 835 2202 βάσανον
852 2169 953 2205 ἀρετῆς

165 2209 213 2236 καὶ
224 2211 321 2245 πεῖραν
334 2211 501 2245 φιλοσοφίας,
519 2213 575 2238 εἴτε
591 2214 632 2244 είς
646 2213 787 2239 παίδευσιν
801 2213 854 2240 τῶν
870 2213 951 2241 ἀσθε-

163 2254 298 2289 νεστέρων
311 2255 339 2281 ἐν
350 2256 465 2287 ἐκείνοις
477 2256 666 2291 μανθανόντων
677 2257 708 2283 τὸ
719 2259 872 2294 καρτερεῖν,
884 2258 953 2285 ἀλλὰ

165 2301 203 2337 μὴ
215 2302 344 2328 ὲκκακεῖν
357 2303 413 2334 τοῖς
425 2303 553 2335 πάθεσιν;
571 2304 708 2339 Ἐκαμνεν
726 2303 782 2336 οὖν,
795 2305 843 2331 καὶ
860 2306 873 2332 ὁ
891 2314 951 2332 και-

1046 2030 1165 2058 XXVIII.
1188 2031 1289 2058 IIorttm
1307 2039 1388 2066 porro
1415 2033 1618 2065 miraculorum,
1641 2041 1701 2068 quae
1715 2027 1789 2060 ineo

1004 2078 1074 2104 edita
1091 2080 1166 2109 sunt,
1181 2077 1231 2104 ltoc
1242 2085 1325 2104 unum
1337 2083 1378 2104 cst
1389 2086 1395 2103 :
1407 2077 1500 2105 Morbo
1519 2079 1668 2109 laborabat,
1679 2087 1709 2106 ac
1718 2087 1789 2113 asgto

1005 2129 1120 2156 corpore
1152 2125 1221 2147 erat.
1247 2121 1316 2154 Quid
1346 2127 1435 2148 autent
1466 2123 1635 2156 mirandum,
1652 2123 1675 2150 si
1701 2123 1788 2151 sancti

1000 2174 1108 2202 quoque
1133 2167 1184 2193 viri
1213 2167 1293 2194 malis
1323 2174 1489 2202 premantur,
1514 2169 1571 2195 sive
1583 2169 1614 2195 ad
1631 2169 1684 2195 limi
1701 2177 1789 2203 quan-

1002 2213 1100 2240 tumvis
1113 2213 1202 2247 exigui
1220 2214 1418 2248 purgationem,
1445 2214 1502 2242 sive
1517 2215 1551 2241 ad
1569 2214 1676 2241 virtutis
1695 2214 1788 2249 explo-

1001 2258 1135 2285 ratiottcttt
1153 2263 1179 2285 et
1195 2259 1371 2293 philosophia
1383 2259 1655 2291 documentutn,sive
1671 2261 1788 2295 denique

1001 2305 1033 2330 ad
1047 2303 1252 2331 iutbecilliorum
1264 2305 1444 2332 eruditionem
1458 2324 1467 2337 ,
1490 2306 1535 2340 qui
1564 2306 1590 2333 in
1612 2305 1664 2333 illis
1681 2306 1789 2333 fortiter

164 2348 211 2383 ρὺς
229 2345 262 2382 ἦν
279 2347 311 2374 το
328 2347 406 2381 ἅγιον
419 2348 514 2383 Πάσχα
527 2349 574 2376 καὶ
587 2337 747 2384 περίὸόητον
762 2350 829 2384 (15),
842 2351 858 2385 ή
874 2351 950 2386 βασί-

1007 2350 1117 2377 tdversa
1152 2350 1285 2385 perferre,
1317 2354 1344 2377 et
1371 2351 1538 2379 calamitosis
1568 2352 1649 2379 rebus
1675 2353 1788 2380 minime

163 2392 242 2419 λιστα
257 2392 312 2419 τῶν
326 2393 437 2428 ἡμερῶν
450 2394 552 2430 ἡμέρα,
567 2395 614 2420 καὶ
626 2395 641 2429 ἠ
658 2394 771 2430 λαμπρὰ
785 2395 832 2427 νὺξ
849 2395 949 2423 λύουσα

162 2438 192 2464 τὸ
209 2438 304 2470 σκότος
322 2438 372 2472 τῆς
389 2439 534 2474 ἁμαρτίας,
548 2439 608 2466 καθ’
622 2440 654 2475 ἣν
669 2441 750 2475 ἡμεῖς
765 2440 816 2466 ὑπὸ
830 2440 949 2476 πλουσίῳ

162 2484 232 2517 φωτὶ
252 2484 302 2519 τὴν
314 2485 450 2519 σωτηρίαν
465 2485 543 2519 ἡμῶν
560 2484 651 2512 αὐτῶν
665 2485 838 2521 ἑορτάζομεν,
849 2485 895 2512 καὶ
909 2486 948 2521 τῷ

163 2529 233 2563 φωτὶ
251 2529 284 2555 δι’
299 2531 373 2565 ἡμᾶς
393 2530 555 2566 νεκρωθέντι
573 2531 814 2566 συννεκρωθὲντες,
840 2532 886 2558 καὶ
904 2532 949 2559 ἀν-

163 2575 300 2614 ισταμένῳ
315 2576 541 2611 συνανιστάμεθα.
562 2576 693 2603 Ἐνταῦοα
711 2577 759 2612 μὲν
778 2577 810 2614 δὴ
824 2578 870 2604 τοῠ
887 2587 947 2605 και-

162 2612 209 2654 poti
226 2621 256 2647 τὸ
271 2621 372 2653 πάθος·
387 2622 417 2648 τὺ
438 2622 466 2648 δὲ
482 2619 526 2657 ἦν,
541 2621 578 2653 ὡς
592 2623 621 2649 ὲν
634 2622 730 2659 βραχεῖ
751 2612 930 2659 διηῆήσασθαι
940 2633 947 2639 ·

162 2666 284 2701 Πυρετδς
300 2668 350 2702 μὲν
364 2668 478 2704 σφοδρὸς
494 2669 539 2695 καὶ
553 2668 667 2705 διακαὴς
683 2671 737 2696 πᾶν
749 2669 779 2696 τὸ
790 2670 871 2704 βάθος
884 2679 947 2697 συν-

163 2711 286 2746 έφλεγεν,
298 2714 315 2749 ή
325 2712 354 2740 δὲ
367 2713 481 2749 δύναμις
493 2713 674 2746 ἐπελελοίπει,
683 2715 738 2742 τῶν
749 2716 841 2742 σιτίων
849 2716 877 2742 δὲ
892 2716 948 2752 (14)

197 2822 255 2859 (I0)
276 2823 393 2850 Ἄλλοι.
410 2823 492 2859 Begg.
510 2831 536 2855 a,
552 2823 609 2855 bin,
625 2825 642 2852 5
658 2824 745 2856 Colb..
758 2825 805 2852 0r.
816 2827 842 2858 1,
856 2826 943 2858 ἄλλος.

199 2858 254 2895 (II)
285 2858 602 2895 ἘντελείαςῌΝοιιιιθ,
626 2859 797 2895 ὲντρεχείας,
828 2867 857 2889 ιιι
884 2862 944 2890 Bill.

162 2893 270 2921 videtur
287 2892 401 2927 legisse?

1001 2394 1087 2429 frangi
1114 2403 1146 2422 ac
1173 2395 1306 2422 debilitari
1327 2397 1508 2424 condiscnnt?
1540 2397 1634 2424 Morbo
1651 2399 1731 2432 igitur
1749 2397 1788 2424 Ia-

1001 2440 1126 2474 borabat,
1136 2450 1168 2469 ac
1185 2442 1271 2469 morbi
1286 2447 1391 2476 tempus
1405 2448 1463 2470 erat
1484 2449 1607 2470 sanctum
1634 2449 1662 2471 et
1681 2444 1786 2471 celebre

1002 2486 1085 2522 349
1100 2487 1214 2522 Pasrha,
1229 2489 1286 2515 dies
1307 2488 1412 2515 dierum
1439 2496 1497 2521 rex,
1526 2497 1556 2516 ac
1582 2489 1720 2523 splendida
1739 2489 1784 2517 illa

1000 2541 1064 2565 nox,
1077 2534 1180 2567 peccati
1199 2535 1324 2562 tenebras
1340 2535 1459 2568 solvens,
1472 2535 1498 2561 iu
1512 2543 1563 2570 qua
1577 2543 1625 2563 nos
1639 2543 1700 2562 cum
1725 2543 1785 2562 ma-

1002 2586 1054 2613 gna
1072 2579 1183 2606 luminis
1197 2581 1274 2614 copia
1303 2581 1398 2608 salutis
1422 2585 1521 2608 nostra:
1552 2581 1647 2608 festum
1663 2581 1785 2608 celebra-

1002 2633 1075 2656 mtts,
1087 2629 1168 2660 atque
1180 2634 1242 2653 cum
1259 2634 1365 2654 tnortua
1384 2635 1432 2662 pro
1444 2627 1590 2654 nobislttce
1607 2633 1693 2654 morte
1704 2626 1786 2654 simul

1001 2669 1099 2702 affecti,
1126 2674 1153 2697 ct
1178 2679 1240 2698 cutn
1268 2673 1361 2699 eadem
1387 2674 1504 2699 excitata
1523 2673 1604 2700 simul
1623 2673 1785 2700 excitamur.

1003 2716 1060 2743 IIoc
1077 2721 1200 2751 tempore
1217 2720 1330 2746 morbus
1348 2719 1469 2753 urgebat.
1486 2719 1510 2745 Is
1533 2724 1635 2746 autem.
1654 2724 1685 2746 ut
1703 2720 1785 2747 breve

1034 2827 1090 2896 2H)
1107 2827 1176 2861 Τῆς.
1198 2827 1278 2855 Deest
1294 2829 1319 2855 in
1337 2829 1403 2863 Iif‘g.
1419 2830 1474 2856 hm.

1049 2864 1088 2896 I5)
1109 2863 1296 2895 Περισόητον.
1318 2864 1381 2895 Reg.
1395 2874 1419 2895 ιι,
1436 2874 1469 2890 πε

1109 2863 1296 2900 Περισόητρν,
1318 2864 1419 2900 Regia,
1436 2865 1607 2900 περιϐόητος.

1034 2897 1089 2933 (14)
1108 2898 1212 2925 Σιτίων
1223 2897 1265 2925 δέ.
1279 2899 1359 2926 Coisl.
1378 2899 1389 2925 I
1405 2897 1489 2932 addit,
1507 2897 1589 2933 ἅπαν,
1610 2910 1618 2926 ι
1633 2901 1753 2929 omnino.
1769 2910 1784 2928 ›
