2049 3143
239 169 308 197 1019

841 171 869 199 S.
892 171 1054 199 GBEGOHII
1075 172 1244 200 TIIEOLOGI

1790 171 1856 199 £016

239 229 349 260 faciam,
380 228 440 255 talis
461 233 541 255 erat:
557 227 707 255 Vehemens
736 228 860 262 qumdatn
881 234 907 256 et
925 232 1023 257 ardens

1082 231 1279 261 ὶποκέκλειστο,
1299 230 1381 261 ὕπνος
1395 230 1423 256 δὲ
1439 229 1602 264 ἀπελήλατο,
1619 229 1720 264 ἀπορίᾲ
1739 228 1766 255 δὲ
1789 229 1859 264 εἶχε-

239 275 323 302 febris
339 275 448 302 intimas
464 282 560 302 omnes
583 275 705 308 corporis
722 281 813 309 partes
827 276 970 308 exurebat,
985 277 1024 302 vi-

239 327 283 346 res
299 319 467 351 defecerant,
485 327 499 346 a
516 321 586 348 cibis
596 320 723 348 exclusus
749 325 819 351 erat,
833 328 946 348 somnus
960 321 1023 348 abs-

239 370 368 397 cesserat,
387 373 440 400 quo
455 373 485 392 se
499 370 616 392 verteret
635 366 783 398 nesciebat,
809 372 891 401 atque
905 367 941 394 ob
965 374 1025 394 cor-

239 411 282 438 dis
299 412 491 445 palpitationcs
506 412 599 438 animo
622 412 738 439 subinde
764 412 949 447 linquebatur.
965 412 1024 440 .lam

239 457 329 484 omnia
346 458 402 484 oris
417 453 556 489 interiora,
573 462 599 484 et
615 457 735 492 palatum
748 457 846 492 ipsum,
859 463 887 485 et
898 459 1025 493 quidquid

241 504 366 538 superius
381 504 490 538 pendet.
507 508 547 531 tot
574 509 683 539 tamque
710 504 817 531 acerbis
844 509 871 532 et
891 505 1027 532 continuis

241 548 378 574 ulceribus
392 549 543 580 scatebunt,
560 554 589 575 ut
606 556 640 575 ne
665 556 742 582 aquae
758 549 866 582 quidem
892 548 981 576 facilis
1000 553 1027 576 et

240 593 361 627 periculo
374 590 472 628 expers
486 599 591 621 meatus
608 601 689 622 esset.
706 594 761 622 Nec
779 602 843 622 vero
868 599 915 622 attt
938 595 1024 622 medi-

242 646 336 666 corum
353 645 437 671 artes,
452 645 498 666 aut
517 640 732 675 propinquorum
745 641 786 667 vel
808 641 1027 668 necessariorum

241 685 390 719 quamlibet
405 684 519 712 assidua:
536 693 641 720 preces.
662 691 709 712 aut
722 686 805 712 ullum
822 686 972 713 curationis
981 694 1028 720 ge—

243 739 296 758 nus
309 732 404 759 morbo
419 731 578 766 depellendo
602 740 650 766 par
671 739 731 759 esse
747 737 862 766 poterat.
883 733 970 767 Atque
985 733 1029 759 hic

242 784 276 804 eo
287 781 358 804 statu
371 782 441 809 erat,
455 778 579 812 exiguum
598 777 726 812 quiddam
748 782 775 804 et
791 778 962 812 desperatum
975 778 1029 812 spi-

243 830 316 855 rans,
330 830 362 850 ac
376 831 409 850 ne
422 827 570 857 praesentes
585 824 692 857 quidem
705 830 866 858 agnoscens,
887 830 978 850 verum
990 819 1050 849 ιο-”Δ

244 874 286 895 tus
303 869 327 895 in
339 868 491 896 discessum
503 870 635 900 intentus,
650 869 770 902 atquein
786 875 829 902 ea,
845 876 904 903 quae
917 868 1030 904 jampri-

1075 286 1114 309 το,
1130 277 1177 303 καὶ
1189 276 1306 312 παλμοίς
1318 275 1508 303 συνεκόπτετο.
1523 276 1563 302 Τὰ
1579 275 1606 301 δὲ
1618 275 1683 301 εἴσω
1697 273 1742 301 τοῦ
1761 275 1861 309 στόμα-

1074 332 1120 354 τος
1151 323 1267 355 ἅπαντα,
1292 322 1308 358 ἦ
1337 331 1366 348 τε
1391 321 1511 357 ὑπερῷα,
1539 322 1586 348 καὶ
1608 322 1669 347 ὅσον
1691 320 1862 356 ὑπεραιὼρη-

1076 378 1120 396 ται
1135 370 1201 403 (15),
1213 369 1350 400 τοσούτοις
1369 368 1476 395 ἕλκεσιν
1495 367 1647 402 ἐξηνθήκει,
1668 367 1715 393 καὶ
1727 366 1797 393 οὕτω
1814 374 1861 392 πι-

1077 417 1152 450 κροῖς
1162 423 1192 441 τε
1205 415 1251 441 καὶ
1267 414 1415 448 συνεχέσιν,
1431 413 1501 440 ὥστε
1517 413 1583 448 μηδὲ
1600 413 1677 439 ὕδατι
1691 412 1779 447 ῥᾴδιον
1791 409 1860 438 εἶναι

1076 462 1120 487 τὸν
1136 461 1228 497 πόρον,
1249 461 1315 496 μηδὲ
1335 459 1484 486 ἀκίνδυνον.
1502 460 1622 494 Ἦρκουν
1642 458 1669 484 δὲ
1684 457 1745 484 οὔτε
1762 457 1861 492 ίατρῶν

1077 507 1179 542 τέχναι,
1191 507 1252 533 οὔτε
1264 506 1370 533 οἰκείων
1381 506 1458 540 εὐχαὶ
1470 505 1517 532 καὶ
1526 504 1584 531 λίαν
1594 503 1860 540 προσλιπαρούντων,

1077 553 1139 579 οὔτε
1166 552 1297 587 θεραπεία
1326 552 1401 578 πᾶσα
1427 550 1629 586 προσαγομένη.
1652 550 1681 576 '0
1705 549 1753 584 μὲν
1771 547 1817 575 οὖν
1832 551 1862 576 ὲν

1077 599 1182 630 τούτοις
1196 597 1239 634 ἦν,
1253 597 1341 624 πνέων
1353 597 1438 633 μικρά
1450 597 1496 623 καὶ
1509 596 1717 631 ἀπεγνωσμένα,
1733 595 1780 622 καὶ
1795 595 1863 630 μηδὲ

1078 645 1132 670 τῶν
1146 644 1287 680 παρόντων
1308 642 1545 677 ἐπαισθανόμενος,
1567 641 1623 675 ἀλλ’
1638 641 1697 673 ὅλος
1718 641 1767 675 τῆς
1784 640 1864 676 ἐκδη-

1081 690 1146 724 μίας
1166 689 1214 721 ὢν,
1233 689 1279 715 καὶ
1297 688 1351 714 τῶν
1365 688 1446 714 πάλαι
1465 686 1637 722 ποθουμένων
1654 686 1727 720 αύτῷ
1746 686 1792 712 καὶ
1811 686 1863 720 ηὖ-

1079 735 1268 771 τρεπισμὲνων
1280 734 1345 768 (16).
1371 734 1458 768 Ἦμᾶς
1478 733 1506 759 δὲ
1527 731 1584 767 εἶχε
1605 732 1637 758 τὸ
1657 731 1739 766 ἱερὸν,
1759 730 1863 766 μύστας

1079 779 1146 815 ὁμοῦ
1164 780 1217 815 (17)
1233 779 1280 805 καὶ
1295 780 1387 809 ἱκέτας
1408 777 1513 813 (ἐπειδὴ
1525 777 1579 804 τῶν
1594 776 1680 803 ἄλλων
1696 775 1862 810 ἀπεγνώκει-

1082 834 1132 860 μεν
1153 823 1301 862 ἁπάντων),
1318 823 1385 858 πρὸς
1400 822 1444 849 τὸν
1460 823 1544 858 μέγαν
1566 821 1657 857 ίατρδν
1678 821 1725 848 καὶ
1747 821 1796 856 τὴν
1811 821 1861 855 τῆς

1081 871 1178 903 νυκτὸς
1192 871 1299 905 ἐκείνης
1315 869 1429 904 δύναμιν
1441 868 1671 903 καταφεύγοντας,
1694 867 1740 894 καὶ
1756 867 1804 904 τὴν
1817 876 1863 894 τεν

244 914 304 940 dem
316 915 471 948 expetebat,
492 922 606 949 qumque
625 914 674 948 ipsi
694 918 842 948 praeparata
866 919 954 940 erant.
975 913 1029 940 Nos

1082 917 1205 942 λευταίαν
1234 914 1409 949 ἐπικουρίαν·
1433 913 1458 940 τί
1483 913 1529 940 καὶ
1557 913 1617 947 φῶ;
1638 912 1824 948 ἑορτάσοντας,
1846 912 1864 948 ἢ

243 967 307 986 vero
325 960 351 986 in
371 960 470 994 templo
483 967 607 990 eramus,
631 958 823 993 mystaesimul
839 963 867 985 et
892 957 1028 992 supplices

243 1005 404 1040 (desperatis
415 1005 540 1032 videlicet
554 1004 682 1032 oumibus
697 1004 758 1031 aliis
770 1004 906 1037 remediis,
921 1004 954 1030 ad
971 1011 1027 1029 ma-

243 1059 324 1086 gnum
340 1052 486 1083 tnedicum,
499 1055 527 1078 ct
538 1051 625 1077 noctis
637 1050 710 1077 illius
723 1051 882 1084 potentiam,
900 1043 1027 1083 tanquam

243 1097 277 1124 ad
304 1103 452 1125 extremam
480 1105 558 1131 opem
587 1101 615 1124 et
642 1096 785 1128 auxilium,
801 1094 1024 1130 confugientes);

246 1143 312 1177 quid
328 1143 436 1170 dicant?
455 1142 601 1170 Festumne
616 1147 645 1168 ut
664 1149 818 1176 ageremus,
833 1149 867 1168 an
880 1145 910 1167 ut
923 1141 1028 1176 lugere-

246 1189 326 1216 tnus?
341 1189 509 1216 Lzetitiamne
520 1181 553 1216 ‘ut
567 1197 600 1215 ex
612 1188 666 1215 diei
686 1188 843 1215 celebritate
858 1194 1027 1221 caperemus.

238 1242 278 1267 _an
294 1239 324 1261 ut
340 1242 414 1266 eum,
428 1236 473 1268 qui
491 1241 543 1261 non
556 1233 612 1267 jam
634 1234 679 1261 hic
702 1239 785 1265 esset,
809 1233 968 1259 funebribus
982 1232 1029 1259 ho-

244 1282 357 1308 noribus
385 1280 573 1308 aﬂiccrentus?
592 1279 614 1307 0
632 1280 766 1315 lacrymas
792 1279 861 1312 illas,
884 1286 956 1313 (quas
973 1283 1028 1305 tum

247 1328 373 1354 universa
391 1327 467 1362 plebs
490 1326 574 1353 fudit!
595 1325 618 1353 Ο
649 1334 730 1354 voces
755 1331 783 1352 et
812 1326 957 1356 clamores,
982 1325 1028 1358 qui

245 1373 410 1406 psalmorum
433 1372 558 1399 cantibus
573 1371 809 1399 admiscebantur!
829 1372 850 1398 Α
868 1371 968 1405 templo
985 1378 1030 1397 sa-

247 1418 393 1449 cerdotem,
405 1425 420 1444 a
437 1417 566 1452 mysterio
597 1424 736 1443 sacrorum
760 1416 924 1448 antistitem,
938 1423 953 1442 a
976 1415 1031 1442 Deo

245 1463 354 1497 dignum
371 1463 477 1490 astitem
496 1462 685 1496 requirebant:
699 1454 780 1496 idque
795 1461 958 1496 praecinente
971 1468 1030 1488 mea

245 1509 339 1540 Maria,
353 1513 575 1543 tympannmque,
594 1516 647 1534 non
659 1507 832 1542 triumphale,
850 1507 897 1535 sed
920 1507 1031 1541 supplex

248 1554 374 1588 pulsante
398 1554 432 1585 ⁷¹,
448 1561 480 1580 ac
509 1558 565 1580 tum
595 1554 710 1587 primum
727 1553 858 1587 pudorem
869 1560 924 1587 prae
939 1552 1031 1579 dolore

1062 962 1282 998 ,θρηνήσοντας;
1312 959 1556 994 πανηγυρίσοντας,
1586 959 1602 994 ἢ
1629 959 1792 994 τιμήσοντας
1820 958 1866 984 τὸν

1080 1007 1170 1034 οὺκὲτι
1183 1006 1298 1033 ἐνταῦθα
1316 1006 1350 1032 τὰ
1369 1006 1514 1039 ὲπιτάφια;
1537 1005 1569 1031 Ὠ
1583 1005 1636 1031 τῶν
1654 1004 1779 1040 δακρύων
1795 1004 1868 1029 ὲκεί-

1081 1062 1144 1085 νων,
1165 1053 1182 1079 ἃ
1206 1051 1281 1087 παρὰ
1299 1051 1397 1082 παντὸς
1419 1050 1500 1085 ὲχέθη
1517 1050 1562 1077 τοῦ
1582 1050 1647 1076 λαοῦ
1663 1049 1827 1084 τηνικαῦταῑ
1842 1048 1866 1075 ὣ

1081 1098 1187 1133 φωνῶν,
1205 1098 1250 1124 καὶ
1270 1097 1349 1132 βοῶν,
1369 1097 1416 1123 καὶ
1435 1095 1528 1131 ὓμνων
1548 1096 1603 1130 (18)
1620 1097 1680 1127 ταῖς
1696 1095 1868 1131 ψαλμῳδίαις

1082 1143 1320 1179 συγκιρναμένωνῐ
1343 1142 1470 1177 Ἐζήτουν
1486 1142 1561 1177 παρὰ
1577 1141 1622 1168 τοῦ
1635 1141 1706 1177 ἱεροῦ
1721 1141 1766 1167 τὸν
1781 1141 1865 1176 ἱερέα,

1082 1191 1157 1226 παρὰ
1181 1190 1227 1217 τοῦ
1252 1189 1400 1225 μυστηρίου
1421 1188 1467 1215 τὸν
1493 1188 1683 1224 μυσταγωγδν,
1711 1188 1786 1223 παρὰ
1819 1188 1866 1214 τοῦ

1082 1236 1149 1262 Θεοῦ
1166 1236 1210 1262 τὸν
1221 1234 1294 1266 ἄξιον
1309 1233 1500 1270 παραστάτην·
1513 1233 1559 1260 καὶ
1573 1233 1659 1259 ταῦτα
1668 1231 1702 1267 ἦν
1714 1253 1720 1264 ,
1739 1232 1869 1268 ὲξαρχού-

1083 1290 1133 1316 σης
1159 1281 1210 1316 τῆς
1231 1281 1303 1315 ἐμῆς
1320 1280 1428 1314 Μαρίας
1443 1278 1509 1313 (19),
1536 1278 1583 1305 καὶ
1603 1278 1823 1313 ἀνακρουομένης
1838 1277 1870 1303 τὺ

1082 1327 1231 1362 τύμπανον,
1244 1326 1274 1352 οὺ
1287 1325 1316 1352 τὺ
1330 1325 1470 1356 ἐπινίκιον,
1489 1324 1556 1351 ἀλλὰ
1571 1324 1600 1350 τὺ
1614 1319 1724 1353 ἱκέσιον,
1742 1324 1791 1350 καὶ
1808 1323 1869 1350 τότε

1083 1372 1190 1408 πρῶτον
1204 1372 1391 1406 ἀναισχυντεῖν
1409 1369 1546 1405 μαθούσης
1560 1369 1612 1396 ὑπὸ
1626 1369 1673 1395 τοῦ
1692 1368 1803 1400 πάθους,
1824 1369 1870 1394 καὶ

1083 1417 1260 1452 καταϐοώσης
1283 1417 1328 1443 τοῦ
1352 1415 1416 1442 λαοῦ
1437 1424 1466 1442 τε
1485 1415 1587 1450 ὁμοίως
1608 1415 1715 1441 καὶτοῦ
1728 1413 1810 1441 Θεοῦ·
1822 1414 1870 1440 τοῦ

1085 1463 1145 1499 μὲν,
1162 1463 1302 1496 συναλγεῖν
1313 1461 1452 1497 πασχούσῃ
1464 1461 1530 1495 (20),
1545 1462 1591 1487 καὶ
1602 1454 1871 1496 προσφιλοτιμεῖσθαι

1084 1510 1140 1539 τοῖς
1150 1508 1265 1542 δάκρυσι
1276 1515 1282 1522 υ
1298 1507 1344 1533 τοῦ
1360 1507 1397 1538 δὲ,
1413 1506 1564 1532 εἰσακούειν
1576 1506 1630 1533 τῶν
1644 1506 1787 1541 δεομένων,
1802 1506 1872 1532 πάν-

1083 1563 1137 1580 των
1155 1553 1237 1579 αὺτὸν
1254 1553 1307 1578 τῶν
1328 1553 1380 1588 πρὸ
1400 1552 1494 1578 τούτου
1511 1551 1658 1586 θαυμάτων
1672 1551 1727 1586 (21)
1740 1552 1796 1587 (καὶ
1816 1552 1872 1587 γὰρ

246 1600 410 1633 deponente,
426 1598 609 1633 populumque
623 1598 702 1624 simul
717 1605 749 1624 ac
761 1597 846 1625 Deum
865 1598 970 1631 magnis
980 1597 1031 1624 cla-

1085 1598 1223 1633 εὑρετικὺν
1237 1597 1267 1623 τὺ
1279 1597 1404 1632 πάσχειν)
1420 1597 1674 1632 ὑπομιμνήσκουσα.

248 1645 558 1680 tnoribusimplorante;
576 1645 651 1672 illum
670 1652 777 1679 nempe,
794 1651 824 1672 ut
847 1645 947 1672 dolenti
960 1646 1126 1678 condoleret,
1157 1645 1336 1680 certatimque
1367 1653 1427 1671 eum
1460 1652 1491 1672 ea
1521 1644 1654 1679 lacrymas
1674 1643 1871 1679 profunderet;

247 1694 318 1720 hunc
335 1699 436 1727 autem,
455 1699 485 1721 ut
498 1698 607 1721 orantes
622 1694 775 1726 exaudiret,
806 1701 838 1721 ac
866 1694 1059 1722 miraculorum
1079 1695 1211 1726 omnium,
1231 1701 1290 1729 quze
1321 1694 1396 1727 prius
1421 1693 1544 1720 ediderat
1565 1694 1702 1728 (magnam
1738 1693 1811 1720 enim
1838 1693 1873 1719 ad

247 1742 436 1769 inveniendum
446 1742 501 1768 vim
514 1741 588 1769 dolor
604 1740 716 1776 habet),
729 1741 918 1769 submonente.

283 1786 378 1814 XXIX.
397 1787 466 1822 Quid
483 1787 564 1822 igitur
576 1789 662 1816 noctis
675 1789 758 1823 illius,
778 1794 807 1817 et
819 1790 937 1825 jacentis
950 1790 1032 1825 350

251 1832 340 1859 Deus?
352 1832 415 1860 Mihi
431 1833 465 1860 ad
479 1841 584 1866 eorum,
598 1842 657 1869 quae
672 1840 834 1869 sequantur,
847 1837 1032 1863 narrationem

247 1877 445 1912 progredienti,
472 1880 665 1908 cohorresccre
684 1882 775 1913 subit;
791 1889 822 1908 ac
835 1889 883 1908 vos
894 1883 974 1908 etiam
989 1889 1035 1908 co-

251 1924 418 1952 horrescatis
434 1925 526 1958 velim,
552 1934 604 1952 non
634 1931 724 1953 autem
758 1927 837 1954 [idem
859 1927 974 1954 orationi
989 1928 1035 1954 dc—

250 1971 380 1997 trahatis:
398 1979 486 2005 neque
500 1972 571 1998 enim
590 1971 630 1999 fas
641 1978 693 2006 est,
707 1981 768 2000 cum
783 1978 808 2000 et
822 1981 880 2005 nos.
895 1978 921 2000 et
935 1974 967 2000 de
978 1973 1032 2005 illo,

252 2017 334 2044 verba
351 2014 493 2045 faciamus.
513 2017 634 2053 Mysterii
660 2024 766 2053 tempus
793 2020 894 2051 aderat,
915 2025 941 2046 et
956 2027 1035 2046 velte-

250 2064 335 2090 randa
350 2063 441 2096 statio,
455 2068 536 2097 atque
553 2064 631 2096 ordo.
649 2065 682 2091 ad
698 2072 728 2092 ea
741 2072 802 2099 qua:
815 2065 1033 2096 celebrabantur,

250 2108 369 2142 quietem
384 2113 412 2135 et
440 2108 578 2135 silentium
605 2114 710 2143 tenens,
734 2117 794 2136 cum
815 2109 859 2136 ille
873 2110 906 2137 ab
920 2117 963 2142 eo,
988 2110 1033 2144 qui

252 2158 374 2180 mortuos
389 2153 421 2180 ad
435 2154 518 2180 vitam
535 2159 653 2186 revocat,
671 2160 698 2181 ct
720 2163 734 2181 ιι
759 2161 837 2182 nocte
861 2159 1034 2182 sacrosancta

250 2200 395 2227 excitatur.
408 2199 499 2226 Primo
513 2201 649 2234 paululum
660 2209 689 2228 se
705 2205 802 2233 movet,
813 2201 911 2228 deinde
922 2201 1034 2227 ﬁrmius:

252 2253 312 2272 mox
344 2246 440 2280 exigua
466 2246 610 2273 admodum
640 2252 666 2274 et
690 2247 806 2274 obscura
820 2255 886 2274 voce
906 2247 1037 2274 fatnulum

250 2291 393 2327 quemdam
408 2299 439 2318 ex
458 2291 500 2323 iis,
516 2292 560 2326 qui
574 2292 598 2319 ei
616 2293 789 2324 assistebant,
810 2293 969 2320 nominatim
991 2299 1037 2319 ac-

251 2338 335 2365 citum
353 2343 451 2372 priesto
466 2345 537 2370 esse,
553 2346 585 2365 ac
598 2344 698 2366 vestem
711 2339 860 2374 porrigere,
874 2345 1038 2373 manumque

286 2395 308 2410 "
323 2394 408 2421 Exod.
427 2401 471 2426 xv,
484 2393 528 2420 ‘20.

286 2452 342 2488 (l5)
361 2452 593 2488 Ὑπεραιὼρηῖςαι.
612 2450 677 2488 Reg.
693 2450 859 2488 a,rCoisl._1,
875 2449 1034 2488 ὑπερεώρητ
1051 2454 1072 2480 ι)

251 2485 306 2515 ται.
326 2485 623 2522 Οι’.1.ἷὺπερηρώηται
647 2487 707 2521 [pro
723 2485 941 2522 ὑπερῃώρηται),
964 2485 1034 2522 quod

252 2520 527 2556 Contbelisiopiat-ct.
539 2520 665 2551 mentae;
681 2520 852 2556 ὑπηρώὴται·
867 2520 882 2546 ἰ
904 2520 1034 2554 quidquid

254 2559 304 2585 sub
321 2558 364 2584 illo
377 2555 486 2591 (palatii)
500 2557 607 2590 pendet,
624 2567 632 2580 ι
648 2565 702 2590 quo
720 2555 906 2591 potissumum
918 2557 1035 2591 linguam

253 2598 341 2627 palato
352 2590 498 2624 subjectani
516 2600 524 2616 ι
540 2590 684 2627 signiﬁcat.

290 2628 346 2661 (16)
359 2625 619 2662 1ΙύτμςπιοζμιένωνΣ
633 2626 680 2653 0r.
694 2626 719 2658 1,
738 2625 967 2662 εὐτρεπισμένων.

289 2659 489 2695 (1Ἱ)Μύάτας,
502 2659 554 2688 etc.
577 2670 586 2686 ι
604 2661 748 2687 Sacrorum
765 2659 899 2688 antistites
918 2659 997 2687 simul
1012 2663 1039 2686 el

254 2698 398 2732 supplices.
420 2707 428 2722 ι
455 2697 513 2730 Ipse
527 2696 715 2732 intelligendus
733 2701 774 2723 est
796 2695 960 2730 Theologus,
991 2695 1036 2728 qui

255 2731 339 2766 patris
353 2732 424 2758 vices
436 2732 539 2764 agebat.
561 2731 632 2758 Elias
649 2740 654 2756 :
670 2740 679 2756 ε
698 2732 795 2758 festum
816 2736 936 2765 agentes.
956 2740 964 2756 ι

254 2765 276 2830 ὸ
291 2767 346 2829 (Ιῗ)
371 2767 425 2793 Καὶ
439 2766 549 2801 ὕμνων.
569 2767 630 2793 Haec
648 2766 745 2793 desunt
759 2768 785 2793 in
802 2767 885 2801 Begg.
898 2774 924 2797 a,
941 2765 996 2797 btn,
1012 2769 1039 2791 et

279 2810 301 2829 r.
332 2820 341 2828 .

279 2810 301 2829 r.
315 2803 341 2829 1.

293 2837 348 2871 (19)
360 2836 483 2870 Μαρίας.
501 2836 578 2864 Juxta
594 2836 689 2867 Elian),
706 2836 827 2864 Nonnam
840 2841 951 2864 matrem
968 2834 1043 2862 ittlcl-

257 2872 314 2907 ligit
331 2872 484 2906 Gregorius.

1118 1788 1183 1814 κθι.
1199 1786 1231 1812 Τί
1245 1783 1290 1812 οὗν
1306 1784 1422 1811 ἐνταῦθα
1435 1784 1491 1820 (22)
1506 1785 1520 1811 ὁ
1534 1784 1582 1819 τῆς
1597 1784 1692 1815 νυκτὸς
1708 1785 1814 1819 ἐκείνης
1825 1789 1872 1813 καὶ

1083 1833 1129 1860 τοῦ
1141 1832 1266 1867 κειμένου
1280 1831 1361 1862 Θεός;
1378 1830 1501 1866 Φρίττειν
1518 1829 1663 1865 ἐπέρχεταί
1682 1838 1725 1865 μοι
1736 1831 1791 1861 τοῖς
1808 1830 1874 1864 ἑξῆς

1085 1879 1222 1916 προσιόντι
1254 1877 1300 1904 τοῦ
1326 1877 1494 1911 διηγήματος
1519 1876 1574 1911 (‘25)
1600 1876 1747 1911 (φρίττοιτε
1771 1875 1800 1902 δὲ
1825 1876 1874 1902 καὶ

1085 1928 1173 1961 ὑμεῖς,
1194 1926 1217 1951 οἱ
1233 1923 1386 1955 ἀκούοντες,
1403 1922 1439 1958 μὴ
1453 1923 1611 1957 ἀπιστοίητε
1623 1923 1651 1949 δέ
1661 1931 1667 1938 ε
1682 1923 1711 1949 οὐ
1725 1923 1778 1958 γὰρ
1790 1923 1873 1952 ὅσιον,

1087 1973 1164 2008 ἡμῶν
1181 1971 1237 2005 (21)
1263 1970 1310 1996 καὶ
1326 1970 1390 2005 περὶ
1408 1969 1512 1995 ἐκείνου
1529 1968 1736 2004 διηγουμένων).
1753 1968 1844 2004 Παρῆν
1860 1969 1875 1994 ὁ

1087 2018 1132 2044 τοῦ
1150 2017 1298 2053 μυστηρίου
1317 2015 1422 2051 καιρὸς,
1442 2015 1488 2041 καὶ
1506 2015 1522 2050 ἡ
1541 2015 1687 2050 σεόάσμιος
1705 2014 1809 2045 στάσις,
1826 2014 1875 2040 καὶ

1087 2062 1172 2094 τάξις,
1196 2063 1250 2092 τοῖς
1273 2060 1444 2095 τελουμένοις
1465 2060 1690 2094 ὲφησυχάζουσα·
1714 2060 1728 2085 ὀ
1752 2059 1781 2085 δὲ
1798 2058 1876 2094 παρὰ

1088 2109 1133 2136 τοῦ
1149 2107 1342 2141 ζωοποιοῦντος
1354 2108 1416 2138 τοὺς
1427 2107 1539 2141 νεκροὺς
1557 2106 1604 2133 κα)⁴
1621 2107 1670 2142 τῆς
1685 2107 1760 2142 ἱερᾶς
1778 2105 1876 2138 νυκτὸς

1088 2154 1264 2181 διανίσταται.
1278 2152 1383 2187 Μικρὸν
1395 2152 1562 2178 ὑποκινεῖ-ται
1583 2151 1701 2187 πρῶτον,
1716 2149 1776 2177 εἶτα
1795 2152 1875 2186 στεῤ-

1089 2199 1213 2235 ρότερον-
1228 2196 1287 2224 εἶτα
1303 2197 1419 2228 καλέσας
1431 2196 1485 2223 τῶν
1496 2197 1706 2232 παραμενόντων
1720 2197 1782 2222 τινὰ
1795 2196 1876 2232 θερα-

1089 2243 1191 2278 πευτὴν
1207 2242 1263 2278 (25)
1275 2242 1304 2274 ἐξ
1314 2242 1453 2276 ὀνόματος.
1474 2242 1558 2276 μικρὰ
1571 2241 1641 2267 πάνυ
1657 2240 1705 2267 καὶ
1719 2241 1828 2276 ἁμυδρᾷ
1841 2242 1874 2276 τῇ

1090 2291 1176 2325 φωνῇ,
1193 2287 1317 2323 παρεῖναί
1330 2296 1359 2313 τε
1370 2287 1416 2312 καὶ
1428 2286 1534 2322 ὀρέγειν
1551 2286 1660 2321 ἐσθῆτα,
1676 2287 1722 2312 καὶ
1733 2287 1811 2321 χεῖρα
1827 2287 1877 2312 ὑπ-

1092 2336 1162 2370 έχειν
1179 2333 1311 2359 ἐκέλευεν.
1332 2331 1387 2357 Καὶ
1406 2330 1435 2362 ὃς
1455 2331 1545 2366 παρῆν
1565 2331 1623 2366 μετ’
1642 2330 1807 2366 ἐκπλήξεως,
1829 2332 1876 2357 καὶ

1123 2448 1179 2484 (20)
1195 2448 1374 2484 Haa‘xot'w’n.
1391 2446 1469 2484 ΙεξςηΔ
1477 2447 1664 2483 παρασχούσῃ.

1124 2478 1179 2519 (21)
1212 2478 1309 2519 Abii)?
1331 2478 1473 2519 15r_:rpd
1485 2478 1604 2519 relicuo
1620 2478 1786 2519 θᾶυμάτων.
1809 2481 1875 2519 “eg:

1089 2516 1144 2550 hui,
1166 2516 1272 2554 αὐτῶν,
1281 2517 1390 2553 [melius
1401 2517 1411 2553 ]
1422 2519 1501 2544 Coisl.
1521 2519 1548 2549 2,
1561 2517 1613 2554 πρὸ
1627 2516 1747 2553 τοῦᾙηύ
1763 2516 1875 2552 προτοῦ]

1092 2555 1248 2589 θαυμάτων.
1267 2553 1326 2579 ΒιιΙ.
1353 2554 1379 2579 in
1406 2554 1523 2589 secunda
1549 2554 1670 2589 versione
1686 2562 1726 2589 :__¢
1747 2553 1877 2580 miracula

1092 2587 1182 2617 omnia
1205 2590 1231 2615 in
1246 2589 1404 2614 memoriam
1422 2588 1471 2621 ipsi
1499 2588 1646 2622 redigente.
1664 2598 1674 2614 ›
1697 2587 1805 2619 Verum,
1827 2589 1878 2614 hac

1093 2624 1388 2658 p05thabitahpriorem
1405 2623 1579 2648 restiluiutus.

1128 2659 1183 2694 (22)
1196 2659 1224 2685 Τί
1235 2656 1296 2694 ,οὖν
1304 2657 1444 2688 ἐνταῦθα,
1459 2664 1517 2694 εμὲ.)
1530 2657 1878 2694 ίγρυίιίγΙιίομῇείῐριχυοοιιε

1091 2691 1179 2734 illius;
1192 2699 1219 2721 et
1231 2693 1346 2733 jacentis
1360 2694 1452 2728 εει-οη
1468 2693 1532 2719 facit
1545 2693 1638 2719 Deus?
1660 2702 1669 2718 ι
1684 2691 1728 2720 Sic
1743 2691 1836 2719 Billius
1850 2693 1878 2718 in

1091 2737 1176 2764 pruna
1196 2735 1327 2764 VCI'SIQne.

1130 2763 1185 2798 (2.3)
1196 2762 1386 2798 Δίῃ-νάματος.
1402 2762 1483 2790 Coisl.
1499 2762 1530 2798 1ἒ
1543 2762 1690 2797 θαύματος.

1131 2799 1186 2833 (21)
1209 2797 1315 2832 ’Πμῶτκ
1329 2798 1411 2833 (lout.
1428 2797 1455 2828 1,
1474 2797 1561 2831 ὑμῶν.

1118 2831 1188 2874 "(25)
1217 2831 1416 2867 Garamum:
1437 2833 1500 2867 lie-,5.
1526 2842 1550 2864 ιι,
1580 2831 1662 2859 Cuisl.
1693 2832 1715 2864 l,
1744 2831 1880 2867 θεραπευσ

1095 2879 1159 2896 των,
