2049 3143
173 162 241 189 1021

634 161 763 190 ORATIO
783 162 876 190 XVIII.
897 179 931 183 —
952 162 1122 191 FUNEBRIS
1142 164 1175 191 IN
1195 165 1346 193 PATREM.

1730 169 1799 197 I022

171 217 302 251 ὑπηρετει
327 217 490 252 προθύμως·
516 219 563 244 καὶ
580 218 609 250 ὃς
636 218 693 254 (26)
715 219 753 251 ὡς
778 219 915 256 βακτηρία
929 222 960 256 τῇ

1015 222 1148 256 subjicere
1160 223 1247 257 jubet.
1261 224 1311 257 Qui
1326 231 1387 251 cum
1410 231 1462 252 non
1484 224 1544 252 sine
1554 229 1662 259 stupore
1680 226 1796 257 adesset,

171 263 340 298 χειραγωγίᾳ
356 264 538 299 χρησάμενος,
555 267 679 300 μιμεῖται
699 266 745 292 τὸν
762 267 809 292 ἐπὶ
824 267 871 292 τοῦ
882 266 961 302 ὅρους

171 309 290 334 Μωῡσέα
307 309 374 344 (27),
390 310 436 336 καὶ
456 310 505 341 τὰς
525 311 694 346 παρειμένας
714 313 807 347 χεῖρας
825 313 865 343 εὶς
879 312 961 347 εὐχὴν

173 353 354 388 σχηματίσας,
372 355 492 382 συντελεῖ
505 355 652 391 προθύμως
667 356 682 392 ἢ
699 357 825 392 προτελεῖ
842 357 889 383 τοῦ
905 357 960 391 (28)

171 401 236 428 λαοῦ
248 402 281 429 τὰ
294 404 440 439 μυστήρια,
454 405 558 440 ῥήμασι
570 405 619 440 μὲν
633 405 733 439 ὀλίγοις
747 407 793 433 καὶ
804 407 875 438 ὅσοις
890 406 963 433 ἔσθε-

171 457 226 480 νεν,
240 449 343 486 διανοίᾳ
359 450 398 483 δὲ,
419 451 457 483 ὡς
477 452 539 486 ἐμοὶ
552 451 636 484 δοκεῖ,
658 454 705 479 καὶ
726 453 786 480 λίαν
805 453 960 490 τελεωτάτῃ

172 495 205 526 (ὣ
221 496 267 522 τοῦ
281 497 419 532 θαύματος
430 500 435 524 l
448 498 469 533 ),
481 499 544 526 ἄνευ
559 499 678 535 βήματος
691 501 737 527 ἐπὶ
753 500 882 535 βήματος,
898 501 960 527 ἄνευ

172 540 364 577 θυσιαστηρίου
387 543 484 580 θύτης,
499 544 587 579 ἱερεὺς
606 545 699 581 πόρρω
711 545 765 572 τῶν
775 546 942 581 τελουμένων
952 554 959 560 ·

171 586 219 612 καὶ
235 587 320 614 ταῦτα
341 589 431 624 παρῆν
447 589 520 624 αὺτῴ
540 590 616 626 παρὰ
630 590 677 616 τοῦ
700 591 777 625 ἁγίου
792 591 960 625 Πνεύματος,

173 632 246 667 λὺτῷ
262 633 311 667 μὲν
327 635 526 671 γινωσκόμενα,
544 638 599 668 τοῖς
615 637 730 672 παροῦσι
744 637 772 664 δὲ
792 638 840 672 οὐχ
854 637 961 673 ὁρώμε-

174 687 212 705 να.
240 677 307 707 Εἶτα
330 681 450 708 ἐπειπὼν
470 682 504 709 τὰ
519 683 568 718 τῆς
583 683 758 719 εὐχαριστίας
779 685 889 719 ῥήματα
904 685 960 720 (29)

173 725 265 757 Αὔτως,
281 727 318 758 ὠς
336 726 459 762 σύνηθες,
476 730 523 755 καὶ
539 729 585 755 τὸν
601 729 664 756 λαὸν
679 730 892 765 κατευλογήσας,
913 731 962 757 πά-

173 773 212 798 λιν
225 772 273 807 τῆς
288 772 382 808 κλίνης
398 774 512 807 γίνεται,
530 775 635 810 τροφῆς
651 784 681 801 τε
699 776 796 811 μικρόν
818 785 844 802 τι
860 777 961 812 προσέ-

173 825 251 853 μενος
270 819 338 854 (30),
362 821 410 847 καὶ
433 820 517 854 ὕπνου
537 821 707 856 μεταλαϐὼν,
728 822 904 849 ἀνακαλεῖται
930 822 961 849 τὸ

173 863 295 898 πνεῦμα’
326 864 374 890 καὶ
400 866 461 896 ταῖς
484 865 554 891 κατὰ
586 865 683 901 μικρὸν
717 865 886 901 προσθήκαις
911 865 961 899 τῆς

1013 272 1190 302 prompteque
1204 269 1412 302 obsequeretur,
1434 269 1492 303 ipse
1507 277 1587 296 mauu
1610 276 1735 305 tanquam
1750 271 1797 298 ba-

1012 313 1072 340 cqu
1086 313 1194 346 ductus,
1210 313 1330 350 Moysem
1354 315 1428 342 illum
1453 315 1480 342 in
1496 320 1589 343 monte
1603 321 1725 343 orantem
1741 316 1798 343 imi-

1012 363 1096 392 tatur,
1112 359 1261 394 fractisque
1278 368 1310 387 ac
1324 360 1475 388 debilitatis
1502 362 1628 389 manibus
1643 362 1675 388 ad
1696 362 1797 388 oratio-

1011 411 1072 430 nem
1089 405 1257 439 compositis,
1272 405 1355 432 alacri
1369 406 1461 432 animo
1486 413 1547 432 cum
1564 407 1673 441 populo,
1693 406 1734 434 vel
1749 414 1798 440 pro

1011 449 1109 483 popqu
1121 451 1249 485 mysteria
1263 452 1381 485 peragit,
1401 453 1495 485 paucis
1517 452 1636 486 quidem,
1652 456 1678 478 et
1698 451 1798 486 quibus

1011 499 1126 529 poterat.
1146 496 1248 527 verbis,
1262 502 1352 523 riterite
1368 502 1467 528 autem,
1485 502 1514 524 ut
1530 497 1596 523 mihi
1609 497 1725 530 videtur,
1737 504 1799 530 per-

997 542 1091 575 'quam
1108 541 1210 574 integra
1224 549 1297 575 ;rem
1311 543 1407 569 miram
1421 543 1428 570 !
1450 543 1509 570 sine
1525 542 1644 570 sacrario
1661 543 1686 568 in
1703 550 1797 570 sacra-

1011 586 1064 618 rio,
1079 586 1141 613 sine
1157 586 1237 613 altari
1255 587 1406 621 sacriﬁcus,
1418 588 1547 615 sacerdos
1558 595 1573 615 a
1594 587 1730 622 mysteriis
1739 595 1798 622 pro-

1010 632 1051 658 cul
1066 637 1197 659 remotus.
1214 632 1302 666 Atque
1316 633 1374 660 haec
1386 641 1494 668 quoque
1510 633 1547 660 illi
1564 641 1579 660 a
1593 633 1692 667 Spiritu
1702 637 1797 660 sancto

1011 678 1133 710 aderant,
1161 679 1210 713 ipsi
1232 679 1343 712 quidem
1366 679 1485 714 cognita,
1515 680 1694 714 prasentibus
1706 684 1797 706 autem

1010 723 1218 758 haudquaquam
1249 729 1402 759 perspecta.
1423 724 1533 758 Postea,
1562 732 1622 752 cum
1649 725 1796 760 gratiarum

1009 769 1124 796 actionis
1140 769 1233 802 verba,
1250 770 1284 796 ita
1301 774 1327 796 ul
1345 771 1515 797 consuetudo
1534 771 1595 802 fert,
1628 771 1796 804 protulisset,

1009 821 1041 841 ac
1065 815 1190 849 populum
1218 815 1426 849 bet-edixisset,
1453 816 1479 843 in
1504 816 1631 844 lectulum
1652 824 1747 844 rursus
1767 823 1798 843 se

1010 860 1131 894 conjicit.
1151 860 1274 894 Cumque
1285 862 1420 894 paululum
1431 862 1557 896 quiddam
1567 863 1618 890 cibi
1633 863 1797 893 admisisset,

173 909 264 943 ὗγείας
278 910 335 944 (51)
348 910 572 946 συναυξηθείσης,
587 912 603 946 ἡ
617 911 697 946 καινὴ
711 911 801 946 παρῆν
815 911 872 943 (52)
889 911 960 946 ὴμέ-

1011 914 1042 933 ac
1058 906 1144 933 somni
1163 907 1299 941 particeps
1313 907 1400 935 factus
1413 909 1519 941 fuisset,
1538 909 1664 943 spiritqu
1675 912 1797 941 revocat;

173 962 206 988 ρα
217 954 266 990 τῆς
280 955 375 990 ἑορτῆς
389 956 432 991 (ἦν
444 955 530 987 οὕτως
541 955 710 991 ὀνομάζομεν
726 957 837 991 πρώτην
853 957 960 991 Κυρια-

174 1000 231 1035 dav,
249 1001 318 1035 μετὰ
338 1001 386 1036 τὴν
404 1002 587 1036 ἀναπάσιμον
603 1001 704 1036 ταύτην
717 1001 833 1036 ἔχοντες)
846 1010 851 1015 ·
870 1002 916 1028 καὶ
930 1001 960 1027 τὸ

173 1045 242 1079 .ερὺν
257 1046 419 1073 καταλαϐὼν
435 1048 483 1073 σὺν
497 1048 578 1074 παντὶ
593 1047 631 1082 τῷ
644 1048 693 1083 τῆς
710 1047 875 1082 Ἐκκλησίας
891 1048 960 1083 πλη-

173 1089 277 1125 ρώματι
293 1091 442 1126 ἐγκαινίζει
458 1092 507 1128 τὴν
525 1093 671 1128 σωτηρίαν,
690 1093 737 1119 καὶ
755 1092 813 1119 θύει
837 1093 871 1119 τὰ
886 1102 961 1129 χαρι-

173 1137 278 1170 πήρια.
292 1137 346 1163 Καί
363 1137 408 1172 μοί
425 1145 453 1163 τι
468 1137 547 1163 τοῦτο
564 1138 620 1171 (55)
635 1137 666 1163 τὸ
680 1137 766 1173 ἔργον·
775 1137 820 1164 τοῦ
836 1138 900 1174 περὶ
915 1138 960 1164 τὸν

175 1182 298 1218 Ἐζεχίαν
309 1183 447 1218 θαύματος
463 1183 512 1210 οὐκ
530 1184 691 1219 ἀτιμότερον
702 1185 776 1219 (54)·
796 1184 826 1212 ὃν
844 1184 960 1219 ἀσθενή-

173 1236 255 1255 ςαντα
275 1229 321 1255 καὶ
341 1229 482 1264 δεηθέντα,
509 1229 652 1265 προσθήκῃ
670 1230 743 1265 ζωῆς
759 1231 773 1256 ό
788 1229 853 1261 Θεὺς
868 1230 960 1263 ἐδόξα-

173 1283 225 1301 σεν·
245 1276 292 1302 καὶ
305 1276 385 1302 τοῦτο
398 1275 529 1311 ἐγνώρισε
539 1277 571 1311 τῇ
583 1277 646 1311 σκιᾷ
665 1276 719 1302 τῶν
737 1276 840 1302 ἀνασαθ
845 1275 902 1311 μῶν
911 1277 961 1303 ἐπ-

173 1321 316 1358 ιναχθείσῃ
324 1322 393 1357 (55),
403 1322 474 1349 κατὰ
487 1322 534 1358 τὴν
546 1323 627 1349 αὑτοῦ
643 1322 690 1348 τοῦ
701 1322 957 1358 σωθέντοςζαῖτησιν·

173 1368 236 1403 δμοῦ
250 1377 280 1394 τε
293 1369 325 1403 τῇ
343 1369 434 1404 χάριτι
447 1368 542 1403 καὶτῷ
558 1369 663 1404 σημείῳ
675 1368 720 1395 τὸν
736 1368 848 1403 βασιλέα
861 1369 958 1404 τιμῶν,

173 1414 218 1440 καὶ
234 1415 267 1448 τῇ
281 1414 423 1449 προσθήκῃ
436 1414 485 1449 τῆς
497 1414 603 1449 ἡμέρας
615 1414 665 1449 τὴν
679 1413 733 1440 τῶν
746 1414 857 1450 ἡμερῶν
875 1423 961 1450 προσ-

172 1458 258 1495 θήκην
273 1459 461 1495 πιστούμενος.

1012 956 1146 985 auctaque
1170 952 1298 986 paulatim
1323 954 1450 986 sanitate,
1475 962 1535 982 cum
1563 962 1651 981 novus
1674 954 1720 981 ille
1736 953 1798 981 festi

1012 996 1071 1023 dies
1087 996 1135 1031 (ita
1149 1004 1210 1023 eum
1237 997 1414 1032 appellamus,
1442 999 1513 1033 quod
1539 1004 1600 1033 post
1621 999 1799 1026 resurrectio-

1011 1049 1070 1068 nem
1081 1041 1249 1068 Domiuicam
1267 1042 1383 1077 primum
1399 1051 1459 1070 eum
1475 1043 1709 1078 habeamus,)jam
1720 1043 1798 1070 ades-

1011 1092 1062 1119 set,
1080 1088 1106 1114 in
1122 1087 1248 1122 templum
1264 1096 1293 1115 se
1308 1089 1427 1123 confert,
1443 1097 1475 1116 ac
1499 1098 1561 1116 cum
1582 1090 1654 1117 omni
1671 1089 1798 1117 Ecclesia:

1011 1133 1119 1166 agmine
1151 1132 1248 1160 salutis
1275 1133 1396 1160 encamia
1420 1134 1559 1166 celebrat,
1582 1140 1663 1169 atque
1687 1135 1713 1160 in
1728 1133 1797 1168 grati

1010 1179 1094 1205 animi
1110 1179 1338 1212 significationem
1364 1180 1528 1206 sacrificium
1552 1180 1641 1207 offert.
1660 1179 1724 1213 Quae
1738 1179 1798 1213 qui-

1012 1223 1076 1250 dem
1092 1231 1134 1250 res
1147 1224 1280 1251 miraculo
1301 1223 1358 1257 illo,
1374 1225 1444 1258 quod
1458 1225 1483 1251 in
1498 1224 1613 1252 Ezechia
1635 1225 1736 1252 editum
1745 1229 1798 1256 est,

1013 1276 1075 1296 meo
1090 1268 1198 1303 quidem
1228 1268 1343 1302 judicio,
1371 1277 1544 1304 nequaquam
1573 1269 1685 1297 inferior
1704 1268 1798 1296 haberi

1011 1314 1109 1347 debet;
1125 1322 1218 1348 quem,
1236 1321 1295 1341 cum
1316 1314 1341 1341 in
1356 1314 1479 1341 morbum
1498 1315 1648 1347 incidisset,
1664 1319 1690 1342 et
1703 1322 1798 1350 preces

1011 1360 1192 1393 adhibuisset,
1207 1360 1278 1387 Deus
1292 1360 1355 1387 vitae
1373 1360 1542 1388 incremento
1561 1361 1690 1393 donavit;
1716 1360 1798 1394 idque

1011 1407 1142 1434 indicavit
1156 1415 1204 1441 per
1217 1412 1383 1434 retroactam
1412 1407 1544 1442 graduum
1571 1408 1704 1439 umbram,
1719 1411 1799 1441 prout

1011 1453 1168 1489 petierat",
1181 1453 1226 1487 qui
1242 1455 1357 1480 salutem
1370 1453 1484 1487 accepit,
1500 1461 1589 1487 regem
1602 1453 1797 1487 scilicetgratia

1011 1493 1091 1525 simul
1105 1502 1132 1525 et
1146 1498 1222 1532 signo
1238 1499 1387 1532 honoraris,
1398 1503 1478 1532 atque
1495 1498 1573 1533 351
1589 1506 1635 1533 per
1657 1499 1710 1526 diei
1731 1506 1797 1533 aug-

1010 1549 1144 1576 mentum,
1164 1544 1268 1570 dierum
1288 1549 1461 1578 augmentum
1475 1546 1650 1571 conﬁrmans.

204 1588 244 1614 A’.
264 1587 301 1613 Τὸ
314 1587 335 1614 δ’
348 1587 414 1614 αὐτὸ
432 1573 478 1614 mit
490 1588 554 1622 περὶ
573 1587 623 1623 τὴν
639 1588 744 1624 μητέρα
758 1588 806 1623 τὴν
818 1588 887 1624 ὲμὴν
898 1597 958 1614 συν-

1052 1588 1139 1616 XXX.
1156 1589 1227 1616 Idem
1244 1595 1334 1616 autem
1349 1589 1508 1617 miraculum
1522 1590 1548 1616 in
1564 1595 1651 1616 matre
1663 1589 1799 1624 aliquanto

172 1633 269 1669 ηνέχθη
294 1632 397 1668 θαῦμα,
425 1633 455 1659 οὺ
483 1634 580 1669 μικρὸν
600 1633 728 1668 ὕστερον·
754 1633 829 1666 ἄξιον
849 1634 877 1661 δὲ
894 1634 962 1669 μηδὲ

173 1679 248 1705 τοῦτο
265 1679 469 1714 παραδραμεῖν·
488 1678 589 1713 ταύτην
606 1687 635 1704 τε
657 1678 712 1714 γὰρ
727 1678 760 1704 τὰ
773 1678 865 1705 εἰκότα
881 1679 962 1714 τιμή-

171 1733 262 1759 σομεν,
282 1724 359 1760 εἴπερ
378 1724 438 1750 τινὰ
457 1721 537 1750 οὖσαν
552 1725 637 1759 τιμῆς
652 1724 739 1757 ἀξίαν,
760 1726 856 1760 ἐκείνῳ
870 1733 899 1750 τε
913 1733 961 1759 χα-

171 1770 300 1807 ριούμεθα
315 1770 363 1805 τὴν
376 1770 517 1797 κοινωνίαν
535 1770 590 1805 (56)
604 1770 649 1796 τοῦ
661 1771 839 1806 διηγήματος.
862 1771 960 1797 ’Ἄπτε-

173 1826 214 1844 ται
232 1817 361 1852 κάκείνης
375 1817 516 1852 ἀρρωστία
535 1817 584 1852 τῆς
598 1817 688 1842 πάντα
704 1817 869 1852 καρτερικῆς
889 1816 957 1852 (57),

170 1864 217 1891 καὶ
238 1863 376 1898 γενναίας,
397 1863 443 1889 καὶ
462 1863 557 1889 ἀνόσου
576 1863 621 1889 τὸν
638 1863 744 1890 ἅπαντα
763 1863 868 1898 χρόνον.
891 1863 960 1889 Πολ-

171 1910 222 1936 λῶν
235 1909 263 1936 δὲ
278 1909 362 1936 ὄντων
373 1908 426 1935 τῶν
438 1908 603 1940 λυπούντων,
617 1909 660 1936 ἵνα
679 1909 715 1944 μὴ
728 1908 833 1944 μακρὸν
848 1908 959 1935 ἀποτεί-

172 1966 207 1984 νω
221 1957 309 1991 λόγον,
321 1957 337 1992 ὴ
351 1957 406 1992 (58)
420 1956 535 1992 ἀτροφία
547 1957 577 1982 τὸ
588 1956 740 1992 βαρύτατον
757 1954 791 1992 ἦν
803 1957 850 1983 ἐπὶ
862 1957 960 1992 συχνὰς

173 2002 276 2038 ἡμέρας
296 2002 375 2029 τοῦτο
397 2002 599 2038 κινδυνευούσῃ.
616 2003 663 2029 καὶ
691 2003 774 2039 μηδὲν
797 2004 960 2040 εὑρισκούσῃ

171 2047 217 2074 τοῦ
235 2047 321 2074 κακοῦ
337 2047 492 2083 φάρμακον.
508 2048 570 2079 Πῶς
583 2046 628 2074 οὖν
643 2048 738 2083 τρέφει
757 2048 858 2083 ταύτην
876 2048 959 2080 Θεός;

171 2093 209 2118 οὺ
227 2092 313 2127 μάννα
331 2092 440 2127 βρέξας,
457 2092 494 2123 ὡς
511 2092 541 2118 τὺ
566 2092 649 2119 πάλαι
672 2092 711 2127 τῷ
732 2093 855 2128 Ἰσραήλ·
876 2092 892 2126 ἢ
914 2092 962 2118 τιέ-

207 2171 230 2187 ⁷³
246 2170 278 2197 IV
296 2171 362 2206 Reg.
375 2179 421 2203 xx,
436 2170 468 2204 9;
483 2171 533 2198 lsa.
549 2179 662 2204 xxxvtu,
678 2170 705 2197 8.
742 2172 765 2187 ⁷⁸
776 2171 860 2198 Exod.
874 2179 928 2204 xvi,
942 2171 984 2198 I7.

219 2249 263 2284 '26)
278 2251 332 2277 Καὶ
348 2250 392 2283 ὅς.
411 2251 438 2277 In
459 2250 603 2283 nonnullis,
617 2250 665 2277 καὶ
678 2250 701 2276 ὁ.

219 2283 263 2317 Ξῖ)
283 2285 421 2312 Μωϋσέα.
456 2286 521 2319 Reg.
551 2287 604 2316 IHII,
623 2291 650 2313 et
667 2285 713 2312 0r.
731 2285 757 2315 I,
781 2283 891 2311 Μωσέα,

221 2319 266 2353 28)
286 2319 428 2354 Προτελεῒ
439 2320 491 2347 τοῦ
504 2320 591 2352 λαοῦ,
607 2326 660 2348 etc.
686 2329 694 2344 ι
714 2319 764 2346 I’ro
787 2320 883 2354 populo
899 2326 956 2354 my-

172 2356 254 2382 steria
267 2358 380 2389 peragit.
398 2365 406 2381 ι
434 2355 545 2382 Dillius:
575 2364 584 2380 ι
603 2361 666 2382 ante
687 2355 812 2388 populum
830 2356 957 2389 mysteria

172 2391 287 2424 peragit.
304 2399 313 2415 ι
333 2391 388 2416 Non
404 2395 491 2417 recte:
506 2398 556 2416 vox
567 2391 637 2416 enim
660 2389 801 2424 προτελεῖν
826 2389 869 2416 hic
889 2390 958 2415 idem

173 2430 253 2452 sonat
266 2433 297 2451 ac
311 2425 492 2461 προεύκεσοαι
502 2425 554 2461 δοῦ
569 2425 645 2456 λαοῦ,
655 2434 663 2449 ι
677 2432 757 2452 orare
773 2433 821 2458 pro
834 2425 956 2461 populo,»

172 2461 245 2494 quod
265 2459 470 2492 apud'euuulem
496 2459 654 2494 Gregorium
667 2461 810 2493 reperitur.
827 2460 958 2485 (Sa-terum

173 2495 200 2522 in
218 2495 316 2521 Mouito
324 2496 494 2529 probavuuus
508 2494 667 2530 Gregorium
684 2495 817 2522 seniorem
832 2502 882 2521 non
898 2502 960 2521 vere

173 2537 251 2565 sacra
268 2532 410 2565 peregisse.

210 2563 273 2598 (29)
306 2563 452 2591 Ἐέιειπὼν
471 2564 508 2591 τὰ
533 2564 589 2598 τῆς
614 2565 806 2600 εὐχαριστίας
829 2563 959 2599 ῥήματα.

173 2599 289 2626 Billius:
314 2608 323 2625 ι
345 2607 405 2627 cum
428 2600 598 2627 eucharistue
618 2599 698 2628 verba
725 2601 821 2628 elI‘aIus
844 2605 926 2626 esset.
948 2609 957 2625 ι

174 2633 273 2660 Verum
287 2634 313 2660 in
328 2636 398 2661 notis
413 2635 548 2666 observat,
565 2643 612 2668 per
628 2645 637 2661 ι
653 2636 821 2664 eucharistia:
836 2636 927 2664 verba,
949 2643 958 2660 ι

174 2670 215 2704 vel
230 2676 260 2695 ea
277 2669 387 2704 intelligi
404 2677 494 2704 poSSe,
509 2670 605 2704 quibus
619 2672 788 2698 consecratio
804 2670 959 2704 perﬁcitur;

174 2703 217 2730 vel
234 2710 278 2736 ea,
291 2703 389 2737 quibus
404 2703 453 2732 sub
468 2703 555 2731 Missa:
567 2705 645 2732 finem
663 2714 678 2732 a
692 2703 848 2736 sacerdote,
863 2705 896 2732 ob
912 2713 957 2731 sa-

167 2744 345 2776 crosanctum
375 2740 493 2772 epulum,
519 2740 691 2776 Deorgratiaa
714 2739 959 2776 agebantur.”ch

176 2775 310 2810 posterior
334 2775 468 2807 expositio
484 2775 544 2808 ipsi,
559 2775 594 2801 ob
610 2783 653 2810 ea,
677 2783 738 2810 quae
752 2776 784 2802 de
809 2775 898 2809 populi
915 2778 958 2802 be-

177 2809 328 2869 heldictioue
352 2817 414 2836 mox
440 2810 576 2844 subjuugit
600 2809 769 2845 Gregorius,
804 2811 889 2844 magis
916 2817 960 2836 ar-

177 2849 255 2869 ruet.

177 2849 255 2871 l'ttlet.

172 2900 176 2917 λ
212 2878 267 2914 (50)
280 2878 476 2914 Προσέμενος.
489 2879 515 2906 In
525 2879 669 2912 uouuuliis,
686 2879 871 2915 προσιέμενος.

1012 1639 1074 1669 post
1097 1635 1231 1669 contigit,
1266 1635 1337 1669 quod
1360 1636 1444 1662 etiam
1469 1635 1556 1670 ipsum
1585 1643 1799 1662 commemorare

1002 1677 1101 1716 'opertc
1116 1681 1233 1715 pretium
1248 1685 1308 1714 est,
1327 1685 1357 1707 ut
1372 1686 1399 1708 et
1417 1688 1477 1707 eam
1496 1681 1610 1712 honore,
1628 1681 1650 1707 si
1666 1688 1717 1714 qua
1734 1681 1796 1712 alia,

1011 1726 1130 1759 dignam,
1144 1730 1173 1752 ut
1185 1734 1234 1760 par
1245 1729 1296 1759 est,
1310 1726 1484 1759 honoremus,
1499 1726 1572 1753 etab
1586 1726 1632 1753 illo
1646 1734 1692 1761 per
1704 1733 1798 1753 narra-

1008 1771 1089 1798 tionis
1114 1771 1273 1798 societatem
1303 1772 1418 1806 gratiam
1441 1772 1573 1799 ineamus.
1597 1771 1673 1798 Hauc
1691 1779 1799 1806 quoque

1008 1817 1117 1843 morbus
1133 1816 1245 1848 invadit,
1260 1817 1356 1843 fortem
1375 1825 1406 1844 ac
1421 1825 1581 1851 generosam
1598 1818 1697 1852 alioqui
1720 1817 1798 1844 ferui-

1008 1870 1079 1894 nam,
1089 1870 1148 1897 quae
1159 1870 1205 1897 per
1212 1870 1291 1890 omne
1301 1864 1361 1891 vita:
1376 1868 1485 1898 tempus
1491 1865 1630 1891 commoda
1646 1864 1798 1892 valetudine

1010 1909 1107 1936 fuerat.
1122 1909 1149 1935 In
1163 1909 1258 1936 multis
1269 1914 1357 1936 autem
1375 1909 1523 1941 doloribus,
1534 1917 1723 1937 nesermonem
1738 1909 1798 1936 lon-

1010 1956 1068 1990 gius
1079 1955 1236 1989 producam,
1246 1955 1312 1982 nihil
1323 1956 1433 1989 perinde
1442 1963 1523 1989 grave
1531 1961 1600 1989 erat,
1611 1956 1796 1990 atqueinedia,

1010 2007 1061 2033 qua
1086 1999 1186 2027 mullos
1206 1999 1263 2034 jam
1285 2001 1343 2027 dies
1365 2001 1517 2035 periculose
1543 2001 1693 2032 laborabat,
1710 2009 1798 2036 neque

1011 2046 1090 2080 hujus
1112 2045 1175 2072 ntali
1201 2046 1349 2073 remedium
1376 2047 1458 2073 ullum
1484 2047 1648 2074 inveniebat.
1675 2046 1796 2079 Quonam

1011 2093 1091 2127 igitur
1114 2092 1193 2119 modo
1217 2092 1285 2120 Deus
1305 2100 1364 2120 eam
1380 2093 1446 2120 alit?
1465 2092 1522 2120 Non
1551 2101 1647 2119 tuauna
1660 2092 1795 2128 plueus",

973 2253 996 2280 D
1045 2250 1101 2285 (51)
1119 2248 1325 2285 ’Y’relaquleg.
1342 2250 1397 2285 bm,
1411 2249 1528 2285 ὑγιείαςτ

1047 2282 1101 2320 (52)
1125 2282 1161 2311 Ἠ
1175 2284 1265 2318 καινὴ
1285 2282 1396 2319 παρῆν,
1410 2289 1462 2312 etc.
1483 2294 1492 2309 ι
1509 2283 1598 2320 Novus
1620 2282 1797 2320 solemnitatis

1009 2317 1067 2346 dies
1080 2317 1183 2351 aderat,
1198 2328 1277 2353 quem
1291 2317 1332 2346 sic
1342 2317 1517 2354 appellamus,
1530 2319 1600 2352 quod
1618 2324 1677 2352 post
1694 2317 1797 2354 Resur-

1011 2355 1137 2381 rcctionis
1173 2355 1337 2381 Dominicum
1360 2353 1450 2387 rdiem,
1478 2355 1594 2387 prinmm
1629 2353 1795 2379 Dominicum

1011 2390 1081 2416 hunc
1092 2391 1162 2416 diem
1176 2390 1333 2416 habeamus.
1353 2398 1362 2415 ι
1379 2389 1496 2417 Octavus
1511 2389 1620 2415 Pascha:
1633 2388 1700 2418 dies,
1716 2396 1795 2421 quem

1013 2433 1022 2450 ι
1041 2425 1067 2450 iu
1093 2425 1167 2452 Albis
1197 2434 1206 2450 ι
1235 2432 1373 2455 vocamus,
1394 2425 1464 2459 apud
1484 2424 1592 2451 Graacus
1624 2432 1633 2448 ι
1658 2423 1794 2459 Dominica

1014 2467 1083 2486 nova
1103 2469 1112 2485 ι
1134 2460 1328 2494 appellabatur.
1348 2458 1421 2486 Ilauc
1435 2459 1604 2494 Dominicam
1624 2458 1720 2493 insigni
1736 2465 1798 2484 ora—

1014 2494 1085 2520 tione
1101 2494 1245 2521 celebravit
1261 2494 1415 2529 Gregorius.
1435 2493 1555 2521 VideOr.
1573 2501 1645 2520 ιιιν.

1050 2529 1105 2564 (55)
1120 2530 1176 2556 Καί
1200 2530 1253 2564 μοί
1277 2538 1306 2555 τι
1319 2527 1431 2556 ήτοῦτο.
1455 2529 1533 2555 Deest
1563 2537 1590 2554 τι
1617 2527 1725 2564 iuIIcg.
1741 2527 1797 2564 hm,

1013 2569 1039 2591 et
1063 2562 1148 2591 tribus
1171 2562 1246 2591 Cdlh.
1271 2564 1352 2591 Coisl.
1383 2565 1392 2591 1
1431 2565 1520 2595 habet,
1540 2563 1586 2590 καί
1612 2563 1652 2589 τοί
1668 2571 1694 2588 τι
1707 2562 1797 2590 τοῦτο.

1047 2599 1103 2634 (54)
1130 2600 1282 2634 Θαύματος
1306 2600 1362 2625 οὐκ
1380 2599 1562 2634 ἀτιμότερον.
1589 2597 1634 2625 Sic
1658 2597 1723 2634 Reg.
1742 2598 1797 2634 bin.

1013 2632 1060 2694 OJ.
1073 2632 1103 2674 II,
1119 2632 1194 2693 θεῷ(
1203 2642 1256 2662 etc.
1287 2634 1333 2661 Sic
1348 2635 1405 2669 ipse
1421 2632 1484 2669 legit
1501 2633 1604 2666 Billius,
1619 2634 1670 2660 etsi
1695 2633 1745 2659 οὐκ
1772 2633 1799 2659 in

1015 2678 1029 2694 li
1052 2674 1095 2694 IIIS
1109 2679 1114 2694 (
1127 2675 1187 2694 eSIL

1015 2669 1095 2695 cdilis
1109 2670 1187 2696 desit.

1045 2704 1101 2738 (55)
1117 2703 1304 2738 Ἀναϐαθμῶν
1313 2703 1526 2738 ἐπαναχθείσῃ.
1538 2703 1603 2739 Reg.
1612 2704 1667 2732 bm.
1677 2701 1798 2738 βαθμῶν.

1011 2739 1092 2767 Coisl.
1115 2739 1140 2768 I.
1158 2739 1391 2774 ὲπαναδειχθείσῃ.

1048 2773 1103 2806 (561
1119 2774 1177 2807 Τὴν
1195 2773 1459 2800 κοινωνίανζίἷοίει.
1476 2773 1501 2804 1,
1512 2774 1544 2808 τῇ
1558 2773 1691 2808 κοινωνίᾳ.

1050 2809 1105 2843 (57)
1120 2809 1309 2842 Καρτερικῆς.
1325 2809 1369 2835 Sic
1385 2809 1451 2840 Hoc.
1468 2806 1591 2839 him-ires
1609 2806 1694 2841 Cum,
1714 2806 1800 2835 Coisl.

1015 2845 1040 2875 I,
1057 2844 1103 2870 0r.
1125 2844 1149 2876 I,
1165 2850 1216 2870 rte.
1235 2846 1260 2870 lu
1278 2845 1332 2873 ed.,
1349 2846 1520 2879 καρτερινῆς.

1051 2879 1106 2913 (58)
1124 2879 1165 2906 Ἡ.
1181 2880 1224 2906 Sic
1238 2879 1282 2906 0r.
1306 2880 1365 2907 1.Ιιι
1381 2881 1434 2910 cd.,
