2049 3143
165 205 233 232 N125

622 202 751 230 ORATIO
772 201 864 230 XVI".
881 218 916 223 —
935 199 1108 228 FUNEBRIS
1127 199 1161 227 IN
1180 198 1333 227 PATREM.

1720 197 1790 226 £026

163 265 278 300 πούσης,
301 265 347 291 καὶ
370 263 532 300 ἀπειλούσης
548 265 594 292 τὸν
611 264 750 291 κίνδυνον-
772 263 874 299 ταύτην
897 263 950 299 γὰρ

1009 262 1111 289 modum
1132 266 1236 297 postea,
1253 261 1385 288 subducta
1403 259 1532 294 temporis
1550 258 1666 293 ratione,
1680 260 1790 288 domum

164 310 230 344 ἡμῖν
247 309 340 344 σαφῶς
356 310 372 345 ἡ
389 309 438 341 νὺξ
451 309 619 344 ὑπέγραψεν.
635 308 730 339 Ἀλλος
743 308 829 334 ἐδόκει
839 307 892 334 τῶν
905 308 952 343 ἐμ-

165 356 299 384 πλεόντων
317 354 362 392 (ἦν
380 356 407 382 δὲ
420 357 484 388 παῖς
494 356 549 392 (47)
561 356 615 384 τῶν
630 355 814 383 εὐνουστάτων
827 354 887 390 ἐμοὶ
905 355 952 381 καὶ

166 403 311 437 φιλτάτων,
322 403 369 429 καὶ
385 402 648 438 ὑπεραγωνιώντων,
663 401 748 432 οὕτως
762 400 891 436 ἔχοντος),
903 399 952 435 τὴν

167 447 272 484 μητέρα
289 448 339 483 τὴν
363 448 431 483 ἐμὴν
455 448 589 474 ἐπιϐᾶσαν
610 448 658 482 τῆς
672 447 817 482 θαλάσσης,
840 447 885 472 καὶ
903 446 951 480 τῆς

165 494 229 530 νηὸς
244 493 394 529 λαϐομένην
408 493 526 525 ἐξέλκειν
542 492 643 527 ταύτην
655 492 701 518 ἐπὶ
716 492 765 527 τὴν
781 492 841 527 γῆν,
858 491 887 518 οὐ
904 491 951 517 σὺν

166 539 257 575 πολλῷ
275 539 314 574 τῷ
327 539 408 574 πόνῳ.
426 539 480 565 Καὶ
500 540 516 573 ὴ
541 538 600 573 ὄψις
620 537 792 565 ἐπιστεύετο·
817 537 953 573 ἡμεροῦτο

165 585 221 621 γὰρ
241 585 257 620 ἠ
282 584 413 615 θάλασσα,
432 584 479 611 καὶ
502 583 590 615 Ῥόδος
615 581 687 619 εἶχεν
710 584 783 618 ἡμᾶς
804 583 904 610 αὐτίκα
921 583 952 609 οὐ

166 630 233 657 πολὺ
245 630 276 656 τὸ
288 630 317 656 ἐν
331 630 406 665 μέσῳ
421 629 675 665 κακοπαθήσαντας.
699 629 816 656 Ἐκείνου
831 628 878 655 τοῦ
894 637 953 655 κιν-

165 675 244 703 δύνου
257 676 304 702 καὶ
319 677 398 711 ἡμεῖς
419 675 505 711 δῶρον
524 676 675 710 γεγόναμεν
686 683 693 690 ·
709 674 952 710 καθυποπχόμενοι,

166 722 192 748 εί
207 720 370 756 σωθείημεν,
391 721 464 756 ἡμᾶς
480 721 578 753 αὐτοὺς
596 719 635 756 τῷ
655 718 725 755 Θεῷ,
743 718 790 746 καὶ
808 718 953 750 δεδωκότες

165 766 205 799 ὡς
212 767 266 802 (48)
279 766 407 801 ἀπεσώθη
411 775 470 801 μεν.

1005 308 1107 336 reversi
1127 307 1314 342 cognovimus.
1334 307 1360 334 ld
1377 307 1458 333 etiam
1478 305 1555 333 nobis
1569 306 1697 333 salutaris
1715 314 1790 334 som-

1009 361 1062 380 nus
1076 353 1213 385 indicavit,
1234 360 1295 379 cmn
1313 352 1419 379 tandem
1437 351 1583 384 a‘liquando
1603 359 1676 382 eunt,
1698 351 1792 378 remit-

1005 402 1079 426 tente
1107 398 1227 426 nonnihil
1265 402 1442 432 tempestate,
1470 399 1644 432 cepissemus.
1680 397 1790 424 Furiam

1005 445 1079 471 enim
1095 445 1161 471 mihi
1178 449 1268 470 tenere
1283 443 1404 474 videbar,
1422 443 1584 469 horrendum
1602 442 1704 468 vultum
1723 450 1790 477 prae-

1005 490 1146 522 ferentem,
1163 498 1194 516 ac
1222 490 1370 524 periculum
1401 489 1572 515 minitantem
1599 489 1693 515 :hane
1716 489 1789 515 enim

1009 543 1062 562 nox
1082 540 1176 569 aperte
1193 536 1270 562 nobis
1285 535 1475 561 adumbrabat.
1492 533 1571 560 Alitis
1586 541 1617 561 ex
1637 533 1791 560 vectoribus

1007 580 1087 615 (puer
1101 581 1124 608 is
1144 585 1203 606 erat
1218 579 1348 614 singulari
1373 587 1436 613 erga
1461 587 1504 606 me
1527 579 1617 606 studio
1631 583 1658 605 et
1674 579 1790 605 benevo-

1007 625 1088 653 lentia
1105 646 1112 658 ,
1129 633 1244 660 meaque
1257 633 1339 652 causa
1357 625 1532 652 vehementer
1547 625 1654 657 anxius,
1673 632 1733 651 cum
1754 625 1791 651 ita

1007 681 1036 700 se
1054 679 1097 699 res
1110 671 1247 707 haberet.)
1265 676 1378 697 matrem
1400 678 1486 697 meam
1506 670 1555 697 sibi
1574 671 1666 697 videre
1682 671 1792 697 videba-

1007 722 1064 749 tur.
1083 725 1143 752 qua:
1167 723 1242 743 mare
1262 717 1393 751 ingressa,
1413 716 1573 750 prehensum
1598 723 1692 743 navem
1721 716 1791 743 haud

1007 770 1104 798 magno
1123 763 1214 789 labore
1236 762 1269 789 ad
1298 765 1399 789 terram
1428 762 1609 795 pertraheret.
1636 762 1791 796 Fidemque

167 813 321 842 inveniebat
343 814 400 840 haec
418 812 496 840 visio.
522 812 674 840 Sedabatur
692 811 764 839 enim
805 819 893 844 mare,
930 811 1076 845 statimque
1106 811 1174 837 citra
1202 809 1311 836 multam
1339 816 1488 836 aerumnam
1525 808 1649 836 Rhodum
1690 810 1794 844 appuli-

167 865 237 886 mus.
253 858 339 891 Hujus
355 857 405 891 ipsi
419 857 529 892 periculi
542 858 641 885 donum
654 857 819 884 exslitimns.
849 857 884 885 Ut
912 857 985 884 enim
1005 864 1054 884 nos
1079 856 1135 884 Deo
1160 862 1337 887 voveratnus.
1365 853 1388 881 si
1415 853 1561 882 discrimen
1590 855 1791 889 eﬂugeremus,

166 904 218 936 ita.
246 908 388 938 postquam
414 903 560 936 evasimus,
584 911 633 931 nos
649 904 674 931 ei
697 903 779 930 etiam
804 903 875 930 dono
901 903 1036 930 dedimus.

202 951 264 979 AB’.
282 952 322 979 Τὰ
337 951 386 987 μὲν
395 951 426 987 δὴ
437 952 513 979 κοινὰ
528 952 650 979 τοιαῦτα.
664 952 751 979 Πάλαι
762 952 791 978 δὲ
803 949 880 987 οἶμαι
894 951 957 979 θαυ-

1048 950 1156 978 ΧΧΧΗ.
1182 950 1245 977 lltec
1267 949 1376 984 quidem
1398 953 1478 977 erant
1497 949 1605 983 utrique
1627 948 1792 976 communia.

169 998 265 1034 μάζειν
285 998 360 1030 τινας
376 998 430 1024 τῶν
445 998 480 1025 τὰ
494 998 600 1025 ἐκείνου
618 998 711 1032 σαφῶς
726 999 894 1032 ἐγνωκότων,
915 999 956 1025 ὅτι

167 1044 232 1080 περὶ
244 1045 292 1078 μὲν
305 1044 407 1071 τούτων
420 1044 491 1071 οὕτω
506 1044 739 1080 καταγεγόναμεν,
753 1045 790 1077 ὡς
809 1045 877 1080 μόνα
889 1044 956 1080 πρὸς

168 1090 304 1126 εὐφημίαν
319 1090 439 1125 ἔχοντες·
455 1091 504 1126 τῆς
515 1090 543 1116 δέ
554 1091 607 1117 τῶν
619 1090 721 1126 καιρῶν
734 1090 892 1125 δυσχερείας
908 1090 956 1126 τὴν

170 1137 280 1173 μνήμην
308 1136 459 1172 ἀνεθέμεθα
483 1136 550 1171 (49),
568 1136 637 1172 πρὸς
657 1136 703 1168 οὒς
730 1137 957 1172 παραταξάμενος

168 1183 270 1213 ἐκεῖνος
280 1181 413 1216 φαίνεται,
427 1181 522 1217 ὥσπερ
537 1181 553 1217 ἢ
571 1182 753 1217 ἀγνοήσαντες
769 1182 867 1215 ταῦτα,
885 1182 902 1218 ἢ
919 1181 957 1217 μὴ

170 1226 276 1262 μεγάλα
292 1226 447 1262 νομίζοντες
461 1227 529 1262 (50).·
537 1227 605 1263 Φέρε
620 1225 666 1254 οὖν
680 1228 727 1254 καὶ
741 1227 827 1254 ταῦτα
836 1227 958 1264 προσθῶ-

171 1283 219 1309 μεν
243 1275 297 1306 τοῖς
317 1274 470 1310 εἰρημένοις
483 1282 490 1289 ·
510 1274 643 1308 Ἦνεγκεν
662 1275 676 1301 ὁ
694 1274 756 1301 καθ’
771 1274 844 1310 ἡμᾶς
863 1274 957 1309 καιρὸς

169 1319 278 1355 πρῶτον
288 1320 384 1351 κακὸν,
400 1318 477 1355 οἶμαι
490 1319 518 1347 δὲ
532 1320 580 1346 καὶ
592 1321 755 1352 τελευταῖον,
778 1321 823 1347 τὸν
837 1321 957 1347 ἀποστά-

169 1373 219 1400 την
236 1366 283 1392 καὶ
298 1365 345 1392 τοῦ
356 1364 423 1391 Θεοῦ
438 1365 485 1391 καὶ
500 1365 553 1391 τῶν
566 1364 702 1400 λογισμῶν
716 1364 828 1395 βασιλέα
841 1374 846 1379 ·
864 1365 893 1396 ὃς
912 1373 957 1400 μι-

170 1410 235 1446 κρὸν
257 1411 307 1446 μὲν
328 1411 406 1446 ἔργον
421 1411 593 1446 ἡγησάμενος
610 1408 678 1437 εἶναι
702 1411 808 1447 Πέρσας
827 1410 959 1447 χειρώσα-

171 1455 243 1488 σθαι,
260 1456 330 1491 μέγα
344 1456 372 1482 δὲ
389 1455 419 1482 τὸ
438 1456 618 1491 Χριστιανοὺς
645 1455 885 1491 παραστήσασθαι,
908 1456 956 1482 καὶ

170 1500 228 1536 ἅμα
246 1501 301 1527 τῶν
319 1501 440 1536 ἀγόντων
453 1501 534 1528 αὑτὸν
550 1501 684 1537 δαιμόνων
703 1501 782 1528 τοῦτο
798 1501 957 1534 πειθόντων,

170 1547 246 1574 οὐδὲν
261 1546 330 1579 εῐδος
344 1547 469 1579 ἀσεϐείας
487 1548 608 1574 ἐνέλειπε
623 1548 690 1583 (51),
703 1548 814 1580 πείθων,
828 1548 958 1580 ἀπειλῶν,

172 1592 357 1628 σοφιζόμενος,
370 1593 456 1620 ἕλκων
466 1593 534 1628 πρὸς
549 1593 655 1625 ἑαυτὸν,
667 1594 698 1620 οὑ
712 1594 791 1629 μόνον
804 1591 844 1626 οἷς
852 1595 960 1629 ἐτεχνᾶ-

1011 997 1105 1024 Mirari
1117 1001 1206 1023 autent
1221 996 1382 1030 jampridem
1401 996 1544 1023 nonnullos
1557 1003 1649 1022 eorum
1664 995 1792 1027 arbitror.

1007 1045 1105 1078 quibus
1132 1051 1175 1070 res
1191 1042 1261 1069 illitis
1285 1043 1405 1076 apprime
1427 1042 1542 1075 cognitae
1561 1045 1633 1073 sunt,
1657 1041 1722 1073 quid
1746 1041 1791 1071 sit.

1006 1097 1066 1122 cur,
1083 1097 1143 1116 cum
1157 1089 1182 1115 in
1197 1088 1238 1115 his
1254 1089 1334 1115 rebus
1362 1087 1397 1114 ita
1417 1095 1519 1114 moram
1539 1086 1693 1118 fecerimus,
1719 1094 1750 1113 ac.
1770 1087 1794 1114 si

1007 1134 1063 1161 sola
1082 1134 1138 1161 lucc
1153 1134 1186 1160 ad
1202 1133 1309 1159 laudem
1324 1132 1496 1164 haberemus,
1514 1131 1681 1158 diﬂicnltatis
1703 1136 1793 1158 tamen

1007 1184 1170 1214 temporum,
1196 1179 1325 1205 adversus
1350 1186 1409 1212 qua:
1425 1178 1483 1212 ipse
1503 1178 1575 1205 velut
1592 1178 1676 1204 aciem
1695 1177 1795 1204 instru-

1007 1226 1079 1252 xisse
1098 1225 1277 1260 conspicitur,
1299 1224 1464 1251 mentionem
1488 1223 1579 1250 facere
1600 1224 1792 1254 distulerimns.

1007 1273 1080 1299 velut
1101 1271 1122 1298 si
1145 1279 1177 1298 ea
1191 1271 1231 1298 vel
1249 1271 1474 1306 iguoraverimus,
1496 1271 1538 1298 vel
1560 1278 1614 1297 non
1638 1271 1673 1297 ita
1699 1278 1795 1303 inagna

1007 1317 1267 1344 existimaverimus.
1287 1317 1342 1351 Age
1356 1317 1446 1351 igitur.
1468 1317 1524 1343 litec
1543 1324 1650 1351 quoque
1672 1315 1796 1351 superio-

1008 1365 1084 1391 rihus
1105 1363 1285 1398 adjungamus
1306 1372 1313 1390 :
1333 1361 1404 1389 Tulit
1429 1368 1520 1390 nostra
1535 1367 1600 1389 tetas
1612 1362 1740 1396 primum.
1755 1364 1792 1390 et.

1008 1415 1037 1436 ttt
1051 1410 1158 1445 opinor,
1183 1414 1351 1444 postremum
1375 1409 1487 1441 malum,
1511 1409 1561 1435 hoc
1577 1413 1630 1440 est,
1651 1408 1797 1441 imperato-

1009 1463 1077 1487 rem,
1100 1455 1146 1489 qui
1165 1459 1218 1482 eta
1232 1453 1297 1487 Deo,
1318 1458 1345 1480 et
1359 1461 1373 1480 a
1392 1452 1607 1485 mentedel’ecit;
1620 1452 1667 1486 qui
1681 1459 1795 1486 parvum

1008 1500 1116 1535 quidem
1129 1508 1195 1532 opus
1206 1507 1266 1527 esse
1278 1499 1437 1532 arbitratus,
1455 1499 1553 1526 Persas
1571 1499 1685 1532 imperio
1700 1505 1748 1524 suo
1762 1505 1795 1525 ac

1009 1546 1103 1573 ditioui
1121 1545 1201 1581 353
1221 1545 1364 1580 subjicere,
1389 1552 1518 1578 magnum
1550 1548 1639 1570 autent
1664 1543 1798 1570 Christia-

1012 1601 1061 1620 nos
1078 1593 1105 1619 in
1121 1598 1282 1627 potestatem
1298 1592 1430 1626 redigere,
1453 1599 1514 1618 cum
1531 1591 1581 1624 ipsi
1602 1589 1681 1616 simul
1699 1591 1798 1617 daemo-

172 1637 243 1670 ζετο.
263 1637 330 1664 ἀλλὰ
353 1639 400 1664 καὶ
421 1636 461 1670 οἷς
478 1637 610 1670 ἐϐιάζετο.
633 1639 670 1665 Οὐ
685 1639 738 1674 μὴν
753 1639 843 1666 λαθεῖν
859 1637 914 1670 οἷός
927 1647 956 1665 τε

1010 1645 1067 1669 nes,
1080 1645 1095 1664 a
1107 1638 1206 1672 quibus
1218 1637 1376 1670 ducebatur,
1390 1638 1426 1663 ita
1441 1637 1596 1668 suaderent,
1617 1635 1719 1662 nullum
1741 1635 1792 1661 im-

170 1682 204 1719 ἧν
223 1683 346 1711 κλέπτων
363 1684 410 1710 τὸν
424 1684 542 1720 διωγμὸν
558 1686 727 1719 σοφιστικαῖς
742 1684 883 1718 ἐπινοίαις,
899 1685 960 1712 οὐδὲ

173 1731 227 1766 μὴν
243 1730 290 1756 καὶ
304 1729 429 1765 φανερῶς
442 1730 475 1764 τῇ
491 1729 635 1765 δυναστείᾳ
651 1729 806 1765 χρώμενος·
823 1730 856 1756 ἵν’
870 1729 911 1757 ἐνί
927 1738 959 1764 γε

171 1776 209 1812 τῷ
220 1777 313 1812 τρόπῳ
329 1776 436 1807 πάντως
448 1775 567 1810 ἁλῶμεν,
580 1775 597 1810 ἢ
614 1775 887 1812 κακουργηθέντες,ῆ
903 1776 960 1812 βια-

173 1823 291 1855 σθέντες.
306 1822 405 1850 Τοῦτον
422 1822 463 1853 τίς
477 1821 574 1856 μᾶλλον
585 1822 602 1856 ἢ
617 1822 829 1857 περιφρονήσας,
843 1821 860 1857 ἦ
876 1830 960 1848 κατα-

171 1867 254 1900 λύσας
266 1868 438 1903 εὑρίσκεταις
458 1867 513 1902 Τῆς
531 1867 585 1902 (5'2)
604 1867 653 1902 μὲν
669 1865 715 1893 οὖν
738 1867 960 1902 περιφρονήσεως

172 1914 240 1950 πρὸς
262 1914 368 1945 πολλοῖς
391 1913 481 1944 ἄλλοις
501 1914 588 1939 ἐκεῖνο
611 1914 732 1948 σημεῖον,
748 1913 821 1940 οἵτε
842 1913 959 1946 τοξόται,

172 1960 219 1987 καὶ
233 1961 247 1987 ὁ
261 1959 363 1986 τούτων
379 1958 540 1994 στρατηγὸς,
556 1958 602 1990 οὓς
616 1959 717 1994 ἐπῆγεν
736 1959 837 1990 ἐκεῖνος
850 1959 906 1990 τοῖς
923 1959 961 1985 ἰε-

174 2008 230 2044 ροῖς
244 2007 328 2038 οἴκοις
342 2001 430 2042 ἡμῶν,
444 2006 481 2038 ὡς
493 2006 510 2042 ἢ
529 2005 765 2041 παραληψόμενος,
781 2005 798 2040 ἢ
812 2013 962 2040 καταστρε-

172 2053 288 2089 ψόμενος
299 2053 366 2088 (55).
384 2052 490 2088 Ἐπειδὴ
504 2052 558 2087 γὰρ
571 2051 679 2083 πολλοῖς
689 2050 849 2086 προσϐαλὼν
860 2051 960 2084 ἄλλοις,

173 2098 311 2126 κάνταῦοα
325 2096 391 2135 ἧκεν
407 2099 475 2134 μετὰ
491 2099 538 2125 τοῦ
552 2098 609 2124 ῑσου
621 2099 803 2133 φρονήματος,
819 2097 913 2124 καὶ’τὸ
925 2098 962 2123 ἱε-

174 2145 220 2181 ρὸν
235 2145 325 2180 ἐζήτει
347 2145 417 2180 μετὰ
438 2145 491 2172 τῶν
510 2144 740 2180 προσταγμάτων,
755 2143 881 2169 τοσοῦτον
895 2143 962 2169 ἁπο-

173 2191 285 2227 σχέσθαι
296 2191 352 2226 (54)
363 2190 409 2217 τοῦ
428 2199 455 2216 τι
474 2189 698 2224 καταπράξασθαι
709 2186 746 2215 ὧν
758 2188 892 2221 ἐϐούλετο,
907 2188 962 2215 ὦσ-

171 2245 213 2270 τε,
229 2238 254 2263 εί
267 2236 304 2272 μὴ
319 2237 415 2263 θᾶττον
426 2235 559 2271 ὑπεκλίθη
573 2235 612 2270 τῷ
627 2235 686 2270 ἐμῷ
697 2235 751 2269 (55)
762 2235 855 2269 πατρὶ.
868 2235 884 2270 ἢ
896 2235 961 2270 παρ*

172 2283 270 2309 ἑαυτοῦ
291 2283 392 2314 συνεὶς,
413 2283 429 2318 ἦ
448 2291 519 2314 τινος
540 2281 789 2317 συμῦουλεύσαντος
809 2281 863 2317 (56)
880 2281 961 2308 ἀκού-

173 2338 234 2361 σας,
250 2329 302 2356 κΞιν
315 2329 377 2359 τοὺς
391 2328 475 2360 πόδας
493 2328 599 2360 ξανθεὶς
613 2327 758 2363 ἀπηλλάγη
775 2327 847 2361 (57),
865 2326 961 2359 ζέσαν-

172 2383 219 2406 τος
237 2375 280 2401 ἐπ’
295 2374 376 2401 αὐτὸν
394 2374 471 2409 θυμῷ
486 2373 533 2400 καὶ
548 2373 622 2408 ζήλῳ
637 2372 703 2408 περὶ
720 2372 767 2398 τοῦ
785 2371 848 2399 ναοῦ
864 2372 911 2399 τοῦ
930 2373 964 2399 ιε’

175 2419 254 2455 ρέως.
271 2419 325 2456 Τὴν
337 2420 486 2447 κατάλυσιν
509 2418 537 2445 δὲ
553 2418 612 2449 πῶς
635 2418 667 2445 ἄν
685 2427 727 2450 τις
745 2418 844 2453 μᾶλλον
864 2418 962 2454 φανείη

174 2466 468 2501 πραγματευσάμενος,
491 2465 508 2500 ἢ
523 2464 640 2500 δημοσίᾳ
660 2464 709 2499 μὲν
723 2463 817 2498 εὐχαῖς
833 2464 881 2490 καὶ
898 2463 962 2500 δεή-

209 2546 372 2582 (47)Ῠηαῖς.
389 2545 434 2582 Sic
459 2544 549 2582 plures
567 2544 633 2582 lies.
653 2549 680 2571 et
690 2542 778 2576 Colb.,
794 2544 846 2570 duo
862 2542 957 2574 Coisi.,

174 2579 221 2610 0r.
236 2579 402 2613 L'Jesqelc.
422 2580 499 2607 Deest
513 2581 539 2606 in
554 2579 596 2606 ed.

211 2616 265 2652 (48)
282 2612 339 2649 'ﬂc.
358 2615 404 2643 Sic
419 2615 503 2650 Regg.
520 2622 546 2646 a,
559 2614 614 2646 bm,
630 2613 712 2641 Coisl.
726 2613 754 2646 2,
766 2618 794 2641 et
807 2612 864 2640 Jes.
880 2613 960 2640 Deest

176 2653 202 2679 in
216 2654 258 2679 ett.

211 2686 266 2722 (49)
287 2685 470 2722 Ἀνεθέμεθα.
488 2683 573 2719 chg.
597 2691 624 2715 a,
637 2683 693 2716 bm,
715 2682 797 2711 Coisl.
809 2683 837 2715 '5,
855 2683 902 2711 0r.
930 2683 955 2715 l,

175 2722 229 2749 λεδ.
236 2742 243 2753 ,
262 2721 458 2755 ἀνεὸαλὸμεθα.

210 2757 266 2791 (50)
277 2753 459 2791 NOII/ﬁrmae.
470 2755 505 2791 fin
517 2753 660 2791 nonnullis,
674 2753 840 2788 νομίσαντες.

211 2788 266 2824 ἑὸΙ)
287 2788 445 2818 ’E'rélems.
468 2790 534 2824 Reg.
552 2799 578 2820 ιι,
595 2788 710 2815 ἐνέλιπε.

211 2797 250 2822 (51
289 2797 445 2818 Ἐνὲλειπε.
468 2797 534 2824 Heg.
552 2799 578 2820 a,
595 2797 710 2815 ενεΛιπε.

176 2863 182 2868 _
212 2797 266 2888 (51:;
285 2826 353 2861 Τῆς.
373 2827 418 2853 Sic
431 2826 513 2861 [ἴδες.
526 2834 552 2858 a,
569 2826 624 2855 btn,
635 2824 689 2851 etﬁ
711 2823 794 2850 Cois].
809 2822 894 2850 Prave
907 2823 955 2854 Τίς

177 2871 202 2888 ΙΙΙ
218 2871 240 2887 εἴ(
253 2881 260 2888 .

177 2871 202 2888 ΙΙΙ
218 2871 260 2888 et].

211 2897 266 2931 (55)
301 2897 350 2929 Ὠς
373 2895 392 2930 ἦ
421 2894 683 2931 παραληψόμενος.
709 2893 729 2926 ἢ
748 2893 956 2931 καταστρεψό-

174 2940 275 2967 μενος.
305 2941 314 2957 t
347 2930 380 2958 Ut
414 2932 455 2957 vui
482 2938 528 2957 eas
562 2930 707 2963 acciperet,
744 2930 799 2962 (ab
832 2930 956 2962 episcopo

1009 1685 1121 1720 pietatis
1132 1692 1216 1718 genus
1225 1683 1457 1720 praetermittebat,
1472 1691 1541 1710 ntmc
1554 1683 1708 1713 alliciendo,
1726 1689 1798 1710 nunc

1011 1731 1212 1762 comminando,
1228 1737 1300 1757 nunc
1313 1730 1440 1761 fallendo.
1454 1737 1526 1756 nunc
1541 1729 1622 1755 etiam
1639 1736 1692 1755 non
1707 1728 1794 1755 solum

1010 1775 1117 1802 callidis
1129 1775 1244 1808 artibus,
1256 1777 1303 1803 sed
1313 1776 1337 1801 vi
1350 1782 1458 1810 quoque
1475 1775 1597 1801 homines
1605 1775 1637 1800 ad
1652 1781 1681 1801 se
1694 1779 1798 1808 pertra-

1012 1819 1174 1848 hendo.Nec
1184 1828 1247 1847 vero
1263 1821 1301 1847 ita
1313 1821 1429 1847 obseura
1445 1820 1504 1854 eius
1517 1819 1629 1846 consilia
1642 1826 1702 1846 esse
1719 1822 1794 1853 pote-

1011 1872 1082 1899 rant,
1108 1867 1171 1901 quin
1195 1871 1338 1901 appareret
1358 1873 1420 1893 eum
1443 1867 1560 1892 versutis
1592 1873 1623 1892 ac
1643 1865 1799 1900 sophisticis

1011 1912 1134 1939 artiﬁciis
1163 1912 1378 1946 persecutionem
1408 1917 1515 1946 tegere;
1542 1918 1592 1938 nec
1618 1918 1724 1937 rnrsutn
1750 1918 1798 1945 po-

1010 1958 1094 1986 tentia
1110 1966 1168 1989 ,δυο
1199 1963 1290 1992 aperte
1317 1958 1466 1991 utebatur,
1493 1964 1547 1992 quo
1573 1964 1668 1992 nempe
1693 1957 1798 1984 utrovis

1011 2005 1090 2032 modo
1115 2011 1225 2039 prorsus
1250 2011 1419 2038 caperemur,
1455 2003 1497 2031 vel
1522 2003 1644 2037 improbe
1677 2002 1797 2037 decepti,

1013 2050 1052 2077 vel
1067 2050 1163 2077 coacti.
1185 2049 1250 2083 Quis
1271 2057 1353 2084 porro
1378 2050 1543 2084 reperietur,
1559 2049 1604 2084 qui
1621 2049 1693 2076 hunc
1708 2049 1796 2084 magis

1011 2102 1058 2124 aut
1082 2097 1290 2132 contempserit.
1311 2101 1358 2123 aut
1379 2095 1564 2131 oppresserit?
1580 2095 1796 2130 Contemptionis

1011 2143 1131 2177 quidem,
1153 2143 1224 2170 inter
1237 2142 1320 2170 multa
1333 2143 1385 2169 alia
1399 2144 1487 2176 signa.
1504 2146 1588 2169 testes
1602 2147 1666 2169 sunt
1680 2142 1794 2176 sagitta-

1013 2187 1046 2214 rii
1064 2187 1112 2220 illi,
1135 2195 1284 2222 eorumque
1302 2187 1455 2222 praefectus,
1471 2195 1540 2221 quos
1559 2187 1584 2214 in
1605 2186 1734 2214 ecclesias
1749 2194 1799 2213 no-

1012 2238 1084 2261 stras
1098 2234 1260 2265 immiserat,
1277 2238 1307 2259 ut
1320 2241 1366 2260 eas
1379 2233 1420 2260 vel
1435 2233 1572 2260 deditione
1589 2233 1737 2266 acciperet,
1757 2232 1798 2259 vel

1013 2279 1095 2306 armis
1117 2280 1265 2314 subigeret.
1289 2279 1356 2306 Nam
1381 2287 1440 2306 cum
1464 2279 1563 2306 nmltos
1585 2279 1652 2305 alios
1673 2279 1797 2310 adortus,

1015 2326 1067 2352 huc
1088 2333 1201 2361 quoque
1215 2326 1273 2361 pari
1287 2334 1348 2352 enin
1362 2325 1473 2353 audacia
1491 2326 1609 2352 venisset
1624 2333 1656 2352 ac
1670 2333 1731 2352 cmn
1747 2325 1798 2351 im-

1016 2372 1149 2406 peratoris
1161 2372 1239 2406 jussu
1256 2373 1384 2408 templum
1399 2373 1449 2399 sibi
1468 2373 1536 2399 tradi
1551 2377 1720 2406 exposceret,
1738 2377 1797 2399 latt-

1014 2422 1069 2444 tnm
1085 2417 1171 2444 abfuit
1183 2423 1212 2445 ut
1224 2419 1360 2453 quidpiam
1375 2426 1480 2449 eorum,
1495 2426 1554 2453 qua:
1575 2418 1712 2452 cupiebat,
1736 2425 1796 2453 per-

1014 2462 1117 2495 liceret,
1134 2468 1173 2498 ut,
1188 2465 1238 2491 nisi
1254 2465 1324 2500 patri
1345 2471 1415 2495 meo,
1440 2465 1481 2492 vel
1498 2469 1594 2500 suopte
1612 2465 1736 2498 consilio,
1753 2463 1798 2491 vel

1012 2543 1148 2575 nimirum,
1175 2547 1222 2569 aut
1247 2550 1262 2569 a
1288 2542 1392 2569 civibus
1418 2542 1552 2576 traditas.)
1582 2543 1624 2570 vel
1649 2543 1720 2574 illas,
1738 2553 1747 2568 ι
1765 2544 1799 2572 iis

1010 2579 1204 2608 obnitentibus,
1231 2583 1396 2613 reverteret.
1416 2587 1425 2603 ι
1457 2578 1539 2605 Cuisl.
1572 2577 1598 2610 1,
1621 2578 1796 2613 κατασκεψά-

1012 2622 1090 2649 μενος
1107 2611 1282 2649 [perperam].

1046 2647 1334 2690 (54λ“’ᾼποσχέσθαι.
1347 2647 1433 2683 Regg.
1450 2654 1477 2680 ο,
1491 2647 1545 2680 bm,
1565 2647 1647 2676 Coisl.
1663 2648 1692 2681 5,
1709 2647 1756 2676 Or.
1770 2649 1796 2681 Ι,

1011 2683 1077 2715 Jes.,
1092 2683 1234 2725 ἀπέσχετο.
1428 2717 1441 2724 -
1489 2717 1501 2724 .

1046 2719 1101 2753 (55)
1118 2720 1159 2750 Τῳ
1171 2727 1239 2752 ειιιφ.
1256 2717 1322 2749 Reg.
1337 2717 1392 2747 bm.
1407 2726 1445 2753 τῳ
1463 2727 1517 2753 μῳ,

1047 2754 1103 2789 (5ο)
1130 2753 1430 2788 Συμσουλεύσαντος.
1460 2754 1507 2781 Or.
1541 2753 1567 2786 ί,
1599 2753 1797 2789 συμϐουλεύον-

1009 2798 1102 2859 τοἷὲὶῆ
1122 2823 1194 2856 Τοὺς
1219 2823 1314 2856 πόδας
1329 2822 1456 2859 ξαν-θεὶς
1472 2823 1644 2858 ἀπηλλάγη.
1665 2823 1757 2851 Billius
1770 2825 1796 2850 in

1011 2859 1082 2886 Elia:
1106 2867 1115 2883 ι
1131 2859 1242 2891 pedibus
1259 2863 1388 2886 contusus
1405 2858 1526 2887 abiissct.
1539 2869 1548 2885 ι
1563 2859 1686 2886 Heindose
1699 2861 1725 2887 in
1740 2862 1796 2891 ett.,

1011 2893 1180 2929 ἀπηλλάγης.
