2049 3143
251 182 319 214 ίθὲἹ

850 185 878 213 S.
901 185 1064 213 GREGORII
1085 185 1259 212 TllliOl.0(lI

1807 188 1878 214 £023

255 248 393 283 cujusdam
413 247 562 279 admonitu,
594 247 720 280 protinus
748 246 886 278 cessisset.
916 247 1036 274 calcibus

1091 255 1145 273 σεσι
1161 247 1312 281 πανδήμοις
1331 245 1433 280 βάλλων
1451 247 1497 272 τὸν
1516 255 1663 282 αλιτηριον,
1686 248 1733 274 καὶ
1755 247 1814 274 οὐδὲ
1831 249 1878 275 τὸν

253 296 334 323 etiam
354 302 441 322 caesus
465 295 634 321 discessurus
659 293 761 326 fuerit;
785 294 821 321 ita
844 294 869 321 in
893 294 966 321 illum
990 295 1034 321 fn-

254 350 315 369 rore
327 349 358 368 ac
373 340 464 374 templi
480 340 538 367 zelo
554 340 681 367 sacerdos
697 340 828 367 :cstuahat
841 341 848 367 I
865 339 932 373 Quis
947 346 1036 366 autem

254 387 303 420 ipsi
320 386 433 412 exilium
451 386 536 419 magis
552 393 724 419 comparasse
744 385 827 412 videri
845 389 937 420 queat,
955 394 1036 422 quam

253 430 307 461 ille,
330 430 374 464 qui
400 429 506 464 publice
531 430 640 464 quidem
665 429 819 463 conjunctis
844 430 925 456 totius
945 430 1034 464 populi

253 477 323 503 votis
335 480 361 502 et
374 476 501 510 precibus
516 475 650 509 impurum
670 475 744 501 illuni
759 481 786 502 et
803 476 963 510 sacrilegum
986 476 1036 502 im-

251 527 366 557 pelerct,
387 530 418 548 ac
440 530 472 549 ne
492 527 596 556 tempus
611 529 717 556 quoque
735 526 885 552 metueret;
907 522 1031 555 privatim

253 571 353 597 autem,
377 571 535 593 n0cturnam
560 565 691 592 adversus
703 573 763 592 eum
778 565 863 592 aciem
876 569 1035 598 opponeret,

253 616 333 645 atque
345 616 372 638 et
385 611 459 638 humi
475 611 598 638 cubando
612 610 714 637 seniles
729 611 788 637 illas
803 616 830 638 et
844 611 964 638 roscidas
977 619 1038 638 car-

255 664 304 684 nes
315 657 472 688 conﬁceret,
487 661 513 683 et
526 656 652 692 lacrymis
663 657 844 690 pavimentum
855 656 1037 690 perfunderet,

253 703 279 729 in
291 710 390 729 annum
405 703 484 729 etiam
499 702 584 729 ferme
596 702 740 736 integrum,
756 701 836 736 idque
850 702 874 729 ei
892 702 1034 734 duntaxat.

252 748 294 774 cui
308 756 351 774 res
364 747 477 774 occulta:
493 747 608 781 cognitae
625 751 700 779 sunt,
724 753 873 781 priestans,
895 746 973 773 nobis
989 755 1035 773 au-

1087 293 1182 328 καιρὸν
1195 292 1391 327 εὐλαϐούμενος
1401 301 1407 306 ·
1426 292 1479 327 ἰδίᾳ
1490 292 1518 318 δὲ
1529 293 1578 327 τὴν
1588 292 1746 327 νυκτερινὴν
1755 293 1879 328 παράτα-

1087 338 1128 370 ξιν
1145 337 1204 364 κατ’
1215 337 1296 363 αὐτοῦ
1311 337 1537 372 προϐαλλόμενος,
1552 337 1686 372 χαμευνίᾳ
1698 337 1752 372 (58)
1768 337 1818 372 μὲν
1828 338 1879 368 τὰς

1086 382 1199 418 γεραιὰς
1291 382 1396 413 ἐκείνας
1411 383 1455 408 καὶ
1468 382 1599 417 δροσερὰς
1615 383 1792 416 κατατρύχων
1809 382 1879 417 σάρ-

1086 437 1147 460 κας,
1161 429 1275 464 δάκρυσι
1291 428 1319 454 δὲ
1335 428 1467 463 πηγάζων
1476 428 1505 454 τὸ
1518 427 1623 461 Etim-90;,
1643 427 1740 462 μικροῦ
1756 427 1811 461 (60)
1831 428 1880 453 καὶ

1087 476 1127 506 εἰς
1151 474 1271 501 ἐνιαυτὸν
1295 474 1354 500 ὅλον
1365 482 1371 488 ·
1392 475 1438 500 καὶ
1453 474 1531 500 τοῦτο
1548 473 1587 508 τῷ
1601 473 1655 506 (61)
1677 474 1731 500 τῶν
1747 473 1880 509 κρυπτῶν

1087 521 1196 556 γνὼστῃ
1217 521 1289 555 μόνῳ
1311 520 1472 554 φιλοσοσῶν,
1490 521 1563 555 ἡμᾶς
1578 520 1605 546 δὲ
1616 520 1758 546 λανθάνειν
1772 521 1880 554 ἐπιχει-

1089 568 1142 603 ρῶν
1156 567 1199 594 διὰ
1208 566 1238 593 τὸ
1250 567 1445 598 ἀνεπίδεικτον,
1461 566 1554 601 ὥσπερ
1565 565 1644 600 ἔφην,
1657 566 1705 600 τῆς
1719 565 1880 596 εὐλαϐείας;

1088 611 1143 637 Καὶ
1163 610 1251 637 λαθὼν
1275 610 1308 637 ἂν
1328 608 1361 645 ἦν
1378 610 1561 643 παντάπασιν,
1583 611 1608 636 εἰ
1631 611 1667 644 μή
1685 618 1751 636 ποτε
1771 609 1881 644 ἀθρόως

1088 656 1252 682 ἐπεισελθὼν
1270 655 1336 690 ἐγὼ.
1354 656 1401 682 καὶ
1420 655 1474 689 (6‘2)
1498 655 1648 690 χαμευνίας
1672 655 1794 691 σύμϐολα
1819 654 1881 681 θεας

1091 703 1218 737 σαμε-θος,
1237 703 1285 728 καὶ
1303 702 1356 728 τῶν
1370 702 1434 736 περὶ
1448 701 1528 727 αὑτὸν
1547 701 1706 736 πυθόμενος,
1726 702 1787 728 τίνα
1801 701 1882 728 ταῦτ’

1089 745 1134 782 ἦν,
1148 747 1233 780 ἔγνων
1249 747 1297 782 τῆς
1312 747 1407 778 νυκτὸς
1421 746 1451 772 τὸ
1469 747 1630 781 μυστήριον.

254 799 306 820 tem
324 793 358 820 ob
370 794 496 827 pietatem
512 793 545 819 ah
558 794 750 823 ostentatione,
763 798 792 819 nt
806 793 860 827 jam
878 793 944 824 dixi,
963 793 1091 825 alienam,
1106 793 1196 820 celare
1223 792 1356 820 studens?
1373 793 1413 819 Ac
1441 797 1515 819 certe
1547 792 1657 819 omnino
1668 792 1793 824 celasset,
1828 793 1880 819 nisi

253 842 310 876 ipse
329 842 474 876 aliquando
498 841 650 868 cubiculum
682 841 772 868 subito
800 843 950 875 ingressus,

988 841 1208 874 chameuniaeqne
1243 840 1317 874 signa
1357 840 1540 873 conspicatus,
1575 843 1656 873 atque
1693 846 1726 865 ex
1758 839 1881 873 quodam

255 889 339 923 ipsius
353 888 462 919 famulo,
479 889 608 922 quidnam
626 889 678 916 hoc
693 893 764 916 esset
780 894 964 923 percontatus,
988 890 1073 916 noctis
1091 896 1220 916 arcanum
1235 888 1439 915 intellexissmn.

289 936 411 964 XXXIII.
432 936 551 963 Alteram
569 937 690 971 ejusdem
713 937 842 971 temporis
857 936 1033 971 ejusdemque

1120 937 1181 963 AI".
1199 936 1314 971 Ἕτερον
1336 935 1364 961 δὲ
1385 934 1430 961 τοῦ
1450 934 1532 961 αὑτοῦ
1553 933 1650 969 καιροῦ
1673 934 1719 960 καὶ
1733 932 1782 968 τῆς
1793 933 1882 968 αὐτῆς

254 972 420 1009 fortitudinis
435 981 617 1008 narrationem
629 982 752 1016 accipite.
772 982 902 1009 Caesarea:
916 982 989 1008 cives
1002 982 1036 1009 de

252 1026 370 1060 episcopi
403 1027 541 1053 creatione
571 1027 642 1054 inter
668 1034 697 1054 se
719 1028 948 1055 contendebant:
976 1035 1038 1054 nam

254 1071 323 1098 alter
334 1076 497 1102 excesserat,
510 1071 579 1098 alter
592 1072 794 1106 requirebatur,
806 1072 931 1107 aerisque
943 1072 1039 1100 seditio

253 1124 323 1149 erat,
339 1121 366 1145 et
385 1125 446 1152 quae
461 1125 514 1145 non
540 1117 620 1145 facile
639 1119 782 1153 comprimi
803 1126 836 1146 ac
856 1119 945 1146 sedari
957 1118 1040 1155 35h,

254 1168 355 1199 posset.
371 1163 472 1191 Praeter
485 1165 512 1192 id
523 1165 606 1197 enim,
624 1165 696 1200 quod
712 1170 807 1192 natura
823 1173 884 1198 sua,
898 1166 925 1192 in
940 1165 990 1193 hac
1011 1173 1040 1192 re

257 1209 421 1244 praesertim,
441 1209 476 1237 ob
492 1210 554 1237 ﬁdei
581 1210 716 1237 fervorem
744 1211 776 1238 ad
802 1212 963 1239 seditionem
978 1220 1040 1246 pro-

253 1255 336 1281 clivis
357 1259 441 1281 estea
458 1255 567 1287 civitas,
582 1255 718 1283 cathedrae,
738 1255 848 1290 insuper
863 1256 935 1283 illius
953 1256 1041 1291 splen-

255 1300 304 1327 dor
321 1305 348 1326 et
366 1301 451 1335 gloria
471 1299 598 1334 majorem
619 1301 800 1329 contentionis
819 1301 956 1328 cumulum
973 1301 1039 1329 atre-

254 1347 342 1374 rebat.
365 1347 453 1381 Atque
476 1347 528 1374 hoc
549 1352 620 1374 statu
644 1355 688 1374 res
703 1353 760 1375 erat
776 1358 782 1375 :
801 1355 832 1375 ac
847 1348 966 1375 nonnulli
984 1348 1041 1383 epi-

256 1392 330 1426 scopi
356 1393 479 1425 aderant,
509 1397 539 1419 ut
560 1393 710 1420 antistitem
732 1394 841 1421 darent.
864 1393 916 1421 Sed
935 1402 995 1420 cum
1015 1394 1040 1420 in

255 1437 346 1472 plures
372 1438 522 1465 sententias
555 1438 701 1465 multitudo
727 1438 948 1471 distraheretur,
980 1438 1040 1465 alii-

255 1490 309 1518 que
334 1483 417 1509 alinm
444 1488 640 1518 proponerent,
662 1484 890 1518 quemadmodum
903 1484 929 1511 in
945 1484 1041 1517 hujus-

255 1529 327 1556 modi
346 1529 426 1555 rehus
439 1529 496 1555 fieri
507 1529 658 1560 consuevit,
673 1534 754 1563 prout
772 1529 885 1564 quisque
901 1528 943 1556 vel
958 1529 1041 1556 bene-

255 1574 373 1601 volentia
385 1582 450 1608 erga
467 1574 594 1609 aliquem,
607 1574 648 1600 vel
661 1575 762 1609 pietate
777 1582 840 1609 erga
859 1575 942 1602 Deum
956 1575 1041 1602 duce-

255 1621 336 1647 batur
353 1628 360 1646 :
388 1621 494 1648 tandem
514 1621 590 1656 plebs
612 1625 668 1648 tata
687 1627 742 1648 uno
761 1628 893 1648 consensu
920 1621 1040 1655 primarii
1054 1614 1076 1643 C

254 1666 358 1694 ordinis
378 1666 465 1693 virum
488 1674 582 1698 unum.
603 1667 658 1694 vita
680 1666 789 1702 quidem
802 1671 830 1694 et
845 1666 965 1693 moribus
982 1666 1040 1693 exi-

256 1712 350 1742 mium,
369 1711 460 1738 divino
480 1717 569 1739 tamen
591 1711 728 1746 baptismo
749 1712 869 1738 nondum
894 1711 1041 1746 consign-

256 1761 324 1789 tum,
344 1757 456 1783 invitum
482 1761 510 1784 et
529 1761 726 1792 repugnantem
740 1757 928 1791 corripientes,
945 1756 1040 1783 simul-

256 1809 308 1836 que
333 1802 498 1830 militaribus
531 1803 628 1838 copiis,
656 1811 716 1837 quae
742 1807 798 1829 tum
820 1803 848 1829 in
870 1803 937 1830 urbe
950 1807 1039 1834 erant,

255 1854 333 1881 opem
349 1847 536 1880 alieremihus,
552 1848 579 1874 in
597 1848 722 1875 sacrario
740 1848 919 1881 collocarunt,
941 1851 969 1875 et
985 1847 1042 1880 epi-

256 1893 346 1928 scopis
369 1894 535 1926 ohtulerunt,
549 1894 583 1920 ab
599 1894 685 1928 iisque
699 1898 791 1928 petere
807 1894 993 1926 instituerunt,
1011 1897 1040 1920 ut

256 1946 319 1964 eum
348 1938 498 1970 initiarent,
521 1943 548 1965 et
572 1939 723 1966 antistitem
747 1939 957 1973 proclamarem,
983 1938 1039 1964 vim

257 1983 366 2010 interim
386 1983 503 2010 suasioni
524 1983 725 2010 admiscentes:
743 1991 796 2010 non
814 1983 841 2010 id
861 1983 970 2017 quidem
993 1983 1041 2008 ad-

256 2029 365 2056 modum
383 2030 503 2056 modeste
513 2033 594 2063 atque
613 2029 773 2064 composite,
788 2029 933 2056 admodum
950 2034 1040 2056 tamen

256 2074 301 2108 pie
319 2079 399 2108 atque
417 2075 555 2102 ardenter.
577 2073 671 2108 Neque
687 2074 731 2101 hic
744 2075 899 2107 dicendum,
915 2074 1040 2108 quisnam

256 2127 300 2152 eo,
317 2119 356 2146 vel
374 2119 487 2153 clarior,
511 2119 553 2146 vel
574 2119 672 2154 pietate
692 2120 866 2154 praestantior
885 2120 1038 2146 exstiterit:

257 2165 284 2192 id
302 2169 407 2199 tempus
418 2165 546 2191 ostendit.
576 2164 644 2198 Quid
662 2166 734 2192 enim
755 2166 794 2198 fit,
823 2169 850 2193 et
870 2174 923 2200 quo
943 2166 1041 2194 seditio

258 2219 398 2247 progressa
412 2212 469 2239 est?
484 2212 576 2239 Coacti
595 2212 632 2238 illi
650 2220 710 2239 eum
726 2214 914 2247 puriﬁcarunt,
935 2214 1042 2242 antisti-

258 2262 311 2284 tem
339 2258 544 2289 renuntiarunt,
570 2258 596 2285 in
625 2259 722 2285 throno
750 2259 934 2295 collocarunt,
960 2268 1039 2286 manu

258 2309 346 2331 tamen
375 2304 476 2338 potius,
505 2311 585 2338 quain
609 2305 749 2332 voluntate
772 2305 910 2340 animique
930 2306 1039 2338 aﬂectu,

257 2349 331 2376 Velut
352 2354 444 2386 postea
471 2349 635 2377 declaratum
661 2356 713 2378 est.
739 2350 774 2378 Ut
789 2352 860 2379 enim
890 2352 1042 2379 lubentibus

257 2393 355 2422 animis
378 2395 571 2428 discesserunt,
597 2404 629 2423 ac
651 2397 814 2424 sententiam
834 2405 910 2424 suam
925 2398 951 2424 in
966 2398 1040 2425 arbi-

259 2440 309 2466 trio
321 2447 369 2467 suo
386 2446 413 2467 et
429 2445 560 2475 potestate
579 2441 741 2474 habuerunt,
756 2442 898 2469 consilium
920 2443 989 2469 inter
1012 2451 1042 2470 se

258 2486 360 2518 ineunt,
382 2486 453 2513 haud
476 2487 533 2514 scio
555 2495 588 2514 an
608 2486 726 2522 Spiritus
745 2488 872 2522 impulsu,
889 2489 935 2514 sed
949 2489 1042 2516 ineunt

260 2537 359 2564 tamen,
375 2539 471 2567 nempe
488 2537 517 2559 ut
535 2533 602 2560 nihil
622 2541 727 2566 eorum,
743 2541 804 2568 quae
826 2539 900 2567 gesta
922 2534 1040 2566 fuerant,

296 2621 352 2655 (58)
372 2622 532 2657 Χαμευνίᾳ.
559 2621 604 2648 Sic
633 2621 714 2649 Coisl.
742 2623 768 2652 I,
791 2620 858 2654 Jes.,
876 2627 927 2649 etc.
944 2622 970 2649 ln
983 2622 1037 2653 ed.,

257 2657 416 2692 χαμευνίαν.

379 2693 435 2725 Τὰς
467 2692 596 2727 γεραιάς.
637 2691 684 2718 0r.
717 2693 729 2719 1
764 2696 791 2719 et
821 2691 884 2725 alii,
914 2692 963 2724 τὰς
994 2701 1044 2727 γη-

295 2735 346 2758 ιας.

257 2734 346 2761 ραιας.

294 2760 348 2798 (ὅθ)
361 2762 482 2798 Ιίηξιρρῦ.
494 2763 563 2798 Βεε.
573 2769 599 2793 a,
621 2762 726 2798 μικρόν.

293 2797 349 2832 (GI)
368 2796 418 2828 Τῷ.
433 2796 477 2824 Sic
492 2796 556 2832 Regi
569 2796 627 2828 Iim,
639 2803 665 2824 et
673 2796 732 2826 'Jes.
748 2798 826 2824 Deest
836 2797 862 2824 in
875 2799 917 2825 ed.

293 2827 350 2866 (di)
360 2827 425 2858 Κάἱ.
441 2831 518 2859 Deest
531 2827 557 2858 in
571 2832 636 2866 Reg.
654 2833 707 2863 hin,
720 2837 745 2860 et
760 2832 805 2859 Or.
821 2832 845 2858 l.

294 2865 349 2901 (65)
383 2867 527 2900 Ἀνδρίας.
565 2865 618 2893 δίο
645 2868 764 2901 plerique
793 2868 871 2894 codd.
902 2867 984 2894 Cuisl.
1011 2867 1037 2898 5,

257 2903 284 2927 et
299 2902 345 2928 Ur.
371 2901 396 2934 Ι,
410 2901 543 2933 ἀνδρείας.
561 2901 646 2930 Prave
661 2903 686 2930 in
701 2904 755 2930 ed..
771 2902 925 2938 ἀνανδρίας,
943 2913 950 2928 ι
965 2905 1038 2937 igna-

1089 982 1197 1018 ἀνδρίας
1213 982 1268 1014 (65)
1282 982 1413 1017 διήγημα·
1427 980 1586 1012 ἐστασίαζεν
1601 981 1617 1015 ή
1630 979 1791 1015 Καισαρέων
1802 979 1882 1010 πόλις

1090 1028 1154 1062 περὶ
1165 1027 1299 1063 προϐολὴν
1313 1026 1462 1062 ἀρχιερέως
1475 1026 1540 1061 (δι),
1550 1026 1595 1054 τοῦ
1612 1026 1660 1061 μὲν
1673 1025 1879 1058 ὑπεξελθόντος,

1089 1072 1135 1099 τοῦ
1154 1072 1181 1098 δὲ
1196 1071 1420 1108 ὲπιζητουμένου,
1434 1072 1481 1098 καὶ
1496 1073 1513 1107 ἡ
1534 1071 1628 1102 στάσις
1649 1070 1755 1106 θερμὴ,
1774 1071 1823 1097 καὶ
1843 1071 1880 1105 μὴ

1091 1118 1183 1153 ῥᾳδίαν
1207 1117 1255 1152 τὴν
1276 1118 1352 1143 λύσιν
1373 1116 1481 1152 ἔχουσα.
1500 1116 1581 1142 Φύσει
1601 1124 1631 1142 τε
1649 1115 1703 1151 γὰρ
1724 1116 1787 1151 περὶ
1801 1115 1882 1142 τοῦτο

1092 1164 1208 1199 μάλιστα
1228 1163 1378 1198 στασιώδης
1395 1164 1411 1198 ἡ
1429 1162 1517 1194 πόλις,
1534 1162 1578 1188 διὰ
1591 1162 1646 1197 (65)
1660 1162 1818 1197 θερμότητα
1833 1161 1881 1188 πί-

1091 1217 1186 1240 στεως,
1204 1208 1252 1235 καὶ
1267 1208 1297 1234 τὸ
1310 1209 1358 1242 τῆς
1369 1207 1503 1243 καθέδρας
1515 1206 1647 1239 ἐπίδοξον,
1662 1206 1746 1233 πλείω
1765 1206 1816 1242 τὴν
1835 1215 1882 1240 (ρι-

1090 1255 1223 1281 λονεικίαν
1241 1254 1393 1290 εἰργάζετο.
1418 1253 1510 1280 Ταῦτα
1538 1251 1582 1288 ἦν,
1604 1253 1651 1280 καὶ
1674 1253 1802 1289 παρῆσαν
1825 1253 1880 1278 τῶν

1091 1301 1247 1328 ἐπισκόπων
1266 1301 1339 1332 τινὲς
1359 1300 1405 1326 τὸν
1427 1299 1557 1335 ἀρχιερέα
1572 1299 1717 1330 δώσοντες
1735 1299 1773 1330 ὼς
1792 1298 1822 1325 δὲ
1840 1299 1880 1329 είς

1091 1347 1199 1378 πλείους
1222 1346 1269 1373 τοῦ
1298 1346 1384 1381 δήμου
1410 1345 1600 1380 διαιρεθέντος,
1625 1344 1672 1371 καὶ
1688 1343 1775 1371 ἄλλων
1800 1343 1880 1370 ἄλλον

1092 1392 1328 1429 προϐαλλομένων,
1341 1393 1410 1427 ὅπερ
1425 1392 1452 1418 ὲν
1467 1392 1523 1422 τοῖς
1535 1390 1665 1422 τοιούτοις
1679 1389 1750 1424 φιλεῖ
1765 1390 1882 1425 συμϐαί-

1092 1448 1157 1470 νειν,
1172 1439 1210 1471 ὡς
1222 1439 1337 1470 ἕκαστος
1353 1438 1446 1473 ἔτυχεν
1459 1438 1475 1473 ἢ
1489 1437 1579 1472 φιλίας
1593 1437 1661 1473 πρός
1674 1445 1749 1468 τινας
1765 1437 1847 1472 ἔχων,
1862 1436 1878 1471 ἢ

1092 1485 1160 1519 πρὸς
1176 1483 1242 1510 Θεὸν
1270 1483 1423 1514 εὐλαϐείας,
1445 1482 1522 1513 τέλος
1544 1482 1739 1517 συμφρονήσας
1763 1483 1778 1508 ὁ
1796 1481 1881 1516 δῆμος

1092 1530 1174 1562 ἅπας,
1191 1529 1244 1556 τῶν
1256 1529 1370 1565 πρώτων
1386 1528 1442 1563 (66)
1460 1529 1523 1564 παρ’
1540 1529 1630 1560 αὐτοῖς
1643 1527 1700 1561 ἕνα,
1716 1527 1765 1562 βίῳ
1779 1527 1830 1562 μὲν
1842 1526 1882 1558 ἐξ·

1092 1576 1259 1610 ειλεγμένον,
1273 1575 1349 1602 οὔπω
1366 1575 1393 1601 δὲ
1407 1575 1446 1610 τῷ
1462 1575 1526 1608 θείῳ
1541 1574 1708 1609 βαπτίσματι
1726 1582 1881 1608 κατεσφρα-

1092 1622 1232 1656 γισμένον,
1258 1621 1351 1647 τοῦτον
1380 1621 1480 1648 ἄκοντα
1508 1620 1741 1656 συναρπάσαντες,
1762 1620 1811 1646 καὶ
1823 1619 1882 1654 ἅμα

1093 1668 1290 1703 στρατιωτικῆς
1301 1667 1390 1703 χειρὸς
1408 1666 1607 1702 συλλαϐομένης
1623 1666 1715 1697 αὐτοῖς
1731 1666 1880 1700 τηνικαῦτα

1091 1712 1277 1748 ὲπιδημούσης
1302 1713 1349 1738 ἐπὶ
1369 1713 1400 1738 τὸ
1418 1712 1493 1747 βῆμα
1512 1712 1619 1744 ἔθεσαν,
1633 1712 1679 1739 καὶ
1697 1713 1752 1743 τοῖς
1768 1712 1881 1738 ἐπισκό-

1092 1767 1153 1790 ποις
1166 1760 1348 1795 προσήγαγον,
1363 1758 1521 1794 τελεσθῆναί
1532 1767 1560 1785 τε
1571 1759 1663 1793 ἠξίουν
1679 1759 1726 1785 καὶ
1741 1759 1878 1794 κηρυχθῆ-

1091 1812 1145 1835 ναι,
1160 1804 1249 1830 πειθοῖ
1263 1804 1323 1838 βίαν
1336 1804 1531 1838 ἀναμίξαντες·
1549 1804 1578 1830 οὐ
1597 1804 1656 1830 λίαν
1669 1804 1717 1839 μὲν
1729 1804 1878 1835 εὐτάκτως,

1091 1849 1150 1877 λίαν
1174 1850 1202 1882 δὲ
1226 1851 1330 1882 πιστῶς
1356 1851 1402 1876 καὶ
1417 1850 1565 1885 διαπύρως.
1582 1850 1727 1877 Κάνταῦθα
1742 1851 1792 1876 οὐκ
1807 1850 1880 1876 ἔστιν

1091 1896 1188 1926 εἰπεῖν,
1204 1897 1294 1923 ὅντινα
1304 1896 1518 1932 εὺδοκιμώτερον
1529 1897 1633 1922 ἐκείνου
1649 1897 1696 1923 καὶ
1709 1896 1879 1923 θεοσεϐέστε-

1093 1949 1139 1976 ρον
1155 1941 1280 1974 διέδειξεν
1294 1943 1308 1968 ὁ
1324 1941 1430 1976 καιρός.
1448 1942 1480 1968 Τί
1495 1942 1550 1976 γὰρ
1566 1943 1680 1976 γίνεται,
1693 1942 1740 1968 καὶ
1750 1944 1798 1968 ποῖ
1811 1950 1878 1978 προ-

1091 1987 1173 2022 ῆλθεν
1189 1987 1204 2022 ἡ
1221 1987 1332 2019 στάσις;
1354 1987 1545 2022 Ἐϐιάσθησαν,
1560 1988 1685 2022 ἥγνισαν,
1697 1987 1878 2023 ἀνεκήρυξαν,

1092 2034 1138 2060 ἐπὶ
1157 2033 1203 2059 τὸν
1219 2033 1312 2068 θρόνον
1327 2033 1432 2065 ἔθεσαν,
1451 2033 1523 2069 χειρὶ
1548 2033 1646 2068 μᾶλλον
1676 2033 1692 2069 ἢ
1712 2032 1809 2070 γνώμῃ
1834 2033 1880 2060 καὶ

1091 2077 1209 2104 διαθέσει
1231 2079 1402 2113 πνεύματος·
1426 2077 1548 2114 ἐδηλώθη
1572 2078 1600 2104 δὲ
1616 2080 1673 2110 τοῖς
1691 2078 1759 2113 μετὰ
1782 2079 1877 2105 ταῦτα.

1098 2123 1141 2154 Ὠς
1156 2124 1209 2158 γὰρ
1224 2124 1420 2158 ἀπηλλάγησαν
1435 2123 1557 2158 ἄσμενοι,
1575 2123 1622 2150 καὶ
1636 2123 1745 2159 γνώμης
1758 2124 1880 2158 ἐγένοντο

1092 2169 1190 2204 κύριοι,
1217 2169 1314 2204 βουλὴν
1340 2169 1510 2204 βουλεύονται
1536 2170 1584 2196 σὺν
1601 2169 1736 2204 ἀλλήλοις,
1755 2170 1806 2196 οὐκ
1822 2167 1879 2196 οἶδα

1094 2213 1143 2249 μὲν
1159 2214 1183 2240 εἰ
1196 2214 1383 2249 πνευματικὴν
1399 2214 1466 2248 (67),
1486 2213 1655 2248 βουλεύονται
1666 2215 1687 2241 δ’
1699 2215 1783 2250 ὅμως,
1799 2214 1878 2250 μηδὲν

1093 2259 1187 2294 κύριον
1202 2259 1327 2294 ἡγεῖσθαι
1341 2259 1395 2286 τῶν
1410 2259 1622 2294 πεπραγμένων,
1646 2260 1711 2295 μηδὲ
1730 2260 1778 2295 τὴν
1795 2260 1878 2286 κατά-

1096 2313 1190 2331 στασιν
1216 2305 1358 2341 ἔγκριτονο
1382 2306 1432 2339 τήν
1451 2313 1480 2331 τε
1505 2304 1565 2338 βίαν
1584 2305 1775 2337 ἐπικαλοῦντες
1794 2305 1876 2340 αὐτῷ,

1097 2349 1180 2384 μηδὲν
1201 2347 1282 2384 ἦττον
1300 2349 1445 2384 βιασθέντι,
1464 2351 1511 2377 καὶ
1533 2350 1662 2385 ῥημάτων
1681 2350 1878 2386 λαμϐανόμενοί

1095 2405 1185 2428 τινων,
1198 2397 1235 2428 ὠς
1252 2397 1403 2433 εἰρημένων
1419 2395 1569 2432 τηνικαῦτα
1580 2397 1794 2433 προπετέστερον
1809 2398 1825 2432 ἢ
1841 2405 1879 2422 σο-

1095 2443 1226 2478 φώτερον.
1239 2444 1275 2470 οὺ
1292 2443 1343 2478 μὴν
1357 2443 1372 2468 ὁ
1384 2443 1469 2477 μέγας
1484 2443 1638 2478 ἀρχιερεὺς,
1654 2443 1700 2469 καὶ
1710 2442 1813 2474 δίκαιος
1826 2442 1878 2468 τῶν

1095 2489 1264 2524 πραγμάτων
1279 2487 1436 2523 ἐξεταστὴς,
1452 2488 1468 2524 ἢ
1482 2488 1641 2523 συναπήχθη
1652 2489 1708 2520 τοῖς
1723 2488 1810 2515 ταῦτα
1820 2488 1878 2523 βου-

1094 2534 1257 2568 λευομένοις,
1282 2534 1298 2569 ἢ
1324 2533 1372 2568 τὴν
1396 2533 1509 2569 γνώμην
1529 2534 1674 2570 ἐπῄνεσεν·
1699 2534 1755 2561 ἀλλ’
1775 2534 1878 2569 ἔμεινεν

1094 2629 1152 2648 \‘m‘.
1176 2633 1183 2648 l

1134 2658 1190 2692 (64)
1208 2659 1388 2693 Ἀρχιερέως.
1408 2667 1417 2684 ι
1437 2658 1539 2685 Summi
1562 2658 1725 2688 sacerdotis.
1741 2667 1750 2683 ι
1779 2659 1804 2685 id
1827 2662 1876 2689 est,

1100 2702 1109 2717 ε
1125 2693 1253 2727 episcopi.
1275 2704 1285 2720 ι
1301 2694 1361 2721 BiIl.
1379 2703 1388 2719 ι
1405 2694 1612 2728 arehiepiscapi,
1631 2703 1641 2719 ι
1666 2701 1726 2728 qua).
1739 2701 1789 2721 vox
1814 2702 1878 2720 non—

1097 2729 1159 2754 (lllln
1172 2734 1230 2754 CH“.
1243 2729 1268 2754 lll
1280 2737 1339 2755 IIS“.

1097 2762 1330 2823 “(gift-)défii-Sic
1343 2764 1426 2800 Regg.
1443 2772 1469 2794 a,
1484 2763 1541 2798 brn,
1557 2763 1610 2791 duo
1627 2763 1721 2797 Coisl.,
1735 2762 1801 2795 Jes.,
1826 2767 1874 2790 etc.

1110 2807 1123 2822 II
1138 2804 1179 2824 ρει.
1198 2804 1269 2825 deest
1276 2819 1282 2825 .

1131 2833 1186 2866 (66}
1204 2833 1264 2859 Τῶν
1290 2833 1421 2868 πρώτων.
1438 2835 1482 2861 Sic
1508 2834 1590 2862 Coisl.
1620 2835 1645 2866 I,
1670 2833 1716 2860 0r.
1741 2833 1766 2865 1,
1781 2832 1834 2860 Jes.
1851 2836 1876 2859 ct

1093 2867 1213 2904 Comhef.
1230 2868 1257 2895 In
1270 2867 1325 2900 eth,
1339 2870 1385 2895 τὸν
1399 2869 1515 2904 πρῶτον.

1127 2902 1182 2938 (0'7)
1199 2904 1231 2930 Εἰ
1249 2902 1463 2939 πνειιμιιτικῆν.
1485 2905 1578 2933 Billius
1599 2913 1605 2930 :
1624 2913 1633 2930 ι
1651 2911 1684 2931 an
1701 2902 1847 2938 spirituale.
1864 2910 1872 2926 ι
