2049 3143
138 159 149 185 l
156 158 208 185 099

595 157 723 185 ORATIO
744 156 835 184 XVIII.
857 173 891 177 —
910 155 1084 184 FUNEBRIS
1101 155 1134 183 IN
1155 156 1304 184 PATREM.

1692 160 1762 189 £030

135 216 247 252 ἀκλινὴς
258 224 306 242 και
316 223 456 251 αηττητος.
469 215 544 242 οὐδέν
555 224 587 249 γε
599 214 680 249 ἦττον
691 216 707 251 ἢ
723 216 789 251 μηδὲ
803 215 923 251 βιασθεὶς

976 219 1063 241 ratum
1083 222 1115 242 ac
1136 214 1243 242 ﬁrmum
1263 223 1323 242 esse
1345 215 1485 248 ducerent,
1505 223 1552 242 nec
1566 216 1761 245 institutionem

136 262 214 293 ὅλως.
245 261 352 296 λρῆναι
381 261 444 297 γὰρ,
468 262 560 296 κοινῆς
581 261 635 296 (68)
657 261 741 296 οὔσης
755 262 805 295 τῆς
817 261 887 297 βίας,
908 261 924 295 ἢ

136 305 358 340 κατηγοροῦντας
377 305 659 341 ἀντικατηγορεῖσθαι,
676 305 692 341 ἢ
706 306 834 339 ἀφιέντας
848 305 927 339 ἀφίε-

137 350 212 382 σθαιῗ
226 352 243 386 ἦ
262 351 293 378 τό
311 359 343 386 γε
357 351 533 386 δικαιότερον,
551 352 613 387 μήτ’
630 351 686 386 (69)
705 352 834 384 ἀφιέντας
848 351 927 386 ἀφίε-

138 397 207 424 σθαι.
228 398 258 423 Εἰ
281 397 329 432 μὲν
355 397 409 432 γὰρ
434 397 533 428 αὐτοὺς
549 395 618 423 εἶναι
636 397 801 432 συγγνώμης
823 397 925 428 ἀξίους,

138 444 262 470 κάκεῖνον
279 444 387 475 πάντως
399 451 405 458 ·
422 444 446 469 εί
458 443 486 469 δὲ
503 443 635 479 μηδαμῶς
645 444 756 475 ἐκεῖνον,
775 443 855 478 σχολῇ
873 443 927 478 γὰρ

137 487 168 514 ἂν
182 488 291 519 αὐτούς.
306 487 401 523 Πολλῴ
414 488 468 523 γὰρ
482 487 584 522 βέλτιον
597 486 676 519 εἶναι,
686 487 747 513 τότε
761 488 927 514 κινδυνεύειν

138 534 184 560 καὶ
200 534 358 560 ἀντιτείνειν
388 533 467 569 μέχρι
495 533 605 564 παντὸς,
633 533 649 569 ἢ
680 533 793 567 ὕστερον
819 533 926 560 ἐπιϐου-

138 579 234 609 λεύειν,
251 580 303 607 κάν
317 579 405 614 τούτῳ
416 579 455 614 τῷ
467 579 554 614 καιρῷ
568 579 624 615 (70)
640 579 767 614 μάλιστα,
787 579 868 614 ἡνίκα
879 580 926 606 καὶ

138 624 185 656 τὰς
207 624 291 656 οὓσας
312 624 412 660 ἔχθρας
427 623 572 650 καταλύειν
586 624 697 660 ἄμεινον
711 622 756 660 ἦν,
772 624 789 660 ἦ
810 624 859 656 τὰς
874 625 925 651 οὐκ

138 670 222 703 οὔσας
237 672 372 706 περινοεῖν
385 680 390 685 ·
409 669 465 705 εἶχε
479 671 535 706 γὰρ
546 670 641 702 οὕτως.

138 718 274 744 solventes
289 716 494 744 absolverentur
509 725 516 750 ;
532 721 589 747 attt,
607 715 678 750 quod
705 715 804 749 jnstius
820 720 889 748 erat,

978 260 1146 295 legitimam:
1166 260 1220 286 vim
1245 260 1269 287 ei
1290 260 1458 294 oltjicientes,
1484 262 1528 296 qui
1552 270 1603 289 non
1630 263 1762 290 minorem

975 305 1032 340 ipse
1047 306 1101 332 vim
1116 313 1211 339 passus
1228 305 1327 337 fuerat,
1344 313 1375 332 ac
1388 306 1528 333 sermones
1541 308 1670 341 quosdam
1686 309 1761 336 arri-

976 351 1095 385 pientes.
1123 355 1153 377 ut
1178 351 1332 385 petulanter
1360 351 1445 386 magis
1464 358 1544 386 quam
1567 353 1705 386 sapienter
1729 360 1762 380 eo

975 400 1096 431 tempore
1110 396 1238 431 prolatos.
1253 397 1287 423 At
1303 397 1427 428 antistes.
1441 402 1468 424 et
1482 405 1576 431 aequus
1588 406 1678 425 rerntn
1689 399 1762 426 msti—

975 447 1076 475 mator,
1100 449 1149 469 nec
1161 450 1220 469 cum
1245 443 1288 475 iis,
1311 443 1356 477 qui
1379 443 1529 476 lmjusmodi
1551 444 1692 471 consilium
1719 444 1762 471 ins

980 488 1064 521 ibant,
1083 489 1272 520 abduetnsest,
1286 496 1335 515 nec
1350 495 1442 515 eorum
1459 490 1620 516 sententiam
1636 497 1761 524 compro-

977 533 1066 564 bavit,
1089 541 1182 560 verum
1203 539 1332 561 constans
1361 539 1441 568 alque
1465 535 1580 562 invictus
1602 535 1761 568 permansit.

979 588 1032 607 non
1054 580 1143 608 minus
1162 588 1242 615 quam
1261 581 1282 607 si
1301 580 1373 607 nulla
1395 581 1504 607 omnino
1521 580 1561 607 vis
1576 581 1626 615 ipsi
1642 581 1761 608 adhibita

978 625 1085 653 fuisset.
1105 625 1172 652 Nam
1195 633 1257 652 cum
1277 626 1319 652 vis
1342 626 1492 652 communis
1511 630 1592 658 esset,
1609 631 1758 660 oporteret,

974 676 1005 697 ut
1027 674 1073 698 aut
1095 675 1253 698 accusantes
1274 670 1392 697 vicissim
1418 676 1625 703 accusarentur,
1647 676 1692 697 aut
1714 672 1761 698 ab-

929 722 962 742 ne
978 715 1148 743 absolventes
1171 715 1279 749 quidem
1304 715 1515 743 absolverentur.
1541 716 1569 743 Si
1591 716 1662 743 enim
1690 716 1758 751 ipsis

139 766 213 792 venia
229 765 385 797 deberetur,
408 764 503 798 utique
516 767 543 789 et
560 762 597 788 illi
616 770 622 787 :
641 762 682 788 sin
705 761 742 787 illi
760 761 832 788 nullo
848 761 926 788 modo
946 761 1138 796 ignoscendum
1168 765 1250 793 esset,
1269 760 1352 786 multo
1385 765 1458 787 certe
1477 761 1566 788 minus
1580 762 1653 795 ipsis.
1669 761 1760 796 Longe

139 811 209 838 enim
235 811 320 838 satius
341 810 447 842 fuisset,
464 814 494 835 ut
511 808 560 842 ipsi
581 812 636 834 tum
656 807 784 841 temporis
807 807 954 841 periculum
984 807 1101 838 adirent,
1134 810 1215 840 atque
1230 805 1262 832 ad
1290 810 1440 832 extremum
1472 814 1556 840 usque
1584 807 1758 836 obsisterent.

139 863 217 889 quam
237 860 266 883 ut
287 859 380 890 postea
397 855 508 884 insidias
519 860 716 890 compararent,
730 863 816 890 eoque
831 855 913 890 355
933 854 1083 889 praesertim
1098 859 1226 888 tempore,
1261 861 1314 888 quo
1345 859 1412 881 Orta:
1425 854 1481 888 jam
1507 854 1655 882 inimicitia:
1669 854 1760 890 potius

139 909 227 931 essent
237 903 497 939 deponendaqttam
509 912 586 931 novae
596 904 790 939 excogitandae.
803 903 848 930 Sic
860 904 931 930 enim
952 911 994 930 res
1011 911 1039 929 se
1052 901 1178 929 habebat.

171 949 231 975 AA'.
248 948 341 984 Παρῆν
369 949 417 984 μὲν
435 950 449 975 ὁ
466 948 593 983 βασιλεὺς
617 948 724 984 βρέμων
738 948 921 984 Χριπιανοῖς,

1008 947 1129 974 XXXIV.
1145 947 1246 974 Aderat
1262 947 1409 982 imperator
1428 947 1558 974 adversus
1585 946 1758 974 Christianos

139 995 169 1021 SI.‘
186 994 271 1029 ὀργῆς
286 993 315 1020 δὲ
329 995 344 1029 ἡ
361 995 521 1030 χειροτονία,
534 994 670 1030 ἠπειλεῖτο
685 994 713 1021 δὲ
725 995 739 1020 ὁ
750 993 923 1030 προϐληθείς·

975 992 1113 1025 fremens;
1140 993 1210 1019 hanc
1237 997 1328 1019 autem
1359 992 1557 1019 ordinationem
1584 992 1654 1019 irato
1677 997 1759 1026 atque

139 1040 183 1067 ἐπὶ
205 1039 289 1075 ξυροῦ
305 1039 361 1075 (71)
374 1039 403 1066 δὲ
422 1040 438 1075 ἡ
455 1040 542 1071 πόλις,
558 1040 574 1075 ἢ
594 1040 688 1075 μηκέτ’
707 1038 775 1066 εἶναι
791 1039 859 1075 μετὰ
873 1040 924 1075 τὴν

974 1037 1085 1064 incenso
1095 1036 1185 1063 animo
1195 1036 1311 1068 ferebat,
1326 1037 1418 1072 gravia
1429 1044 1494 1064 vero
1507 1037 1532 1063 in
1548 1044 1623 1068 eum,
1636 1037 1681 1071 qui
1696 1045 1758 1072 pro-

140 1085 242 1121 ῆμέραν
255 1084 371 1120 ἐκείνην,
387 1084 403 1120 ἢ
421 1084 617 1120 περισωθῆναι,
633 1085 679 1111 καί
689 1093 760 1116 τινος
772 1084 924 1120 φιλανθρω-

141 1131 203 1160 πίας
214 1132 316 1165 τυχεῖν.
339 1131 537 1166 Προσεγεγόνει
556 1130 610 1166 γὰρ
632 1128 673 1162 οἷς
685 1129 844 1166 παρώξυντο
859 1129 923 1165 περὶ

139 1176 185 1211 τῆς
199 1176 300 1211 Τύχης,
315 1176 344 1201 ὲν
358 1175 447 1211 καιρῷ
459 1176 508 1211 τῆς
520 1175 648 1211 εὐτυχίας
661 1175 862 1211 περιλυθείσης,
877 1175 924 1201 καὶ

140 1222 154 1256 ἡ
168 1221 232 1256 περ).
245 1221 291 1247 τὸν
309 1220 395 1256 ἄνδρα
411 1221 582 1256 καινοτομία,
598 1221 635 1252 ὠς
652 1220 707 1247 τῶν
722 1220 859 1256 δημοσίων
878 1229 924 1246 σε-

139 1266 306 1302 συλημένων.
323 1266 428 1302 Ἐζήτει
443 1267 471 1293 δὲ
485 1267 499 1293 ὁ
512 1265 558 1293 τοῦ
571 1266 664 1297 ἔθνους
677 1266 767 1301 ἄρχων
782 1265 832 1292 ὄτι
847 1265 925 1302 χαρί-

139 1322 214 1340 σαιτο
226 1312 265 1347 τῷ
279 1312 378 1348 καιρῷ,
396 1313 520 1339 κάκεῖνον
534 1313 560 1339 τί
570 1311 674 1346 διαθείη
689 1312 783 1344 κακὸν,
800 1312 861 1338 οὐδὲ
875 1312 923 1339 ἄλ-

139 1362 190 1388 Αως
200 1356 267 1391 πρὸς
282 1357 363 1383 αὑτὸν
375 1356 444 1392 ἔχων
458 1356 626 1389 ἐπιτηδείως,
641 1356 698 1383 ἀλλ’
715 1357 752 1389 ὡς
768 1357 798 1390 ἐξ
812 1357 923 1384 ἀντιπο-

139 1402 238 1434 λιτείας
260 1402 387 1438 διάφορος
408 1402 454 1429 ὦν.
477 1403 583 1429 Ἑκάλει
602 1403 631 1429 δὲ
645 1403 678 1429 δι’
695 1403 843 1430 ἐπιστολῶν
860 1404 924 1435 τοὺς

139 1450 379 1485 χειροτονήσαντας
395 1449 433 1481 ὡς
452 1450 698 1485 κατηγορήσοντας,
717 1449 767 1476 οὐκ
782 1449 822 1476 ἔτι
835 1450 924 1485 ἀπρα-

143 1493 256 1530 γμόνως,
275 1494 331 1520 ἀλλ’
345 1495 395 1530 ἤδη
410 1503 436 1521 τι
453 1494 500 1521 καὶ
510 1494 627 1530 ἀπειλῆς
637 1495 692 1531 (72)
708 1494 873 1529 προστιθεὶς,
886 1495 924 1526 ὡς

142 1539 215 1566 τοῦτο
230 1539 407 1571 ἀπαιτοῦντος
419 1540 532 1576 (75)·ιοῦ
546 1541 687 1575 βασιλέως.
701 1541 766 1568 Τότε
778 1541 867 1568 τοίνυν
878 1541 924 1568 καὶ

139 1585 207 1621 πρὸς
229 1586 309 1612 αὑτὸν
331 1586 460 1621 ἐλθούσης
481 1586 634 1622 ἐπιστολῆς,
651 1587 726 1614 οὐδὲν
747 1587 846 1620 δείσας,
863 1587 923 1614 οὐδὲ

141 1631 237 1666 μικρὸν
253 1631 372 1666 ἐπισχὼν
390 1632 546 1668 (σκοπῶμεν
559 1632 608 1668 τὴν
623 1633 788 1669 παρρησίαν,
812 1633 862 1668 ὅση
879 1633 926 1660 καὶ

141 1677 200 1712 μεθ’
212 1678 275 1704 ὅσου
289 1678 334 1704 τοῦ
350 1678 513 1713 πνεύματος,
528 1679 560 1706 ὲκ
571 1678 625 1705 τῶν
642 1678 924 1714 ἀντεπεσταλμένων),

145 1723 251 1757 Ἡμεῖς,
282 1723 374 1758 φησὶν,
404 1720 427 1749 ὦ
456 1723 583 1759 κράτιστε
617 1723 728 1759 ἡγεμὼν
758 1723 826 1758 (74),
858 1722 927 1749 πάν-

140 1776 193 1794 των
205 1769 258 1795 τῶν
273 1768 466 1804 πραττομένων
479 1768 576 1804 ἔχομεν
592 1768 738 1804 ἐξεταστὴν
752 1768 800 1795 ἕνα
815 1768 862 1795 καὶ
879 1767 927 1802 βα-

141 1813 227 1846 σιλέα,
248 1814 295 1841 τὸν
316 1814 363 1841 νῦν
384 1814 601 1850 πολεμούμενον·
628 1816 732 1846 ἐκεῖνος
751 1814 797 1840 καὶ
815 1813 865 1849 τὴν
878 1813 926 1840 νῦν

141 1859 261 1891 ἐξετάσει
274 1860 448 1896 χειροτονίαν,
465 1859 499 1895 ἣν
510 1859 638 1895 ἔνθεσμον
653 1859 708 1894 (75)
722 1859 769 1886 καὶ
781 1859 861 1894 φίλην
875 1858 926 1885 αὐ-

141 1904 179 1940 τῷ
192 1905 376 1941 πεποιήμεθα,
398 1904 478 1940 Ὑμῖν
493 1904 521 1931 δὲ
535 1904 598 1932 ἄλλο
614 1904 662 1939 μέν
674 1913 700 1930 τι
711 1903 851 1938 βιάζεσθαι
863 1902 926 1937 βου-

141 1950 274 1986 λομένοις,
292 1951 338 1978 καὶ
355 1951 425 1977 πάνυ
438 1951 535 1986 ῥᾷστον
544 1958 552 1966 ο
563 1949 642 1976 τοῦτο
651 1949 680 1976 δὲ
693 1949 779 1980 οὐδεὶς
791 1949 865 1984 ἡμᾶς
876 1949 927 1982 ἀφ-

141 1995 293 2030 αιρήσεται,
307 1996 338 2022 τὸ
356 1997 522 2031 συνηγορεῖν,
539 1995 576 2027 ὡς
591 1994 678 2030 ὀρθῶς
694 1994 741 2020 καὶ
754 1994 863 2025 δικαίως
877 2001 928 2019 πε-

142 2039 321 2074 πραγμένοις,
346 2041 402 2072 τοῖς
423 2039 642 2075 πεπραγμένοις·
663 2039 687 2065 εὶ
711 2038 748 2074 μὴ
767 2039 813 2065 καὶ
833 2038 928 2064 τοῦτον

143 2085 234 2120 θείητε
252 2085 297 2112 τὸν
321 2085 413 2121 νόμον,
428 2084 469 2117 οἷς
489 2086 544 2122 (76)
564 2086 593 2112 οὐ
612 2085 721 2120 θεμιτὸν
739 2084 928 2121 παρακύπτειν

143 2130 184 2161 εἰς
197 2130 231 2156 τὰ
243 2130 374 2166 ἡμέτερα.
392 2130 477 2157 Τοῦτο
505 2130 535 2156 τὸ
563 2130 679 2165 γράμμα
695 2129 742 2155 καὶ
761 2129 841 2161 αὐτὸς
853 2128 928 2156 ἐθαύ-

144 2183 230 2210 μασεν
243 2177 257 2201 ὁ
266 2175 420 2211 δεξάμενος,
435 2176 461 2202 εἰ
472 2175 595 2211 καὶπρὸς
608 2175 697 2208 ὀλίγον
707 2175 880 2210 ἐχαλέπηνεν,
891 2175 929 2207 ὡς

142 2221 166 2247 οἱ
195 2220 287 2247 πολλοὶ
316 2221 370 2247 τῶν
395 2221 451 2256 (77)
469 2221 504 2247 τὰ
532 2221 634 2247 ἐκείνου
657 2220 748 2252 καλῶς
766 2221 929 2254 γιγνωσκόν-

142 2275 196 2294 των
214 2267 270 2302 (78)
285 2267 454 2302 ἀπήγγελλον
464 2275 471 2282 ο
487 2266 566 2293 τοῦτο
578 2267 624 2294 καὶ
636 2266 766 2301 βασιλέως
779 2267 828 2302 τὴν
840 2267 927 2302 ὁρμὴν

143 2312 250 2348 ἔστησε,
271 2313 318 2339 καὶ
340 2312 388 2339 τοῦ
407 2313 528 2340 κινδύνου
549 2312 598 2348 τὴν
619 2312 695 2338 πόλιν
711 2312 874 2348 ἀπήλλαξεν,
895 2313 925 2340 οὐ

144 2358 252 2392 φαύλως
267 2358 289 2385 δ’
305 2358 338 2385 ἂν
349 2358 506 2394 προσθείην,
523 2359 563 2385 ὅτι
577 2359 624 2385 καὶ
638 2358 688 2393 τῆς
698 2357 827 2392 αἰσχύνης
841 2359 923 2393 ἡμᾶς.

144 2404 243 2431 Τούτου
256 2404 301 2431 τοῦ
315 2404 506 2440 μικροπολίτου
523 2403 553 2431 τὸ
568 2403 657 2440 ἔργον,
672 2403 780 2438 καὶτῆς
793 2402 925 2437 καθέδρας

143 2528 190 2557 καῐ
208 2532 263 2561 τοῖς
275 2531 487 2565 χειροτονήσασι·
509 2538 518 2554 t
535 2528 655 2556 TumJi
670 2530 772 2555 scilicet
792 2536 836 2562 qut
851 2529 923 2555 ordi-

144 2571 222 2592 natus
235 2564 331 2596 fuerat,
341 2570 368 2591 ct
382 2564 415 2591 iis
428 2566 472 2598 qui
487 2564 687 2591 ordinaverunt.
701 2573 710 2589 ›

178 2600 235 2634 (69)
252 2599 336 2633 Μήτ’.
353 2600 418 2632 Reg.
432 2600 487 2631 bm,
504 2604 530 2626 ct
546 2598 593 2626 0r.
604 2598 630 2629 l,
647 2598 723 2634 μηδέ.

177 2635 236 2675 170)
259 2634 301 2667 Τῷ
326 2633 424 2668 καιρῷ.
447 2635 528 2669 Ilegg.
547 2642 572 2667 a,
585 2633 681 2667 bm,7et
695 2635 742 2661 0r.
766 2633 792 2666 l,
806 2634 853 2660 τοῦ
864 2642 924 2660 καιν

144 2679 237 2740 pm("'ll)
269 2704 335 2731 Ἐπὶ
358 2704 461 2740 ξυροῦ.
496 2712 507 2730 σ
526 2704 591 2737 Qum
616 2705 642 2730 in
670 2711 786 2740 summo
804 2702 926 2740 pericqu

145 2738 218 2772 sunt,
237 2749 247 2765 ι
272 2740 360 2773 inquit
380 2739 483 2770 Billius,
511 2749 520 2764 ι
535 2747 577 2771 ea,
598 2739 756 2773 proverbiali
781 2738 925 2769 locutione,

145 2776 172 2802 in
189 2775 323 2802 novaculae
351 2775 408 2802 acie
424 2780 496 2801 stare
519 2775 655 2800 dicuntur.
673 2784 682 2800 ι
715 2773 779 2800 Illud
801 2774 925 2806 adagium

143 2815 185 2870 cett
201 2810 234 2836 ab
249 2809 364 2836 Homero
379 2810 498 2843 ductum,
510 2810 565 2844 qui,
585 2808 666 2835 Iliad.
681 2809 727 2836 lib.
747 2817 774 2838 ιι.
786 2815 855 2835 vers.
866 2808 924 2841 I73,

145 2853 168 2870 at
203 2854 209 2870 ε

145 2853 182 2870 IIII.
203 2854 209 2871 τ

144 2879 206 2906 Νῦν
218 2880 271 2914 τὰρ
285 2879 322 2914 δὴ
335 2878 503 2907 πάντεσσιν
514 2879 561 2905 ἐπὶ
579 2878 671 2912 ξυροῦ
684 2879 801 2905 ἵσταται
816 2878 924 2913 ἀκμῆς.

179 2494 236 2530 (68)
247 2494 365 2528 Κοινῆς.
383 2494 473 2521 Schol.
488 2503 495 2520 τ
511 2493 635 2555 ΔἸλονότι
646 2493 686 2534 τῷ
701 2492 922 2534 χειροτονηθέντι,

179 2531 190 2555 ὶ
208 2532 263 2555 τοῖς
275 2531 487 2555 γειοοτονῇσασι·
509 2538 518 2554 ι
535 2528 541 2536 '
559 2536 655 2555 um.“
670 2530 772 2555 scilicet
792 2536 836 2555 unt
851 2529 922 2555 ordt-

974 1088 1064 1109 motus
1080 1081 1179 1114 fuerat,
1206 1083 1380 1110 minabatur:
1394 1086 1474 1117 atqtte
1490 1082 1516 1109 in
1540 1083 1679 1110 novaculae
1699 1084 1759 1110 acia

975 1127 1071 1154 civitas
1083 1131 1154 1161 erat,
1173 1132 1262 1155 utrum
1281 1132 1342 1163 post
1356 1128 1428 1155 illum
1446 1129 1516 1155 diem
1534 1136 1594 1156 esse
1609 1128 1757 1160 desineret,

975 1180 1008 1199 an
1025 1179 1040 1199 e
1055 1173 1176 1208 periculo
1191 1173 1329 1205 evaderet,
1352 1178 1434 1208 atque
1453 1174 1631 1202 humanitatis
1655 1175 1757 1210 aliquid

974 1223 1197 1252 consequeretur.
1214 1218 1252 1246 Ad
1272 1227 1333 1246 eum
1357 1219 1429 1246 enim
1461 1219 1594 1252 dolorem,
1616 1227 1695 1254 quem
1721 1221 1759 1249 ob

975 1263 1102 1291 Fortunae
1120 1264 1249 1298 templum
1281 1265 1419 1292 felicitatis
1449 1270 1570 1300 tempore
1589 1266 1706 1292 dirutum
1730 1270 1758 1292 et

975 1315 1110 1341 eversum,
1129 1309 1263 1342 capiebat,
1279 1310 1330 1336 viri
1350 1310 1423 1336 illius
1440 1310 1576 1337 ordinatio
1601 1310 1758 1344 accedebat,

974 1361 1055 1388 quam
1070 1354 1239 1388 publicarum
1254 1362 1343 1382 rerum
1358 1355 1561 1382 convulsionem
1578 1363 1610 1382 ac
1626 1355 1697 1382 velut
1710 1363 1759 1382 ex-

974 1399 1131 1434 pilationem
1145 1407 1208 1427 esse
1222 1400 1462 1434 interpretabatur.
1479 1400 1502 1426 Is
1515 1405 1616 1433 autem,
1634 1401 1678 1435 qui
1695 1409 1760 1435 pro—

974 1445 1070 1472 vincia:
1084 1451 1210 1480 praeerat,
1233 1446 1351 1473 rationes
1372 1447 1542 1481 exquirebal,
1562 1447 1662 1482 quibus
1688 1452 1758 1474 tent-

975 1490 1034 1524 pori
1051 1489 1261 1521 obsecundaret,
1277 1495 1359 1524 atque
1372 1491 1459 1525 ipsum
1491 1491 1562 1517 malo
1584 1491 1676 1525 aliquo
1691 1491 1760 1517 mul-

976 1538 1057 1567 taret,
1080 1539 1111 1561 ut
1126 1535 1172 1569 qui
1188 1542 1239 1562 nec
1253 1535 1354 1569 alioqui
1366 1536 1453 1563 amico
1465 1543 1496 1562 ac
1511 1535 1640 1563 benevolo
1657 1535 1684 1562 in
1700 1544 1761 1563 eunt

975 1580 1067 1607 animo
1083 1585 1164 1613 esset,
1180 1587 1273 1607 verum
1288 1581 1322 1608 ob
1335 1581 1471 1608 contraria
1485 1581 1511 1608 in
1537 1582 1681 1616 republicm
1711 1582 1760 1608 ad-

939 1626 960 1656 C
978 1626 1174 1654 ministratione
1191 1626 1281 1653 studia
1297 1627 1332 1653 ab
1345 1634 1378 1653 eo
1393 1627 1545 1654 dissideret.
1553 1627 1685 1660 Quocirca
1699 1635 1758 1659 eos,

976 1680 990 1699 a
1003 1672 1102 1707 quibus
1116 1672 1257 1699 ordinatus
1272 1672 1372 1704 fuerat,
1382 1673 1456 1700 velut
1467 1673 1554 1706 Ipsum
1570 1677 1758 1705 accusaturos,

977 1726 1027 1753 per
1042 1718 1148 1745 litteras
1160 1717 1328 1750 accersebat,
1344 1725 1396 1744 non
1412 1717 1468 1752 jam
1483 1717 1580 1744 leniter
1591 1723 1619 1744 et
1634 1719 1758 1749 remisse,

976 1764 1023 1790 sed
1037 1763 1171 1789 minarum
1186 1762 1267 1789 etiam
1280 1762 1382 1796 aliquid
1394 1763 1552 1797 adjungens,
1566 1767 1693 1796 tanquam
1710 1763 1759 1789 im-

977 1813 1085 1845 perator
1108 1808 1161 1835 hoc
1183 1808 1312 1842 exigeret.
1338 1807 1405 1834 Cum
1433 1808 1515 1842 igitur
1545 1813 1623 1841 pater
1654 1815 1760 1842 quoque

978 1861 1033 1882 tum
1058 1855 1092 1882 ab
1107 1861 1139 1882 eo
1157 1854 1296 1888 epistolam
1313 1854 1475 1888 accepisset,
1497 1853 1564 1880 nihil
1581 1854 1693 1885 veritus,
1711 1861 1759 1881 nec

976 1907 1080 1927 moram
1103 1899 1185 1926 ullam
1213 1899 1390 1933 interponens
1409 1899 1638 1934 (consideremus,
1658 1906 1760 1933 qutuso,

977 1954 1009 1973 ex
1030 1946 1073 1978 iis,
1090 1953 1149 1980 quae
1162 1945 1311 1979 respondit,
1327 1949 1429 1980 quanta
1448 1945 1533 1980 ipsius
1547 1945 1573 1972 in
1596 1945 1709 1972 dicendo
1725 1945 1758 1971 li-

978 1992 1080 2024 bertas,
1105 1996 1133 2019 et
1158 1995 1259 2025 quanto
1283 1998 1345 2017 cum
1366 1991 1463 2026 spiritu
1485 1991 1631 2025 conjuncta
1652 1990 1760 2025 fuerit):

977 2039 1044 2071 Nos,
1067 2039 1164 2071 inquit,
1182 2039 1370 2073 potentissime
1396 2046 1506 2074 praeses,
1521 2046 1610 2066 rerum
1629 2039 1760 2071 omnium,

978 2094 1037 2120 qua:
1050 2089 1192 2120 geruntur,
1208 2092 1350 2112 censorem
1368 2093 1451 2111 unutn
1462 2092 1494 2111 ac
1507 2091 1597 2119 regem
1619 2085 1760 2115 habemus.

979 2132 1024 2166 qui
1042 2139 1112 2157 tntnc
1126 2135 1306 2166 oppugnatur.
1320 2130 1345 2157 ls
1354 2135 1380 2157 et
1390 2135 1550 2165 praesentem
1562 2130 1760 2157 ordinationem

978 2178 1123 2213 expendet,
1151 2185 1231 2212 quam
1261 2185 1311 2205 nos
1338 2178 1389 2204 rite
1414 2185 1446 2204 ac
1476 2177 1606 2212 legitime,
1627 2181 1708 2212 atque
1735 2182 1760 2204 ιιι

979 2223 1028 2256 ipsi
1044 2228 1151 2257 gratum
1167 2225 1217 2253 est,
1236 2222 1359 2249 fecimus.
1377 2221 1432 2249 Vos
1458 2227 1546 2249 autem
1576 2223 1628 2249 alia
1655 2223 1759 2257 quidem

979 2268 1067 2303 aliqua
1087 2269 1112 2294 in
1134 2275 1164 2295 re
1179 2267 1265 2300 nobis,
1286 2268 1308 2295 si
1325 2269 1432 2295 animus
1457 2269 1492 2295 ita
1517 2268 1619 2301 tulerit,
1640 2269 1693 2296 vim
1718 2269 1760 2296 al-

979 2313 1051 2340 l'erre
1074 2313 1204 2348 perfacile
1230 2314 1361 2348 potestis:
1390 2315 1416 2340 id
1439 2319 1527 2341 autem
1546 2322 1626 2342 nemo
1645 2323 1761 2350 unquam

980 2359 1057 2386 nobis
1072 2358 1183 2391 adimet,
1196 2359 1261 2392 quin
1273 2365 1316 2390 ea,
1337 2366 1397 2393 qua:
1414 2359 1482 2386 facta
1501 2365 1573 2392 sunt,
1589 2364 1618 2386 ut
1642 2366 1714 2387 recte
1730 2368 1761 2388 ac

979 2403 1050 2431 iuste
1065 2404 1146 2437 facta,
1171 2404 1365 2437 defendamus;
1391 2406 1442 2433 nisi
1470 2405 1540 2434 forte
1562 2407 1632 2434 lianc
1656 2414 1760 2442 quoque

1015 2492 1094 2520 Nunc
1107 2495 1174 2522 enim
1190 2494 1346 2522 omnibusin
1361 2495 1493 2522 novacula
1508 2495 1564 2522 acie
1573 2495 1624 2522 sita
1639 2503 1678 2522 res
1694 2501 1743 2524 est.

1012 2529 1067 2564 (72)
1085 2529 1230 2564 Ἀπειλῆς.
1242 2530 1323 2556 Coisl.
1336 2531 1361 2562 Ι,
1373 2530 1498 2562 ἀπειλάς.

1012 2563 1068 2603 (75)
1085 2563 1305 2598 Ἀπαιτοῦντος.
1320 2566 1402 2593 Coisl.
1415 2565 1441 2598 l,
1456 2565 1638 2597 ἀπειλοῦντος,
1655 2574 1666 2591 t
1684 2565 1760 2592 mitti-

976 2602 1068 2626 tantis.
1090 2609 1099 2624 ι

1085 2633 1231 2671 Ἠγεμών,
1243 2633 1271 2661 In
1288 2635 1455 2671 quibusdam,
1468 2635 1582 2671 ἥγεμον.

1011 2668 1068 2702 (75)
1081 2668 1279 2702 Χειροτονίαν,
1295 2668 1336 2704 ἣν
1347 2668 1504 2705 ἔνθεσμον-ζ
1523 2668 1531 2695 ἱ
1547 2670 1758 2702 Ordinationem,

976 2711 1055 2741 quam
1083 2705 1239 2741 legitime”
1260 2710 1321 2741 _etc.
1347 2705 1486 2741 Quatenus
1503 2706 1616 2737 scilicet,
1632 2706 1758 2741 ἥγνισαν,

976 2738 1155 2775 ἀνεκῄρυξαν,
1183 2740 1230 2766 ἐπὶ
1257 2739 1349 2775 θρόνον
1374 2740 1480 2772 ἔθεσαν,
1511 2750 1520 2765 ι
1539 2738 1758 2774 purilicaverunt.

976 2773 1221 2808 proclatuaverunt,
1238 2775 1264 2802 in
1274 2773 1377 2803 'lhrono
1389 2773 1568 2803 collocarunt.
1588 2785 1598 2801 ι

1011 2807 1065 2874 (76)
1080 2806 1140 2848 οζς.
1158 2809 1223 2844 Reg.
1240 2818 1266 2843 a,
1280 2810 1327 2842 ὡς.

1011 2843 1054 2874 (77
1079 2843 1150 2871 Των.
1165 2844 1211 2871 Sic
1223 2844 1269 2872 0r.
1285 2846 1310 2871 ι.
1325 2846 1327 2871 l

1010 2843 1065 2883 (ΖΞ)
1079 2843 1150 2883 [ὧν.
1165 2843 1211 2871 Sic
1223 2844 1269 2883 Qr.
1285 2846 1310 2871 l.
1325 2845 1403 2883 Deest
1414 2845 1440 2883 in
1450 2846 1492 2873 ed.

1011 2877 1067 2911 (78)
1083 2880 1327 2911 Γιγνωσκόντων.
1343 2879 1408 2910 Rea.
1423 2881 1477 2909 btn.
1490 2880 1687 2908 γινωσκόντων.
