2049 3143
155 162 225 190 1055
615 161 746 190 ORATIO
766 161 860 189 XVIII.
882 177 916 181 —
935 159 1108 188 FUNEBRIS
1129 159 1162 186 IN
1183 159 1338 188 PATREM.
1725 164 1792 191 I034

106 257 112 261 ἱ
156 227 198 248 tus
229 221 338 255 quidem
367 220 515 254 norat.qui
535 228 600 248 suns
631 226 703 248 esset
727 221 831 256 (quidni
844 219 947 254 enim?)
969 221 1004 246 At
1035 219 1133 246 invidia
1158 218 1322 252 obsistebat;
1349 227 1464 254 quorum
1489 225 1591 253 autem,
1623 220 1714 249 dicere
1743 230 1794 256 pu-

155 272 222 297 det:
238 276 319 303 atque
333 269 435 295 utinam
453 276 503 296 nec
517 276 550 296 ex
565 269 679 296 aliorum
693 276 830 299 sermone.
843 269 887 303 qui
919 275 961 295 res
982 271 1091 295 nostras
1109 268 1229 295 studiose
1243 267 1429 302 proscindunt,
1448 268 1473 295 id
1499 269 1592 296 audire
1614 269 1716 296 liceret.
1739 270 1793 297 Sed

157 317 225 349 haec,
257 321 286 342 ut
313 315 358 343 illa
391 315 467 342 ﬂuvii
502 323 590 349 saxa,
625 325 685 351 qua:
711 318 737 344 in
766 317 856 344 medio
877 316 978 344 lluento
1006 320 1172 348 occurrunt,
1202 321 1411 350 praetereamus,
1440 321 1521 350 atque
1551 324 1599 348 ea,
1625 315 1706 351 357
1735 325 1794 351 qua:

155 364 290 392 oblivione
305 363 384 397 digna
397 367 471 395 sunt,
487 362 599 390 silentio
614 370 781 397 premamus,
797 367 825 389 et
844 361 879 388 ad
896 369 939 394 ea,
960 369 1021 397 qua:
1035 360 1164 395 deinceps
1184 366 1351 396 sequuntur.
1370 361 1585 396 progrediamur.

191 407 262 442 AG".
280 407 356 444 ᾚδει
384 407 419 434 τὰ
450 407 497 434 τοῦ
521 408 680 443 Πνεύματος
708 407 831 443 ἀκριϐῶς
859 407 873 433 ὁ
904 406 951 433 τοῦ

1041 405 1162 434 XXXVI.
1175 405 1262 433 Probe
1281 407 1385 434 sciebat
1406 407 1450 434 vir
1469 407 1621 441 spiritualis
1647 415 1708 442 qua:
1731 407 1795 444 Spi-

157 455 331 490 Πνεύματος’
350 454 399 480 καὶ
420 454 464 481 διὰ
482 454 562 481 τοῦτο
589 453 671 490 μηδὲν
691 453 818 480 ταπεινὸν
843 455 951 489 φρονεῖν

156 500 224 536 ᾢετο
239 500 303 531 δεῖν,
320 500 387 536 μηδὲ
403 499 475 526 κατὰ
492 500 636 531 συστάσεις
656 499 712 535 (90)
738 500 784 526 καὶ
803 499 952 535 προλήψεις

159 546 302 582 μάχεσθαι,
320 546 411 582 χάριτι
430 546 511 574 πλέον
527 546 543 582 ἢ
557 545 617 581 Θεῴ
632 546 779 581 νέμοντας·
797 544 866 571 ἀλλὰ
884 545 952 580 πρὸς

157 593 186 619 ἓν
199 593 309 628 βλέπειν
325 593 415 628 μόνον,
427 593 458 619 τὸ
472 593 526 620 τῶν
542 591 711 628 Ἐκκλησιῶν
723 591 827 626 δῳελος,
845 591 891 618 καὶ
904 591 953 626 τὴν

157 639 250 676 κοινὴν
267 639 415 675 σωτηρίαν.
430 638 479 666 Διὰ
493 638 572 665 τοῦτο
589 638 718 674 ἔγραφεν,
737 637 880 669 ἐνουθέτει,
894 646 954 663 συν-

158 684 263 722 ήρμοζε
285 685 330 712 τὸν
348 685 422 718 λαδν,
449 685 513 716 τοὺς
536 684 626 720 ἱερέας
646 684 713 719 (91),
730 683 793 715 τούς
810 691 839 709 τε
857 683 952 714 ἄλλους

158 732 206 758 καὶ
218 732 275 758 ὅσοι
287 731 334 758 τοῦ
347 731 482 767 βήματος,
501 730 710 766 διεμαρτύρετο,
725 729 873 766 ἐψηφίζετο
884 729 950 763 (92),

158 777 320 813 ἐχειροτόνει
343 778 389 804 καὶ
414 777 498 813 μήπω
522 776 634 813 παρών·
661 777 747 803 ἐδίδου
768 777 800 812 τῇ
820 775 901 811 πολιᾷ
922 776 953 801 τὸ

158 823 338 855 ὲναυθεντεῖν,
352 824 391 855 ὡς
410 823 529 855 οίκείοις,
547 825 604 854 τοῖς
617 821 777 858 ἀλλοτρίοις.
792 822 847 849 Καὶ
866 821 951 854 τέλος,

159 870 254 906 ἐπειδὴ
274 869 420 906 κανονικὴν
434 869 487 896 ἔδει
504 868 631 903 γενέσθαι
651 869 700 904 τὴν
714 868 879 904 χειροτονίαν
897 868 952 903 (95)

159 916 244 952 αὐτῷ,
259 916 398 948 λείποντος
414 916 474 948 ἐνὸς
492 915 546 951 (ΞΜ)
565 914 603 950 τῷ
622 914 732 950 ἀριθμῷ
746 914 800 941 τῶν
813 915 953 949 ἀνακηρυ-

120 956 123 970 ί
159 963 268 997 ξόντων,
283 962 329 989 τοῦ
347 962 497 997 σκίμποδος
512 961 608 988 ἑαυτὸν
623 960 797 992 ἀποσπάσας,
817 961 891 995 γήρα
907 959 953 986 καὶ

159 1008 230 1043 νόσῳ
256 1006 487 1043 συντετριμμένος
514 1006 580 1042 (95),
601 1006 648 1033 ἐπὶ
669 1005 717 1041 τὴν
732 1005 807 1032 πόλιν
822 1005 952 1036 νεανικῶς

160 1055 229 1082 ῖεται
238 1062 244 1070 ·
261 1054 361 1090 μᾶλλον
372 1053 400 1080 δὲ
411 1053 524 1089 φέρεται
534 1052 623 1088 νεκρῷ
630 1052 669 1088 τῷ
681 1051 799 1088 σώματι,
810 1051 856 1077 καὶ
867 1051 954 1086 μικρὰ

1005 453 1074 480 ritus
1084 457 1176 485 erant;
1189 453 1224 480 ob
1237 453 1318 488 idque
1339 453 1477 480 demissos
1501 461 1596 480 omnes
1624 459 1652 481 et
1671 454 1794 490 abjcctos

1004 499 1089 525 anitni
1102 507 1202 526 sensus
1214 498 1383 534 abjiciendos
1400 507 1462 527 esse
1480 499 1635 534 judicabat,
1653 508 1702 528 nec
1727 508 1794 528 con~

1004 545 1151 573 venticulis
1178 550 1205 572 et
1229 545 1386 580 auticipatis
1419 545 1596 580 opinionibus
1620 548 1793 580 certandum,

1005 599 1055 619 nec
1069 592 1128 626 plus
1147 591 1247 623 favori,
1265 599 1348 627 quam
1369 592 1433 624 Deo,
1446 592 1618 619 tribuendum
1631 601 1638 625 ;
1654 594 1700 621 sed
1713 602 1793 621 uuam

1005 642 1110 665 tantum
1126 638 1254 665 Ecclesia:
1270 639 1429 671 utilitatem,
1440 647 1471 665 ac
1484 646 1656 666 communem
1672 641 1794 668 omnium

1004 684 1120 713 salutem
1139 685 1174 711 ob
1195 685 1288 713 oculos
1312 686 1476 720 ponendam.
1494 686 1533 712 Ac
1556 687 1671 720 proinde
1686 686 1795 715 litteras

1004 728 1151 761 scribebat,
1176 731 1314 762 monebat,
1343 730 1509 757 conciliabat
1540 731 1682 765 populum,
1705 740 1796 760 sacer-

1005 775 1081 802 dotes
1096 780 1123 802 et
1136 775 1266 810 reliquos,
1286 782 1422 811 quotquot
1445 783 1524 806 erant
1546 778 1650 811 clerici,
1669 779 1795 806 testimo-

1004 820 1078 847 nium
1095 821 1212 854 diccbat,
1230 821 1390 855 sull'ragium
1404 822 1519 854 ferebat.
1541 823 1686 851 ordinabat
1710 825 1794 852 etiam

1004 867 1094 894 adhuc
1109 867 1219 901 absens,
1237 869 1372 895 senectuti
1388 869 1440 896 hoc
1454 870 1546 900 dabat.
1556 875 1584 897 ut
1595 871 1666 905 apud
1678 870 1794 905 alienos,

1005 918 1134 949 tanquam
1149 914 1218 948 apud
1233 922 1307 946 suos,
1320 915 1482 942 auctoritate
1501 921 1634 942 uteretur.
1660 915 1793 952 Denique,

1004 960 1132 994 quoniam
1154 959 1352 987 ordinationem
1371 961 1530 988 cauouicatn
1556 969 1618 990 esse
1639 963 1792 997 oportebat.

1005 1012 1066 1032 cum
1084 1013 1154 1032 unus
1165 1013 1198 1032 ex
1213 1013 1308 1032 eorum
1329 1013 1455 1039 numero,
1482 1007 1528 1041 qui
1550 1008 1706 1043 episcopum
1729 1017 1794 1043 pro-

1005 1050 1149 1077 clamaturi
1162 1056 1251 1082 erant,
1267 1051 1479 1083 desideraretur,
1498 1058 1640 1081 senectute
1655 1058 1682 1082 et
1698 1056 1793 1082 morbo

159 1100 268 1126 πνέοντι
280 1108 285 1114 ·
299 1099 380 1126 καλὸν
396 1098 522 1134 ἐντάφιον
537 1097 621 1132 αὐτῷ,
640 1097 692 1124 κᾶν
703 1097 729 1123 εί
741 1105 766 1123 τι
779 1096 833 1122 δέοι
845 1095 951 1127 παθεῖν,

1006 1096 1120 1129 fractus,
1136 1104 1152 1124 ο
1169 1097 1271 1124 lectulo
1285 1105 1314 1124 se
1328 1099 1473 1130 abstrahit,
1487 1104 1570 1134 atque
1584 1101 1618 1127 ad
1633 1100 1728 1128 urbem
1747 1101 1793 1136 ju-

159 1145 209 1181 τὴν
223 1144 339 1180 σπουδὴν
350 1143 457 1179 ἐκείνην
467 1142 576 1170 ἔσεσθαι
592 1142 784 1177 πεπεισμένος.
802 1141 907 1167 Γίνεται
925 1141 953 1167 δέ

158 1199 185 1218 τι
208 1189 347 1218 κάνταῦθα
373 1191 484 1225 σημεῖον
504 1189 553 1215 οὐκ
565 1187 782 1222 ἀπιστούμενον·
803 1187 952 1214 Ῥώννυται

159 1237 199 1273 τῷ
216 1237 300 1272 πόνῳ,
315 1236 406 1268 νεάζει
428 1236 460 1271 τῇ
477 1235 626 1272 προθυμίᾳ,
645 1235 790 1268 οἰκονομεῖ,
810 1233 953 1268 παρατάσ-

162 1291 247 1314 σεται,
260 1281 366 1317 τίθησιν
375 1282 422 1308 ὲπὶ
434 1281 480 1308 τοῦ
493 1281 588 1316 θρόνου
602 1280 670 1315 (96),
685 1280 890 1315 προπέμπεται,
904 1280 953 1305 οὐκ

161 1330 201 1356 ἔτι
218 1329 290 1365 σορῷ
301 1328 341 1364 τῷ
351 1327 463 1364 φορείῳ,
477 1326 587 1362 κιϐωτῷ
598 1327 626 1353 δὲ
638 1327 698 1362 θείᾳ
708 1327 887 1362 χρησάμενος.
903 1327 953 1352 Ἠν

160 1376 188 1403 δὲ
202 1375 265 1412 ἄρτι
281 1374 472 1411 μακροθυμίαν
484 1372 604 1400 ἐπαινῶν
616 1373 789 1408 ἐπαυσάμην,
802 1371 903 1407 ταύτην
915 1372 955 1398 ἐν·

160 1421 248 1449 ταῦθα
271 1421 318 1448 καὶ
347 1420 427 1448 πλέον
446 1420 592 1447 δείκνυσιν.
612 1419 650 1446 υὺ
671 1419 726 1454 γὰρ
744 1418 880 1454 φερόντων
900 1418 954 1445 τῶν

162 1466 377 1502 συλλειτουργῶν
389 1466 438 1502 τὴν
451 1465 584 1501 αἰσχύνην
605 1465 653 1500 τῆς
669 1465 764 1500 ἥττης,
787 1464 834 1490 καὶ
859 1464 907 1499 τὴν
926 1464 955 1489 ὲν

161 1515 217 1545 τοῖς
228 1513 372 1549 πράγμασι
386 1512 433 1539 τοῦ
445 1512 572 1548 γέροντος
584 1511 754 1543 δυναστείαν,
774 1511 820 1537 κα¹ι
834 1510 879 1537 διὰ
896 1510 955 1536 τοῦ-

160 1567 191 1586 το
205 1559 437 1595 δυσχεραινόντων
450 1557 525 1592 αὐτῷ
542 1557 589 1584 καὶ
601 1557 826 1592 λοιδορουμένων,
846 1556 955 1591 ἴσχυσεν

160 1603 200 1637 οἷς
214 1605 359 1641 ἐκαρτέρει
384 1604 432 1631 καὶ
451 1603 554 1630 τούτων
570 1603 698 1638 ὑπεράνω
714 1602 851 1637 γενέσθαι,
875 1602 956 1638 μέγι-

161 1660 224 1678 στον
235 1650 324 1686 εὑρὼν
341 1651 381 1682 εῑς
398 1650 558 1686 συμμαχίαν
570 1650 618 1686 τὴν
629 1649 788 1681 ἐπιείκειαν,
810 1649 856 1675 καὶ
871 1649 901 1674 τὸ
918 1648 955 1684 μὴ

160 1697 352 1732 ἀντιλοιδορεῖν
362 1695 567 1731 λοιδορούμενον
580 1695 646 1730 (97).
662 1695 695 1721 Τί
711 1694 765 1729 γὰρ
777 1691 846 1721 εἶναι
859 1693 953 1724 δεινὸν,

161 1744 185 1770 εἰ
201 1744 256 1774 τοῖς
272 1743 415 1778 πράγμασι
431 1744 557 1777 νικήσας,
575 1741 695 1789 φέροιΞῇ
710 1739 820 1776 γλώσσῃ
837 1739 955 1789 νιριώμε-
969 1760 991 1789 C

160 1798 204 1821 νος
214 1810 222 1821 ,
237 1788 389 1824 Τοιγαροῦν
405 1787 477 1814 οὕτω
489 1786 633 1817 κάκείνους
646 1783 702 1812 εἷλε
714 1787 747 1820 τῇ
766 1785 953 1820 μακροθυμία,

161 1834 321 1871 προσλαϐὼν
346 1834 394 1861 καὶ
410 1833 455 1860 τὸν
475 1833 570 1868 χρόνον
591 1832 642 1868 τῆς
661 1831 775 1866 γνώμης
793 1832 952 1866 σύμμαχον,

161 1881 232 1908 ὥστε
248 1880 442 1915 ἀπελογοῦντο,
463 1879 660 1914 προσέπιπτον,
683 1877 897 1913 μεταϐάλλοντες
914 1878 954 1908 εἰς

162 1927 254 1963 θαῦμα
271 1928 320 1962 τὴν
337 1925 534 1961 ἀγανάκτησιν.
554 1923 716 1959 ᾘσχύνοντο
726 1924 782 1954 τοῖς
798 1922 951 1958 προτέροις,

162 1974 280 2010 ἐχρῶντο
301 1971 469 2009 πατριάρχῃ,
488 1970 535 1997 καὶ
555 1969 695 2005 νομοθέτῃ,
717 1969 765 1996 καὶ
780 1968 907 2004 δικαστῇ,
923 1968 953 1994 τὸ

164 2023 252 2057 μισεῖν
263 2019 476 2057 ἀπορρίψαντες.

1006 1143 1086 1170 venili
1118 1144 1211 1178 vigore
1241 1145 1397 1176 contendit;
1429 1145 1471 1171 vel
1491 1146 1580 1180 potius
1599 1154 1706 1174 mortuo
1734 1155 1795 1174 wr—

1005 1197 1080 1223 pore,
1100 1197 1131 1216 ac
1149 1190 1286 1224 paululum
1307 1191 1427 1224 spirante
1451 1192 1545 1224 I’ertur,
1566 1193 1688 1226 prarclari
1715 1193 1794 1221 fune-

1005 1235 1044 1262 ris
1059 1235 1119 1262 loco
1135 1236 1256 1263 studium
1275 1237 1346 1264 istud
1364 1244 1396 1264 ac
1411 1237 1580 1272 diligentiam
1594 1238 1646 1265 sibi
1661 1238 1719 1267 fore
1731 1247 1794 1274 per-

1005 1281 1133 1313 suadens,
1151 1282 1231 1309 ctiam
1247 1282 1269 1309 si
1280 1283 1345 1317 quid
1360 1283 1424 1310 mali
1444 1284 1494 1318 ipsi
1509 1284 1620 1311 fortuito
1639 1286 1793 1313 accidisset.

1005 1326 1056 1355 llic
1071 1336 1179 1362 quoque
1193 1328 1300 1363 signum
1319 1329 1453 1363 quoddam
1472 1331 1571 1363 editur,
1588 1331 1633 1358 cui
1663 1332 1728 1360 fides
1743 1333 1795 1360 mi-

1006 1375 1080 1402 nime
1103 1375 1259 1410 abroganda
1280 1379 1330 1402 est.
1348 1375 1384 1402 Ex
1414 1376 1506 1404 labore
1530 1379 1611 1405 robur
1645 1385 1794 1414 comparat,

1006 1419 1146 1447 alacritate
1161 1421 1284 1454 vigescit,
1301 1422 1443 1456 negotium
1461 1422 1647 1455 administrat,
1673 1424 1708 1451 ad
1729 1432 1796 1452 con-

1006 1465 1108 1492 llictum
1122 1474 1151 1493 se
1167 1471 1256 1499 parat,
1275 1466 1302 1493 in
1317 1466 1414 1494 throno
1431 1467 1559 1499 collocat,
1576 1469 1687 1496 domum
1717 1471 1797 1497 redu-

1006 1513 1087 1544 citur,
1104 1513 1243 1544 vcliiculo,
1258 1520 1313 1539 non
1327 1513 1382 1547 jam
1401 1518 1430 1540 ut
1446 1515 1561 1546 tumulo,
1581 1516 1629 1542 sed
1642 1520 1670 1541 ut
1681 1523 1746 1542 arca
1758 1517 1798 1543 di-

1006 1559 1067 1585 vina
1089 1566 1163 1585 usus.
1180 1558 1268 1592 Quam
1297 1562 1387 1586 autem
1415 1559 1553 1587 leuitatem
1579 1562 1659 1589 modo
1688 1562 1798 1590 laudare

1007 1603 1085 1636 desii,
1097 1611 1156 1631 eam
1168 1605 1212 1630 hic
1226 1610 1336 1637 quoque
1364 1604 1480 1638 amplius
1500 1604 1708 1632 demonstravit.
1726 1607 1795 1634 Cum

1007 1651 1078 1678 enim
1107 1650 1192 1685 ipsius
1230 1650 1342 1685 collega:
1370 1651 1556 1678 contentionis
1586 1651 1670 1683 illius,
1698 1652 1798 1687 inqua

1007 1696 1071 1723 victi
1087 1695 1202 1727 fuerant,
1222 1696 1412 1730 ignominiam,
1447 1704 1572 1731 eamque,
1603 1705 1685 1730 quant
1713 1705 1798 1726 senex

1008 1742 1052 1769 ille
1078 1742 1204 1769 omnibus
1236 1742 1263 1768 in
1291 1742 1371 1768 rebus
1387 1742 1538 1775 obtinebat,
1557 1744 1751 1771 auctoritatem
1771 1749 1799 1771 et

1009 1788 1154 1822 potentiam
1172 1788 1264 1822 iniquo
1281 1787 1372 1814 animo
1398 1788 1511 1820 ferrent,
1530 1789 1565 1815 ob
1591 1788 1672 1822 idque
1688 1789 1738 1822 ipsi
1759 1791 1800 1816 in-

1010 1833 1077 1860 feusi
1101 1838 1205 1864 essent,
1237 1840 1269 1859 ac
1303 1833 1434 1861 conviciis
1459 1842 1521 1860 cum
1544 1835 1723 1868 incesserent,
1752 1843 1800 1863 eos

1008 1887 1116 1914 quoque
1131 1880 1262 1913 patientia
1281 1888 1329 1906 sua
1354 1880 1503 1913 superavit,
1531 1881 1679 1908 niaximum
1709 1882 1799 1909 subsi~

1009 1925 1082 1952 tIIlltll
1103 1929 1208 1957 nactus,
1227 1925 1330 1952 scilicet
1350 1926 1586 1953 mansuetudinem
1599 1933 1629 1954 et
1646 1929 1718 1962 quod
1744 1933 1817 1955 ωτι-⁸

1009 1970 1114 1998 ledictis
1140 1970 1282 1998 lacessitus
1305 1971 1449 1998 maledicta
1472 1980 1525 1999 non
1549 1978 1697 2008 regereret.
1729 1974 1798 2007 Quid

1009 2016 1082 2044 enim
1101 2017 1151 2050 ipsi
1168 2024 1251 2050 grave
1273 2022 1357 2050 esset,
1379 2017 1413 2049 si,
1431 2025 1492 2044 cum
1507 2019 1588 2046 rebus
1607 2020 1728 2052 vicisset,
1746 2021 1799 2047 liu-
1811 2029 1817 2037 '

163 2077 214 2104 gua
229 2069 337 2097 sevinci
358 2066 518 2104 pateretur?
536 2065 718 2099 Quamobrem
745 2065 785 2092 sic
812 2072 860 2092 eos
888 2072 998 2100 quoque
1016 2064 1127 2092 lenitate
1150 2073 1200 2092 sua
1233 2070 1260 2092 et
1282 2065 1413 2100 patientia
1444 2067 1524 2101 cepit,
1542 2068 1628 2095 ascito
1650 2069 1800 2103 praesertim

162 2117 196 2144 ad
216 2117 357 2145 sententia:
374 2123 430 2144 sum
440 2114 569 2142 auxilium
590 2118 721 2148 tempore,
738 2118 767 2139 ut
801 2113 1015 2147 indignationem
1036 2113 1063 2140 in
1098 2113 1306 2140 admirationem
1334 2117 1536 2144 convertentes,
1569 2121 1629 2142 sese
1646 2115 1697 2149 ipsi
1723 2122 1801 2142 excu-

163 2167 265 2195 sarent,
293 2162 409 2197 genibus
427 2160 510 2197 358
537 2161 756 2193 advolverentur,
774 2161 891 2195 "pudore,
915 2161 950 2187 ob
982 2168 1012 2188 ea
1054 2168 1114 2196 qua;
1141 2161 1216 2196 prius
1247 2161 1434 2194 admiserant,
1467 2161 1702 2195 suﬂ'undereutur,
1729 2163 1800 2198 abjc-

163 2209 269 2243 ctisque
288 2209 370 2239 odiis,
384 2217 418 2236 eo
447 2209 613 2244 patriarcha,
636 2208 792 2244 ItthaIaIOI‘e
819 2213 847 2234 et
876 2209 967 2243 judice
986 2213 1139 2236 uterentur.

199 2257 259 2284 AZ’.
278 2255 331 2283 Τοῦ
356 2256 384 2282 δὲ
405 2255 487 2282 αὑτοῦ
508 2255 589 2291 ζήλου
608 2255 656 2282 καὶ
673 2256 689 2291 ἡ
706 2255 776 2282 κατὰ
792 2255 845 2282 τῶν
860 2256 959 2290 αἱρετι-

1049 2254 1181 2282 XXXVII.
1204 2255 1332 2290 Ejusdem
1347 2263 1429 2289 porro
1445 2255 1495 2283 zeli
1510 2263 1542 2283 ea
1567 2255 1638 2283 Illius
1662 2257 1800 2284 contentio

200 2337 256 2372 (90)
276 2336 453 2370 Συστάσεις.
465 2337 514 2364 Sic
531 2337 596 2372 Reg.
611 2345 637 2370 a,
654 2337 709 2368 btn,
726 2336 778 2362 duo
794 2334 889 2368 Coisl.,
910 2335 956 2362 0r.
975 2337 997 2364 D
1012 2342 1073 2372 runt
1094 2343 1144 2362 cur
1164 2335 1267 2370 Billius,
1279 2337 1321 2364 vir
1341 2337 1436 2365 doctus
1451 2343 1484 2362 ac
1495 2336 1564 2369 pius.
1580 2336 1732 2370 posthabito
1750 2336 1799 2364 Ec-

168 2372 193 2399 I.
208 2373 235 2399 In
248 2374 292 2400 ed.
311 2373 384 2403 Par"
398 2373 565 2404 συστάσεως.

203 2407 260 2443 (91)
278 2407 351 2440 Τοὺς
367 2407 472 2441 ἱερέας,
489 2414 541 2435 etc.
557 2407 660 2440 Ilillius,
684 2405 885 2443 «LVSacerdotrs,
899 2410 953 2443 tum

168 2440 322 2474 alius,'tum
333 2451 380 2470 eos
391 2440 446 2477 ’qui
468 2443 563 2470 altaris
576 2447 648 2470 sunt.
668 2451 677 2467 ι
695 2440 823 2477 Displicet
842 2441 899 2467 ltzec
913 2441 954 2467 iu-

167 2478 338 2512 terpretatio,
357 2476 433 2512 quasi
462 2477 559 2512 duplex
571 2482 643 2505 esset
664 2476 835 2512 sacerdotum
860 2483 954 2509 genus,

167 2510 281 2546 quorum
297 2513 341 2539 alii
353 2510 407 2540 sint
422 2510 525 2544 altaris,
541 2513 584 2540 alii
601 2520 654 2539 non
669 2512 732 2539 sint.
749 2510 826 2541 Nam,
845 2516 873 2537 ut
884 2516 956 2537 recte.

168 2545 294 2575 observat
310 2548 394 2580 Elias,
406 2556 454 2582 per
467 2557 476 2573 ι
496 2549 667 2575 saeerdotmn
686 2556 695 2572 ι
714 2545 886 2576 vocabulum.
901 2554 954 2573 non

168 2584 239 2611 solos
248 2581 542 2618 saeerdotes’iutelligit
561 2583 726 2617 GregOrius;
745 2581 791 2618 sed
804 2583 887 2618 etiam
900 2581 956 2618 dia-

169 2626 262 2650 conos,
281 2618 470 2651 subdiaconos,
486 2615 691 2650 le'ctoresf'etc.
710 2626 719 2642 ‹
743 2615 886 2649 Quocirca,
916 2617 956 2643 iu-

168 2655 236 2688 quit,
254 2654 352 2680 merito
370 2654 542 2681 sacerdotum
567 2652 676 2680 ll0lltIlle
688 2659 788 2688 sacros
802 2659 896 2688 omnes
909 2660 955 2678 or-

168 2686 243 2727 dines
255 2690 470 2727 comprehendit,
493 2693 522 2716 ut
538 2690 594 2727 _qui
624 2687 694 2715 sacri
715 2686 835 2727 _catalogi
857 2687 922 2713 sint.
935 2697 954 2727 ¹ι

168 2722 268 2751 Oumes
279 2722 362 2755 etiitn,
379 2729 434 2751 tutu
449 2722 604 2762 sacerdotes
624 2729 681 2749 tum
698 2722 802 2762 clerici,
820 2729 881 2748 cum
896 2723 956 2756 epi-

169 2766 260 2821 scq’po,
288 2762 472 2794 unusquisqee
493 2760 520 2787 in
541 2760 636 2787 ordine
651 2765 712 2790 suo,
733 2760 818 2784 sacris
847 2764 956 2791 operam

187 2803 201 2820 a
222 2799 277 2821 ant.

187 2799 277 2821 abant.

205 2829 260 2864 (9i)
281 2828 463 2864 Έψηφιζετο,
477 2830 587 2858 Billius:
613 2839 622 2855 ι
642 2828 828 2856 decernebam

205 2863 260 2900 (95)
277 2863 477 2897 Χειροτονίαν.
499 2875 508 2891 ‹
533 2865 748 2896 Ordinatioucm,
771 2863 954 2900 consecratio-

171 2897 275 2927 nem.)
293 2900 339 2928 Sic
352 2908 387 2928 ex
402 2908 481 2927 sacro
501 2900 628 2928 Ecclesiae
647 2907 696 2926 usu
718 2900 887 2926 vertendum.
903 2897 952 2926 lili-

370 2948 507 2977 Pnnoc.
537 2948 595 2978 Gn.
620 2945 756 2983 XXXVL

1011 2370 1099 2397 clcsize
1117 2379 1177 2404 usu,
1197 2371 1295 2406 ubique
1315 2377 1402 2400 vertat
1422 2381 1428 2399 :
1452 2380 1462 2396 ι
1481 2373 1650 2404 electionem,
1677 2381 1686 2397 ι
1708 2372 1801 2398 utCal-

1011 2406 1118 2434 viuisue
1139 2407 1312 2439 interpretari
1325 2412 1427 2434 autaut.

1046 2440 1102 2475 (94)
1116 2443 1279 2475 Asiam-tog
1293 2443 1372 2475 ἑνός,
1388 2447 1439 2469 etc.
1458 2441 1496 2468 Ex
1515 2449 1591 2468 conc.
1615 2441 1717 2469 Nicmn.
1735 2449 1798 2469 can.

1005 2476 1032 2506 4.
1057 2482 1112 2504 tres
1135 2479 1344 2511 requirebantur
1361 2478 1479 2512 episcopi
1496 2477 1530 2503 ad
1547 2478 1670 2510 pra-sutis
1689 2478 1801 2504 ordina-

1006 2511 1120 2543 tionem,
1140 2513 1241 2539 scilicet
1259 2513 1292 2539 ad
1308 2511 1520 2543 solemnitatem,
1539 2520 1591 2539 non
1608 2520 1672 2540 vero
1698 2514 1731 2539 ad
1752 2521 1797 2539 or—

1005 2546 1153 2574 dinationis
1167 2549 1324 2574 essentiam.
1342 2547 1410 2575 Cum
1431 2547 1513 2581 igitur
1531 2548 1563 2573 ad
1585 2548 1799 2574 consecrandqu

1006 2581 1147 2614 Basiliam,
1162 2591 1233 2610 unus
1253 2584 1371 2615 deesset,
1389 2582 1526 2609 advolavit
1545 2581 1696 2612 Gregorius
1710 2589 1797 2616 pater,

1005 2617 1062 2644 sive
1081 2623 1110 2644 ut
1135 2619 1231 2645 tertius
1248 2618 1367 2648 adesset.
1398 2618 1456 2644 sive
1476 2625 1508 2644 ue
1528 2618 1648 2652 episcopi
1675 2618 1720 2652 qui
1745 2625 1800 2651 prze

1005 2652 1106 2680 invidia
1117 2653 1216 2679 Basilio
1230 2653 1456 2683 adversabantur,
1478 2660 1590 2680 numero
1610 2653 1798 2687 prrevalereut.

1041 2686 1096 2723 (95)
1127 2687 1391 2725 Συντετριμμένος.
1425 2687 1506 2715 Coisl.
1541 2687 1566 2719 1,
1601 2686 1800 2724 συντετριμμέ-

1011 2731 1056 2749 νῦν
1060 2742 1066 2748 .

1047 2758 1101 2791 (96)
1130 2757 1184 2784 Τοῦ
1209 2759 1327 2792 θρονου.
1355 2758 1423 2794 Reg.
1456 2767 1483 2792 a,
1513 2759 1568 2791 bm,
1593 2759 1675 2787 Coisl.
1706 2760 1732 2790 I.
1757 2759 1801 2786 τὸν

1009 2793 1112 2828 θρόνον.

1044 2829 1099 2864 (97)
1131 2829 1380 2864 Λοιδορούμενον.
1411 2829 1524 2861 Coisliu.
1561 2835 1597 2863 1,
1627 2830 1804 2867 λοιδορούμε-

1007 2872 1059 2895 νος.

1608 2945 1646 2976 33
