2049 3143
203 141 272 169 1035

803 139 832 166 S.
852 138 1018 166 GREGORII
1036 138 1212 166 THEOLOGI

1753 137 1822 166 1036

205 200 266 231 fuit,
280 205 331 234 qua
346 205 376 226 se
396 197 530 225 haereticis
551 201 608 225 tum
633 200 771 234 opposuit,
786 206 848 225 cum
874 198 911 224 illi
931 205 984 223 una

1051 198 1092 224 :tTw
1109 197 1244 228 ἔνστασις,
1263 197 1344 232 ἡνίκα
1360 197 1578 232 ἐπεστράτευσαν
1594 196 1648 231 (98)
1665 198 1731 232 ἡμῖν
1755 198 1823 232 μετὰ
1847 232 1848 237 η

204 252 265 272 cum
280 244 453 279 imperatoria
470 244 608 278 impietate
631 244 830 278 expeditionem
856 244 986 270 adversus

205 297 254 317 nos
271 293 457 323 susceperunt,
471 293 597 324 tanquam
621 298 671 317 nos
688 298 797 325 quoque
823 290 848 316 in
870 294 986 324 potesta-

205 341 258 362 tem
283 341 360 361 suam
384 334 530 366 redacturi,
549 335 674 369 aliisque,
695 335 752 370 jam
781 335 838 361 fere
861 334 988 361 omnibus

206 382 335 408 servitute
359 381 504 415 oppressis,
525 381 689 415 adjuncturi.
712 379 778 407 Nam
807 380 851 407 hic
879 385 986 414 quoque

207 434 260 454 non
274 434 359 462 parvo
374 426 452 454 nobis
468 426 626 461 adjumento
643 426 704 459 fuit,
724 431 779 453 tum
795 433 844 460 per
861 432 891 452 se
919 424 987 459 ipse,

208 479 263 499 tum
280 480 328 505 per
352 479 401 498 nos
417 472 499 499 etiam
527 471 652 503 fortasse,
679 478 760 506 quos,
780 475 907 505 tanquam
936 477 988 496 non

208 519 318 554 ignavos
344 525 376 544 ac
401 517 546 551 degeneres
563 517 676 549 catulos,
711 517 737 543 in
759 516 830 547 illos,
858 515 931 542 velut
961 515 987 541 in

208 563 372 592 saevissimas
384 563 455 591 feras
469 563 642 595 immittebat,
659 562 693 590 ad
713 563 842 598 pietatem
861 561 988 588 nimirum

208 610 260 637 hac
285 610 390 636 ratione
420 617 469 636 nos
496 617 637 636 exercens.
668 608 757 636 Unmn
788 607 886 641 habeo,
918 606 989 642 quod

208 655 315 688 utrique
343 661 531 685 succenseam;
557 661 588 680 ac
605 658 667 688 pcto
692 661 707 679 a
730 653 817 684 vobis,
846 659 879 679 ne
902 659 989 679 meam

210 701 278 726 hanc
298 699 404 726 dicendi
431 698 583 725 libertatem
602 705 673 732 :egre
696 697 806 729 feralis;
831 703 990 732 expromam

208 745 280 772 enim
301 744 382 771 animi
408 743 538 775 dolorem,
557 743 662 770 etiamsi
688 743 778 777 gravis
804 750 836 769 ac
861 742 991 769 molestus

209 791 252 818 hic
268 797 357 818 sermo
372 791 476 817 futurus
488 790 543 822 sit;
563 796 659 823 nempe
671 789 742 823 quod
761 796 805 816 me
827 789 906 822 hujus
930 788 992 815 vitae

209 838 280 864 mala
319 838 412 872 iniquo
455 836 547 862 animo
583 835 727 868 ferentem,
769 842 800 862 ac
838 833 992 861 solitudinis

210 889 302 911 amore
324 871 493 917 ﬂagrantem,
522 888 575 915 quo
601 880 671 907 haud
698 881 756 908 scio
787 887 821 906 an
847 879 989 914 quisquam
1007 871 1028 898 Β

210 934 310 958 nostrae
323 929 410 956 aetatis
429 928 508 959 alius,
524 933 749 960 communemque
763 926 832 953 hanc
844 929 989 959 tempesta-

211 980 264 1002 tem
281 980 309 1002 et
322 974 469 1009 pulverem,
484 979 564 1006 quam
581 971 724 999 celerrime
745 976 877 1006 poteram,
891 971 988 1004 vitare,

211 1024 290 1054 atque
318 1020 344 1045 in
370 1023 455 1045 tutum
490 1017 578 1044 locum
607 1016 752 1050 confugere
775 1016 875 1043 obnixo
902 1017 991 1043 studio

211 1064 428 1094 contendentem,
449 1062 540 1090 nescio
560 1069 614 1096 quo
629 1067 708 1096 pacto
730 1063 755 1088 in
783 1062 832 1088 hoc
855 1068 937 1096 grave
967 1066 994 1088 et

212 1111 369 1138 insidiosum
389 1110 539 1136 animarum
556 1107 644 1134 fortun
659 1115 707 1142 per
723 1107 874 1141 speciosum
901 1113 994 1134 sacer-

1038 243 1088 276 τῆς
1113 243 1255 278 βαπιλικῆς
1278 243 1414 275 ἀσεϐείας,
1443 243 1480 274 ὡς
1501 243 1750 277 καταστρεφόμενοι
1777 243 1824 270 καὶ
1844 249 1847 278 ξ

1038 290 1123 324 ἡμᾶς,
1138 289 1252 320 καὶτοῖς
1268 289 1355 320 ἄλλοις
1370 289 1575 324 προςοήςοντες,
1589 289 1637 324 ἤδη
1654 288 1745 322 αχεδδν
1758 290 1824 314 πᾶσι
1841 276 1847 324 ί

1039 321 1255 369 δεδουλωμένοις.
1278 334 1347 361 Οὐδὲ
1370 321 1424 370 γαρ
1440 321 1556 360 ἐνταῦθα
1581 321 1686 368 pix-pde
1699 342 1725 359 τι

1040 382 1105 416 ἡμῖν
1122 383 1320 415 συνεισήνεγκε,
1345 381 1391 407 καὶ
1410 382 1474 416 παρ’
1492 380 1587 407 ἑαυτοῦ
1609 381 1655 406 καὶ
1669 380 1732 416 παρ’
1747 375 1837 418 ἡμῶν(

1041 427 1120 458 ῐσως³
1137 426 1184 458 οὒς
1201 427 1303 462 ἐπῆγεν
1320 427 1442 458 ἐκείνοις,
1460 426 1496 458 ὡς
1517 426 1692 462 πικροτάτοις
1708 423 1835 460 θηρίοις,

1040 472 1090 498 οὐκ
1114 472 1236 506 ἀγεννεῖς
1263 472 1410 503 σκύλακας,
1437 471 1582 507 γυμνάζων
1603 471 1670 507 πρὸς
1687 470 1736 506 τὴν
1751 471 1827 497 εὐσέ-

1041 518 1126 544 Εειαν.
1144 519 1191 544 Ἓν
1202 518 1365 553 ἀμφοτέροις
1382 517 1524 553 μέμφομαι
1541 517 1596 550 (καί
1611 526 1656 552 μοι
1676 517 1756 552 μηδὲν
1770 516 1826 552 (99)

1041 564 1223 600 δυσχεράνητε
1253 564 1303 599 τῆς
1328 564 1498 600 παῤῥησίας·
1529 563 1636 598 ὲκρήξω
1652 563 1705 599 γὰρ
1731 564 1761 590 τὸ
1784 563 1829 589 λυ-

1043 609 1111 636 ποῦν
1130 609 1180 644 (1).
1194 610 1218 636 εί
1235 610 1282 636 καὶ
1296 609 1517 645 φορτικώτερον),
1533 610 1574 636 ὅτι
1589 619 1622 644 με
1633 611 1690 641 τοῖς
1707 609 1753 636 τοῦ
1768 609 1826 644 βίου

1043 655 1137 686 κακοῖς
1157 654 1373 690 δυσχεραίνοντα,
1392 655 1503 689 καὶτῆς
1524 655 1640 690 ἐρημίας
1659 655 1773 690 ἐρῶντα,
1789 655 1827 686 ὡς

1043 700 1092 726 οὐκ
1111 697 1160 726 οἷδ’
1175 700 1202 725 εἴ
1214 709 1255 731 τις
1269 700 1347 731 ἄλλος
1370 700 1424 726 τῶν
1445 701 1505 726 καθ’
1518 702 1601 736 ἡμᾶς,
1617 701 1663 727 καὶ
1675 701 1724 736 τὴν
1736 701 1828 736 κοινὴν

1043 745 1144 780 ταύτην
1167 746 1250 781 ζάλην
1278 747 1324 772 καὶ
1351 746 1435 777 κόνιν,
1452 747 1490 778 ὡς
1507 747 1560 782 ἔχω
1575 747 1681 781 τάχους,
1695 747 1829 773 ἐκκλίνειν

1045 790 1256 825 φιλονεικοῦντα,
1268 792 1314 818 καὶ
1330 793 1369 823 εἰς
1387 792 1416 818 τὸ
1434 792 1552 826 ἀσφαλὲς
1567 791 1764 824 ἀποσώζεσθαι,
1780 792 1830 818 οὐκ

1043 834 1090 862 οἷδ’
1103 836 1176 867 ὅπως
1193 837 1226 871 τῇ
1240 838 1353 872 φορτικῇ
1372 837 1418 863 καὶ
1437 837 1570 872 ἐπιϐούλῳ
1588 837 1641 864 τῶν
1656 837 1749 872 ψυχῶν
1764 838 1830 871 ἁγο-

1045 881 1078 916 ρᾷ
1093 881 1132 915 (2)
1147 881 1234 918 ταύτῃ
1246 883 1373 917 φέροντες
1391 882 1599 918 παραδεδώκατε
1615 884 1663 917 ('5),
1681 883 1714 909 δι’
1728 883 1831 918 εὐπρε-

1046 926 1113 958 ποῦς
1128 925 1259 962 ὀνόματος
1272 927 1320 962 τῆς
1336 927 1494 962 ἱερωςύνης.
1509 928 1552 960 Ἐξ
1564 924 1600 954 ὧν
1613 928 1663 963 ἤδη
1676 936 1718 963 μοι
1735 928 1769 954 τὰ
1782 928 1832 962 μὲν

1044 972 1144 1008 συνέϐη
1171 973 1255 1003 κακὰ.
1282 973 1316 999 τὰ
1338 973 1367 1000 δὲ
1390 974 1538 1006 ὲλπίζεται.
1562 974 1598 1000 Τὸ
1624 974 1678 1010 γὰρ
1701 974 1751 1010 ἤδη
1776 982 1832 1000 πα-

1044 1017 1110 1049 Θεῖν,
1146 1018 1192 1044 καὶ
1221 1015 1288 1053 πρὸς
1320 1017 1350 1044 τὸ
1384 1018 1478 1053 μέλλον
1511 1028 1568 1050 πως
1589 1019 1711 1051 δύσελπι,
1743 1018 1794 1045 κᾶν
1817 1018 1833 1044 ὁ

1045 1063 1174 1099 λογισμὸς
1205 1063 1268 1091 ἄλλο
1292 1072 1318 1090 τι
1344 1064 1434 1100 «zelon,
1454 1064 1485 1090 τὸ
1511 1066 1634 1100 κρεῖττον
1667 1064 1833 1100 ὑποτιθέμε-

1048 1116 1104 1140 νος.

212 1157 277 1184 dotii
291 1163 388 1183 nomen
402 1154 538 1182 intulistis.
552 1153 609 1185 Qua
623 1160 657 1180 ex
678 1161 707 1179 re
735 1152 819 1179 multa
851 1152 917 1179 mihi
953 1152 1035 1185 mala,
1056 1154 1154 1188 partim
1176 1155 1231 1190 jam
1251 1155 1430 1191 contigerunt,
1461 1157 1558 1191 partim
1586 1157 1738 1184 imminent.
1763 1155 1830 1183 Nam

212 1204 258 1240 qui
275 1204 330 1239 jam
355 1203 454 1237 aliquid
475 1209 568 1236 passus
587 1206 639 1232 est,
663 1201 732 1228 idem
748 1200 829 1228 etiam
845 1201 878 1228 de
892 1200 982 1228 futuro
1001 1202 1197 1236 quodammodo
1229 1203 1334 1238 diuidit,
1368 1205 1449 1232 etiam
1462 1203 1484 1232 si
1510 1204 1588 1236 ratio,
1601 1203 1711 1230 meliora
1731 1210 1827 1238 sugge-

212 1258 287 1282 rens,
300 1250 370 1276 aliud
382 1249 508 1284 quiddam
523 1246 696 1282 persuadeat.

247 1307 389 1337 XXXVIII.
403 1307 458 1335 Nec
480 1314 544 1334 vero
563 1307 633 1335 hanc
656 1315 762 1342 quoque
784 1307 870 1342 ipsius
890 1307 995 1335 laudern

213 1355 361 1382 omiserim.
379 1353 443 1380 Erat
457 1353 564 1386 quidem
580 1353 624 1380 ille
643 1353 670 1380 in
689 1353 816 1380 omnibus
842 1354 923 1381 rebus
945 1354 1000 1381 for-

214 1400 260 1433 tis,
276 1407 308 1427 ac
320 1398 444 1432 corporis
471 1399 657 1433 integumento
681 1398 806 1432 superior
824 1407 833 1426 ;
860 1403 997 1433 postremo

216 1450 306 1473 autem
328 1445 422 1472 morbo
437 1444 571 1476 laborans,
597 1444 642 1478 qui
663 1444 744 1471 simul
770 1451 831 1471 cum
857 1448 999 1471 senectute

216 1493 344 1527 impetum
365 1491 489 1522 faciebat,
510 1497 599 1524 eoque
629 1490 757 1517 diuturno
784 1493 812 1518 et
834 1490 998 1525 periculoso,

1086 1309 1151 1335 ΑΠ’.
1172 1307 1229 1335 Οὐκ
1253 1307 1285 1335 ἂν
1313 1307 1373 1334 οὐδὲ
1394 1307 1472 1334 τοῦτο
1497 1307 1535 1343 (ι)
1554 1306 1609 1334 τῶν
1628 1306 1731 1333 ἐκείνου
1747 1305 1838 1332 καλῶν

1051 1354 1225 1390 παρέλθοιμι.
1244 1354 1337 1380 Πάντα
1351 1353 1400 1388 μὲν
1410 1351 1444 1389 ἦν
1462 1353 1636 1389 καρτερικὸς,
1647 1352 1693 1379 καὶ
1706 1352 1839 1387 κρείττων

1050 1399 1098 1426 τοῦ
1113 1399 1315 1436 περιϐλήματος
1336 1399 1389 1435 (5)·
1412 1400 1445 1434 τῇ
1468 1398 1609 1433 τελευταίᾳ.
1627 1398 1655 1424 δὲ
1669 1398 1739 1432 νόσῳ
1752 1406 1838 1424 κακο-

1052 1444 1157 1477 παθῶν,
1173 1445 1190 1480 ἢ
1207 1444 1245 1480 τῷ
1261 1446 1335 1480 γήρᾳ
1348 1444 1507 1471 συνεπέθετο
1521 1443 1569 1478 (6),
1586 1444 1632 1470 καὶ
1646 1443 1731 1479 ταύτῃ
1743 1443 1838 1479 χρονίᾳ

1052 1491 1098 1517 καὶ
1113 1490 1244 1526 σφαλερᾷ,
1262 1490 1292 1517 τὸ
1314 1491 1361 1526 μὲν
1381 1490 1556 1526 ἀρῤιοπῆσαι
1579 1489 1669 1516 κοινὸν
1687 1489 1756 1524 πρὸς
1774 1490 1838 1521 τοὺς

218 1521 283 1565 illud
299 1537 406 1573 quidem
420 1521 486 1563 cum
497 1521 561 1562 aliis.
572 1535 727 1562 hominibus
741 1521 883 1562 commune
894 1521 998 1568 habuit,

1052 1534 1147 1567 ἄλλους
1161 1534 1238 1570 ἔσχεν
1256 1534 1431 1570 ἀνθρώπους·
1455 1533 1534 1560 τοῦτο
1555 1534 1595 1566 δὲ,
1610 1534 1659 1560 οὐκ
1681 1533 1721 1560 ἔτι
1738 1533 1838 1565 κοινὸν,

217 1585 290 1620 quod
309 1587 469 1618 aegrotaret;
495 1583 545 1609 hoc
571 1587 659 1608 autem
684 1589 736 1608 non
758 1581 822 1608 item
846 1588 998 1615 commune,

218 1630 265 1658 sed
282 1629 425 1657 admodum
441 1627 585 1663 peculiare.
602 1626 715 1662 aliisque
735 1627 872 1654 miraculis
882 1634 998 1654 consen-

220 1681 337 1704 taneum.
361 1675 428 1702 Nam
443 1682 504 1702 cum
522 1681 658 1708 nunquam
684 1681 738 1700 non
758 1672 852 1700 dolore
869 1680 1001 1707 premere-

219 1727 264 1749 tur
287 1721 436 1755 etquidem
460 1726 582 1754 persaepe
601 1718 715 1754 singulis
734 1718 840 1750 diebus,
861 1722 943 1752 atque
959 1717 1002 1745 in-

220 1767 325 1795 terdutn
338 1766 419 1794 etiam
444 1765 530 1796 horis,
548 1772 580 1792 ett
603 1764 658 1791 sola
684 1763 794 1798 liturgia
814 1763 897 1790 robur
912 1763 1004 1790 conci-

220 1812 363 1848 piebat,ac
385 1811 495 1837 morbus
519 1813 648 1844 tanquam
668 1816 702 1836 ex
723 1806 812 1836 edicto
824 1808 943 1843 fugatus,
973 1815 1002 1835 se

221 1858 396 1886 subducebat.
409 1857 475 1884 Cum
487 1861 577 1884 autem
592 1860 700 1883 centum
714 1854 799 1882 ferme
816 1862 901 1882 annos
920 1855 1003 1882 vixis-

221 1908 273 1935 set,
296 1904 348 1931 hoc
366 1906 419 1935 est,
440 1902 511 1929 ultra
537 1901 678 1929 Davidicos
707 1901 740 1928 de
764 1901 893 1936 temporis
918 1901 1003 1928 nostri

222 1949 310 1984 spatio
327 1949 468 1980 terminos,
480 1956 513 1976 ex
529 1948 615 1982 iisque
628 1947 655 1974 in
673 1947 825 1974 sacerdotio
841 1947 961 1981 quinque
976 1950 1004 1973 et

223 1995 410 2030 quadraginta,
426 2001 485 2029 quae
499 1993 556 2021 fere
572 1992 654 2028 359
665 1992 790 2019 humanae
803 1992 865 2019 vitze
878 2000 1004 2019 mensura

223 2047 276 2075 est,
293 2040 438 2075 exegisset,
455 2039 492 2067 ita
503 2039 611 2066 demum
630 2038 657 2064 in
672 2039 742 2065 bona
763 2041 903 2065 senectute
923 2037 1005 2064 vitam

226 2085 337 2113 claudit.
351 2084 473 2118 Quonam
487 2083 585 2111 modo?
600 2083 628 2110 In
643 2083 775 2111 orationis
795 2082 886 2110 verbis
905 2087 934 2110 et
955 2083 1005 2110 ha-

226 2132 292 2165 bitu,
308 2131 409 2158 nullum
424 2130 531 2165 quidem
549 2130 608 2157 vitii
624 2129 778 2165 vestigium,
801 2128 918 2163 plurima
942 2136 1007 2156 vero

226 2177 355 2203 virtutum
381 2176 546 2203 monimenta
571 2174 734 2209 relinquens.
762 2174 895 2206 Quocirca
922 2173 1008 2208 major

226 2231 345 2259 quoque,
357 2231 440 2259 quam
462 2222 581 2250 hominis
593 2222 714 2250 conditio
731 2221 803 2249 ferre
823 2221 955 2253 videatur,
973 2222 1010 2256 ip-

227 2270 283 2297 sius
292 2269 431 2297 veneratio
447 2269 474 2296 in
498 2267 619 2295 omnium
638 2267 738 2302 linguis
763 2270 791 2293 et
808 2267 945 2294 mentibus
956 2267 1009 2293 sita

227 2321 288 2350 est;
309 2323 358 2344 nec
377 2315 456 2343 facile
478 2315 597 2350 reperire
621 2318 671 2346 est,
685 2313 731 2348 qui
751 2313 824 2340 illius
849 2312 1008 2340 memoriam

265 2426 321 2462 (98)
342 2425 609 2462 Ὲπεᾳτράτευσαν,
629 2425 674 2462 Sic
702 2424 769 2459 Reg.
796 2431 823 2456 a,
846 2427 900 2451 tres
923 2423 1010 2456 Colb.,

230 2460 278 2491 0r;
301 2460 324 2494 IV,
342 2461 399 2489 Jes.
413 2461 440 2488 In
452 2462 506 2492 ed.,
520 2460 750 2495 ἁπεστράτευσαν.

266 2497 321 2532 (99)
335 2495 561 2532 Μηδένκῐίοεάι,
638 2495 664 2524 1,
686 2494 733 2532 μήζ

267 2527 304 2566 (1)
313 2527 351 2559 ’Τὸ
363 2527 492 2566 λυποῦν.
504 2527 521 2555 ἲ
541 2527 703 2566 Dolorem.)
717 2527 853 2566 Perpetua
869 2527 918 2554 fuit
931 2527 1015 2555 Theo-

233 2563 285 2600 logi
297 2563 417 2601 querela,
431 2565 630 2601 obiimpositum
649 2564 699 2601 s_ibi
714 2563 906 2601 sac_erdotittt_tt.

268 2597 314 2635 (ἳῖ
323 2601 385 2628 Τῶν
393 2600 501 2636 ψυχῶν
512 2597 613 2636 ἀγορᾷ,
630 2598 748 2636 «Ᾱῐθοτοη
760 2599 843 2636 inquit
855 2598 934 2628 Elias,
956 2597 1014 2636 ani:

234 2632 337 2664 marum
352 2632 626 2667 curaui-comparavit
638 2633 793 2668 Gregorius,
803 2633 837 2660 ob
853 2639 946 2668 eorum
967 2632 1013 2666 qui

235 2680 264 2698 se
282 2671 406 2705 regendis
423 2666 547 2705 humanis
574 2669 672 2696 animis
696 2666 823 2705 praeesse
843 2666 1012 2705 profitentur,

235 2702 412 2733 temeritatem
427 2710 454 2732 et
463 2704 649 2739 petulantiam,
660 2708 687 2730 et
701 2710 761 2737 quia
774 2702 824 2737 ipsi
833 2709 899 2737 pene
911 2702 1015 2728 anintas

235 2742 355 2768 vendunt
367 2748 397 2766 ac
411 2742 535 2773 produnt.
551 2748 561 2764 ι

271 2776 309 2815 (ξ)
323 2774 559 2815 Ἰαραδειῑῴκιιῖε-
581 2773 626 2802 οτ-
637 2775 676 2815 ,ιλ
690 2772 875 2815 περεζδώκιιτε-

274 2811 311 2852 (t)
327 2807 427 2837 Τοῦτο.
445 2810 489 2836 Sic
506 2809 571 2844 Reg.
589 2817 603 2836 a
619 2813 645 2836 et
656 2807 704 2836 0r.
719 2807 743 2835 l'.
763 2808 788 2834 In
805 2807 861 2840 ed.,
876 2807 1016 2840 mendose,

237 2853 335 2880 τουτῳ.

1053 1581 1121 1608 ἀλλὰ
1138 1581 1240 1617 σφόδρα
1255 1581 1369 1614 ἐκείνου,
1390 1581 1436 1607 καὶ
1447 1582 1503 1611 τοῖς
1516 1580 1605 1612 ἄλλοις
1620 1579 1764 1606 ἀκόλουθον
1775 1579 1841 1606 Bati-

1056 1637 1145 1663 μασιν.
1158 1628 1195 1654 Οὺ
1207 1628 1260 1663 γὰρ
1274 1628 1346 1654 ἐστιν
1363 1627 1406 1654 ὅτε
1421 1627 1458 1662 μὴ
1472 1626 1511 1662 τῷ
1527 1626 1606 1653 πάθει
1621 1625 1840 1662 στενοχωρούμε-

1054 1684 1108 1707 νος,
1131 1675 1177 1702 καὶ
1200 1674 1328 1706 πολλάκις
1349 1682 1381 1708 γε
1407 1674 1456 1709 τῆς
1483 1673 1598 1708 ἡμέρας,
1613 1673 1671 1699 ἐστι
1689 1673 1717 1698 δὲ
1735 1673 1778 1700 ὅτε
1793 1673 1841 1698 καὶ

1054 1720 1139 1755 ὥρας,
1157 1719 1209 1746 ὑπὸ
1237 1719 1319 1754 μόνης
1347 1718 1498 1756 ὲῤῥώννυτο
1522 1718 1570 1753 τῆς
1588 1717 1772 1753 λειτουργίας·
1793 1717 1842 1744 καῒ¹

1056 1765 1192 1801 ὑπεχώρει
1210 1765 1241 1792 τὸ
1259 1765 1353 1796 πάθος,
1371 1765 1465 1800 ὧσπερ
1488 1764 1517 1797 ἐξ
1537 1764 1645 1799 ἐντολῆς
1662 1764 1844 1799 φυγαδευόμε-

1056 1821 1111 1839 νον.
1138 1813 1226 1848 Ζήσας
1245 1811 1273 1838 δὲ
1291 1810 1382 1846 σχεδόν
1401 1819 1427 1837 τι
1447 1810 1512 1845 περὶ
1532 1809 1565 1836 τὰ
1581 1809 1676 1836 ἑκατὸν
1693 1809 1751 1845 ἐτη,
1766 1809 1842 1844 πέρα

1056 1858 1110 1884 τῶν
1125 1857 1272 1883 Δαυῐδικὼν
1288 1856 1325 1889 (Ἰ)
1338 1856 1418 1891 ὅρων,
1434 1855 1498 1890 περὶ
1511 1854 1558 1880 τοῦ
1573 1854 1633 1880 καθ’
1649 1855 1722 1889 ἡμᾶς
1734 1854 1841 1889 χρόνον,

1056 1904 1105 1930 καὶ
1117 1902 1218 1929 τούτων
1228 1901 1316 1928 αὐτῶν
1327 1902 1356 1927 ὲν
1370 1902 1402 1936 τῇ
1418 1900 1551 1936 ἱερωσύνῃ
1561 1900 1639 1926 πέντε
1652 1900 1699 1926 καὶ
1711 1900 1844 1935 τεεσαράρ

1058 1957 1150 1980 κοντα,
1170 1948 1266 1983 μέτρον
1282 1947 1332 1982 τῆς
1344 1946 1517 1982 ἀνθρωπίνης
1534 1946 1616 1980 ζωῆς,
1632 1945 1727 1972 ἔπειτα
1743 1945 1772 1971 ὲν
1789 1945 1843 1980 γή-

1060 2003 1094 2030 ρᾳ
1109 1993 1184 2029 καλῷ
1193 1993 1321 2020 καταλύει
1332 1992 1376 2019 τὸν
1391 1992 1457 2027 βίον.
1471 1992 1525 2018 Καὶ
1534 1991 1622 2023 τοῦτο,
1638 1990 1710 2022 πῶς
1731 1991 1774 2017 Ἑν
1786 1991 1844 2022 τοῖς

1059 2040 1107 2075 τῆς
1120 2039 1201 2074 εὐχῆς
1219 2039 1320 2074 ῥήμασί
1331 2047 1361 2064 τε
1375 2038 1422 2064 καὶ
1435 2038 1582 2073 σχήμασιν,
1598 2037 1672 2064 οὐδὲν
1685 2037 1733 2072 μὲν
1745 2035 1845 2067 κακίας

1061 2085 1141 2121 ἴχνος,
1164 2085 1276 2112 πλεῖστα
1298 2085 1326 2111 δὲ
1344 2085 1444 2120 ἀρετῆς
1464 2082 1619 2110 καταλιπὼν
1648 2083 1843 2117 ὑπομνήματα.

1062 2130 1211 2166 Τοιγαροῦν
1232 2130 1279 2157 καὶ
1299 2130 1329 2156 τὸ
1351 2129 1432 2161 σέϐας
1446 2128 1520 2164 αὕτῷ
1533 2128 1624 2155 πλεῖον
1635 2128 1672 2163 (8)
1690 2128 1705 2163 ἢ
1720 2127 1789 2154 κατὰ
1803 2128 1847 2154 ἇν-

1061 2176 1178 2212 θρωπον,
1207 2177 1235 2203 ὲν
1260 2177 1320 2207 ταῖς
1346 2175 1472 2202 ἁπάντων
1499 2174 1535 2210 (9)
1566 2174 1701 2209 γλώσσαις
1723 2175 1770 2201 καὶ
1786 2174 1845 2200 δια-

1063 2222 1164 2253 νοίαις·
1190 2222 1237 2248 καὶ
1261 2222 1310 2248 οὐκ
1332 2222 1388 2247 ἔστι
1412 2220 1510 2256 ῥᾳδίως
1533 2220 1638 2255 εὑρεῖν,
1672 2219 1746 2251 ὅστις
1774 2219 1846 2245 ἑκεί-

1063 2276 1109 2295 νου
1130 2267 1311 2302 μεμνημένος,
1331 2266 1392 2301 οὐχ).
1412 2266 1459 2292 καὶ
1487 2266 1536 2301 τὴν
1559 2265 1708 2299 φαντασίαν
1731 2265 1848 2297 ἀσπάζε-

1063 2321 1118 2344 ται,
1138 2312 1216 2339 τοῦτο
1229 2312 1261 2348 δὴ
1277 2312 1308 2339 τὸ
1326 2312 1376 2347 τῆς
1391 2312 1511 2348 Γραφῆς,
1526 2313 1604 2347 χεῖρα
1617 2311 1674 2342 θεὶς
1690 2311 1736 2337 ἐπὶ
1751 2311 1850 2345 στόμα-

1101 2423 1140 2458 (5)
1153 2425 1299 2459 Κρείττων
1315 2423 1368 2450 τοῦ
1383 2425 1610 2458 περιϐλήματος.
1625 2434 1635 2450 ι
1655 2424 1781 2457 Corporis
1805 2423 1849 2450 in—

1069 2463 1234 2491 tegumento,
1252 2469 1262 2484 ι
1281 2459 1306 2487 id
1320 2464 1372 2490 est,
1392 2468 1401 2484 ι
1414 2461 1618 2486 necessitatibus
1632 2460 1754 2492 corporis
1771 2467 1849 2492 snpe-

1068 2494 1134 2522 rior.
1154 2504 1163 2520 ι
1184 2494 1230 2521 Sic
1239 2494 1375 2526 Regnum,
1391 2498 1443 2520 etc.
1464 2495 1539 2521 Deest
1554 2494 1611 2525 τοῦ,
1625 2495 1650 2520 in
1664 2495 1706 2521 cd.

1103 2528 1140 2564 (6)
1156 2529 1349 2564 Κακοπαθῷν,
1364 2528 1382 2561 ἢ
1392 2528 1430 2560 τῷ
1444 2528 1520 2562 γήρᾳ
1538 2529 1731 2555 συνεπέθετο.
1748 2527 1851 2564 εἶρος.

1069 2564 1093 2590 Ι.
1108 2560 1139 2590 ‘ni
1153 2564 1234 2591 Cnisl.
1248 2565 1274 2596 ί,
1322 2563 1351 2590 τὸ
1366 2560 1453 2598 γῆραέ
1470 2560 1644 2591 ἆυναπὲθετο.
1669 2564 1696 2590 In
1708 2564 1763 2596 ed.,
1811 2562 1851 2597 τῷ

1069 2599 1150 2633 γήρᾳ,
1164 2604 1217 2626 etc-
1759 2632 1765 2633 ,

1068 2604 1150 2634 γήρᾳ,
1164 2604 1217 2626 etc-

1106 2632 1142 2667 i7)
1158 2633 1331 2660 Δαυΐόικῶν.
1345 2633 1391 2660 0r.
1415 2633 1440 2664 ’l,
1459 2633 1617 2660 Δαυῖτικῶν.
1636 2632 1736 2659 Alludit
1751 2632 1854 2666 Grego-

1069 2669 1125 2695 rius
1140 2670 1172 2695 ad
1185 2669 1240 2695 lucc
1260 2670 1338 2695 Verba
1364 2668 1430 2702 psal.
1445 2676 1555 2698 Lxxxtx,
1581 2670 1613 2694 tt)
1633 2677 1639 2694 :
1660 2677 1667 2692 ι
1690 2667 1750 2694 Dies
1766 2675 1853 2694 anno-

1072 2711 1129 2730 rum
1142 2708 1293 2730 nostrnrum
1308 2704 1334 2730 itt
1346 2703 1410 2738 ipsis
1422 2705 1589 2737 septuaginta
1603 2703 1676 2735 anni,
1693 2711 1702 2728 ι
1715 2709 1767 2729 etc.

1108 2738 1145 2773 (8)
1159 2738 1277 2765 Πλεῖον.
1292 2738 1358 2773 Reg.
1375 2739 1428 2769 bnt,
1446 2738 1536 2764 πλέον.

1108 2771 1145 2808 (9)
1165 2771 1394 2802 Ἁπάντων.ᾚώ
1426 2773 1524 2808 Regius
1552 2781 1576 2800 ιι.
1608 2772 1635 2800 In
1668 2772 1757 2805 editis,
1780 2771 1853 2798 πάν-

1074 2817 1125 2834 των
1129 2829 1134 2834 .
