2049 3143
222 151 291 179 1059

822 149 851 177 S.
872 149 1038 178 GREGORII
1058 148 1231 177 THEOLOGI

1776 150 1845 179 1040

220 210 300 237 funus
319 214 393 237 tutum
419 213 516 243 ornet,
536 209 570 236 ita
599 210 711 244 accipis,
727 209 806 243 quasi
827 209 949 236 laborum
965 216 1008 236 eo-

1061 208 1223 244 ὲμὸχθησας,
1240 208 1285 235 τὸν
1308 208 1362 236 εἴτε
1383 210 1620 245 προπεμπτήριον,
1637 209 1684 235 εἴτ’
1705 208 1846 243 ἐπιτάφιον

220 265 299 286 rum.
315 263 382 290 quos
397 257 431 283 ob
446 264 504 283 utea
519 256 650 284 doctrina:
669 256 758 282 studia
778 255 935 290 suscepisti,
950 254 1008 281 frn-

220 308 293 329 cluut
319 302 433 329 tuleris?
450 302 519 329 Num
530 323 538 335 ,
555 310 604 338 pro
617 302 702 329 veleri
724 309 798 329 more
809 321 815 332 ,
836 309 930 336 pacem
947 309 1008 328 ora-

221 349 286 375 tioni
313 349 424 379 tribuis.
450 349 549 382 eique,
573 356 607 375 ne
634 348 742 375 modum
768 348 900 379 excedat,
928 347 1007 375 linem

220 393 395 428 prtescribis?
411 393 451 420 An
476 394 567 428 potius
590 392 692 427 aliquid
711 391 822 419 uberius
847 391 1008 418 desideras?

222 439 275 467 Sed
288 439 360 467 haud
372 439 452 466 dubie
464 439 639 474 prtescribis;
656 438 723 466 satis
738 437 809 464 enim
825 437 933 472 longam
947 444 1009 463 ora-v

221 487 320 512 tionem
337 485 491 512 habuimus.
520 485 574 512 lloc
595 492 660 512 vero
676 483 758 515 tnilti,
777 490 843 518 pace
861 488 922 515 tua,
941 482 1009 516 adji-

220 540 282 559 cere
305 532 392 559 liceat.
419 531 474 559 Fac
498 531 633 561 sciamus,
656 538 774 564 quanam
798 530 824 556 in
849 529 934 564 gloria
952 529 1007 561 sis,

220 580 291 613 quod
318 578 407 605 lumen
436 581 462 604 te
489 577 665 608 circuntstet,
692 580 773 609 atque
799 582 911 602 uxorem
935 579 1007 600 tuam

221 623 361 659 aliquanto
379 627 456 658 post,
473 627 500 649 et
524 622 635 654 liberos,
657 629 771 656 quorum
798 621 878 648 funus
893 621 1008 648 deduxi-

221 670 272 702 sti,
291 677 323 697 ac
342 676 384 696 me
403 675 527 704 quoque,
543 673 589 694 aut
610 667 676 694 nihil
691 667 794 699 adhuc,
813 671 859 693 aut
878 672 950 693 certe
964 674 1009 701 pa-

220 723 281 742 rum
298 715 378 750 hujus
398 715 460 742 vita:
486 713 564 741 malis
591 713 738 745 aﬂlictum,
760 713 857 740 iisdem
882 712 1009 739 taberna-

180 783 181 786 η
222 760 292 788 culis
318 760 434 794 excipe:
451 765 532 793 atque
559 763 622 785 ante
653 757 844 790 tabernacula,
860 757 912 784 hoc
937 757 1008 784 dulci

222 807 330 840 lapide,
346 814 426 841 quem
450 805 586 833 ambobtts
613 805 691 832 nobis
718 804 856 837 statuisti,
884 804 1010 830 videlicet

221 853 266 880 ltic
285 859 393 887 quoqttc
417 850 587 878 sacerdotem
607 856 682 878 tuum
701 855 728 877 et
749 849 940 882 cognominem
960 850 1009 876 ho-

1059 255 1152 281 τοῦτον
1165 254 1292 285 ἕπαινον;
1309 255 1356 280 κα)⁸
1368 253 1447 286 δίδως
1462 256 1573 291 εἰρήνην
1587 254 1626 290 τῷ
1642 254 1723 290 λόγῳ,
1739 255 1784 281 τὸν
1796 264 1847 282 πα-

1058 301 1133 328 λαιὸν
1146 300 1256 336 τρόπον,
1277 299 1416 326 κάνταῦθα
1429 299 1523 326 τοῦτον
1548 300 1658 336 ὑρίζεις,
1679 299 1787 334 φεύγων
1801 299 1846 325 τὸν

1059 349 1148 385 κόρον,
1164 350 1201 381 ὡς
1215 349 1248 376 ἂν
1263 349 1304 384 εἴη
1322 348 1494 383 σύμμετρος;
1508 349 1524 384 ἢ
1540 349 1601 375 τίνα
1616 348 1772 384 προσθήκην
1786 348 1846 373 ἐπι-

1059 395 1166 431 ζητεῖς;
1193 395 1318 429 Ὀρίζεις,
1336 393 1384 420 οἷδ’
1396 395 1507 421 ὅτι-καὶ
1523 394 1577 429 γὰρ
1589 394 1739 430 αὐτάρκης.
1759 393 1845 419 Ἐκεῖ-

1058 449 1087 467 νο
1111 441 1139 467 δὲ
1163 440 1318 475 προσθεῖναι
1352 439 1543 475 συγχώρησον·
1563 439 1698 475 Γνώρισον
1714 441 1779 474 ἡμῖν
1796 438 1846 466 ποῦ

1059 495 1123 513 ποτε
1138 484 1162 513 εἴ
1181 486 1270 521 δόξης,
1285 486 1331 512 καὶ
1345 486 1374 512 τὸ
1387 486 1450 521 περὶ
1463 486 1491 512 σὲ
1510 485 1577 520 φῶς,
1593 486 1640 512 καὶ
1657 486 1706 520 τὴν
1724 485 1771 520 σὴν
1789 485 1845 520 μετ’

1058 532 1146 566 ὀλίγον
1163 532 1286 568 ὁμόζυγα
1304 532 1370 568 (21),
1383 533 1430 559 καὶ
1444 533 1498 559 τῶν
1512 532 1624 562 τέκνων,
1637 532 1655 558 ἃ
1675 531 1847 567 προκατὲθα-

1057 578 1110 612 ψαις
1126 577 1198 613 (⁵32)·
1218 578 1289 613 κάμὲ
1307 579 1366 609 ταῖς
1382 579 1478 609 αὑταῖς
1493 577 1566 610 δέξαι
1584 579 1706 613 σκηναῖς,
1727 577 1743 612 ἢ
1761 576 1846 612 μηδὲν

1059 624 1108 656 ἔτι,
1122 625 1138 660 ἢ
1153 625 1238 660 μικρὰ
1250 624 1289 659 τῷ
1306 624 1355 659 βίῳ
1371 624 1457 659 τούτῳ
1473 624 1712 659 κακοπαθήσοντα·
1730 624 1776 650 καὶ
1794 622 1848 657 πρὸ

1058 669 1112 695 τῶν
1125 669 1241 704 σκηνῶν,
1255 668 1294 704 τῷ
1309 669 1405 703 γλυκεῖ
1420 668 1486 704 λίοῳ
1501 668 1556 703 (25)
1575 668 1672 703 τούτῳ,
1687 668 1716 693 ὃν
1730 667 1848 702 ἀμφοτέ-

1060 723 1115 750 ροις
1140 714 1265 749 ἕστησας,
1295 715 1383 750 τιμῶν
1407 715 1545 741 κάνταῦθα
1569 714 1614 740 τὸν
1635 714 1680 740 σὸν
1707 713 1778 747 Espiiv
1801 713 1849 739 καὶ

1058 759 1200 795 ὁμώνυμον
1214 769 1219 774 ·
1236 761 1283 786 καὶ
1297 761 1342 786 τοῦ
1368 760 1446 793 λόγου
1464 760 1519 795 (24)
1538 759 1702 795 συγγνώμην
1729 759 1783 794 ἔχε,
1800 758 1848 785 τοῦ

1059 815 1088 832 τε
1110 806 1288 841 παρεθέντος,
1316 806 1362 832 καὶ
1382 806 1430 832 τοῦ
1451 806 1669 842 προσληφθέντος
1693 805 1741 840 σὴν
1757 804 1847 840 χάριν.

1060 852 1114 879 Καὶ
1133 852 1266 886 διεξάγοις
1292 852 1440 884 ἀκινδύνως
1463 853 1530 887 (9.3),
1547 851 1664 887 μάλιστα
1678 851 1725 886 μὲν
1741 851 1849 877 ἃπασαν

222 907 287 927 nore
301 898 431 929 alliciens.
457 903 485 925 et
501 897 617 925 sermoni
636 897 819 932 pra-tcrmisso
834 917 840 928 .
863 901 890 923 et
920 896 947 923 iu
972 897 1008 923 tui

1062 898 1179 933 ποίμνην
1193 898 1240 925 καὶ
1266 899 1369 930 πάντας
1386 899 1542 935 ἀρχιερέας,
1561 895 1597 925 ὧν
1615 898 1730 934 ἐκλήθης
1745 896 1848 932 πατὴρ,

221 945 337 980 gratiam
356 949 511 978 assumpto,
527 944 636 978 ignosce
650 952 656 969 ι
675 950 706 970 ac
723 943 848 977 denique.
863 950 925 970 cum
944 950 1006 976 gre-

222 999 281 1025 gem
297 991 469 1021 universum,
480 994 507 1016 et
524 988 666 1023 pontiﬁces
680 995 783 1018 omnes,
801 996 915 1022 quorum
933 993 1010 1022 pater

220 1041 333 1063 vocatus
353 1043 383 1063 es
395 1056 403 1068 ,
424 1041 479 1062 tum
498 1042 541 1062 me
566 1034 716 1069 praesertim
728 1053 736 1066 ,
752 1038 864 1067 patente
882 1043 914 1061 :te
930 1034 1010 1069 spiri-

221 1079 332 1106 tualitcr
358 1084 482 1106 coactttnt
499 1100 508 1112 ,
536 1078 647 1114 periculi
670 1086 782 1106 securos
804 1080 925 1114 guberna
944 1099 951 1112 ,
977 1087 1010 1107 ne

221 1125 276 1152 vim
297 1124 362 1151 milii
377 1125 426 1151 abs
439 1129 464 1152 te
480 1124 582 1152 illatam
596 1131 790 1159 usquequaque
803 1132 940 1152 accusctn.

257 1169 327 1198 XLI.
343 1171 377 1197 At
396 1175 422 1197 tu
434 1190 441 1203 ,
457 1171 522 1205 quid
545 1177 650 1203 censes,
667 1178 684 1197 ο
704 1177 858 1197 sermonum
890 1178 1010 1198 meorttm

222 1220 248 1244 et
264 1216 439 1251 agitationum
453 1215 555 1250 judex?
572 1215 601 1242 Si
618 1217 674 1243 htcc
690 1221 733 1242 sat
754 1216 895 1243 commode
911 1221 941 1243 et
961 1224 1008 1242 co-

221 1263 296 1296 piose
307 1282 314 1294 ,
330 1267 412 1297 atque
433 1267 463 1288 ut
487 1261 636 1296 cupiditate
652 1266 696 1287 tua
711 1261 822 1296 dignum
847 1266 922 1292 erat,
939 1261 1010 1288 dicta

222 1311 301 1340 sunt,
326 1307 377 1334 hoc
404 1306 508 1334 calculo
535 1312 579 1334 ttto
607 1306 760 1338 confirma,
781 1311 809 1333 et
835 1307 1008 1340 accipiemus.

221 1352 288 1380 Nam
315 1352 437 1388 profecto
458 1352 504 1379 Dei
523 1352 642 1379 calculus
668 1358 728 1379 tuus
747 1352 866 1379 calculus
883 1358 935 1380 est.
960 1352 1007 1379 Sin

221 1404 312 1426 autem
330 1399 409 1434 lange
426 1398 497 1425 infra
525 1399 608 1433 ipsius
637 1397 751 1432 gloriam
776 1403 804 1425 et
832 1405 907 1432 spem
935 1402 1009 1425 luant

222 1445 410 1478 substitimus,
438 1445 464 1471 iu
491 1448 616 1479 promptu
636 1449 677 1471 est
699 1444 744 1478 qui
764 1445 902 1478 suppetias
927 1444 1008 1480 361

222 1491 302 1517 ferat.
317 1490 416 1517 Vocem
435 1495 507 1517 tuatn
521 1510 528 1521 ,
552 1496 712 1525 opportuna:
729 1490 827 1524 pluvia:
852 1491 948 1523 instar,
967 1499 1011 1518 ex-

221 1537 334 1573 petitatn
356 1537 427 1563 illius
453 1537 576 1564 laudibus
591 1537 718 1564 immitte.
741 1538 778 1563 Ac
794 1545 861 1565 sane
877 1539 934 1572 ipse
953 1546 1011 1566 tua-

222 1585 305 1611 xiutis
315 1589 340 1611 te
357 1583 510 1610 nominibus
521 1583 573 1610 sibi
588 1583 737 1610 obnoxiqu
752 1584 950 1611 etobstrictum
963 1585 1009 1612 ha-

222 1629 285 1661 bet,
301 1635 398 1663 nempe
415 1633 443 1654 et
462 1633 491 1655 ttt
509 1632 602 1662 pastor
614 1633 750 1662 pastorem
762 1647 770 1660 ,
786 1633 813 1655 et
830 1633 858 1655 ut
883 1633 958 1663 pater
980 1630 1011 1656 ﬁ-

222 1675 304 1706 liutn,
322 1675 394 1710 quod
415 1675 524 1709 quidem
539 1674 573 1701 ad
587 1675 702 1708 gratiam
722 1676 832 1701 attinet.
849 1675 919 1708 Quid
945 1683 1011 1703 vero

221 1722 375 1749 mirandum
388 1742 395 1754 ,
412 1723 452 1754 si,
470 1722 516 1755 qui
536 1726 670 1748 terrarum
689 1720 748 1747 orbi
769 1728 818 1756 per
837 1725 863 1748 te
877 1721 1010 1754 intonuit,

223 1768 294 1795 idem
310 1775 382 1794 nunc
400 1767 517 1794 fructum
542 1774 650 1801 quoque
676 1767 794 1801 aliquem
821 1774 855 1794 ex
876 1772 920 1794 tua
945 1775 1012 1795 voce

1061 944 1206 980 ἐξαιρέτως
1231 943 1258 970 Ek
1275 943 1320 970 τὸν
1339 943 1391 970 ὑπὸ
1405 944 1450 970 σοῦ
1466 944 1619 979 βιασθέντα,
1647 943 1694 970 καὶ
1717 949 1851 977 τυραννη-

1061 989 1140 1018 Οέντα
1170 989 1309 1024 πατρικῶς
1335 999 1364 1016 τε
1397 990 1444 1016 καὶ
1469 989 1670 1025 πνευματικῶς,
1695 989 1732 1020 ὡς
1751 988 1784 1015 ἂν
1811 987 1849 1022 μὴ

1062 1035 1149 1062 πάντα
1165 1044 1193 1062 σε
1209 1035 1368 1070 μεμφοίμην
1383 1035 1431 1070 τῆς
1443 1035 1608 1071 τυραννίδος.

1097 1174 1166 1200 MA’.
1188 1173 1271 1199 Σο¹ιδὲ
1293 1172 1348 1208 (9.6)
1369 1172 1396 1199 τί
1417 1172 1560 1207 δοκοῦμεν,
1574 1168 1597 1197 ὧ
1614 1170 1694 1206 κριτὰ
1710 1170 1764 1197 τῶν
1776 1170 1851 1205 ἐμῶν

1061 1218 1203 1254 λόγωνκαὶ
1217 1218 1373 1254 κινημάτων
1387 1225 1394 1250 ;
1414 1217 1445 1243 Ει
1476 1217 1524 1252 μὲν
1546 1215 1690 1250 αὐτάρκως
1705 1214 1849 1241 διείλεκται

1062 1265 1159 1298 ταῦτα,
1179 1263 1288 1299 καὶτῆς
1309 1263 1358 1298 σῆς
1376 1262 1523 1298 ἐπιθυμίας
1539 1261 1632 1293 ἀξίως,
1650 1261 1730 1287 τοῦτο
1750 1260 1850 1296 ἐπιψή-

1062 1319 1138 1345 ᾳισον
1161 1310 1227 1345 (27),
1253 1310 1300 1336 καὶ
1319 1309 1473 1344 δεχόμεθα·
1497 1308 1606 1339 πάντως
1627 1307 1654 1334 δὲ
1676 1307 1742 1334 Θεοῦ
1761 1306 1850 1342 ψῆφος

1062 1357 1078 1392 ἡ
1095 1357 1138 1392 σή.
1152 1356 1183 1382 Εἰ
1192 1356 1220 1382 δὲ
1231 1355 1306 1391 παρά
1319 1354 1386 1381 πολὺ
1400 1354 1448 1390 τῆς
1459 1353 1561 1380 ἐκείνου
1575 1353 1662 1387 δόξης,
1678 1352 1726 1379 καὶ
1740 1352 1790 1386 τῆς
1802 1352 1852 1386 σῆς
1884 1388 1885 1391 η

1062 1403 1176 1434 ἐλπίδος,
1195 1402 1278 1436 ἐγγὺς
1297 1402 1311 1428 ὁ
1327 1400 1479 1436 σύμμαχος.
1497 1399 1615 1434 Ἐπάφες
1635 1399 1684 1434 τὴν
1699 1399 1748 1434 σὴν
1761 1398 1852 1434 φωνὴν

1062 1450 1116 1480 τοῖς
1130 1449 1233 1475 ἐκείνου
1260 1447 1352 1479 καλοῖς
1379 1447 1617 1483 προσδοκωμένην,
1636 1447 1673 1478 ὡς
1690 1446 1764 1472 ὑετὸν
1785 1446 1848 1482 ὦρι-

1064 1504 1112 1530 μον
1127 1495 1182 1530 (28)
1193 1504 1200 1511 ·
1216 1495 1325 1526 πάντως
1339 1493 1366 1520 δὲ
1381 1493 1521 1528 ὑπόχρεων
1529 1492 1623 1527 ἔχεισε
1637 1492 1691 1519 τῶν
1706 1492 1852 1527 μεγίστων,

1063 1541 1109 1568 καὶ
1123 1540 1160 1572 ὡς
1178 1540 1293 1575 ποιμένα
1308 1538 1420 1574 ποιμὴν,
1435 1539 1482 1564 καὶ
1505 1538 1542 1569 ὡς
1568 1537 1659 1572 πατὴρ
1676 1537 1733 1564 υἱὸν
1759 1537 1804 1564 τὸν
1824 1539 1854 1563 ὲν

1063 1587 1164 1622 χάριτι.
1186 1586 1219 1612 Τί
1234 1584 1399 1621 θαυμαστὸν,
1415 1585 1439 1610 εὶ
1460 1584 1503 1610 διὰ
1519 1583 1575 1619 (29)
1593 1583 1639 1610 σοῦ
1656 1583 1806 1619 βροντήσας
1819 1584 1853 1618 τῇ

1062 1632 1217 1669 οἰκουμένῃ,
1232 1633 1279 1658 καὶ
1292 1631 1372 1663 αὑτός
1384 1640 1410 1658 τι
1423 1630 1474 1665 τῆς
1490 1630 1543 1665 σῆς.
1554 1630 1645 1665 φωνῆς
1655 1629 1833 1656 ἀπολαύσειεν
1845 1638 1852 1660 ;

1063 1677 1095 1704 Τί
1112 1678 1152 1704 δεῖ
1161 1678 1272 1711 λοιπὸνς
1290 1678 1329 1713 Τῇ
1348 1677 1518 1712 πνευματικῇ
1533 1676 1637 1711 Σάρρᾳ,
1659 1677 1691 1711 τῇ
1707 1675 1754 1702 τοῦ
1770 1676 1854 1709 μεγά-

1063 1724 1109 1750 λου
1126 1724 1229 1760 πατρὸς
1243 1723 1321 1759 ἡμῶν
1336 1723 1470 1759 Ἀϐραὰμ.
1483 1722 1530 1749 καὶ
1542 1721 1679 1756 ὁμοζύγῳ,
1693 1722 1739 1748 καὶ
1754 1722 1854 1756 ἰσοχρὸς

1064 1779 1112 1806 νῳ,
1127 1769 1364 1805 συμφιλοσοφῆσαι
1381 1768 1415 1795 τὰ
1431 1767 1557 1803 ὲπικήδια
1573 1767 1640 1802 (50).

222 1813 329 1849 capiat?
347 1813 442 1840 Restat
462 1812 536 1846 jam,
559 1817 589 1839 ut
606 1819 667 1840 cum
695 1812 830 1847 spirituali
860 1811 948 1846 Sara,
975 1815 1064 1850 magni
1095 1816 1179 1843 nostri
1212 1816 1295 1850 patris
1316 1815 1432 1842 Abrahze
1456 1814 1587 1849 conjuge,
1621 1817 1703 1848 atque
1731 1813 1851 1847 ejusdem

221 1861 325 1892 :etatis,
342 1860 375 1888 de
396 1860 445 1892 iis,
460 1868 519 1894 qua:
534 1859 565 1886 ad
581 1858 662 1886 funus
675 1864 820 1894 spectant,
837 1859 981 1888 disseram.

258 1906 335 1933 XLII.
353 1905 412 1932 Non
432 1910 491 1936 est,
506 1913 523 1932 ο
538 1909 635 1936 mater,
651 1904 746 1931 eadem
762 1904 809 1931 Dei
825 1909 851 1931 et
867 1905 1006 1932 hominum

221 1959 335 1984 natura;
355 1957 418 1984 aut,
442 1957 471 1978 ttt
489 1952 515 1978 itt
543 1959 642 1985 genere
671 1951 778 1985 loquar,
797 1958 958 1985 superorum
982 1956 1010 1978 et.

223 1999 402 2027 terrestrium.
430 1999 508 2033 Apud
525 1998 585 2026 illos
610 1998 683 2025 enim
708 2003 838 2025 constans
855 2003 883 2025 et
899 1998 1011 2025 immor-

222 2046 330 2073 tale-est
341 2066 347 2078 ,
363 2050 419 2072 tum
437 2045 523 2080 ipsutu
537 2052 614 2076 esse,
633 2050 689 2071 tum
704 2051 873 2080 qumcunque
895 2044 928 2071 ad
945 2044 1010 2071 illud

221 2093 369 2127 pertinent.
399 2091 552 2118 Firmorum
585 2091 658 2118 cuitu
676 2098 719 2118 res
747 2090 831 2118 [irmte
858 2094 931 2118 sunt.
959 2091 1012 2117 lies

259 2169 314 2204 (2i)
335 2167 481 2203 Ὀμόζυγα.
511 2167 556 2195 Sic
570 2168 636 2202 Reg.
660 2176 685 2199 a,
703 2168 758 2199 but,
782 2167 829 2194 0r.
853 2168 879 2200 i,
900 2166 955 2194 Jes.
982 2166 1010 2194 ln

240 2204 278 2232 d..
294 2205 438 2232 ὁμόζυγον.

224 2205 278 2236 cd.,
294 2205 438 2236 ὁμόζυγον.

260 2212 569 2275 (ἒὲίιῗῖοῇῗιῖτέθαψας.
580 2247 595 2275 ιΔ
608 2238 680 2275 Quos
690 2237 982 2275 tumulohcomposuisti.
998 2247 1007 2262 ι

223 2271 291 2308 Reg.
306 2271 332 2307 tt,
350 2271 403 2302 duo
422 2271 511 2306 Colbf,
524 2274 572 2302 0r.
586 2273 612 2305 1,
626 2273 692 2305 .Ics.,
707 2273 764 2305 ipse
785 2271 889 2304 Billius,
905 2281 1010 2308 προκα-

224 2309 345 2341 τέλαίίες,
373 2318 382 2335 ι
404 2309 430 2335 ἱιι
452 2315 638 2341 antecessum,
665 2312 827 2343 pratvcrteus
862 2309 1008 2342 accepisti,

223 2345 299 2380 prius
315 2345 462 2380 occupasti.
487 2354 496 2380 ρ

260 2379 316 2414 (25)
336 2377 499 2414 Τῴά-λυκεῖ
513 2379 596 2412 λίθῳ.
617 2378 645 2405 Id
659 2383 711 2414 est,
728 2377 911 2414 inquitElias.
936 2387 945 2403 ε
960 2377 1010 2404 Se-

224 2415 335 2449 pulcro,
354 2413 407 2449 quo
421 2422 518 2449 corpus
534 2421 607 2441 ltlutll
630 2413 737 2449 tegitur,
754 2413 825 2449 quod
845 2416 872 2439 et
890 2413 935 2449 tibi
959 2413 1008 2445 ipsi

225 2448 253 2477 et
271 2451 336 2477 mihi
353 2448 481 2477 statuisti.
502 2459 511 2474 ι
530 2449 601 2481 Mox,
622 2448 657 2484 sbi
675 2448 719 2474 σὺν
741 2448 823 2484 ἱερόν,
842 2457 851 2472 ε
872 2448 1008 2484 victimam

225 2492 310 2512 luam.
333 2494 343 2511 ›
371 2485 417 2512 Sic
445 2484 624 2512 Cotttbelisius
652 2482 771 2510 libenter
781 2483 892 2517 legeret.
913 2482 1009 2510 Billius

224 2521 321 2556 legisse
333 2521 450 2556 videtur,
462 2520 545 2556 ἱερέα,
564 2528 574 2544 ί
586 2519 763 2556 sacerdotem.
785 2528 796 2544 ι

261 2551 316 2590 (ει)
333 2555 388 2583 Καὶ
399 2555 450 2581 τοῦ
465 2551 568 2589 ﬁrm).
591 2554 647 2590 Duo
663 2553 757 2590 (joislq
782 2559 836 2579 tres
852 2551 1006 2590 Colb.,__Or.

228 2591 255 2622 1,
267 2587 328 2618 ~Jes.
355 2596 382 2618 et
402 2590 484 2622 Elias,
497 2587 544 2616 atati
557 2589 604 2616 τοῦ
618 2588 694 2619 λαοῦ,
708 2599 718 2613 ί
736 2593 764 2615 et
783 2588 890 2622 pOpulo.
911 2597 921 2613 ι
941 2587 1008 2614 Hine

227 2627 317 2653 Schol.
334 2634 340 2651 :
356 2625 514 2661 Παρεθέντα.
524 2625 599 2661 λαὸν,
611 2624 657 2661 τον
671 2623 799 2661 Σοισίμων
811 2623 896 2661 λέγει,
913 2631 1008 2661 ’προσ-

225 2662 361 2696 ληφθέντα
377 2657 407 2687 δέ
426 2660 472 2687 τὸν
487 2659 648 2696 Ναζιανζοῦ·
661 2669 682 2696 γ(
702 2657 833 2696 Populum
856 2657 1007 2689 dimissum,

226 2694 273 2723 seu
284 2697 416 2728 relictum,
435 2696 601 2723 Sasimorum
616 2695 719 2728 plebem
736 2694 819 2726 dicit;
840 2697 1007 2725 assumptum

226 2739 302 2763 vero,
315 2727 524 2758 Naziatizenum.
542 2740 552 2756 ι
573 2727 636 2763 Quae
648 2730 754 2763 quidem
772 2728 852 2755 lectio
861 2728 957 2754 tttelior
968 2727 1005 2754 vi-

227 2769 313 2794 detur.
326 2766 397 2793 Petit
411 2766 573 2798 Tlteologus,
587 2765 720 2791 exstincto
734 2763 790 2797 jam
810 2768 895 2798 patre,
908 2763 1008 2789 utrius-

226 2810 279 2835 que
304 2802 389 2835 plebis
411 2809 474 2828 cura
503 2801 622 2832 liberari,
649 2806 703 2826 tum
721 2799 898 2835 Sasintorum.
925 2805 1006 2835 quam

227 2833 329 2871 pridem
347 2838 501 2870 reliquerat,
517 2840 572 2863 tum
591 2835 776 2862 Nazianzenus.
792 2840 871 2867 quam
885 2833 911 2871 in
923 2833 1007 2866 patris

225 2868 352 2908 'gratiatu,
373 2868 411 2899 ac
424 2872 508 2899 donec
523 2872 546 2899 is
559 2872 620 2898 vita:
634 2875 770 2905 superstes
786 2872 868 2901 esset,
884 2868 951 2895 inse
964 2875 1007 2895 re~

1092 1905 1156 1933 MB’.
1181 1906 1237 1941 Οὐχ
1257 1906 1275 1940 ἡ
1297 1905 1366 1940 αὑτὴ
1383 1904 1474 1939 φύσις,
1493 1902 1515 1931 ὧ
1539 1905 1636 1940 μῆτερ,
1655 1903 1722 1931 Θεοῦ
1738 1904 1785 1930 καὶ
1808 1904 1856 1930 ἀν.
1887 1906 1888 1914 ‘

1058 1951 1174 1985 θρὼπων
1201 1951 1274 1986 (51)·
1297 1950 1396 1985 μᾶλλον
1411 1950 1439 1976 δὲ
1466 1950 1534 1982 ὅλως
1557 1950 1611 1977 τῶν
1638 1949 1718 1976 θείων
1737 1950 1854 1976 καὶτῶν
1884 1954 1885 1959 ‘

1059 1997 1198 2031 ἐπιγείων.
1214 1997 1284 2032 Παρ⁵
1299 1996 1412 2028 ἐκείνοις
1428 1996 1476 2032 μὲν
1493 1996 1523 2022 τὸ
1535 1996 1669 2032 ἄτρεπτον
1689 1997 1736 2023 καὶ
1752 1996 1854 2023 ἀθάνα-

1060 2051 1116 2074 τον,
1136 2042 1218 2069 αὐτοῦ
1235 2051 1265 2069 τε
1280 2042 1327 2069 τοῦ
1351 2039 1433 2074 εἶναι,
1447 2042 1495 2068 καὶ
1507 2042 1561 2068 τῶν
1575 2042 1625 2068 ὅσα
1635 2042 1682 2069 τοῦ
1696 2039 1766 2069 εἶναι
1777 2050 1783 2056 ·
1799 2042 1855 2068 τῶν

1061 2089 1115 2124 γὰρ
1141 2089 1248 2124 παγίων
1270 2088 1304 2116 τὰ
1326 2089 1422 2124 πάγια.
1444 2088 1484 2115 Τὰ
1506 2089 1534 2115 δὲ
1551 2089 1672 2124 ἡμέτερα
1692 2088 1751 2120 πῶς
1777 2088 1854 2124 ἑχει;

1065 2171 1182 2201 ceperat.
1195 2166 1240 2194 Sic
1250 2174 1315 2201 ergo
1332 2167 1493 2194 reddiderim
1511 2175 1518 2194 ε
1537 2176 1547 2192 «
1565 2167 1596 2194 da
1621 2167 1739 2199 veniam,
1754 2167 1854 2200 plebis-

1065 2209 1118 2234 que
1136 2209 1191 2228 tum
1212 2202 1270 2235 eius
1289 2210 1348 2236 qua:
1375 2209 1389 2228 a
1403 2209 1445 2228 me
1460 2202 1552 2229 relicta
1567 2208 1619 2234 est,
1634 2208 1688 2229 tum
1704 2203 1761 2237 ejus
1771 2210 1854 2236 quam

1066 2237 1092 2264 in
1115 2237 1152 2262 tui
1171 2238 1286 2270 gratiam
1304 2237 1422 2271 suscepi,
1439 2246 1448 2262 ι
1466 2242 1520 2264 etc.

1097 2271 1154 2306 (25)
1173 2271 1361 2304 Ἀκινδύνως.
1380 2281 1389 2296 ι
1405 2273 1479 2299 Citra
1493 2271 1653 2306 periculum,
1668 2272 1780 2307 periculi
1811 2279 1855 2300 se-

1062 2314 1155 2334 curos.
1172 2316 1181 2332 ι
1195 2308 1215 2333 Α
1229 2307 1305 2333 Billio
1318 2307 1462 2334 omissum.

1096 2342 1152 2377 (26)
1181 2342 1232 2378 Σοὶ
1260 2341 1303 2368 δέ.
1328 2341 1425 2378 Schol.
1448 2350 1458 2370 ;
1484 2342 1558 2378 Πρὸς
1585 2343 1632 2369 τὸν
1661 2342 1749 2378 μέγαν
1770 2342 1853 2369 Βασί-

1060 2376 1142 2412 λειον·
1164 2386 1173 2402 1
1190 2377 1314 2412 Magnum
1328 2377 1457 2404 Basilium
1474 2376 1631 2412 alloquitur.
1652 2387 1661 2403 ι

1096 2411 1152 2447 (27)
1181 2411 1396 2446 Ἐπὶψήφισον.
1425 2412 1492 2448 Reg.
1510 2411 1546 2445 a,’
1564 2415 1619 2445 bitt,
1641 2412 1689 2440 0r.
1707 2412 1732 2444 l,
1757 2413 1854 2448 ἐπιψή-

1060 2455 1148 2481 φισαι.

1096 2481 1152 2516 (28)
1167 2481 1299 2515 Ὥριμον.
1317 2481 1429 2508 Billius:
1450 2491 1458 2507 ι
1474 2488 1598 2510 maturat.
1620 2492 1629 2508 ›

1095 2517 1151 2553 (29)
1167 2518 1207 2553 Εἰ,
1221 2516 1280 2548 διά,
1297 2523 1350 2544 etc.
1371 2516 1416 2544 Sic
1442 2517 1509 2552 lleg.
1531 2519 1587 2550 but,
1608 2517 1691 2545 Coisl.
1714 2517 1740 2548 1,
1756 2518 1804 2545 0r.
1823 2519 1850 2545 1.

1059 2551 1089 2578 1η
1101 2551 1146 2579 ed.
1163 2552 1178 2587 ἢ
1199 2552 1252 2579 διά.
1273 2561 1282 2578 ι
1297 2553 1366 2585 Quid
1383 2557 1472 2579 autem
1485 2551 1655 2584 inirandum,
1666 2553 1753 2587 inquit
1766 2553 1848 2585 Elias,

1059 2588 1083 2614 si
1101 2588 1192 2621 is,qui
1207 2589 1333 2614 universo
1348 2588 1405 2614 orbi
1424 2588 1570 2615 salutarent
1590 2588 1740 2615 doctrinam
1757 2597 1804 2622 per
1826 2594 1853 2615 te

1060 2623 1187 2654 intonuit,
1199 2627 1290 2656 utpote
1299 2623 1344 2657 qui
1361 2623 1407 2650 tibi
1421 2630 1515 2650 manus
1529 2623 1699 2658 imposuerit,
1716 2623 1850 2657 ipsequa-

1059 2664 1112 2691 que
1123 2665 1156 2684 ex
1173 2665 1239 2684 voce
1252 2663 1296 2684 tua
1316 2657 1432 2684 fructum
1448 2658 1567 2691 aliquem
1581 2658 1689 2693 capiat?
1704 2667 1714 2684 ›
1733 2659 1851 2686 Basilius

1059 2693 1204 2726 siquidem.
1219 2693 1264 2726 qui
1278 2693 1319 2727 pia
1335 2693 1459 2721 doctrina
1474 2694 1567 2720 orbem
1583 2693 1851 2728 replebat,Gregorii

1059 2728 1145 2788 patrris
1156 2727 1244 2754 studio
1262 2734 1290 2754 et
1308 2736 1403 2762 opera,
1418 2728 1595 2755 Caesariensis
1610 2729 1759 2762 episcopus
1771 2727 1851 2756 crea-

1059 2767 1102 2788 tus
1129 2769 1213 2788 uerat.

1059 2767 1102 2790 tus
1118 2767 1213 2789 fuerat.

1095 2797 1151 2832 (50)
1169 2797 1206 2823 Τὰ
1218 2798 1366 2831 ἑπικήδια.
1383 2797 1429 2826 0r.
1445 2798 1471 2830 1,
1488 2798 1522 2824 τὰ
1538 2798 1689 2833 ὲπικήδεια.

1094 2833 1151 2868 (Si)
1173 2833 1357 2867 Ἀνθρώπων.
1377 2834 1404 2860 ltt
1417 2834 1565 2868 nonnullis,
1585 2833 1739 2869 ἀνθρώπου.
