2049 3143
191 205 262 234 1645

459 211 588 240 ORATIO
606 213 675 241 XIX.
695 231 730 236 —
749 217 795 243 AD
813 217 990 248 JULIANUM
1009 222 1239 253 TRIBUTORUM
1259 225 1548 259 EXA'LQUATOREM.

1753 227 1821 256 1048

191 275 251 302 μαι,
269 268 315 295 καὶ
333 268 399 300 ἴσως
415 270 444 296 οὗ
465 272 576 306 φαῦλον,
594 273 644 300 κᾶν
659 283 730 307 τινες
745 276 869 312 εὐήθειαν
883 279 980 314 ὀνομά-

192 311 207 321 an
309 314 355 321 Cﬁn
390 315 397 321 ι
412 316 417 321 .
426 316 437 321 ι.
492 317 498 321 ι
611 318 623 321 -
667 320 670 321 ν

1032 284 1099 313 mibi
1117 286 1246 313 conscius
1265 293 1336 318 sum,
1359 293 1392 315 ac
1416 286 1531 313 {orlasse
1552 293 1604 315 non
1622 286 1771 321 improbum
1792 291 1820 314 et

188 311 284 344 ζωσιν.
309 314 474 351 Ἐϐουλήθην
490 317 519 344 ὲν
540 318 627 353 καιρῷ
645 320 694 354 μὲν
713 311 794 348 παντί
810 311 978 362 νεκρωθῆναι

188 359 228 394 τῷ
249 361 316 397 βίῳ,
344 363 391 388 καὶ
419 363 500 398 ζῆσαι
527 365 575 400 τὴν
602 367 630 392 ἐν
650 368 759 403 Χριστῷ
784 359 980 406 κεκρυμμένην

188 406 272 441 ζωὴν,
291 408 338 434 κα)¹
359 409 485 442 γενέσθαι
503 419 544 442 τις
569 408 794 450 μεγαλέμπορος,
812 416 920 444 πάντων
942 415 981 448 ὢν,

189 452 243 488 ἔχω
261 453 308 480 τὸν
324 454 413 489 τίμιον
437 456 612 493 ὠνησάμενος
630 462 818 497 μαργαρίτην,
835 464 881 489 καὶ
904 464 980 491 ἀντι-

188 498 250 530 δοὺς
266 499 321 535 (47)
337 501 370 527 τὰ
387 502 483 537 ῥέοντα
501 504 548 530 καὶ
565 506 703 541 συρόμενα
717 507 771 534 τῶν
791 509 915 537 ἑστώτων
933 511 980 537 καὶ

187 545 337 592 οὐρανίων*
359 548 431 583 ἥπερ
454 549 486 584 δὴ
508 553 704 586 πραγματειῶν
723 555 838 590 μεγίστη
863 556 908 582 καὶ
935 556 978 592 βε-

189 590 317 640 ϐαιοτάτη
334 595 390 625 τοῖς
409 602 441 628 γε
463 595 526 622 νοῦν
541 596 646 632 ἔχουσιν
657 608 664 614 ·
681 601 704 626 ει
721 600 743 627 δ’
760 600 810 628 οῦκ
827 602 894 638 (48),
911 590 978 630 ἀλλὰ

187 637 273 685 τουτό
284 646 315 672 γε
333 640 514 676 καρτερῆσαι,
527 645 727 680 παραχωρῆσαι
739 647 792 672 τῶν
807 647 908 683 θρόνων
922 649 977 685 (49)

187 683 245 714 τοῖς
261 682 443 720 βουλομένοις,
461 688 542 720 αὐτὸς
558 689 586 715 δὲ
605 689 649 716 διὰ
671 691 729 725 βίου
747 692 802 727 (50)
822 682 885 726 παῖς
907 682 976 722 εἶναι

187 729 236 754 καὶ
249 729 384 766 μαθητὴς,
400 732 495 768 μέχρις
503 733 536 760 ἂν
546 737 603 767 τοῖς
615 737 738 772 ποτίμοις
751 738 805 766 τῶν
818 739 903 774 λόγων
914 741 977 773 τοὺς

188 774 326 822 αλμυροὺς
343 778 550 815 ἀποκλύσωμαι.
574 782 622 807 ’Ἐν
640 782 689 817 μὲν
706 783 737 820 δὴ
754 783 832 811 τοῦτο
849 786 897 821 τῆς
910 787 980 822 ἐμῆς

188 820 259 847 ἔστω
279 822 333 857 (51)
354 824 522 860 φιλοσοφίας,
542 828 596 853 εἴτε
619 829 755 862 εὐηθείας,
785 831 831 858 καὶ
853 832 978 867 πρῶτον

187 865 312 904 δεύτερον
327 869 365 902 δὲ,
378 870 392 896 ὃ
409 871 454 898 καὶ
472 872 611 907 μέγιστον.

1033 331 1297 364 reprehendendum,
1312 331 1485 366 quantumvis
1498 332 1624 362 nonnulli
1633 333 1776 360 stultitiam
1792 333 1820 361 id

1031 375 1175 410 appellent.
1209 377 1275 404 Illud
1301 377 1449 412 optabam,
1480 378 1598 405 maxime
1628 379 1735 412 quidem
1772 387 1820 413 per

1030 428 1138 448 omnem
1154 421 1216 449 vita:
1227 430 1337 450 cursum
1349 442 1358 456 ,
1376 423 1440 450 huic
1455 423 1555 450 mundo
1570 424 1666 456 emori,
1682 424 1819 458 vitamque

1032 468 1058 494 in
1073 467 1181 496 Christo
1198 469 1386 497 absconditam
1402 469 1426 484 ⁷⁹
1440 469 1552 501 ducere,
1575 478 1606 497 ac
1621 470 1710 505 magni
1723 470 1819 505 cujus-

1032 514 1093 541 dant
1109 515 1286 550 negotiatoris
1307 517 1403 548 instar,
1420 516 1502 544 rebus
1517 517 1583 543 meis
1597 517 1740 549 omnibus,
1758 524 1821 551 pre—

1034 560 1129 586 tiosattt
1156 560 1231 587 illam
1257 562 1432 597 margaritam
1458 569 1549 589 etnere
1574 561 1610 594 ⁸⁸,
1633 562 1771 596 ﬁuxasque
1792 567 1820 590 et

1032 605 1144 639 fragiles
1155 614 1221 641 opes
1234 614 1295 634 cum
1311 607 1398 634 ﬁrmis
1412 612 1440 634 et
1453 607 1609 634 coelestibus
1623 612 1790 635 commutare
1811 616 1818 634 :

1033 658 1093 684 qua:
1116 651 1226 686 quidem
1253 652 1402 687 negotiatio
1419 660 1485 679 sana
1502 657 1594 680 mente
1606 653 1727 687 praeditis
1741 653 1820 689 longe

1031 697 1150 724 maxima
1170 702 1212 725 est
1227 706 1259 725 ac
1274 699 1427 726 certissima
1443 707 1451 732 ;
1467 699 1540 733 quod
1553 699 1576 727 si
1590 700 1680 726 minus
1689 699 1820 733 consequi

1033 750 1151 777 possetn,
1168 751 1210 770 me
1224 750 1299 771 certe
1314 746 1350 771 ita
1371 745 1528 777 continere,
1545 750 1575 772 ut
1590 745 1721 772 sublimes
1742 746 1820 772 sedes

1032 787 1076 819 iis,
1091 789 1136 823 qui
1151 796 1246 816 earutn
1264 790 1414 824 cupiditate
1428 791 1602 823 ducerentur,
1620 791 1796 818 concederem
1811 799 1820 824 ;

1032 832 1093 868 ipse
1106 841 1171 861 vero
1185 842 1234 869 per
1251 840 1334 862 totam
1352 836 1436 862 vitatn
1458 836 1529 863 inter
1544 844 1644 871 pueros
1659 841 1686 863 et
1701 837 1821 871 discipu-

1034 879 1074 906 los
1086 888 1226 913 censerer,
1239 882 1328 916 quoad
1344 882 1415 909 dulei
1439 882 1561 910 doctrina
1585 883 1684 910 salsatn
1704 887 1732 910 et
1745 891 1820 909 anta-

192 924 249 965 rant
266 919 415 947 doctrinam
442 921 580 949 eluissem.
609 923 672 951 llasc
700 930 789 953 autem
818 934 895 957 uteie.
915 927 973 954 sive
988 927 1175 964 philosophiae,
1193 931 1250 958 sive
1280 931 1446 964 stoliditatis,
1468 930 1554 965 pTima
1586 937 1667 957 causa
1695 929 1818 962 exstitit;

188 963 300 990 alteram
316 972 391 997 vero,
404 973 520 1002 eantque
535 969 735 1004 gravissimam,
750 979 822 999 nunc
836 973 937 1000 audite.

223 1011 271 1056 B’.r
285 1013 393 1049 Ἐπειδὴ
410 1013 481 1050 λόγῳ
500 1015 545 1042 τὸν
562 1017 616 1043 τῶν
637 1011 742 1045 πολλῶν
758 1019 836 1054 λόγον
854 1020 977 1056 ἐπισχεῖν
993 1028 1014 1054 Β

186 1057 236 1093 οὐχ
249 1055 305 1090 οἷός
321 1068 351 1085 τε
367 1061 500 1097 ἐγενόμην
511 1082 518 1094 ,
534 1063 581 1089 κα).
597 1063 646 1099 τὴν
662 1065 709 1092 νῦν
724 1067 891 1101 κατέχουσαν
907 1068 975 1095 πάν-

186 1112 236 1135 τας
251 1104 336 1145 φορὰν
358 1106 406 1134 καὶ
429 1108 583 1144 προθυμίαν
594 1129 602 1142 ,
618 1111 659 1143 είς
674 1112 704 1138 τὸ
720 1112 856 1140 διδάσκειν
880 1123 910 1140 τε
929 1116 978 1142 καὶ

187 1149 277 1197 λαλεῖν
291 1151 326 1178 τὰ
342 1152 388 1179 τοῦ
411 1154 571 1189 Πνεύματος
587 1158 670 1192 χωρὶς
685 1159 844 1194 Πνεύματος
856 1168 864 1176 ο
881 1162 978 1197 ἑτέραν

187 1194 278 1231 ἦλθον,
294 1197 332 1230 ὡς
345 1199 462 1234 ἐμαυτὸν
477 1201 572 1235 πείθω,
590 1202 686 1237 βελτίω
697 1213 727 1230 τε
742 1205 789 1232 καὶ
803 1194 978 1243 ἀπονωτὲραν

187 1241 255 1274 ὁδὸν,
271 1243 415 1271 παιδεῦσαι
430 1246 498 1282 πρὸς
510 1247 625 1282 ἡσυχίαν
641 1248 763 1281 ἅπαντας
777 1250 816 1286 τῷ
833 1241 979 1288 ἁρχετιίπῳ

187 1287 236 1322 τῆς
256 1289 378 1324 άιωπῆς·
399 1291 424 1316 εἰ
440 1292 488 1326 μέν
502 1301 528 1318 τι
545 1292 617 1328 μέγα
634 1295 697 1330 περὶ
714 1295 791 1330 ἡμῶν
805 1296 916 1328 οἴονται,
930 1287 979 1333 τὴν

189 1334 325 1370 ὑπεροχὴν
342 1336 519 1371 αἰδουμένους
528 1348 534 1354 ·
548 1339 572 1365 εἰ
585 1339 613 1365 δὲ
631 1340 727 1376 μικρόν
741 1350 770 1367 τε
783 1343 830 1368 καὶ
847 1343 908 1370 ὅσον
922 1343 979 1378 (52)

188 1378 273 1412 ἄξιον,
290 1380 329 1415 τῷ
344 1381 467 1417 ὁμοτίμῳ
485 1384 750 1419 συμμετριὰζοντας.
767 1383 852 1419 Οὗτος
869 1389 883 1414 ό
901 1388 979 1423 λόγος

188 1424 239 1459 τῆς
260 1426 330 1461 ἐμῆς
345 1427 468 1463 σιωπῆς’
492 1429 571 1456 τοῦτο
592 1431 641 1466 τῆς
663 1433 811 1469 καρτερίας
827 1434 882 1469 (55)
903 1435 980 1470 ἡμῶν

188 1471 219 1497 τὸ
237 1473 396 1508 μυστήριον.
690 1494 693 1498 -

225 1609 263 1638 I".
285 1610 366 1639 Ἀλλὰ
384 1611 411 1638 τί
429 1613 525 1646 ﬁdem;
547 1615 576 1642 '0
593 1615 642 1650 μὲν
657 1615 732 1643 ἔνθεν
747 1617 815 1652 (54),
836 1618 851 1644 ὁ
864 1618 891 1644 δὲ
906 1617 981 1645 ἔνθεν

189 1655 341 1684 διέλκουσιν
364 1658 437 1693 ἡμᾶς
462 1660 509 1686 καὶ
530 1661 730 1697 σπαράττουσι,
758 1663 805 1690 καὶ
832 1664 902 1700 ὑπὲρ
927 1664 981 1692 τῶν

189 1701 265 1737 ὲμῶν
287 1702 440 1735 δικάζονται
468 1706 572 1740 πόνων,
592 1706 687 1743 ὥσπερ
704 1708 768 1735 ἄλλο
787 1718 814 1736 τι
832 1709 912 1745 χρέος
935 1710 979 1737 τὸν

190 1747 268 1783 λόγον
295 1750 493 1786 ἀπαραιτήτως
521 1753 748 1788 εἰσπράττοντες,
779 1755 826 1781 καὶ
851 1756 979 1790 ἀγαπῶσι

193 1794 293 1829 μᾶλλον
320 1796 336 1832 ἢ
363 1797 444 1828 αὐτὸς
470 1798 604 1833 ἐμαυτόν·
631 1801 678 1827 καὶ
701 1801 755 1827 είσὶ
787 1802 887 1834 πάντες
911 1802 978 1837 ἐμοῦ

192 1842 356 1878 σοφώτεροι,
381 1843 462 1870 πλέον
484 1845 500 1880 ἢ
526 1845 582 1879 ἐγὼ
597 1846 776 1879 γινώσκοντες
791 1848 884 1884 καιρὸν
901 1849 979 1882 λόγου

191 1888 208 1923 ἢ
225 1888 281 1924 (55)
296 1890 410 1924 σιωπῆς·
424 1891 471 1917 καί
481 1900 562 1925 φασιν
573 1892 623 1918 οὐκ
637 1893 758 1928 ἀνήσειν,
774 1894 867 1929 ὥσπερ
880 1895 980 1930 σιδήρῳ

193 1935 300 1970 πυρῖτιν
320 1935 375 1969 (56)
402 1935 491 1967 λίθον,
513 1937 639 1969 παίοντες
661 1939 734 1973 ἡμᾶς
760 1941 816 1971 τοῖς
841 1940 979 1972 ὀνείδεσιν,

191 1979 245 2012 ἕως
258 1981 291 2007 ἂν
305 1981 336 2008 ὲκ
359 1982 457 2017 μικροῦ
475 1983 622 2018 σπινθῆρος
640 1984 686 2010 τὸν
701 1984 756 2011 τῶν
772 1985 859 2019 λόγων
877 1987 981 2021 πυρσὸν

192 2021 342 2061 ἁνάῷωσιν.
363 2028 432 2063 Ἤδη
456 2029 485 2054 δέ
509 2037 581 2060 τινες
602 2030 691 2056 αὐτῶν
716 2031 763 2057 καὶ
789 2031 981 2066 ὑπισχνοῦνται

192 2074 373 2109 χρηστότερα,
392 2075 438 2101 κα).
455 2074 561 2110 μεγάλα
583 2076 755 2111 προτιθέασιν
772 2075 841 2104 ἆθλα
864 2079 920 2109 τοῖς
939 2077 981 2104 λό-

193 2127 252 2153 γοις
262 2128 269 2134 ·
283 2120 391 2155 πρῶτον
405 2121 453 2156 μὲν
464 2122 576 2154 ἑαυτοὺς
588 2123 753 2158 εὐποιήσειν,
769 2123 858 2155 δόντες
871 2123 909 2159 τῷ
922 2124 981 2159 θεῷ

193 2165 240 2192 καὶ
263 2167 327 2201 ἡμῖν
344 2168 383 2199 είς
404 2168 450 2194 τὸν
472 2168 551 2202 λόγον
570 2169 795 2204 καρποφορῆσαι·
821 2169 916 2196 ἔπειτα
935 2170 982 2196 καὶ

193 2212 287 2239 τούσδε
303 2213 422 2245 πάντας,
447 2214 490 2241 διὰ
506 2216 556 2251 τῆς
580 2215 743 2250 ἀπογραφῆς
767 2215 834 2249 (57),
857 2215 902 2242 τὸν
918 2215 983 2250 ἐμὸν

193 2257 304 2294 κλῆρον,
331 2258 410 2294 εἴπερ
425 2260 490 2295 ἐμὸς
508 2261 522 2286 ό
546 2261 679 2296 πατρικὸς
691 2281 698 2293 ,
715 2261 745 2287 τὸ
761 2261 828 2296 ὲμὸν
847 2261 982 2296 ποίμνιον,

192 2303 240 2336 οὓς
254 2303 314 2331 λίαν
327 2303 459 2340 ἀδικοίην,
477 2305 514 2340 μὴ
531 2306 619 2333 πάντα
634 2306 734 2342 τρόπον
751 2306 905 2342 εὐεργετεῖν
918 2314 984 2341 προ-

235 2361 456 2395 "Coloss.tn,5.
496 2362 518 2379 ¹⁰
535 2363 628 2390 Matth.
647 2371 708 2395 xut,
725 2363 760 2391 45
770 2371 846 2398 seqq.

231 2409 288 2445 (Π)
309 2409 469 2443 Ἁντιδούς.
485 2409 552 2441 Jes.,
568 2410 730 2445 ῥιντιδιδούς.

242 2443 287 2476 48)
309 2445 380 2472 Οὔκ.
396 2445 463 2479 Reg.
485 2445 537 2476 lun,
551 2443 607 2472 οὖν.

243 2480 289 2513 49)
301 2480 362 2506 7'th
375 2480 597 2516 (εἰρόντων-η(ἰυίδι⁸
614 2481 638 2511 1,
655 2480 700 2506 τὸν
717 2480 821 2516 Θρόνον.
840 2480 886 2507 Sic
903 2481 983 2507 etiam

195 2515 315 2547 Nieetas,
330 2515 374 2548 qui
386 2515 576 2542 διδασκαλικόν
602 2516 627 2541 id
645 2521 697 2546 est.
723 2515 741 2540 c'
754 2515 876 2550 magistri
892 2516 986 2543 cathe-

197 2552 284 2579 dram.
303 2561 312 2576 ι
331 2559 363 2577 ex
384 2551 529 2584 episropali
542 2558 664 2581 munere,
678 2554 798 2584 exponit.

233 2586 288 2620 (50)
306 2585 447 2618 Διὰβίου.
471 2595 480 2610 ι
498 2585 550 2612 Per
570 2590 653 2612 totam
673 2586 765 2612 vitam.
787 2595 796 2612 ι
816 2585 861 2613 Sic
876 2585 984 2613 Nicelas

196 2621 392 2655 interpretatur
408 2629 415 2647 :
432 2621 466 2647 δι’
478 2621 608 2656 ’ὀληςῗμου
628 2621 678 2655 τῆς
701 2621 783 2656 ζωῆς.
798 2620 887 2654 Neque
910 2622 981 2647 enim

196 2657 295 2683 mirum
308 2656 392 2683 videri
419 2656 510 2688 debet,
538 2655 699 2689 Gregorium
726 2655 800 2682 tanto
824 2656 981 2683 humilitatis

197 2698 289 2718 amore
308 2692 460 2726 praeditum,
485 2692 555 2718 inter
575 2699 672 2725 pueros
692 2698 725 2718 ae
738 2691 883 2724 discipulos
895 2696 978 2717 totam

196 2727 280 2753 vitam
292 2728 441 2759 transigere
459 2726 641 2755 desiderasse.
665 2730 752 2760 quoad
771 2727 841 2753 dulci
856 2726 979 2753 doctrina

198 2762 297 2789 salsam
315 2767 342 2789 et
356 2769 476 2789 antaram
489 2761 608 2788 cluisset.
632 2761 708 2788 Unde
719 2761 783 2788 satis
802 2761 902 2788 indicat
923 2766 978 2788 tum

197 2804 306 2824 morum
327 2802 381 2824 tum
401 2797 530 2823 doctrinae
554 2797 696 2827 puritatem
715 2801 770 2823 toto
784 2797 844 2823 vitae
860 2802 980 2829 tempore

197 2833 243 2859 vix
257 2833 408 2866 eontparari
424 2839 512 2866 posse.
530 2831 595 2865 Ejus
611 2832 746 2858 silentium
768 2839 819 2858 non
846 2840 855 2856 ‹
874 2830 981 2858 stolidi-

199 2871 250 2896 tas.
267 2876 276 2892 ι
296 2867 343 2894 sed
361 2876 370 2892 ι
387 2867 528 2900 prudentia
545 2867 632 2901 potius
658 2874 690 2892 ac
710 2867 839 2894 modestia
863 2876 872 2891 ι
891 2866 980 2899 ιψιωμ

200 2901 252 2929 lari
267 2902 357 2929 dehel.
383 2901 441 2930 Non
463 2900 550 2936 igitur
566 2901 634 2928 bene
657 2901 761 2931 Billins.
780 2901 824 2935 qui
852 2900 896 2927 διὰ
923 2900 981 2935 βίου

199 2944 248 2973 per
266 2945 275 2962 ι
293 2938 423 2974 tantisper
442 2947 450 2964 ι
471 2937 566 2965 reddit.
585 2936 651 2970 Quis
662 2937 731 2964 enitn
753 2937 867 2972 ignorat,
879 2936 980 2965 nullum

1066 1020 1097 1048 ll.
1118 1021 1251 1054 Quoniam
1265 1021 1337 1048 ettittt
1352 1020 1498 1047 multorum
1517 1020 1656 1047 hominum
1668 1019 1819 1053 loquacita-

1029 1073 1084 1095 tctn
1099 1074 1225 1095 sermone
1240 1067 1390 1102 reprimere
1403 1074 1456 1093 tton
1471 1067 1545 1101 potui
1559 1086 1567 1098 ,
1591 1072 1640 1092 nec
1659 1064 1819 1099 promptitu-

1027 1114 1118 1141 dinem
1137 1113 1211 1140 illaut
1227 1113 1367 1147 anintique
1391 1113 1520 1148 impetum
1532 1131 1540 1144 ,
1559 1119 1613 1146 quo
1630 1118 1702 1138 nunc
1721 1117 1818 1137 omnes

1028 1158 1061 1185 ad
1074 1166 1104 1185 ea
1119 1165 1180 1193 qua:
1196 1158 1315 1192 Spiritus
1331 1162 1405 1190 sunt,
1435 1158 1494 1185 sine
1520 1157 1624 1192 Spiritu
1649 1156 1769 1184 docenda
1791 1158 1819 1182 et

1027 1204 1186 1238 exponenda
1201 1203 1354 1238 prazcipites
1379 1204 1515 1235 feruntur,
1539 1203 1652 1230 alteram
1675 1202 1758 1234 viam,
1778 1206 1816 1233 et,

1030 1254 1059 1276 nt
1080 1249 1145 1276 tttilti
1165 1250 1335 1284 persuadeo,
1363 1249 1504 1280 meliorem
1532 1249 1676 1283 minusque
1701 1247 1819 1274 laborio-

1029 1303 1099 1327 sam,
1117 1295 1256 1330 ingressus
1267 1302 1337 1328 smn,
1362 1299 1391 1322 ut
1412 1295 1550 1329 proposito
1572 1294 1671 1321 silentii
1694 1292 1818 1327 exemplo

1030 1345 1145 1368 cancros
1164 1341 1196 1366 ad
1212 1340 1349 1367 silentium
1362 1341 1499 1367 erttdirem
1517 1349 1523 1366 :
1536 1340 1559 1367 si
1574 1339 1682 1374 quidem
1694 1339 1727 1365 de
1742 1339 1820 1366 nobis

1031 1385 1181 1413 ltonoriﬁce
1204 1387 1336 1418 sentiant,
1359 1386 1542 1421 praestantiam
1568 1385 1670 1412 honore
1691 1391 1723 1411 ac
1741 1391 1818 1410 reveo

1032 1430 1118 1457 rentia
1132 1434 1349 1464 prosequentes;
1369 1429 1411 1456 sitt
1433 1434 1524 1456 autem
1546 1436 1642 1464 parum
1664 1427 1819 1462 magniﬁce,

1031 1484 1062 1503 ac
1075 1476 1188 1510 perinde
1204 1481 1233 1503 ut
1248 1477 1358 1511 dignum
1381 1481 1433 1509 est,
1457 1475 1569 1510 aequalis
1583 1475 1624 1502 sui
1645 1475 1820 1502 mediocrita-

1033 1528 1085 1549 tent
1106 1523 1258 1550 imitantes.
1278 1522 1340 1550 llaec
1356 1530 1422 1549 meae
1443 1522 1637 1549 taciturnitatis
1651 1521 1742 1554 ratio;
1769 1520 1820 1547 hoc

1031 1568 1168 1596 obﬁrmati
1185 1569 1319 1603 propositi
1340 1568 1425 1596 nostri
1443 1567 1595 1595 consilium.

1067 1614 1111 1643 lll.
1131 1615 1166 1642 At
1183 1615 1247 1650 quid
1264 1615 1363 1642 faciam
1374 1615 1390 1641 ‘I.
1409 1613 1462 1641 Alii
1476 1614 1586 1641 aliunde
1603 1621 1648 1641 me
1670 1613 1780 1640 trahunt
1792 1616 1820 1639 et

1033 1661 1163 1693 lacerant,
1180 1669 1212 1689 ac
1227 1660 1262 1688 de
1285 1661 1353 1688 meis
1375 1660 1515 1687 laboribus
1536 1660 1600 1687 milti
1625 1660 1699 1686 litem
1715 1663 1818 1690 creant,

993 1702 1014 1730 C
1031 1714 1200 1738 sermonem,
1216 1714 1270 1734 non
1291 1713 1369 1734 secus
1385 1713 1417 1733 ac
1433 1705 1515 1741 365
1534 1705 1652 1732 debilutn
1673 1704 1818 1739 quoddam,

1031 1751 1116 1786 rigide
1127 1751 1281 1786 ﬂagitantes
1292 1771 1300 1784 ,
1325 1759 1422 1785 meque
1440 1750 1628 1778 vehementius
1639 1769 1647 1782 ,
1672 1757 1753 1784 quattt
1770 1756 1820 1782 ego

1032 1797 1175 1831 tneipsum,
1186 1797 1339 1832 diligentes,
1351 1805 1382 1824 ac
1395 1803 1438 1824 me
1447 1804 1541 1824 omnes
1554 1796 1686 1830 sapientia
1698 1796 1819 1826 vincunt,

1033 1848 1061 1869 ut
1087 1843 1132 1878 qui
1159 1844 1294 1870 sermonis
1320 1842 1480 1877 silentiique
1497 1848 1602 1877 tempus
1631 1842 1717 1877 magis
1739 1848 1821 1876 quam

1032 1898 1093 1925 ego,
1112 1892 1250 1926 cognitum
1267 1897 1294 1920 et
1317 1891 1487 1926 exploratum
1509 1891 1636 1918 habeant.
1653 1889 1722 1922 Quin
1738 1888 1820 1915 etiam

1035 1941 1134 1972 negant
1151 1945 1181 1964 se
1197 1942 1274 1970 ante,
1291 1943 1319 1964 ut
1345 1937 1449 1965 silicem
1473 1937 1557 1969 lerro,
1578 1937 1617 1963 sic
1635 1943 1677 1962 ttte
1693 1933 1822 1962 conviciis

1036 1983 1169 2010 tmtdendi
1186 1983 1266 2010 ﬁnem
1283 1983 1413 2016 facturos,
1440 1990 1520 2017 quam
1543 1990 1578 2009 ex
1603 1989 1683 2017 parva
1704 1980 1821 2008 scintilla

1035 2029 1171 2063 ingentem
1188 2036 1342 2056 sermonum
1359 2029 1497 2056 ﬂammam
1511 2027 1666 2055 excitarint.
1681 2026 1740 2054 Jatn
1757 2033 1822 2052 vero
1840 2052 1841 2055 η

1036 2074 1146 2108 qttidam
1181 2075 1264 2102 etiam
1290 2074 1454 2109 jucundiora
1490 2074 1671 2109 promittunt,
1701 2072 1822 2105 meisque

1037 2121 1210 2149 sermonibus
1238 2123 1348 2155 pra-mia
1379 2129 1476 2156 magna
1503 2125 1671 2155 proponunt;
1708 2119 1822 2152 pritnutn

1035 2167 1159 2201 quidem,
1175 2173 1204 2194 ut
1217 2168 1250 2194 de
1265 2167 1362 2202 seipsis
1377 2168 1480 2202 optime
1496 2170 1660 2199 mereantur,
1675 2166 1729 2192 Deo
1745 2165 1823 2193 nimi-

1035 2220 1099 2246 rum_
1117 2220 1149 2240 ac
1165 2213 1242 2241 ttobis
1256 2213 1307 2241 hoc
1328 2214 1433 2246 dantes,
1452 2218 1484 2240 ut
1503 2220 1568 2239 suus
1586 2212 1702 2239 orationi
1722 2216 1822 2238 nostrae

1037 2259 1140 2286 fructus
1155 2263 1263 2287 constet
1280 2269 1287 2286 :
1303 2261 1400 2288 deinde
1419 2265 1448 2287 ut
1464 2259 1645 2294 descriptione
1670 2258 1719 2285 hos
1740 2257 1822 2284 etiam

1036 2311 1130 2332 outnes
1141 2305 1254 2339 juvcnt;
1270 2306 1331 2339 hos,
1342 2306 1464 2341 inquatn,
1478 2310 1579 2334 sortem
1591 2312 1690 2334 meatu.
1705 2304 1728 2331 si
1743 2304 1822 2330 modo

1001 2412 1024 2440 ι)
1039 2414 1101 2435 esse
1117 2407 1184 2434 intet
1205 2407 1338 2440 homines,
1355 2408 1401 2442 qui
1416 2417 1426 2434 ε
1442 2408 1573 2442 tantisper
1583 2418 1592 2434 ι
1603 2407 1750 2441 discipulus
1763 2414 1823 2434 esse

1038 2451 1091 2471 non
1107 2442 1222 2469 debeat?

1074 2478 1130 2511 (5t)
1166 2478 1273 2505 Ἔστω.
1307 2478 1386 2506 Deest
1417 2478 1444 2506 in
1479 2478 1556 2505 Pass.

1038 2514 1102 2544 εἴτε,
1120 2512 1250 2548 [melius]

1073 2547 1130 2583 (52)
1155 2547 1210 2574 Καὶ
1226 2547 1311 2575 ὅσον.
1328 2548 1374 2575 Sic
1387 2553 1442 2575 tres
1463 2549 1558 2583 lirgg.,
1579 2553 1632 2575 etc.
1655 2547 1682 2574 In
1697 2547 1824 2583 edurat

1036 2584 1085 2619 οὐχ
1097 2583 1168 2612 ὅσον,
1184 2592 1193 2607 ‹
1212 2591 1261 2610 nec
1269 2584 1381 2618 perinde
1397 2589 1477 2618 atque
1487 2582 1657 2618 dignumest,
1669 2592 1678 2608 ι
1694 2582 1824 2610 utBillius

1037 2620 1239 2650 interpretatur.

1070 2654 1127 2687 (53)
1144 2653 1404 2689 Kupreplacﬁoisl.
1418 2654 1446 2686 2,
1460 2654 1606 2689 σωτηρίας,
1622 2662 1630 2679 ι
1648 2652 1752 2689 salutis.
1775 2661 1786 2678 ι

1034 2724 1051 2751 1.
1072 2688 1128 2723 (54)
1192 2687 1251 2722 μὲν
1275 2689 1374 2723 ἔνθεν,
1399 2695 1452 2717 etc.
1481 2699 1490 2715 ι
1506 2686 1582 2720 Altus
1609 2689 1682 2721 hinc,
1704 2687 1773 2714 alius
1792 2686 1824 2714 il-

1045 2733 1096 2751 tnc.
1115 2733 1124 2749 ι
1135 2732 1150 2750 e
1164 2732 1188 2750 e.

1045 2726 1096 2755 inc,
1115 2733 1124 2749 ι
1135 2729 1188 2750 etc.

1070 2759 1126 2793 (55)
1145 2759 1192 2785 Ἦ.
1208 2757 1345 2789 Nonnulli,
1356 2759 1413 2786 καί.

1070 2794 1126 2830 (56)
1159 2793 1291 2828 Πυρῖτιν.
1324 2793 1392 2830 Reg.
1424 2794 1480 2828 bm,
1515 2800 1543 2822 et
1573 2794 1655 2822 Goisl.
1687 2795 1714 2826 1,
1742 2793 1825 2830 πυρί-

1035 2839 1094 2865 την,

1071 2864 1127 2899 (ὅτ)
1145 2862 1264 2900 Διὰ-τῆς
1279 2864 1466 2899 ἀπογραφῆς.
1486 2873 1495 2890 ι
1517 2864 1568 2892 Per
1583 2866 1824 2900 descriptioneth

1036 2900 1162 2936 nimirum
1190 2898 1297 2936 Juliani
1317 2898 1410 2936 opera,
1432 2898 1608 2930 tributorum
1634 2898 1825 2936 csazquatoris,

1036 2934 1164 2971 Gregorio
1182 2935 1349 2963 anticiSsimi.

1594 2478 1659 2512 Reg.
1680 2485 1704 2505 c.
1731 2478 1822 2510 habet,
