2049 3143
229 181 298 210 ίΟόἸ

829 180 858 207 S.
881 179 1047 207 GREGORII
1066 178 1239 207 THEOLOGI

1789 178 1859 206 1048

227 247 288 275 qum
312 242 424 274 paterna
442 246 512 271 sors,
531 247 591 266 mea
617 239 751 267 censenda
768 244 829 271 est,
846 247 945 270 meum,
977 239 1019 266 in-

1072 238 1250 274 ουμούμενος.
1266 238 1302 265 Τὺ
1316 238 1344 265 δὲ
1359 237 1512 270 κάλλιστον,
1529 237 1580 269 ὅτι,
1601 237 1615 263 ὃ
1631 235 1716 263 πολλὰ
1730 236 1861 271 πονήσανο

227 293 320 320 quam,
335 292 453 320 gregem,
471 293 551 320 quem
572 285 679 320 quidem
697 285 748 312 nisi
771 285 899 313 omnibus
914 284 1017 312 beneﬂ-

228 333 278 359 ciis
295 339 392 366 augere
407 331 557 363 studerent,
569 331 741 366 iniquissime
759 331 891 359 facerem.
917 330 945 357 ln
959 337 1013 364 quo

223 377 310 403 etiam
326 377 388 403 illud
404 382 445 403 est
465 377 715 411 praeclarissimum,
730 378 813 412 quod,
826 381 884 404 uta
902 384 945 404 me
959 384 1017 404 ser.

229 429 336 448 nionem
352 421 506 454 impetrent,
521 422 572 448 hoc
586 422 671 456 ipsum
684 420 812 453 offerunt,
825 422 896 456 quod
911 427 940 448 ut
951 429 1016 449 cou-

228 473 367 500 sequerer,
383 473 497 500 rnagnus
510 466 574 493 mihi
591 466 666 493 labor
680 468 705 493 in
722 467 838 494 dicendo
866 467 1017 502 suscipien-

227 511 278 538 dus
302 511 405 538 fuisset.
430 511 452 538 0
474 511 631 546 prteclaram
651 511 864 543 contentionem,
886 518 939 545 qua
968 519 1012 538 nte

229 558 338 585 vincere
354 557 529 584 adnitunturl
554 565 570 584 ο
586 556 719 591 insignem
739 557 947 584 liberalitatem!
967 556 1015 584 Vi-

231 603 293 630 dete
321 604 383 638 quid
411 603 547 630 silentium
571 607 693 630 nostrum
717 602 838 630 ell'eeerit
853 610 860 628 :
875 602 962 637 majus
990 603 1015 629 iu

1067 293 1116 316 τας
1131 283 1184 310 ἔδει
1199 284 1372 320 κατορθῶσαι
1387 285 1444 316 τοῖς
1456 283 1557 318 λόγοις,
1573 282 1652 309 τοῦτο
1665 282 1735 317 ὑπὲρ
1747 281 1802 308 τῶν
1815 281 1860 308 λὸ-

1069 339 1125 365 γων
1142 330 1232 357 αὐτῶν
1249 330 1430 366 εἰσφέρουσιν.
1457 330 1489 356 Ὦ
1509 329 1560 364 τῆς
1580 328 1666 363 καλῆς
1684 327 1859 362 φιλονεικίας,

1066 377 1100 411 ἢν
1114 376 1164 411 ἐμὲ
1178 377 1288 411 νικῆσαι
1301 375 1500 411 φιλονεικοῦσιν
1512 376 1519 402 l
1535 375 1567 400 Ὢ
1579 373 1629 409 τῆς
1643 373 1789 408 ὲπαινετῆς
1800 374 1861 399 ἑπι-

1066 420 1182 453 δόσεωςί
1201 421 1299 457 Ὁρᾶτε
1316 421 1432 456 πηλίκον
1445 421 1476 447 τὸ
1492 420 1572 457 ἔργον
1585 420 1635 455 τῆς
1650 419 1722 454 ἐμῆς
1736 417 1841 453 σιωπῆς
1851 424 1860 433 ·

1069 466 1168 498 αὐτοὺς
1190 467 1254 502 ὑμῖν
1279 467 1414 502 πεποίηκε
1436 466 1500 498 τοὺς
1526 466 1622 500 λόγους
1645 464 1859 500 ποθεινοτέρους.

1075 511 1172 548 Ὁρᾶτε
1188 513 1233 539 τὸν
1249 512 1356 548 καρπὸν
1377 513 1426 548 τῆς
1441 511 1549 544 ἀδοξίας
1570 511 1620 546 τῆς
1637 510 1775 546 ἡμετέρας
1791 510 1858 545 (58).

1070 556 1133 582 Εἴθε
1149 565 1175 582 τι
1189 557 1296 591 γένοιτο
1309 557 1356 584 καὶ
1367 557 1421 583 τῶν
1434 556 1519 590 λόγων
1534 555 1660 582 τοσοῦτον
1674 555 1779 589 ὕφελος,
1799 554 1860 581 ὅσον

1069 603 1118 638 τῆς
1133 603 1247 637 σιωπῆς.

229 650 306 677 vobis
333 657 487 676 sermonum
520 649 637 684 ipsorum
674 648 841 676 desiderium
874 648 1014 675 excitavit.
1049 648 1144 676 Videte
1179 658 1259 684 quem
1297 649 1414 676 fructum
1452 657 1527 676 meus
1565 648 1657 684 gloria:
1685 651 1859 682 contemptus

229 694 373 728 pepererit.
389 693 495 722 Utinam
507 700 635 729 quantum
649 696 775 724 utilitatis
786 697 925 724 silentium
943 697 1044 728 attulit,
1068 702 1171 724 tantum
1187 705 1328 724 sermones
1347 698 1397 732 ipsi
1410 697 1534 725 aderant.

266 739 311 766 ιν.
337 734 471 772 Quoniam
493 740 574 774 igitur
590 741 688 775 placet,
715 747 796 776 atque
820 742 949 769 invictum
978 743 1017 768 vi-

231 785 323 818 cistis,
341 793 373 812 ae
404 786 437 812 de
464 792 555 814 nostra
581 788 749 822 philosophia
773 794 902 822 tropmum
922 788 1020 815 statui-

230 832 291 863 stis,
306 840 365 867 age,
381 832 483 867 aliquid
508 833 540 859 ad
566 841 614 860 vos
637 835 724 861 dicam
743 834 851 861 silentio
874 834 970 861 melius
989 841 1021 860 ac

1106 744 1143 770 A'.
1161 743 1266 769 Οὐκοῦν
1280 743 1374 778 ἐπειδὴ
1385 743 1472 770 ταῦτα
1487 743 1569 774 δοκεῖ,
1584 742 1630 769 xui.
1643 741 1802 776 νενικήκατε
1814 739 1860 767 τὸν

1074 788 1207 823 ἀήττητον
1224 787 1292 822 (59),
1305 788 1352 815 xui
1365 788 1494 823 τρόπαιον
1507 787 1638 822 ὲστήσατε
1654 786 1709 821 (60)
1725 785 1796 812 κατὰ
1810 785 1861 819 τῆς

1073 833 1143 868 ἐμῆς
1158 833 1326 868 φιλοσοφίας,
1343 833 1408 869 φέρε
1419 841 1446 859 τι
1459 832 1618 868 φθέγξωμαι
1631 831 1686 867 (Gl)
1699 831 1765 867 πρὸς
1776 829 1860 866 ὑμᾶς,

229 879 424 914 praestabilius.
440 879 513 906 Nihil
531 881 613 915 igitur
627 881 706 908 molle
723 889 755 908 ac
771 881 924 914 remissum,
953 880 1021 907 nihil

1073 879 1122 914 τῆς
1139 879 1244 914 σιωπῆς
1267 879 1388 914 ἄμεινον.
1405 879 1560 914 Φθέγξομαι
1576 877 1734 913 τοιγαροῦν,
1758 877 1788 903 οὑ
1806 884 1861 912 μα-

232 932 376 952 numerosa
402 926 588 953 concinnitate
610 926 772 953 multitudini
791 926 937 960 jucundum
959 927 1017 954 elo-

231 977 316 1004 quar;
338 978 394 997 non
417 971 489 997 enim
507 971 634 998 eximiam
654 972 766 1006 gratiam
793 973 844 999 mei
867 973 1021 999 amantibus

232 1017 419 1050 rependerem,
451 1017 503 1044 hoc
525 1017 656 1045 orationis
679 1026 779 1053 genere
799 1024 896 1051 utens;
927 1026 1020 1045 verum

234 1061 380 1088 admodum
398 1061 507 1090 robusta
534 1068 561 1089 et
586 1063 640 1090 acri
671 1071 703 1091 ac
728 1064 882 1091 vehementi
915 1065 1020 1091 dicendi

232 1109 339 1133 ratione
355 1111 427 1139 utar,
444 1111 471 1134 et
486 1115 537 1142 qua
559 1108 608 1143 ipsi
631 1107 747 1137 fortasse
769 1109 893 1136 meliores
923 1108 1022 1136 elﬁcie-

232 1152 312 1185 mini,
325 1152 452 1180 nimirum
468 1161 483 1179 a
500 1161 581 1181 carne
598 1155 631 1181 ad
649 1155 775 1188 spiritum
800 1155 936 1186 translati,
959 1155 1022 1181 aui~

233 1196 341 1230 misque
360 1197 387 1223 iu
414 1197 498 1224 altum
517 1199 622 1226 abunde
642 1199 773 1227 subvecti.
795 1199 860 1226 Filii
877 1200 1021 1232 hominum,

233 1249 366 1276 tur/nequo
381 1243 456 1277 gravi
472 1243 570 1270 corde?
588 1244 711 1278 (initium
733 1245 805 1271 enim
820 1253 835 1271 a
855 1244 958 1272 Davide
972 1246 1021 1272 du-

232 1295 305 1321 canz,
321 1289 453 1323 propheta
467 1289 493 1316 iu
514 1290 627 1317 dicendo
641 1291 759 1317 maxime
773 1291 880 1318 sublimi
890 1291 916 1324 ;)
932 1291 1022 1325 utquid

231 1333 343 1369 diligitis
356 1335 508 1366 vanitatem,
535 1339 559 1361 et
579 1336 697 1369 quaeritis
708 1335 873 1362 mendatium
885 1335 928 1361 ⁸ίῖ
948 1335 1023 1363 llanc

233 1379 340 1406 scilicet
353 1380 454 1413 vitam,
467 1385 494 1407 et
510 1381 632 1413 delicias,
651 1386 678 1408 et
691 1382 817 1416 exiguam
831 1381 982 1417 gloriolam,
996 1386 1023 1408 et

231 1425 363 1452 humilem
378 1427 540 1460 potentiam,
557 1431 584 1454 et
605 1427 700 1454 falsam
726 1428 948 1462 prosperitatem,
965 1435 1024 1454 ma-

233 1479 316 1505 gnum
340 1471 441 1506 aliquid
452 1477 480 1499 et
509 1472 626 1507 amplum
652 1480 712 1499 esse
725 1474 921 1500 existimantes.
956 1473 1020 1501 llam

235 1521 326 1544 tamen
348 1525 400 1544 non
426 1518 513 1553 magis
534 1525 628 1544 eorum
652 1518 698 1553 qui
719 1526 750 1544 ea
770 1519 919 1552 possident,
941 1527 1022 1554 quam

235 1570 330 1589 eorum
347 1563 391 1598 qui
409 1570 439 1590 ea
453 1564 480 1590 in
498 1570 545 1598 spe
557 1564 668 1596 habent,
685 1564 810 1598 propria;
823 1572 909 1599 neque
926 1566 1022 1592 horum

234 1615 333 1635 rursus
361 1609 458 1643 magis,
482 1617 562 1643 quam
591 1609 697 1636 illorum
736 1611 807 1644 apud
838 1618 907 1644 quos
932 1618 967 1638 ne
995 1612 1022 1638 in

235 1653 437 1688 exspectatione
449 1655 557 1689 quidem
566 1663 684 1689 unquam
698 1655 823 1682 filerunt:
837 1664 930 1683 verum
942 1657 1024 1692 366

235 1704 266 1725 ut
283 1699 369 1734 pulvis
386 1707 400 1725 a
421 1700 527 1727 turbine
551 1700 586 1731 ⁸⁸,
601 1702 641 1728 sic
657 1709 690 1728 ea
705 1701 740 1728 ab
757 1702 816 1729 aliis
830 1702 864 1729 ad
880 1702 947 1730 alios
959 1704 1024 1730 sub-

235 1745 298 1772 inde
326 1746 490 1773 ventilantur
509 1752 590 1782 atque
606 1748 759 1782 jactantur,
791 1753 818 1776 et
840 1749 910 1776 sicut
933 1749 1023 1776 fumus

1073 924 1157 952 λακόν
1177 934 1202 952 τι
1215 926 1261 951 xui
1279 925 1507 960 ἀναϐεϐλημένον,
1523 925 1583 951 οὐδὲ
1599 925 1649 960 τῆς
1670 924 1782 959 ἡδίστης
1804 924 1860 954 τοῖς

1071 972 1179 1003 πολλοῖς
1200 971 1333 1008 ἁρμονίας
1357 971 1435 1007 (οὐδὲ
1458 971 1512 1007 γὰρ
1533 971 1565 997 ἂν
1587 970 1676 1002 καλῶς
1695 969 1860 1005 ἀμειὸοίμην

1069 1018 1134 1049 τοὺς
1147 1018 1230 1053 ἐμοὺς
1246 1018 1373 1053 ἐραστὰς,
1390 1016 1461 1043 οὕτω
1481 1015 1694 1052 διαλεγόμενος),
1718 1014 1786 1041 ἀλλὰ
1812 1014 1861 1041 xui.

1070 1062 1130 1089 λίαν
1149 1062 1274 1098 ἀνδρικόν
1288 1070 1318 1088 τε
1335 1062 1381 1088 καὶ
1398 1061 1522 1088 σύντονον
1544 1060 1612 1096 (62),
1638 1060 1685 1087 καὶ
1700 1056 1722 1094 ᾦ
1738 1059 1809 1094 τάχα
1826 1059 1862 1085 ἂν

1071 1109 1200 1144 ἀμείνους
1225 1108 1347 1142 γένοισθε
1358 1127 1365 1140 ,
1382 1108 1434 1134 ἀπὸ
1450 1108 1500 1142 τῆς
1517 1107 1616 1143 σαρκὸς
1638 1107 1684 1132 ἐπὶ
1700 1105 1731 1133 τὸ
1754 1104 1862 1140 πνεῦμα

1073 1153 1295 1190 μετενεχθέντες,
1316 1154 1363 1180 καὶ
1378 1153 1530 1187 ὑψωθέντες
1547 1152 1648 1183 ἱκανῶς
1663 1152 1713 1187 τὴν
1731 1151 1860 1178 διάνοιαν.

1076 1201 1136 1227 Υἱοὶ
1148 1200 1321 1234 ἀνθρώπων,
1335 1200 1389 1233 ἕως
1405 1200 1476 1226 πότε
1487 1198 1684 1233 ,ϐαρυκάρδιοι
1699 1197 1863 1233 (προοιμιά-

1077 1255 1158 1281 σομαι
1183 1246 1238 1281 γὰρ
1267 1245 1334 1280 πρὸς
1362 1246 1434 1281 ὑμᾶς
1463 1246 1496 1271 ἐκ
1522 1245 1569 1272 τοῦ
1604 1243 1862 1280 μεγαλοφωνοτάτου

1073 1291 1173 1326 Δαϐίδ)
1186 1301 1193 1325 ;
1211 1292 1279 1318 ’Ἰν-α
1294 1291 1322 1317 τί
1336 1289 1468 1326 ἀγαπᾶτε
1482 1290 1675 1325 ματαιότητιι,
1692 1289 1741 1316 καὶ
1754 1289 1864 1322 ζητεῖτε

1072 1337 1197 1372 ψεῦδος,
1217 1337 1288 1373 μέγα
1301 1346 1326 1363 τι
1341 1337 1387 1363 τὸν
1401 1336 1518 1364 ἐνταῦθα
1535 1337 1601 1372 βίον,
1621 1336 1670 1363 xui.
1682 1336 1732 1371 τὴν
1745 1335 1862 1371 τρυφὴν,

1073 1383 1162 1410 καὶτὸ
1178 1383 1275 1419 μικρὸν
1288 1382 1419 1418 δοξάριον,
1432 1383 1480 1409 xui
1489 1382 1538 1417 τὴν
1551 1381 1680 1416 ταπεινὴν
1692 1381 1862 1413 δυναστείαν,

1073 1429 1120 1456 xui.
1136 1429 1185 1464 τὴν
1208 1428 1377 1465 ψευδομένην
1395 1428 1545 1464 εὐημερίαν
1561 1427 1813 1463 ὑπολαμϐάνοντες
1830 1426 1864 1452 ’Δ

1077 1476 1115 1512 μὴ
1126 1476 1178 1503 τῶν
1191 1477 1304 1511 ἑχόντων
1318 1475 1418 1511 μᾶλλόν
1432 1477 1505 1502 ἐστιν
1517 1475 1534 1511 ἢ
1545 1475 1599 1501 τῶν
1613 1474 1789 1504 ἐλπισάντων,
1803 1471 1864 1499 οὐδὲ

1074 1522 1175 1549 τούτων
1198 1522 1298 1557 μᾶλλον
1313 1521 1330 1557 ἦ
1347 1522 1401 1548 τῶν
1417 1522 1477 1548 οὐδὲ
1494 1521 1736 1558 προσδοκησαντων
1747 1528 1753 1535 ·
1769 1519 1865 1554 ὥσπερ

1037 1558 1060 1588 C
1075 1567 1139 1604 χοῦς
1156 1568 1208 1594 ὑπὸ
1223 1568 1352 1600 λαίλαπος
1369 1567 1463 1594 ἄλλοτε
1480 1569 1519 1600 εἰς
1538 1568 1634 1599 ἄλλους
1657 1565 1821 1602 ριπιζόμενὰ
1833 1573 1864 1591 τε

1076 1615 1123 1640 xui
1137 1613 1394 1650 μεταρῤιπτοὺμενα
1405 1634 1412 1645 ,
1428 1613 1444 1648 ἢ
1465 1613 1559 1649 ὥσπερ
1575 1612 1677 1644 καπνὸς
1693 1610 1864 1648 διαρρἐντα,

1076 1661 1123 1686 xui
1135 1659 1172 1691 ὡς
1191 1659 1258 1695 ὄναρ
1274 1659 1416 1691 παίζοντα,
1431 1659 1479 1685 xui
1493 1659 1530 1691 ὠς
1544 1658 1609 1685 σκιὰ
1626 1658 1663 1694 μὴ
1680 1656 1862 1692 κρατούμενα·

1076 1702 1139 1728 οὔτε
1155 1703 1261 1729 ἀπόντα
1281 1702 1445 1729 δυσέλπιστα
1464 1704 1519 1734 τοῖς
1540 1703 1572 1729 οὐ
1591 1703 1779 1738 κεκτημένοις,
1801 1700 1864 1727 οὔτε

1076 1748 1196 1783 παρόντα
1210 1748 1293 1775 πιστὰ
1307 1749 1363 1779 τοῖς
1377 1748 1496 1783 ἔχουσιν.

240 1793 398 1820 dilabuntur
409 1793 443 1825 ⁸³,
465 1797 494 1820 et
523 1799 649 1829 tanquam
671 1795 834 1823 insomnium
863 1796 986 1823 homines
1014 1795 1143 1823 deludunt
1171 1796 1205 1826 ⁸⁸,
1233 1797 1387 1830 umbraeque
1415 1795 1518 1825 instar,
1546 1793 1670 1821 manibus
1700 1793 1783 1820 teneri
1818 1798 1865 1818 ne-

237 1844 363 1873 queunt;
393 1847 423 1867 ac
442 1840 559 1874 denique
579 1842 616 1868 ita
636 1846 794 1876 comparata
816 1846 898 1874 sunt,
919 1846 949 1869 ut
971 1849 1030 1879 nec,
1058 1849 1119 1868 cutn
1146 1841 1264 1873 absunt,
1295 1843 1328 1868 de
1357 1842 1390 1868 iis
1409 1840 1606 1874 cmisequendis
1627 1839 1791 1873 desperent,
1818 1837 1865 1871 qui

238 1893 291 1912 non
308 1886 425 1918 habent;
449 1895 498 1914 nec
519 1894 580 1914 cum
603 1888 718 1920 adsunt,
740 1887 901 1916 habentibus
922 1889 975 1916 lida
995 1895 1021 1916 et
1036 1893 1109 1916 certa
1125 1890 1188 1915 sint.

273 1933 305 1959 V.
335 1932 392 1960 Non
416 1933 444 1960 in
470 1934 567 1962 coelum
593 1941 702 1962 sursum
733 1935 930 1969 suspiciemusi
968 1935 1025 1962 Non

1113 1934 1150 1962 E’.
1179 1936 1237 1962 Οὐκ
1258 1934 1446 1970 ἁναϐλέψομεν
1460 1935 1500 1965 εἰς
1524 1932 1570 1958 τὸν
1589 1929 1702 1966 οὐρανὸν
1719 1929 1794 1962 dvo);
1815 1928 1866 1955 οὐχ

236 1979 477 2013 expergiscemur?
493 1979 550 2006 Non
572 1979 657 2006 lemas
672 1986 704 2006 ex
729 1980 814 2007 oculis
830 1980 1022 2007 detrahemus?

1077 1981 1246 2016 éxvﬁdaousv;
1261 1980 1291 2006 οὐ
1311 1979 1365 2007 τῶν
1380 1978 1527 2014 ὀφθαλμῶν
1547 1977 1597 2012 τὴν
1614 1976 1704 2011 λήμην
1720 1974 1865 2010 περιαιρή-

237 2023 309 2055 Non,
323 2032 448 2059 qua-nam
462 2033 533 2052 verae
545 2025 646 2052 divitiae
662 2030 736 2057 sunt,
752 2026 953 2061 intelligemus?
976 2027 1026 2059 Qui

244 2078 325 2098 verus
349 2071 496 2105 splendor?
521 2071 571 2099 Ubi
588 2072 705 2106 dignitas
729 2072 888 2099 mutationis
908 2073 1028 2106 expers?

238 2117 304 2150 Quae
319 2116 398 2144 ﬁnem
412 2117 536 2145 nesciens
548 2118 703 2146 beatitudo?
722 2119 771 2146 Ubi
784 2119 883 2146 bonum
899 2118 963 2146 illud
978 2127 1027 2146 nec

238 2162 381 2195 ﬂuctuans,
397 2171 446 2190 nec
461 2163 513 2190 alio
532 2164 662 2198 migrans.
675 2172 725 2191 nec
739 2164 844 2191 insidiis
858 2163 1026 2191 obnoxium?

238 2209 297 2236 Non
319 2210 377 2236 lizec
404 2209 498 2237 multis
517 2210 674 2241 laboribus.
700 2211 908 2245 sudoribusque,
936 2211 959 2237 si
988 2211 1024 2237 ita

238 2255 389 2289 contingat,
413 2256 614 2286 adipiscemuri
640 2256 709 2289 Non,
734 2256 756 2283 si
780 2256 844 2290 qttid
872 2256 977 2283 deliciis
999 2257 1026 2283 in

239 2299 292 2326 hac
311 2300 366 2326 vita
392 2299 511 2327 dandum
528 2307 579 2331 est,
606 2309 695 2328 rerum
720 2301 873 2328 futurarum
894 2309 955 2335 spes
979 2309 1027 2336 pro

239 2343 345 2371 deliciis
359 2345 538 2372 habebimus?
550 2345 608 2372 Non
618 2346 877 2377 animadvertemus,
900 2351 954 2373 tum
969 2354 1027 2373 om-

240 2398 290 2417 nes
304 2395 412 2418 sanctos
431 2396 576 2426 martyres.
587 2393 644 2426 qui,
657 2392 730 2419 velut
744 2399 902 2419 communes
917 2393 1025 2423 quidam

240 2435 316 2466 nodi.
334 2436 489 2463 universum
514 2441 647 2462 terrarum
668 2436 762 2463 orbem
780 2437 912 2471 complexi
943 2442 1026 2469 sunt,

240 2486 298 2508 tum
315 2482 364 2509 hos
375 2482 457 2509 etiam
483 2489 597 2516 quorum
623 2483 734 2509 nomine
750 2482 848 2509 festum
867 2483 938 2509 hunc
955 2483 1026 2509 dietn

240 2527 395 2561 agitamus?
407 2527 492 2560 Quam
508 2527 543 2553 ob
557 2535 667 2554 causam
683 2526 806 2556 vulnera,
825 2526 942 2558 vincula,
965 2534 1028 2552 cru-

277 2573 298 2588 "
317 2573 388 2600 Psal.
406 2580 445 2605 tv,
461 2573 487 2600 5.
526 2573 548 2589 ⁸²
562 2572 626 2607 Sap.
645 2581 672 2605 v,
685 2573 729 2600 i5.
767 2574 789 2589 ⁸³
806 2572 855 2599 Job
878 2580 936 2603 xxt,
953 2572 996 2599 18.

278 2618 333 2653 (58)
353 2618 410 2652 Τῆς
427 2618 550 2651 ἀδοξίας
559 2618 615 2652 τῆς
629 2618 784 2653 ἡμετέρας.
812 2619 905 2645 Billius
923 2627 930 2644 :
949 2627 958 2643 ι
971 2619 1027 2653 γιιιεὶ

242 2652 359 2681 nominis
384 2655 534 2681 obScuritas
560 2652 705 2688 gloriaeque
727 2654 902 2688 contemptio.
936 2661 946 2678 ›
969 2652 1027 2679 Non

242 2694 331 2721 recte;
347 2696 407 2716 cum
424 2690 524 2723 potius.
538 2689 572 2716 ob
588 2689 703 2716 nominis
715 2689 877 2718 claritatem,
891 2696 1029 2715 sermones

246 2725 280 2750 ab
291 2731 323 2751 eo
347 2725 538 2758 poscebantur,
563 2732 595 2751 eo
610 2724 681 2758 quod
696 2723 803 2751 dicendi
820 2724 895 2757 copia
917 2723 1029 2757 insignis

245 2759 403 2785 habebatur.

282 2793 337 2828 (59)
356 2794 525 2827 Ἀήττητον.
541 2804 549 2819 ι
567 2794 708 2821 Invictum.
721 2803 730 2820 ›
750 2794 832 2821 Addit
849 2793 961 2820 Billius:
977 2802 986 2818 ‹
1000 2798 1026 2820 ut

246 2828 306 2862 ipse
325 2829 431 2862 quidem
450 2829 499 2856 sibi
518 2829 668 2856 videbatur.
687 2839 696 2854 ι
727 2828 792 2862 Quae
811 2837 871 2856 cum
895 2837 909 2855 a
934 2828 1028 2856 Graeco

243 2863 345 2895 absint,
360 2863 470 2890 delenda
482 2863 672 2897 judicaviutus.

279 2898 337 2933 (60)
361 2898 536 2932 Ἐστήσατε.
553 2898 639 2931 Pass,
658 2898 817 2933 ἐστήσασθε.

1077 2035 1177 2062 σομεν;
1199 2026 1249 2052 οὐκ
1266 2025 1411 2060 εἰσόμεθα,
1431 2025 1474 2056 τίς
1499 2026 1513 2050 ὁ
1530 2022 1656 2059 ἀληθινὸς
1679 2021 1802 2053 πλοῦτος,
1819 2020 1866 2046 xui

1074 2071 1116 2103 τίς
1129 2072 1145 2106 ὴ
1158 2070 1241 2102 ὄντως
1253 2070 1425 2106 λαμπρότης,
1440 2070 1484 2096 καὶ
1498 2068 1549 2095 ποῦ
1562 2067 1592 2094 τὸ
1603 2067 1640 2102 μὴ
1654 2067 1796 2093 διαπῖπτον
1809 2064 1865 2099 (63)

1076 2117 1201 2152 ἀξίωμα;
1227 2117 1268 2148 τίς
1291 2117 1307 2151 ἡ
1334 2116 1486 2152 ἀπέραντος
1512 2114 1683 2148 εὐδαιμονία,
1708 2113 1754 2139 xui
1769 2111 1820 2138 ποῦ
1836 2111 1867 2137 τὸ

1043 2180 1063 2207 D
1077 2160 1224 2187 ἀσάλευτον
1247 2162 1348 2195 ἀγαθὸν
1364 2162 1431 2195 (64),
1451 2161 1518 2196 μηδὲ
1542 2160 1754 2195 μεθιστάμενον,
1776 2158 1792 2193 ἢ
1808 2159 1868 2207 ἐπι-

1079 2207 1291 2242 6ουλευόμενον;
1312 2208 1349 2234 Οὐ
1373 2207 1530 2243 κτησόμεθα
1550 2207 1636 2233 ταῦτα
1653 2205 1758 2236 πολλοῖς
1775 2203 1868 2240 ἱδρῶσι

1080 2253 1127 2279 καὶ
1142 2253 1244 2285 πόνοις,
1261 2253 1295 2279 ἂν
1308 2252 1378 2280 οὕτω
1400 2253 1551 2288 συμῧαίνῃς
1576 2251 1636 2283 οὒκ,
1658 2251 1684 2277 εἴ
1703 2260 1729 2277 τι
1749 2250 1789 2277 δεῖ
1801 2259 1868 2286 τρυ-

1081 2299 1134 2334 φᾷν
1151 2298 1288 2330 ἐντεῦθεν,
1305 2300 1334 2325 ἐν
1353 2301 1412 2330 ταῖς
1428 2299 1518 2326 ἐλπίσι
1535 2298 1728 2334 τρυφήσομεν;
1746 2297 1776 2323 οὐ
1797 2305 1870 2330 γνωρ

1081 2345 1183 2380 σόμεΘα
1198 2346 1262 2377 τοὺς
1275 2345 1369 2379 ἁγίους
1391 2346 1531 2381 μάρτυρας
1542 2365 1549 2376 ,
1570 2345 1632 2376 τούς
1647 2353 1676 2371 τε
1692 2343 1786 2375 ἄλλους
1802 2343 1870 2369 πάν-

1079 2399 1129 2422 τας
1145 2391 1210 2425 (65),
1223 2391 1248 2417 οῗ
1261 2392 1351 2418 πᾶσαν
1366 2391 1518 2426 διειλήφασι
1531 2391 1580 2426 τὴν
1590 2390 1762 2425 οἰκουμένην,
1775 2389 1870 2424 ὥσπερ

1081 2437 1152 2469 τινὲς
1171 2437 1255 2463 κοινοὶ
1271 2437 1430 2470 σύνδεσμοι,
1453 2437 1500 2463 καὶ
1515 2433 1552 2463 ὦν
1569 2437 1585 2471 ἡ
1601 2436 1726 2471 παροῦσα
1748 2435 1872 2469 πανήγυ-

1083 2491 1141 2517 ρις;
1165 2483 1250 2518 ’Υπὲρ
1269 2483 1341 2514 τίνος
1361 2483 1524 2519 τραύματα,
1543 2483 1590 2509 xui
1605 2481 1703 2517 δεσμὰ,
1727 2481 1772 2507 καὶ
1791 2489 1871 2515 στρε-

1082 2528 1205 2560 ϐλώσεις,
1223 2529 1270 2555 xui
1292 2529 1378 2565 πυρὸς
1392 2528 1523 2564 ἀπειλὴν,
1541 2529 1588 2555 καὶ
1605 2528 1690 2562 ξιφῶν
1706 2527 1809 2562 ἀκμὴν,
1824 2526 1872 2552 xui.

1034 2573 1058 2588 ⁸⁸
1075 2574 1157 2602 Eccli.
1173 2583 1266 2606 xxxtv,
1282 2576 1306 2601 l.

1118 2620 1174 2655 (61)
1208 2620 1389 2655 Φθέγξωμαι.
1425 2619 1470 2647 Sic
1506 2620 1572 2654 Reg.
1607 2620 1634 2647 d.
1666 2619 1729 2651 Alii,
1757 2619 1872 2655 φθέγξο-

1107 2664 1144 2682 αι.

1085 2663 1104 2690 μ
1118 2690 1172 2724 (62)
1187 2691 1347 2717 Σύντονον.
1367 2690 1450 2718 Cois].
1464 2691 1490 2722 1,
1505 2689 1624 2717 εὔτονον.

1117 2725 1355 2768 (65)¹Διαπῖπτον.
1372 2726 1496 2759 Quinque
1507 2725 1603 2761 “4:33.,
1621 2730 1648 2753 ct
1665 2726 1757 2752 decem
1781 2723 1870 2757 Coll»,

1083 2769 1262 2794 μεταπιπτον.

1118 2796 1173 2830 (61»)
1198 2795 1233 2822 Τὸ
1250 2795 1421 2822 ἀσάλευτον·
1433 2794 1554 2829 ἀγαθόν.
1573 2795 1730 2827 (Ζοί51.9,τὸ
1741 2794 1778 2830 μὴ
1792 2792 1872 2822 ἁλλό-

1081 2839 1155 2866 τριον
1168 2830 1279 2864 ἀγαθόν.

1119 2865 1175 2901 (65)
1190 2866 1317 2898 Πάντας.
1333 2865 1399 2901 Reg.
1413 2865 1438 2899 tl,
1454 2865 1585 2897 ἅπαντας.
