2049 3143
187 203 256 229 1049

453 201 582 230 ORATIO
600 202 670 230 XIX.
690 217 724 222 —-
743 203 788 230 AD
807 203 982 232 JULIANUM
1002 205 1234 234 TRIBUTORUM
1255 206 1544 240 EXx'EQUATUREM.

1744 207 1811 236 1050

187 257 277 293 θηρῶν
293 263 451 294 αγριοτητα,
469 268 516 286 και
535 260 641 292 σκότος,
658 261 707 287 καὶ
720 260 808 297 λιμὸν,
825 261 870 289 καί
887 263 973 299 βάρα-

1024 265 1129 298 cintus,
1146 265 1215 300 ignis
1235 266 1340 297 minas.
1362 265 1512 301 gladiorum
1534 265 1619 293 aciem
1632 287 1640 299 ,
1664 265 1810 293 belluarma

187 302 250 339 θρα,
269 303 316 329 καὶ
331 304 478 340 χρημάτων
494 306 632 341 ἁρπαγὰς,
649 307 696 333 καὶ
716 307 804 342 μελῶν
826 308 972 342 ἁποϐολὰς,

187 349 234 375 καὶ¹
256 348 387 381 θανάτους
403 350 434 376 τὸ
449 350 603 378 τελευταῖον
615 373 622 385 ,
646 352 695 378 καὶ
717 352 806 379 πάντα
826 353 974 390 προθύμως

188 395 359 430 ὑπέστησαν,
374 395 468 432 ὥσπερ
488 398 517 424 ὲν
536 397 686 433 ἀλλοτρίοις
701 397 897 434 ἀγωνιζόμενοι
920 400 974 426 σώ-

189 449 287 476 μασιν;
309 441 352 468 ἵνα
374 441 401 468 τί
422 441 565 476 γένωνται,
578 443 625 469 καὶ
638 443 701 470 τίνα
725 444 781 479 (66)
805 444 976 482 κληρονομή-

189 495 280 518 σωσιν,
300 487 316 522 ἥ
334 487 390 522 (67)
411 489 478 515 πᾶσι
502 489 586 524 δῆλα,
605 490 658 517 κᾶν
676 491 756 526 ἡμεῖς
774 490 811 527 μὴ
833 490 973 526 λέγωμεν;

187 532 223 558 Οὐ
241 533 310 568 μετὰ
322 533 372 568 τῆς
387 532 471 568 αὐτῆς
485 533 592 566 ἐλπίδος
603 553 611 567 ,
628 535 681 562 ὑπὸ
695 535 734 571 τῷ
747 535 822 571 αὑτῷ
838 535 974 572 βραϐευτῇ

189 578 234 604 καὶ
255 578 426 615 ἀγωνοθέτῃ,
443 579 511 615 πρὸς
527 580 573 608 τὸν
593 581 676 609 αὑτὸν
696 582 907 618 παραταξόμεθα
928 583 975 610 τύ-

189 632 302 659 ραννον,
329 624 375 652 τὸν
392 625 490 661 πικρὸν
509 627 557 653 καὶ
579 627 639 654 τότε
663 628 711 654 καὶ
733 627 781 655 νῦν
805 629 860 655 τῶν
881 628 974 664 ψυχῶν

187 669 321 706 διώκτην,
340 670 386 698 τὸν
410 671 526 707 ἀόρατον
552 672 647 709 ἐχθρὸν
670 673 718 700 καὶ
744 673 890 709 πολέμιονς
917 675 974 701 Οὐκ

187 715 368 752 ἀνδριούμεθα
398 716 453 751 (68)
483 718 683 754 παραπλησίως
713 718 806 755 ὥσπερ
835 719 864 746 ἐν
893 719 974 755 κοινῷ

187 761 294 797 θεάτρῳ
318 762 385 798 τῷδε
406 762 446 798 τῷ
465 763 571 798 κόσμῳ,
594 764 618 790 εἰ
641 764 688 791 καὶ
704 764 742 800 μὴ
762 765 838 800 ἀκμῇ
855 765 910 800 (69)
927 765 972 792 τοῦ

188 807 309 834 κινδύνου
324 809 434 843 ταχεῖαν
455 808 554 844 ἐχούσῃ
580 810 628 836 καὶ
646 810 695 845 τὴν
711 810 889 846 ἀπαλλαγὴν,
907 810 974 838 ἀλλὰ

187 853 242 884 τοῖς
261 861 292 887 γε
313 853 375 879 καθ’
391 853 511 888 ἑκάστην
530 853 635 890 ἡμέραν
662 854 834 890 ὰγωνίσμασι
857 855 904 882 καὶ
921 864 974 882 πα-

186 897 341 933 λαίσμασιν,
359 899 403 926 ἵνα
415 899 460 926 καὶ
475 898 530 926 τῶν
544 900 633 926 αὐτῶν
649 901 789 936 στεφάνων
803 901 972 937 ἁξιωθῶμεν,

187 943 203 978 ἢ
220 944 260 970 ὅτι
282 945 424 979 ἐγγυτάτω
441 944 516 981 (70);

220 1034 266 1066 (τ’.
288 1031 359 1067 Ἐγὼ
375 1033 424 1068 μὲν
439 1034 521 1060 παντὶ
535 1033 742 1069 διακελεύομαι,
763 1034 810 1060 καὶ
826 1033 902 1069 ἀνδρὶ
925 1034 973 1060 καὶ

188 1078 307 1112 γυναικὶ,
328 1078 375 1105 καὶ
391 1078 532 1115 πρεσϐύτῃ
545 1079 593 1106 καὶ
613 1079 675 1115 νέῳ,
699 1079 803 1115 ἀστικῷ
819 1088 850 1105 τε
870 1077 903 1106 αὖ
926 1079 973 1106 καὶ

187 1123 317 1160 ἀγροίκῳ,
341 1124 432 1160 ἰδιώτῃ
454 1125 501 1152 καὶ
520 1125 649 1161 ἄρχοντι,
675 1125 795 1162 πλουσίῳ
817 1126 864 1153 κα)⁴
879 1126 973 1161 πένητι

187 1171 196 1206 (
209 1172 255 1198 καὶ
272 1171 325 1207 γὰρ
340 1173 354 1198 ό
368 1172 450 1203 αὐτὸς
464 1171 539 1206 ἀγὼν
552 1172 630 1199 καλεῖ
646 1172 750 1204 πάντας
762 1174 786 1207 ),
800 1172 868 1208 πρὸς
881 1172 974 1199 τοῦτον

187 1217 350 1244 ἀποδύεσθαι
371 1218 536 1254 προθύμως,
554 1219 602 1246 καὶ
619 1219 655 1255 μὴ
672 1218 882 1254 μαλακίζεσθαι,
906 1218 974 1254 μηδὲ

189 1263 304 1298 μέλλειν,
327 1263 394 1299 μηδὲ
411 1264 554 1300 προΐεσθαι
575 1264 620 1291 τὸν
636 1265 750 1300 καιρὸν,
769 1261 799 1291 οὗ
822 1264 904 1291 πάλιν
925 1273 973 1290 τυ-

187 1310 243 1344 χεῖν
266 1308 414 1344 ἀμήχανον.
437 1309 583 1345 Ἐργασίας
605 1308 660 1345 γὰρ
674 1310 688 1335 ὁ
705 1308 800 1344 παρὼν
823 1309 891 1343 (7i),
910 1309 924 1335 ὁ
945 1308 974 1334 δὲ

189 1354 291 1390 μέλλων
304 1355 516 1387 ἁνταποδόσεως.
538 1355 705 1390 Ἐγείρεσθε
717 1354 783 1390 (7⁵2),
799 1354 915 1389 ἄγωμεν
927 1354 975 1380 ὲν-

186 1400 299 1433 τεῦθει·,
317 1400 451 1436 ἠκούσατε
466 1400 514 1427 τοῦ
527 1401 652 1437 Σωτῆρος
673 1400 810 1435 λέγοντος,
825 1401 855 1427 οὐ
873 1399 975 1435 μᾶλλόν

188 1455 215 1473 τι
230 1447 293 1478 τοὺς
309 1445 370 1472 τότε
391 1445 517 1482 μαθητὰς
539 1447 572 1472 ἐκ
594 1445 642 1472 τοῦ
663 1446 747 1473 τόπου
767 1446 818 1481 τῆς
844 1445 976 1477 Ἰουδαίας

187 1492 351 1527 ἀπάγοντος,
367 1493 436 1520 ἀλλὰ
450 1493 497 1520 καὶ
511 1493 574 1525 τοὺς
586 1492 699 1529 ὕστερον
714 1493 838 1524 ἅπαντας
852 1492 976 1519 ἐντεῦθεν

187 1538 384 1570 ἁπανιστὰντος
401 1538 457 1574 (75)
469 1559 475 1570 ,
493 1538 540 1565 καὶ
564 1538 632 1574 πρὸς
650 1538 747 1565 ἑαυτὸν
765 1537 915 1573 ὑψούμενον
933 1538 976 1564 ἕλ-

186 1593 289 1616 κοντος,
317 1584 354 1616 ὡς
380 1585 396 1620 ἡ
423 1584 580 1620 ὑπόσχεσις.
612 1583 852 1620 Ἀκολουθήσωμεν
882 1583 976 1620 ἀγαθῷ

185 1630 307 1667 Δεσπὸτῃ
321 1638 328 1645 ·
345 1630 474 1665 φύγωμεν
491 1629 541 1661 τὰς
557 1628 694 1665 κοσμικὰς
708 1629 865 1664 ἐπιθυμίας,
880 1629 974 1664 φύγω-

187 1685 236 1712 μεν
250 1677 294 1703 τὸν
308 1676 408 1703 πλάνον
424 1677 525 1712 κόσμον
542 1677 590 1703 καὶ
601 1676 820 1712 κοσμοκράτορα,
834 1675 976 1711 γενώμεθα

185 1721 313 1757 καθαρῶς
324 1721 380 1756 (74)
392 1720 440 1748 τοῦ
453 1722 627 1757 ποιήσαντος,
639 1722 799 1756 τιμήσωμεν
811 1720 861 1755 τὴν
873 1721 974 1753 εἰκόνα,

185 1766 352 1802 αἰδεσθῶμεν
369 1766 418 1802 τὴν
442 1766 555 1800 κλῆσιν,
577 1765 760 1802 μεταθώμεθα
776 1765 824 1801 τὴν
842 1766 924 1801 ζωήν.
943 1767 975 1793 Τί

185 1812 315 1847 ποιοῦμεν
331 1813 405 1848 ἡμᾶς
419 1811 517 1843 αὐτοὺς
533 1812 689 1842 ταπεινοὺς,
707 1811 803 1846 ὑψηλοὶ
815 1811 974 1845 γεγονότες;

185 1857 217 1884 Τί
231 1859 288 1889 τοῖς
307 1857 457 1893 ὁρωμένοις
470 1857 695 1893 ὲγκαταμὲνομεν
714 1857 770 1891 (75)
784 1865 791 1888 ;

1026 310 1157 344 furorem,
1171 311 1306 343 tenebras,
1327 311 1436 344 famem,
1454 311 1609 346 voragines,
1637 312 1812 345 pecuniarum

1025 357 1207 390 direptiones,
1244 357 1429 384 membrorum
1475 356 1660 392 abjectioues,
1698 362 1812 384 mortem

1025 401 1140 435 denique
1158 405 1240 436 atque
1263 406 1384 428 extrema
1411 401 1500 428 omnia
1527 406 1652 437 prompto
1677 406 1705 429 et
1729 402 1812 431 alacri

1026 448 1126 479 animo,
1143 452 1271 482 tanquant
1290 448 1316 474 in
1333 448 1428 474 alienis
1450 448 1610 482 corporibus
1633 448 1812 480 dimicantes,

1026 491 1236 519 sustinuerunt?
1267 491 1367 526 thuid
1401 498 1509 526 essmtt,
1536 493 1629 528 utquid
1664 501 1812 528 conseque-

1026 540 1132 567 rentur,
1153 544 1242 562 nonne
1265 536 1390 563 omnibus
1422 537 1515 571 utique
1530 537 1556 564 iu
1575 543 1716 572 prospectu
1732 543 1811 571 esset,

1024 580 1066 607 vel
1091 581 1170 608 nobis
1194 581 1366 608 tacentibus?
1394 580 1452 608 Non
1478 582 1557 616 igitur
1572 589 1619 608 nos
1635 582 1726 614 etiam,
1751 590 1812 609 cum

1024 625 1117 652 eadem
1134 633 1195 660 spe,
1211 626 1261 653 sub
1275 626 1370 653 eodettt
1390 626 1646 661 certaminisjudice
1664 634 1695 654 ac
1710 627 1812 662 praemii

1024 671 1137 703 arbitro,
1153 672 1281 698 adversus
1300 672 1423 698 eumdem
1439 676 1581 707 tyranuum
1595 672 1680 699 acient
1696 672 1813 700 instrue-

1025 723 1095 747 tttus,
1114 716 1303 750 truculentum,
1320 716 1433 751 inquam
1448 737 1455 749 ,
1472 716 1556 748 illum,
1573 721 1598 744 et
1616 721 1689 750 tunc,
1702 721 1728 744 et
1743 724 1814 744 nunc

1024 761 1116 792 etiam,
1129 762 1279 788 animarum
1297 766 1515 795 persecutorem,
1533 761 1695 789 invisibilem
1707 762 1813 789 hostem

1024 811 1050 834 et
1063 807 1269 834 adversarium?
1293 807 1352 835 Non
1376 808 1435 842 pari
1456 807 1556 835 virtute
1577 809 1603 835 iu
1628 808 1679 835 hoc
1702 809 1812 841 mundo,

1023 853 1099 886 quasi
1116 851 1142 878 in
1157 853 1294 880 communi
1312 853 1429 886 theatro,
1445 853 1656 885 certabimus,si
1670 861 1722 880 tton
1738 853 1810 888 peri-

1025 897 1077 924 culi
1098 897 1167 929 acie,
1182 901 1209 924 et
1220 905 1272 932 qua
1285 898 1409 932 protinus
1426 898 1535 933 defungi
1551 898 1643 929 liceat,
1659 904 1687 926 at
1703 899 1729 926 itt
1748 907 1814 934 quo-

991 942 1012 970 B
1026 943 1134 970 tidianis
1149 942 1245 971 saltem
1260 944 1479 972 dimicationibus
1502 950 1529 972 et
1548 945 1689 979 palaestris,
1707 950 1735 973 ut
1752 954 1814 973 eas-

1024 989 1083 1016 dem
1099 997 1223 1021 coronas,
1237 994 1282 1017 aut
1295 990 1338 1017 his
1351 990 1500 1024 proximas.
1514 992 1727 1026 consequamur?
1799 997 1861 1024 _,/’
1880 986 1883 987 ν

1061 1034 1103 1062 Vl.
1124 1035 1255 1072 Equidem
1272 1043 1386 1068 omnes,
1410 1040 1465 1063 tam
1489 1037 1562 1064 viros
1586 1044 1666 1071 quant
1690 1028 1812 1070 fetutinas,

1026 1085 1078 1108 tam
1092 1089 1170 1109 senes
1182 1089 1263 1116 quant
1277 1081 1402 1116 juvenes,
1419 1086 1474 1109 tam
1494 1082 1611 1110 urbanos
1632 1091 1712 1117 quant
1731 1084 1814 1110 ruSti—

1024 1134 1081 1160 cos,
1095 1131 1148 1155 tam
1164 1128 1286 1162 privatos
1299 1135 1380 1163 quam
1397 1127 1607 1162 principes,tam
1619 1128 1717 1155 divites
1731 1137 1813 1162 quant

1025 1181 1167 1208 pauperes,
1187 1176 1291 1206 hortor,
1309 1174 1397 1209 (idem
1420 1174 1492 1201 enim
1522 1178 1660 1201 certamen
1688 1175 1814 1201 omnibus

1024 1220 1189 1254 propositum
1216 1220 1287 1256 est,)
1313 1224 1341 1247 ut
1370 1219 1403 1246 ad
1436 1227 1555 1254 pugnam
1580 1228 1640 1246 cum
1666 1221 1718 1248 hoc
1739 1221 1816 1247 hoste

1025 1265 1216 1291 conserendam
1243 1265 1356 1300 impigre
1379 1272 1408 1292 se
1434 1265 1588 1299 accingunt,
1613 1272 1644 1292 ac
1667 1273 1719 1292 non
1734 1265 1814 1301 367

1025 1309 1132 1344 ignavia
1151 1309 1286 1342 laborent,
1308 1314 1355 1337 aut
1377 1317 1467 1337 moras
1486 1313 1612 1343 nectam,
1638 1314 1719 1344 atque
1736 1318 1816 1337 occa-

1025 1357 1141 1388 sionem,
1160 1363 1241 1390 quant
1260 1356 1332 1382 nulla
1351 1361 1443 1390 postea
1461 1355 1565 1382 ratione
1581 1356 1701 1384 nancisci
1720 1356 1814 1388 liceat,

1026 1398 1162 1437 abjiciant.
1190 1402 1303 1429 Laboris
1328 1402 1400 1429 enim
1420 1410 1540 1437 prteseus
1563 1403 1613 1429 hee
1637 1407 1741 1437 tempus
1759 1408 1814 1436 est;

1026 1449 1158 1481 futurum,
1186 1449 1369 1483 praemiorum.
1387 1449 1509 1476 Audistis
1531 1448 1700 1476 Salvatorem
1724 1448 1814 1476 dicen-

1027 1499 1093 1526 tem,
1120 1493 1235 1529 Surgite,
1262 1494 1385 1521 abeamus
1397 1494 1615 1528 hinc":quibus
1645 1494 1738 1521 verbis
1763 1503 1815 1521 non

1027 1541 1113 1568 solum
1136 1541 1283 1576 discipulos
1310 1548 1379 1575 quos
1395 1545 1460 1567 tunc
1470 1540 1588 1567 habebat
1611 1548 1625 1567 a
1639 1539 1738 1567 Judma‘.
1758 1540 1817 1568 loco

1029 1587 1190 1618 abducebat,
1216 1586 1264 1614 sed
1294 1586 1378 1613 etiam
1407 1593 1503 1614 omnes
1536 1586 1581 1620 qui
1611 1590 1704 1620 postea
1731 1585 1816 1621 ipsius

1028 1630 1152 1664 discipuli
1167 1629 1252 1657 futuri
1276 1634 1356 1658 erant
1370 1630 1433 1657 hinc
1446 1631 1632 1662 abstrahebat,
1645 1636 1672 1658 et
1691 1631 1725 1657 ad
1741 1631 1815 1664 seip-

1025 1683 1095 1707 sum,
1112 1675 1138 1702 in
1156 1675 1239 1702 altum
1267 1680 1408 1710 evectum,
1443 1676 1670 1709 quemadmodum
1687 1683 1717 1702 se
1733 1676 1817 1702 factu-

1026 1727 1085 1745 rum
1108 1720 1273 1754 promiserat
1295 1720 1329 1752 °°,
1360 1720 1543 1754 pertrabehat.
1559 1720 1694 1753 Quocirca
1717 1719 1815 1747 bonum

1031 1765 1174 1792 Dominum
1195 1773 1361 1800 sequamur;
1395 1764 1532 1798 fugiamus
1560 1770 1684 1792 terrenas
1710 1765 1815 1800 cupitli-

1028 1816 1108 1844 tates,
1136 1811 1271 1846 fugiamus
1294 1815 1471 1846 tmpostorcm
1505 1812 1646 1844 mundum,
1672 1817 1697 1838 et
1724 1811 1815 1838 mundi

1024 1857 1184 1892 principem,
1210 1865 1277 1893 pura
1306 1862 1396 1885 tuente
1420 1857 1544 1884 Creatori
1571 1865 1619 1885 nos
1643 1858 1814 1889 addicamus,

185 1906 304 1933 divinam
323 1905 466 1940 imaginem
488 1905 592 1933 honore
617 1905 841 1939 complectamur,
856 1905 1023 1931 vocationem
1047 1911 1168 1932 nostram
1187 1913 1377 1936 revereamur,
1409 1905 1490 1932 vitam
1517 1903 1543 1930 in
1575 1903 1672 1930 melius
1696 1910 1817 1929 commu-

187 1959 282 1981 temus.
316 1953 386 1987 Quid
409 1953 588 1987 nosmetipsos
618 1955 715 1985 sponte
738 1950 876 1985 dejicimus
892 1969 900 1982 ,
931 1957 993 1977 cum
1027 1951 1156 1978 sublimes
1182 1956 1211 1978 et
1232 1950 1332 1978 excelsi
1353 1951 1436 1978 creati
1463 1948 1568 1977 simus?
1593 1948 1663 1981 Quid
1684 1949 1766 1976 rebus
1788 1949 1815 1975 in

185 2003 322 2032 aspectum
340 1998 498 2025 cadentibus
513 1995 694 2024 inlmremns?

219 2045 256 2071 Z'.
277 2045 422 2076 Ἕκαστος,
435 2044 449 2070 ὃ
463 2052 489 2069 τι
499 2042 532 2069 ἂν
541 2039 597 2074 οἶός
610 2050 640 2067 τε
653 2039 682 2078 ᾖ,
692 2041 902 2077 καρποφορείτω
918 2041 974 2076 (76)

184 2090 223 2125 τῷ
240 2089 298 2124 Θεῷ
308 2090 336 2116 ὲν
351 2088 438 2125 καιρῷ
455 2088 546 2120 παντὶ,
559 2088 605 2114 καὶ
619 2087 674 2123 ἰδέᾳ
687 2087 761 2122 πάσῃ
777 2087 824 2113 καὶ
839 2086 905 2121 βίων
919 2086 975 2121 (77)

185 2135 231 2162 καὶ
246 2136 441 2171 περιστάσεων,
455 2133 526 2161 κατὰ
539 2134 569 2160 τὸ
582 2133 679 2169 μέτρον
691 2133 741 2167 τῆς
750 2132 889 2168 παρούσης
901 2131 976 2167 αὐτῴ

184 2181 335 2216 δυνάμεως,
363 2180 433 2207 κατὰ
455 2180 486 2206 τὸ
502 2179 577 2206 δοθὲν
592 2178 666 2214 αύτῴ
682 2178 804 2213 χάρισμα
817 2186 824 2193 ⁴
849 2178 893 2204 ἵνα
910 2178 976 2204 πᾶσι

1062 2039 1116 2067 \ll.
1158 2039 1347 2075 Unusquisque
1380 2039 1445 2072 Deo,
1472 2039 1544 2074 quod
1574 2038 1682 2073 poterit,
1710 2037 1816 2070 oﬂ'erat,

1030 2086 1128 2121 quovis
1148 2091 1279 2120 tempore,
1300 2086 1396 2120 quovis
1427 2093 1525 2119 genere
1550 2085 1611 2112 vita:
1638 2089 1666 2112 et
1692 2084 1817 2117 fortunae,

1026 2139 1075 2167 pro
1101 2132 1243 2166 praesentis
1269 2131 1406 2159 facultatis
1434 2131 1558 2164 tnodulo,
1589 2138 1638 2165 pro
1661 2130 1747 2164 gratia
1765 2130 1816 2157 sibi

1026 2186 1169 2210 concessa,
1189 2183 1229 2209 ut,
1252 2186 1300 2212 per
1325 2185 1420 2205 omnes
1450 2177 1558 2204 virtutis
1589 2177 1694 2209 modos,
1724 2183 1817 2203 omnes

187 2227 295 2262 μέτροις
306 2227 354 2261 τῆς
365 2226 476 2262 ἀρετῆς,
491 2227 580 2257 πάσας
592 2225 642 2256 τὰς
655 2225 759 2251 ἐκεῖθεν
772 2224 856 2259 μονὰς
868 2222 973 2258 πληρώ-

1028 2225 1146 2252 caelestis
1169 2224 1244 2259 regni
1260 2224 1415 2250 mansiones
1440 2223 1610 2258 impleamus,
1627 2227 1729 2249 tantum
1746 2222 1818 2249 scili-

186 2282 285 2308 σωμεν,
307 2273 434 2300 τοσοῦτον
451 2273 607 2309 θερίσαντες
626 2271 694 2306 (78),
709 2272 771 2297 ὅσον
791 2270 971 2306 ἐσπείραμεν,

186 2319 285 2354 μᾶλλον
298 2319 327 2346 δὲ
341 2319 467 2345 τοσοῦτον
487 2317 680 2352 ὲναποθέμενοι
696 2319 757 2349 ταῖς
774 2316 860 2348 θείαις
870 2316 972 2352 ληνοῖς,

184 2366 245 2393 ὅσον
262 2366 475 2402 ὲγεωργήσαμεν
488 2363 554 2400 (79).
567 2363 723 2399 Είσφερέτω
737 2371 789 2395 τις,
804 2363 818 2389 ὁ
835 2363 884 2398 μὲν
902 2363 971 2398 χρή-

218 2411 242 2427 ⁸⁵
253 2410 330 2438 Joan.
345 2417 399 2442 xlv,
411 2410 456 2437 3|.
494 2409 517 2426 ³⁵
528 2408 606 2436 Joan.
619 2416 667 2441 xu,
680 2408 726 2435 52.

221 2468 276 2502 (66)
294 2467 376 2494 Τίνα.
393 2467 459 2502 Reg.
476 2475 501 2496 c.
512 2467 547 2493 τί.

221 2497 276 2539 (67)
294 2504 340 2530 "II.
359 2503 405 2539 Sic
420 2497 473 2529 ιιῖιο
490 2502 563 2539 ἣξεις
578 2521 586 2534 ,
601 2507 629 2539 et
638 2501 737 2539 Comb._
748 2499 777 2539 In
793 2499 849 2539 cd.._
863 2497 892 2535 ᾗ.

220 2534 276 2574 (68)
300 2534 596 2574 Ἀνδριούμεθειξιῖιιιι
614 2537 709 2574 Begu.)
726 2534 935 2574 ἁνξρειούμερα.

220 2569 276 2609 (69)
298 2569 472 2609 auinam)
489 2572 572 2609 ἣξει,
584 2572 612 2597 ὲν
629 2569 715 2609 ἀκμῇ.
728 2580 750 2609 ¢_
761 2570 876 2597 Periculi
888 2569 967 2596 ﬂatu-

186 2606 287 2637 tna'm')
313 2606 382 2636 solet
398 2608 490 2635 dicere
505 2606 618 2634 Tullius.
637 2606 784 2640 Gregorius
804 2613 869 2632 vero
892 2609 971 2632 vocat

187 2654 197 2671 ι
217 2644 330 2679 periculi
359 2644 454 2675 aciein,
476 2653 485 2669 ι
507 2650 569 2679 cum
603 2642 706 2679 statim,
724 2647 822 2679 aceruo
851 2640 966 2679 quodam

184 2675 279 2707 mortis
313 2686 422 2714 genere,
453 2679 508 2705 vita
535 2677 588 2714 piis
618 2677 685 2703 viris
710 2676 829 2714 tollitur;
858 2675 911 2706 cui,
942 2681 971 2701 ut

184 2716 222 2742 ait
238 2710 355 2746 Nicetas,
377 2710 562 2750 opponitr'rob;
578 2712 743 2750 ἀσκητικοὺς
760 2710 893 2750 πόνουςκ(
908 2717 970 2750 san-

185 2755 233 2778 ctae
245 2760 253 2775 ι
269 2744 374 2776 scilicet
388 2744 402 2775 ι’
413 2744 442 2776 et
452 2748 584 2783 religiosa:
600 2744 663 2774 vita:
674 2747 789 2778 labores,
804 2745 850 2780 qui
869 2745 896 2772 in
914 2744 972 2772 lou-

185 2793 245 2820 gum
265 2785 392 2820 temporis
407 2783 724 2820 spatium‘porriguntur.
744 2790 753 2806 ι

221 2820 278 2854 (70)
315 2814 491 2854 Ἔγγυτᾶτω.
529 2814 720 2854 Reg._'bttt_ct
751 2815 833 2854 (ἑοῖσιἶ
861 2814 895 2848 1,
917 2815 972 2854 ’ἐγ-

184 2849 298 2889 γύτατα.
331 2849 391 2882 mox
419 2861 467 2888 pro
495 2853 550 2887 ἐγὼ
569 2849 649 2889 ’μέν,
676 2852 723 2880 0r.
750 2851 764 2877 1
792 2850 889 2884 habet,
916 2849 971 2885 ἐγὼ

221 2924 277 2960 (7|)
290 2924 404 2958 Παρών.
415 2924 525 2959 Nempe,
538 2923 643 2959 καιρός,
661 2931 670 2949 t
691 2927 806 2958 tempus.
822 2932 830 2948 I

1026 2274 1070 2296 cet
1083 2273 1227 2301 metentes,
1246 2274 1377 2303 quantunt
1404 2268 1573 2300 severimus;
1588 2267 1630 2294 vel
1648 2271 1677 2293 ut
1696 2266 1817 2294 exactius

1026 2315 1131 2350 loquar,
1146 2319 1250 2341 tantum
1262 2314 1288 2340 in
1301 2314 1399 2341 divinis
1409 2313 1514 2340 horreis
1527 2312 1694 2340 reconditum
1715 2311 1816 2338 haben-

1026 2365 1076 2393 tes,
1094 2366 1226 2395 quautum
1252 2360 1455 2387 messuerimus.
1477 2359 1607 2386 Conferat
1627 2358 1746 2393 quidem,
1775 2357 1818 2394 hic

1066 2461 1122 2496 (72)
1142 2460 1320 2496 Ἐγείρεσθε.
1336 2459 1425 2496 Pass”
1438 2459 1598 2496 ἐγείρωμεν.

1058 2493 1117 2532 (75)
1138 2493 1385 2527 ’.Δέιιιν-ισντιέντος⁸
1401 2495 1467 2528 Reg.
1485 2493 1510 2526 c',
1531 2500 1557 2520 et
1575 2493 1709 2524 Liotnbcf.,
1727 2493 1815 2518 ἀπαν-

1024 2539 1162 2562 ιστωντος.

1059 2566 1115 2601 (74)
1144 2564 1300 2601 Καραρῶς,
1328 2570 1382 2591 etc.
1408 2563 1492 2601 Coisl.
1522 2564 1532 2590 l
1563 2568 1590 2590 et
1620 2562 1814 2601 unusMQnibq

1023 2597 1145 2637 καθαροὶ
1166 2600 1204 2635 τῷ
1223 2597 1384 2637 Ἷποιήσαντι
1417 2600 1502 2633 ἡμᾶς,
1535 2608 1547 2637 5
1576 2598 1635 2637 puri
1667 2597 1818 2637 efﬁciamur

1024 2632 1146 2663 (lreaiori
1181 2632 1328 2662 tiostroﬂt
1368 2632 1457 2665 Passi,
1496 2633 1624 2669 καθαρῶς
1660 2632 1698 2667 τῷ
1736 2633 1817 2668 ποιή-

1027 2680 1114 2699 σαντι.

1062 2706 1118 2741 (75)
1138 2704 1404 2741 Ἐγχαζαμένομεν,
1435 2704 1516 2732 Cnisl.
1544 2703 1570 2736 i,
1593 2702 1817 2738 ἐναπομένωμεν.

1025 2740 1113 2772 Paés.,
1126 2740 1339 2775 ὲναπομὲνομεν.

1061 2777 1116 2812 (76)
1129 2772 1365 2812 Κᾳρπὸφορείτιο.
1376 2775 1422 2803 Or.
1435 2775 1460 2807 Ι,
1476 2774 1678 2810 καρποφορήτω
1699 2772 1818 2809 [prave].

1061 2810 1117 2846 (77)
1129 2811 1216 2837 Βίων.
1230 2812 1276 2836 Or.
1289 2813 1314 2842 ‘I,
1328 2810 1393 2846 βίον.

1063 2848 1118 2882 (78)
1134 2846 1321 2882 θερίσαντες.
1335 2845 1381 2882 Or.
1398 2846 1423 2877 Ι,
1435 2846 1615 2882 τηρήσαντες,
1628 2853 1637 2869 ι
1650 2849 1815 2871 servantes.)

1063 2851 1107 2882 (78
1134 2851 1321 2879 θερίσαντες.
1335 2851 1381 2872 Ur.
1398 2851 1423 2877 ι,
1435 2851 1615 2881 τηρησαντες,
1628 2853 1637 2869 ι
1650 2851 1815 2871 servantes.)

1062 2851 1118 2918 (79)
1132 2880 1482 2918 ’Ὂιζοῃὲγεωργήσαμεκ
1502 2890 1511 2906 ι
1537 2880 1670 2918 Quantum
1696 2886 1815 2918 messae-

1029 2913 1124 2946 rititus.
1147 2926 1156 2942 ι
1178 2913 1291 2943 Dillius:
1315 2913 1482 2952 ‘t'qnantmn
1514 2916 1692 2943 araret-intus.
1723 2924 1730 2940 ι
1758 2913 1814 2940 Νοιι
