2049 3143
198 212 270 246 1055

466 218 594 247 ORATIO
613 219 683 246 ΧΙΧ.
705 236 739 241 --
757 220 803 248 AD
823 221 990 249 JULlANUM

1042 222 1244 250 RIBUTORUM
1264 222 1548 256 ELIZQUATOREM.

1747 223 1816 252 1054

202 272 234 305 τῇ
264 270 327 306 ἀξίᾳ
358 270 405 297 τοῦ
435 272 584 308 διδομένου,
615 276 648 309 τῇ
681 275 710 301 δὲ
741 275 853 312 δυνάμει
881 277 928 303 καὶ
952 278 985 312 τῇ

1042 285 1098 304 men
1126 277 1247 304 collaturi
1276 277 1371 308 simus,
1395 285 1476 311 quam
1505 278 1666 312 accepimus.
1690 278 1816 311 Quando-

201 317 318 343 διαθέσει
336 317 382 344 τοῦ
399 319 642 355 καρποφοροῦντος,
665 322 758 355 μετρεῖ
774 321 839 353 Θεὸς
860 321 909 356 τὴν
927 322 984 348 ἐπί-

202 361 283 389 δοσιν.

1035 323 1143 357 quidem
1173 323 1256 350 dirini
1288 323 1411 351 beneﬁcii
1438 328 1490 356 est,
1510 324 1583 358 quod
1608 331 1718 357 sutnus,
1745 325 1816 357 qttod

1037 368 1119 394 Deum
1135 368 1333 402 cognoscimus,
1359 369 1482 402 quodque
1507 369 1601 400 etiam,
1630 369 1699 402 quod
1719 369 1817 396 ollera-

202 416 271 440 tuus.
299 409 439 438 habemus.
472 409 560 444 Atque
586 410 650 438 illud
686 410 894 445 pulcherrimum
933 411 1209 446 humanissimumque
1236 413 1400 439 censendum
1430 419 1491 446 est,
1515 414 1586 448 quod
1607 414 1676 441 Deus
1700 414 1817 449 largitio-

202 461 274 484 nem.
288 463 340 480 non
354 455 452 482 oblatae
469 457 506 482 rei
524 457 610 490 pretio
627 460 654 483 ει
677 457 818 492 dignitate,
848 459 894 486 sed
919 458 1056 485 oll'ercntis
1069 457 1165 484 aﬂ‘ectu
1183 463 1209 484 et
1223 458 1352 485 facultate
1368 459 1502 486 metiatur.

237 500 275 527 8'.
295 500 340 536 Μὴ
355 499 401 527 οὖν
416 501 563 536 ἀναμείνῃς
583 502 707 536 γενέσθαι
723 504 848 538 χρηστὸς,
863 504 918 531 ἀλλ’
933 505 982 540 ἤδη

202 547 282 581 γενοῦ
292 555 299 562 ·
316 547 381 581 μηδὲ
395 547 435 573 ὅτι
448 548 496 583 τῆς
505 548 581 580 ἀξίας
589 549 679 585 λείπῃ,
691 549 720 575 τὸ
732 550 784 575 πᾶν
796 550 904 586 ἐλλίπῃς
917 550 982 585 (92).

210 592 288 619 Ἀλλὰ
314 593 343 619 τὸ
374 593 423 627 μὲν
447 593 594 628 εἰσένεγκε,
613 595 684 621 τὸδὲ
703 595 891 631 προθυμήθητι
916 596 982 631 (95),

202 638 272 673 ὑπὲρ
290 637 318 663 δὲ
329 637 375 664 τοῦ
388 638 496 673 δεήθητι
506 638 613 674 δοθῆναι
632 641 793 676 συγγνώμην
805 642 836 675 τῇ
848 641 983 676 ἀσθενείᾳ..

204 684 265 710 Οὐκ
289 684 417 717 ὀφθήσῃ,
439 685 513 720 φησὶ,
535 686 623 719 κενὸς
639 686 777 712 ἐναντίον
796 696 864 720 μου.
885 687 985 722 Μηδεὶς

202 728 272 755 ἔστω
283 728 369 761 κενὸς,
385 730 451 764 μηδὲ
465 730 598 766 ἄκαρπος,
613 731 681 766 μηδὲ
696 740 736 762 τις
751 733 844 768 στεῖρα
853 732 927 767 ψυχὴ
939 732 986 758 κα).

204 774 309 808 ἄγονος.
327 775 459 807 Ἕκαστος
482 777 513 802 ὲκ
540 776 593 803 τῶν
617 777 756 812 παρόντων
778 777 987 813 καρποφορείτω

204 819 272 854 Θεῷ,
290 819 336 846 καὶ
353 820 384 846 ὲκ
403 820 456 846 τῶν
468 820 574 847 οἰκείων
589 821 654 856 (94)
668 823 682 846 ὁ
696 821 860 857 ἁμαρτάνων
877 822 926 857 τὴν
943 831 989 857 με-

204 865 328 900 ταϐολὴν,
345 865 360 891 ό
376 865 465 897 καλῶς
485 865 601 900 τρέχων,
620 867 669 902 τὴν
691 867 822 898 εὐτονίαν,
839 867 852 892 ὁ
867 867 925 899 νέος
940 867 988 902 τὴν

1073 504 1117 530 IX.
1135 501 1251 532 Proinde
1273 513 1306 533 ne
1320 506 1452 541 benignus
1466 514 1526 533 esse
1540 507 1684 538 cuucteris,
1703 507 1749 534 sed
1762 508 1816 542 jam

1037 556 1112 581 esto;
1135 558 1195 582 nvo,
1214 551 1275 585 quia
1297 553 1362 579 satis
1393 553 1501 586 dignum
1524 561 1620 580 ntuuus
1646 552 1742 580 oli'erre
1766 562 1817 581 non

1039 602 1127 630 potes,
1157 597 1260 623 idcirco
1284 597 1400 624 cilicium
1426 599 1536 625 omnino
1559 599 1660 625 desere.
1681 599 1748 632 Quin
1771 607 1818 634 po-

1039 642 1091 668 tius
1108 642 1142 668 ita
1168 647 1193 668 te
1221 650 1357 676 compara,
1383 647 1412 669 ut
1434 643 1484 670 alia
1509 644 1599 670 statim
1628 644 1737 677 olferas,
1766 645 1815 672 alia

1038 692 1158 721 prompta
1172 695 1203 714 ac
1219 695 1349 722 propensa
1366 689 1504 715 voluntate
1527 689 1625 716 ull‘erre
1639 696 1760 724 exoptes,
1784 691 1816 717 de

1037 732 1096 758 aliis
1112 732 1261 759 inﬁrmitati
1279 739 1330 760 tua:
1342 734 1447 760 veniam
1473 739 1557 768 petas.
1587 734 1648 762 Non
1670 737 1816 770 apparebie,

1039 778 1136 812 inquit,
1153 787 1241 805 coram
1260 787 1301 806 me
1323 787 1420 806 vacuus
1436 780 1469 806 ".
1499 779 1583 807 Nemo
1604 781 1684 815 igitur
1700 789 1817 815 vacuus,

1039 828 1066 850 et
1083 824 1267 851 inlructuosus
1282 825 1326 857 sit,
1342 833 1391 852 nec
1415 825 1502 852 anima
1529 826 1580 852 ulla
1603 827 1702 853 sterilis
1726 832 1753 853 et
1777 828 1816 854 in-

1039 869 1164 897 fecunda.
1181 869 1370 905 Unusquisque
1401 871 1457 899 Deo
1471 880 1530 906 qua:
1550 878 1705 906 suppetunt,
1720 878 1746 900 et
1759 881 1818 907 qua

205 911 379 947 ἐγκράτειαν,
397 911 414 946 ἡ
434 911 513 937 πολιά
533 911 582 947 τὴν
605 912 745 948 φρόνησιν,
764 914 778 939 ὁ
798 913 924 945 πλούσιος
939 913 987 948 τὴν

1042 916 1146 950 propria
1163 920 1236 948 sunt,
1252 916 1334 952 369
1351 918 1468 945 muneris
1491 918 1549 944 loco
1562 918 1658 945 oll‘erat
1673 927 1680 945 :
1697 919 1740 953 qui
1758 927 1806 953 pec

206 955 358 991 μετάδοσιν,
371 955 478 991 όπένης
492 956 540 992 τὴν
553 957 736 993 εὐχαριστίαν,
750 958 764 984 ὁ
778 958 806 985 ἐν
816 957 924 994 ἐξουσίᾳ
939 958 988 994 τὴν

204 1001 328 1035 ἀτυχίαν,
357 1001 370 1027 ὁ
398 1001 569 1036 εἰσπράττων
586 1003 635 1037 τὴν
656 1002 822 1038 ἡμερότητα.
838 1005 870 1029 οι
889 1003 987 1037 ἱερεῖς,

202 1045 373 1072 ἐνδύσασθε
380 1045 585 1079 δικαιοσύνην,
594 1046 621 1081 ἢ,
630 1046 659 1073 τό
668 1055 697 1080 γε
707 1046 885 1082 ἀληθέστερον
893 1048 988 1080 εἰπεῖν,

204 1090 395 1126 ἐνδυσώμεθα·
412 1091 450 1126 μὴ
467 1091 667 1126 διασπείρωμεν
689 1091 723 1118 τὰ
739 1092 862 1131 πρόϐατα
878 1093 927 1128 τῆς
946 1101 990 1119 νο-

207 1140 270 1173 μῆς,
290 1137 337 1164 κα).
349 1137 557 1172 διαφθείρωμεν,
577 1137 646 1172 ὑπὲρ
660 1134 697 1164 ὧν
713 1137 794 1172 ἔθηκε
807 1138 856 1173 τὴν
870 1138 958 1174 ψυχὴν
972 1139 986 1165 ὁ

205 1183 307 1218 ποιμὴν
321 1183 335 1209 6
349 1182 439 1214 καλὸς,
451 1183 465 1208 ό
481 1182 622 1216 γινώσκων
638 1182 672 1208 τὰ
688 1182 750 1214 ἴδια,
766 1182 811 1208 καὶ
824 1183 989 1218 γινωσκόμε-

205 1237 249 1261 νος
269 1228 321 1255 ὑπὸ
339 1227 393 1254 τῶν
414 1228 496 1259 ἰδίων,
515 1228 560 1254 καὶ
578 1227 666 1253 καλῶν
683 1229 742 1254 κατ’
759 1227 853 1263 ὄνομα,
869 1228 916 1255 καὶ
934 1230 989 1256 εἰσ-

206 1275 280 1309 άγων
297 1274 377 1306 αὐτὰ,
393 1274 440 1301 καὶ
454 1274 557 1307 ἐξάγων
577 1273 630 1299 ἀπό
644 1281 674 1299 τε
689 1273 816 1305 ἀπιστίας
831 1274 871 1305 εἰς
887 1274 988 1306 πίστιν,

206 1322 254 1347 καὶ
270 1321 324 1348 ἀπὸ
336 1321 386 1356 τῆς
403 1321 476 1356 ζωῆς
491 1321 592 1355 ταύτης
614 1320 660 1346 ἐπὶ
681 1320 729 1355 τὴν
747 1320 851 1346 ἐκεῖθεν
868 1321 990 1347 ἀνάπαυ-

207 1376 258 1394 σιν.
273 1367 447 1403 Φοὸηθῶμεν,
467 1367 503 1402 μὴ
515 1367 560 1400 ἀφ’
571 1366 649 1402 ἡμῶν
662 1366 776 1401 ἄρξηται
786 1367 815 1392 τὸ
827 1368 923 1402 κρῖμα,
939 1376 989 1394 κα-

206 1413 239 1440 τά
251 1413 300 1449 τὴν
315 1413 427 1449 ἀπειλήν
436 1421 443 1428 ·
462 1412 499 1448 μὴ
515 1412 639 1447 λάϐωμεν
650 1413 681 1438 ὲκ
693 1412 782 1448 χειρὸς
796 1412 896 1448 Κυρίου
911 1413 990 1440 διπλᾶ

206 1459 240 1486 τὰ
269 1460 453 1496 ἁμαρτήματα
471 1458 539 1494 (95),
563 1458 639 1484 αὐτοί
660 1467 690 1484 τε
714 1459 763 1484 οὐκ
788 1458 925 1491 είσιόντες,
943 1459 991 1485 καὶ

206 1505 269 1537 τοὺς
284 1504 412 1532 είσελθετν
424 1503 588 1539 δυναμένους
599 1503 758 1535 κωλύοντες.

1035 967 1089 994 cat,
1105 962 1168 989 vitae
1188 964 1383 996 mutationem;
1401 965 1447 998 qui
1478 969 1550 991 recte
1567 965 1662 996 currit,
1681 965 1707 992 in
1738 973 1818 992 cursu

1036 1007 1232 1039 constantiam;
1257 1007 1414 1035 adolescens
1438 1008 1640 1041 continentiam,
1656 1017 1737 1036 senex
1754 1018 1803 1044 pru

1040 1052 1172 1085 dentiam,
1185 1053 1260 1079 dives
1271 1053 1453 1088 largitionem,
1466 1061 1568 1088 pauper
1582 1054 1727 1088 gratiarum
1741 1055 1811 1081 actio

1040 1105 1120 1130 nem;
1146 1099 1192 1133 qtti
1210 1100 1329 1133 potentia
1355 1100 1445 1134 pollet,
1469 1101 1643 1133 modestiam;
1665 1101 1710 1135 qui
1726 1101 1818 1135 exigit,

1040 1145 1283 1171 mansuetudinem.
1316 1145 1480 1177 Sacerdotes,
1506 1146 1606 1172 induite
1628 1145 1761 1180 justitiam
1781 1146 1803 1162 "

1036 1193 1095 1221 aut,
1113 1193 1142 1215 ut
1158 1189 1248 1216 verius
1264 1190 1361 1221 dicam,
1379 1191 1522 1217 induamus
1539 1199 1546 1216 :
1570 1198 1675 1224 pascua:
1696 1199 1760 1218 oves
1787 1199 1819 1218 ne

1037 1235 1225 1270 dispergamus
1245 1241 1271 1263 et
1286 1237 1439 1271 jugttlemus
1450 1237 1483 1269 ’³,
1501 1245 1547 1271 pro
1563 1237 1661 1271 quibus
1680 1237 1766 1264 bonus
1778 1237 1822 1264 ille

1036 1280 1134 1308 Pastor
1154 1282 1271 1308 animam
1288 1290 1363 1309 suam
1382 1283 1482 1317 posuit,
1500 1284 1544 1317 qui
1561 1290 1626 1310 oves
1645 1291 1709 1310 suas
1726 1291 1823 1317 cogat»

1038 1325 1100 1357 scit,
1114 1330 1141 1352 et
1156 1334 1171 1353 a
1185 1327 1243 1354 suis
1257 1327 1439 1362 cognoscitur,
1457 1332 1484 1354 et
1512 1335 1559 1355 eas
1581 1332 1668 1360 vocat,
1683 1335 1711 1355 et.
1738 1329 1822 1355 intro-

1041 1371 1114 1398 ducit
1130 1377 1211 1406 alque
1224 1372 1312 1400 educit
1326 1373 1358 1406 ",
1385 1380 1439 1399 tum
1455 1374 1488 1400 ab
1516 1374 1652 1408 impietate
1672 1375 1704 1400 ad
1731 1374 1821 1406 ﬁdem,

1042 1421 1096 1443 tttttt
1115 1418 1149 1445 ab
1166 1418 1215 1445 hat:
1238 1419 1291 1445 vita
1308 1420 1342 1445 ad
1366 1418 1481 1446 futuram
1500 1420 1628 1454 requiem.
1658 1419 1819 1451 Timeamus,

1042 1470 1085 1494 ne,
1099 1463 1169 1497 quod
1185 1463 1324 1498 Scriptura
1339 1465 1529 1495 comminatur,
1547 1474 1562 1492 a
1582 1465 1658 1492 nobis
1681 1465 1727 1492 Dei
1752 1465 1823 1499 judi-

1042 1507 1114 1534 cium
1132 1509 1243 1543 incipiat
1258 1509 1285 1540 ις
1305 1518 1339 1537 ue
1353 1511 1386 1536 de
1410 1517 1488 1536 manu
1505 1510 1610 1538 Domini
1627 1511 1741 1545 duplicia
1759 1517 1823 1544 pec-

209 1557 269 1578 cata
291 1550 456 1586 accipiamus
468 1551 490 1582 ',
519 1557 571 1578 nou
601 1550 678 1578 modo
693 1550 743 1586 ipsi
758 1557 810 1578 non
830 1550 1007 1584 introeuntes,
1021 1553 1068 1580 sed
1086 1554 1170 1582 etiam
1187 1560 1214 1582 et
1243 1563 1290 1583 eos
1314 1556 1359 1590 qui
1383 1556 1496 1584 introire
1526 1561 1657 1592 possunt,
1677 1556 1825 1592 prohiben-

208 1603 249 1625 tes
264 1597 284 1624 '.

243 1645 269 1670 l’.
291 1644 332 1670 Τά
353 1644 487 1680 πρόὸατα,
517 1643 554 1679 μὴ
577 1643 734 1679 ποιμαίνετε
761 1643 824 1675 τοὺς
849 1643 990 1678 ποιμένας,

1081 1643 1115 1670 Χ.
1133 1643 1212 1677 Oves,
1234 1649 1354 1679 pastores
1374 1652 1408 1672 ne
1436 1644 1546 1678 pascite.
1574 1651 1626 1670 nec
1647 1650 1728 1678 supra
1758 1643 1824 1671 lines

210 1690 277 1726 μηδὲ
290 1690 359 1726 ὑπὲρ
372 1690 435 1721 τοὺς
448 1689 550 1716 ἑαυτῶν
566 1690 644 1725 ὄρους
658 1688 820 1724 ἐπαίρεσθε·
844 1689 922 1723 ἀρκεῖ
937 1690 991 1724 γὰρ

209 1737 284 1772 ὑμῖν,
301 1736 334 1763 ἂν
346 1736 436 1768 καλῶς
454 1736 633 1771 ποιμαίνησθε
655 1736 720 1771 (96).
741 1735 787 1770 Μὴ
804 1736 910 1771 κρίνετε
928 1736 991 1768 τοὺς

209 1783 314 1819 κριτὰς,
342 1783 408 1818 μηδὲ
432 1781 598 1817 νομοτεθεῖτε
623 1783 680 1813 τοῖς
699 1781 873 1816 νομοθέταις·
891 1781 921 1807 οὑ
938 1781 992 1816 γάρ

209 1829 267 1855 ἑστι
282 1828 348 1859 Θεὸς
366 1827 566 1858 ἀκαταστασίας
589 1827 635 1853 καὶ
656 1827 776 1859 ἀταξίας,
801 1827 858 1853 ἀλλ’
881 1827 992 1862 εἰρήνης

209 1875 256 1902 καὶ
271 1873 381 1907 τάξεως.
405 1872 450 1908 Μὴ
464 1873 553 1899 τοίνυν
570 1872 639 1898 ἔστω
654 1881 695 1904 τις
714 1872 827 1907 κεφαλὴ,
846 1873 925 1907 μόγις
942 1881 992 1898 που

209 1921 269 1956 χεὶρ
279 1919 429 1953 τυγχάνων,
446 1918 462 1954 ἢ
482 1918 559 1949 ποῦς,
580 1918 596 1952 ἢ
611 1917 675 1944 ἄλλο
688 1927 714 1944 τι
731 1918 783 1944 τῶν
797 1917 992 1953 εὐτελεστέρων

211 1965 298 2001 μελῶν
318 1964 372 2001 (97)
390 1964 436 1991 τοῦ
458 1964 597 2000 σώματος·
611 1964 667 1990 ἀλλ’
679 1964 793 1994 ἕκαστος
814 1964 843 1989 ἐν
892 1963 992 1998 ἐκλήθη

209 2011 294 2045 τάξει,
311 2010 429 2044 ἀδελφοὶ,
447 2010 475 2036 ἐν
486 2009 570 2045 ταύτῃ
588 2009 700 2045 μενέτω,
715 2007 795 2044 κᾶνῇ
811 2009 860 2043 τῆς
871 2009 993 2044 κρείττο-

210 2065 254 2089 νος
270 2056 361 2088 ἄξιος·
385 2057 414 2083 ὲν
477 2056 585 2091 στέργει
602 2055 657 2090 (98)
673 2054 721 2090 τὴν
738 2053 888 2090 παροῦσαν,
914 2054 994 2081 πλέον

210 2102 370 2137 εὐδοκιμῶν,
387 2101 403 2138 ἢ
425 2102 453 2128 ὲν
473 2101 512 2136 τῷ
525 2101 615 2137 ζητεῖν
633 2100 666 2136 ἦν
684 2100 734 2126 οὐκ
755 2099 859 2126 ἐλαϐεν.
876 2100 920 2134 Μή
941 2108 992 2131 τις,

211 2149 270 2176 ὲνδν
290 2148 438 2180 ἀκινδύνως
460 2148 583 2180 ἕπεσθαι,
598 2147 691 2182 ἄρχειν
709 2145 886 2177 ἐπικινδύνως
902 2145 995 2172 ἐπιθυ-

213 2193 298 2228 μείτω
308 2202 315 2208 ·
340 2193 407 2228 μηδὲ
431 2194 445 2220 ὁ
469 2193 520 2228 τῆς
535 2193 673 2226 ὑποταγῆς
691 2191 771 2226 νόμος
781 2191 964 2221 καταλυέσοω,
977 2191 994 2226 ἢ

212 2239 258 2266 καὶ
273 2238 308 2265 τὰ
322 2239 431 2273 ἐπίγεια
448 2239 554 2274 συνέχει
576 2238 621 2264 καὶ
634 2237 668 2264 τὰ
681 2236 811 2272 οὐράνια*
831 2236 898 2271 μηδὲ
913 2236 996 2262 ποιῶ-

213 2293 263 2320 μεν
287 2284 418 2321 ἀναρχίαν
440 2284 489 2320 τὴν
503 2282 679 2318 πολυαρχίαν.
702 2283 733 2308 Οἱ
754 2282 818 2318 περ).
835 2281 939 2316 λόγους,
958 2281 994 2316 μὴ

1043 1696 1148 1718 vestros
1163 1691 1314 1726 assurgite;
1350 1691 1418 1718 satis
1442 1691 1513 1717 enim
1536 1690 1611 1717 vobis
1634 1694 1686 1721 est,
1706 1689 1728 1716 si
1752 1693 1825 1716 recte

1043 1737 1201 1772 pascamini.
1217 1736 1306 1764 Nolite
1321 1736 1447 1770 judicare
1459 1736 1574 1770 iudices,
1597 1742 1646 1762 nec
1668 1734 1826 1769 lcgislatori-

1045 1782 1096 1810 bus
1123 1782 1195 1816 leges
1217 1783 1394 1816 praescribite.
1412 1781 1470 1809 Non
1489 1786 1530 1809 est
1551 1781 1622 1809 enim
1651 1780 1826 1808 dissensionis

1044 1832 1071 1854 et
1087 1827 1255 1854 confusionis
1273 1827 1354 1859 Deus,
1374 1828 1421 1854 sed
1434 1827 1506 1862 pacis
1520 1832 1547 1854 et
1563 1827 1664 1854 ordinis
1676 1826 1697 1853 ⁸.
1713 1825 1751 1853 Ne
1765 1826 1826 1860 quis

1043 1873 1126 1908 igitur
1141 1878 1222 1908 caput
1236 1874 1280 1906 sit,
1304 1875 1350 1908 qui
1375 1875 1419 1901 vix
1441 1879 1487 1901 aut
1510 1881 1614 1905 manus,
1632 1878 1678 1900 aut
1699 1881 1758 1908 pes,
1781 1877 1827 1900 aut

1044 1918 1123 1945 vilius
1137 1917 1272 1953 quoddam
1288 1918 1360 1945 aliud
1373 1919 1492 1952 c0rporis
1513 1919 1662 1946 membrum
1684 1923 1726 1945 est
1746 1927 1754 1945 :
1780 1925 1827 1945 ve-

1046 1972 1115 1997 rum,
1132 1972 1186 1998 quo
1202 1970 1314 1992 vocatus
1341 1970 1392 1997 est,
1414 1965 1440 1992 in
1468 1973 1500 1992 eo
1521 1965 1604 1999 gradu
1630 1965 1744 1998 quisque
1770 1970 1827 1990 ma-

1045 2014 1117 2042 neat,
1134 2010 1240 2038 etiamsi
1262 2011 1365 2045 alioqui
1388 2011 1566 2046 prmstantieri
1578 2010 1675 2045 dignus
1689 2010 1741 2042 sit;
1767 2016 1828 2043 pnis

1046 2056 1141 2090 utique
1156 2056 1243 2083 laudis
1259 2057 1400 2084 habiturus
1421 2065 1453 2083 ex
1470 2064 1503 2084 eo
1517 2056 1587 2091 quod
1602 2055 1726 2090 praesenti
1743 2055 1826 2090 gradu

1046 2102 1204 2136 acquiescit,
1217 2110 1299 2137 quain
1311 2103 1333 2130 si
1351 2110 1412 2129 eum
1437 2108 1552 2137 quaarat,
1580 2109 1661 2136 quem
1681 2109 1733 2128 non
1752 2108 1828 2128 acce-

1046 2147 1094 2182 pit.
1110 2147 1150 2174 Ne
1161 2148 1233 2182 quis,
1249 2156 1310 2175 cum
1326 2149 1385 2175 sine
1401 2148 1519 2182 periculo
1535 2147 1616 2175 alium
1643 2147 1718 2182 sequi
1738 2146 1827 2179 liceat,

1046 2194 1141 2228 prreire
1158 2202 1220 2221 cum
1242 2194 1361 2229 periculo
1378 2199 1500 2227 expetat;
1528 2201 1579 2221 nec
1591 2192 1750 2220 obedientia:
1775 2191 1827 2222 lex,

1045 2248 1106 2274 qua:
1121 2243 1175 2266 tam
1201 2245 1308 2267 terrena
1320 2247 1400 2274 quant
1420 2239 1540 2266 cmlestta
1557 2242 1645 2265 tuetur
1659 2242 1742 2272 atque
1762 2244 1828 2264 con-

1047 2291 1146 2317 servat,
1162 2286 1324 2321 infringatur
1340 2295 1348 2312 :
1364 2292 1451 2319 neque
1477 2283 1688 2314 committamus,
1705 2287 1734 2309 ut
1761 2289 1829 2316 prte-

212 2313 314 2368 σφόδρα
329 2313 384 2362 τοῖς
399 2313 487 2364 λόγοίς
503 2313 639 2365 θαρῤείτε,
659 2328 726 2364 μηδὲ
744 2313 885 2361 σοᾷίζεσθε
898 2313 990 2362 περίσέ

1048 2330 1181 2358 lectorum
1198 2313 1341 2358 multitudo
1359 2331 1386 2358 in
1404 2330 1559 2358 dissolutam
1576 2329 1635 2356 sine
1649 2328 1711 2355 ullis
1735 2326 1830 2362 praele-

213 2378 246 2404 σά
263 2377 309 2404 καί¹
326 2377 397 2412 ὑπὲρ
416 2376 461 2402 τὸν
476 2375 565 2409 λόγον,
583 2374 649 2410 μηδὲ
666 2374 744 2408 νικᾷν
755 2372 918 2407 ἐπιθυμεῖτε·
928 2372 996 2398 πάν-

211 2431 246 2450 τα
262 2422 366 2454 κακῶς,
383 2421 440 2448 ἀλλ’
455 2420 527 2447 ἐστιν
545 2420 562 2447 ἀ
580 2419 626 2446 καὶ
639 2418 771 2454 ἡττᾶσθαι
792 2417 882 2449 καλῶς
905 2417 999 2453 ἀνέχε-

213 2469 260 2496 σθε
272 2469 338 2504 (99).
354 2467 419 2494 Δότε
435 2466 474 2502 τῷ
486 2467 564 2502 Λόγῳ
583 2465 627 2492 τὸν
644 2465 736 2499 λόγον·
755 2464 884 2499 ποιήσατε
899 2463 1000 2490 δικαιο-

214 2515 296 2550 σύνης
304 2514 396 2546 ὅπλον,
414 2514 452 2550 μὴ
468 2512 595 2544 θανάτου,
612 2512 660 2548 τὴν
674 2511 822 2538 παίδευσιν.

231 2597 255 2615 ’⁸
265 2597 350 2624 Exod.
366 2602 446 2626 χχιιι,
469 2594 513 2621 l5.
550 2593 573 2609 "’
591 2592 664 2620 Psal.
677 2599 768 2625 cum,
785 2591 827 2619 l6.
865 2592 888 2609 "
900 2591 999 2619 Ezecb.
1021 2599 1115 2623 xxxtv,
1135 2591 1162 2624 5,
1183 2591 1210 2618 6.
1249 2590 1271 2607 "
1286 2589 1363 2617 Joan.
1377 2597 1404 2622 ι,
1421 2589 1450 2616 ll
1464 2596 1523 2624 sqq.

445 2629 457 2645 ³
480 2629 574 2656 Matth.
596 2635 674 2660 unt,
702 2627 744 2653 l5.
783 2626 817 2653 δι
835 2627 897 2654 Cor.
921 2634 978 2660 xtv,
1006 2628 1051 2655 35.

215 2633 226 2650 ³
241 2633 294 2660 lsa.
318 2640 363 2663 ιι,
381 2631 408 2657 2.

250 2688 304 2721 (92)
322 2687 476 2720 Ἐλλίπῃς.
498 2685 544 2721 0r.
565 2685 592 2716 1,
605 2684 731 2721 ὲλλειπῃς
753 2683 858 2721 [male].

250 2719 305 2757 (95)
315 2722 349 2749 Τὸ
358 2721 391 2748 δὲ
397 2719 608 2757 σιροθυμήθητι.
623 2719 793 2757 δίοιιυίηςίιιθ
801 2719 896 2754 ltegg.,
908 2719 999 2757 decem

215 2755 358 2790 (1011),,οη
369 2757 394 2789 l,
407 2756 495 2787 Pass.
513 2762 626 2789 quorum
646 2755 804 2782 auctoritate
818 2755 999 2782 resecavimus

218 2789 548 2830 μήιξιῄιθγπρολθυμῄθητι,
564 2790 635 2830 quod
649 2789 676 2830 in
690 2789 769 2830 editis
784 2789 926 2830 reperitur:

252 2803 255 2828 ι
271 2801 335 2820 :tltle
346 2801 548 2852 tpouupququ.
564 2801 635 2821 t|uou
649 2801 676 2829 III-
690 2801 769 2816 υυιιιδ
784 2801 926 2822 ιιψειιιυι.

252 2827 308 2862 (94)
323 2829 375 2862 Kay
391 2827 426 2853 ἐκ,
436 2834 494 2852 των
506 2825 633 2862 οἰκείων.
650 2824 695 2850 διε
711 2824 801 2862 plures
818 2824 897 2851 codd.
918 2823 998 2862 Deest

217 2861 292 2889 exin
309 2865 353 2888 ed.
368 2861 458 2888 Billius
475 2861 554 2887 vertit
571 2870 577 2886 :
593 2868 602 2884 ι
617 2863 643 2885 et

255 2897 311 2931 (95)
325 2897 419 2923 Διπλᾶ
431 2895 466 2922 τὰ
476 2893 675 2929 ἁμαρτήματα.
691 2903 699 2918 t
719 2893 835 2926 Duplicia
849 2899 967 2929 peccata,
985 2903 995 2919 ι

219 2931 246 2959 id
259 2938 311 2964 εει,
326 2941 335 2956 ι
353 2931 471 2966 duplices
487 2934 657 2965 peccatorum
675 2936 776 2962 punias.
793 2937 802 2953 ›

663 2859 733 2892 quod
759 2858 814 2884 Deo
832 2859 965 2885 convenit.
985 2868 994 2885 i

1047 2376 1098 2404 ctis
1115 2377 1221 2404 vivendi
1238 2377 1373 2404 licentiam
1399 2376 1512 2403 recidat.
1533 2374 1582 2407 Qui
1607 2373 1701 2400 litteris
1719 2380 1828 2407 operam

1048 2422 1128 2454 datis,
1144 2430 1178 2449 ne
1207 2423 1339 2450 doctrina:
1367 2427 1448 2456 atque
1465 2422 1626 2456 eloquentia:
1646 2425 1741 2446 vestrae
1770 2426 1830 2445 ma-

1048 2476 1166 2503 gnopere
1178 2469 1332 2501 conﬁdatis,
1348 2476 1396 2495 nec
1411 2468 1553 2494 innnodice
1570 2471 1597 2493 et
1614 2466 1673 2500 plus
1691 2472 1772 2499 quam
1787 2471 1830 2490 ra-

1050 2513 1087 2540 tio
1101 2514 1229 2548 postulat,
1243 2515 1379 2550 sapientes
1394 2514 1463 2546 silis,
1485 2520 1534 2540 nce
1556 2512 1681 2539 omnibus
1702 2511 1729 2537 in
1750 2509 1831 2537 rebus

1563 2589 1571 2604 ¹
1588 2588 1598 2615 Ι
1618 2588 1691 2615 l‘etr.
1717 2594 1759 2619 tv,
1785 2587 1830 2614 l7.

1090 2683 1146 2718 (96)
1160 2683 1370 2718 Ποιμαίνησθε.
1389 2681 1455 2715 Reg.
1476 2680 1521 2715 ph.
1537 2684 1563 2707 et
1581 2679 1662 2707 Coisl.
1680 2679 1705 2711 Ι,
1724 2679 1830 2714 ποιμαι-

1053 2718 1270 2794 volgi-Malam.
1286 2752 1351 2786 Reg.
1365 2751 1411 2786 pb,
1423 2750 1505 2778 Coisl.
1523 2751 1549 2782 Ι,
1564 2753 1624 2777 octo
1637 2748 1782 2782 Colb.,0r.
1805 2749 1832 2782 Ι,

1052 2797 1153 2824 μερων,
1171 2797 1180 2824 ι
1193 2795 1275 2824 p:trs._
1285 2796 1294 2813 ›

1085 2818 1153 2858 (98)
1172 2818 1223 2849 Ἐν
1256 2818 1280 2855 ᾧ
1314 2821 1440 2856 στέργει.
1475 2820 1588 2853 Forsan,
1631 2820 1660 2847 ὲν
1686 2819 1726 2855 τῷ
1755 2818 1832 2854 στέρ-

1050 2867 1118 2893 γειν.

1087 2892 1142 2929 (99)
1163 2891 1330 2926 Ἀνέχεσοε.
1346 2891 1427 2920 Coisl.
1446 2891 1469 2923 Ι,
1488 2891 1639 2926 ἀνέχεσθαι,
