2049 3143
175 147 244 176 1057
441 150 570 180 ORATIO
589 150 663 179 XIX.
684 167 717 173 —
737 151 783 178 AD
803 149 978 179 JULIANUM
997 149 1229 179 TRIBUTORUM
1249 149 1540 184 EXA'JQUATOREM.
1740 150 1810 178 1058

174 217 270 254 Δῶμέν
285 227 312 246 τι
327 219 425 255 μικρὸν
439 220 574 254 ἐντεῦθεν,
589 221 623 248 ἵν’
638 221 744 249 ἐκεῖθεν
762 221 967 256 πλουτήσωμεν.

1020 223 1173 255 tineamus;
1192 223 1264 249 absit
1291 227 1320 249 ιιι
1349 227 1403 249 tam
1432 223 1510 258 longe
1530 230 1543 248 a
1572 222 1663 248 divina
1684 222 1813 256 :rquitate

175 265 354 299 recedamus;
378 274 429 294 nec
458 267 567 295 divitias
591 272 699 296 nostras
723 275 783 295 eutn
818 267 932 295 aliorum
958 267 1084 304 lacryntis
1115 269 1288 302 misceamus,
1319 277 1333 296 a
1358 269 1456 303 quibus
1484 274 1612 304 tanquam
1649 277 1663 294 a
1690 269 1814 304 rubigine

175 319 208 340 ac
236 313 307 340 tinea
333 317 549 346 consumentur,
577 319 643 347 aut,
664 319 693 341 ut
719 313 868 348 Scriptura:
896 314 979 340 verbo
1006 319 1078 346 utar,
1101 319 1262 342 evomentur
1281 315 1303 342 ’.
1327 314 1428 342 Verum
1453 314 1486 341 ad
1514 321 1570 341 rem
1608 314 1744 342 avidiori-s
1768 323 1813 342 sn-

175 367 248 391 mus,
275 365 357 394 quam
391 366 440 393 par
468 358 524 386 sit?
546 358 619 386 Nihil
648 360 783 394 prohibet,
811 360 954 395 quominus
977 360 1102 389 laudabili
1127 362 1240 389 avaritia
1267 366 1419 389 teneatnur.
1452 349 1592 388 Paululum
1611 362 1738 396 quiddam
1768 363 1813 390 hic

176 407 281 437 demus.
299 409 328 432 ut
351 404 406 432 illic
425 405 523 432 divites
543 410 570 432 et
584 406 685 440 copiosi
712 406 807 433 simus.

208 453 258 481 lB’.
272 452 365 479 Ταῦτα
386 453 435 488 μὲν
457 450 504 479 οὖν
522 452 577 488 (12)
592 453 642 489 ἤδη
667 453 744 480 κοινὰ
762 453 831 489 πρὸς
853 454 968 487 πάντας,

171 499 202 526 οὺ
216 498 279 530 τοὺς
302 498 356 534 (15)
375 499 403 525 ὲν
419 499 542 535 πολιτείᾳ
570 498 660 534 μόνον,
682 499 717 526 τὰ
734 500 967 535 παραγγέλματα·

172 543 249 571 κοινὰ
259 543 314 580 γὰρ
328 545 374 570 καὶ
390 544 483 580 κοινῆς
504 545 660 581 ἀρρωστίας
674 545 708 571 τὰ
725 546 868 582 φάρμακα.
885 546 921 573 Σὺ
941 546 969 572 δὲ

171 590 315 626 ἀπόγραφε
326 589 437 621 δικαίως
455 591 539 625 ἡμᾶς,
554 591 568 617 ό
583 590 636 617 τῶν
646 591 788 628 ἡμετέρων
801 591 891 627 φόρων
907 592 970 618 ἀπο-

171 637 293 673 γραφεύς
308 637 363 672 (14)
377 645 384 652 ο
398 636 555 672 ὰπόγραφε,
572 637 609 673 μὴ
623 638 687 668 τοὺς
703 638 786 673 ἐμοὺς
802 638 897 672 λόγους
911 638 969 664 ἐπι-

173 683 272 718 μελῶς,
286 680 323 709 ὧν
338 683 424 713 οὐδὲν,
439 683 455 718 ἢ
470 683 567 718 μικρὸν
579 683 609 710 τὸ
620 683 751 719 κέρδος,ῆ
765 685 804 716 εἰς
815 684 870 719 (15)
886 685 970 720 ἀκοῆς

171 729 251 764 χάριν
267 729 314 756 καὶ
335 729 443 764 ἡδονὴν,
462 729 530 756 ἀλλὰ
546 728 592 755 τὸν
605 729 672 764 ἐμὸν
689 729 753 755 λαὸν
766 729 848 761 ὁσίως
864 729 912 756 καὶ
926 739 971 764 φι-

171 774 339 810 λανθρώπως
351 783 358 790 ·
384 775 528 806 αἰδεσθεὶς,
553 775 576 800 εἰ
597 775 633 810 μή
649 783 675 801 τι
695 775 769 806 ἄλλο,
785 775 801 810 ἦ
816 775 861 801 τὸν
875 775 969 811 καιρὸν

171 821 264 852 αὑτὸν,
282 821 323 847 ὅτι
345 821 391 847 καὶ
412 822 425 847 ὁ
439 820 532 856 Σωτὴρ
546 821 575 847 ἐν
592 821 739 856 ἀπογραφῇ
759 820 892 848 τίκτεται.
911 821 969 852 Έξ-
984 836 1005 863 Β

170 865 246 900 ἦλθε
275 866 329 902 γὰρ
356 867 462 902 δόῃια,
492 867 568 902 φησὶ.
583 867 663 900 παρὰ
690 867 842 900 Καίσαρος
854 867 969 901 Αὐγού-

171 920 257 944 στου,
271 912 324 938 τοῦ
337 911 563 946 ἀπογράφεσθαι
577 910 633 945 (16)
645 909 749 937 πᾶσαν
764 910 823 944 τὴν
834 910 970 945 οἶκοιψέ-

139 974 141 993 ε
170 964 248 990 νην·
269 957 316 984 καὶ
339 957 526 993 ἀπεγράφετο.
549 957 649 991 Ἀνέϐη
674 956 710 983 δὲ
730 956 779 983 καὶ
806 956 912 991 Ἰωσὴφ
934 956 970 983 ἐν

171 1004 306 1038 Βηθλεὲμ
332 1003 394 1030 σὺν
420 1003 539 1038 Μαριὰμ
561 1002 599 1037 τῇ
620 1003 874 1038 μεμνηστευμένῃ
889 1002 969 1036 αὐτῷ

172 1048 295 1082 γυναικὶ
313 1047 370 1083 (17)
385 1047 629 1083 ἀπογράψασθαι,
655 1047 704 1074 διὰ
718 1047 751 1074 τὸ
777 1046 854 1074 εἶναι
874 1047 969 1074 αὐτὸν

136 1093 142 1132 )
170 1094 205 1126 ἐξ
215 1094 302 1120 οἴκου
323 1094 372 1120 καὶ
397 1094 523 1128 πατριᾶς
537 1093 635 1120 ΔαὸΙδ.
652 1094 707 1120 Kal.
720 1094 870 1129 τηνικαῦτα
885 1095 899 1120 ὁ
914 1094 970 1120 Σω-

170 1139 223 1175 τὴρ
246 1139 379 1172 τίκτεται,
410 1140 441 1166 τὸ
455 1139 617 1176 θαυμάσιον,
631 1140 645 1166 ὁ
671 1139 779 1166 πάντων
804 1139 969 1175 δημιουργὸς

171 1185 226 1221 (18)
239 1186 286 1213 καὶ
295 1185 439 1220 δεσπότης,
452 1186 480 1212 ὲν
498 1184 592 1220 φαύλῳ
608 1184 663 1220 (19)
678 1185 724 1211 καὶ
743 1185 833 1220 μικρῷ
850 1184 968 1212 καταλυ-

172 1239 247 1266 ματι.
262 1231 427 1267 Φοϐηθῶμεν
439 1231 470 1258 τὸ
486 1232 634 1267 μυστήριον
647 1240 654 1247 ⁸
681 1231 850 1266 αίδεσθῶμεν
870 1231 920 1266 τὴν
931 1231 986 1261 02-,

170 1277 301 1312 κονομίαν
321 1277 389 1313 (20),
408 1278 456 1304 καὶ
470 1278 546 1304 αὐτοὶ
561 1277 600 1313 τῷ
614 1276 702 1312 καιρῷ
714 1285 740 1303 τι
757 1277 968 1311 συνεισενέγκαι-

172 1331 234 1357 μεν.
248 1323 305 1350 Νῦν
322 1323 433 1358 ἄγγελοι
448 1323 586 1359 χαίρουσι,
600 1323 648 1350 νῦν
665 1322 793 1358 ποιμένες
804 1323 969 1358 περιαστρά-

171 1377 293 1401 πτονται,
304 1369 352 1396 νῦν
366 1369 454 1405 ἀστὴρ
471 1369 500 1402 ἐξ
519 1369 670 1396 Ἀνατολῶν
682 1369 773 1405 τρέχει
792 1368 860 1405 πρὸς
874 1368 905 1395 τὸ
921 1368 968 1404 μέ-

171 1423 263 1449 γιστον
277 1414 335 1450 φῶς
346 1415 394 1442 καὶ
409 1414 556 1450 ἀπρόσιτον
567 1423 573 1430 ·
591 1414 638 1441 νῦν
656 1415 738 1450 μάγοι
755 1414 966 1449 προσπίπτουσι,

171 1461 220 1488 καὶ
238 1460 432 1497 δωροφοροῦσι,
450 1461 496 1488 καὶ
512 1461 557 1488 τὸν
569 1461 677 1488 πάντων
692 1460 805 1496 βασιλέα
818 1460 967 1495 γινώσκου-

1059 453 1138 489 371
1157 453 1214 480 Xll.
1232 453 1295 480 llaec
1312 453 1420 487 quidem
1439 458 1572 487 praecepta
1589 460 1642 480 non
1659 453 1692 480 ad
1707 461 1754 480 eos
1769 461 1814 481 so-

1024 501 1090 533 lum,
1108 500 1153 535 qui
1169 499 1362 535 rempublicam
1377 504 1491 533 gerunt,
1508 500 1554 526 scd
1572 500 1656 526 etiam
1671 499 1704 526 ad
1719 507 1813 527 omnes

1027 545 1210 572 communiter
1229 549 1363 579 spectant.
1378 543 1538 572 Communis
1552 545 1623 571 enim
1637 545 1721 571 morbi
1739 552 1814 571 com-

1024 591 1115 618 munia
1132 598 1239 625 quoque
1253 591 1451 618 medicamenta
1466 594 1540 618 sunt.
1557 590 1596 616 Tu
1616 598 1681 617 vero
1697 591 1743 625 qui
1762 591 1813 617 tri-

1020 637 1084 663 buta
1112 642 1206 664 nostra
1234 636 1260 663 in
1289 637 1413 671 publicas
1438 636 1559 662 rationes
1582 635 1685 668 refers,
1704 636 1746 663 fac
1762 642 1812 664 nos

1017 683 1094 718 juste
1106 682 1265 715 describas;
1289 682 1316 709 id
1333 690 1398 716 age,
1413 690 1466 708 non
1485 685 1514 708 ιιι
1532 681 1627 708 sedulo
1641 687 1669 709 et
1685 688 1812 709 accurate

1019 726 1158 754 orationes
1175 734 1260 757 meas,
1278 734 1406 761 quarunt,
1421 727 1462 753 \cl
1480 726 1550 753 nulla
1562 747 1569 759 ,
1585 726 1627 754 vel
1643 734 1724 761 parva
1740 727 1813 754 utili-

1020 777 1061 799 tas
1085 778 1128 800 est
1141 793 1148 804 ,
1167 772 1208 799 vel
1226 773 1338 801 auribus
1358 777 1463 800 tantum
1481 778 1556 808 grata
1572 777 1655 808 atque
1673 773 1810 808 jucunda,

1019 819 1065 845 sed
1079 818 1205 853 populum
1221 826 1310 845 mcmn
1326 824 1420 845 sancte
1435 823 1463 845 et
1478 819 1595 845 humane
1612 819 1771 846 describas:
1787 820 1810 847 si

1020 864 1087 891 nihil
1102 864 1175 891 aliud
1186 885 1194 896 ,
1212 869 1241 890 at
1257 869 1331 891 certe
1351 869 1457 899 tempus
1476 864 1527 891 hoc
1543 865 1697 892 reverentia
1715 872 1811 898 prose-

1019 914 1118 943 cutus;
1134 910 1356 944 quandoquidem
1372 910 1429 943 ipse
1443 917 1552 944 quoque
1571 909 1697 937 Salvator
1711 910 1812 938 descri-

1020 957 1121 991 ptionis
1140 962 1262 991 tempore
1282 957 1415 984 nascitur.
1432 956 1507 983 Επὶἱι
1524 957 1596 984 enim
1609 979 1616 990 ,
1632 957 1721 992 inquit
1732 976 1739 989 ,
1755 958 1812 984 edi-

1019 1007 1088 1029 ctum
1103 1011 1118 1029 η
1136 1002 1242 1029 Cwsare
1260 1004 1395 1037 Augusto,
1419 1007 1445 1029 ut
1468 994 1659 1030 describeretur
1675 1003 1812 1030 uniuersus

1019 1048 1108 1080 orbis;
1131 1053 1158 1075 et
1179 1048 1288 1082 quidem
1309 1048 1526 1076 describe-batur.
1547 1048 1671 1075 Ascendit
1687 1054 1774 1076 autem
1787 1055 1811 1075 et

1018 1094 1115 1127 Joseph
1128 1094 1154 1121 in
1168 1093 1336 1126 Bethlehem,
1359 1098 1387 1120 ut
1407 1101 1466 1120 cum
1489 1093 1576 1121 Maria
1590 1094 1745 1129 desponsata
1761 1095 1811 1122 sibi

1020 1149 1101 1167 uxore
1117 1140 1297 1175 proﬁteretur,
1314 1141 1425 1174 ecquod
1438 1145 1505 1167 esset
1521 1140 1553 1166 de
1565 1140 1644 1167 domo
1660 1145 1684 1167 et
1703 1141 1808 1175 familia

1022 1185 1106 1212 David
1120 1185 1154 1212 '°.
1168 1186 1257 1220 Atque
1270 1193 1302 1213 eo
1319 1190 1439 1220 tempore
1458 1186 1554 1213 salutis
1573 1191 1669 1214 auctor
1683 1186 1708 1213 in
1723 1186 1809 1214 lucem

1020 1232 1140 1266 prodiit,
1169 1239 1213 1259 res
1239 1231 1416 1258 admiranda!
1435 1232 1556 1258 omnium
1574 1240 1664 1259 rerutn
1680 1231 1768 1266 opifex
1784 1236 1810 1258 ct

1019 1277 1154 1309 dominus,
1171 1277 1196 1304 in
1209 1277 1306 1312 exiguo
1317 1282 1345 1304 et
1356 1277 1466 1312 ignobili
1477 1277 1637 1306 diversorio.
1649 1277 1808 1313 Mysterium

1019 1323 1070 1350 hoc
1087 1323 1250 1355 timeamus;
1265 1322 1367 1350 Christi
1383 1323 1599 1351 incarnationem
1614 1331 1805 1356 revereamur;

1020 1369 1046 1395 in
1063 1369 1177 1403 gratiam
1195 1369 1324 1404 temporis
1341 1377 1391 1397 nos
1408 1377 1516 1404 quoque
1532 1370 1634 1404 aliqttid
1649 1377 1802 1404 erogenms.

1017 1415 1096 1444 Nune
1107 1416 1194 1451 angeli
1220 1416 1351 1451 gaudent,
1370 1422 1493 1451 pastores
1503 1416 1611 1444 luminis
1633 1416 1809 1452 fulgorcper-

1019 1462 1189 1497 stringuntur
1203 1462 1242 1489 ”:
1261 1470 1334 1489 nunc
1348 1463 1383 1489 ab
1397 1461 1508 1489 Oriente
1518 1463 1550 1488 ad
1560 1462 1645 1489 lucem
1663 1462 1808 1489 maximam

172 1515 209 1539 σι,
222 1507 269 1533 καὶ
284 1506 374 1538 καλῶς
387 1506 425 1542 τῷ
437 1507 531 1542 ἀστέρι
553 1506 748 1542 τεκμαίρονται
766 1506 812 1533 τὸν
824 1507 948 1542 οὐράνιον
960 1514 965 1520 ⁸

1019 1512 1047 1534 οι
1061 1508 1276 1535 inacccssihilem
1292 1508 1371 1535 stella
1388 1509 1492 1541 currit;
1514 1515 1584 1535 nunc
1600 1508 1669 1543 magi
1685 1516 1809 1543 procum-

170 1553 229 1579 νυνί
243 1561 273 1578 τε
293 1552 416 1588 Ἡρώδης
446 1552 582 1588 μαίνεται,
604 1553 651 1579 καὶ
677 1553 842 1587 παιδοφονεῖ,
858 1553 905 1579 καὶ
921 1552 965 1579 διὰ

169 1598 216 1624 τὸν
239 1597 435 1634 ἑλευθερωτὴν.
452 1599 560 1634 ἀναιρεῖ
574 1599 638 1630 τοὺς
655 1598 704 1633 τῆς
725 1598 881 1633 ἐλευθερίας
901 1606 965 1632 τυγ-

171 1645 263 1680 χάνειν
278 1644 445 1679 ὀφείλοντας.
467 1637 536 1670 Ἀλλ’
550 1644 630 1680 ἡμεῖς
645 1653 676 1678 γε
695 1644 763 1680 μετὰ
778 1644 831 1670 τῶν
848 1652 968 1679 προσκυ-

170 1690 289 1717 νούντων
300 1689 454 1726 γενώμεθα,
469 1690 516 1717 καὶ
535 1690 763 1725 προσενέγκωμεν
789 1689 829 1725 τῷ
843 1689 875 1716 δι’
893 1691 967 1725 ἡμᾶς

170 1737 360 1772 πεεοχεύσαντι
378 1737 459 1773 μέχρι
477 1737 524 1763 καὶ
547 1736 682 1772 σώματος,
707 1737 744 1771 μὴ
760 1736 879 1768 λίϐανον,
898 1736 965 1772 μηδὲ

169 1783 279 1818 χρυσὸν,
293 1783 359 1819 μηδὲ
376 1783 499 1818 σμύρναν
511 1791 517 1798 ⁵
536 1782 582 1809 τὸν
598 1783 647 1818 μὲν
668 1782 705 1814 ὡς
722 1782 782 1817 Θεῷ
794 1782 860 1817 (21),
876 1783 922 1809 τὸν
937 1783 966 1809 δὲ

171 1828 208 1860 ὡς
224 1828 338 1864 βασιλεῖ,
351 1828 400 1864 τὴν
417 1828 445 1854 δὲ
463 1828 500 1859 ὡς
517 1828 680 1863 γευσαμένῳ
702 1828 735 1854 δι’
750 1829 824 1863 ἡμᾶς
837 1828 966 1863 νεκρότη-

169 1883 215 1906 τος
229 1875 285 1910 (22)
298 1883 305 1890 ·
320 1874 389 1900 ἀλλὰ
409 1875 484 1910 δῶρα
511 1874 638 1910 μυστικὰ,
661 1874 708 1901 καὶ
729 1874 798 1908 ὑπὲρ
820 1873 851 1900 τὸ
871 1874 965 1908 φαινό-

171 1928 249 1956 μενον
261 1928 269 1936 ο
293 1920 323 1947 τό
340 1929 372 1955 γε
393 1920 475 1956 μηδὲν
489 1920 591 1952 λαΰείν,
610 1920 676 1956 μηδὲ
688 1919 727 1955 τῷ
744 1919 851 1955 πλούτῳ
862 1928 887 1946 τι
900 1928 966 1954 συγ-

170 1966 294 2002 χωρῆσαι
311 1966 383 1994 κατὰ
400 1966 506 1998 πενίας,
529 1966 591 2002 μηδ’
606 1966 734 2002 ἀδικῆσαι
750 1965 781 1992 τὸ
797 1965 910 2001 πλάσμα
922 1965 965 1992 διὰ

169 2012 216 2038 τοῦ
232 2011 401 2047 πλάσματος.

1018 1553 1094 1585 bunt,
1104 1561 1136 1581 ac
1142 1553 1212 1582 dona
1219 1553 1348 1586 offerunt,
1356 1554 1531 1589 omniumque
1539 1553 1639 1589 Regem
1649 1559 1808 1590 agnoscunt,

1018 1605 1045 1626 et
1061 1608 1095 1626 cx
1111 1600 1209 1627 sideris
1235 1606 1346 1634 aspectu
1372 1601 1512 1628 rcclcstem
1528 1601 1637 1636 egregie
1653 1601 1808 1635 conjectura

1019 1649 1212 1680 assequuntur.
1239 1645 1317 1673 Nune
1338 1645 1458 1673 llerodes
1484 1645 1567 1677 furit,
1588 1650 1615 1672 ct
1637 1653 1736 1680 pueros
1761 1645 1810 1671 οΙι-

1020 1695 1144 1722 truncat,
1159 1694 1186 1717 ct
1200 1696 1311 1726 propter
1327 1691 1462 1718 libertatis
1477 1696 1575 1718 nostra:
1591 1691 1737 1722 vindicem,
1750 1698 1807 1721 cus,

1020 1736 1064 1768 qtti
1081 1735 1106 1762 in
1121 1735 1274 1763 libertatem
1290 1737 1430 1763 asserendi
1445 1741 1534 1769 erant,
1547 1737 1580 1763 de
1594 1736 1681 1763 medio
1695 1735 1764 1762 tollit
1776 1736 1806 1762 ⁸³.

1018 1779 1054 1806 At
1072 1788 1120 1808 nos
1137 1781 1171 1807 ab
1190 1781 1369 1808 adorantihus
1397 1786 1518 1814 stemus;
1543 1781 1622 1815 eique
1643 1781 1687 1816 qui
1710 1785 1809 1808 nostra:

1019 1826 1116 1852 salutis
1137 1833 1220 1852 causa
1237 1834 1270 1853 eo
1293 1827 1461 1861 paupertatis
1477 1835 1506 1854 se
1520 1827 1648 1859 demisit,
1665 1831 1693 1853 ut
1708 1834 1808 1861 corpus

1019 1874 1101 1898 etiam
1116 1872 1268 1906 acciperet;
1289 1880 1342 1899 non
1363 1873 1444 1906 tlms,
1462 1880 1515 1899 non
1533 1881 1628 1899 aurttm
1640 1893 1647 1906 ,
1667 1880 1719 1899 non
1735 1880 1809 1908 myr-

1019 1917 1109 1949 rham,
1128 1918 1243 1952 primunt
1261 1923 1289 1945 ut
1305 1919 1370 1950 Deo,
1389 1920 1536 1946 secundum
1550 1924 1578 1945 ul
1598 1919 1664 1954 regi,
1687 1918 1807 1950 lcrtimn,

1019 1968 1049 1990 ut
1061 1963 1084 1990 ci
1104 1964 1148 1998 qui
1165 1970 1257 1991 nostra
1275 1973 1358 1992 causa
1376 1970 1490 1992 mortem
1514 1966 1686 2000 degustarit,
1711 1965 1808 1992 altera.

1019 2017 1096 2042 mus;
1113 2009 1159 2036 sed
1174 2009 1286 2044 mystica
1304 2011 1385 2042 dona,
1402 2010 1499 2044 iisque,
1515 2017 1575 2044 qua:
1587 2010 1674 2036 oculis
1688 2016 1807 2035 cernun-

170 2063 225 2091 tur,
243 2058 417 2092 sublimiora;
437 2057 577 2088 nimirum,
593 2062 621 2084 nt
635 2057 701 2085 nihil
734 2056 913 2091 accipiamus,
931 2063 981 2082 nec
1001 2055 1103 2082 divitiis
1122 2056 1268 2090 quidquam
1289 2057 1420 2084 adversus
1454 2061 1640 2091 paupertatem
1669 2057 1806 2084 conceda-

170 2111 243 2136 mus,
261 2111 311 2131 nec
329 2103 375 2131 Dei
391 2110 544 2131 creaturam
560 2111 607 2138 per
622 2103 703 2130 aliam
720 2107 873 2130 creaturam
888 2102 984 2136 injuria
1004 2100 1167 2128 adiiciamus»

205 2149 253 2175 II".
270 2148 323 2174 Σὺν
334 2148 443 2184 Χριστῴ
457 2149 582 2184 γράφεις,
596 2149 643 2175 σὺν
657 2147 768 2184 Χριστῷ
778 2147 962 2179 ταλαντεύεις,

1051 2145 1121 2173 ΧΙΙΙ.
1141 2146 1208 2174 Cum
1223 2147 1332 2174 Christo
1347 2148 1497 2181 describis,
1514 2156 1575 2175 cum
1595 2147 1705 2175 Christo
1723 2148 1806 2176 tribu-

171 2195 218 2222 σὺν
240 2196 273 2230 τῇ
290 2194 394 2230 κεφαλῇ
409 2194 575 2230 δοκιμάζεις,
595 2194 663 2230 μετὰ
679 2193 725 2220 τοῦ
749 2193 830 2228 λόγου
855 2188 961 2229 λογίζῃ.

1018 2196 1075 2219 tum
1093 2193 1244 2228 expendis,
1267 2201 1330 2221 cum
1356 2194 1444 2228 capite
1463 2201 1607 2222 Censuram
1635 2193 1719 2225 facis,
1745 2203 1804 2221 cum

169 2241 286 2277 Χριστὸς
302 2240 364 2276 ἄρτι
391 2240 517 2275 γεννᾶταί
545 2248 597 2272 σοι,
620 2239 667 2266 καὶ
685 2239 751 2271 Sed;
765 2240 833 2272 ἐστι,
851 2239 897 2265 καὶ
918 2239 964 2266 ἆν-

1018 2237 1106 2266 V'crbo
1123 2240 1253 2267 rationem
1267 2240 1408 2268 subducis.
1425 2239 1502 2268 Nunc
1517 2241 1644 2268 Christus
1659 2240 1706 2267 tibi
1722 2241 1806 2267 nasci-

170 2287 279 2322 θρωπος
291 2286 405 2320 γίνεται,
419 2286 466 2314 καὶ
478 2285 634 2320 ἀνθρώποις
651 2285 915 2322 συναναστρέφεται,
931 2285 952 2310 Τ
957 2284 964 2310 ί

169 2331 217 2359 τοῦ
238 2331 317 2366 λόγου
341 2331 503 2368 δηλοῦντοςς
536 2331 614 2367 Ἐμοὶ
627 2331 700 2357 δοκεῖ
717 2331 785 2366 (25),
817 2331 856 2362 εἰς
873 2329 964 2356 νουθε-

170 2378 232 2405 σίαν
248 2378 302 2405 τῶν
313 2378 346 2405 τὰ
361 2378 474 2405 τοιαῦτα
485 2377 687 2413 πιστευομένων
699 2376 766 2413 (21),
781 2377 822 2403 ὅτι
838 2377 898 2407 ταῖς
915 2385 965 2411 με-

169 2424 278 2460 γίσταις
288 2424 342 2451 τῶν
355 2424 513 2461 διοικήσεων
528 2424 594 2456 Θεὸς
610 2425 654 2451 ἀεὶ
675 2423 889 2460 συνεισέρχεται.
911 2422 966 2449 Καὶ

1014 2290 1069 2318 tur,
1087 2290 1114 2312 et
1132 2285 1203 2312 Deus
1217 2291 1278 2317 est,
1294 2290 1321 2312 et
1336 2285 1416 2312 homo
1429 2285 1555 2317 ellicitur,
1570 2291 1670 2313 etcum
1687 2286 1805 2313 homini-

1013 2330 1064 2357 hus
1082 2336 1274 2358 conversatur.
1293 2331 1363 2365 Quid
1381 2336 1472 2358 autetn
1493 2331 1544 2358 sibi
1563 2331 1618 2358 vult
1634 2331 1678 2359 hic
1694 2331 1805 2359 sermo?

1015 2375 1103 2407 Sane.
1127 2377 1177 2403 nisi
1196 2385 1240 2404 tne
1261 2378 1394 2404 sententia
1418 2377 1498 2409 fallit,
1515 2385 1582 2410 eos,
1603 2377 1685 2412 372
1708 2377 1804 2411 quibus

1015 2422 1169 2456 hnjnsmodi
1186 2431 1298 2450 tnunera
1313 2425 1459 2450 commissa
1477 2428 1551 2457 sunt,
1564 2423 1702 2455 admonet,
1720 2422 1803 2449 Deum

206 2505 217 2521 '
232 2503 282 2532 Job
297 2512 344 2537 xx,
362 2504 408 2533 15.
452 2505 473 2521 ¹⁰
493 2505 560 2532 Luc.
575 2512 610 2536 ιι,
626 2504 638 2530 1
653 2511 713 2538 sqq.
753 2505 773 2520 ¹¹
790 2504 855 2532 ibid.
870 2503 886 2532 9
901 2510 962 2538 ειμι.

1018 2504 1025 2519 '
1041 2502 1138 2530 Matth.
1155 2511 1185 2533 tt.
1202 2504 1212 2530 1
1228 2510 1288 2537 sqq.

206 2573 263 2608 {12)
279 2571 351 2601 Οὖν.
365 2572 445 2608 Deest
462 2573 488 2599 itt
508 2574 552 2600 ed.

221 2608 264 2643 l5)
281 2609 365 2641 Τούς.
376 2607 464 2642 Pass.,
476 2609 542 2639 τοῖς.

222 2641 263 2679 ιι)
278 2644 378 2678 Φόρων
394 2642 593 2679 ἁπογραφεύςτ
609 2641 655 2669 Sic
669 2642 757 2679 rCoisl.
780 2643 806 2669 1.
825 2641 853 2668 lu
876 2641 958 2670 Cois».

171 2678 200 2711 2.
213 2678 241 2706 et
251 2678 307 2711 eL,
320 2679 452 2714 γραφεύς.
467 2679 544 2705 Deest
562 2678 652 2713 φόρων
667 2678 692 2704 in
701 2679 744 2705 ed.

207 2714 262 2750 (15)
274 2713 425 2750 Είςζοεοξι
439 2715 464 2740 itt
482 2714 566 2750 lle“;
580 2720 604 2745 ο,
615 2714 684 2750 d,ret
695 2714 778 2750 (ἶυὶγιςΙξ

207 2748 263 2783 (l6)
282 2749 529 2784 Ἀπογράφεσθαι.
546 2748 613 2776 Tres
632 2748 714 2783 Reg.,
730 2748 813 2776 Coisl.
827 2748 853 2781 1,
867 2748 959 2781 Pass"

171 2784 390 2820 ἀπογράψασθαι.

207 2819 263 2855 (17)
279 2820 416 2847 Γυναικί.
429 2819 475 2846 Sic
495 2819 561 2854 lieg.
577 2825 601 2845 c.
620 2819 702 2847 Deest
716 2819 742 2846 in
753 2820 797 2847 ed.

208 2856 262 2890 (18)
275 2856 467 2890 Δημιουργός.
484 2856 529 2881 Or.
546 2856 570 2886 i,
583 2856 706 2890 ποιητής,
727 2865 736 2880 ι
757 2856 852 2882 factor.
865 2865 873 2881 ι

208 2892 263 2924 (l9)
294 2891 346 2917 Ἐν
371 2891 484 2924 φαύλῳ.
516 2890 640 2925 lleg.ph.
659 2891 779 2918 cttluisl.
796 2891 821 2922 1,
845 2892 876 2916 ἐν
905 2890 956 2926 φά·

1014 2580 1074 2606 τνῃ,
1090 2580 1099 2597 ι
1115 2571 1140 2597 in
1158 2571 1298 2604 praesepio.
1320 2580 1329 2596 ι

1050 2606 1105 2642 (ιο)
1118 2606 1306 2641 οἰκονομίαν.
1324 2606 1417 2634 Billius
1432 2615 1438 2633 :
1455 2616 1464 2632 t
1481 2606 1678 2634 humanitatem
1694 2614 1802 2634 assunt-

1012 2645 1257 2712 ριῖἓ1’1’7’ὸνμὲν
1277 2677 1318 2710 ὡς
1336 2676 1407 2710 Θεῷ,
1424 2682 1476 2704 etc.
1498 2675 1610 2704 Biliius:
1628 2687 1636 2702 ι
1653 2677 1750 2712 partim
1775 2683 1803 2704 ιιι

1014 2717 1080 2744 deo,
1096 2712 1193 2746 partim
1207 2717 1233 2739 ut
1248 2712 1442 2747 Regnpartim,
1465 2721 1474 2737 ι
1487 2718 1540 2738 etc.

1051 2747 1107 2783 (22)
1119 2746 1313 2782 Νεκρότητοξ,
1328 2747 1416 2779 l’ass.,
1438 2746 1606 2782 νεκρώσεως,
1624 2756 1633 2773 ‹
1653 2747 1803 2775 mortalita-

1016 2788 1108 2855 Ιθῖξόἷ
1122 2818 1215 2846 Δοκεῖ.
1230 2818 1401 2855 Sic_Coisl._l.
1415 2819 1445 2845 ln
1454 2818 1510 2850 ed.,
1526 2818 1624 2855 δοκεῖν.

1047 2853 1352 2915 (Ξιὲηιστευομένων,
1371 2853 1453 2889 liegg.
1471 2861 1495 2887 ς,
1506 2855 1531 2887 tl,
1546 2859 1572 2880 et
1585 2853 1667 2881 Cuia].
1683 2853 1704 2886 I,
1717 2861 1802 2881 πεπι-

1011 2899 1096 2918 στευμ
1113 2899 1175 2918 νων.
