2049 3143
249 179 319 211 (θϐῚ
850 184 879 212 S.
900 183 1024 212 GREGO!

1085 183 1261 213 THEOLOGI
1807 186 1874 215 ωδε

247 243 378 278 paulatim
391 241 549 277 abrumpat,
567 241 608 269 vel
632 242 751 269 divinum
767 249 872 269 numen
887 242 1022 278 propitiuu

1085 251 1169 275 νοιαν,
1199 243 1215 279 ἦ
1241 243 1330 279 ψυχῆς
1360 244 1517 271 ἐπιστασίαν
1539 242 1678 277 δέξασθαι,
1706 244 1724 280 ἢ
1751 244 1875 280 Deoia-rt;

247 288 364 320 sentiat,
380 291 426 314 aut
440 291 583 322 utrumque
608 287 703 314 horum
720 287 819 314 habent
831 307 838 318 .
861 295 894 315 ac
915 292 1022 315 menten

1087 289 1325 324 προσϐα).εῖν,ὀὺκ
1338 290 1459 325 ἀσφαλὲς
1475 288 1544 318 εἶναι
1558 290 1696 325 γινώσκω.

247 337 363 363 maxima
388 342 449 363 cum
466 335 603 370 diligentia
630 335 662 361 ad
689 335 811 362 coelestia
848 335 968 371 dirigat,
999 335 1065 370 vix,
1088 336 1213 371 inquam,
1237 342 1373 365 terrenam
1400 338 1470 365 hanc
1497 338 1594 365 molem
1614 338 1740 366 deorsum
1758 338 1871 365 trahen-

246 387 301 410 tem
333 389 462 418 superare
491 382 602 417 poterit.
633 381 796 417 Priusquam
827 387 917 411 autent
952 389 1032 414 eam,
1069 389 1201 418 quantum
1247 384 1305 412 ﬁeri
1337 390 1444 420 potest,
1468 385 1711 420 superaverimus,
1738 392 1874 419 auresque

246 433 352 456 nostras
369 434 397 456 et
412 429 510 456 mentis
526 429 612 456 aciem
626 428 693 455 satis
727 428 980 463 repurgaverimus,
1010 428 1163 457 animarum
1197 437 1292 458 curant
1323 431 1462 467 suscipere
1473 451 1482 464 ,
1500 435 1548 459 aut
1562 431 1596 458 ad
1611 438 1702 459 rerum
1718 429 1871 458 divinarum

244 477 484 513 pertractationem
498 476 628 504 accedere
641 476 852 512 haudquaquam
870 481 956 504 tutunt
968 484 1029 504 esse
1048 477 1129 506 duco.

280 524 315 551 ll.
331 523 370 550 Ac
396 531 430 551 ne
455 530 498 550 me
524 522 593 550 forte
621 522 798 553 timidiorem,
815 530 895 556 quam
913 530 962 557 par
978 522 1031 556 sit,

245 570 422 603 existimetis,
451 570 497 596 sed
513 568 658 596 consilium
674 568 763 602 potius
777 573 900 595 nostrum
915 569 1034 602 pruden-

245 617 366 651 tiamque
385 615 581 650 comprobetis,
601 615 671 642 unde
689 614 715 641 in
739 614 812 641 hunc
827 619 929 641 metum
951 615 1031 642 indu-

244 667 306 690 ctus
330 662 447 693 fuerint,
479 668 627 696 exponam.
650 660 787 692 ,Primum
822 659 905 695 igitur
922 667 956 688 ex
973 660 1032 696 ipso

244 707 366 742 Moyse"
383 706 476 738 audio.
491 713 545 740 quo
555 706 636 741 377
654 711 776 740 tempore
786 706 895 733 oracula
921 706 945 734 ei
961 706 1032 735 Deus

243 752 356 783 edebat,
374 751 497 786 quamvis
516 751 548 778 ad
567 756 687 778 montem
704 750 781 777 multi
805 751 884 778 acciti
914 756 1010 779 essent
1022 772 1030 785 ,

243 806 359 834 quorum
379 805 448 825 unus
464 801 522 824 erat
545 796 603 831 ipse
618 797 707 823 Aaron
721 815 729 830 ,
748 804 810 824 cum
823 797 928 825 duobus
944 798 1007 826 liliis
1021 820 1029 833 ,

244 846 330 881 iisque
348 844 553 877 sacerdotibus,
569 849 658 870 tamen
681 847 796 872 caeteros
814 851 909 872 omnes
924 845 1031 874 eminus

1120 524 1158 552 B’.
1179 524 1233 552 Καὶ
1251 525 1313 552 ὅθεν
1332 526 1372 557 εις
1391 524 1469 551 τοῦτο
1491 525 1615 561 ὑπήχθην
1634 525 1665 552 τὺ
1678 525 1747 557 δέος,
1773 526 1816 552 ἵνα
1829 526 1872 562 μή

1086 579 1120 606 με
1140 571 1196 606 (35)
1215 571 1262 598 τοῦ
1276 572 1380 603 δέοντος
1396 571 1544 607 δειλότερον
1556 571 1728 604 ὑπολάϐοιτε,
1739 570 1807 597 ἀλλὰ
1825 570 1872 597 καὶ

1084 616 1215 651 ἑπαινῆτε
1235 616 1283 651 τῆς
1301 615 1481 652 προμηθείας,
1502 615 1591 642 ἀκούω
1621 615 1670 650 μὲν
1689 615 1771 642 αὑτοῦ
1789 616 1873 642 Μωῠ-

1085 662 1163 693 σέως,
1179 662 1260 697 ἡνίκα
1275 661 1458 697 ἐχρημάτιζεν
1474 661 1548 696 αὐτῷ
1561 661 1575 686 ὁ
1590 661 1667 693 Θεὸς,
1685 661 1726 687 ὃτι
1740 660 1872 688 πλειόνων

1085 709 1124 740 εἰς
1144 708 1174 734 τὸ
1191 709 1252 743 ὅρος
1273 708 1531 744 προσκεκλημένων,
1547 706 1584 735 ὧν
1599 705 1639 739 εἷς
1651 705 1685 744 ἦν
1699 707 1747 734 καὶ
1766 707 1872 743 Ἀαρὼν

1086 754 1134 781 σὺν
1155 756 1211 786 τοῖς
1224 755 1317 781 παισὶν
1330 753 1413 781 αὑτοῦ
1426 755 1481 786 τοῖς
1496 754 1542 781 δύο
1562 755 1618 786 τοῖς
1638 753 1767 789 ἱερεῦσιν,
1781 755 1805 780 0i
1820 753 1871 789 μὲν

1083 799 1172 825 λοιποὶ
1190 798 1291 830 πάντες
1304 799 1492 834 προσκυνῆσαι
1505 798 1646 835 πόρρωθεν
1661 798 1870 834 ἐκελεύσθησαν,

1084 844 1193 878 ἐγγίσαι
1203 843 1231 870 δὲ
1245 844 1364 880 Mai-307];
1378 845 1467 879 μόνος,
1482 844 1512 871 οὐ
1529 844 1710 879 συναναϐῆναι
1729 843 1758 871 δὲ
1770 844 1784 870 ὁ
1795 844 1868 876 λαός.

240 889 457 924 adorarejussos
470 896 532 916 esse
544 909 552 922 ,
568 888 685 924 Moysezn
701 893 792 916 autem
812 889 899 917 solum
913 891 947 917 ad
964 899 1024 918 eum

1080 891 1135 917 Καὶ
1156 890 1253 925 μικρὸν
1270 889 1322 926 πρὸ
1337 890 1449 923 τούτων,
1463 891 1525 922 τοὺς
1539 891 1589 926 μὲν
1606 890 1703 922 ἄλλους
1719 890 1870 926 ἀστραπαὶ,

246 937 356 972 propius
370 936 538 967 accessisse,
560 935 687 970 populum
711 943 777 963 vero
797 943 830 963 ne
859 936 939 964 simul
963 937 1028 972 qui-

243 982 305 1013 dem
323 982 490 1010 ascendisse.
515 982 604 1016 Atque
617 1001 625 1015 ,
653 986 683 1008 ut
699 981 763 1008 item
781 982 921 1017 aliquanto
947 991 1029 1019 supe--

241 1029 299 1055 rius
316 1033 409 1055 narrat
421 1048 428 1060 ,
441 1027 508 1054 alios
520 1027 625 1062 fulgura
636 1047 644 1060 ,
663 1027 797 1059 tonitrua.
812 1028 936 1056 tubarum
953 1029 1029 1056 clan-

241 1080 301 1109 gor,
321 1078 349 1100 et
374 1081 451 1101 mons
478 1072 552 1100 fumo
580 1073 763 1101 circumfusus
780 1074 814 1107 “,
839 1079 867 1102 et
886 1075 1029 1104 horrendae

241 1119 489 1150 comminationes.
507 1126 589 1155 atque
616 1119 769 1154 huiusmodi
800 1125 918 1149 terrores
948 1122 1028 1150 deor»

241 1172 301 1192 sum
317 1164 460 1197 sistebant,
476 1165 544 1192 adeo
563 1170 591 1192 ut
607 1165 657 1200 ipsi
676 1166 805 1202 praeclare
816 1174 907 1195 secum
922 1167 965 1203 agi
979 1175 1027 1195 ar-

240 1210 419 1243 bltrareutur,
440 1210 513 1245 quod
530 1210 572 1238 vel
592 1211 676 1238 solam
702 1211 748 1240 Dei
765 1219 858 1240 vocem
882 1214 1027 1247 audirent.

237 1256 322 1290 idque
335 1255 385 1283 hac
402 1256 478 1291 lege,
490 1260 519 1283 ut
534 1264 641 1284 summo
663 1257 740 1292 prius
762 1258 854 1286 studio
871 1259 978 1292 seipsos
993 1261 1028 1288 ab

1083 937 1130 964 καὶ
1153 936 1272 973 βρονταὶ,
1293 936 1341 963 καὶ
1357 936 1515 970 σάλπιγγες,
1530 937 1578 963 καὶ
1595 936 1654 963 ὅλον
1670 936 1871 971 καπνιζόμενον

1082 985 1112 1011 τὸ
1128 984 1200 1019 ὅρος,
1216 982 1263 1010 καὶ
1280 981 1390 1009 ἀπειλαὶ
1410 982 1564 1018 φρικώδεις,
1581 982 1628 1009 καὶ
1647 981 1758 1009 τοιαῦτα
1774 981 1871 1016 δείμα-

1081 1041 1115 1058 τα
1131 1032 1191 1067 ἵστη
1209 1032 1284 1058 κάτω
1295 1038 1301 1044 ·
1322 1030 1369 1057 καὶ
1385 1029 1455 1065 μέγα
1470 1027 1504 1064 ἦν
1517 1029 1608 1060 αὐτοῖς
1625 1028 1740 1055 ἀκοῦσαι
1758 1028 1806 1063 τῆς
1820 1026 1869 1054 τοῦ

1081 1077 1148 1105 Θεοῦ
1166 1077 1256 1112 φωνῆς
1271 1077 1360 1113 μόνον,
1379 1077 1426 1103 καὶ
1438 1075 1523 1102 ταῦτα
1534 1073 1562 1102 εὖ
1577 1075 1648 1110 μάλα
1666 1075 1868 1109 ἁγνισαμένοις.

1082 1123 1201 1158 Μωῦσῆς
1219 1123 1247 1149 δὲ
1265 1122 1312 1149 καὶ
1326 1122 1422 1153 ἄνεισι,
1438 1121 1485 1147 καὶ
1503 1121 1552 1155 τῆς
1566 1119 1680 1156 νεφέλης
1693 1119 1758 1145 εἵσω
1773 1120 1867 1154 χωρεῖ,

1081 1171 1129 1197 καὶ
1139 1169 1197 1204 Θεῷ
1213 1168 1378 1203 συγγίνεται,
1395 1168 1442 1194 καὶ
1454 1167 1560 1202 δέχεται
1573 1166 1664 1201 νόμον,
1675 1167 1730 1197 τοῖς
1741 1166 1790 1201 μὲν
1805 1165 1869 1191 πολ-

1081 1213 1136 1244 λοῖς
1149 1213 1195 1239 τὸν
1210 1211 1256 1239 τοῦ
1269 1212 1441 1248 γράμματος,
1456 1212 1512 1242 τοῖς
1527 1210 1555 1237 δὲ
1575 1211 1646 1247 ὑπὲρ
1669 1211 1732 1242 τοὺς
1754 1209 1869 1242 πολλοὺς

1080 1259 1126 1286 τὸν
1139 1259 1187 1286 τοῦ
1204 1258 1368 1293 πνεύματος.

234 1301 313 1328 omni
339 1301 397 1329 labe
416 1306 572 1337 purgarent.
598 1303 633 1330 At
649 1302 767 1338 Moyses,
784 1308 813 1332 et
835 1305 959 1332 ascendit
973 1325 981 1337 ,
995 1310 1025 1334 et
1045 1306 1144 1334 nubem
1179 1310 1320 1340 penetrat,
1332 1309 1359 1331 et
1377 1311 1438 1331 cum
1469 1302 1525 1330 Deo
1542 1302 1726 1338 congreditur.
1739 1306 1767 1329 et
1777 1301 1867 1336 legem

240 1347 353 1381 θεείβίιι
369 1347 402 1375 iis
418 1348 526 1382 quidem
538 1369 546 1382 ,
563 1348 608 1383 qui
629 1356 646 1376 e
663 1348 741 1384 vulgo
757 1354 840 1383 sunt,
857 1350 1004 1381 litteralem
1015 1370 1024 1385 ,
1045 1351 1078 1379 iis
1104 1356 1192 1378 autem
1203 1369 1210 1382 ,
1231 1351 1277 1385 Qui
1304 1357 1384 1384 supra
1421 1348 1514 1384 vulgus
1547 1352 1711 1384 assurgunt,
1732 1347 1862 1382 spiritua-

238 1394 304 1422 lem.

275 1440 318 1467 Ill.
335 1440 403 1467 Tum
416 1440 497 1467 etiam
517 1440 582 1467 illud
593 1461 601 1471 .
613 1441 684 1475 quod
701 1441 759 1469 lleli
779 1443 914 1471 sacerdoti
929 1445 964 1477 “,
985 1449 1024 1472 at-

1113 1443 1150 1468 I".
1169 1440 1298 1468 Γινώσκω
1308 1440 1335 1467 δὲ
1352 1439 1427 1467 Ἡλεί
1437 1439 1481 1466 τὸν
1499 1439 1572 1474 ἱερέα
1587 1459 1594 1472 ,
1613 1439 1660 1465 καὶ
1676 1438 1773 1474 μικρὸν
1785 1437 1865 1465 ὕστε-

240 1494 293 1522 que
306 1486 443 1520 aliquanto
460 1491 519 1520 post
532 1486 592 1514 05:1:
604 1487 627 1503 "
645 1488 761 1520 accidit,
777 1489 916 1523 cognitum
934 1494 961 1517 et
972 1497 1021 1517 ex-

239 1534 374 1568 ploratum
387 1532 474 1559 habeo
488 1543 494 1560 :
507 1540 620 1567 quorum
636 1533 705 1560 alter
715 1533 827 1561 sceleris
842 1535 924 1562 etiam
941 1536 1023 1568 illius,

238 1577 311 1614 quod
332 1577 380 1604 lilii
396 1578 526 1605 adversus
540 1578 674 1605 sacrificia
692 1580 918 1613 committebant,
932 1589 1026 1615 poenas

238 1624 336 1666 splvit,
352 1623 431 1658 idque
445 1631 506 1651 cum
523 1631 615 1651 eorum
627 1624 791 1658 impietatem
803 1633 855 1653 non
875 1627 955 1654 modo
972 1635 1025 1655 non

235 1671 394 1706 probasset.
413 1677 505 1697 verum
528 1670 611 1696 etiam
643 1670 756 1698 multum
785 1679 817 1699 ac
835 1680 1024 1707 saepenumero

237 1717 312 1752 ipsos
334 1717 386 1744 hoc
409 1716 519 1743 nomine
533 1716 723 1751 objurgasset;
739 1717 819 1750 alter,
845 1719 917 1753 quod
932 1727 1024 1747 arcam

238 1763 324 1789 solum
338 1770 352 1788 a
369 1762 436 1790 bove
452 1763 622 1794 distractam,
640 1767 750 1798 tangere
762 1771 843 1792 ausus
859 1771 949 1798 esset;
963 1773 1023 1793 eam

237 1809 345 1842 quidem
361 1808 524 1836 incolumem
539 1809 676 1843 servavit,
690 1809 747 1844 ipse
762 1818 826 1837 vero
845 1811 947 1838 interiit
960 1821 967 1844 ;
984 1813 1024 1840 sic

237 1854 366 1881 nimirum
395 1854 464 1881 Deus
492 1854 692 1882 venerationem
722 1863 792 1882 arcae
819 1863 876 1883 sua:
905 1857 1023 1884 debitam

240 1901 378 1927 tuebatur.
397 1900 466 1933 Quin
482 1900 546 1927 illud
561 1907 668 1935 quoque
689 1901 755 1928 mihi
772 1907 943 1936 perspectum
962 1907 1021 1935 est,

238 1954 273 1973 ne
294 1947 411 1981 parietes
434 1946 543 1980 quidem
563 1946 654 1981 tetnpli
677 1947 838 1981 promiscuae
856 1948 1022 1976 multitudini

235 1994 394 2028 contingere
424 1992 550 2024 licuisse,
582 1999 668 2027 eaque
692 1992 724 2020 de
756 2001 836 2020 causa
868 1994 1017 2029 parietibus

236 2039 308 2070 aliis,
324 2039 422 2072 quibus
441 2036 480 2063 illi
500 2035 686 2072 cingerentur,
703 2045 771 2072 opus
788 2038 871 2065 fuisse
886 2047 893 2064 :
911 2046 960 2066 nec
978 2047 1022 2066 sa-

234 2084 335 2112 criﬁcia
356 2083 412 2117 ipsa
434 2091 448 2110 a
473 2083 588 2117 quibus,
605 2087 650 2110 aut
667 2084 794 2118 quando,
814 2089 861 2110 aut
891 2085 934 2111 ubi
967 2092 1019 2111 non

1080 1498 1125 1525 ρον
1143 1488 1222 1520 Ὀζᾱν
1236 1496 1296 1514 τινα
1308 1495 1315 1501 ·
1329 1488 1374 1514 τὸν
1400 1487 1448 1522 μὲν
1473 1481 1521 1513 καὶ
1540 1486 1610 1521 ὑπὲρ
1624 1486 1673 1522 τῆς
1688 1485 1743 1512 τῶν
1761 1486 1866 1520 παίδων

1077 1534 1250 1570 παρανομίας
1271 1533 1454 1569 ἀπαιτηθὲντα
1479 1533 1567 1568 δίκην,
1588 1533 1622 1568 ἡν
1652 1532 1772 1568 ἐτόλμων
1793 1532 1866 1559 κατὰ

1077 1580 1130 1607 τῶν
1146 1580 1256 1612 θυσιῶν,
1275 1580 1321 1606 καὶ
1338 1579 1422 1606 ταῦτα
1436 1579 1486 1605 οὐκ
1498 1578 1695 1614 ἀποδεχόμενον
1714 1578 1802 1606 αὐτῶν
1815 1578 1864 1614 τὴν

1076 1627 1213 1658 ἀσέϐειαν,
1239 1626 1306 1653 ἀλλὰ
1329 1625 1415 1652 πολλὰ
1438 1625 1566 1657 πολλάκις
1586 1625 1800 1661 ἐπιτιμήσαντα·
1818 1625 1864 1651 τὸν

1075 1673 1114 1704 δὲ,
1134 1673 1175 1699 ὅτι
1194 1672 1243 1707 τῆς
1265 1671 1381 1699 κιϐωτοῦ
1401 1671 1505 1706 ψαῦσαι
1520 1671 1656 1708 τολμήσας
1677 1672 1767 1707 μόνον,
1787 1679 1865 1706 περι-

1077 1719 1242 1754 σπασθείσης
1271 1718 1324 1745 ὑπὸ
1339 1718 1386 1745 τοῦ
1408 1719 1518 1753 μόσχου,
1535 1717 1584 1753 τὴν
1600 1718 1649 1753 μὲν
1665 1716 1862 1753 περιεσώσατο,

1075 1765 1156 1796 αὐτὸς
1168 1765 1197 1792 δὲ
1209 1764 1343 1796 ἀπώλετο,
1357 1764 1539 1799 φυλάσσοντος
1550 1764 1650 1799 δηλαδὴ
1667 1764 1721 1799 (55)
1736 1763 1783 1790 τοῦ
1794 1763 1863 1790 Θεοῦ
1892 1792 1896 1798 _

1074 1813 1106 1847 τῇ
1121 1810 1228 1846 κιϐωτῷ
1246 1811 1277 1837 τὺ
1298 1810 1453 1846 σεϐάσμιον.
1472 1807 1537 1837 Οἶδα
1550 1810 1571 1837 δ’
1587 1809 1641 1844 ἐγὼ
1655 1809 1721 1845 μηδὲ
1733 1809 1787 1836 τῶν
1805 1810 1862 1836 τοί-

1074 1865 1129 1891 χων
1147 1856 1194 1883 τοῦ
1213 1856 1285 1892 ἱεροῦ
1300 1855 1402 1890 ψαῦσαι
1417 1857 1473 1887 τοῖς
1496 1855 1601 1887 πολλοῖς
1622 1854 1652 1882 ὃν
1667 1854 1798 1890 ἀσφαλὲς,
1814 1855 1862 1881 καὶ

1072 1902 1117 1928 διὰ
1126 1902 1205 1928 τοῦτο
1220 1902 1320 1938 ἐτέρων
1335 1901 1482 1937 ἐδεήθησαν
1495 1901 1551 1936 (fili)
1566 1901 1663 1936 τοίχων
1677 1901 1730 1928 τῶν
1747 1901 1860 1935 ἔξωθεν·

1074 1947 1142 1983 μηδὲ
1161 1947 1210 1980 τὰς
1231 1947 1325 1979 Θυσίας
1343 1947 1437 1980 αὑτὰς,
1455 1947 1500 1982 ὑφ’
1514 1944 1562 1979 ὧν,
1580 1948 1628 1973 καὶ
1641 1948 1696 1978 ὅτε,
1712 1947 1759 1973 καὶ
1775 1944 1805 1974 οὗ
1823 1947 1861 1983 μὴ

1072 1993 1190 2028 καθῆκον
1213 1991 1258 2029 ἦν,
1276 1993 1483 2020 ἀναλίσκεσθαι·
1510 1993 1636 2020 τοσούτου
1658 1992 1713 2020 δεῖν
1740 1993 1808 2028 πρὸς
1827 1993 1862 2019 τὰ

1073 2039 1156 2074 Ἅγια
1172 2039 1226 2066 τῶν
1246 2040 1330 2074 ἁγίων
1350 2041 1514 2075 προσφοιτᾷν
1533 2039 1695 2076 θαρροῦντα,
1716 2039 1733 2075 ἦ
1755 2039 1811 2074 (57)
1830 2039 1861 2066 τὸ

1071 2085 1278 2121 καταπέτασμα,
1300 2085 1316 2121 ἢ
1345 2086 1377 2112 τὸ
1403 2085 1570 2121 ἱλαστήριον,
1593 2085 1610 2121 ἢ
1633 2085 1682 2121 τὴν
1699 2085 1824 2118 κιϐωτὸν,
1840 2086 1859 2121 ἢ

233 2129 429 2161 conveniebat,
445 2128 566 2156 consumi
590 2127 669 2154 solita
689 2135 750 2155 esse
766 2137 774 2155 :
791 2129 888 2155 nedum
907 2129 992 2156 cuivis
1007 2150 1015 2163 ,

1074 2130 1251 2165 προσϐλέπειν
1268 2129 1336 2158 εἶναι
1349 2131 1458 2163 παντὸς,
1473 2130 1489 2166 ἢ
1507 2131 1720 2166 προσάπτεσθαι.

233 2183 280 2205 alit
294 2178 392 2205 Sancta
405 2181 579 2208 sanctorum,
593 2181 639 2203 aut
662 2176 783 2204 velamen
797 2196 805 2208 ,
823 2181 870 2203 aut
882 2177 1119 2213 propitiatorium,
1137 2183 1183 2206 aut
1197 2187 1287 2206 arcam
1307 2180 1423 2214 denique
1453 2179 1545 2212 adire,
1575 2181 1617 2207 vel
1649 2184 1784 2214 spectare,
1817 2179 1860 2206 vel

232 2227 384 2260 attingere,
400 2225 515 2252 liberum
532 2224 625 2252 fuisse.

270 2274 315 2302 IV.
329 2273 392 2307 Quae
405 2281 464 2300 eum
479 2273 536 2307 ipse
557 2273 655 2305 norim,
670 2272 789 2308 illudque
803 2277 936 2308 praeterea
948 2295 955 2307 ,
970 2281 1020 2301 ue-

232 2321 332 2348 minem
352 2327 451 2355 magno
467 2319 538 2352 Deo,
555 2323 582 2347 et
608 2319 744 2347 sacriﬁcio
756 2340 765 2353 ,
779 2324 807 2347 et
830 2320 960 2354 pontiﬁce
974 2320 1017 2347 di-

266 2389 289 2404 "
305 2388 389 2416 Exod.
411 2395 466 2422 χιχ,
486 2388 514 2416 3.
532 2388 679 2418 “ibidJB.
702 2388 726 2403 “
741 2387 750 2414 Ι
765 2387 833 2422 Reg.
851 2394 888 2420 tv,
906 2387 939 2414 12
954 2395 1015 2422 sqq.

267 2446 324 2481 (54)
342 2445 390 2478 Μή
404 2453 452 2480 με.
469 2445 515 2481 Sic
530 2443 584 2471 duo
605 2443 698 2479 Regg.,
716 2444 768 2472 duo
781 2444 870 2478 Coll»,
881 2444 928 2473 Or.
947 2445 973 2478 Ι,
989 2450 1017 2473 et

231 2481 352 2509 Combel.
366 2481 392 2507 ln
408 2482 462 2510 ω..
480 2480 560 2514 μήτε.

266 2516 322 2550 (55)
341 2515 461 2548 Δηλαδή
489 2514 568 2541 Deest
583 2514 609 2540 in
626 2514 748 2547 pluribus
761 2515 840 2550 codd.

230 2586 243 2614 1
347 2550 539 2584 Ὲόεήθησαν.
557 2549 614 2576 Duo
630 2550 723 2585 ltegg.,
741 2555 797 2577 tres
814 2549 903 2583 Colb.,
917 2555 945 2578 et
965 2550 1014 2577 Or.

250 2607 258 2614 .
320 2594 399 2614 ησαν.

276 2587 399 2613 ἐδέησαν.

250 2595 399 2682 ’(‘Eginfg'
408 2621 486 2648 Deest
501 2619 529 2647 in
554 2620 657 2647 duobus
678 2619 774 2655 Regg.,
792 2619 901 2648 totidem
924 2620 1013 2653 Colb.,

250 2663 256 2682 ι
297 2666 318 2682 r.
350 2677 357 2682 .

228 2663 256 2684 ct
271 2659 318 2684 υτ.
331 2659 357 2683 1.

265 2692 320 2727 (58)
342 2690 465 2726 Synodus
483 2690 546 2724 CR,
563 2697 636 2727 anno
654 2690 723 2718 1156
739 2690 839 2727 habita.
858 2690 927 2727 inter
942 2692 1017 2727 testi-

229 2726 318 2754 monia
348 2732 442 2754 contra
470 2727 592 2753 Incresinl
621 2726 754 2753 Sutericlti
790 2726 910 2752 scholion
940 2726 1017 2752 σπῆι-ι

215 2762 320 2788 κιμιείιὶἰ
337 2762 439 2788 minimi
452 2763 484 2788 ad
499 2762 570 2787 hunc
584 2761 680 2792 locum,
692 2761 736 2794 qui
751 2760 790 2786 sic
804 2768 833 2787 se
846 2761 925 2787 habet
938 2770 944 2788 :
961 2761 1016 2788 Τοῦ

229 2798 376 2831 ϐεολόγου
388 2797 422 2823 ἐκ
437 2796 490 2822 τοῦ
503 2796 595 2830 λόγου
611 2795 664 2822 τοῦ
681 2805 690 2820 ι
702 2793 771 2829 Περὶ
790 2795 953 2831 θεολογίας,
967 2796 1018 2822 καὶ

228 2830 441 2864 καταστάσεως
451 2832 650 2858 ἐπισκόπων.»
661 2830 801 2865 Κείμενον.
814 2839 823 2855 α
833 2830 886 2856 Τόῦ
898 2830 1016 2866 μεγάλου

228 2867 303 2904 tiam;
318 2867 364 2893 καὶ
380 2866 500 2904 θύματος
519 2866 745 2904 καὶ-ριρχιερέως.
758 2865 939 2904 »ΑἘρμῃνεξα
968 2865 1016 2904 τοῦ

228 2903 368 2938 ἐλαχίστου
383 2897 532 2928 Βάσιλείου.
549 2910 558 2926 t
569 2897 692 2934 Μεγᾶλὸυ
708 2900 757 2935 μὲν
771 2897 900 2927 Θεοῦ’τ’ὀῦ
914 2901 1016 2934 Κυρίου

1108 2274 1144 2300 Δ’.
1165 2273 1258 2300 Ταῦτα
1268 2271 1314 2300 οὖν
1330 2273 1406 2304 εἰδὼς
1418 2272 1482 2307 ἐγὼ,
1498 2273 1544 2299 καὶ
1557 2273 1597 2299 ὃτι
1613 2271 1708 2308 μηδεὶς
1723 2271 1797 2304 ἄξιος
1810 2270 1858 2298 τοῦ

1075 2321 1194 2357 μεγάλου
1214 2319 1292 2352 Θεοῦ,
1309 2320 1355 2346 καὶ
1368 2320 1489 2355 θύματος
1504 2319 1570 2355 (58),
1588 2319 1636 2346 καὶ
1649 2318 1809 2355 ἀρχιερέως,
1828 2318 1859 2350 ὃς

1053 2388 1075 2404 ³³
1087 2387 1109 2414 ll
1123 2387 1188 2423 lleg.
1204 2395 1246 2420 vr,
1259 2386 1286 2414 6.

1066 2444 1145 2486 ἡμῶν
1164 2445 1251 2484 ἰῃσοῦ
1278 2443 1497 2486 Χριστοῠλλέγει,
1521 2443 1578 2486 ἀλλξ
1599 2443 1720 2486 οὐχ)..τοῦ
1734 2444 1854 2486 ,ματρὸς

1065 2478 1113 2507 νῦν
1125 2489 1131 2494 ·
1143 2478 1227 2516 τοῦτο
1244 2478 1431 2516 σημάούμεθα
1447 2479 1514 2514 προς
1527 2478 1647 2516 fatigati
1661 2480 1799 2516 nemo.)
1810 2478 1854 2516 ’τῷ

1065 2515 1153 2551 Ila-cpi
1169 2515 1243 2551 μόνῳ
1262 2513 1490 2551 περιγρᾷφοντας,
1505 2513 1544 2548 τῷ
1556 2514 1581 2551 νδ¹
1593 2514 1650 2551 Υἱῴ
1662 2514 1696 2551 τα
1709 2513 1854 2551 δευτεραῐα

1064 2549 1198 2582 διδόντας·
1215 2549 1333 2584 θύματος
1347 2549 1374 2585 δὲ
1390 2549 1436 2575 καὶ
1451 2550 1601 2585 ἀρχιερέως
1611 2549 1641 2576 τὺ
1659 2549 1709 2584 μὲν
1729 2550 1767 2581 ὡς
1789 2549 1854 2585 σφα-

1064 2586 1232 2626 γιασθὲντος,
1249 2584 1383 2626 καὶυὺτῖὲρ
1399 2585 1449 2626 τῆς
1469 2584 1606 2626 jus-Egeo;
1628 2584 1853 2626 προσενεχθέντος

1065 2620 1216 2654 σωτηρίας·
1233 2620 1264 2646 τὸ
1289 2619 1317 2646 δὲ
1340 2619 1378 2650 ὼς
1393 2620 1442 2654 οὐχ
1465 2619 1510 2646 ὑπ’
1524 2619 1614 2650 ἄλλου,
1639 2620 1683 2654 ὑφ’
1703 2621 1800 2647 ἑαυτοῦ
1823 2622 1851 2648 δὲ

1065 2656 1159 2682 ἑαυτὸν
1172 2655 1324 2686 τεθυκότος,
1340 2655 1387 2681 καὶ
1401 2656 1440 2686 εἰς
1454 2654 1560 2689 σφαγὴν
1573 2654 1695 2690 ἑκούσιον
1713 2656 1851 2690 προτεθει-

1065 2690 1153 2722 κότος.
1165 2699 1174 2715 ι
1194 2690 1316 2723 leologi
1335 2698 1368 2716 ea.
1383 2689 1499 2725 oratione
1515 2690 1552 2716 οε
1565 2689 1695 2725 theologia
1711 2689 1850 2725 et'episco-

1065 2733 1158 2759 parum
1179 2725 1372 2753 constitutione.
1387 2724 1502 2752 Textus:
1522 2734 1531 2750 c
1549 2724 1635 2756 Magni
1652 2726 1697 2751 Dei
1712 2730 1740 2751 et
1757 2726 1850 2753 hostiae

1066 2765 1094 2786 et
1114 2761 1257 2794 ponttlicis.
1270 2770 1279 2786 ι
1309 2759 1399 2787 Basilii
1424 2760 1525 2786 minimi
1543 2759 1747 2794 interpretatio:
1765 2769 1774 2784 ι
1791 2760 1850 2787 Ma-

1066 2793 1148 2828 gnum
1174 2796 1280 2829 quidem
1311 2795 1410 2825 Deum,
1436 2793 1725 2829 Dmninumrtiostrutn
1757 2793 1850 2823 Jesum

1066 2829 1201 2857 Christum
1217 2831 1294 2862 dicit,
1319 2839 1370 2856 non
1391 2835 1479 2856 tamen
1497 2837 1568 2857 nunc
1589 2828 1707 2856 Patrem.
1727 2829 1782 2856 lloc
1803 2832 1851 2856 ad-

1066 2870 1192 2892 notautus
1216 2866 1345 2892 adversus
1374 2865 1433 2892 illos
1459 2865 1503 2899 qui
1535 2864 1692 2892 vocabulum
1722 2863 1848 2899 Magnum

1066 2898 1141 2928 Patri
1166 2905 1269 2928 tantum
1296 2900 1451 2933 ascribunt,
1469 2898 1547 2928 Filio
1570 2903 1660 2928 autem
1686 2898 1778 2932 partes
1803 2908 1848 2927 se-
