2049 3143
174 191 244 220 meo

171 305 230 327 σαν,
249 295 347 326 μᾶλλον
357 295 395 327 δὲ,
414 296 477 327 ναὸς
495 297 572 331 ἆγιος
585 298 692 332 ἐγένετο
708 298 775 325 Θεοῦ
792 299 891 332 ζῶντος
907 301 954 327 καὶ

170 341 224 374 ζῶν
234 350 240 358 ·
256 342 314 373 πῶς
326 342 341 377 ἦ
358 342 438 374 αὐτὸς
454 344 604 380 προχείρως
618 345 810 381 ἐγχειρήσαιμι
823 348 879 378 τοῖς
891 347 955 382 περὶ

169 387 236 413 (⁵)εοῦ
262 386 360 422 λόγοις,
381 388 397 423 ἦ
422 388 596 424 ἁποδέξωμαι
624 389 679 424 (59)
711 390 756 416 τὸν
779 392 955 428 ἐγχειροῦντα

169 431 309 465 θραοέω;;
323 431 380 458 Οὐκ
397 433 537 464 ἐπαινετὸς
550 434 564 460 ὁ
581 433 678 466 πόθος·
692 435 805 471 φοϐερὸν
822 436 851 463 τὸ
867 437 956 472 ἐγχεί-

170 486 254 512 ρημα.
272 478 325 504 Καὶ
337 478 381 504 διὰ
399 478 477 504 τοῦτο
491 479 640 515 καθαρτέον
655 481 752 507 ἑαυτὸν
764 482 881 517 πρῶτον,
896 482 954 510 εἶτα

168 522 206 558 τῷ
221 523 333 559 καθαρῷ
348 524 561 561 προσομιλητέον
571 534 578 541 ·
600 527 624 552 εἰ
646 527 682 562 μὴ
708 528 851 563 μέλλοιμεν
865 529 894 556 τὸ
908 529 954 556 τοῦ

168 570 267 596 Momms
277 571 428 601 πείσεσθαι,
446 573 493 598 καὶ
508 572 594 606 λέξειν
609 573 662 608 (ϐυ)
681 574 710 600 ἐν
730 576 865 611 φαντασίᾳ
887 576 953 603 Θεοῦ

167 616 306 650 γενόμενοι
318 617 383 650 (61)·
405 617 620 653 Ἂπολώλαμεν,
632 617 655 646 ὦ
670 620 766 653 γύναι,
784 621 857 648 Θεὸν
872 622 955 656 ἐωρὰ-

169 669 272 696 καμεν,
288 661 315 697 ἢ,
328 663 365 693 ὠς
377 663 489 698 Πέτρος,
503 664 716 699 ἀποπέμψασθαι
733 666 787 701 (6‘2)
802 667 848 693 τοῦ
862 668 953 694 πλοίου

168 708 214 733 τὸν
230 708 342 742 Ἰησοῦν,
355 709 393 740 ὡς
404 709 452 736 οὐκ
466 710 535 743 ἄξιοι
551 711 678 747 τοιαύτης
698 712 843 747 ἐπιδημίας
855 722 861 728 ”
876 714 903 749 ἢ,
917 715 954 746 ὡς

168 755 182 780 ὀ
200 754 394 789 ἑκατόνταρχος
414 757 526 788 ἐκεῖνος,
543 757 593 793 τὴν
611 758 659 793 μὲν
675 749 822 794 θεραπείαν
838 761 954 796 ἀπαιτή-

169 808 225 826 σειν
242 800 309 835 ((53),
325 801 370 827 τὸν
383 801 551 838 Θεραπευτὴν
567 803 594 830 δὲ
607 805 656 830 οὐκ
673 805 850 838 εἰσδέξασθαι.
866 806 953 841 Λεγὲ-

166 854 206 872 τω
222 855 262 878 τις
273 847 319 874 καὶ
334 847 421 883 ἡμῶν,
434 848 485 880 ἕως
498 849 570 876 ἐστὶν
585 851 788 886 ἑκατόνταρχος,
805 852 851 879 καὶ
866 853 951 879 πλειό-

166 900 220 919 νων
235 893 263 918 ἐν
280 893 363 928 κακίᾳ
377 894 495 929 κρατῶν,
510 896 558 921 καὶ
571 895 609 922 ἔτι
622 897 836 933 στρατευόμενος
850 899 954 924 Καίσα-

544 193 673 221 ORATIO
691 193 750 222 XX.
772 210 805 215 —
826 194 870 222 DE
891 194 1042 224 DOGMAT.
1063 196 1107 224 ET
1126 197 1286 227 CONSTIT.
1307 199 1417 229 EPlSC.

174 250 210 287 μὴ
229 250 359 286 πρότερον
374 250 468 277 ἑαυτὸν
486 251 643 287 παρέστησε
663 253 701 288 τῷ
720 253 779 289 Θεῷ
797 253 891 282 θυσίαν
907 255 959 287 ζῶ-
973 259 997 287 Α

1728 205 1796 235 1070

1011 263 1092 291 gnum
1114 264 1188 291 esse,
1210 259 1256 293 qui
1278 260 1385 294 quidem
1409 267 1484 295 prius
1498 263 1556 291 Deo
1569 262 1686 293 hostiam
1698 266 1796 296 viven-

1010 307 1063 330 tem
1089 305 1205 338 seipsum
1228 313 1282 332 non
1312 306 1466 335 exhibuerit
1493 309 1606 343 “,aut,
1635 316 1664 339 ut
1691 315 1796 342 rectius

1010 348 1116 383 loquar,
1135 350 1182 377 Dei
1199 350 1251 377 vivi
1267 353 1393 387 templum
1412 359 1536 383 sanctum
1552 363 1585 384 ac
1609 358 1700 387 vivum
1717 361 1740 377 ³⁷
1755 361 1796 389 la-

1010 397 1070 420 ctus
1084 395 1135 427 sit;
1151 395 1196 430 qui
1213 397 1319 424 tandem
1335 398 1393 425 fieri
1409 400 1512 434 possit,
1531 406 1559 428 ut
1574 402 1615 430 vel
1634 404 1690 438 ipse
1704 414 1797 441 prom-

1010 444 1058 474 pto
1071 441 1162 468 animo
1179 443 1210 469 de
1229 442 1282 470 Deo
1298 444 1506 479 disputationem
1520 447 1622 477 habere
1637 453 1793 486 aggrediar,

1009 486 1051 512 vel
1068 491 1170 514 temere
1187 490 1388 523 aggredientem
1407 492 1543 526 probem?
1562 495 1709 525 Laudanda
1739 507 1794 528 non

1009 536 1050 559 est
1064 533 1121 560 haec
1148 535 1296 569 cupiditas;
1318 538 1487 571 periculosus
1514 548 1546 568 ac
1568 545 1730 573 metuendus
1750 547 1796 575 hic

1009 583 1133 606 conatus.
1149 580 1187 607 Ae
1204 582 1316 615 proinde
1332 585 1441 618 purgari
1457 593 1506 612 nos
1530 593 1593 615 ante
1607 594 1734 623 oportet,
1753 596 1795 618 at-

1008 631 1062 658 que
1074 625 1109 651 ita
1125 626 1223 654 deinde
1234 627 1259 654 in
1272 627 1361 662 illius,
1377 631 1422 664 qui
1437 638 1520 665 purus
1532 638 1593 667 est,
1616 642 1794 671 congressum

1009 674 1035 696 ct
1049 669 1212 706 colloquium
1230 673 1344 707 venire;
1361 683 1394 702 ne
1416 677 1517 712 alioqui
1539 679 1617 707 nobis
1638 669 1708 708 idem
1722 683 1795 716 quod

1009 714 1123 749 Manne,
1141 717 1264 750 accidat,
1282 726 1313 746 ac
1331 719 1377 747 Dei
1397 721 1502 748 visione
1521 724 1673 756 perstrictis
1690 714 1793 759 oeulis,

1008 759 1129 787 dicamus
1141 769 1149 787 :
1166 760 1309 796 Periimus,
1322 765 1426 798 mulier;
1435 765 1518 802 378
1532 767 1614 795 Deum
1628 769 1772 798 vidimus"
1785 780 1792 799 :
1824 788 1827 799 ι

1009 810 1074 838 aut,
1095 805 1166 834 Petri
1186 808 1272 836 instar
1286 809 1319 841 ",
1335 809 1427 838 Jesum
1452 820 1467 839 a
1483 814 1591 849 navigio
1615 815 1789 851 ablegemus,

1008 855 1137 886 tanquam
1165 853 1318 888 hujusmodi
1341 858 1484 891 praesentia
1501 859 1613 888 ntinime
1634 862 1707 897 digni
1724 873 1729 891 :
1745 869 1793 899 aut

1007 898 1141 934 denique,
1154 905 1183 927 ut
1200 901 1324 929 centurio
1341 902 1384 930 ille
1403 903 1564 932 medicinam
1580 907 1688 942 quidem
1704 916 1788 944 expo-

168 945 195 974 ρι
208 938 246 973 τῷ
259 940 525 975 κοσμοκράτοριτῶν
540 942 615 968 κάτω
633 944 788 978 συρομένων
803 952 807 957 ·
823 945 884 971 οὐκ
896 945 952 979 εΙμ]

1008 951 1126 978 scamus,
1145 948 1279 975 medicum
1295 953 1386 977 autem
1410 951 1522 980 minime
1539 954 1725 984 admittamus.
1746 957 1793 985 Di-

167 983 279 1016 ικανὸς,
299 984 349 1011 ἵνα
358 994 417 1019 μου
431 986 490 1013 ὑπὸ
504 986 562 1020 τὴν
574 987 689 1023 στέγην
703 989 853 1023 εἰσέλθῃς.
871 991 954 1017 Ὅταν

166 1027 194 1054 δὲ
217 1028 319 1064 Ἰησοῦν
334 1029 485 1066 θεάσωμαι,
504 1032 592 1059 καίτοι
605 1034 702 1070 μικρὸς
716 1033 753 1061 ὣν
768 1035 817 1070 τὴν
831 1044 953 1072 πνευμα-

166 1074 245 1109 τικὴν
262 1075 382 1110 ἡλικίαν,
398 1077 434 1109 ὡς
449 1078 463 1104 ὁ
480 1079 613 1114 Ζακχαῖος
629 1081 740 1112 ἐκεῖνος,
760 1082 807 1107 καὶ
820 1081 890 1118 ὑπὲρ
903 1082 953 1118 τὴν

167 1121 334 1156 συκομορέαν
348 1122 432 1157 ἀρθῶ,
448 1123 588 1159 νεκρώσας
599 1124 632 1151 τὰ
645 1125 712 1160 μέλη
720 1125 754 1152 τὰ
769 1126 816 1153 ἐπὶ
827 1127 876 1162 τῆς
888 1127 951 1163 γῆς,

167 1166 213 1192 καὶ
226 1167 350 1202 μαράνας
362 1168 417 1202 (64)
428 1168 457 1195 τὸ
472 1170 550 1205 σῶμα
564 1171 614 1206 τῆς
621 1171 812 1204 ταπεινώσεως
823 1181 829 1187 ·
841 1173 902 1199 τότε
910 1173 957 1200 καὶ

173 1211 274 1246 Ἰησοῦν
283 1212 443 1248 εἰσδέξομαι,
453 1215 500 1241 καὶ
507 1215 657 1251 ἀκούσομαι
667 1224 673 1230 ·
683 1215 818 1251 Σήμερον
825 1218 956 1252 σωτηρία

166 1258 206 1291 τῷ
219 1259 290 1292 almo
304 1260 398 1292 τούτῳ
407 1268 414 1275 ·
429 1261 475 1288 καὶ
486 1262 534 1296 τῆς
546 1262 682 1298 σωτηρίας
694 1263 833 1298 τεύξομαι,
850 1265 898 1291 καὶ
914 1274 957 1299 φι-

166 1303 307 1340 λοσοφήτω
326 1305 360 1332 τὰ
371 1305 531 1342 τελεώτερα,
548 1307 703 1342 σκορπίζων
717 1308 808 1339 καλῶς
828 1307 846 1335 ἃ
863 1309 956 1341 κακῶς

167 1351 328 1386 συνήγαγον,
347 1353 400 1378 εἴτε
417 1353 555 1388 χρήματα,
574 1353 628 1380 εἴτε
640 1354 773 1389 δόγματα.

1007 995 1049 1017 cat
1062 996 1142 1018 etiam
1158 993 1301 1028 quisquam
1320 1001 1454 1030 nostrum,
1464 999 1583 1031 quandiu
1597 1001 1722 1029 centurio
1736 1007 1790 1035 est,

1008 1036 1121 1072 vitiique
1144 1038 1290 1074 imperium
1316 1041 1388 1069 inter
1402 1043 1499 1072 multos
1525 1050 1617 1078 tenet,
1641 1047 1786 1083 adhucque

1005 1083 1056 1110 sub
1071 1083 1194 1117 Caasare,
1209 1086 1260 1113 hoc
1285 1091 1345 1120 est,
1370 1089 1462 1116 mundi
1484 1090 1624 1127 principe,
1646 1097 1728 1128 atque
1744 1101 1792 1122 eo-

1006 1136 1066 1155 rum
1078 1149 1085 1162 ,
1099 1130 1144 1163 qui
1165 1130 1240 1158 humi
1263 1138 1376 1167 serpunt
1398 1134 1562 1169 imperatore
1573 1156 1582 1170 ,
1598 1137 1732 1172 stipendia
1745 1139 1788 1166 [ιι-

1005 1173 1062 1201 cit:
1082 1174 1142 1201 Non
1154 1183 1212 1202 sum
1222 1177 1334 1211 dignus,
1350 1183 1378 1206 ut
1392 1179 1472 1207 intres
1483 1182 1530 1208 sub
1545 1186 1641 1209 tet-lum
1655 1191 1742 1211 meum
1755 1184 1789 1211 “.

1005 1219 1072 1247 Cum
1088 1226 1178 1248 autem
1192 1221 1284 1249 Jesum
1309 1231 1489 1258 conspexero,
1508 1227 1633 1261 quamvis
1651 1228 1796 1263 spirituali‘

1005 1269 1107 1292 statura
1121 1273 1219 1300 parvus
1232 1288 1240 1300 ,
1259 1272 1288 1295 ut
1302 1268 1347 1297 ille
1363 1269 1504 1303 Zachreus,
1523 1279 1555 1299 ac
1570 1280 1653 1307 super
1666 1281 1791 1309 sycomor

1005 1318 1064 1337 rum
1087 1317 1196 1339 evectus
1219 1312 1296 1341 fuero
1318 1314 1351 1348 ³¹,
1368 1316 1537 1345 mortilicatis
1560 1318 1686 1350 nimirum
1703 1327 1791 1350 mem-

1005 1357 1081 1389 hris,
1100 1365 1160 1393 quae
1175 1364 1237 1386 sunt
1256 1367 1337 1395 super
1364 1366 1463 1389 terram
1477 1363 1511 1396 ",
1528 1368 1610 1399 atque
1630 1365 1791 1394 humilitatis

167 1405 277 1432 corpore
293 1399 438 1426 reformato
455 1400 488 1434 ³³,
521 1405 575 1427 tum
588 1408 651 1428 vero
667 1406 692 1428 ct
707 1401 797 1429 Jesnm
831 1403 973 1437 excipiam,
993 1409 1020 1431 et
1048 1405 1155 1433 audiam
1170 1415 1178 1434 :
1198 1406 1301 1440 Hodie,
1319 1408 1391 1436 salua
1414 1410 1476 1437 huic
1492 1412 1581 1438 domui
1598 1412 1638 1446 ’δε
1666 1417 1694 1440 et
1717 1413 1790 1441 salu-

167 1447 220 1469 tem
244 1444 388 1478 adipiscar,
424 1449 452 1472 et
481 1445 640 1479 perfectiora
676 1447 718 1473 illa
754 1447 838 1475 cilicia
857 1449 957 1476 curabo
978 1454 1059 1482 atque
1085 1458 1228 1487 exsequar,
1254 1454 1384 1488 prznclare
1409 1463 1540 1492 spargens
1567 1444 1636 1493 quas.
1654 1459 1786 1487 scelerato

166 1490 326 1525 collegeram
336 1512 343 1524 ,
358 1492 414 1518 sive
431 1492 574 1526 pecunias,
587 1493 643 1520 sive
663 1493 799 1527 dogmata.

201 1537 238 1565 E'.
262 1537 338 1564 Ἐπεὶ
351 1538 379 1564 δὲ
393 1538 598 1574 ἀνεκαθήραμεν
611 1538 650 1574 τῷ
665 1539 736 1575 λόγῳ
753 1539 798 1566 τὸν
818 1540 951 1574 θεόλογον,

1042 1539 1072 1566 γ.
1089 1539 1220 1574 Quoniam
1237 1546 1328 1569 autem
1351 1550 1476 1571 sermone
1497 1544 1664 1580 Theologum
1689 1555 1787 1583 repur-

166 1583 230 1618 φέρε
241 1583 271 1619 δὴ
286 1583 331 1610 καὶ
344 1583 406 1619 περὶ
418 1584 484 1610 Θεοῦ
499 1585 536 1616 ὼς
549 1585 577 1610 ἐν
588 1584 684 1620 βραχεῖ
696 1585 889 1620 διαλεχθῶμεν,
906 1586 951 1611 αὑ-

164 1629 203 1663 τῷ
217 1628 255 1663 τῷ
270 1629 367 1665 Πατρὶ,
383 1630 429 1655 καὶ
452 1629 490 1665 τῷ
508 1629 575 1665 Titi),
593 1630 639 1657 καὶ
664 1630 703 1665 τῷ
724 1631 793 1666 ἁγίῳ
811 1630 950 1666 Ilva-(apati.

165 1673 358 1711 θαρρήσαντες,
386 1676 448 1710 περὶ
473 1673 510 1703 ὧν
531 1677 545 1702 ό
567 1676 654 1711 λόγος.
676 1676 798 1712 Εὕχομαι
811 1677 840 1703 δὲ
857 1678 887 1704 τὸ
904 1678 950 1704 τοῦ

164 1722 333 1758 Σολομῶντος
351 1722 456 1755 παθεῖν,
479 1723 560 1758 μηδὲν
575 1723 638 1748 ι’διον
653 1723 776 1757 ἐννοῆσαι
795 1723 858 1757 περὶ
871 1722 948 1755 Θεοῦ,

166 1767 232 1803 μηδὲ
247 1767 421 1802 φθέγξασθαι.
440 1767 523 1794 Ὅταν
539 1767 593 1802 γὰρ
615 1767 692 1802 λέγῃ,
720 1769 950 1801 Ἀφρονέστατος

165 1816 218 1849 γάρ
246 1815 304 1848 εἶμι
323 1814 444 1840 πάντων
463 1813 634 1848 ἀνθρώπων,
659 1813 706 1840 καὶ
732 1814 880 1848 φρόνησις
896 1815 949 1841 dr-

164 1861 281 1894 θρώπου
294 1860 348 1886 οὑκ
357 1859 442 1886 ἔστιν
453 1860 515 1894 ἐμοὶ
526 1860 592 1895 (65).
606 1861 655 1886 οὐκ
668 1860 723 1895 (66)
734 1860 876 1886 ἁσυνετίαν
888 1861 951 1886 ἐαυ-

162 1905 208 1932 τοῦ
230 1905 314 1941 δήπου
332 1905 543 1940 καταγινώσκων
557 1905 636 1932 τοῦτό
651 1914 742 1940 φησιν.
763 1906 825 1938 Πῶς
841 1906 905 1942 γὰρ,
921 1907 950 1939 ὃς

163 1959 195 1986 γε
208 1951 285 1978 τοῦτο
303 1951 350 1978 καὶ
370 1951 425 1987 (67)
441 1951 525 1986 ᾔτησε
547 1951 622 1987 παρὰ
636 1951 704 1978 Θεοῦ
718 1951 771 1988 πρὸ
786 1952 885 1984 παντὸς
904 1953 949 1980 ἅλα

163 1998 220 2030 λου,
234 1998 279 2025 καὶ
292 1997 369 2024 ἔλαϐε
387 1998 493 2031 σοφίαν,
510 1998 556 2024 καὶ
572 1998 698 2034 θεωρίαν,
709 1999 756 2025 καὶ
773 1999 872 2031 πλάτος
883 2007 950 2035 καρ-

163 2044 232 2075 δίας,
262 2043 374 2080 ψάμμου
399 2043 596 2079 πλουσιώτερον
620 2053 649 2071 τε
671 2045 717 2072 καὶ
743 2044 948 2081 δαψιλέστερον;

163 2091 219 2118 Καὶ
237 2091 251 2116 ὁ
265 2090 390 2116 τοσοῦτον
411 2091 502 2124 σοφὸς,
525 2091 571 2117 καὶ
585 2091 712 2126 τοιαύτης
726 2091 881 2127 τετυχηκὼς
899 2092 950 2118 δω-

166 2137 239 2172 ρεᾶς.
256 2136 313 2168 πῶς
330 2137 530 2174 ἀφρονέστατον
547 2137 641 2163 ἑαυτὸν
656 2137 763 2164 πάντων
780 2137 835 2172 (68)
849 2137 948 2173 ὀνομά-

164 2182 223 2214 ζει;
245 2182 289 2214 Ὠς
301 2183 350 2208 οὐκ
364 2183 432 2219 ἔχων
445 2183 511 2209 ἰδίαν
526 2182 624 2218 δηλαδὴ
638 2183 776 2218 φρόνησιν,
786 2183 949 2219 ἐνεργούμε-

1005 1586 1138 1621 guvimus,
1159 1595 1208 1622 age
1219 1587 1275 1621 jam
1290 1589 1323 1615 de
1339 1589 1392 1616 Deo
1406 1590 1501 1624 paucis
1516 1591 1692 1627 disseramus,
1705 1594 1790 1629 ipsius

1005 1632 1095 1659 Patris
1112 1632 1228 1668 Filiiqne
1245 1639 1272 1661 et
1288 1636 1374 1662 sancti
1401 1636 1528 1670 Spiritus,
1543 1639 1577 1665 de
1592 1639 1690 1673 quibus
1707 1641 1788 1668 verba

1005 1677 1101 1704 facturi
1117 1686 1219 1712 sumus,
1236 1680 1338 1707 auxilio
1351 1680 1412 1708 freti
1431 1686 1511 1717 atque
1527 1683 1646 1711 subnixi.
1664 1684 1788 1719 Optarlm

1006 1728 1095 1750 autem
1110 1723 1182 1750 idem
1200 1725 1264 1751 mihi
1280 1726 1436 1761 contingere
1457 1729 1527 1762 quod
1550 1728 1688 1758 Salomoni
1701 1750 1709 1763 ,
1735 1731 1786 1760 hoc

1004 1773 1060 1801 est,
1074 1773 1103 1795 ut
1119 1769 1151 1795 de
1164 1770 1217 1796 Deo
1232 1770 1300 1797 nihil
1322 1779 1411 1798 meum
1422 1780 1462 1800 -ac
1479 1774 1618 1808 proprium
1631 1795 1639 1808 ,
1655 1775 1697 1803 vel
1714 1778 1789 1812 cogi-

1005 1817 1057 1840 tem
1070 1835 1076 1845 ,
1091 1814 1133 1842 vel
1150 1814 1256 1849 loquar.
1275 1815 1342 1842 Nam
1358 1824 1418 1843 cum
1434 1817 1475 1845 his
1490 1819 1580 1847 verbis
1595 1821 1697 1849 utitur:
1713 1821 1788 1850 Stul-

1004 1860 1121 1887 tissimus
1138 1869 1196 1888 sum
1210 1862 1326 1888 omnium
1343 1863 1476 1891 hominum
1486 1884 1494 1897 ,
1509 1869 1534 1892 ει
1548 1868 1688 1900 prudentia
1702 1868 1790 1896 homi-

1004 1907 1043 1932 nis
1060 1914 1111 1932 mm
1130 1910 1168 1933 est
1184 1907 1212 1933 in
1223 1915 1264 1934 me
1278 1907 1310 1940 ³⁸,
1336 1908 1545 1945 haudquaquam
1561 1912 1665 1940 scilicet
1687 1913 1744 1942 hac
1757 1922 1790 1943 eo

1003 1952 1086 1984 dicit.
1102 1953 1174 1986 quod
1192 1953 1347 1982 stoliditatis
1374 1955 1492 1989 seipsum
1522 1958 1695 1988 condemnet.
1715 1960 1787 1995 (Qui

1003 2000 1074 2026 enim
1097 2000 1187 2032 istud,
1204 2008 1265 2028 cum
1283 2008 1342 2028 eam
1361 2009 1416 2036 prae
1440 2003 1501 2030 aliis
1523 2004 1650 2032 omnibus
1668 2005 1748 2034 rebus
1771 2015 1787 2035 a

1005 2047 1058 2073 Deo
1083 2045 1265 2081 postulasset,
1290 2055 1322 2074 ac
1339 2049 1499 2082 sapientiam
1525 2055 1552 2078 et
1581 2052 1789 2087 contemplatio-

1003 2097 1076 2123 nem,
1092 2096 1120 2118 et
1134 2091 1224 2118 cordis
1240 2090 1409 2119 latitudinem
1425 2101 1507 2121 arena
1522 2096 1605 2123 maris
1634 2097 1787 2126 uberiorem

1002 2143 1083 2172 atque
1108 2139 1286 2173 copiosiorem
1310 2140 1487 2176 accepisset?)
1512 2141 1562 2174 Qui
1594 2143 1623 2169 iit
1645 2145 1737 2179 igitur,
1757 2151 1788 2173 ut

1003 2185 1044 2210 vir
1070 2191 1156 2218 usque
1178 2184 1246 2215 adeo
1263 2185 1382 2219 sapiens,
1403 2191 1485 2220 atque
1512 2187 1663 2222 huiusmodi
1683 2190 1788 2219 beneﬂ-

163 2235 208 2258 νος
223 2227 310 2262 δὲτὴν
329 2227 404 2255 θείαν
416 2237 445 2254 τε
460 2229 507 2254 καὶ
524 2228 700 2264 τελεωτέραν.
718 2228 773 2255 Καὶ
784 2228 838 2265 γὰρ
850 2231 864 2255 ὁ
876 2229 949 2255 Παῦ-

1006 2230 1075 2258 cium
1093 2235 1256 2258 consecutus
1267 2250 1275 2263 ,
1290 2232 1410 2259 omnium
1434 2233 1625 2262 stultissimum
1641 2243 1671 2263 se
1693 2238 1787 2272 appel-

164 2272 208 2304 λος
224 2273 319 2307 λέγων,
337 2273 383 2300 Ζῶ
396 2274 439 2305 δὲ,
457 2275 512 2300 οὐκ
524 2274 644 2308 ἕτιὲγὼ,
657 2273 690 2307 ζῇ
701 2273 734 2300 δὲ
751 2274 785 2300 ἐν
804 2275 867 2308 ἐμοὶ
887 2276 954 2309 Χρι-

164 2318 247 2351 στὸς.
260 2319 309 2354 οὐχ
329 2319 366 2350 ὼς
381 2319 444 2354 περὶ
460 2319 558 2355 νεκροῦ
572 2320 678 2351 πάντως
692 2319 788 2345 ἑαυτοῦ
805 2319 950 2354 διελέγετο,

163 2364 220 2391 ἀλλ’
235 2364 272 2396 ὡς
285 2364 384 2397 ζῶντος
399 2366 542 2401 κρείσσονα
556 2366 609 2392 τῶν
622 2365 726 2393 πολλῶν
740 2366 823 2402 ζωὴν,
834 2366 874 2402 τῷ
887 2375 951 2402 μετ-

164 2410 302 2445 ειληφέναι
316 2410 366 2445 τῆς
376 2410 459 2442 ὅντως
475 2411 559 2446 ζωῆς,
574 2412 622 2438 καὶ
640 2411 734 2447 μηδεν).
749 2412 856 2448 θανάτῳ
869 2421 950 2447 περα-

1007 2276 1064 2304 ιειιι
1080 2276 1136 2304 Hoc
1149 2277 1206 2304 vult
1220 2277 1347 2304 nimirum
1359 2298 1366 2309 ,
1384 2279 1520 2313 propriam
1536 2287 1566 2307 se
1593 2281 1693 2309 nullam
1705 2283 1786 2317 spru-

1006 2321 1124 2349 dentiam
1146 2323 1263 2356 habere,
1284 2323 1330 2351 sed
1345 2324 1436 2351 divina
1458 2330 1486 2352 et
1504 2326 1660 2359 perlectinri
1676 2329 1785 2364 sapien-

1004 2367 1040 2393 tia
1056 2366 1153 2394 aillari.
1169 2367 1310 2402 Siquidem
1324 2372 1351 2395 et
1375 2367 1491 2401 Paulus,
1507 2377 1567 2397 cum
1591 2372 1682 2400 aiebat
1697 2383 1703 2402 :
1720 2373 1785 2402 Vivo

1004 2417 1090 2439 autem
1101 2432 1109 2445 ,
1125 2420 1176 2439 non
1184 2412 1244 2448 jam
1263 2420 1310 2448 ego
1322 2433 1329 2445 ,
1344 2413 1408 2440 vivit
1420 2421 1479 2440 vero
1499 2414 1526 2441 in
1543 2423 1582 2442 nte
1604 2415 1725 2444 Christus
1742 2418 1783 2452 ³⁶;

201 2468 223 2482 ’⁸⁵
238 2466 315 2494 Rom.
334 2475 387 2496 xu.
408 2467 433 2494 l.
470 2468 492 2483 ³⁷
508 2468 529 2494 ll
545 2468 606 2496 Cor.
623 2476 666 2502 νι,
684 2469 728 2496 16.
766 2469 789 2485 ’⁸
805 2468 892 2496 Judic.
915 2476 976 2499 χιιι,
993 2468 1040 2495 ‘22.
1078 2469 1100 2485 "
1113 2468 1178 2496 an.
1197 2477 1223 2500 v,
1237 2469 1262 2496 8.
1304 2469 1328 2485 ²⁰
1345 2469 1441 2496 Matth.
1456 2477 1516 2512 vni,
1602 2471 1705 2512 “‘Ijuc.
1729 2481 1787 2506 nx,

211 2510 255 2512 μγ
308 2501 431 2512 ..ηιω
456 2510 483 2512 _,
512 2503 526 2512 ν
575 2503 596 2512 ..
616 2503 679 2512 ιη...
807 2503 837 2512 η.
892 2504 910 2512 ..
931 2504 940 2512 .
1079 2503 1094 2512 η
1144 2503 1198 2512 ..η
1361 2504 1377 2512 ρ.

164 2502 181 2529 2
193 2510 269 2538 seqq.
307 2501 442 2530 "Coloss.
455 2510 496 2535 tu,
510 2503 536 2530 5.
575 2503 597 2519 ³³
614 2503 729 2539 Philipp.
745 2512 792 2536 tu,
807 2503 853 2532 9-1.
891 2504 913 2520 ³δ
929 2504 950 2531 L

1012 2511 1068 2536 χιιι,
1079 2503 1105 2532 9.
1143 2504 1165 2519 ³⁵
1179 2503 1259 2532 Prov.
1277 2512 1347 2536 xxx,
1361 2504 1388 2532 2.
1427 2505 1450 2520 ³⁸
1467 2505 1556 2534 Galat.
1575 2514 1608 2538 ιι,
1623 2506 1668 2534 20.

165 2574 274 2611 cundas
289 2573 364 2603 dant.
389 2575 509 2602 llostinm
528 2583 608 2609 porro
631 2581 658 2603 et
679 2576 832 2610 pontilicem
856 2577 949 2611 appel-

165 2608 232 2652 lant,
249 2609 438 2652 illud'quidem
453 2612 488 2652 oh
505 2611 656 2644 passionem
677 2608 704 2638 et
722 2619 769 2652 pro
791 2608 951 2652 nostra-sa-

166 2643 221 2680 lute
241 2645 419 2676 oblationem;
437 2643 550 2672 alterum
566 2651 667 2677 autem,
689 2643 751 2680 quia
769 2654 822 2674 non
839 2647 874 2674 ab
898 2647 951 2674 alio

165 2679 212 2705 sed
235 2679 341 2714 propria
355 2679 493 2707 voluntate
513 2680 669 2707 immolatus
685 2679 745 2711 fuit.
758 2686 786 2708 et
803 2683 836 2710 ad
853 2682 949 2709 volun-

166 2714 260 2752 tariam
286 2719 400 2742 mortem
432 2716 557 2743 accessit.
578 2725 588 2741 ι
620 2715 686 2744 Mm
720 2715 846 2752 Spiciteg.
871 2716 949 2745 Rom.

211 2784 255 2822 §9)
281 2784 485 2822 Ἀποδέξωμαι.
502 2785 567 2822 Reg.
580 2785 636 2819 bm,
650 2785 826 2822 ἀποδέξομαι.

276 2819 391 2852 Λέξειν.
405 2819 451 2848 0r.
465 2821 491 2851 ί,
506 2819 605 2856 λὲᾗειν.

211 2855 257 2890 6i)
275 2856 446 2889 Γενόμενοι,
460 2855 593 2887 Comhel.,
608 2865 669 2890 γενο

202 2889 257 2923 (62)
281 2890 328 2926 ᾯς
346 2890 455 2925 Πέτρος
468 2889 712 2926 ἀποπέμψασθαι.
733 2892 797 2926 Reg.
811 2892 867 2924 bm,
883 2892 921 2926 ὡς
935 2894 949 2920 ὁ

165 2924 278 2961 Πέτρος.
294 2925 340 2954 0r.
354 2926 380 2960 l,
396 2924 537 2954 recentiori
553 2924 644 2962 manu,
658 2924 881 2963 ἁποπέμῷεσθαι,

673 2856 763 2891 μένου.

1034 2574 1090 2613 (θό)
1104 2575 1276 2613 ΔΘεραθιξιςίαν
1290 2575 1486 2613 Δἀπαιινήονειν.
1503 2575 1585 2613 ςοίει.
1600 2577 1624 2609 l,
1641 2577 1787 2613 θεραπείαν

999 2609 1184 2646 ὲπιζητήσειν.
1199 2611 1273 2642 Pan,
1288 2610 1436 2645 θεραπείας
1455 2611 1624 2673 ὲπιζὲιτησινς

1034 2646 1089 2673 (64)
1109 2645 1259 2673 Μαοάναο.
1276 2645 1350 2673 Pan.
1364 2646 1501 2673 moodvac.
1548 2654 1589 2673 ea.
1602 2647 1622 2673 (Α

1034 2646 1089 2687 (lii)
1109 2645 1259 2687 Μαρὰν-ας.
1276 2645 1350 2687 Pal},
1363 2646 1501 2687 μιρράνας.
1522 2645 1589 2681 Heg.
1602 2647 1685 2683 Chry.
1700 2648 1784 2684 ὑπερ-

999 2680 1110 2714 αναϐἀς,
1128 2690 1138 2706 ι
1152 2686 1308 2708 transcenso
1323 2681 1480 2708 humilitatis
1494 2680 1618 2715 corpore.
1632 2691 1642 2708 ›

1035 2715 1091 2750 (65)
1118 2715 1205 2749 Ἐμοί.
1218 2715 1287 2750 lteg.
1300 2722 1326 2747 a,
1337 2714 1383 2743 0r.
1397 2716 1424 2749 Ι,
1443 2715 1517 2748 Pan.
1529 2717 1556 2745 ὲν
1572 2717 1644 2750 ἐμοί.

1035 2719 1080 2750 (65
1118 2719 1205 2749 Ὲμοι.
1223 2719 1287 2750 lteg.
1300 2722 1326 2747 a,
1337 2719 1383 2743 Ur.
1397 2719 1424 2749 1,
1443 2719 1517 2748 Pan.
1529 2719 1556 2745 ὲν
1572 2719 1644 2780 ἐμοί.

1013 2719 1091 2796 *(66)
1111 2752 1184 2778 οὐκ.
1213 2749 1260 2778 Sic
1283 2750 1408 2785 Coisl.l,
1431 2751 1479 2779 0r.
1496 2753 1521 2784 ι,
1544 2759 1572 2780 et
1613 2762 1654 2782 ar.
1676 2753 1704 2782 lu
1728 2755 1783 2788 ed.,

999 2795 1055 2813 ουν.

1031 2821 1090 2861 (67)
1112 2820 1202 2849 Τοῦτο
1222 2820 1282 2848 και.
1303 2821 1348 2849 Sic
1365 2820 1457 2856 plures
1478 2822 1594 2853 codices.
1620 2823 1648 2853 ln
1667 2825 1723 2860 ed.,
1737 2826 1784 2856 καὶ

997 2865 1086 2884 τουτο.

1034 2891 1089 2928 (68)
1109 2891 1240 2920 Πάντων.
1258 2891 1337 2920 Deest
1352 2891 1379 2920 in
1394 2891 1460 2929 Reg.
1475 2899 1501 2922 a.
