2049 3143
172 166 242 194 ΙΟἾΞ

542 165 674 195 ORATIO
692 166 751 195 XX.
771 183 805 189 -
824 167 870 195 DE
888 167 1042 197 DOGMAT.
1062 167 1108 196 ΕΤ
1127 167 1286 197 ΕΟΝὸΊΊΤ.
1307 168 1415 198 EPISC.

1726 169 1796 198 1074i

171 222 392 258 Quandoquidem
424 228 451 252 et
482 232 552 252 unus
579 225 649 253 Deus
669 226 826 254 retinendus
849 231 902 260 est,
928 232 1032 260 et,tres
1064 228 1234 266 hypostases,
1260 229 1318 257 sive
1354 233 1409 257 tres
1433 235 1565 264 personae.
1583 227 1754 262 conﬁtenda,
1769 234 1798 259 et

171 272 280 308 quidem
296 279 462 307 unaquaeque
474 280 533 301 cum
549 280 597 300 sua
612 274 787 309 proprietate.

206 319 242 345 Ζ¹.
259 317 374 353 Τηροῖτο
390 318 412 344 δ’
422 318 466 351 ἂν,
483 320 520 350 ὼς
534 319 549 344 ὁ
564 320 629 355 ἐμὸς
645 320 724 355 λόγος
734 340 741 353 ,
755 318 797 352 εἷς
812 320 862 356 μὲν
880 320 958 354 Θεὸς,

1046 320 1102 349 νη.
1121 320 1166 349 Sic
1180 321 1267 353 enim,
1281 327 1340 348 mea
1351 320 1460 356 quidem
1472 320 1620 353 sententia,
1637 319 1709 348 Deus
1724 327 1796 348 unus

170 365 210 397 εἰς
229 364 259 391 ἓν
276 364 362 391 αἴτιον
382 365 428 391 καὶ
446 365 511 392 Υἱοῦ
535 366 582 392 καὶ
608 366 767 402 Πνεύματος
790 367 959 403 ἀναφερομέ-

170 419 235 442 νων,
253 411 282 436 οὗ
300 411 516 446 συντιθεμένων,
540 412 600 439 οὐδὲ
626 413 862 448 συναλειφομένων
883 413 958 449 (8!)-

172 456 218 483 καὶ
233 457 303 483 κατὰ
318 456 348 483 τὸ
363 456 391 483 ἓν
408 457 454 484 καὶ
474 457 556 484 ταυτδ
578 458 628 493 τῆς
645 458 787 494 θεότητος,
811 459 854 485 ἵνα
873 458 959 490 οὕτως

170 501 306 537 ὀνομάσω,
323 501 428 538 κινημά
443 511 473 529 τε
489 503 537 529 καὶ
556 503 690 539 βούλημα,
710 503 757 530 καὶ
774 503 824 539 τὴν
839 504 887 539 τῆς
912 504 958 530 οὐ-

173 547 232 578 σίας
254 547 415 583 ταυτότητα.
432 548 465 574 Ai
481 548 510 574 δὲ
530 549 604 584 τρεῖς
620 549 799 582 ὑποστάσεις,
824 549 959 585 μηδεμιᾶς

171 593 367 629 ὲπινοουμένης
382 594 544 629 συναλοιφῆς
557 594 623 631 (82),
640 595 658 630 ἢ
679 595 845 628 ἀναλύσεως,
860 596 876 631 ἢ
893 605 959 631 συγ-

172 639 287 674 χύσεως,
304 639 348 666 ἵνα
369 639 406 676 μὴ
424 641 455 667 τὸ
469 641 524 667 πᾶν
545 641 700 677 καταλυθῇ,
719 642 753 669 δι’
768 638 806 669 ὤν
820 642 850 668 τὸ
865 642 893 670 ἓν
913 651 959 669 σε-

172 684 303 720 μνύνεται
318 684 428 722 πλέονῆ
452 686 542 718 καλῶς
562 687 628 722 ἔχει.
650 688 681 713 Ai.
703 687 731 714 δὲ
749 687 890 724 ἰδιότητες,
905 689 958 715 lla—

171 730 234 765 τρὸς
250 730 309 765 μὲν,
323 731 369 757 καὶ
382 731 501 766 ὰνάρχου
520 731 576 768 (83)
587 753 593 765 ,
608 732 656 759 καὶ
667 732 756 768 ἀρχῆς
768 733 958 769 ὲπινοουμένου

171 775 218 801 καὶ
241 775 387 810 λεγομένου
412 777 516 812 (ἀρχῆς
540 777 579 810 δὲ,
601 777 639 810 ὠς
659 778 764 810 αἰτίου,
784 779 832 806 καὶ
852 779 890 811 ὡς
907 787 959 815 πη-

171 821 239 856 γῆς,
256 821 301 848 καὶ
321 821 359 854 ὡς
375 822 459 849 ἀϊδίου
477 823 565 858 φωτός
581 822 665 859 (84))·
688 823 752 851 Υἰοῦ
776 825 816 857 δὲ,
839 825 958 861 ἀνάρχου

171 866 222 902 μὲν
245 866 385 902 οὐδαμῶς,
408 868 495 904 ἀρχῆς
511 868 538 895 δὲ
563 869 616 895 τῶν
636 869 718 896 ὅλων·
740 870 828 906 ἀρχὴν
846 870 875 897 δὲ
895 871 959 898 ὅταν

171 912 252 944 εἴπω,
269 913 306 948 μὴ
318 913 412 948 χρόνον
433 914 582 950 παρενθῇς,
598 915 664 950 μηδὲ
678 914 759 950 μέσον
772 924 798 942 τι
813 915 896 951 τάξῃς
910 916 957 943 τοῦ

171 959 364 995 γεγεννηκότος
383 959 429 986 καὶ
450 959 498 987 τοῦ
515 961 695 996 γεννήματος,
717 961 783 997 μηδὲ
803 961 893 998 διέλῃς
909 961 958 998 τὴν

1010 368 1182 401 retinebitur,
1202 367 1225 395 si
1247 367 1344 395 Filium
1364 367 1447 403 380
1469 372 1497 395 et
1514 367 1645 402 Spiritum
1672 371 1795 395 sanctum

1008 415 1043 442 ad
1060 422 1141 442 unam
1156 421 1266 441 causam
1284 413 1445 446 referamus,
1464 420 1517 440 non
1536 418 1625 441 autem
1649 420 1796 448 εοηιροηιι-

1009 468 1070 488 mus
1094 467 1144 487 nec
1158 460 1400 493 commisceamus;
1425 463 1454 486 et
1472 459 1494 487 εἰ
1512 466 1592 486 unam
1617 463 1698 494 atque
1720 466 1796 486 eam-

1009 504 1071 531 dem
1087 502 1251 535 Divinilatis,
1265 507 1295 529 ut
1316 503 1352 530 ita
1373 502 1478 537 loquar,
1496 503 1642 530 motionem
1657 507 1685 530 et
1699 502 1795 530 volun-

1010 552 1105 580 tatem,
1130 548 1308 583 essentimque
1332 547 1501 575 identitatem
1516 542 1706 581 intelligamus.
1729 547 1796 577 Tres

1009 598 1100 622 autem
1116 601 1247 629 personas
1269 594 1306 621 ita
1322 593 1485 626 tenebimus,
1501 593 1524 620 si
1537 593 1609 620 nulla
1626 593 1794 626 commixtio.

1008 645 1056 668 aut
1073 636 1214 673 resolutio:
1226 644 1273 667 aut
1289 638 1414 667 confusio
1432 638 1611 674 excogitetur,
1637 646 1672 666 ne
1694 639 1795 674 alioqui

1008 687 1165 715 universum
1208 693 1256 721 per
1291 693 1339 713 eos
1365 689 1521 718 evertatur,
1551 684 1597 719 qui
1625 684 1795 720 impensius,

1009 740 1091 768 quam
1106 740 1155 768 par
1168 732 1214 764 sit,
1232 731 1364 760 unitatem
1378 731 1519 759 extollunt.
1536 730 1678 758 Postremo
1695 731 1731 758 its
1747 738 1796 759 no-

1008 778 1051 806 bis
1066 778 1263 814 proprietatum
1275 777 1345 805 ratio
1360 777 1505 809 constabit,
1518 776 1540 804 si
1554 776 1661 804 Patrem
1674 776 1796 811 quidem,

1007 829 1036 853 et
1048 824 1176 860 principii
1191 830 1343 859 expertem,
1357 828 1385 852 et
1399 823 1561 859 principium
1582 822 1743 858 cogitemus,
1764 829 1797 850 ac

1008 870 1189 907 praedicemus
1222 870 1409 906 (principium,
1439 870 1562 905 inquam,
1583 873 1612 896 ut
1630 877 1751 901 causam,
1769 872 1798 896 et

1009 922 1040 946 ut
1058 916 1171 950 fontem,
1198 917 1344 952 lumenque
1368 915 1593 952 sempiternum);
1611 915 1708 943 Filium
1718 922 1796 950 vero,

1009 963 1122 991 minime
1135 962 1244 998 quidem
1267 962 1393 998 principii
1408 966 1558 997 expertem,
1569 961 1689 989 omnium
1706 965 1797 988 autent

171 1002 251 1038 φύσιν
275 1004 314 1040 τῷ
337 1005 430 1037 κακῶς
454 1006 645 1040 παρεντεθέντι
667 1008 724 1039 τοῖς
749 1007 891 1040 συναῖδιοις
913 1008 960 1035 καὶ

1012 1016 1101 1037 rerum
1129 1008 1291 1044 principium
1327 1016 1503 1042 asseramus;
1525 1007 1686 1044 principium
1715 1014 1800 1042 porro

171 1050 363 1085 συνημμένοις.
386 1051 417 1078 Εἰ
436 1051 489 1088 γὰρ
502 1052 596 1088 χρόνος
610 1052 675 1079 Υἱοῦ
691 1053 877 1089 πρεσϐύτερος
892 1053 960 1088 (85),

170 1096 274 1123 ἐκείνου
288 1096 386 1133 δηλαδὴ
404 1097 519 1133 πρώτως
537 1098 570 1125 ἂν
584 1097 627 1134 εἴη
648 1099 704 1134 (86-)
722 1098 808 1131 αἴτιος
820 1100 835 1125 ὁ
855 1100 959 1136 Πατήρ.

171 1142 226 1168 Καὶ
241 1142 298 1175 πῶς
316 1143 430 1178 ποιητὴς
452 1143 555 1179 χρόνων
570 1145 583 1170 ὁ
599 1143 650 1170 ὑπὸ
664 1144 778 1179 χρόνον;
795 1144 857 1176 Πῶς
872 1144 900 1171 δὲ
914 1144 961 1171 καὶ

171 1188 273 1225 Κύριος
292 1189 416 1223 πάντων,
432 1190 457 1216 εἰ
479 1190 531 1217 ὑπὸ
548 1190 645 1225 χρόνου
668 1190 848 1226 προείληπταί
864 1200 893 1217 τε
913 1191 961 1218 καὶ

171 1235 342 1270 κυριεύεται;
362 1234 496 1273 Ἀναρχος
514 1234 559 1264 οὖν
580 1238 594 1264 ό
610 1237 704 1272 Πατήρ
715 1244 722 1252 ³
743 1237 774 1263 οὑ
791 1236 845 1273 γὰρ
858 1237 959 1274 ἐτέρω-

171 1281 217 1308 Θεν
235 1282 325 1317 αὐτῷ,
349 1282 408 1309 οὐδὲ
433 1283 497 1318 παρ’
513 1282 610 1309 ἑαυτοῦ
632 1282 688 1317 (87)
709 1281 740 1309 τὸ
762 1280 843 1310 εἶναι.
876 1283 904 1309 ’0
931 1283 961 1310 δὲ

172 1327 244 1359 Υἱὸς,
261 1328 308 1354 ἐὰν
323 1328 373 1363 μὲν
393 1328 431 1360 ὡς
447 1328 533 1355 αἴτιον
548 1328 595 1355 τὸν
612 1328 721 1364 Πατέρα
739 1328 890 1364 λαμὸάνῃς,
909 1329 961 1356 οὐκ

172 1373 288 1409 ἄναρχος
298 1382 304 1388 ·
318 1374 389 1410 ἀρχὴ
405 1374 458 1410 γὰρ
478 1374 544 1400 Υῑοῡ
561 1374 656 1410 Πατὴρ
669 1375 707 1406 ὠς
722 1375 806 1407 αἴτιος
822 1374 893 1411 (88)·
914 1375 962 1402 ἐὰν

171 1419 199 1446 δὲ
219 1419 267 1455 τὴν
294 1420 347 1447 ἀπὸ
363 1420 459 1456 χρόνου
483 1421 546 1456 νοῇς
567 1421 666 1456 ἀρχὴν,
689 1421 736 1447 καὶ
759 1421 893 1456 ἄναρχος·
911 1421 961 1448 οὐκ

172 1467 285 1502 ἄρχεται
301 1467 354 1503 γὰρ
368 1467 420 1494 ὑπὸ
434 1467 530 1504 χρόνοι)
545 1467 560 1493 ὁ
574 1466 677 1503 χρόνων
688 1467 837 1502 Δεσπότης.

1009 1062 1071 1083 eum
1086 1054 1160 1087 dico,
1178 1062 1213 1082 ne
1227 1059 1331 1089 tempus
1349 1054 1508 1090 interiit-ias,
1525 1061 1574 1081 nec
1600 1054 1672 1081 inter
1690 1053 1796 1089 gcnito-

1010 1108 1067 1129 rem
1081 1105 1108 1128 et
1120 1101 1241 1136 genitum
1258 1100 1375 1129 medium
1395 1100 1496 1136 aliquid
1510 1100 1669 1134 constituas,
1688 1106 1738 1128 nec
1750 1106 1799 1134 per

1008 1146 1047 1180 id,
1063 1148 1135 1182 quod
1157 1147 1229 1174 inter
1243 1153 1285 1180 ea,
1315 1154 1375 1181 quae
1400 1147 1522 1174 eamdem
1546 1146 1725 1174 aeternitatem
1748 1144 1797 1173 ln-

1008 1193 1083 1226 bent,
1098 1198 1125 1221 et
1139 1192 1283 1227 conjuncta
1298 1197 1372 1225 sunt,
1393 1193 1465 1220 male
1488 1192 1648 1228 interponis,
1671 1196 1797 1220 naturam

1007 1239 1122 1266 dividas.
1142 1238 1209 1266 Nam
1224 1239 1246 1267 si
1265 1243 1369 1274 tempus
1395 1238 1464 1266 Filio
1484 1243 1527 1266 est
1551 1237 1698 1274 antiquius,
1725 1237 1803 1266 illius

1008 1283 1101 1319 procul
1111 1284 1192 1311 dubio
1207 1283 1323 1319 primum
1339 1283 1420 1310 Pater
1430 1291 1510 1311 causa
1530 1283 1610 1310 fuerit
1626 1289 1736 1311 necesse
1745 1286 1797 1310 est.

1009 1329 1085 1363 Quod
1101 1329 1123 1357 si
1139 1329 1174 1357 ita
1196 1334 1249 1362 est,
1267 1337 1321 1364 quo
1349 1331 1456 1357 tandem
1481 1330 1560 1357 modo
1588 1333 1737 1364 temporum
1761 1327 1800 1355 ia-

1009 1381 1069 1403 ctor
1087 1375 1140 1403 erit
1153 1375 1187 1409 ³⁷,
1204 1375 1251 1411 qui
1265 1376 1316 1404 Sub
1334 1380 1439 1411 tempus
1451 1375 1544 1403 cadit?
1562 1374 1622 1408 Quo
1637 1377 1701 1402 item
1717 1375 1805 1402 modo

1011 1421 1139 1449 Dominus
1163 1422 1283 1449 omnium
1299 1421 1333 1455 ³⁸,
1355 1422 1376 1449 si
1399 1429 1460 1449 eum
1486 1425 1592 1456 tempus
1615 1420 1798 1456 praecesserit,

1010 1467 1090 1502 eique
1102 1467 1277 1494 dominetur?
1291 1467 1419 1502 Principii
1432 1466 1514 1501 igitur
1529 1473 1627 1501 expers
1639 1469 1681 1493 est
1693 1465 1776 1491 Pater
1789 1470 1801 1491 τ

174 1520 223 1539 nee
241 1514 313 1540 enirn
337 1513 456 1546 aliunde,
475 1521 524 1541 nec
538 1521 552 1540 a
565 1521 593 1541 se
608 1513 665 1548 ipso
685 1521 746 1540 esse
771 1514 860 1540 habet.
878 1512 961 1540 Filius
981 1519 1083 1547 autem,
1099 1513 1233 1548 siquidem
1257 1513 1362 1541 Patrem
1388 1517 1417 1540 ut.
1442 1519 1551 1540 causam
1575 1511 1705 1546 accipias,
1740 1517 1789 1538 ne-

173 1567 308 1596 quaquam
330 1561 462 1596 priucipio
482 1565 577 1594 caret;
605 1561 767 1596 principium
789 1561 861 1588 enim
890 1561 950 1588 Filii
987 1561 1067 1589 l’ater
1085 1565 1149 1595 est,

1191 1565 1221 1589 ut
1245 1568 1344 1594 causa;
1363 1560 1406 1587 sin
1432 1560 1465 1589 de
1494 1564 1615 1594 tempore
1638 1556 1800 1593 principium

175 1607 353 1640 intellexeris,
378 1607 506 1642 principii
536 1614 645 1643 quoque
671 1607 760 1635 omnis
787 1612 829 1634 est
855 1615 962 1642 expers.
983 1607 1075 1643 Neque
1106 1608 1178 1635 enim
1211 1611 1362 1642 temporum
1379 1605 1507 1633 Dominus
1531 1604 1646 1639 tempori
1664 1603 1807 1640 subjectus

210 1701 250 1727 H’.
267 1700 299 1727 El
314 1700 353 1732 δὲ,
369 1700 410 1727 ὅτι
428 1700 462 1727 τὰ
484 1701 598 1736 σώματα
616 1700 669 1728 ὑπὸ
690 1700 795 1737 χρόνον,
817 1700 862 1728 διὰ
885 1701 962 1728 τοῦτο

1052 1698 1118 1726 Vill.
1133 1698 1210 1731 Quod
1224 1697 1258 1730 si,
1274 1697 1337 1732 quia
1361 1702 1475 1730 corpora
1505 1693 1621 1728 tempori
1649 1692 1799 1728 subiacent,

175 1744 302 1777 ἀξιώσεις
321 1745 426 1772 κεῖσθαι
445 1745 492 1772 καὶ
508 1745 553 1772 τὸν
575 1745 638 1772 Υἱὸν
657 1745 710 1772 ὑπὸ
729 1746 835 1781 χρόνον,
851 1745 964 1782 περιθή-

176 1799 233 1823 oet;
249 1792 296 1818 καὶ
318 1791 398 1827 σῶμα
419 1791 458 1826 τῷ
473 1791 637 1827 ιἁονωμάειιῳο
660 1792 709 1818 καὶ
730 1793 755 1818 εἰ
776 1793 817 1819 ὅτι
841 1791 877 1819 τὰ
899 1792 963 1828 παρ’

176 1837 242 1872 ἡμῖν
258 1836 432 1872 γεννώμενα,
448 1837 498 1864 οὐκ
509 1837 575 1864 ὄντα
591 1837 667 1869 ποτὲ,
686 1835 745 1864 εἶτα
763 1838 902 1873 γινόμενα,
919 1837 963 1865 διὰ

175 1883 255 1910 τοῦτο
269 1882 315 1909 καὶ
331 1882 377 1909 τὸν
394 1883 458 1909 Υιὸν
474 1883 640 1918 ἀναγκάσεις
660 1883 689 1917 ἐξ
705 1884 755 1910 οὐκ
771 1884 854 1910 ὅντων
873 1884 914 1916 εἰς
933 1883 963 1910 τὸ

177 1927 246 1956 εἶναι
267 1928 492 1964 παρεληλυθέναι,
510 1929 666 1964 συγκρίνεις
681 1929 736 1963 (89)
751 1929 785 1956 τὰ
799 1928 962 1965 ἀσύγκριτα,

177 1975 244 2002 Θεὸν
261 1975 307 2002 καὶ
319 1975 472 2011 ἄνθρωπον,
494 1975 573 2010 σῶμα
589 1976 635 2002 καὶ
647 1975 678 2002 τὸ
692 1974 836 2010 ἀσώματον
846 1983 853 1991 ·
867 1975 964 2002 οὐκοῦν

178 2022 226 2048 καὶ
242 2021 365 2048 πείσεται
379 2021 426 2048 καὶ
439 2020 595 2055 λυθήσεται,
612 2021 652 2048 ὅτι
668 2021 714 2048 καὶ
732 2020 766 2047 τὰ
780 2021 902 2057 ἡμέτερα
914 2020 966 2048 σώ-

179 2075 263 2102 ματα.
281 2067 317 2094 Σὺ
335 2067 384 2102 μὲν
401 2064 447 2093 οὖν
464 2067 550 2099 ἀξιοῖς
568 2066 612 2093 διὰ
633 2065 712 2094 τοῦτο
730 2065 802 2093 οὓτω
820 2065 964 2101 γεννᾶσθαι

177 2112 256 2145 Θεὸν,
272 2113 339 2140 διότι
355 2112 390 2140 τὰ
404 2112 527 2148 σώματα·
543 2112 598 2147 ἐγὼ
613 2112 641 2139 δὲ
657 2111 702 2139 διὰ
714 2112 792 2139 τοῦτο
806 2112 855 2148 οὐχ
867 2111 963 2145 οὕτως,

214 2169 236 2186 ³⁷
251 2169 333 2198 llebr.
349 2178 369 2204 ι,
382 2169 410 2197 2.
449 2170 472 2186 ³⁸
490 2170 568 2198 llom.
592 2177 620 2204 x,
636 2169 680 2197 l2.

1017 1745 1120 1772 idcirco
1149 1744 1248 1771 Filium
1278 1750 1386 1777 quoque
1412 1740 1526 1776 tempori
1551 1740 1663 1767 subesse
1686 1743 1800 1772 statuas,

1016 1796 1079 1819 tunc
1097 1790 1134 1818 rei
1156 1791 1323 1824 incorporea:
1339 1795 1438 1823 corpus
1458 1786 1605 1819 attribues;
1624 1790 1650 1813 et
1673 1785 1709 1818 si,
1731 1792 1801 1820 quo-

1016 1837 1088 1864 niam
1105 1844 1135 1864 ea
1155 1843 1214 1872 qum
1228 1835 1298 1870 apud
1319 1842 1369 1862 nos
1397 1835 1553 1869 gignuntur,
1570 1840 1631 1860 cum
1658 1836 1721 1860 ante
1747 1833 1818 1860 nou’

1015 1887 1117 1915 essent,
1137 1887 1230 1917 postea
1253 1886 1312 1908 orta
1329 1884 1403 1913 sunt,
1425 1879 1486 1907 ideo
1500 1879 1597 1906 Filium
1621 1885 1729 1914 quoque
1751 1885 1801 1905 ne-

1015 1929 1134 1957 cessario
1161 1937 1194 1957 ex
1221 1928 1305 1956 nihilo
1336 1928 1362 1955 iu
1399 1934 1488 1954 rerum
1517 1931 1642 1953 naturam
1668 1924 1802 1960 prodiisse

1016 1975 1167 2009 contendis,
1186 1981 1327 2009 comparas
1342 1982 1384 2006 ea,
1398 1981 1458 2009 quae
1484 1972 1714 2007 comparationem
1741 1977 1802 1998 omo

1017 2029 1077 2048 nem
1101 2024 1242 2055 respuunt,
1257 2018 1342 2047 Deum
1360 2026 1455 2053 nempe
1474 2023 1501 2046 et
1523 2017 1671 2050 hominem,
1692 2022 1804 2051 corpus,

1015 2072 1043 2094 et
1058 2066 1083 2093 id
1109 2067 1180 2101 quod
1198 2073 1311 2101 corpore
1328 2069 1414 2093 vacat.
1436 2065 1507 2100 Ergo
1521 2067 1548 2091 et
1562 2064 1691 2099 patietur,
1705 2066 1734 2090 et
1747 2061 1804 2089 dis-

1018 2112 1151 2144 sinlvctur,
1167 2117 1248 2148 atque
1268 2112 1398 2145 interibit,
1420 2111 1644 2148 quemadmodum
1662 2114 1690 2138 et
1710 2113 1804 2137 nostra

216 2239 334 2278 (8|)__Ob
355 2240 604 2278 ovrzromévogr,
637 2240 709 2268 οὐδὲ
746 2239 962 2276 συναλείφομέ-

1017 2239 1134 2278 ἄναρχον
1148 2237 1206 2278 φῷς
1225 2241 1297 2270 sunt,
1314 2236 1425 2278 perinde
1438 2244 1470 2278 ac
1489 2235 1579 2278 Pot-er,
1595 2235 1622 2262 id
1641 2239 1693 2278 est,
1709 2243 1804 2278 cum-

180 2282 251 2301 νων.
269 2275 330 2302 ΙΙ;ιιο
346 2276 442 2302 desunt
457 2276 483 2302 in
501 2276 547 2304 0r.
562 2276 588 2303 L

200 2310 495 2371 );?3%::Evra1mpﬁc.
514 2311 570 2338 Duo
583 2311 680 2347 Regg.,
693 2316 720 2338 et
733 2311 786 2340 duo
803 2309 890 2343 Colb.,
903 2318 966 2338 συν-

181 2353 304 2376 αηιφης.

219 2354 454 2421 ΞὲἒῨξΑνὰρχουτ
471 2390 480 2407 t
495 2380 632 2421 Principii
648 2386 818 2421 expertem!
836 2380 966 2421 Theologl

182 2415 270 2452 Graci
284 2418 350 2444 duas
365 2415 542 2452 proprietates
561 2415 633 2444 Patri
647 2415 777 2448 tribuunt,
794 2417 824 2444 τὺ
836 2415 964 2452 ἄναρχον,

183 2456 211 2478 et
235 2451 266 2477 τὸ
289 2452 447 2488 ἀγέννητον,
473 2451 570 2488 quibus
595 2460 659 2488 eum
683 2459 698 2479 ι
725 2452 793 2479 Filio
816 2456 842 2479 et
865 2451 966 2486 Spiritu

183 2492 277 2514 sancto
292 2486 468 2524 distinguunt.
485 2486 534 2524 llic
541 2486 846 2524 autemjyapxovknmr
853 2488 886 2514 de
902 2491 968 2514 tem-

185 2529 249 2555 pore
264 2521 408 2557 accipiunt,
424 2522 522 2557 alioqui
538 2522 610 2549 enim
630 2521 754 2550 Filiiiset
775 2521 892 2556 Spiritus
906 2529 968 2549 san-

185 2563 254 2589 ctus,
276 2564 329 2584 non
347 2558 435 2584 minus
463 2558 592 2592 ᾶναρχοι,
617 2557 643 2584 id
665 2563 724 2590 est,
751 2557 896 2592 rpriucipii
918 2564 967 2584 ex-

187 2598 295 2625 penest
313 2597 386 2623 sunt,
406 2600 486 2626 quam
504 2593 595 2624 Pater,
619 2593 665 2619 sed
680 2593 713 2620 de
733 2599 824 2619 causa.
838 2593 925 2626 Atque
941 2593 967 2619 in

186 2626 238 2655 hac
261 2627 457 2662 signiﬁcatione
480 2628 533 2655 hoc
552 2627 710 2655 vocabulum
737 2627 786 2655 soli
805 2626 877 2654 Patri
901 2634 968 2654 con-

186 2662 270 2697 yenit,
289 2663 334 2696 qui
351 2670 365 2689 a
391 2662 463 2690 nullo
487 2667 538 2695 est,
553 2669 614 2690 cum
639 2662 724 2690 Filius
744 2668 772 2690 et
791 2662 911 2697 Spiritus
935 2669 969 2689 ex

187 2696 267 2724 Patre
285 2698 349 2729 sint,
372 2702 452 2732 atque
465 2699 497 2726 ad
511 2706 584 2732 eum,
599 2703 728 2733 tanquam
743 2696 910 2733 atticausam,
927 2705 970 2725 re-

189 2733 319 2759 lerantur.
332 2733 382 2760 Per
396 2740 505 2760 causam
521 2738 610 2761 autem
621 2732 708 2761 Graeci
722 2732 788 2760 nihil
801 2732 872 2760 aliud
887 2739 969 2766 quam

190 2767 352 2804 toriainem,
366 2777 380 2804 ε
389 2775 427 2804 ac
448 2769 520 2796 velut
542 2769 667 2796 essentia
682 2767 783 2796 fontem
807 2767 968 2804 intelligunt.

188 2803 226 2830 lla
243 2803 352 2836 exponit
367 2803 468 2833 Dillius.

224 2837 281 2899 (Ἢ
305 2837 409 2879 Ἀϊόἰογ
432 2838 538 2879 φωτός..
553 2837 622 2874 Reg.
639 2838 732 2874 Cypr.,
747 2837 893 2879 ἀγεννήτου
913 2845 971 2878 φφ-

224 2881 243 2899 :.
282 2881 320 2899 :ec
335 2873 414 2899 lectio
427 2878 488 2899 nota
508 2873 613 2899 Videtur
629 2873 802 2899 Cornheﬂsio.
818 2878 851 2899 et
863 2880 970 2899 nronrte

188 2873 243 2905 τός,
257 2873 320 2901 Haec
335 2873 414 2901 lectio
427 2878 488 2907 apta
508 2873 613 2901 videtur
629 2873 802 2904 Cdmhetlsio,
818 2873 851 2900 et
863 2873 970 2907 proprie

188 2908 262 2936 Patri
273 2908 405 2937 convenit.
416 2907 482 2936 Nam
493 2907 576 2938 Filius
583 2914 609 2937 et
620 2907 736 2943 Spiritus
744 2912 863 2939 sanctus.
874 2907 969 2937 ἀΐδιον.

1018 2271 1160 2315 ινξιεὶῇιιηί
1175 2273 1276 2301 lumen.
1289 2282 1299 2299 ι
1316 2271 1398 2301 υηυει
1421 2276 1511 2300 autem
1533 2271 1614 2299 Pater
1637 2277 1679 2300 est
1703 2280 1713 2298 ι
1728 2271 1804 2307 inse-

1015 2315 1343 2380 ¹¹Ιιἐξ),Πρεσϐύτερος.
1365 2341 1431 2375 Rea.
1459 2341 1522 2376 bm,
1547 2341 1630 2374 Bas.,
1656 2341 1804 2379 πρεσῦΰτε-

1017 2388 1108 2451 rfull-86)
1127 2414 1251 2450 Πρώτως
1271 2413 1311 2442 ἂν
1323 2413 1380 2448 εἴη.
1399 2412 1443 2451 S_i_c
1459 2413 1526 2451 Reg.
1543 2411 1598 2451 bin,
1615 2411 1663 2451 0r.
1684 2411 1712 2443 1.
1727 2413 1804 2451 P_ar..

1017 2447 1123 2484 Comm,
1139 2447 1204 2481 eic.,
1223 2447 1373 2484 «primum.
1387 2457 1396 2475 ι
1414 2447 1541 2476 Νοιιάοεο
1565 2448 1591 2475 iu
1612 2449 1655 2475 ed.
1667 2467 1675 2480 ,
1697 2447 1804 2483 πρῶτος

1017 2486 1051 2514 ἂν
1106 2485 1211 2522 Billitrs,
1231 2482 1364 2522 (primus.
1378 2493 1388 2510 ι

1054 2516 1109 2556 (ἔτ)
1130 2516 1209 2548 οἱ)δέ
1223 2516 1290 2554 πὰρ’
1311 2518 1430 2556 ἑαυτοῦ.
1458 2517 1538 2556 «ﬂeo
1562 2524 1576 2544 θ
1599 2516 1698 2551 seipso.
1714 2526 1724 2544 ι
1750 2522 1804 2545 etc.

1021 2566 1031 2582 ι
1047 2553 1074 2593 Si
1092 2553 1162 2583 enim
1188 2564 1202 2582 a
1218 2553 1318 2590 seipso,
1333 2555 1447 2593 »_inqmt
1463 2553 1547 2584 Elias,
1570 2557 1670 2593 tortus
1691 2557 1773 2585 esset,
1783 2561 1804 2593 ra

1019 2592 1108 2626 seipso
1122 2597 1229 2626 quoque
1238 2590 1358 2626 separari
1373 2594 1480 2626 posset;
1494 2593 1575 2626 atque
1588 2590 1624 2614 ita
1635 2595 1704 2614 unus
1717 2592 1801 2620 esset,

1019 2623 1082 2660 duo,
1097 2623 1210 2661 quorum
1223 2623 1291 2661 alter
1308 2624 1522 2661 praecinuisset,
1532 2623 1604 2661 alter
1619 2627 1712 2657 postea
1727 2627 1806 2650 ortus

1019 2658 1090 2690 esset
1098 2658 1113 2693 ς’
1123 2666 1171 2688 aut
1186 2660 1222 2687 ita
1240 2660 1416 2690 divideretur,
1430 2664 1459 2686 ut
1474 2658 1585 2693 dimidia
1623 2663 1700 2693 parte
1719 2662 1803 2693 esset,

1020 2697 1129 2724 dimidia
1141 2703 1234 2723 rursus
1244 2702 1277 2722 ex
1288 2701 1364 2729 parte
1378 2702 1429 2722 non
1441 2698 1539 2721 esset.)
1549 2692 1632 2729 Cojsl.
1643 2692 1669 2723 1.
1685 2699 1734 2727 pro
1743 2692 1806 2720 οὑδδ

1020 2733 1086 2768 παρ’
1100 2730 1207 2764 ἑαυτοῦ,
1226 2727 1317 2763 habet,
1332 2729 1400 2757 ἀλλὰ
1417 2729 1482 2765 παρ’
1501 2727 1610 2760 ἑαυτοῦ,
1632 2737 1642 2754 ‹
1655 2728 1702 2755 sed
1719 2734 1735 2755 ι
1760 2734 1806 2755 se-

1020 2767 1088 2796 iuso.
1101 2776 1111 2792 »
1126 2771 1178 2794 etc.

1126 2775 1242 2835 iis...
1263 2799 1328 2836 Reg.
1351 2800 1409 2833 om,
1433 2799 1488 2828 duo
1510 2798 1600 2832 συιδ..
1619 2798 1666 2827 0r.
1682 2798 1708 2831 ι.
1731 2797 1809 2832 ηις,

1031 2846 1089 2864 ιτιο
1108 2857 1115 2864 ι

1019 2845 1115 2864 αιτιον.

1056 2872 1112 2909 (89)
1132 2872 1314 2908 Συγκρίνεις.
1335 2871 1400 2908 lies.
1415 2869 1508 2908 Cypr.,
1523 2871 1686 2906 συγκρινιῖς.
