2049 3143
221 166 292 196 1075

823 173 851 202 5.
873 172 1039 202 GREGORII
1060 171 1235 202 TllEOLOGl

1783 178 1852 206 1076

221 231 347 261 carpunt.
364 225 403 253 Τιι
418 227 526 262 quidem
545 229 646 257 idcirco
661 228 744 258 Deum
759 232 795 259 ita
809 232 932 267 generari
949 240 1013 260 cen-

1073 233 1104 259 ἱτι
1118 232 1190 260 οὕτω
1205 234 1239 260 τὰ
1256 234 1381 270 σώματα.
1397 230 1448 261 Ὥν
1463 235 1516 270 γὰρ
1538 235 1567 262 sb
1588 233 1658 262 εἶναι
1678 236 1727 272 οὐχ
1749 237 1852 273 ὅμοιον»

221 280 278 307 ses,
290 274 361 308 quod
374 281 486 310 corpora
499 275 534 302 ita
551 282 714 311 generentur
728 278 824 313 :38]
838 286 887 314 ego
901 285 966 306 vero
979 279 1014 306 ob

222 319 249 346 id
268 327 321 347 non
346 321 382 347 ita
412 321 484 356 gigni
504 321 619 355 allirmo.
645 324 716 358 quod
744 332 775 351 ea
804 325 839 351 sit
869 331 1012 359 corporum

223 366 419 401 gignendorum
450 367 521 395 ratio
553 369 679 402 (quorum
697 370 770 397 enim
794 375 890 397 natura
907 370 1012 396 diversa

223 417 277 443 est,
295 412 390 439 borum
414 413 506 448 dispar
526 421 634 448 quoque
649 416 794 450 generandi
817 416 942 450 modus);
962 415 1013 443 nisi

223 465 285 484 eum
307 459 333 485 in
347 459 474 486 omnibus
493 459 553 488 aliis
569 468 676 495 quoque
691 462 771 489 rebus
793 469 929 497 corporea!
954 469 1013 489 ma-

223 504 299 530 teria:
312 505 418 532 servire
432 505 592 538 contendas,
606 507 657 534 hoc
674 512 727 540 est,
744 512 773 534 nt
799 509 929 543 patiatur,
946 513 972 534 et
987 508 1013 534 in

225 555 344 577 mmrore
362 555 494 583 versettrr,
519 557 547 579 et
565 552 637 580 fame
662 561 694 581 ac
721 554 766 581 siti
787 554 903 587 laboret,
921 561 1016 581 omnes

1063 277 1166 305 τούτων
1185 279 1246 305 οὐδὲ
1270 279 1301 306 τὸ
1325 281 1423 315 γεννᾷν
1452 281 1561 315 ὅμοιον⁹
1584 282 1608 308 εί
1636 282 1674 318 μὴ
1702 291 1749 309 και
1770 283 1854 311 τᾶλλα

1065 323 1195 360 δουλεύσῃ
1210 323 1265 359 (90)
1287 326 1346 357 ταῖς
1366 325 1453 357 ὕλαις,
1469 323 1524 352 οἷον
1543 326 1666 362 πάσχων,
1690 328 1736 354 καὶ
1754 328 1854 355 λυπού-

1068 378 1158 404 μενος,
1175 371 1222 397 καὶ
1238 371 1348 403 πεινῶν,
1367 372 1414 398 καὶ
1429 372 1513 407 διψῶν
1525 393 1533 405 ,
1553 374 1600 399 καὶ
1613 374 1662 400 ὅσα
1683 374 1699 409 ἢ
1718 374 1854 410 σώματος,

1067 416 1083 451 ἢ
1099 415 1145 442 τοῦ
1164 417 1368 452 συναμφοτέρου
1387 417 1471 451 πάθη.
1495 418 1575 445 Ἀλλὰ
1589 419 1675 446 ταῦτα
1689 420 1718 445 οὺ
1737 420 1855 455 παραδέ-

1068 462 1145 497 χεται
1160 471 1206 489 σου
1221 465 1235 490 ὁ
1249 464 1310 496 νοῦς
1320 473 1327 480 ο
1345 465 1409 500 περὶ
1425 464 1493 492 Θεοῦ
1508 465 1562 501 γὰρ
1575 466 1589 491 ὸ
1603 465 1690 500 λόγος.
1706 467 1751 502 Μὴ
1765 467 1856 494 τοίνυν

1070 508 1137 543 μηδὲ
1160 508 1209 544 τὴν
1231 510 1358 546 γέννησιν
1377 510 1479 544 ἄλλως,
1498 512 1514 546 ἢ
1545 511 1584 543 ὡς
1612 512 1706 548 οεῖκὴν
1737 513 1854 549 παραδέ-

1068 562 1128 588 χου.

225 597 342 632 denique
360 606 408 626 eas
433 598 602 632 affectiones.
619 601 727 634 quibus,
748 601 789 629 vel
812 602 956 637 corporis,
982 601 1023 628 vel
1054 601 1220 635 conjunctim
1245 602 1386 637 utriusque
1413 602 1497 637 partis
1523 608 1620 630 natura
1651 604 1769 636 subjecta
1796 609 1849 637 est,

226 644 391 677 experiatur.
406 645 467 673 litec
491 647 563 673 enim
593 655 657 674 vero
679 656 757 675 mens
781 654 824 675 tua
844 656 896 676 non
916 647 1044 675 admittit.
1069 647 1106 674 De
1141 648 1194 675 Deo
1225 649 1324 683 quippe
1357 657 1446 677 sermo
1463 655 1515 677 est.
1546 650 1584 678 Ne
1600 657 1627 678 tu
1645 651 1725 686 igitur
1742 660 1854 687 genera-

227 689 327 716 tionem
345 690 423 717 aliter
436 699 515 726 quam
531 697 560 719 ut
575 693 694 720 divinam
709 693 832 722 admitte.

261 737 306 765 IX.
319 737 417 766 Verum
431 740 452 767 si
467 746 610 775 generatus
621 746 671 770 est.
681 743 782 777 inquis,
792 743 928 778 quomodo
937 750 1018 778 gene-

226 788 302 812 ratus
309 785 362 812 est?
371 784 512 820 Responde
524 792 550 813 tn
563 795 669 823 quoque
681 789 758 820 mihi,
767 796 784 816 ο
797 794 874 816 acute
883 795 907 816 et
917 789 1018 816 invicte

225 831 356 865 sophista.
366 831 395 858 Si
404 837 511 860 creatus
517 833 709 867 est,quomodo
721 838 827 861 creatus
838 834 939 861 estlAe
945 839 1017 869 post-

227 884 258 905 ea
275 884 308 904 ex
331 885 374 904 me
395 878 842 914 sciscitare,quomodogeneratus
851 880 906 907 sit?
922 879 1016 908 Passio

227 927 278 955 est,
292 923 409 958 inquies.
420 925 492 950 circa
506 925 725 959 generationem?
737 925 815 953 Estet
828 925 917 960 passio
924 926 1016 959 etiam,

227 969 337 1003 inquam
353 977 414 1004 ego.
435 969 506 996 circa
527 970 705 997 creationem.
722 970 773 1004 (An
795 979 847 998 non
866 971 937 998 enim
955 979 1018 1006 pas-

228 1015 316 1043 sionis
331 1016 461 1042 rationem
477 1016 560 1043 habet
586 1016 754 1049 informatio,
774 1022 802 1045 et
821 1024 897 1050 cura,
913 1022 941 1045 et
962 1018 1019 1051 ejus

227 1062 280 1094 rei,
295 1070 355 1097 qua:
372 1066 426 1089 tota
441 1062 522 1089 simul
543 1070 575 1090 ac
587 1069 697 1097 repente
712 1064 829 1098 cogitata
845 1068 895 1097 est,
915 1065 941 1091 in
958 1072 1020 1099 par-

229 1116 271 1139 tes
288 1108 441 1142 extensio?)
452 1109 581 1144 Tempus,
600 1110 696 1142 addes,
708 1110 781 1137 circa
797 1111 1020 1145 generationem?

229 1153 260 1180 In
283 1158 403 1189 tempore
418 1155 499 1182 etiam
515 1161 578 1182 sunt
596 1163 658 1190 quae
676 1162 815 1184 creantur.
842 1156 931 1184 Locus
947 1156 1020 1184 illic?

230 1200 280 1228 lite
303 1209 410 1235 quoque
439 1200 526 1229 lorus.
547 1201 608 1236 Spei
642 1202 783 1230 frustratio
803 1202 876 1230 circa
902 1209 1020 1237 genera-

231 1247 350 1274 tionem?
363 1247 470 1275 Creatio
485 1255 592 1282 quoque
605 1248 740 1275 interdum
762 1256 838 1283 spem
864 1248 1018 1275 frustratur.

231 1292 295 1320 Haec
320 1301 335 1320 a
365 1293 443 1321 vobis
469 1293 666 1321 disserentihus
695 1294 803 1328 audivi;
829 1294 931 1321 etenim
961 1302 1022 1329 qua:

232 1347 309 1367 mens
321 1339 476 1372 delineavit,
492 1347 524 1367 ea
539 1340 699 1374 plerumque
713 1347 810 1367 manus
823 1340 955 1375 perﬁcere
968 1348 1021 1367 non

232 1386 329 1421 potuit.
349 1386 385 1412 At
402 1385 497 1413 dices:
514 1385 598 1413 verbo
617 1391 643 1414 et
657 1386 795 1413 voluntate
812 1386 903 1413 omnia
928 1386 1023 1413 condi-

231 1432 272 1458 tlit
288 1441 294 1458 :
311 1430 371 1465 Ipse
383 1431 455 1459 enim
473 1431 551 1463 dixit,
573 1437 599 1458 ει
622 1432 694 1465 facta
708 1435 770 1458 sunt
785 1439 794 1457 :
811 1431 866 1466 ipse
878 1431 1020 1463 mandavil,

232 1481 256 1503 et
271 1481 359 1503 creata
374 1480 435 1504 sunt
450 1477 484 1504 ”.
499 1476 592 1511 Atqui,
606 1485 667 1504 cum
682 1476 722 1504 ais
745 1477 836 1504 omnia
867 1477 913 1504 Dei
939 1475 1023 1504 verbo

234 1527 327 1549 creata
353 1522 454 1554 fuisse,
477 1531 531 1550 non
557 1524 702 1551 humanam
728 1523 832 1551 scilicet
857 1523 1021 1551 creationem

1106 745 1144 772 9’.
1166 746 1235 773 ’Δλλ“
1251 747 1274 774 εί
1294 756 1466 783 γεγεννηται,
1483 749 1541 780 πῶς
1554 747 1732 783 γεγέννηται,
1757 749 1857 784 (snsi-1;

1077 791 1237 827 ’Δπόκριναξ
1260 802 1315 828 μοι,
1337 790 1360 820 ὦ
1381 793 1532 820 διαλεκτικὲ
1555 794 1587 820 σὺ
1612 793 1659 820 καὶ
1678 794 1792 828 ἆςξυκτε.
1826 793 1858 820 Εἰ

1070 837 1202 869 ἔκτισται,
1220 839 1279 870 πῶς
1294 839 1432 871 ἕκτισταις
1448 839 1521 875 κάμὲ
1542 839 1652 867 ἀπαίτει
1671 839 1712 870 τὺ,
1733 840 1794 871 Πῶς
1813 848 1860 874 γε-

1070 883 1215 919 “few-qut;
1231 884 1319 916 Πάϐος
1334 885 1389 920 (91)
1406 886 1470 921 περὶ
1485 885 1536 920 τὴν
1549 885 1691 922 γέννησιν;
1709 885 1796 918 Πάθος
1812 885 1860 912 καὶ

1070 929 1134 964 περὶ
1148 929 1196 964 τὴν
1212 930 1316 956 κτίσιν·
1335 929 1351 965 ἢ
1368 930 1422 965 γὰρ
1434 931 1464 957 οὺ
1483 930 1569 962 πάθος
1583 932 1599 966 ἡ
1614 931 1795 963 ὰνατὺπωσις,
1812 931 1860 958 καὶ

1069 975 1086 1010 ἡ
1109 975 1229 1010 φροντὶς,
1250 975 1296 1001 καὶ
1310 976 1326 1011 ἡ
1340 975 1386 1001 τοῦ
1401 975 1543 1011 νοηθέντος
1560 976 1664 1011 ἀθρόως
1684 977 1723 1008 εἰς
1739 976 1768 1003 τὸ
1790 976 1860 1003 κατὰ

1071 1021 1155 1056 μέρος
1181 1020 1351 1054 ὲξάπλωσις;
1377 1021 1479 1057 Χρόνος
1501 1023 1566 1057 περ).
1582 1022 1631 1057 τὴν
1652 1022 1795 1057 γέννησιν;
1816 1022 1861 1049 Ἐν

1070 1064 1157 1100 χρόνῳ
1183 1064 1229 1090 καὶ
1254 1064 1289 1090 τὰ
1314 1065 1470 1100 κτιζόμενα.
1497 1066 1585 1098 Τόπος
1613 1066 1743 1099 Evn-30a;
1773 1066 1861 1098 Τόπος

1070 1110 1138 1136 ἐκεῖ.
1164 1110 1312 1145 ’Λποτυχία
1329 1110 1393 1146 περὶ
1411 1111 1460 1146 τὴν
1479 1111 1622 1146 γέννησινς
1643 1112 1789 1147 Ἀποτυχία
1815 1112 1862 1138 κιὶ

1071 1156 1134 1192 περὶ
1148 1156 1197 1191 τὴν
1211 1156 1309 1183 κτίσιν.
1323 1156 1417 1184 Ταῦτα
1431 1157 1534 1191 ἤκουσα
1548 1157 1760 1192 φιλοσοῳούντων
1773 1157 1860 1193 ὑμῶν·

1070 1201 1088 1228 ἃ
1107 1202 1160 1238 γὰρ
1176 1203 1189 1228 ὁ
1205 1201 1268 1232 νοῦς
1287 1201 1440 1237 ὑπέγραψε,
1457 1202 1588 1234 πολλάκις
1604 1203 1689 1230 ταῦτα
1704 1204 1720 1238 ὴ
1736 1204 1796 1239 χεὶρ
1811 1203 1862 1229 οὐκ

1071 1248 1204 1275 ἐτέλεσεν.
1235 1248 1317 1275 Ἀλλὰ
1335 1248 1418 1284 λόγῳ,
1440 1250 1517 1284 φησὶ,
1534 1249 1564 1275 τὸ
1581 1250 1634 1276 πᾶν
1654 1249 1792 1284 ὑπέστησε
1815 1251 1862 1275 καὶ

1073 1293 1233 1330 βουλήματι.
1245 1293 1341 1327 Αὐτὸς
1355 1295 1410 1329 γὰρ
1426 1292 1501 1326 εἷπε,
1517 1294 1567 1321 καὶ
1584 1294 1774 1329 ἐγενήθησαν
1793 1294 1859 1327 (92)·

1071 1341 1163 1373 αὐτὸς
1191 1340 1370 1371 ἐνετείλατο,
1398 1340 1446 1367 καὶ
1469 1340 1664 1374 ἐκτίσθησαν.
1680 1341 1764 1368 Ὅταν
1783 1341 1862 1377 εἴπῃς

1072 1386 1111 1422 τῷ
1123 1386 1194 1422 λόγῳ
1205 1386 1252 1413 τοῦ
1265 1385 1332 1413 Θεοῦ
1348 1386 1383 1413 τὰ
1396 1386 1484 1413 πάντα
1500 1387 1634 1419 ἐκτίσθαι,
1652 1387 1682 1414 οὺ
1695 1387 1744 1423 τὴν
1759 1387 1864 1422 ἀνορω-

1073 1431 1155 1467 πίνην
1173 1431 1260 1458 κτίσιν
1279 1431 1414 1465 εἰσάγεις’
1428 1431 1514 1464 οὐδεὶς
1531 1431 1585 1467 γάρ
1600 1432 1677 1468 ἡμῶν
1690 1433 1762 1468 λόγῳ
1777 1433 1864 1468 πράτ-

1074 1484 1115 1502 τει
1128 1474 1162 1502 τὰ
1179 1475 1321 1510 γινόμενα.
1338 1475 1421 1502 Οὐδὲν
1434 1475 1488 1510 γὰρ
1501 1475 1534 1501 ἂν
1548 1472 1581 1511 ἦν
1596 1475 1760 1511 ὑψηλότερον
1774 1475 1863 1510 ἡμῶν,

1074 1522 1134 1548 οὐδὲ
1152 1521 1340 1556 ἀπονώτερον,
1361 1522 1385 1548 εἰ
1408 1521 1437 1548 τὸ
1460 1521 1548 1556 λέγειν
1570 1521 1651 1556 ἔργου
1669 1521 1864 1557 συμπλήρωσις

235 1568 359 1601 inducis;
390 1576 440 1596 nec
463 1569 534 1595 enim
556 1569 699 1603 quisquam
729 1573 871 1602 nostrum,
897 1576 942 1601 ea,
964 1575 1023 1603 quae

1073 1566 1107 1604 ἦν
1122 1576 1128 1582 ·
1149 1567 1220 1594 ὥστε
1248 1567 1272 1593 εἰ
1299 1566 1345 1593 καὶ
1363 1566 1434 1602 λόγῳ
1456 1566 1543 1599 κτίζει
1567 1566 1633 1598 Θεὸς
1654 1567 1687 1593 τὰ
1708 1565 1864 1601 κτιζόμενα,

234 1615 312 1646 liunt,
331 1613 415 1641 verbo
443 1613 536 1641 eﬁlcit.
561 1613 634 1641 Nihil
655 1613 754 1649 quippe
780 1613 858 1641 nobis
882 1613 1023 1640 sublimius

234 1669 267 1688 ac
295 1660 469 1695 przestantius
493 1663 589 1692 esset,
624 1659 768 1695 tninusque
795 1659 977 1691 laboriosum,
1001 1659 1024 1687 si

235 1714 362 1734 sermone
374 1707 432 1734 solo
451 1706 552 1741 aliquid
571 1705 706 1734 conficere
723 1712 874 1740 possemus.
888 1704 1024 1738 Quamob-

236 1761 305 1786 rem,
328 1753 378 1780 ctsi
409 1752 490 1785 Deus,
511 1760 556 1784 ea,
577 1759 637 1786 qua:
660 1756 806 1784 creantur,
829 1751 912 1778 verbo
937 1755 1024 1784 creat,

235 1803 290 1824 non
312 1800 402 1823 tamen
424 1795 540 1823 humana
567 1800 609 1823 est
637 1795 696 1830 ejus
724 1795 835 1822 creandi
866 1795 946 1823 ratio.
973 1796 1026 1822 Ant

214 1842 310 1870 ‘enim
341 1842 478 1869 hominem
498 1849 607 1877 quoque
630 1849 757 1870 sermone
782 1841 882 1876 aliquid
908 1840 1026 1869 efﬁcien-

238 1892 292 1915 tem
308 1887 422 1915 ostende
440 1897 449 1914 :
464 1892 510 1915 aut
526 1888 590 1915 mihi
607 1888 725 1916 concede
738 1889 820 1915 Deum
841 1896 893 1915 non
909 1888 1026 1914 humano

237 1940 313 1960 more
333 1940 438 1961 creare.
455 1933 532 1967 Quod
549 1933 571 1960 si
587 1941 667 1961 secus
680 1933 832 1965 existimas,
846 1940 907 1968 age,
929 1932 1027 1960 volun-

230 1984 294 2011 .tate
320 1979 458 2007 civitatem
479 1980 612 2012 describe,
640 1985 668 2007 et
692 1979 785 2006 statim
808 1979 905 2007 civitas
929 1986 1028 2013 reprae-

238 2031 370 2055 sentetur.
390 2025 459 2061 Opta
478 2025 523 2052 tibi
549 2026 633 2052 filium
659 2026 755 2056 nasci,
778 2030 805 2053 et
831 2024 954 2060 protinus
980 2024 1026 2051 tibi

238 2080 308 2108 puer
324 2072 447 2100 exsistat.
478 2072 552 2099 Velis
573 2071 644 2098 aliud
665 2071 804 2106 quidpiam
832 2078 936 2101 eorum,
969 2077 1029 2105 quae

239 2117 366 2144 manibus
384 2116 546 2150 efﬁciuntur,
568 2121 595 2144 et
614 2116 755 2143 co‘nfe'stim
771 2115 895 2143 voluntas
921 2117 946 2142 in
962 2123 1029 2150 opus

239 2166 362 2200 prodeat.
380 2164 457 2198 Quod
476 2164 498 2191 si
517 2163 626 2198 quidem
654 2162 721 2190 nihil
739 2163 835 2190 horum
861 2162 1028 2190 voluntatem

240 2214 361 2237 nostram
393 2213 534 2243 sequatur,
562 2209 608 2235 Dei
635 2215 700 2236 vero
728 2207 852 2234 voluntas
878 2207 950 2235 actio
975 2207 1028 2241 sit;

1074 1614 1124 1640 οὐκ
1141 1613 1311 1648 ἀνθρώπινον
1326 1611 1401 1647 αὺτῷ
1415 1611 1446 1638 τὸ
1460 1612 1562 1644 κτίζειν
1578 1612 1650 1647 (93).»
1660 1613 1698 1638 Ἥ
1709 1611 1764 1647 γὰρ
1779 1611 1865 1644 δεῖξον

1075 1660 1122 1687 καὶ
1141 1659 1284 1695 ἄνθρωπον
1300 1659 1372 1694 λόγῳ
1392 1668 1418 1685 τι
1434 1658 1604 1694 πράττοντα·
1623 1658 1639 1693 ἢ
1661 1657 1744 1692 δέξαι,
1761 1658 1802 1685 ὃτι
1815 1657 1866 1693 οὐχ

1074 1705 1113 1737 ὡς
1132 1704 1276 1739 ἄνθρωπος
1294 1705 1381 1737 κτίζει
1398 1704 1476 1736 Θεός.
1501 1704 1578 1730 Ἐπεὶ
1597 1703 1745 1739 διάγραψον
1769 1703 1866 1738 βουλή-

1077 1759 1143 1786 ματι
1160 1751 1248 1782 πόλιν,
1264 1751 1311 1777 κα).
1327 1751 1495 1786 παραστήτω
1511 1750 1566 1785 (94)
1583 1749 1660 1781 πόλις
1670 1757 1677 1764 ·
1693 1749 1804 1781 θέλησον
1817 1758 1866 1784 γε-

1075 1794 1170 1821 νέσθαι
1186 1803 1226 1821 σοι
1245 1794 1300 1830 (95)
1319 1794 1388 1827 υἱὸν,
1407 1795 1454 1822 κα).
1470 1795 1644 1831 παραστήτωτ
1655 1796 1719 1826 παῖς
1730 1802 1736 1810 ·
1754 1794 1866 1830 θέλησον

1076 1841 1140 1869 ἄλλο
1159 1850 1186 1868 τι
1204 1840 1257 1868 τῶν
1272 1841 1481 1877 πραττομένων.
1501 1841 1549 1868 κα).
1564 1841 1603 1873 εἰς
1617 1841 1696 1877 ἔργον
1710 1842 1726 1876 ἡ
1740 1840 1867 1876 βούλησις

1077 1887 1239 1923 χωρησάτω.
1260 1887 1291 1914 El
1308 1887 1336 1914 δὲ
1347 1887 1449 1915 τούτων
1459 1887 1535 1914 οὐδὲν
1547 1887 1644 1914 ’ἐπε-ται
1660 1887 1698 1922 τῷ
1713 1886 1866 1922 βούλεσθαι,

1077 1933 1145 1960 Θεοῦ
1166 1933 1195 1960 δὲ
1208 1933 1238 1960 τὸ
1259 1933 1401 1968 βούλεσθαι
1415 1933 1516 1969 πρᾶξίς
1534 1934 1610 1960 ἐστιν
1622 1953 1629 1965 ,
1645 1933 1732 1964 ἄλλως
1748 1932 1798 1968 μὲν
1818 1932 1866 1959 ἆν-

1079 1980 1189 2016 θρωπος
1212 1979 1309 2012 κτίζει,
1326 1979 1414 2011 ἄλλως
1435 1980 1464 2006 δὲ
1487 1980 1502 2007 ὁ
1526 1980 1634 2006 πάντων
1655 1979 1767 2013 κτίστης
1789 1978 1865 2009 Θεός.

1079 2025 1141 2058 Πῶς
1162 2024 1208 2053 οὖν
1235 2026 1322 2059 κτίζει
1349 2027 1398 2062 μὲν
1422 2027 1472 2053 οὑκ
1498 2024 1689 2062 ἀνθρωπικῶς,
1717 2023 1867 2060 γεννᾷν,δὲ

1079 2071 1264 2106 ἀναγκάζεται
1283 2072 1483 2108 ἁνῦρωπικῶς;
1508 2072 1544 2098 Σὺ
1569 2071 1618 2105 μὲν
1637 2070 1687 2097 οὐκ
1709 2070 1757 2102 ὢν,
1772 2069 1868 2096 ἔπειτα.

1080 2118 1184 2152 ἐγένου,
1202 2115 1262 2145 εἶτα
1277 2119 1374 2153 γεννᾷς
1384 2126 1390 2133 '
1408 2118 1452 2144 διὰ
1463 2117 1542 2144 τοῦτο
1559 2117 1608 2144 οὐκ
1622 2117 1686 2144 ὂντα
1699 2116 1739 2148 είς
1751 2116 1781 2144 τὸ
1799 2113 1868 2158 εἶναι

1081 2165 1226 2200 παράγεις.
1244 2165 1290 2195 Ἢ,
1306 2164 1349 2191 ἵνα
1363 2173 1389 2190 τι
1403 2164 1550 2199 βαθύτερον
1563 2163 1641 2196 εἴπω,
1655 2163 1726 2198 τάχα
1740 2162 1800 2189 οὐδὲ
1814 2162 1867 2197 (96)

1081 2210 1162 2242 αὐτὸς
1174 2210 1202 2244 ἐξ
1213 2211 1263 2237 οὐκ
1271 2210 1355 2237 ὄντων
1367 2210 1500 2246 παρά-(εις
1509 2217 1516 2224 ‘
1529 2209 1589 2236 ἐπεὶ
1599 2209 1646 2236 καὶ
1661 2210 1675 2235 ὁ
1688 2209 1761 2240 Λευϊ,
1775 2209 1867 2244 φησὶν,

239 2257 414 2292 perspicuum
442 2255 536 2289 utique
555 2258 605 2286 est,
623 2254 676 2281 alio
703 2253 811 2288 quidem
841 2253 920 2281 modo
941 2253 1023 2281 homi-

1082 2256 1121 2283 ἔτι
1136 2257 1165 2282 ὲν
1179 2258 1211 2293 τῇ
1228 2257 1308 2291 ὀσφύϊ
1322 2256 1377 2292 (97)
1391 2255 1438 2282 τοῦ
1451 2255 1552 2290 πατρὸς
1566 2252 1610 2290 ἦν,
1627 2254 1691 2289 πρὶν
1705 2255 1745 2285 εἰς
1756 2254 1786 2279 τὸ
1800 2250 1869 2278 εἶναι

241 2311 304 2331 nem
333 2310 437 2334 creare,
465 2301 519 2328 alio
543 2305 632 2327 autem
662 2307 752 2327 rerum
777 2300 898 2327 omnium
925 2305 1033 2328 creato-

242 2356 300 2376 rem
320 2347 415 2374 Deum.
431 2347 496 2380 Quae
526 2346 608 2380 igitur
637 2350 678 2373 est
694 2345 752 2373 hmc
781 2346 852 2373 ratio
868 2366 875 2378 ,
901 2349 932 2372 ut
972 2353 1033 2373 cum

243 2395 317 2422 Deus
331 2393 386 2420 alio
399 2401 478 2428 quam
501 2393 620 2419 humano
645 2399 722 2418 more
753 2393 887 2426 procreet,
915 2392 1034 2419 lntmano

243 2447 336 2468 tamen
363 2447 438 2467 more
464 2439 575 2474 gignere
598 2439 729 2473 cogatur?
754 2438 793 2465 Tu
824 2439 943 2473 quidem,
972 2445 1034 2465 eum

242 2488 320 2524 prius
335 2494 388 2514 non
412 2493 498 2518 esses,
518 2485 615 2513 deinde
641 2485 729 2512 factus
759 2493 800 2517 es,
826 2489 919 2519 postea
952 2485 1034 2521 382

279 2543 303 2558 "
321 2542 392 2570 Psai.
413 2548 523 2574 cuvm,
540 2541 566 2568 5.

279 2609 334 2645 (90)
357 2609 457 2636 Τᾶλλα
469 2609 635 2645 δουλεύσῃ.
652 2609 718 2645 Reg.
734 2609 790 2642 bm,
805 2612 862 2636 tres
879 2608 967 2641 Colb..
983 2608 1031 2639 0r.

244 2645 258 2673 1
265 2667 271 2679 ,
285 2643 329 2672 τά
338 2644 407 2672 ἄλλα
424 2643 574 2672 δουλεύσει.

281 2681 336 2716 (9i)
356 2679 464 2716 mulae.
484 2689 493 2705 ι
509 2679 611 2716 ξξιεείο.
625 2689 635 2706 ι
651 2679 678 2716 In
691 2686 774 2716 sensu
806 2679 1031 2716 scholasticorum

245 2714 426 2756 ha_nc.'vocem
452 2714 637 2750 intelligimus.
661 2714 793 2743 All'ectum
817 2714 960 2748 quemdam
983 2721 1032 2741 ex-

245 2750 347 2820 ?ﬂgé)
366 2785 580 2820 Ἐγενήθησαν.
593 2784 639 2812 Sic
657 2785 712 2812 duo
736 2784 820 2819 [ἔθεε.
836 2788 860 2820 et
883 2783 930 2812 Or.
943 2785 976 2820 Vl.
996 2784 1034 2810 Ita

247 2819 400 2855 legendum.
416 2821 479 2848 licet
497 2820 618 2855 plerique
638 2820 747 2848 codices
770 2825 798 2848 et
820 2819 884 2847 editi
906 2819 1034 2850 habeant,

247 2854 442 2890 ἐγεννήθησανζ
671 2889 690 2890 η
876 2889 881 2890 γ
929 2889 933 2890 ν
961 2889 989 2890 η
1020 2889 1034 2890 7

284 2889 342 2926 (95)
361 2889 446 2922 Αὐτῷ
470 2889 503 2917 τὸ
527 2890 643 2922 κτίζειν.
670 2889 734 2919 Haec
760 2890 855 2919 desunt
875 2889 901 2918 in
920 2889 1002 2918 Coisl.
1019 2889 1036 2916 5

1084 2303 1236 2339 παρελθεῖν.
1255 2303 1309 2330 Καὶ
1322 2303 1416 2338 μηδεὶς
1431 2300 1608 2337 ἐπηρεάζετο)
1621 2300 1659 2336 τῷ
1672 2299 1753 2335 λόγῳ.
1767 2299 1804 2326 Οὐ
1815 2299 1870 2334 γὰρ

1082 2349 1168 2381 οὓτως
1185 2351 1216 2376 ὲκ
1231 2349 1277 2376 τοῦ
1294 2349 1400 2384 Πατρός
1412 2356 1483 2383 φημι
1498 2348 1544 2373 τὸν
1556 2346 1620 2373 Υἱὸν
1635 2347 1777 2382 ὑπάρχειν,
1789 2345 1827 2377 ὡς
1841 2345 1870 2371 ὲν

1083 2396 1122 2431 τῷ
1133 2397 1220 2432 Harp).
1233 2397 1365 2431 πρότερον
1383 2395 1458 2425 ὄντα,
1482 2393 1550 2429 μετὰ
1566 2393 1595 2419 δὲ
1610 2392 1688 2419 τοῦτο
1703 2393 1742 2424 εἰς
1755 2391 1785 2418 τὸ
1800 2388 1870 2417 εἶναι

1083 2442 1246 2468 ὁδεύσαντα·
1268 2441 1327 2468 οὐδὲ
1343 2441 1398 2476 γὰρ
1412 2439 1495 2474 ἀτελῆ
1512 2439 1654 2475 πρότερον,
1676 2435 1736 2464 εἶτα.
1749 2437 1869 2468 τέλειον,

1083 2488 1177 2523 ὥσπερ
1197 2487 1278 2521 νόμος
1294 2487 1342 2522 τῆς
1359 2485 1497 2521 ἡμετέρας
1519 2485 1672 2520 γεννήσεως
1691 2483 1757 2519 (98).

1086 2612 1112 2634 et
1123 2606 1170 2634 0r.
1185 2606 1211 2633 1.

1122 2641 1178 2677 (94)
1198 2639 1391 2674 Παραστήτω.
1409 2638 1517 2673 Comb.,
1541 2639 1723 2675 παραστήται.
1745 2647 1754 2663 ι
1773 2637 1873 2665 Pmslo

1086 2678 1121 2705 sit
1137 2677 1239 2703 civitas.
1253 2685 1261 2701 ι

1124 2711 1180 2744 (95)
1200 2712 1260 2738 Eoi.
1280 2711 1358 2738 Deest
1374 2710 1401 2738 in
1419 2709 1523 2737 duobus
1545 2710 1628 2744 ηερε.
1642 2714 1669 2736 et
1685 2709 1732 2736 0r.
1747 2709 1772 2736 i.

1123 2747 1180 2781 (96)
1204 2746 1282 2780 Τάχα
1298 2746 1379 2782 οὐδέ.
1397 2745 1423 2771 In
1440 2743 1614 2782 quihusdam;
1625 2745 1735 2782 rixaﬁé
1749 2743 1820 2782 οὐδὲ.
1851 2777 1858 2782 _

1124 2779 1180 2817 (97)
1208 2779 1259 2808 Ἐνέ
1274 2780 1310 2814 τῇ
1337 2781 1439 2817 ὀσφύντ
1469 2780 1524 2817 [ιιι
1545 2780 1675 2817 Ιιιιιιὺιε.ι
1694 2779 1813 2806 Potentia
1833 2779 1874 2804 ni-

1090 2814 1198 2849 tnii-um,
1215 2824 1267 2842 non
1281 2822 1352 2848 actu,
1368 2816 1455 2850 inquit
1468 2814 1561 2842 Billius
1576 2815 1602 2841 in
1621 2815 1702 2842 notis.

1126 2851 1180 2886 (98)
1201 2851 1388 2883 Γεννήσεως.
1416 2851 1481 2884 Reg.
1495 2859 1526 2881 a,
1550 2851 1632 2879 Cois'.
1654 2851 1680 2883 5,

1708 2855 1762 2877 tres
1784 2849 1872 2882 Colh..

1090 2887 1165 2920 Pan,
1178 2887 1312 2922 κυήσεως,
1329 2895 1338 2912 ‹
1353 2890 1508 2921 conceptus.
1521 2895 1531 2912 ι
