2049 3143
213 147 283 177 107³1
587 149 717 179 ORATIO
738 151 796 180 XX.
815 166 846 172 —
873 151 916 180 DE
936 152 1088 182 DOGMAT.
1108 154 1152 182 ET
1171 154 1329 184 CONSTIT.
1349 154 1456 184 EPISC.
1758 157 1825 185 ιιιὲδ

209 203 314 240 gignis;
339 212 370 232 ac
392 204 514 239 proinde,
532 212 594 233 eum
616 207 660 242 qui
686 214 738 234 non
765 213 832 240 erat,
860 208 886 236 in
923 215 1012 236 rerum
1049 215 1172 238 naturam
1189 211 1325 246 producis.
1352 211 1416 244 Aut,
1433 216 1462 238 ut
1486 211 1643 247 profundius
1662 211 1763 246 aliquid
1782 213 1826 240 di-

208 258 280 284 cam,
318 250 432 277 fortasse
458 258 493 279 uo
528 251 586 286 ipse
605 252 710 287 quidem
731 261 762 280 ex
781 253 865 281 nihilo
889 254 1031 289 producis;
1050 256 1266 292 quandoquidem
1283 263 1311 284 ct
1327 256 1402 290 Levi,
1420 261 1449 284 ut
1465 257 1510 284 ille
1528 257 1576 291 ait,
1599 259 1688 285 adhuc
1713 259 1740 287 in
1756 259 1827 286 lum-

208 295 249 322 bis
275 296 360 330 patris
382 300 452 328 erat,
474 301 617 331 antequam
640 297 666 324 in
694 297 781 325 lucem
807 298 928 332 prodiret
953 299 986 327 ‘°.
1005 299 1065 328 Nec.
1092 308 1156 328 vcro
1189 301 1330 336 quisquam
1346 301 1408 328 huic
1424 302 1539 329 orationi
1565 303 1726 331 calumniam
1761 311 1827 332 con-

207 340 262 368 llet.
279 341 336 368 Νοιι
349 344 421 369 enim
439 342 538 370 Filituu
555 343 590 370 ita
609 350 642 370 ex
661 343 742 371 Patre
765 345 897 373 exsistere
921 346 991 381 dico,
1011 347 1089 382 quasi
1124 347 1150 374 iu
1167 347 1247 375 Patre
1276 348 1349 382 prius
1372 349 1480 382 quidem
1504 349 1595 381 fuerit,
1619 353 1711 383 postea
1735 354 1825 376 autem

208 387 235 414 in
257 394 317 415 esse
337 389 477 423 prodierit.
495 389 587 424 Neque
618 390 689 417 cnim
709 391 894 426 imperfectum
922 393 1008 428 prius,
1029 401 1061 422 ac
1091 399 1183 429 postea
1205 395 1353 430 perfectura
1370 395 1685 430 dico,"quemadmodum
1703 396 1756 424 fert
1782 396 1825 424 lex

207 440 306 462 nostrae
322 437 516 470 generationis.

242 481 270 508 l’.
295 481 387 508 Ταῦτα
411 483 467 509 τῶν
492 484 698 520 ἐπηρεαζόντων
717 485 806 512 ἐστίν·
828 486 914 513 ταῦτα
937 486 991 513 τῶν

1080 485 1114 514 Χ.
1137 485 1199 513 Ηιιξε
1219 490 1282 513 sunt
1310 492 1415 517 eorum,
1440 485 1486 520 qui
1512 485 1707 513 obtrectatione
1728 488 1756 512 et
1779 492 1826 511 ca-

208 526 400 562 ὲπιπηδώντων
411 530 562 565 προχείρως
573 531 705 562 πᾶσιποίς
716 530 879 566 λεγομένοις.
896 533 992 568 Ἡμεῖς

207 571 236 598 δὲ
251 573 299 608 οὐχ
323 573 392 600 οὕτω
413 575 581 610 φρονοῦμεν,
597 576 645 611 οὐχ
661 576 732 603 οὕτω
748 577 910 613 δοξάζομεν
934 578 992 605 ἀλλ’

207 618 275 652 ἐμοῦ
290 618 328 653 τῷ
340 619 385 646 τὸν
402 620 510 657 Πατέρα
525 620 593 649 εἶναι
607 623 615 658 ζ
618 623 661 658 99)
676 623 829 659 ἀγεννήτως
841 624 893 660 (ἀεὶ
906 623 934 650 δὲ
946 621 991 659 ἦν,

207 663 258 699 οὐχ
281 664 446 700 ὑπερπεπτει
460 667 498 702 (1)
512 668 566 704 γὰρ
577 670 617 701 εἰς
631 669 660 696 τὸ
673 670 710 706 μὴ
723 669 792 697 εἷναί
803 679 866 697 ποτε
879 671 894 697 ὀ
907 671 991 707 νοῦς),

207 709 256 735 καὶ
277 711 292 736 ὁ
314 710 377 742 Υἱὸς
397 709 431 747 ἦν
451 713 596 750 γεννητῶς.
618 715 699 741 Ὥστε
716 716 855 751 συντρέχει
875 716 905 742 τὸ
921 714 991 743 εἶναι

207 755 254 782 τοῦ
269 756 374 792 Πατρὺς
389 757 428 793 τῷ
443 759 622 794 γεγεννῆσθαι
637 760 682 787 τοῦ
701 762 877 796 Μονογενοῦς,
895 762 924 795 ἐξ
943 762 991 789 αὑ-

207 800 254 828 τοῦ
268 811 297 828 τε
314 803 490 839 ὑπάρχοντος,
507 805 554 832 καὶ
568 806 598 832 οὐ
621 808 679 841 μετ’
693 807 784 838 αὑτὸν,
800 807 817 843 ἢ
833 808 938 844 ἐπινοίᾳ
954 809 991 844 (‘2)

210 846 277 883 μόνῃ
300 849 332 883 τῇ
346 849 395 884 τῆς
411 850 497 885 ἀρχῆς
507 858 514 865 ·
537 851 624 887 ἀρχῆς
637 852 674 883 δὲ,
689 852 726 885 ὡς
744 853 839 880 αἰτίου.
860 854 992 886 Πολλακις

208 893 262 929 γὰρ
279 894 324 920 τὸν
343 895 424 922 αὑτὸν
445 897 605 933 ἀναστρέψω
629 897 718 932 λόγον,
738 899 768 925 τὸ
786 900 857 935 παχύ
880 909 925 926 σου
945 901 992 927 καὶ

208 939 300 967 ὑλικὸν
313 941 363 976 τῆς
379 942 497 974 διανοίας
519 937 684 979 φοϐούμενος
705 945 753 976 (5).
773 945 802 972 Εἰ
817 946 845 972 δὲ
864 946 894 972 οὐ
910 946 991 973 πολυ-

208 988 377 1020 πραγμονεῖς
392 987 440 1023 τὴν
453 989 499 1015 τοῦ
517 989 593 1021 Υξοῦ,
609 990 663 1016 εἴτε
679 991 806 1026 γέννησιν
821 992 873 1027 χρὴ
890 991 991 1026 λέγειν,

207 1031 262 1057 εἴτε
287 1032 451 1066 ὑπόστασιν,
482 1035 536 1061 εἴτε
555 1044 580 1062 τι
605 1035 669 1062 ἄλλο
698 1036 864 1073 κυριώτερον
889 1037 991 1064 τούτων

207 1077 310 1104 ἐπινοεί
326 1087 366 1110 τις
380 1079 462 1115 (νικᾷ
476 1080 530 1116 γὰρ
546 1081 595 1116 τὴν
610 1081 678 1116 ἐμὴν
694 1081 817 1115 γλῶτταν
836 1083 866 1110 τὺ
880 1083 992 1119 νοούμε-

207 1131 252 1149 νον
267 1123 313 1149 καὶ
328 1123 482 1161 λεγόμενον)
495 1134 501 1140 ·
532 1126 598 1162 μηδὲ
611 1127 658 1153 τοῦ
674 1127 830 1164 Πνεύματος
845 1129 992 1165 περιεργά-

208 1167 254 1199 ζου
270 1168 319 1205 τὴν
339 1170 458 1206 πρόοδον.
497 1171 639 1207 Λρκοῦμαι
654 1172 765 1200 ἀκούειν
775 1193 783 1205 ,
798 1173 839 1200 ὅτι
856 1174 930 1205 Υἱὸς,
946 1175 993 1202 καὶ

207 1213 247 1241 δτι
262 1215 293 1241 ἐκ
309 1215 354 1241 τοῦ
370 1216 489 1252 Πατρός·
506 1218 552 1244 καὶ
566 1218 606 1244 ὅτι
625 1219 638 1245 ὁ
657 1218 704 1253 μὲν
719 1218 823 1255 Πατὴρ,
839 1219 853 1245 ὁ
869 1218 897 1245 δὲ
912 1219 990 1251 Υἱόςι

207 1260 254 1286 καὶ
267 1261 342 1287 οὐδὲν
356 1262 432 1297 παρὰ
441 1262 519 1289 τοῦτο
530 1264 756 1299 περιεργάζομαι,
771 1264 808 1300 μὴ
820 1264 902 1291 ταυτὺ
915 1265 993 1292 πάθω

207 1309 268 1339 ταῖς
286 1311 405 1343 φωναῖς,
424 1310 452 1336 αἳ
469 1309 508 1345 τῷ
531 1310 748 1345 ὑπερφωνεῖσϐαι
776 1311 914 1342 παντελῶς
935 1311 993 1337 δια-

208 1353 369 1386 πίπτουσιν,
388 1353 404 1389 ἢ
427 1355 460 1389 τῇ
484 1354 544 1389 ὕψει
573 1354 700 1391 τεινούσῃ
721 1355 759 1390 (4)
786 1355 853 1390 πρὸς
879 1354 992 1390 ἡλιακὴν

208 1398 314 1425 ἀκτῖνα.
332 1398 405 1434 Ὀσῳ
421 1399 475 1436 γὰρ
491 1399 524 1426 ἂν
542 1400 632 1426 πλεῖον
646 1400 694 1426 καὶ
713 1400 907 1435 ἀκριϐέστερον
933 1399 995 1426 [δεῖν

208 1444 293 1470 ἐθέλοι
317 1453 377 1476 τις,
400 1445 519 1481 τοσούτῳ
539 1445 588 1481 τὴν
609 1446 736 1480 αἴσθησιν
759 1446 994 1482 παραελάπτεται,

208 1489 254 1516 καὶ
269 1489 298 1516 τὸ
314 1490 437 1517 ὁπωσοῦν
455 1491 521 1527 ὀρᾷν
538 1492 738 1527 ἀποστερεῖται,
753 1491 797 1518 διὰ
812 1491 859 1518 τοῦ
875 1491 995 1522 πλείονος

208 1535 336 1568 νικῶντος
352 1536 401 1572 τὴν
415 1536 475 1571 ὄψιν
487 1537 534 1564 τοῦ
550 1537 688 1574 ὁρωμένου
702 1537 749 1564 ἐὰν
768 1537 828 1564 ὅλον
852 1537 914 1564 ἰδεῖν
935 1537 994 1564 ἐθε-

207 1581 286 1617 λήσῃ,
306 1583 352 1609 καὶ
369 1582 407 1618 μὴ
419 1583 480 1610 ὅσον
494 1584 559 1619 όρᾷν
575 1583 706 1618 ἀσφαλές.

1042 532 1151 560 lumuiis
1168 532 1285 567 gaudent
1304 540 1311 558 :
1328 532 1384 559 haec
1401 539 1505 564 eorum,
1519 531 1564 566 qui
1578 531 1706 558 adversus
1722 530 1824 562 omnia,

1042 586 1103 614 qua:
1121 578 1258 611 dicuntur,
1274 582 1397 612 prompte
1422 578 1552 605 insiliunt.
1578 576 1633 605 Nos
1655 582 1744 604 autem
1770 584 1823 604 non

1042 625 1079 651 ita
1099 624 1243 656 sentimus,
1262 631 1314 651 non
1334 624 1372 651 ita
1383 631 1528 652 censemus
1543 633 1550 651 :
1567 629 1658 651 verum
1673 623 1724 650 hoc
1745 623 1825 651 doce-

1043 678 1112 701 mus.
1127 674 1155 697 et
1170 671 1339 704 proﬁtemur,
1356 670 1426 704 quod
1450 669 1529 696 simul
1549 674 1629 704 atque
1644 668 1723 696 Pater
1739 668 1823 702 inge—

1042 715 1100 742 nito
1115 716 1194 743 modo
1204 721 1262 743 erat
1288 716 1407 751 (semper
1422 721 1510 743 autem
1526 719 1595 747 erat,
1611 722 1658 742 nec
1671 714 1744 742 enim
1761 722 1826 750 eum.

1042 760 1187 795 aliquando
1204 768 1256 787 nou
1275 760 1357 788 fuisse
1383 761 1500 796 concipit
1517 768 1593 787 mens
1611 764 1711 793 nostra,
1736 767 1824 794 quan.-

1042 806 1140 833 tumvis
1155 813 1185 834 se
1204 806 1336 834 altissime
1352 805 1471 841 θίγοι-ιιι),
1495 811 1522 834 et
1537 806 1622 834 Filius
1640 813 1748 841 quoque
1775 813 1824 840 per

1042 851 1246 885 generationem
1263 856 1338 885 erat;
1359 852 1394 879 ita
1411 857 1439 879 ut
1455 852 1541 879 Patris
1560 851 1677 879 essentia
1707 858 1822 878 concur-

1042 901 1086 923 rat
1105 904 1164 924 cum
1180 896 1316 931 Unigeniti
1331 898 1515 932 generatione,
1536 898 1580 931 qui
1594 905 1626 924 ex
1644 897 1700 931 ipso
1715 896 1822 930 quidem

1042 946 1094 974 cst.
1115 950 1166 969 non
1183 948 1272 970 autem
1286 948 1347 977 post
1362 943 1461 978 ipsutn,
1476 947 1521 970 aut
1536 942 1631 969 saltem
1645 941 1703 969 sola
1721 941 1824 975 princi—

1041 988 1079 1022 pii
1093 988 1266 1022 cogitatione.
1281 988 1446 1023 Priucipium
1468 996 1532 1016 vero
1545 988 1588 1015 hic
1614 995 1662 1023 pro
1678 995 1757 1014 causa
1781 995 1824 1014 ac-

1042 1034 1125 1069 cipio.
1142 1033 1289 1063 ldentidcm
1303 1036 1374 1063 enim
1390 1035 1483 1062 eadem
1503 1035 1583 1062 verba
1600 1039 1702 1069 repeto,
1723 1038 1752 1060 ut
1765 1034 1825 1060 ani-

1044 1080 1079 1106 mi
1095 1081 1132 1107 tui
1148 1080 1305 1108 hebetudini
1324 1086 1350 1108 et
1367 1081 1499 1108 crassitiei
1524 1087 1674 1108 occurram.
1702 1079 1777 1113 Quod
1799 1079 1824 1106 si

1044 1125 1178 1153 curiosius
1193 1133 1244 1152 non
1260 1126 1391 1153 scruteris
1407 1125 1480 1159 Filii,
1497 1126 1552 1154 sive
1568 1126 1766 1162 generationem
1784 1124 1823 1151 di-

1043 1179 1106 1199 cere
1118 1172 1256 1205 convenit,
1282 1173 1338 1200 sive
1365 1173 1554 1205 substantiam,
1579 1173 1635 1200 sive
1656 1170 1726 1206 quod
1751 1170 1823 1197 aliud

1042 1218 1198 1245 vocabulum
1227 1218 1312 1254 magis
1327 1218 1463 1254 proprium
1488 1223 1569 1254 atque
1590 1218 1742 1253 appositum
1763 1217 1824 1244 etri-

1041 1262 1111 1297 piam
1126 1262 1153 1289 in
1179 1268 1294 1290 mentem
1313 1263 1387 1290 venit
1420 1263 1548 1298 (linguam
1572 1263 1644 1290 enim
1673 1269 1760 1289 meam
1779 1269 1824 1288 su-

1041 1309 1167 1343 peratid,
1185 1309 1255 1344 quod
1280 1310 1369 1345 cogito
1394 1317 1426 1336 ac
1452 1309 1538 1344 dico),
1563 1316 1715 1344 aequoque
1738 1307 1824 1343 Spiri-

1042 1358 1085 1381 tus
1108 1355 1194 1382 sancti
1209 1355 1409 1390 proccssioncm
1425 1355 1504 1383 anxie
1520 1355 1634 1390 inquire.
1653 1354 1716 1381 Mihi
1731 1354 1826 1381 audire

1043 1400 1110 1427 satis
1123 1405 1185 1428 est:
1206 1403 1278 1436 quod
1293 1402 1380 1429 Filius
1392 1407 1444 1434 est,
1469 1407 1495 1429 et
1510 1404 1580 1437 quod
1594 1409 1628 1428 cx
1651 1401 1730 1428 Patre
1745 1410 1751 1428 :
1768 1405 1825 1428 tum

1044 1447 1115 1480 quod
1137 1446 1181 1474 ille
1208 1447 1286 1475 Pater
1303 1452 1354 1481 est,
1381 1449 1425 1476 hic
1453 1448 1556 1479 Filius;
1583 1447 1648 1475 nihil
1676 1451 1773 1482 praeter
1794 1454 1825 1474 ea

1045 1493 1178 1527 inchIigo
1195 1501 1227 1520 ac
1240 1499 1413 1528 perscrutor;
1438 1501 1472 1522 ne
1486 1494 1551 1521 tuihi
1566 1494 1635 1521 idem
1660 1493 1732 1528 quod
1755 1492 1827 1520 voci-

1044 1536 1094 1565 bus
1117 1539 1233 1572 accidat,
1251 1547 1310 1574 quae
1336 1540 1480 1568 immodica
1500 1540 1673 1568 contentione
1697 1539 1826 1573 frangun-

1045 1588 1102 1617 tur,
1116 1591 1148 1611 ac
1163 1592 1275 1620 prorsus
1297 1585 1454 1618 concidunt,
1473 1590 1521 1613 aut
1549 1585 1618 1613 idem
1645 1584 1715 1620 quod
1742 1583 1828 1611 oculis

209 1627 352 1654 adversum
398 1627 483 1655 solem
518 1628 696 1656 intuentibus.
718 1628 784 1656 Nam
811 1636 863 1663 quo
889 1627 950 1662 quis
977 1627 1092 1662 amplius
1111 1634 1141 1657 et
1161 1631 1313 1658 accuratius
1335 1638 1396 1658 eum
1428 1638 1540 1659 cernere
1562 1631 1654 1666 cupit,
1681 1637 1715 1657 eo
1742 1628 1828 1664 magis

207 1679 316 1699 sensum
334 1673 416 1704 Imdit,
448 1681 479 1700 ac
494 1673 552 1700 idco
567 1675 648 1701 etiam
661 1682 769 1709 quoquo
791 1674 868 1701 modo
883 1673 1009 1702 cernendi
1032 1674 1158 1702 facultate
1174 1677 1306 1710 privatur,
1323 1677 1386 1712 quia
1402 1677 1529 1704 nimirum
1553 1677 1588 1707 id.
1605 1677 1676 1711 quod
1695 1675 1835 1705 cernitur,

207 1719 346 1746 oculorum
376 1719 460 1746 aciem
491 1724 611 1754 supcrat,
645 1728 706 1748 cum
741 1720 876 1756 quispiam
906 1724 990 1746 totout
1011 1721 1167 1755 conspicere
1198 1723 1324 1754 voluerit.
1358 1730 1390 1750 ac
1405 1730 1456 1750 non
1476 1727 1607 1757 quantum
1638 1726 1694 1748 tuto
1716 1726 1829 1748 cernere

207 1767 280 1794 licet.

241 1815 293 1840 lA’.
314 1813 436 1845 Ἀκούεις
453 1814 594 1850 γέννησιν;
615 1815 652 1841 Τὸ
667 1813 725 1846 πῶς
746 1814 990 1850 μὴὲπεριεργάζου.

213 1860 335 1892 Ἀκούεις
353 1860 393 1887 ὅτι
411 1860 441 1886 τὺ
456 1859 568 1896 Πνεῦμα
583 1860 676 1896 προϊὸν
697 1861 729 1887 ὲκ
749 1860 795 1887 τοῦ
811 1861 935 1896 Πατρός;
956 1861 993 1887 Τὸ

207 1906 281 1937 ὅπως
312 1905 349 1942 μὴ
376 1905 607 1941 πολυπραγμόνει.
635 1906 667 1932 Εἰ
697 1905 725 1931 δὲ
755 1905 992 1941 πολυπραγμονεῖς

208 1950 275 1976 Υἰοῦ
294 1950 431 1985 γέννησιν,
456 1950 503 1976 καὶ
524 1949 683 1986 Πνεῦμα-τος
698 1949 820 1985 πρόοδον,
846 1949 922 1984 κάγώ
945 1958 991 1976 σου

209 1996 429 2032 πολυπραγμονῶ
441 1995 471 2022 τὺ
485 1997 578 2032 κρᾶμα
600 1996 688 2031 ψυχῆς
706 1996 752 2022 καὶ
773 1995 897 2031 σώματος
908 2004 915 2011 ο
931 1995 994 2027 Πῶς

208 2037 235 2066 εἴ
256 2040 329 2075 χοῦς,
348 2040 395 2067 xui.
412 2040 492 2067 εἰκὼν
507 2039 590 2073 Θεοῦ;
609 2041 642 2067 Τί
656 2040 685 2066 τὸ
698 2039 788 2067 κινοῦν
811 2048 858 2072 σε,
877 2040 894 2076 ἢ
914 2039 940 2066 τί
963 2040 993 2066 τὸ

209 2085 383 2121 κινούμενον;
397 2086 459 2118 Πῶς
473 2085 503 2112 τὺ
514 2086 579 2113 αὐτὸ
594 2087 640 2113 καὶ
653 2087 722 2113 κινεῖ
731 2086 778 2112 καὶ
787 2087 919 2119 κινεῖται;
932 2085 993 2118 Πῶς

209 2132 226 2167 ή
241 2131 366 2167 αἴσθησις
381 2133 409 2159 ὲν
425 2132 464 2168 τῷ
477 2132 551 2168 αὐτῷ
566 2132 653 2168 μένει,
669 2133 716 2159 καὶ
730 2132 760 2159 τὸ
779 2132 857 2164 ἐκτὸς
876 2132 991 2162 ἐπισπᾶ-

210 2186 269 2210 ται;
287 2178 348 2210 Πῶς
363 2180 378 2205 ὁ
401 2178 462 2210 νοῦς
478 2179 508 2205 ὲν
524 2178 566 2205 σοὶ
593 2178 679 2214 μένει,
703 2177 749 2205 καὶ
766 2179 848 2213 γεννᾷ
869 2177 948 2212 λόγον
965 2179 994 2206 ὲν

208 2223 281 2258 ἄλλῳ
295 2223 336 2250 νοΐ
351 2223 406 2258 (5);
425 2223 487 2255 Πῶς
503 2223 574 2259 λόγῳ
594 2224 683 2259 νόημα
699 2223 842 2250 διαδίδοται
866 2223 921 2259 (ϐ);
939 2225 994 2251 Καὶ

210 2268 286 2296 οὔπω
300 2268 335 2295 τὰ
352 2269 463 2304 μείζονα
474 2269 563 2304 λέγω·
581 2270 629 2301 Τίς
648 2269 762 2305 οὐρανοῦ
779 2269 930 2305 περιφορά;
947 2268 994 2300 Τίς

209 2314 332 2350 ἀστέρων
356 2314 472 2350 κίνησις,
489 2315 505 2350 ἢ
524 2315 615 2348 τάξις,
636 2315 652 2351 ἢ
671 2315 804 2351 μέτρα,ῆ
828 2314 955 2347 σύνοδος,
976 2314 993 2349 ἢ

209 2360 357 2392 ἀπόστασις
371 2368 377 2392 ;
394 2360 472 2392 Τίνες
489 2361 511 2387 δ’
529 2362 587 2396 ὅροι
609 2361 762 2398 θαλάσσης;
783 2361 868 2388 Πόοεν
885 2361 913 2388 δὲ
935 2361 995 2388 ἀνέ-

212 2415 270 2441 μων
286 2406 417 2442 ρεὑματα,
432 2406 449 2442 ἢ
463 2407 541 2443 ὡρῶν
554 2408 727 2444 ἰτεριίροπαϊ-⁷
745 2408 763 2443 ἢ
775 2407 885 2444 ὄμϐρων
901 2407 995 2444 ἐπιχύ-

1084 1817 1129 1844 Xl.
1156 1816 1240 1844 Audis
1268 1814 1490 1850 generationem?
1519 1813 1624 1841 Modum
1646 1813 1780 1840 curiosius
1795 1819 1829 1839 ιιι

1046 1863 1179 1898 inquiras.
1197 1861 1282 1889 Audis
1296 1861 1426 1896 Spiritum
1444 1867 1478 1887 ex
1496 1860 1576 1887 Patre
1598 1858 1763 1894 procedere?
1790 1857 1828 1889 Id,

1045 1907 1181 1943 quomodo
1202 1906 1259 1938 ﬁat,
1276 1913 1310 1933 ne
1335 1905 1415 1932 anxio
1437 1903 1526 1931 studio
1544 1903 1730 1939 perscrutcris.
1752 1901 1829 1936 Quod

1045 1955 1068 1982 si
1084 1955 1110 1981 in
1127 1952 1188 1980 Filii
1203 1952 1377 1987 generatione
1393 1956 1421 1979 et
1436 1950 1553 1985 Spiritus
1576 1949 1748 1985 processioue
1767 1956 1830 1984 per-

1045 2001 1202 2036 vestiganda
1217 1999 1298 2035 383
1321 1999 1457 2026 curiosum
1474 2002 1499 2025 te
1524 1996 1639 2032 praebes,
1653 2002 1703 2030 ego
1720 2002 1830 2031 quoque

1045 2046 1105 2081 pari
1123 2045 1279 2073 curiositate
1307 2049 1380 2072 tuam
1407 2043 1504 2070 animm
1519 2041 1694 2076 corporisque
1716 2039 1830 2074 conjun-

1047 2092 1164 2118 ctionem
1180 2094 1208 2117 et
1230 2092 1471 2122 temperamentum
1486 2086 1620 2121 inquiram
1643 2094 1650 2112 :
1677 2090 1731 2119 quo
1749 2083 1830 2111 modo

1046 2135 1134 2170 pulvis
1145 2142 1186 2168 es,
1204 2139 1230 2163 et
1245 2134 1292 2162 Dei
1306 2133 1413 2168 imago?
1428 2132 1496 2166 Quid
1512 2136 1565 2165 cst,
1582 2131 1652 2166 quod
1675 2134 1699 2157 te
1713 2132 1829 2161 moveat,

1047 2186 1094 2209 aut
1109 2181 1174 2217 quid
1194 2181 1266 2217 quod
1288 2179 1447 2208 moveatur?
1471 2178 1530 2212 Quo
1549 2178 1628 2206 modo
1652 2177 1722 2204 idem
1741 2179 1830 2203 movet

1047 2231 1072 2254 et
1090 2226 1231 2254 movetur?
1250 2226 1308 2260 Quo
1326 2225 1404 2252 modo
1419 2231 1514 2252 sensus
1529 2223 1556 2250 in
1570 2223 1663 2250 eodem
1679 2224 1781 2252 manet.
1802 2225 1831 2247 et

1047 2277 1159 2300 externa
1174 2271 1304 2299 attrahit?
1324 2270 1382 2304 Quo
1405 2270 1485 2297 modo
1500 2275 1576 2296 mens
1589 2268 1614 2295 iu
1631 2272 1658 2295 te
1684 2271 1783 2300 manet,
1802 2271 1831 2294 et

1048 2317 1075 2344 in
1088 2316 1140 2344 alia
1154 2321 1245 2344 mente
1257 2323 1407 2343 sermonem
1420 2313 1523 2349 gignit?
1542 2313 1599 2347 Quo
1610 2313 1689 2340 modo
1703 2311 1830 2348 cogitatio

1047 2370 1096 2398 per
1111 2369 1261 2390 sermonem
1273 2360 1445 2396 impertitur?
1462 2359 1582 2387 Nondum
1594 2359 1696 2392 majora
1711 2358 1829 2394 profero.

1048 2408 1113 2442 Qua:
1127 2408 1189 2436 cmli
1208 2407 1368 2436 conversio?
1387 2406 1453 2440 Quis
1469 2407 1588 2434 siderum
1607 2411 1705 2438 motus,
1722 2410 1770 2432 aut
1785 2412 1831 2431 or-

210 2461 285 2485 σεις;
300 2453 332 2480 Et
347 2453 448 2480 τούτων
462 2454 545 2489 μηδὲν
559 2454 735 2490 κατενόησας,
753 2451 776 2481 ὦ
790 2455 917 2490 ἄνθρωπε
935 2455 992 2490 (κα-

1049 2455 1093 2489 do,
1114 2459 1160 2482 aut
1173 2453 1286 2481 modus?
1298 2453 1362 2486 Qua:
1384 2452 1537 2486 coniunctio
1555 2455 1602 2479 aut
1617 2450 1762 2478 distantia?
1778 2450 1831 2484 Qui

243 2520 267 2536 “
281 2520 363 2549 Hebr.
376 2529 425 2554 vn,
438 2521 482 2549 10.

244 2597 300 2639 (99)
320 2597 410 2639 ξομρῦ
435 2598 477 2639 τῷ
491 2598 543 2639 τὸ]
569 2601 687 2639 Παζὲρα
711 2597 801 2639 strati
823 2600 880 2639 Duo
895 2600 991 2639 [ιθ-εκ..

209 2632 294 2671 ροιξιξ
317 2632 442 2671 1ι⁷Ρέιτ.,
466 2634 582 2671 ὁμοῦντὸ
610 2632 679 2662 εἶναι
704 2635 749 2662 τὸν
779 2636 898 2671 Πατέρα.
926 2632 992 2662 Tres

210 2643 292 2660 ωιδι.
317 2643 343 2664 ι.
367 2643 442 2667 rar.,
466 2643 533 2695 οὲιιου
551 2643 582 2661 το
610 2643 679 2662 ειναι
704 2643 749 2662 τον
779 2643 898 2671 ιιατερα.
926 2643 991 2662 ἸΙΌΞ

210 2667 298 2709 αοιρ..
316 2667 356 2703 τῷ
372 2667 441 2696 εἶναι
464 2678 479 2709 τ
495 2678 509 2695 ν
525 2670 643 2707 ἄναρχον
668 2670 799 2706 (Πατέρα)
825 2671 991 2706 ἁγεννήτως,

213 2711 223 2728 ι
238 2703 340 2737 absque
357 2704 541 2737 generatione.
555 2714 565 2731 ι

245 2737 283 2807 Υ)
310 2738 510 2772 Ὑπερπίπτει.
526 2739 600 2773 Pan,
616 2740 775 2768 ὑποπίπτει.

257 2773 286 2807 2)
307 2773 344 2800 Ἦ
361 2774 489 2807 ἐπινοίᾳ,
503 2779 556 2801 etc.
572 2774 638 2803 Huic
661 2777 750 2807 plu-usi
765 2784 775 2802 ε

257 2773 286 2811 2)
307 2773 344 2800 Ἦ
361 2774 489 2811 svitiam,
503 2779 556 2801 etc.
572 2774 638 2811 Huic
661 2777 750 2810 phtasi
765 2780 897 2803 consonat
911 2776 996 2811 expli-

210 2808 293 2840 catio,
312 2815 364 2843 qua
385 2808 467 2836 Filius
481 2810 578 2837 dicitur
596 2808 676 2837 Patre
691 2811 831 2844 posterior,
848 2819 900 2838 non
920 2820 929 2836 ι
946 2808 993 2837 ita-

212 2847 299 2874 tura,»
320 2851 405 2877 neque
421 2853 431 2869 ι
445 2848 575 2878 tempore,
587 2853 597 2869 ι
616 2845 662 2872 sed
681 2855 691 2871 ι
706 2846 819 2878 originis
833 2855 842 2871 ι
863 2847 993 2872 duntaxat

215 2886 224 2902 ι
237 2879 349 2906 ratione.
362 2887 372 2904 ι
393 2879 459 2906 Vide
475 2878 577 2907 Estiqu
599 2881 624 2907 in
646 2887 674 2914 ι,
693 2882 755 2908 dist.
771 2882 797 2913 9,
814 2880 828 2915 §
843 2881 869 2913 3,
884 2886 910 2908 et
930 2881 992 2910 dist.

1081 2599 1120 2670 235)
1129 2600 1275 2670 ἲιανοίιξς
1298 2632 1500 2670 φοᾷούμενος..
1514 2630 1560 2670 _Sic
1583 2630 1650 2665 Reg.
1665 2628 1830 2670 bm._plures

1045 2665 1134 2698 Colit}.
1153 2669 1227 2700 ΡΠ..
1241 2665 1375 2699 Cbmbel'.,
1391 2665 1405 2693 ὶ
1417 2667 1568 2694 crassitiem
1592 2673 1623 2693 ac
1646 2665 1830 2698 stupudita'teut

1047 2704 1146 2739 ingenii
1163 2705 1200 2730 tui
1218 2699 1349 2739 metuens.
1364 2712 1373 2728 ι
1391 2702 1475 2739 Ιιιριι.
1491 2703 1566 2739 deest
1579 2699 1755 2739 φοϐοῄμενος.

1083 2734 1122 2774 (At)
1143 2740 1226 2773 Ὄψει
1244 2738 1396 2774 retrove".
1413 2737 1463 2774 Sic
1476 2741 1532 2774 tres
1548 2734 1731 2774 llegg.,_llas.,
1753 2734 1830 2767 Pan,

1047 2770 1164 2805 Til’lemq
1178 2770 1231 2801 etc.
1248 2770 1417 2800 Mcndose'in
1432 2773 1486 2805 ed.,
1502 2770 1555 2806 ὖψῃ
1570 2770 1708 2804 πεινούσῃ.

1081 2809 1120 2872 ἔξ)
1139 2809 1201 2836 Not.
1221 2809 1248 2835 In
1264 2807 1408 2838 nonnullis,
1424 2807 1472 2842 νῷ.

1093 2846 1121 2872 ω
1140 2843 1316 2871 Διαδίδοται.
1331 2842 1398 2870 Tres
1419 2843 1472 2872 [lett

1046 2879 1060 2906 ὁ
1140 2843 1316 2871 Διαδίδοται.
1331 2837 1406 2870 Tres
1419 2837 1514 2878 llégg.,
1531 2841 1612 2870 Coisl.
1643 2840 1670 2873 l,
1685 2839 1730 2868 0r.
1744 2840 1770 2874 1,
1785 2837 1832 2866 66.-

1061 2887 1129 2906 αται.
1799 2886 1801 2889 ’

1061 2887 1129 2906 αται.
1799 2886 1801 2889 ’
