  <div class='ocr_page' id='page_1' title='image "/cluster/home/n/w/nwhite01/storage/ocr_20150623/35/njp.32101077772554/556.png"; bbox 0 0 2049 3143; ppageno 0'>
   <div class='ocr_carea' id='block_1_1' title="bbox 182 160 253 189">
    <p class='ocr_par' dir='ltr' id='par_1_1' title="bbox 182 160 253 189">
     <span class='ocr_line' id='line_1_1' title="bbox 182 160 253 189; baseline -0.014 0"><span class='ocrx_word' id='word_1_1' title='bbox 182 162 193 189; x_wconf 70' lang='lat' dir='ltr'>l</span> <span class='ocrx_word' id='word_1_2' title='bbox 200 160 253 189; x_wconf 86' lang='lat'><strong>085</strong></span> 
     </span>
    </p>
   </div>
   <div class='ocr_carea' id='block_1_2' title="bbox 642 158 1344 190">
    <p class='ocr_par' dir='ltr' id='par_1_2' title="bbox 642 158 1344 190">
     <span class='ocr_line' id='line_1_2' title="bbox 642 158 1344 190; baseline -0.003 -2"><span class='ocrx_word' id='word_1_3' title='bbox 642 158 771 188; x_wconf 79' lang='lat' dir='ltr'><strong>ORATIO</strong></span> <span class='ocrx_word' id='word_1_4' title='bbox 790 160 861 188; x_wconf 72' lang='lat' dir='ltr'><strong>XXI.</strong></span> <span class='ocrx_word' id='word_1_5' title='bbox 879 175 915 182; x_wconf 93' lang='grc'><strong>-</strong></span> <span class='ocrx_word' id='word_1_6' title='bbox 932 160 966 188; x_wconf 77' lang='lat' dir='ltr'><strong>IN</strong></span> <span class='ocrx_word' id='word_1_7' title='bbox 989 161 1131 190; x_wconf 75' lang='lat' dir='ltr'><strong>LAUDEM</strong></span> <span class='ocrx_word' id='word_1_8' title='bbox 1150 158 1344 188; x_wconf 60' lang='lat' dir='ltr'><strong>ATHANASII.</strong></span> 
     </span>
    </p>
   </div>
   <div class='ocr_carea' id='block_1_3' title="bbox 1735 151 1806 180">
    <p class='ocr_par' dir='ltr' id='par_1_3' title="bbox 1735 151 1806 180">
     <span class='ocr_line' id='line_1_3' title="bbox 1735 151 1806 180; baseline -0.042 0"><span class='ocrx_word' id='word_1_9' title='bbox 1735 151 1806 180; x_wconf 67' lang='grc' dir='ltr'>ιιιειῖ</span> 
     </span>
    </p>
   </div>
   <div class='ocr_carea' id='block_1_4' title="bbox 181 211 1807 251">
    <p class='ocr_par' dir='ltr' id='par_1_4' title="bbox 181 211 1807 251">
     <span class='ocr_line' id='line_1_4' title="bbox 181 211 1807 251; baseline -0.004 -8"><span class='ocrx_word' id='word_1_10' title='bbox 181 224 228 244; x_wconf 78' lang='lat' dir='ltr'><strong>sus</strong></span> <span class='ocrx_word' id='word_1_11' title='bbox 254 215 345 248; x_wconf 77' lang='lat' dir='ltr'><strong>fuerit,</strong></span> <span class='ocrx_word' id='word_1_12' title='bbox 372 215 477 250; x_wconf 71' lang='lat' dir='ltr'><strong>sibique</strong></span> <span class='ocrx_word' id='word_1_13' title='bbox 503 214 574 242; x_wconf 81' lang='lat' dir='ltr'><strong>aliud</strong></span> <span class='ocrx_word' id='word_1_14' title='bbox 600 216 743 251; x_wconf 83' lang='lat' dir='ltr'><strong>quodpiam</strong></span> <span class='ocrx_word' id='word_1_15' title='bbox 767 215 879 248; x_wconf 84' lang='lat' dir='ltr'><strong>bonum,</strong></span> <span class='ocrx_word' id='word_1_16' title='bbox 904 222 968 243; x_wconf 89' lang='lat' dir='ltr'><strong>vero</strong></span> <span class='ocrx_word' id='word_1_17' title='bbox 988 215 1060 242; x_wconf 94' lang='lat' dir='ltr'><strong>bono</strong></span> <span class='ocrx_word' id='word_1_18' title='bbox 1079 215 1259 251; x_wconf 65' lang='lat' dir='ltr'><strong>praastabilius</strong></span> <span class='ocrx_word' id='word_1_19' title='bbox 1277 222 1339 243; x_wconf 86' lang='lat' dir='ltr'><strong>esse</strong></span> <span class='ocrx_word' id='word_1_20' title='bbox 1375 213 1561 249; x_wconf 83' lang='lat' dir='ltr'><strong>persuaserit,</strong></span> <span class='ocrx_word' id='word_1_21' title='bbox 1582 211 1681 239; x_wconf 92' lang='lat' dir='ltr'><strong>malum</strong></span> <span class='ocrx_word' id='word_1_22' title='bbox 1715 213 1807 245; x_wconf 74' lang='lat' dir='ltr'><strong>utique</strong></span> 
     </span>
    </p>
   </div>
   <div class='ocr_carea' id='block_1_5' title="bbox 183 259 1806 297">
    <p class='ocr_par' dir='ltr' id='par_1_5' title="bbox 183 259 1806 297">
     <span class='ocr_line' id='line_1_5' title="bbox 183 259 1806 297; baseline -0.002 -8"><span class='ocrx_word' id='word_1_23' title='bbox 183 263 259 290; x_wconf 70' lang='lat' dir='ltr'><strong>malae</strong></span> <span class='ocrx_word' id='word_1_24' title='bbox 282 261 416 297; x_wconf 80' lang='lat' dir='ltr'><strong>opinionis</strong></span> <span class='ocrx_word' id='word_1_25' title='bbox 440 262 556 290; x_wconf 79' lang='lat' dir='ltr'><strong>fructum</strong></span> <span class='ocrx_word' id='word_1_26' title='bbox 577 262 743 297; x_wconf 85' lang='lat' dir='ltr'><strong>decerpens,</strong></span> <span class='ocrx_word' id='word_1_27' title='bbox 766 262 910 295; x_wconf 83' lang='lat' dir='ltr'><strong>nimirum,</strong></span> <span class='ocrx_word' id='word_1_28' title='bbox 937 267 966 289; x_wconf 88' lang='lat' dir='ltr'><strong>ut</strong></span> <span class='ocrx_word' id='word_1_29' title='bbox 987 263 1031 290; x_wconf 83' lang='lat' dir='ltr'><strong>vel</strong></span> <span class='ocrx_word' id='word_1_30' title='bbox 1061 264 1179 292; x_wconf 91' lang='lat' dir='ltr'><strong>tenebris</strong></span> <span class='ocrx_word' id='word_1_31' title='bbox 1204 263 1359 295; x_wconf 79' lang='lat' dir='ltr'><strong>muletetur,</strong></span> <span class='ocrx_word' id='word_1_32' title='bbox 1383 261 1427 290; x_wconf 97' lang='lat' dir='ltr'><strong>vel</strong></span> <span class='ocrx_word' id='word_1_33' title='bbox 1456 269 1518 290; x_wconf 90' lang='lat' dir='ltr'><strong>eum</strong></span> <span class='ocrx_word' id='word_1_34' title='bbox 1556 265 1685 295; x_wconf 82' lang='lat' dir='ltr'><strong>tanquam</strong></span> <span class='ocrx_word' id='word_1_35' title='bbox 1716 259 1806 295; x_wconf 74' lang='lat' dir='ltr'><strong>ignem</strong></span> 
     </span>
    </p>
   </div>
   <div class='ocr_carea' id='block_1_6' title="bbox 183 307 805 343">
    <p class='ocr_par' dir='ltr' id='par_1_6' title="bbox 183 307 805 343">
     <span class='ocr_line' id='line_1_6' title="bbox 183 307 805 343; baseline 0.002 -9"><span class='ocrx_word' id='word_1_36' title='bbox 183 308 283 340; x_wconf 80' lang='lat' dir='ltr'><strong>videat,</strong></span> <span class='ocrx_word' id='word_1_37' title='bbox 299 314 378 342; x_wconf 86' lang='lat' dir='ltr'><strong>quem</strong></span> <span class='ocrx_word' id='word_1_38' title='bbox 392 312 421 334; x_wconf 92' lang='lat' dir='ltr'><strong>nt</strong></span> <span class='ocrx_word' id='word_1_39' title='bbox 436 307 522 335; x_wconf 88' lang='lat' dir='ltr'><strong>lucem</strong></span> <span class='ocrx_word' id='word_1_40' title='bbox 543 307 654 336; x_wconf 88' lang='lat' dir='ltr'><strong>minime</strong></span> <span class='ocrx_word' id='word_1_41' title='bbox 669 309 805 343; x_wconf 73' lang='lat' dir='ltr'><strong>cognovit.</strong></span> 
     </span>
    </p>
   </div>
   <div class='ocr_carea' id='block_1_7' title="bbox 219 349 977 392">
    <p class='ocr_par' dir='ltr' id='par_1_7' title="bbox 219 353 968 392">
     <span class='ocr_line' id='line_1_7' title="bbox 219 353 968 392; baseline 0.003 -11"><span class='ocrx_word' id='word_1_42' title='bbox 219 355 255 381; x_wconf 88' lang='lat'><strong>1&#39;&quot;.</strong></span> <span class='ocrx_word' id='word_1_43' title='bbox 276 353 369 382; x_wconf 83' lang='grc' dir='ltr'>Ταῦτα</span> <span class='ocrx_word' id='word_1_44' title='bbox 384 354 484 389; x_wconf 81' lang='grc' dir='ltr'><strong>ὀλίγοις</strong></span> <span class='ocrx_word' id='word_1_45' title='bbox 504 355 552 391; x_wconf 77' lang='grc' dir='ltr'>μὲν</span> <span class='ocrx_word' id='word_1_46' title='bbox 569 356 761 392; x_wconf 73' lang='grc' dir='ltr'>ὲφυωσοφήθη,</span> <span class='ocrx_word' id='word_1_47' title='bbox 778 357 893 383; x_wconf 79' lang='grc' dir='ltr'>καὶτῶν</span> <span class='ocrx_word' id='word_1_48' title='bbox 911 355 968 389; x_wconf 77' lang='grc' dir='ltr'>νῦν,</span> 
     </span>
    </p>
   </div>
   <div class='ocr_carea' id='block_1_8' title="bbox 1030 349 1807 392">
    <p class='ocr_par' dir='ltr' id='par_1_8' title="bbox 1059 349 1807 388">
     <span class='ocr_line' id='line_1_8' title="bbox 1059 349 1807 388; baseline -0.008 -7"><span class='ocrx_word' id='word_1_49' title='bbox 1059 354 1104 382; x_wconf 82' lang='grc' dir='ltr'>ιιι.</span> <span class='ocrx_word' id='word_1_50' title='bbox 1124 353 1186 381; x_wconf 64' lang='lat' dir='ltr'><strong>Haec</strong></span> <span class='ocrx_word' id='word_1_51' title='bbox 1204 352 1297 388; x_wconf 82' lang='lat' dir='ltr'><strong>paucis</strong></span> <span class='ocrx_word' id='word_1_52' title='bbox 1310 372 1321 386; x_wconf 92' lang='lat'><strong>,</strong></span> <span class='ocrx_word' id='word_1_53' title='bbox 1345 357 1398 379; x_wconf 85' lang='lat' dir='ltr'><strong>Iam</strong></span> <span class='ocrx_word' id='word_1_54' title='bbox 1414 355 1516 378; x_wconf 68' lang='lat' dir='ltr'><strong>nostra:</strong></span> <span class='ocrx_word' id='word_1_55' title='bbox 1531 349 1712 384; x_wconf 88' lang='lat' dir='ltr'><strong>tempestatis,</strong></span> <span class='ocrx_word' id='word_1_56' title='bbox 1727 355 1807 383; x_wconf 82' lang='lat' dir='ltr'><strong>quam</strong></span> 
     </span>
    </p>
   </div>
   <div class='ocr_carea' id='block_1_9' title="bbox 183 400 971 438">
    <p class='ocr_par' dir='ltr' id='par_1_9' title="bbox 183 400 971 438">
     <span class='ocr_line' id='line_1_9' title="bbox 183 400 971 438; baseline 0.001 -11"><span class='ocrx_word' id='word_1_57' title='bbox 183 400 294 428; x_wconf 76' lang='grc' dir='ltr'>καὶτῶν</span> <span class='ocrx_word' id='word_1_58' title='bbox 312 401 396 427; x_wconf 84' lang='grc' dir='ltr'>πάλαι</span> <span class='ocrx_word' id='word_1_59' title='bbox 411 400 504 437; x_wconf 69' lang='grc' dir='ltr'>(ὀλίγοι</span> <span class='ocrx_word' id='word_1_60' title='bbox 519 402 573 438; x_wconf 86' lang='grc' dir='ltr'><strong>γὰρ</strong></span> <span class='ocrx_word' id='word_1_61' title='bbox 587 403 612 428; x_wconf 88' lang='grc' dir='ltr'><strong>οἱ</strong></span> <span class='ocrx_word' id='word_1_62' title='bbox 629 402 675 429; x_wconf 83' lang='grc' dir='ltr'><strong>τοῦ</strong></span> <span class='ocrx_word' id='word_1_63' title='bbox 687 402 764 434; x_wconf 82' lang='grc' dir='ltr'>Θεοῦ,</span> <span class='ocrx_word' id='word_1_64' title='bbox 776 403 801 429; x_wconf 84' lang='grc' dir='ltr'>εἰ</span> <span class='ocrx_word' id='word_1_65' title='bbox 815 403 862 429; x_wconf 82' lang='grc' dir='ltr'>καὶ</span> <span class='ocrx_word' id='word_1_66' title='bbox 872 402 971 434; x_wconf 79' lang='grc' dir='ltr'>πάντες</span> 
     </span>
    </p>
   </div>
   <div class='ocr_carea' id='block_1_10' title="bbox 185 446 972 485">
    <p class='ocr_par' dir='ltr' id='par_1_10' title="bbox 185 446 972 485">
     <span class='ocr_line' id='line_1_10' title="bbox 185 446 972 485; baseline 0.001 -11"><span class='ocrx_word' id='word_1_67' title='bbox 185 446 532 483; x_wconf 82' lang='grc' dir='ltr'>πλάσματα),νομοθέταις,</span> <span class='ocrx_word' id='word_1_68' title='bbox 548 450 721 484; x_wconf 71' lang='grc' dir='ltr'><strong>στρατηγοῖς,</strong></span> <span class='ocrx_word' id='word_1_69' title='bbox 739 448 850 484; x_wconf 75' lang='grc' dir='ltr'>ἱερεῦσι,</span> <span class='ocrx_word' id='word_1_70' title='bbox 864 449 972 485; x_wconf 81' lang='grc' dir='ltr'>προφή-</span> 
     </span>
    </p>
   </div>
   <div class='ocr_carea' id='block_1_11' title="bbox 185 491 973 529">
    <p class='ocr_par' dir='ltr' id='par_1_11' title="bbox 185 491 973 529">
     <span class='ocr_line' id='line_1_11' title="bbox 185 491 973 529; baseline 0.003 -10"><span class='ocrx_word' id='word_1_71' title='bbox 185 501 254 526; x_wconf 86' lang='grc' dir='ltr'>ταις,</span> <span class='ocrx_word' id='word_1_72' title='bbox 269 491 485 527; x_wconf 78' lang='grc' dir='ltr'>εὐαγγελισταίς,</span> <span class='ocrx_word' id='word_1_73' title='bbox 508 493 676 526; x_wconf 83' lang='grc' dir='ltr'><strong>ἀποστόλοις,</strong></span> <span class='ocrx_word' id='word_1_74' title='bbox 701 495 823 529; x_wconf 80' lang='grc' dir='ltr'>ποιμέσι,</span> <span class='ocrx_word' id='word_1_75' title='bbox 846 494 973 521; x_wconf 79' lang='grc' dir='ltr'>διδασκά-</span> 
     </span>
    </p>
   </div>
   <div class='ocr_carea' id='block_1_12' title="bbox 186 537 973 575">
    <p class='ocr_par' dir='ltr' id='par_1_12' title="bbox 186 537 973 575">
     <span class='ocr_line' id='line_1_12' title="bbox 186 537 973 575; baseline 0.003 -11"><span class='ocrx_word' id='word_1_76' title='bbox 186 537 251 570; x_wconf 77' lang='grc' dir='ltr'>λοις,</span> <span class='ocrx_word' id='word_1_77' title='bbox 266 538 314 565; x_wconf 73' lang='grc' dir='ltr'>καὶ</span> <span class='ocrx_word' id='word_1_78' title='bbox 328 537 385 574; x_wconf 78' lang='grc'><strong>(58)</strong></span> <span class='ocrx_word' id='word_1_79' title='bbox 403 539 484 565; x_wconf 78' lang='grc' dir='ltr'>παντὶ</span> <span class='ocrx_word' id='word_1_80' title='bbox 500 539 677 574; x_wconf 81' lang='grc' dir='ltr'>πνευματικῷ</span> <span class='ocrx_word' id='word_1_81' title='bbox 692 540 854 575; x_wconf 77' lang='grc' dir='ltr'><strong>πληρώματι</strong></span> <span class='ocrx_word' id='word_1_82' title='bbox 865 540 912 567; x_wconf 68' lang='grc' dir='ltr'>καὶ</span> <span class='ocrx_word' id='word_1_83' title='bbox 926 549 973 566; x_wconf 89' lang='grc' dir='ltr'>συ-</span> 
     </span>
    </p>
   </div>
   <div class='ocr_carea' id='block_1_13' title="bbox 188 583 971 621">
    <p class='ocr_par' dir='ltr' id='par_1_13' title="bbox 188 583 971 621">
     <span class='ocr_line' id='line_1_13' title="bbox 188 583 971 621; baseline 0.004 -12"><span class='ocrx_word' id='word_1_84' title='bbox 188 584 315 618; x_wconf 81' lang='grc' dir='ltr'>στήματι,</span> <span class='ocrx_word' id='word_1_85' title='bbox 337 583 367 610; x_wconf 78' lang='grc' dir='ltr'>ἐν</span> <span class='ocrx_word' id='word_1_86' title='bbox 388 583 416 610; x_wconf 82' lang='grc' dir='ltr'><strong>δὲ</strong></span> <span class='ocrx_word' id='word_1_87' title='bbox 435 585 491 615; x_wconf 87' lang='grc' dir='ltr'>τοῖς</span> <span class='ocrx_word' id='word_1_88' title='bbox 507 584 584 616; x_wconf 76' lang='grc' dir='ltr'>πᾶσι,</span> <span class='ocrx_word' id='word_1_89' title='bbox 600 585 648 611; x_wconf 72' lang='grc' dir='ltr'>καὶ</span> <span class='ocrx_word' id='word_1_90' title='bbox 662 584 700 620; x_wconf 82' lang='grc' dir='ltr'>τῷ</span> <span class='ocrx_word' id='word_1_91' title='bbox 712 585 760 612; x_wconf 79' lang='grc' dir='ltr'>νῦν</span> <span class='ocrx_word' id='word_1_92' title='bbox 773 585 971 621; x_wconf 77' lang='grc' dir='ltr'><strong>ἐπαινουμένῳ.</strong></span> 
     </span>
    </p>
   </div>
   <div class='ocr_carea' id='block_1_14' title="bbox 186 628 973 667">
    <p class='ocr_par' dir='ltr' id='par_1_14' title="bbox 186 628 973 667">
     <span class='ocr_line' id='line_1_14' title="bbox 186 628 973 667; baseline 0.004 -12"><span class='ocrx_word' id='word_1_93' title='bbox 186 629 268 661; x_wconf 81' lang='grc' dir='ltr'>Τίνας</span> <span class='ocrx_word' id='word_1_94' title='bbox 280 629 312 664; x_wconf 82' lang='grc' dir='ltr'><strong>δὴ</strong></span> <span class='ocrx_word' id='word_1_95' title='bbox 326 629 397 664; x_wconf 81' lang='grc' dir='ltr'>λέγω</span> <span class='ocrx_word' id='word_1_96' title='bbox 411 629 540 663; x_wconf 72' lang='grc' dir='ltr'>τούτουςς</span> <span class='ocrx_word' id='word_1_97' title='bbox 556 628 618 657; x_wconf 78' lang='grc' dir='ltr'>Οἷον</span> <span class='ocrx_word' id='word_1_98' title='bbox 634 631 680 657; x_wconf 80' lang='grc' dir='ltr'>τὸν</span> <span class='ocrx_word' id='word_1_99' title='bbox 699 631 783 667; x_wconf 84' lang='grc' dir='ltr'>Ἑνὼχ</span> <span class='ocrx_word' id='word_1_100' title='bbox 799 632 912 664; x_wconf 80' lang='grc' dir='ltr'>ἐκεῖνον,</span> <span class='ocrx_word' id='word_1_101' title='bbox 928 632 973 658; x_wconf 84' lang='grc' dir='ltr'><strong>τὸν</strong></span> 
     </span>
    </p>
   </div>
   <div class='ocr_carea' id='block_1_15' title="bbox 186 675 974 711">
    <p class='ocr_par' dir='ltr' id='par_1_15' title="bbox 186 675 974 711">
     <span class='ocr_line' id='line_1_15' title="bbox 186 675 974 711; baseline 0.004 -10"><span class='ocrx_word' id='word_1_102' title='bbox 186 675 258 708; x_wconf 81' lang='grc' dir='ltr'>Νῶε,</span> <span class='ocrx_word' id='word_1_103' title='bbox 284 675 328 702; x_wconf 76' lang='grc' dir='ltr'><strong>τὸν</strong></span> <span class='ocrx_word' id='word_1_104' title='bbox 355 676 490 711; x_wconf 78' lang='grc' dir='ltr'>Ἀϐραὰμ,</span> <span class='ocrx_word' id='word_1_105' title='bbox 511 677 557 703; x_wconf 74' lang='grc' dir='ltr'><strong>τὸν</strong></span> <span class='ocrx_word' id='word_1_106' title='bbox 577 676 680 708; x_wconf 81' lang='grc' dir='ltr'>Ἰσαὰκ,</span> <span class='ocrx_word' id='word_1_107' title='bbox 708 677 754 704; x_wconf 83' lang='grc' dir='ltr'>τὸν</span> <span class='ocrx_word' id='word_1_108' title='bbox 781 677 888 710; x_wconf 76' lang='grc' dir='ltr'>Ἰακὼϐ,</span> <span class='ocrx_word' id='word_1_109' title='bbox 910 678 974 709; x_wconf 75' lang='grc' dir='ltr'>τοὺς</span> 
     </span>
    </p>
   </div>
   <div class='ocr_carea' id='block_1_16' title="bbox 186 722 972 760">
    <p class='ocr_par' dir='ltr' id='par_1_16' title="bbox 186 722 972 760">
     <span class='ocr_line' id='line_1_16' title="bbox 186 722 972 760; baseline 0.003 -12"><span class='ocrx_word' id='word_1_110' title='bbox 186 722 290 748; x_wconf 82' lang='grc' dir='ltr'>δώδεκα</span> <span class='ocrx_word' id='word_1_111' title='bbox 305 722 484 758; x_wconf 78' lang='grc' dir='ltr'><strong>πατριάρχας,</strong></span> <span class='ocrx_word' id='word_1_112' title='bbox 505 722 549 750; x_wconf 72' lang='grc' dir='ltr'>τὸν</span> <span class='ocrx_word' id='word_1_113' title='bbox 568 723 686 750; x_wconf 82' lang='grc' dir='ltr'>Μωῦσὲα</span> <span class='ocrx_word' id='word_1_114' title='bbox 703 724 769 759; x_wconf 79' lang='grc'><strong>(59),</strong></span> <span class='ocrx_word' id='word_1_115' title='bbox 793 724 838 751; x_wconf 78' lang='grc' dir='ltr'><strong>τὸν</strong></span> <span class='ocrx_word' id='word_1_116' title='bbox 858 724 972 760; x_wconf 78' lang='grc' dir='ltr'><strong>¹Λοιρὼν,</strong></span> 
     </span>
    </p>
   </div>
   <div class='ocr_carea' id='block_1_17' title="bbox 186 769 972 806">
    <p class='ocr_par' dir='ltr' id='par_1_17' title="bbox 186 769 972 806">
     <span class='ocr_line' id='line_1_17' title="bbox 186 769 972 806; baseline 0.001 -11"><span class='ocrx_word' id='word_1_117' title='bbox 186 769 231 796; x_wconf 77' lang='grc' dir='ltr'><strong>τον</strong></span> <span class='ocrx_word' id='word_1_118' title='bbox 254 769 366 805; x_wconf 80' lang='grc' dir='ltr'><strong>Ἰησοῦν,</strong></span> <span class='ocrx_word' id='word_1_119' title='bbox 383 771 446 802; x_wconf 79' lang='grc' dir='ltr'>τοὺς</span> <span class='ocrx_word' id='word_1_120' title='bbox 465 770 579 806; x_wconf 74' lang='grc' dir='ltr'>Κριτὰς,</span> <span class='ocrx_word' id='word_1_121' title='bbox 601 770 646 797; x_wconf 75' lang='grc' dir='ltr'><strong>τὸν</strong></span> <span class='ocrx_word' id='word_1_122' title='bbox 662 771 799 806; x_wconf 84' lang='grc' dir='ltr'><strong>Σαμουὴλ,</strong></span> <span class='ocrx_word' id='word_1_123' title='bbox 815 770 860 797; x_wconf 84' lang='grc' dir='ltr'>τὸν</span> <span class='ocrx_word' id='word_1_124' title='bbox 875 769 956 797; x_wconf 74' lang='grc' dir='ltr'>Δαϐιδ</span> <span class='ocrx_word' id='word_1_125' title='bbox 966 790 972 802; x_wconf 92' lang='grc'><strong>,</strong></span> 
     </span>
    </p>
   </div>
   <div class='ocr_carea' id='block_1_18' title="bbox 185 815 974 852">
    <p class='ocr_par' dir='ltr' id='par_1_18' title="bbox 185 815 974 852">
     <span class='ocr_line' id='line_1_18' title="bbox 185 815 974 852; baseline 0 -11"><span class='ocrx_word' id='word_1_126' title='bbox 185 815 232 841; x_wconf 76' lang='grc' dir='ltr'><strong>τὸν</strong></span> <span class='ocrx_word' id='word_1_127' title='bbox 245 815 404 850; x_wconf 84' lang='grc' dir='ltr'>Σολομῶντα</span> <span class='ocrx_word' id='word_1_128' title='bbox 426 816 507 852; x_wconf 81' lang='grc' dir='ltr'>μέχρι</span> <span class='ocrx_word' id='word_1_129' title='bbox 520 817 602 848; x_wconf 80' lang='grc' dir='ltr'>τινὸς,</span> <span class='ocrx_word' id='word_1_130' title='bbox 625 816 670 844; x_wconf 79' lang='grc' dir='ltr'>τὸν</span> <span class='ocrx_word' id='word_1_131' title='bbox 699 817 802 849; x_wconf 84' lang='grc' dir='ltr'>Ἠλίαν,</span> <span class='ocrx_word' id='word_1_132' title='bbox 825 816 870 843; x_wconf 79' lang='grc' dir='ltr'>τὸν</span> <span class='ocrx_word' id='word_1_133' title='bbox 889 816 974 842; x_wconf 81' lang='grc' dir='ltr'>Ἐλισ-</span> 
     </span>
    </p>
   </div>
   <div class='ocr_carea' id='block_1_19' title="bbox 187 863 975 900">
    <p class='ocr_par' dir='ltr' id='par_1_19' title="bbox 187 863 975 900">
     <span class='ocr_line' id='line_1_19' title="bbox 187 863 975 900; baseline -0.001 -11"><span class='ocrx_word' id='word_1_134' title='bbox 187 864 272 895; x_wconf 84' lang='grc' dir='ltr'>σαῖον,</span> <span class='ocrx_word' id='word_1_135' title='bbox 287 863 350 894; x_wconf 81' lang='grc' dir='ltr'>τοὺς</span> <span class='ocrx_word' id='word_1_136' title='bbox 362 863 414 900; x_wconf 73' lang='grc' dir='ltr'>πρὸ</span> <span class='ocrx_word' id='word_1_137' title='bbox 425 864 474 899; x_wconf 82' lang='grc' dir='ltr'>τῆς</span> <span class='ocrx_word' id='word_1_138' title='bbox 486 864 671 899; x_wconf 70' lang='grc' dir='ltr'>αἰχμαλωσίας</span> <span class='ocrx_word' id='word_1_139' title='bbox 685 864 838 899; x_wconf 76' lang='grc' dir='ltr'>προφήτας,</span> <span class='ocrx_word' id='word_1_140' title='bbox 853 863 915 894; x_wconf 85' lang='grc' dir='ltr'>τοὺς</span> <span class='ocrx_word' id='word_1_141' title='bbox 928 870 975 897; x_wconf 90' lang='grc' dir='ltr'>με-</span> 
     </span>
    </p>
   </div>
   <div class='ocr_carea' id='block_1_20' title="bbox 186 907 975 945">
    <p class='ocr_par' dir='ltr' id='par_1_20' title="bbox 186 907 975 945">
     <span class='ocr_line' id='line_1_20' title="bbox 186 907 975 945; baseline -0.001 -10"><span class='ocrx_word' id='word_1_142' title='bbox 186 908 221 935; x_wconf 80' lang='grc' dir='ltr'><strong>τὰ</strong></span> <span class='ocrx_word' id='word_1_143' title='bbox 233 908 281 944; x_wconf 79' lang='grc' dir='ltr'>τὴν</span> <span class='ocrx_word' id='word_1_144' title='bbox 297 909 485 944; x_wconf 77' lang='grc' dir='ltr'>αἰχμαλωσίαν</span> <span class='ocrx_word' id='word_1_145' title='bbox 497 919 502 924; x_wconf 93' lang='grc'><strong><em>-</em></strong></span> <span class='ocrx_word' id='word_1_146' title='bbox 516 910 562 936; x_wconf 70' lang='grc' dir='ltr'>καὶ</span> <span class='ocrx_word' id='word_1_147' title='bbox 574 910 628 945; x_wconf 72' lang='grc'><strong>(40)</strong></span> <span class='ocrx_word' id='word_1_148' title='bbox 642 909 677 936; x_wconf 81' lang='grc' dir='ltr'><strong>τὰ</strong></span> <span class='ocrx_word' id='word_1_149' title='bbox 690 910 831 936; x_wconf 84' lang='grc' dir='ltr'>τελευταῖα</span> <span class='ocrx_word' id='word_1_150' title='bbox 846 909 878 944; x_wconf 87' lang='grc' dir='ltr'><strong>δὴ</strong></span> <span class='ocrx_word' id='word_1_151' title='bbox 888 907 975 934; x_wconf 79' lang='grc' dir='ltr'>ταῦτα</span> 
     </span>
    </p>
   </div>
   <div class='ocr_carea' id='block_1_21' title="bbox 187 953 975 991">
    <p class='ocr_par' dir='ltr' id='par_1_21' title="bbox 187 953 975 991">
     <span class='ocr_line' id='line_1_21' title="bbox 187 953 975 991; baseline 0 -11"><span class='ocrx_word' id='word_1_152' title='bbox 187 954 219 990; x_wconf 86' lang='grc' dir='ltr'><strong>τῇ</strong></span> <span class='ocrx_word' id='word_1_153' title='bbox 237 954 322 986; x_wconf 74' lang='grc' dir='ltr'>τάξει,</span> <span class='ocrx_word' id='word_1_154' title='bbox 344 953 390 981; x_wconf 71' lang='grc' dir='ltr'><strong>καὶ</strong></span> <span class='ocrx_word' id='word_1_155' title='bbox 405 955 502 990; x_wconf 76' lang='grc' dir='ltr'>πρῶτα</span> <span class='ocrx_word' id='word_1_156' title='bbox 514 956 547 990; x_wconf 83' lang='grc' dir='ltr'>τῇ</span> <span class='ocrx_word' id='word_1_157' title='bbox 562 955 617 991; x_wconf 70' lang='grc'><strong>(41)</strong></span> <span class='ocrx_word' id='word_1_158' title='bbox 636 955 759 991; x_wconf 83' lang='grc' dir='ltr'>ἀληθείᾳ,</span> <span class='ocrx_word' id='word_1_159' title='bbox 778 955 828 981; x_wconf 83' lang='grc' dir='ltr'>ὅσα</span> <span class='ocrx_word' id='word_1_160' title='bbox 846 954 910 989; x_wconf 74' lang='grc' dir='ltr'>περὶ</span> <span class='ocrx_word' id='word_1_161' title='bbox 925 954 975 989; x_wconf 81' lang='grc' dir='ltr'>τὴν</span> 
     </span>
    </p>
   </div>
   <div class='ocr_carea' id='block_1_22' title="bbox 187 997 976 1035">
    <p class='ocr_par' dir='ltr' id='par_1_22' title="bbox 187 997 976 1035">
     <span class='ocr_line' id='line_1_22' title="bbox 187 997 976 1035; baseline 0.001 -12"><span class='ocrx_word' id='word_1_162' title='bbox 187 997 305 1034; x_wconf 76' lang='grc' dir='ltr'><strong>Χριστοῦ</strong></span> <span class='ocrx_word' id='word_1_163' title='bbox 320 999 466 1034; x_wconf 85' lang='grc' dir='ltr'>σάρκωσιν,</span> <span class='ocrx_word' id='word_1_164' title='bbox 483 1000 542 1035; x_wconf 79' lang='grc' dir='ltr'>ἦτοι</span> <span class='ocrx_word' id='word_1_165' title='bbox 554 999 716 1035; x_wconf 70' lang='grc' dir='ltr'>πρόσληψιν,</span> <span class='ocrx_word' id='word_1_166' title='bbox 728 999 773 1025; x_wconf 78' lang='grc' dir='ltr'><strong>τὸν</strong></span> <span class='ocrx_word' id='word_1_167' title='bbox 793 998 846 1034; x_wconf 80' lang='grc' dir='ltr'>πρὸ</span> <span class='ocrx_word' id='word_1_168' title='bbox 862 997 908 1024; x_wconf 83' lang='grc' dir='ltr'>τοῦ</span> <span class='ocrx_word' id='word_1_169' title='bbox 923 1006 976 1032; x_wconf 78' lang='grc' dir='ltr'>φω-</span> 
     </span>
    </p>
   </div>
   <div class='ocr_carea' id='block_1_23' title="bbox 186 1043 974 1081">
    <p class='ocr_par' dir='ltr' id='par_1_23' title="bbox 186 1043 974 1081">
     <span class='ocr_line' id='line_1_23' title="bbox 186 1043 974 1081; baseline 0 -11"><span class='ocrx_word' id='word_1_170' title='bbox 186 1044 232 1075; x_wconf 74' lang='grc' dir='ltr'>τὸς</span> <span class='ocrx_word' id='word_1_171' title='bbox 251 1044 356 1079; x_wconf 81' lang='grc' dir='ltr'>λύχνον,</span> <span class='ocrx_word' id='word_1_172' title='bbox 372 1045 421 1080; x_wconf 79' lang='grc' dir='ltr'>τὴν</span> <span class='ocrx_word' id='word_1_173' title='bbox 441 1045 494 1081; x_wconf 76' lang='grc' dir='ltr'>πρὸ</span> <span class='ocrx_word' id='word_1_174' title='bbox 510 1045 557 1071; x_wconf 79' lang='grc' dir='ltr'><strong>τοῦ</strong></span> <span class='ocrx_word' id='word_1_175' title='bbox 581 1045 669 1080; x_wconf 82' lang='grc' dir='ltr'>Λόγου</span> <span class='ocrx_word' id='word_1_176' title='bbox 685 1045 787 1080; x_wconf 80' lang='grc' dir='ltr'>φωνὴν,</span> <span class='ocrx_word' id='word_1_177' title='bbox 803 1044 849 1071; x_wconf 74' lang='grc' dir='ltr'>τὸν</span> <span class='ocrx_word' id='word_1_178' title='bbox 863 1044 916 1080; x_wconf 79' lang='grc' dir='ltr'><strong>πρὸ</strong></span> <span class='ocrx_word' id='word_1_179' title='bbox 928 1043 974 1070; x_wconf 84' lang='grc' dir='ltr'>τοῦ</span> 
     </span>
    </p>
   </div>
   <div class='ocr_carea' id='block_1_24' title="bbox 187 1089 976 1126">
    <p class='ocr_par' dir='ltr' id='par_1_24' title="bbox 187 1089 976 1126">
     <span class='ocr_line' id='line_1_24' title="bbox 187 1089 976 1126; baseline 0 -11"><span class='ocrx_word' id='word_1_180' title='bbox 187 1089 306 1116; x_wconf 64' lang='lat' dir='ltr'><strong>iliaci-too</strong></span> <span class='ocrx_word' id='word_1_181' title='bbox 326 1091 448 1126; x_wconf 77' lang='grc' dir='ltr'>μεσίτην,</span> <span class='ocrx_word' id='word_1_182' title='bbox 478 1090 590 1126; x_wconf 81' lang='grc' dir='ltr'>μεσίτην</span> <span class='ocrx_word' id='word_1_183' title='bbox 617 1090 737 1122; x_wconf 81' lang='grc' dir='ltr'>Παλαιᾶς</span> <span class='ocrx_word' id='word_1_184' title='bbox 764 1089 901 1125; x_wconf 78' lang='grc' dir='ltr'>Διαθήκης</span> <span class='ocrx_word' id='word_1_185' title='bbox 929 1089 976 1116; x_wconf 75' lang='grc' dir='ltr'>καὶ</span> 
     </span>
    </p>
   </div>
   <div class='ocr_carea' id='block_1_25' title="bbox 187 1134 974 1172">
    <p class='ocr_par' dir='ltr' id='par_1_25' title="bbox 187 1134 974 1172">
     <span class='ocr_line' id='line_1_25' title="bbox 187 1134 974 1172; baseline -0.001 -11"><span class='ocrx_word' id='word_1_186' title='bbox 187 1134 269 1167; x_wconf 79' lang='grc' dir='ltr'>Νέας,</span> <span class='ocrx_word' id='word_1_187' title='bbox 292 1135 418 1172; x_wconf 80' lang='grc' dir='ltr'>Ἰωάννην</span> <span class='ocrx_word' id='word_1_188' title='bbox 443 1135 489 1162; x_wconf 74' lang='grc' dir='ltr'>τὸν</span> <span class='ocrx_word' id='word_1_189' title='bbox 512 1136 592 1167; x_wconf 77' lang='grc' dir='ltr'>πάνυ,</span> <span class='ocrx_word' id='word_1_190' title='bbox 617 1136 681 1168; x_wconf 79' lang='grc' dir='ltr'>τοὺς</span> <span class='ocrx_word' id='word_1_191' title='bbox 702 1134 820 1171; x_wconf 75' lang='grc' dir='ltr'>Χριστοῦ</span> <span class='ocrx_word' id='word_1_192' title='bbox 842 1134 974 1170; x_wconf 78' lang='grc' dir='ltr'>μαθητὰς,</span> 
     </span>
    </p>
   </div>
   <div class='ocr_carea' id='block_1_26' title="bbox 187 1179 976 1217">
    <p class='ocr_par' dir='ltr' id='par_1_26' title="bbox 187 1179 976 1217">
     <span class='ocr_line' id='line_1_26' title="bbox 187 1179 976 1217; baseline 0 -12"><span class='ocrx_word' id='word_1_193' title='bbox 187 1180 250 1212; x_wconf 71' lang='grc' dir='ltr'>τοὺς</span> <span class='ocrx_word' id='word_1_194' title='bbox 264 1180 331 1215; x_wconf 86' lang='grc' dir='ltr'>μετὰ</span> <span class='ocrx_word' id='word_1_195' title='bbox 347 1181 473 1216; x_wconf 77' lang='grc' dir='ltr'>Χριστὸν,</span> <span class='ocrx_word' id='word_1_196' title='bbox 485 1181 501 1217; x_wconf 85' lang='grc' dir='ltr'>ἢ</span> <span class='ocrx_word' id='word_1_197' title='bbox 515 1181 580 1207; x_wconf 87' lang='grc' dir='ltr'>λαοῦ</span> <span class='ocrx_word' id='word_1_198' title='bbox 593 1180 861 1216; x_wconf 77' lang='grc' dir='ltr'>προκαθεσθέντας,ἢ</span> <span class='ocrx_word' id='word_1_199' title='bbox 875 1179 918 1206; x_wconf 79' lang='grc' dir='ltr'>διὰ</span> <span class='ocrx_word' id='word_1_200' title='bbox 932 1180 976 1205; x_wconf 78' lang='grc' dir='ltr'><strong>λὸ-</strong></span> 
     </span>
    </p>
   </div>
   <div class='ocr_carea' id='block_1_27' title="bbox 187 1225 972 1263">
    <p class='ocr_par' dir='ltr' id='par_1_27' title="bbox 187 1225 972 1263">
     <span class='ocr_line' id='line_1_27' title="bbox 187 1225 972 1263; baseline 0.001 -12"><span class='ocrx_word' id='word_1_201' title='bbox 187 1233 236 1259; x_wconf 88' lang='grc' dir='ltr'><strong>γου</strong></span> <span class='ocrx_word' id='word_1_202' title='bbox 247 1227 463 1261; x_wconf 74' lang='grc' dir='ltr'>φανερωθέντας,</span> <span class='ocrx_word' id='word_1_203' title='bbox 476 1227 492 1262; x_wconf 87' lang='grc' dir='ltr'>ἢ</span> <span class='ocrx_word' id='word_1_204' title='bbox 506 1227 549 1254; x_wconf 85' lang='grc' dir='ltr'>διὰ</span> <span class='ocrx_word' id='word_1_205' title='bbox 559 1227 679 1263; x_wconf 82' lang='grc' dir='ltr'>σημείων</span> <span class='ocrx_word' id='word_1_206' title='bbox 690 1226 890 1262; x_wconf 75' lang='grc' dir='ltr'>γνωρισθέντας</span> <span class='ocrx_word' id='word_1_207' title='bbox 905 1225 972 1261; x_wconf 63' lang='lat'><strong>(-52),</strong></span> 
     </span>
    </p>
   </div>
   <div class='ocr_carea' id='block_1_28' title="bbox 187 1270 593 1308">
    <p class='ocr_par' dir='ltr' id='par_1_28' title="bbox 187 1270 593 1308">
     <span class='ocr_line' id='line_1_28' title="bbox 187 1270 593 1308; baseline 0.005 -11"><span class='ocrx_word' id='word_1_208' title='bbox 187 1270 206 1307; x_wconf 72' lang='grc' dir='ltr'>ἦ</span> <span class='ocrx_word' id='word_1_209' title='bbox 217 1271 408 1304; x_wconf 76' lang='grc' dir='ltr'><strong>τελειωθέντας</strong></span> <span class='ocrx_word' id='word_1_210' title='bbox 422 1272 455 1299; x_wconf 75' lang='grc' dir='ltr'>δι’</span> <span class='ocrx_word' id='word_1_211' title='bbox 467 1273 593 1308; x_wconf 80' lang='grc' dir='ltr'>αἵματος.</span> 
     </span>
    </p>
   </div>
   <div class='ocr_carea' id='block_1_29' title="bbox 1022 394 1807 436">
    <p class='ocr_par' dir='ltr' id='par_1_29' title="bbox 1022 394 1807 436">
     <span class='ocr_line' id='line_1_29' title="bbox 1022 394 1807 436; baseline -0.01 -8"><span class='ocrx_word' id='word_1_212' title='bbox 1022 401 1119 436; x_wconf 82' lang='lat' dir='ltr'><strong>priscis</strong></span> <span class='ocrx_word' id='word_1_213' title='bbox 1144 399 1298 427; x_wconf 83' lang='lat' dir='ltr'><strong>hominibus</strong></span> <span class='ocrx_word' id='word_1_214' title='bbox 1319 406 1391 426; x_wconf 63' lang='lat' dir='ltr'><strong>cura;</strong></span> <span class='ocrx_word' id='word_1_215' title='bbox 1417 405 1448 425; x_wconf 84' lang='lat' dir='ltr'><strong>ac</strong></span> <span class='ocrx_word' id='word_1_216' title='bbox 1465 396 1555 425; x_wconf 88' lang='lat' dir='ltr'><strong>studio</strong></span> <span class='ocrx_word' id='word_1_217' title='bbox 1583 395 1692 423; x_wconf 79' lang='lat' dir='ltr'><strong>fuerunt</strong></span> <span class='ocrx_word' id='word_1_218' title='bbox 1711 394 1807 431; x_wconf 73' lang='lat' dir='ltr'><strong>(pauci</strong></span> 
     </span>
    </p>
   </div>
   <div class='ocr_carea' id='block_1_30' title="bbox 1021 441 1808 480">
    <p class='ocr_par' dir='ltr' id='par_1_30' title="bbox 1021 441 1808 480">
     <span class='ocr_line' id='line_1_30' title="bbox 1021 441 1808 480; baseline -0.01 -5"><span class='ocrx_word' id='word_1_219' title='bbox 1021 447 1094 476; x_wconf 91' lang='lat' dir='ltr'><strong>enim</strong></span> <span class='ocrx_word' id='word_1_220' title='bbox 1122 446 1169 474; x_wconf 92' lang='lat' dir='ltr'><strong>Dei</strong></span> <span class='ocrx_word' id='word_1_221' title='bbox 1198 450 1276 478; x_wconf 85' lang='lat' dir='ltr'><strong>sunt,</strong></span> <span class='ocrx_word' id='word_1_222' title='bbox 1301 444 1425 480; x_wconf 78' lang='lat' dir='ltr'><strong>quamvis</strong></span> <span class='ocrx_word' id='word_1_223' title='bbox 1448 451 1545 471; x_wconf 88' lang='lat' dir='ltr'><strong>omnes</strong></span> <span class='ocrx_word' id='word_1_224' title='bbox 1572 442 1656 478; x_wconf 85' lang='lat' dir='ltr'><strong>ipsius</strong></span> <span class='ocrx_word' id='word_1_225' title='bbox 1681 441 1808 476; x_wconf 75' lang='lat' dir='ltr'><strong>ﬁgmenta</strong></span> 
     </span>
    </p>
   </div>
   <div class='ocr_carea' id='block_1_31' title="bbox 1022 486 1807 528">
    <p class='ocr_par' dir='ltr' id='par_1_31' title="bbox 1022 486 1807 528">
     <span class='ocr_line' id='line_1_31' title="bbox 1022 486 1807 528; baseline -0.011 -7"><span class='ocrx_word' id='word_1_226' title='bbox 1022 493 1107 528; x_wconf 87' lang='lat' dir='ltr'><strong>sint),</strong></span> <span class='ocrx_word' id='word_1_227' title='bbox 1124 491 1340 528; x_wconf 77' lang='lat' dir='ltr'><strong>legislateribns,</strong></span> <span class='ocrx_word' id='word_1_228' title='bbox 1351 490 1454 518; x_wconf 85' lang='lat' dir='ltr'><strong>bellicis</strong></span> <span class='ocrx_word' id='word_1_229' title='bbox 1466 489 1579 517; x_wconf 91' lang='lat' dir='ltr'><strong>ducibus</strong></span> <span class='ocrx_word' id='word_1_230' title='bbox 1589 507 1596 521; x_wconf 89' lang='lat'><strong>,</strong></span> <span class='ocrx_word' id='word_1_231' title='bbox 1610 486 1807 518; x_wconf 87' lang='lat' dir='ltr'><strong>sacerdotibus,</strong></span> 
     </span>
    </p>
   </div>
   <div class='ocr_carea' id='block_1_32' title="bbox 1024 532 1810 575">
    <p class='ocr_par' dir='ltr' id='par_1_32' title="bbox 1024 532 1810 575">
     <span class='ocr_line' id='line_1_32' title="bbox 1024 532 1810 575; baseline -0.008 -8"><span class='ocrx_word' id='word_1_232' title='bbox 1024 539 1171 575; x_wconf 82' lang='lat' dir='ltr'><strong>prophetis,</strong></span> <span class='ocrx_word' id='word_1_233' title='bbox 1185 537 1368 573; x_wconf 83' lang='lat' dir='ltr'><strong>evangelistis,</strong></span> <span class='ocrx_word' id='word_1_234' title='bbox 1382 537 1521 571; x_wconf 82' lang='lat' dir='ltr'><strong>apostolis,</strong></span> <span class='ocrx_word' id='word_1_235' title='bbox 1535 533 1698 570; x_wconf 80' lang='lat' dir='ltr'><strong>pastoribus,</strong></span> <span class='ocrx_word' id='word_1_236' title='bbox 1714 532 1810 561; x_wconf 75' lang='lat' dir='ltr'><strong>docto:</strong></span> 
     </span>
    </p>
   </div>
   <div class='ocr_carea' id='block_1_33' title="bbox 1024 578 1806 619">
    <p class='ocr_par' dir='ltr' id='par_1_33' title="bbox 1024 578 1806 619">
     <span class='ocr_line' id='line_1_33' title="bbox 1024 578 1806 619; baseline -0.012 -6"><span class='ocrx_word' id='word_1_237' title='bbox 1024 586 1120 619; x_wconf 85' lang='lat' dir='ltr'><strong>ribus,</strong></span> <span class='ocrx_word' id='word_1_238' title='bbox 1154 584 1282 618; x_wconf 92' lang='lat' dir='ltr'><strong>omnique</strong></span> <span class='ocrx_word' id='word_1_239' title='bbox 1310 582 1444 618; x_wconf 88' lang='lat' dir='ltr'><strong>spirituali</strong></span> <span class='ocrx_word' id='word_1_240' title='bbox 1470 581 1551 609; x_wconf 75' lang='lat' dir='ltr'><strong>cmlui</strong></span> <span class='ocrx_word' id='word_1_241' title='bbox 1587 585 1665 614; x_wconf 85' lang='lat' dir='ltr'><strong>atque</strong></span> <span class='ocrx_word' id='word_1_242' title='bbox 1691 578 1806 614; x_wconf 77' lang='lat' dir='ltr'><strong>agmini,</strong></span> 
     </span>
    </p>
   </div>
   <div class='ocr_carea' id='block_1_34' title="bbox 1024 623 1808 661">
    <p class='ocr_par' dir='ltr' id='par_1_34' title="bbox 1024 623 1808 661">
     <span class='ocr_line' id='line_1_34' title="bbox 1024 623 1808 661; baseline -0.011 -2"><span class='ocrx_word' id='word_1_243' title='bbox 1024 632 1095 659; x_wconf 91' lang='lat' dir='ltr'><strong>inter</strong></span> <span class='ocrx_word' id='word_1_244' title='bbox 1109 638 1205 658; x_wconf 88' lang='lat' dir='ltr'><strong>omnes</strong></span> <span class='ocrx_word' id='word_1_245' title='bbox 1218 633 1309 656; x_wconf 87' lang='lat' dir='ltr'><strong>autem</strong></span> <span class='ocrx_word' id='word_1_246' title='bbox 1324 635 1372 655; x_wconf 90' lang='lat' dir='ltr'><strong>eos</strong></span> <span class='ocrx_word' id='word_1_247' title='bbox 1385 627 1448 655; x_wconf 89' lang='lat' dir='ltr'><strong>huic</strong></span> <span class='ocrx_word' id='word_1_248' title='bbox 1465 634 1583 661; x_wconf 88' lang='lat' dir='ltr'><strong>quoque,</strong></span> <span class='ocrx_word' id='word_1_249' title='bbox 1609 625 1635 653; x_wconf 94' lang='lat' dir='ltr'><strong>in</strong></span> <span class='ocrx_word' id='word_1_250' title='bbox 1654 624 1737 659; x_wconf 81' lang='lat' dir='ltr'><strong>cujus</strong></span> <span class='ocrx_word' id='word_1_251' title='bbox 1748 623 1808 650; x_wconf 87' lang='lat' dir='ltr'><strong>lau-</strong></span> 
     </span>
    </p>
   </div>
   <div class='ocr_carea' id='block_1_35' title="bbox 1025 669 1809 705">
    <p class='ocr_par' dir='ltr' id='par_1_35' title="bbox 1025 669 1809 705">
     <span class='ocr_line' id='line_1_35' title="bbox 1025 669 1809 705; baseline -0.011 -1"><span class='ocrx_word' id='word_1_252' title='bbox 1025 678 1084 704; x_wconf 89' lang='lat' dir='ltr'><strong>dem</strong></span> <span class='ocrx_word' id='word_1_253' title='bbox 1095 677 1153 703; x_wconf 74' lang='lat' dir='ltr'><strong>hmc</strong></span> <span class='ocrx_word' id='word_1_254' title='bbox 1168 683 1182 702; x_wconf 89' lang='lat' dir='ltr'><strong>a</strong></span> <span class='ocrx_word' id='word_1_255' title='bbox 1200 675 1277 702; x_wconf 86' lang='lat' dir='ltr'><strong>nobis</strong></span> <span class='ocrx_word' id='word_1_256' title='bbox 1293 674 1408 701; x_wconf 88' lang='lat' dir='ltr'><strong>habetur</strong></span> <span class='ocrx_word' id='word_1_257' title='bbox 1423 673 1522 700; x_wconf 88' lang='lat' dir='ltr'><strong>oratio.</strong></span> <span class='ocrx_word' id='word_1_258' title='bbox 1546 671 1618 705; x_wconf 81' lang='lat' dir='ltr'><strong>Quos</strong></span> <span class='ocrx_word' id='word_1_259' title='bbox 1636 670 1743 697; x_wconf 82' lang='lat' dir='ltr'><strong>tandem</strong></span> <span class='ocrx_word' id='word_1_260' title='bbox 1761 669 1809 696; x_wconf 92' lang='lat' dir='ltr'><strong>hos</strong></span> 
     </span>
    </p>
   </div>
   <div class='ocr_carea' id='block_1_36' title="bbox 1026 713 1809 751">
    <p class='ocr_par' dir='ltr' id='par_1_36' title="bbox 1026 713 1809 751">
     <span class='ocr_line' id='line_1_36' title="bbox 1026 713 1809 751; baseline -0.013 -1"><span class='ocrx_word' id='word_1_261' title='bbox 1026 722 1106 750; x_wconf 82' lang='lat' dir='ltr'><strong>dico?</strong></span> <span class='ocrx_word' id='word_1_262' title='bbox 1122 720 1214 748; x_wconf 87' lang='lat' dir='ltr'><strong>Enoch</strong></span> <span class='ocrx_word' id='word_1_263' title='bbox 1239 720 1324 751; x_wconf 82' lang='lat' dir='ltr'><strong>illum,</strong></span> <span class='ocrx_word' id='word_1_264' title='bbox 1340 718 1414 750; x_wconf 84' lang='lat' dir='ltr'><strong>Noe,</strong></span> <span class='ocrx_word' id='word_1_265' title='bbox 1437 717 1583 748; x_wconf 84' lang='lat' dir='ltr'><strong>Abraham,</strong></span> <span class='ocrx_word' id='word_1_266' title='bbox 1608 715 1692 746; x_wconf 87' lang='lat' dir='ltr'><strong>Isaac,</strong></span> <span class='ocrx_word' id='word_1_267' title='bbox 1715 713 1809 745; x_wconf 72' lang='lat' dir='ltr'><strong>Iacob,</strong></span> 
     </span>
    </p>
   </div>
   <div class='ocr_carea' id='block_1_37' title="bbox 1025 760 1810 802">
    <p class='ocr_par' dir='ltr' id='par_1_37' title="bbox 1025 760 1810 802">
     <span class='ocr_line' id='line_1_37' title="bbox 1025 760 1810 802; baseline -0.013 -6"><span class='ocrx_word' id='word_1_268' title='bbox 1025 768 1166 796; x_wconf 91' lang='lat' dir='ltr'><strong>duodecim</strong></span> <span class='ocrx_word' id='word_1_269' title='bbox 1186 766 1366 802; x_wconf 80' lang='lat' dir='ltr'><strong>patriarchas,</strong></span> <span class='ocrx_word' id='word_1_270' title='bbox 1387 764 1517 799; x_wconf 71' lang='lat' dir='ltr'><strong>Moysen],</strong></span> <span class='ocrx_word' id='word_1_271' title='bbox 1543 762 1688 792; x_wconf 79' lang='lat' dir='ltr'><strong>Aaronem,</strong></span> <span class='ocrx_word' id='word_1_272' title='bbox 1709 760 1810 792; x_wconf 69' lang='lat' dir='ltr'><strong>Iosue,</strong></span> 
     </span>
    </p>
   </div>
   <div class='ocr_carea' id='block_1_38' title="bbox 1025 805 1811 844">
    <p class='ocr_par' dir='ltr' id='par_1_38' title="bbox 1025 805 1811 844">
     <span class='ocr_line' id='line_1_38' title="bbox 1025 805 1811 844; baseline -0.013 -4"><span class='ocrx_word' id='word_1_273' title='bbox 1025 811 1145 844; x_wconf 78' lang='lat' dir='ltr'><strong>Judices,</strong></span> <span class='ocrx_word' id='word_1_274' title='bbox 1165 810 1330 842; x_wconf 85' lang='lat' dir='ltr'><strong>Samuelem,</strong></span> <span class='ocrx_word' id='word_1_275' title='bbox 1353 809 1491 841; x_wconf 88' lang='lat' dir='ltr'><strong>Davidem,</strong></span> <span class='ocrx_word' id='word_1_276' title='bbox 1507 807 1677 834; x_wconf 85' lang='lat' dir='ltr'><strong>Salomonem</strong></span> <span class='ocrx_word' id='word_1_277' title='bbox 1689 805 1811 839; x_wconf 87' lang='lat' dir='ltr'><strong>aliquan-</strong></span> 
     </span>
    </p>
   </div>
   <div class='ocr_carea' id='block_1_39' title="bbox 1027 850 1810 892">
    <p class='ocr_par' dir='ltr' id='par_1_39' title="bbox 1027 850 1810 892">
     <span class='ocr_line' id='line_1_39' title="bbox 1027 850 1810 892; baseline -0.009 -8"><span class='ocrx_word' id='word_1_278' title='bbox 1027 857 1122 892; x_wconf 87' lang='lat' dir='ltr'><strong>tisper,</strong></span> <span class='ocrx_word' id='word_1_279' title='bbox 1137 856 1234 890; x_wconf 83' lang='lat' dir='ltr'><strong>Eliam,</strong></span> <span class='ocrx_word' id='word_1_280' title='bbox 1254 855 1390 887; x_wconf 68' lang='lat' dir='ltr'><strong>Elisazum,</strong></span> <span class='ocrx_word' id='word_1_281' title='bbox 1407 854 1565 889; x_wconf 78' lang='lat' dir='ltr'><strong>prophetas,</strong></span> <span class='ocrx_word' id='word_1_282' title='bbox 1579 851 1626 887; x_wconf 84' lang='lat' dir='ltr'><strong>qui</strong></span> <span class='ocrx_word' id='word_1_283' title='bbox 1641 850 1683 878; x_wconf 82' lang='lat' dir='ltr'><strong>vel</strong></span> <span class='ocrx_word' id='word_1_284' title='bbox 1698 850 1810 885; x_wconf 81' lang='lat' dir='ltr'><strong>captivi-</strong></span> 
     </span>
    </p>
   </div>
   <div class='ocr_carea' id='block_1_40' title="bbox 1027 895 1810 933">
    <p class='ocr_par' dir='ltr' id='par_1_40' title="bbox 1027 895 1810 933">
     <span class='ocr_line' id='line_1_40' title="bbox 1027 895 1810 933; baseline -0.009 -3"><span class='ocrx_word' id='word_1_285' title='bbox 1027 908 1108 931; x_wconf 80' lang='lat' dir='ltr'><strong>tatem</strong></span> <span class='ocrx_word' id='word_1_286' title='bbox 1138 904 1355 932; x_wconf 86' lang='lat' dir='ltr'><strong>antccesserunt,</strong></span> <span class='ocrx_word' id='word_1_287' title='bbox 1397 898 1439 926; x_wconf 91' lang='lat' dir='ltr'><strong>vel</strong></span> <span class='ocrx_word' id='word_1_288' title='bbox 1469 902 1530 933; x_wconf 89' lang='lat' dir='ltr'><strong>post</strong></span> <span class='ocrx_word' id='word_1_289' title='bbox 1553 904 1613 924; x_wconf 86' lang='lat' dir='ltr'><strong>eam</strong></span> <span class='ocrx_word' id='word_1_290' title='bbox 1640 895 1810 923; x_wconf 81' lang='lat' dir='ltr'><strong>exstiterunt.</strong></span> 
     </span>
    </p>
   </div>
   <div class='ocr_carea' id='block_1_41' title="bbox 1026 945 1811 983">
    <p class='ocr_par' dir='ltr' id='par_1_41' title="bbox 1026 945 1811 983">
     <span class='ocr_line' id='line_1_41' title="bbox 1026 945 1811 983; baseline -0.013 -7"><span class='ocrx_word' id='word_1_291' title='bbox 1026 950 1113 983; x_wconf 91' lang='lat' dir='ltr'><strong>Atque</strong></span> <span class='ocrx_word' id='word_1_292' title='bbox 1137 948 1204 980; x_wconf 57' lang='lat' dir='ltr'><strong>hac,</strong></span> <span class='ocrx_word' id='word_1_293' title='bbox 1230 946 1325 974; x_wconf 88' lang='lat' dir='ltr'><strong>ordine</strong></span> <span class='ocrx_word' id='word_1_294' title='bbox 1357 945 1465 980; x_wconf 91' lang='lat' dir='ltr'><strong>quidem</strong></span> <span class='ocrx_word' id='word_1_295' title='bbox 1493 947 1653 978; x_wconf 76' lang='lat' dir='ltr'><strong>postrema,</strong></span> <span class='ocrx_word' id='word_1_296' title='bbox 1685 945 1811 968; x_wconf 69' lang='lat' dir='ltr'><strong>caeterum</strong></span> 
     </span>
    </p>
   </div>
   <div class='ocr_carea' id='block_1_42' title="bbox 1026 986 1814 1029">
    <p class='ocr_par' dir='ltr' id='par_1_42' title="bbox 1026 986 1814 1029">
     <span class='ocr_line' id='line_1_42' title="bbox 1026 986 1814 1029; baseline -0.015 -6"><span class='ocrx_word' id='word_1_297' title='bbox 1026 1002 1121 1023; x_wconf 87' lang='lat' dir='ltr'><strong>revera</strong></span> <span class='ocrx_word' id='word_1_298' title='bbox 1145 994 1243 1029; x_wconf 86' lang='lat' dir='ltr'><strong>prima,</strong></span> <span class='ocrx_word' id='word_1_299' title='bbox 1267 999 1326 1027; x_wconf 67' lang='lat' dir='ltr'><strong>qua:</strong></span> <span class='ocrx_word' id='word_1_300' title='bbox 1353 990 1426 1018; x_wconf 89' lang='lat' dir='ltr'><strong>circa</strong></span> <span class='ocrx_word' id='word_1_301' title='bbox 1453 989 1554 1017; x_wconf 77' lang='lat' dir='ltr'><strong>Christi</strong></span> <span class='ocrx_word' id='word_1_302' title='bbox 1586 986 1814 1019; x_wconf 78' lang='lat' dir='ltr'><strong>lncarnationem,</strong></span> 
     </span>
    </p>
   </div>
   <div class='ocr_carea' id='block_1_43' title="bbox 1029 1031 1812 1072">
    <p class='ocr_par' dir='ltr' id='par_1_43' title="bbox 1029 1031 1812 1072">
     <span class='ocr_line' id='line_1_43' title="bbox 1029 1031 1812 1072; baseline -0.014 -3"><span class='ocrx_word' id='word_1_303' title='bbox 1029 1050 1076 1069; x_wconf 90' lang='lat' dir='ltr'><strong>seu</strong></span> <span class='ocrx_word' id='word_1_304' title='bbox 1091 1039 1267 1068; x_wconf 86' lang='lat' dir='ltr'><strong>humanitatis</strong></span> <span class='ocrx_word' id='word_1_305' title='bbox 1280 1037 1492 1072; x_wconf 89' lang='lat' dir='ltr'><strong>assumptionem</strong></span> <span class='ocrx_word' id='word_1_306' title='bbox 1503 1055 1510 1067; x_wconf 91' lang='lat'><strong>,</strong></span> <span class='ocrx_word' id='word_1_307' title='bbox 1531 1035 1713 1067; x_wconf 78' lang='lat' dir='ltr'><strong>contigerunt,</strong></span> <span class='ocrx_word' id='word_1_308' title='bbox 1731 1031 1812 1060; x_wconf 89' lang='lat' dir='ltr'><strong>nimi-</strong></span> 
     </span>
    </p>
   </div>
   <div class='ocr_carea' id='block_1_44' title="bbox 1031 1079 1813 1116">
    <p class='ocr_par' dir='ltr' id='par_1_44' title="bbox 1031 1079 1813 1116">
     <span class='ocr_line' id='line_1_44' title="bbox 1031 1079 1813 1116; baseline -0.012 -1"><span class='ocrx_word' id='word_1_309' title='bbox 1031 1097 1089 1116; x_wconf 91' lang='lat' dir='ltr'><strong>rum</strong></span> <span class='ocrx_word' id='word_1_310' title='bbox 1104 1088 1242 1114; x_wconf 84' lang='lat' dir='ltr'><strong>lucernam</strong></span> <span class='ocrx_word' id='word_1_311' title='bbox 1260 1085 1332 1112; x_wconf 84' lang='lat' dir='ltr'><strong>illam</strong></span> <span class='ocrx_word' id='word_1_312' title='bbox 1343 1088 1408 1111; x_wconf 89' lang='lat' dir='ltr'><strong>ante</strong></span> <span class='ocrx_word' id='word_1_313' title='bbox 1421 1083 1532 1114; x_wconf 89' lang='lat' dir='ltr'><strong>ancm,</strong></span> <span class='ocrx_word' id='word_1_314' title='bbox 1551 1088 1643 1109; x_wconf 91' lang='lat' dir='ltr'><strong>vocem</strong></span> <span class='ocrx_word' id='word_1_315' title='bbox 1667 1084 1729 1108; x_wconf 89' lang='lat' dir='ltr'><strong>ante</strong></span> <span class='ocrx_word' id='word_1_316' title='bbox 1745 1079 1813 1107; x_wconf 80' lang='lat' dir='ltr'><strong>Ver-</strong></span> 
     </span>
    </p>
   </div>
   <div class='ocr_carea' id='block_1_45' title="bbox 1030 1125 1814 1166">
    <p class='ocr_par' dir='ltr' id='par_1_45' title="bbox 1030 1125 1814 1166">
     <span class='ocr_line' id='line_1_45' title="bbox 1030 1125 1814 1166; baseline -0.013 -6"><span class='ocrx_word' id='word_1_317' title='bbox 1030 1134 1104 1166; x_wconf 87' lang='lat' dir='ltr'><strong>bum,</strong></span> <span class='ocrx_word' id='word_1_318' title='bbox 1119 1132 1296 1159; x_wconf 87' lang='lat' dir='ltr'><strong>mediatorem</strong></span> <span class='ocrx_word' id='word_1_319' title='bbox 1319 1133 1382 1157; x_wconf 87' lang='lat' dir='ltr'><strong>ante</strong></span> <span class='ocrx_word' id='word_1_320' title='bbox 1403 1128 1587 1160; x_wconf 84' lang='lat' dir='ltr'><strong>Mediatorem,</strong></span> <span class='ocrx_word' id='word_1_321' title='bbox 1613 1126 1665 1153; x_wconf 88' lang='lat' dir='ltr'><strong>hoc</strong></span> <span class='ocrx_word' id='word_1_322' title='bbox 1686 1130 1737 1157; x_wconf 86' lang='lat' dir='ltr'><strong>est,</strong></span> <span class='ocrx_word' id='word_1_323' title='bbox 1755 1125 1814 1151; x_wconf 81' lang='lat' dir='ltr'><strong>exi-</strong></span> 
     </span>
    </p>
   </div>
   <div class='ocr_carea' id='block_1_46' title="bbox 1031 1170 1809 1208">
    <p class='ocr_par' dir='ltr' id='par_1_46' title="bbox 1031 1170 1809 1208">
     <span class='ocr_line' id='line_1_46' title="bbox 1031 1170 1809 1208; baseline -0.009 -3"><span class='ocrx_word' id='word_1_324' title='bbox 1031 1179 1113 1206; x_wconf 87' lang='lat' dir='ltr'><strong>mium</strong></span> <span class='ocrx_word' id='word_1_325' title='bbox 1141 1177 1215 1204; x_wconf 90' lang='lat' dir='ltr'><strong>illum</strong></span> <span class='ocrx_word' id='word_1_326' title='bbox 1245 1175 1388 1208; x_wconf 85' lang='lat' dir='ltr'><strong>Joannem,</strong></span> <span class='ocrx_word' id='word_1_327' title='bbox 1412 1174 1458 1208; x_wconf 90' lang='lat' dir='ltr'><strong>qui</strong></span> <span class='ocrx_word' id='word_1_328' title='bbox 1485 1173 1588 1200; x_wconf 87' lang='lat' dir='ltr'><strong>medius</strong></span> <span class='ocrx_word' id='word_1_329' title='bbox 1603 1171 1673 1199; x_wconf 89' lang='lat' dir='ltr'><strong>inter</strong></span> <span class='ocrx_word' id='word_1_330' title='bbox 1688 1170 1809 1198; x_wconf 84' lang='lat' dir='ltr'><strong>Vetusot</strong></span> 
     </span>
    </p>
   </div>
   <div class='ocr_carea' id='block_1_47' title="bbox 1028 1215 1808 1252">
    <p class='ocr_par' dir='ltr' id='par_1_47' title="bbox 1028 1215 1808 1252">
     <span class='ocr_line' id='line_1_47' title="bbox 1028 1215 1808 1252; baseline -0.012 -1"><span class='ocrx_word' id='word_1_331' title='bbox 1028 1224 1129 1252; x_wconf 79' lang='lat' dir='ltr'><strong>Novum</strong></span> <span class='ocrx_word' id='word_1_332' title='bbox 1155 1223 1359 1250; x_wconf 87' lang='lat' dir='ltr'><strong>Testamentum</strong></span> <span class='ocrx_word' id='word_1_333' title='bbox 1382 1219 1500 1251; x_wconf 81' lang='lat' dir='ltr'><strong>exstitit,</strong></span> <span class='ocrx_word' id='word_1_334' title='bbox 1521 1217 1621 1245; x_wconf 82' lang='lat' dir='ltr'><strong>Christi</strong></span> <span class='ocrx_word' id='word_1_335' title='bbox 1644 1215 1808 1251; x_wconf 82' lang='lat' dir='ltr'><strong>discipulos,</strong></span> 
     </span>
    </p>
   </div>
   <div class='ocr_carea' id='block_1_48' title="bbox 1027 1261 1803 1302">
    <p class='ocr_par' dir='ltr' id='par_1_48' title="bbox 1027 1261 1803 1302">
     <span class='ocr_line' id='line_1_48' title="bbox 1027 1261 1803 1302; baseline -0.013 -5"><span class='ocrx_word' id='word_1_336' title='bbox 1027 1278 1074 1298; x_wconf 89' lang='lat' dir='ltr'><strong>eos</strong></span> <span class='ocrx_word' id='word_1_337' title='bbox 1087 1269 1213 1302; x_wconf 88' lang='lat' dir='ltr'><strong>denique,</strong></span> <span class='ocrx_word' id='word_1_338' title='bbox 1233 1267 1278 1302; x_wconf 89' lang='lat' dir='ltr'><strong>qui</strong></span> <span class='ocrx_word' id='word_1_339' title='bbox 1301 1270 1360 1300; x_wconf 86' lang='lat' dir='ltr'><strong>post</strong></span> <span class='ocrx_word' id='word_1_340' title='bbox 1381 1264 1519 1292; x_wconf 84' lang='lat' dir='ltr'><strong>Christum</strong></span> <span class='ocrx_word' id='word_1_341' title='bbox 1542 1263 1584 1290; x_wconf 87' lang='lat' dir='ltr'><strong>vel</strong></span> <span class='ocrx_word' id='word_1_342' title='bbox 1600 1262 1669 1296; x_wconf 87' lang='lat' dir='ltr'><strong>plebi</strong></span> <span class='ocrx_word' id='word_1_343' title='bbox 1687 1261 1803 1296; x_wconf 73' lang='lat' dir='ltr'><strong>prmfue-</strong></span> 
     </span>
    </p>
   </div>
   <div class='ocr_carea' id='block_1_49' title="bbox 190 1307 1809 1352">
    <p class='ocr_par' dir='ltr' id='par_1_49' title="bbox 190 1307 1809 1352">
     <span class='ocr_line' id='line_1_49' title="bbox 190 1307 1809 1352; baseline -0.007 -8"><span class='ocrx_word' id='word_1_344' title='bbox 190 1322 263 1346; x_wconf 81' lang='lat' dir='ltr'><strong>runt.</strong></span> <span class='ocrx_word' id='word_1_345' title='bbox 287 1317 328 1344; x_wconf 85' lang='lat' dir='ltr'><strong>\el</strong></span> <span class='ocrx_word' id='word_1_346' title='bbox 362 1325 410 1352; x_wconf 79' lang='lat' dir='ltr'><strong>per</strong></span> <span class='ocrx_word' id='word_1_347' title='bbox 432 1307 583 1345; x_wconf 80' lang='lat' dir='ltr'><strong>sermonem</strong></span> <span class='ocrx_word' id='word_1_348' title='bbox 620 1326 651 1345; x_wconf 87' lang='lat' dir='ltr'><strong>ac</strong></span> <span class='ocrx_word' id='word_1_349' title='bbox 682 1318 833 1345; x_wconf 82' lang='lat' dir='ltr'><strong>doctrinam</strong></span> <span class='ocrx_word' id='word_1_350' title='bbox 861 1317 887 1344; x_wconf 86' lang='lat' dir='ltr'><strong>in</strong></span> <span class='ocrx_word' id='word_1_351' title='bbox 913 1315 1090 1350; x_wconf 90' lang='lat' dir='ltr'><strong>conspicuum</strong></span> <span class='ocrx_word' id='word_1_352' title='bbox 1110 1317 1252 1345; x_wconf 84' lang='lat' dir='ltr'><strong>venerunt,</strong></span> <span class='ocrx_word' id='word_1_353' title='bbox 1275 1311 1318 1339; x_wconf 86' lang='lat' dir='ltr'><strong>vel</strong></span> <span class='ocrx_word' id='word_1_354' title='bbox 1353 1317 1400 1346; x_wconf 84' lang='lat' dir='ltr'><strong>per</strong></span> <span class='ocrx_word' id='word_1_355' title='bbox 1426 1309 1556 1337; x_wconf 85' lang='lat' dir='ltr'><strong>miracula</strong></span> <span class='ocrx_word' id='word_1_356' title='bbox 1581 1307 1714 1337; x_wconf 81' lang='lat' dir='ltr'><strong>nobilitati</strong></span> <span class='ocrx_word' id='word_1_357' title='bbox 1734 1311 1809 1340; x_wconf 81' lang='lat' dir='ltr'><strong>sunt,</strong></span> 
     </span>
    </p>
   </div>
   <div class='ocr_carea' id='block_1_50' title="bbox 191 1362 678 1399">
    <p class='ocr_par' dir='ltr' id='par_1_50' title="bbox 191 1362 678 1399">
     <span class='ocr_line' id='line_1_50' title="bbox 191 1362 678 1399; baseline 0.008 -12"><span class='ocrx_word' id='word_1_358' title='bbox 191 1362 232 1388; x_wconf 72' lang='lat' dir='ltr'><strong>vel</strong></span> <span class='ocrx_word' id='word_1_359' title='bbox 249 1369 296 1397; x_wconf 79' lang='lat' dir='ltr'><strong>per</strong></span> <span class='ocrx_word' id='word_1_360' title='bbox 311 1363 468 1399; x_wconf 80' lang='lat' dir='ltr'><strong>sanguinem</strong></span> <span class='ocrx_word' id='word_1_361' title='bbox 489 1365 678 1391; x_wconf 81' lang='lat' dir='ltr'><strong>eousutntnali.</strong></span> 
     </span>
    </p>
   </div>
   <div class='ocr_carea' id='block_1_51' title="bbox 226 1420 979 1456">
    <p class='ocr_par' dir='ltr' id='par_1_51' title="bbox 226 1420 979 1456">
     <span class='ocr_line' id='line_1_51' title="bbox 226 1420 979 1456; baseline -0.001 -8"><span class='ocrx_word' id='word_1_362' title='bbox 226 1423 262 1449; x_wconf 84' lang='lat' dir='ltr'><strong>A’.</strong></span> <span class='ocrx_word' id='word_1_363' title='bbox 280 1421 389 1448; x_wconf 85' lang='grc' dir='ltr'>Τούτων</span> <span class='ocrx_word' id='word_1_364' title='bbox 410 1421 578 1453; x_wconf 79' lang='grc' dir='ltr'>Ἀθανάσιος,</span> <span class='ocrx_word' id='word_1_365' title='bbox 606 1423 662 1453; x_wconf 83' lang='grc' dir='ltr'>τοῖς</span> <span class='ocrx_word' id='word_1_366' title='bbox 683 1421 734 1456; x_wconf 77' lang='grc' dir='ltr'>μὲν</span> <span class='ocrx_word' id='word_1_367' title='bbox 757 1421 903 1456; x_wconf 82' lang='grc' dir='ltr'>ἡμιλλήθη,</span> <span class='ocrx_word' id='word_1_368' title='bbox 922 1420 979 1447; x_wconf 72' lang='grc' dir='ltr'><strong>τῶν</strong></span> 
     </span>
    </p>
   </div>
   <div class='ocr_carea' id='block_1_52' title="bbox 190 1465 979 1504">
    <p class='ocr_par' dir='ltr' id='par_1_52' title="bbox 190 1465 979 1504">
     <span class='ocr_line' id='line_1_52' title="bbox 190 1465 979 1504; baseline -0.005 -9"><span class='ocrx_word' id='word_1_369' title='bbox 190 1468 218 1495; x_wconf 77' lang='grc' dir='ltr'><strong>δὲ</strong></span> <span class='ocrx_word' id='word_1_370' title='bbox 234 1467 329 1504; x_wconf 71' lang='grc' dir='ltr'>μικρὸν</span> <span class='ocrx_word' id='word_1_371' title='bbox 342 1467 503 1502; x_wconf 79' lang='grc' dir='ltr'>ἀπελείφθη,</span> <span class='ocrx_word' id='word_1_372' title='bbox 520 1467 578 1493; x_wconf 82' lang='grc' dir='ltr'>ἔστι</span> <span class='ocrx_word' id='word_1_373' title='bbox 595 1467 624 1493; x_wconf 77' lang='grc' dir='ltr'><strong>δὲ</strong></span> <span class='ocrx_word' id='word_1_374' title='bbox 639 1466 686 1498; x_wconf 81' lang='grc' dir='ltr'>οὓς</span> <span class='ocrx_word' id='word_1_375' title='bbox 705 1467 752 1493; x_wconf 75' lang='grc' dir='ltr'>καὶ</span> <span class='ocrx_word' id='word_1_376' title='bbox 770 1466 932 1502; x_wconf 80' lang='grc' dir='ltr'>ὑπερέσχεν,</span> <span class='ocrx_word' id='word_1_377' title='bbox 954 1465 979 1491; x_wconf 78' lang='grc' dir='ltr'>εἰ</span> 
     </span>
    </p>
   </div>
   <div class='ocr_carea' id='block_1_53' title="bbox 193 1511 980 1550">
    <p class='ocr_par' dir='ltr' id='par_1_53' title="bbox 193 1511 980 1550">
     <span class='ocr_line' id='line_1_53' title="bbox 193 1511 980 1550; baseline -0.004 -10"><span class='ocrx_word' id='word_1_378' title='bbox 193 1513 231 1550; x_wconf 86' lang='grc' dir='ltr'>μὴ</span> <span class='ocrx_word' id='word_1_379' title='bbox 243 1513 379 1549; x_wconf 79' lang='grc' dir='ltr'>τολμηρὸν</span> <span class='ocrx_word' id='word_1_380' title='bbox 395 1514 496 1540; x_wconf 73' lang='grc' dir='ltr'>εἰπεῖν’</span> <span class='ocrx_word' id='word_1_381' title='bbox 515 1513 561 1540; x_wconf 74' lang='grc' dir='ltr'>καὶ</span> <span class='ocrx_word' id='word_1_382' title='bbox 579 1512 633 1539; x_wconf 87' lang='grc' dir='ltr'><strong>τῶν</strong></span> <span class='ocrx_word' id='word_1_383' title='bbox 651 1513 699 1548; x_wconf 80' lang='grc' dir='ltr'>μὲν</span> <span class='ocrx_word' id='word_1_384' title='bbox 714 1513 759 1539; x_wconf 78' lang='grc' dir='ltr'>τὸν</span> <span class='ocrx_word' id='word_1_385' title='bbox 773 1513 863 1547; x_wconf 84' lang='grc' dir='ltr'>λόγον,</span> <span class='ocrx_word' id='word_1_386' title='bbox 883 1511 937 1538; x_wconf 86' lang='grc' dir='ltr'>τῶν</span> <span class='ocrx_word' id='word_1_387' title='bbox 951 1511 980 1537; x_wconf 82' lang='grc' dir='ltr'><strong>δὲ</strong></span> 
     </span>
    </p>
   </div>
   <div class='ocr_carea' id='block_1_54' title="bbox 190 1555 978 1594">
    <p class='ocr_par' dir='ltr' id='par_1_54' title="bbox 190 1555 978 1594">
     <span class='ocr_line' id='line_1_54' title="bbox 190 1555 978 1594; baseline -0.005 -9"><span class='ocrx_word' id='word_1_388' title='bbox 190 1560 240 1594; x_wconf 84' lang='grc' dir='ltr'>τὴν</span> <span class='ocrx_word' id='word_1_389' title='bbox 254 1559 362 1594; x_wconf 80' lang='grc' dir='ltr'>πρᾶξιν,</span> <span class='ocrx_word' id='word_1_390' title='bbox 380 1558 433 1585; x_wconf 84' lang='grc' dir='ltr'><strong>τῶν</strong></span> <span class='ocrx_word' id='word_1_391' title='bbox 449 1558 477 1584; x_wconf 77' lang='grc' dir='ltr'><strong>δὲ</strong></span> <span class='ocrx_word' id='word_1_392' title='bbox 491 1558 521 1584; x_wconf 82' lang='grc' dir='ltr'>τὸ</span> <span class='ocrx_word' id='word_1_393' title='bbox 537 1558 634 1594; x_wconf 85' lang='grc' dir='ltr'>πρᾶον,</span> <span class='ocrx_word' id='word_1_394' title='bbox 646 1558 700 1584; x_wconf 86' lang='grc' dir='ltr'>τῶν</span> <span class='ocrx_word' id='word_1_395' title='bbox 716 1557 745 1584; x_wconf 80' lang='grc' dir='ltr'><strong>δὲ</strong></span> <span class='ocrx_word' id='word_1_396' title='bbox 759 1557 804 1584; x_wconf 78' lang='grc' dir='ltr'><strong>τὸν</strong></span> <span class='ocrx_word' id='word_1_397' title='bbox 817 1556 907 1592; x_wconf 73' lang='grc' dir='ltr'>ζῆλον,</span> <span class='ocrx_word' id='word_1_398' title='bbox 925 1555 978 1582; x_wconf 84' lang='grc' dir='ltr'>τῶν</span> 
     </span>
    </p>
   </div>
   <div class='ocr_carea' id='block_1_55' title="bbox 191 1601 977 1637">
    <p class='ocr_par' dir='ltr' id='par_1_55' title="bbox 191 1601 977 1637">
     <span class='ocr_line' id='line_1_55' title="bbox 191 1601 977 1637; baseline -0.004 -6"><span class='ocrx_word' id='word_1_399' title='bbox 191 1605 220 1631; x_wconf 81' lang='grc' dir='ltr'><strong>δὲ</strong></span> <span class='ocrx_word' id='word_1_400' title='bbox 240 1606 302 1636; x_wconf 66' lang='grc' dir='ltr'>τοὺς</span> <span class='ocrx_word' id='word_1_401' title='bbox 319 1604 467 1636; x_wconf 81' lang='grc' dir='ltr'>κινδύνους,</span> <span class='ocrx_word' id='word_1_402' title='bbox 483 1604 536 1631; x_wconf 83' lang='grc' dir='ltr'>τῶν</span> <span class='ocrx_word' id='word_1_403' title='bbox 553 1604 581 1631; x_wconf 81' lang='grc' dir='ltr'><strong>δὲ</strong></span> <span class='ocrx_word' id='word_1_404' title='bbox 597 1604 632 1630; x_wconf 81' lang='grc' dir='ltr'>τὰ</span> <span class='ocrx_word' id='word_1_405' title='bbox 649 1603 743 1636; x_wconf 80' lang='grc' dir='ltr'>πλείω,</span> <span class='ocrx_word' id='word_1_406' title='bbox 759 1604 813 1630; x_wconf 84' lang='grc' dir='ltr'>τῶν</span> <span class='ocrx_word' id='word_1_407' title='bbox 828 1603 856 1629; x_wconf 74' lang='grc' dir='ltr'><strong>δὲ</strong></span> <span class='ocrx_word' id='word_1_408' title='bbox 871 1602 906 1629; x_wconf 78' lang='grc' dir='ltr'>τὰ</span> <span class='ocrx_word' id='word_1_409' title='bbox 923 1601 977 1637; x_wconf 64' lang='grc'><strong>(45)</strong></span> 
     </span>
    </p>
   </div>
   <div class='ocr_carea' id='block_1_56' title="bbox 192 1647 979 1686">
    <p class='ocr_par' dir='ltr' id='par_1_56' title="bbox 192 1647 979 1686">
     <span class='ocr_line' id='line_1_56' title="bbox 192 1647 979 1686; baseline -0.005 -9"><span class='ocrx_word' id='word_1_410' title='bbox 192 1650 300 1678; x_wconf 74' lang='grc' dir='ltr'>ἅπαντα</span> <span class='ocrx_word' id='word_1_411' title='bbox 315 1651 516 1686; x_wconf 78' lang='grc' dir='ltr'>μιμησάμενος,</span> <span class='ocrx_word' id='word_1_412' title='bbox 528 1650 575 1677; x_wconf 76' lang='grc' dir='ltr'>καὶ</span> <span class='ocrx_word' id='word_1_413' title='bbox 589 1650 653 1678; x_wconf 83' lang='grc' dir='ltr'>ἄλλο</span> <span class='ocrx_word' id='word_1_414' title='bbox 667 1650 714 1677; x_wconf 82' lang='grc' dir='ltr'><strong>ἀπ’</strong></span> <span class='ocrx_word' id='word_1_415' title='bbox 727 1649 806 1677; x_wconf 78' lang='grc' dir='ltr'>ἄλλου</span> <span class='ocrx_word' id='word_1_416' title='bbox 822 1649 918 1680; x_wconf 82' lang='grc' dir='ltr'>κάλλος</span> <span class='ocrx_word' id='word_1_417' title='bbox 933 1647 979 1674; x_wconf 82' lang='grc' dir='ltr'>λα-</span> 
     </span>
    </p>
   </div>
   <div class='ocr_carea' id='block_1_57' title="bbox 192 1695 978 1732">
    <p class='ocr_par' dir='ltr' id='par_1_57' title="bbox 192 1695 978 1732">
     <span class='ocr_line' id='line_1_57' title="bbox 192 1695 978 1732; baseline -0.001 -10"><span class='ocrx_word' id='word_1_418' title='bbox 192 1695 257 1728; x_wconf 84' lang='grc' dir='ltr'>6ὼν,</span> <span class='ocrx_word' id='word_1_419' title='bbox 276 1695 370 1732; x_wconf 81' lang='grc' dir='ltr'>ὥσπερ</span> <span class='ocrx_word' id='word_1_420' title='bbox 390 1697 415 1723; x_wconf 80' lang='grc' dir='ltr'>οἱ</span> <span class='ocrx_word' id='word_1_421' title='bbox 428 1696 476 1728; x_wconf 77' lang='grc' dir='ltr'>τὰς</span> <span class='ocrx_word' id='word_1_422' title='bbox 493 1697 600 1732; x_wconf 73' lang='grc' dir='ltr'>μορφὰς</span> <span class='ocrx_word' id='word_1_423' title='bbox 619 1695 842 1732; x_wconf 78' lang='grc' dir='ltr'>μεθ’ὐπερόολῆς</span> <span class='ocrx_word' id='word_1_424' title='bbox 860 1695 978 1730; x_wconf 78' lang='grc' dir='ltr'>γράφον-</span> 
     </span>
    </p>
   </div>
   <div class='ocr_carea' id='block_1_58' title="bbox 192 1740 979 1778">
    <p class='ocr_par' dir='ltr' id='par_1_58' title="bbox 192 1740 979 1778">
     <span class='ocr_line' id='line_1_58' title="bbox 192 1740 979 1778; baseline -0.004 -9"><span class='ocrx_word' id='word_1_425' title='bbox 192 1751 246 1774; x_wconf 80' lang='grc' dir='ltr'>τες,</span> <span class='ocrx_word' id='word_1_426' title='bbox 263 1743 309 1769; x_wconf 72' lang='grc' dir='ltr'>καὶ</span> <span class='ocrx_word' id='word_1_427' title='bbox 330 1744 369 1774; x_wconf 81' lang='grc' dir='ltr'><strong>εἰς</strong></span> <span class='ocrx_word' id='word_1_428' title='bbox 390 1743 453 1778; x_wconf 85' lang='grc' dir='ltr'>μίαν</span> <span class='ocrx_word' id='word_1_429' title='bbox 467 1742 516 1778; x_wconf 83' lang='grc' dir='ltr'>τὴν</span> <span class='ocrx_word' id='word_1_430' title='bbox 535 1742 631 1769; x_wconf 80' lang='grc' dir='ltr'>ἑαυτοῦ</span> <span class='ocrx_word' id='word_1_431' title='bbox 647 1742 736 1778; x_wconf 77' lang='grc' dir='ltr'>ψυχὴν</span> <span class='ocrx_word' id='word_1_432' title='bbox 756 1740 935 1775; x_wconf 78' lang='grc' dir='ltr'>συναγαγὼν,</span> <span class='ocrx_word' id='word_1_433' title='bbox 950 1740 979 1766; x_wconf 84' lang='grc' dir='ltr'>ἓν</span> 
     </span>
    </p>
   </div>
   <div class='ocr_carea' id='block_1_59' title="bbox 192 1787 980 1826">
    <p class='ocr_par' dir='ltr' id='par_1_59' title="bbox 192 1787 980 1826">
     <span class='ocr_line' id='line_1_59' title="bbox 192 1787 980 1826; baseline -0.005 -10"><span class='ocrx_word' id='word_1_434' title='bbox 192 1789 292 1826; x_wconf 77' lang='grc' dir='ltr'>ἀρετῆς</span> <span class='ocrx_word' id='word_1_435' title='bbox 309 1787 378 1820; x_wconf 79' lang='grc' dir='ltr'>εἶδος</span> <span class='ocrx_word' id='word_1_436' title='bbox 393 1789 426 1815; x_wconf 80' lang='grc' dir='ltr'>ὲκ</span> <span class='ocrx_word' id='word_1_437' title='bbox 439 1789 547 1815; x_wconf 83' lang='grc' dir='ltr'>πάντων</span> <span class='ocrx_word' id='word_1_438' title='bbox 566 1788 789 1824; x_wconf 81' lang='grc' dir='ltr'>ἀπηκριὸώσοιτο,</span> <span class='ocrx_word' id='word_1_439' title='bbox 809 1788 872 1818; x_wconf 76' lang='grc' dir='ltr'>τοὺς</span> <span class='ocrx_word' id='word_1_440' title='bbox 889 1787 936 1821; x_wconf 85' lang='grc' dir='ltr'>μὲν</span> <span class='ocrx_word' id='word_1_441' title='bbox 951 1787 980 1813; x_wconf 81' lang='grc' dir='ltr'>ἐν</span> 
     </span>
    </p>
   </div>
   <div class='ocr_carea' id='block_1_60' title="bbox 192 1832 981 1871">
    <p class='ocr_par' dir='ltr' id='par_1_60' title="bbox 192 1832 981 1871">
     <span class='ocr_line' id='line_1_60' title="bbox 192 1832 981 1871; baseline -0.006 -9"><span class='ocrx_word' id='word_1_442' title='bbox 192 1836 264 1871; x_wconf 84' lang='grc' dir='ltr'>λόγῳ</span> <span class='ocrx_word' id='word_1_443' title='bbox 277 1835 379 1867; x_wconf 76' lang='grc' dir='ltr'>δεινοὺς</span> <span class='ocrx_word' id='word_1_444' title='bbox 392 1836 424 1871; x_wconf 83' lang='grc' dir='ltr'><strong>τῇ</strong></span> <span class='ocrx_word' id='word_1_445' title='bbox 438 1834 548 1871; x_wconf 80' lang='grc' dir='ltr'>πράξει,</span> <span class='ocrx_word' id='word_1_446' title='bbox 563 1835 624 1867; x_wconf 81' lang='grc' dir='ltr'>τοὺς</span> <span class='ocrx_word' id='word_1_447' title='bbox 638 1835 805 1870; x_wconf 78' lang='grc' dir='ltr'>πρακτικοὺς</span> <span class='ocrx_word' id='word_1_448' title='bbox 819 1833 847 1859; x_wconf 74' lang='grc' dir='ltr'><strong>δὲ</strong></span> <span class='ocrx_word' id='word_1_449' title='bbox 859 1832 898 1868; x_wconf 77' lang='grc' dir='ltr'>τῷ</span> <span class='ocrx_word' id='word_1_450' title='bbox 910 1832 981 1867; x_wconf 79' lang='grc' dir='ltr'>λόγῳ</span> 
     </span>
    </p>
   </div>
   <div class='ocr_carea' id='block_1_61' title="bbox 193 1879 981 1917">
    <p class='ocr_par' dir='ltr' id='par_1_61' title="bbox 193 1879 981 1917">
     <span class='ocr_line' id='line_1_61' title="bbox 193 1879 981 1917; baseline -0.004 -9"><span class='ocrx_word' id='word_1_451' title='bbox 193 1882 323 1917; x_wconf 83' lang='grc' dir='ltr'>νικήσας·</span> <span class='ocrx_word' id='word_1_452' title='bbox 339 1882 365 1908; x_wconf 79' lang='grc' dir='ltr'><strong>εί</strong></span> <span class='ocrx_word' id='word_1_453' title='bbox 384 1881 473 1916; x_wconf 80' lang='grc' dir='ltr'>βούλει</span> <span class='ocrx_word' id='word_1_454' title='bbox 493 1881 531 1914; x_wconf 83' lang='grc' dir='ltr'>δὲ,</span> <span class='ocrx_word' id='word_1_455' title='bbox 551 1881 621 1916; x_wconf 73' lang='grc' dir='ltr'>λόγῳ</span> <span class='ocrx_word' id='word_1_456' title='bbox 636 1881 684 1916; x_wconf 83' lang='grc' dir='ltr'>μὲν</span> <span class='ocrx_word' id='word_1_457' title='bbox 701 1881 764 1912; x_wconf 83' lang='grc' dir='ltr'>τοὺς</span> <span class='ocrx_word' id='word_1_458' title='bbox 778 1879 938 1914; x_wconf 74' lang='grc' dir='ltr'>εὐδοκίμους</span> <span class='ocrx_word' id='word_1_459' title='bbox 953 1879 981 1905; x_wconf 81' lang='grc' dir='ltr'>ὲν</span> 
     </span>
    </p>
   </div>
   <div class='ocr_carea' id='block_1_62' title="bbox 194 1923 980 1964">
    <p class='ocr_par' dir='ltr' id='par_1_62' title="bbox 194 1923 980 1964">
     <span class='ocr_line' id='line_1_62' title="bbox 194 1923 980 1964; baseline -0.006 -9"><span class='ocrx_word' id='word_1_460' title='bbox 194 1928 276 1964; x_wconf 79' lang='grc' dir='ltr'>λόγῳ,</span> <span class='ocrx_word' id='word_1_461' title='bbox 295 1927 393 1963; x_wconf 74' lang='grc' dir='ltr'>πράξει</span> <span class='ocrx_word' id='word_1_462' title='bbox 417 1927 445 1953; x_wconf 78' lang='grc' dir='ltr'><strong>δὲ</strong></span> <span class='ocrx_word' id='word_1_463' title='bbox 462 1928 525 1959; x_wconf 77' lang='grc' dir='ltr'>τοὺς</span> <span class='ocrx_word' id='word_1_464' title='bbox 543 1926 784 1962; x_wconf 79' lang='grc' dir='ltr'><strong>πρακτικωτάτους</strong></span> <span class='ocrx_word' id='word_1_465' title='bbox 801 1923 961 1960; x_wconf 74' lang='grc' dir='ltr'>ὑπερϐαλών</span> <span class='ocrx_word' id='word_1_466' title='bbox 973 1932 980 1939; x_wconf 90' lang='grc'>·</span> 
     </span>
    </p>
   </div>
   <div class='ocr_carea' id='block_1_63' title="bbox 195 1969 983 2009">
    <p class='ocr_par' dir='ltr' id='par_1_63' title="bbox 195 1969 983 2009">
     <span class='ocr_line' id='line_1_63' title="bbox 195 1969 983 2009; baseline -0.005 -9"><span class='ocrx_word' id='word_1_467' title='bbox 195 1974 241 2000; x_wconf 68' lang='grc' dir='ltr'>καὶ</span> <span class='ocrx_word' id='word_1_468' title='bbox 252 1974 314 2005; x_wconf 76' lang='grc' dir='ltr'>τοὺς</span> <span class='ocrx_word' id='word_1_469' title='bbox 326 1974 375 2008; x_wconf 85' lang='grc' dir='ltr'>μὲν</span> <span class='ocrx_word' id='word_1_470' title='bbox 392 1973 451 1999; x_wconf 76' lang='grc' dir='ltr'>κατ’</span> <span class='ocrx_word' id='word_1_471' title='bbox 467 1973 608 2009; x_wconf 69' lang='grc' dir='ltr'>ἀμφότερα</span> <span class='ocrx_word' id='word_1_472' title='bbox 629 1973 718 2008; x_wconf 77' lang='grc' dir='ltr'>μέσως</span> <span class='ocrx_word' id='word_1_473' title='bbox 728 1971 850 2007; x_wconf 80' lang='grc' dir='ltr'>ἔχοντας,</span> <span class='ocrx_word' id='word_1_474' title='bbox 863 1970 902 2006; x_wconf 82' lang='grc' dir='ltr'><strong>τῷ</strong></span> <span class='ocrx_word' id='word_1_475' title='bbox 919 1969 983 2005; x_wconf 76' lang='grc' dir='ltr'>περὶ</span> 
     </span>
    </p>
   </div>
   <div class='ocr_carea' id='block_1_64' title="bbox 195 2016 981 2055">
    <p class='ocr_par' dir='ltr' id='par_1_64' title="bbox 195 2016 981 2055">
     <span class='ocr_line' id='line_1_64' title="bbox 195 2016 981 2055; baseline -0.004 -10"><span class='ocrx_word' id='word_1_476' title='bbox 195 2019 224 2046; x_wconf 73' lang='grc' dir='ltr'>τὸ</span> <span class='ocrx_word' id='word_1_477' title='bbox 244 2019 337 2055; x_wconf 73' lang='grc' dir='ltr'>ἕτερον</span> <span class='ocrx_word' id='word_1_478' title='bbox 362 2019 573 2054; x_wconf 74' lang='grc' dir='ltr'>ὑπερϐάλλοντι·</span> <span class='ocrx_word' id='word_1_479' title='bbox 598 2019 660 2050; x_wconf 73' lang='grc' dir='ltr'>τοὺς</span> <span class='ocrx_word' id='word_1_480' title='bbox 676 2019 704 2045; x_wconf 84' lang='grc' dir='ltr'><strong>δὲ</strong></span> <span class='ocrx_word' id='word_1_481' title='bbox 727 2018 788 2045; x_wconf 81' lang='grc' dir='ltr'>καθ’</span> <span class='ocrx_word' id='word_1_482' title='bbox 806 2018 899 2053; x_wconf 71' lang='grc' dir='ltr'>ἕτερον</span> <span class='ocrx_word' id='word_1_483' title='bbox 926 2016 981 2051; x_wconf 68' lang='grc'><strong>(44)</strong></span> 
     </span>
    </p>
   </div>
   <div class='ocr_carea' id='block_1_65' title="bbox 196 2062 983 2101">
    <p class='ocr_par' dir='ltr' id='par_1_65' title="bbox 196 2062 983 2101">
     <span class='ocr_line' id='line_1_65' title="bbox 196 2062 983 2101; baseline -0.004 -10"><span class='ocrx_word' id='word_1_484' title='bbox 196 2064 305 2101; x_wconf 77' lang='grc' dir='ltr'>ἄκρους,</span> <span class='ocrx_word' id='word_1_485' title='bbox 321 2066 376 2096; x_wconf 81' lang='grc' dir='ltr'>τοῖς</span> <span class='ocrx_word' id='word_1_486' title='bbox 394 2064 559 2101; x_wconf 77' lang='grc' dir='ltr'>ἀμφοτέροις</span> <span class='ocrx_word' id='word_1_487' title='bbox 577 2063 774 2100; x_wconf 80' lang='grc' dir='ltr'>παραδραμών.</span> <span class='ocrx_word' id='word_1_488' title='bbox 796 2064 851 2090; x_wconf 81' lang='grc' dir='ltr'><strong>Καὶ</strong></span> <span class='ocrx_word' id='word_1_489' title='bbox 869 2063 892 2089; x_wconf 80' lang='grc' dir='ltr'><strong>εί</strong></span> <span class='ocrx_word' id='word_1_490' title='bbox 912 2062 983 2098; x_wconf 76' lang='grc' dir='ltr'>μέγα</span> 
     </span>
    </p>
   </div>
   <div class='ocr_carea' id='block_1_66' title="bbox 196 2108 984 2146">
    <p class='ocr_par' dir='ltr' id='par_1_66' title="bbox 196 2108 984 2146">
     <span class='ocr_line' id='line_1_66' title="bbox 196 2108 984 2146; baseline -0.003 -10"><span class='ocrx_word' id='word_1_491' title='bbox 196 2112 250 2142; x_wconf 78' lang='grc' dir='ltr'>τοῖς</span> <span class='ocrx_word' id='word_1_492' title='bbox 265 2110 441 2146; x_wconf 74' lang='grc' dir='ltr'>προλαϐοῦσι,</span> <span class='ocrx_word' id='word_1_493' title='bbox 453 2111 483 2137; x_wconf 86' lang='grc' dir='ltr'>τὸ</span> <span class='ocrx_word' id='word_1_494' title='bbox 497 2111 671 2146; x_wconf 72' lang='grc' dir='ltr'>παράδειγμα</span> <span class='ocrx_word' id='word_1_495' title='bbox 686 2109 773 2145; x_wconf 82' lang='grc' dir='ltr'>τούτῳ</span> <span class='ocrx_word' id='word_1_496' title='bbox 794 2109 921 2144; x_wconf 78' lang='grc' dir='ltr'>γενέσθαι</span> <span class='ocrx_word' id='word_1_497' title='bbox 934 2108 984 2143; x_wconf 80' lang='grc' dir='ltr'>τῆς</span> 
     </span>
    </p>
   </div>
   <div class='ocr_carea' id='block_1_67' title="bbox 197 2153 983 2192">
    <p class='ocr_par' dir='ltr' id='par_1_67' title="bbox 197 2153 983 2192">
     <span class='ocr_line' id='line_1_67' title="bbox 197 2153 983 2192; baseline -0.003 -10"><span class='ocrx_word' id='word_1_498' title='bbox 197 2156 308 2192; x_wconf 78' lang='grc' dir='ltr'>ἀρετῆς,</span> <span class='ocrx_word' id='word_1_499' title='bbox 325 2157 373 2192; x_wconf 82' lang='grc' dir='ltr'>οὐχ</span> <span class='ocrx_word' id='word_1_500' title='bbox 386 2155 467 2192; x_wconf 83' lang='grc' dir='ltr'>ἦττον</span> <span class='ocrx_word' id='word_1_501' title='bbox 490 2158 530 2189; x_wconf 83' lang='grc' dir='ltr'><strong>εἰς</strong></span> <span class='ocrx_word' id='word_1_502' title='bbox 547 2157 684 2192; x_wconf 67' lang='grc' dir='ltr'>εὐφημίαν</span> <span class='ocrx_word' id='word_1_503' title='bbox 703 2156 741 2192; x_wconf 78' lang='grc' dir='ltr'>τῷ</span> <span class='ocrx_word' id='word_1_504' title='bbox 753 2155 879 2191; x_wconf 77' lang='grc' dir='ltr'>ἡμετέρῳ</span> <span class='ocrx_word' id='word_1_505' title='bbox 898 2153 983 2189; x_wconf 83' lang='grc' dir='ltr'>καλῷ,</span> 
     </span>
    </p>
   </div>
   <div class='ocr_carea' id='block_1_68' title="bbox 197 2201 808 2238">
    <p class='ocr_par' dir='ltr' id='par_1_68' title="bbox 197 2201 808 2238">
     <span class='ocr_line' id='line_1_68' title="bbox 197 2201 808 2238; baseline 0.002 -11"><span class='ocrx_word' id='word_1_506' title='bbox 197 2201 227 2227; x_wconf 87' lang='grc' dir='ltr'><strong>τὺ</strong></span> <span class='ocrx_word' id='word_1_507' title='bbox 240 2203 296 2234; x_wconf 84' lang='grc' dir='ltr'>τοῖς</span> <span class='ocrx_word' id='word_1_508' title='bbox 311 2204 367 2237; x_wconf 84' lang='grc' dir='ltr'>μετ’</span> <span class='ocrx_word' id='word_1_509' title='bbox 380 2202 460 2229; x_wconf 79' lang='grc' dir='ltr'>αὑτὸν</span> <span class='ocrx_word' id='word_1_510' title='bbox 475 2202 599 2237; x_wconf 79' lang='grc' dir='ltr'>γενέσθαι</span> <span class='ocrx_word' id='word_1_511' title='bbox 620 2202 808 2238; x_wconf 77' lang='grc' dir='ltr'>παράδειγμα.</span> 
     </span>
    </p>
   </div>
   <div class='ocr_carea' id='block_1_69' title="bbox 1066 1407 1816 1451">
    <p class='ocr_par' dir='ltr' id='par_1_69' title="bbox 1066 1407 1816 1451">
     <span class='ocr_line' id='line_1_69' title="bbox 1066 1407 1816 1451; baseline -0.011 -9"><span class='ocrx_word' id='word_1_512' title='bbox 1066 1415 1150 1451; x_wconf 76' lang='lat'><strong>388</strong></span> <span class='ocrx_word' id='word_1_513' title='bbox 1166 1414 1208 1441; x_wconf 85' lang='lat' dir='ltr'><strong>IV.</strong></span> <span class='ocrx_word' id='word_1_514' title='bbox 1233 1412 1273 1440; x_wconf 72' lang='lat' dir='ltr'><strong>Ex</strong></span> <span class='ocrx_word' id='word_1_515' title='bbox 1289 1411 1330 1439; x_wconf 91' lang='lat' dir='ltr'><strong>his</strong></span> <span class='ocrx_word' id='word_1_516' title='bbox 1342 1410 1509 1438; x_wconf 84' lang='lat' dir='ltr'><strong>Athanasius</strong></span> <span class='ocrx_word' id='word_1_517' title='bbox 1525 1408 1592 1436; x_wconf 85' lang='lat' dir='ltr'><strong>alios</strong></span> <span class='ocrx_word' id='word_1_518' title='bbox 1606 1407 1768 1444; x_wconf 68' lang='lat' dir='ltr'><strong>exaequavit,</strong></span> <span class='ocrx_word' id='word_1_519' title='bbox 1782 1407 1816 1435; x_wconf 88' lang='lat' dir='ltr'><strong>ab</strong></span> 
     </span>
    </p>
   </div>
   <div class='ocr_carea' id='block_1_70' title="bbox 1031 1454 1818 1495">
    <p class='ocr_par' dir='ltr' id='par_1_70' title="bbox 1031 1454 1818 1495">
     <span class='ocr_line' id='line_1_70' title="bbox 1031 1454 1818 1495; baseline -0.011 -6"><span class='ocrx_word' id='word_1_520' title='bbox 1031 1461 1093 1489; x_wconf 87' lang='lat' dir='ltr'><strong>aliis</strong></span> <span class='ocrx_word' id='word_1_521' title='bbox 1120 1458 1256 1495; x_wconf 87' lang='lat' dir='ltr'><strong>paululum</strong></span> <span class='ocrx_word' id='word_1_522' title='bbox 1288 1457 1384 1489; x_wconf 82' lang='lat' dir='ltr'><strong>abfuit,</strong></span> <span class='ocrx_word' id='word_1_523' title='bbox 1414 1454 1556 1483; x_wconf 88' lang='lat' dir='ltr'><strong>nonnullos</strong></span> <span class='ocrx_word' id='word_1_524' title='bbox 1573 1454 1666 1486; x_wconf 89' lang='lat' dir='ltr'><strong>etiam,</strong></span> <span class='ocrx_word' id='word_1_525' title='bbox 1694 1454 1746 1481; x_wconf 90' lang='lat' dir='ltr'><strong>nisi</strong></span> <span class='ocrx_word' id='word_1_526' title='bbox 1767 1454 1818 1480; x_wconf 89' lang='lat' dir='ltr'><strong>hoc</strong></span> 
     </span>
    </p>
   </div>
   <div class='ocr_carea' id='block_1_71' title="bbox 1031 1500 1820 1534">
    <p class='ocr_par' dir='ltr' id='par_1_71' title="bbox 1031 1500 1820 1534">
     <span class='ocr_line' id='line_1_71' title="bbox 1031 1500 1820 1534; baseline -0.01 0"><span class='ocrx_word' id='word_1_527' title='bbox 1031 1506 1161 1534; x_wconf 84' lang='lat' dir='ltr'><strong>audacius</strong></span> <span class='ocrx_word' id='word_1_528' title='bbox 1180 1512 1195 1531; x_wconf 90' lang='lat' dir='ltr'><strong>a</strong></span> <span class='ocrx_word' id='word_1_529' title='bbox 1218 1511 1260 1531; x_wconf 88' lang='lat' dir='ltr'><strong>me</strong></span> <span class='ocrx_word' id='word_1_530' title='bbox 1275 1503 1375 1530; x_wconf 86' lang='lat' dir='ltr'><strong>dictum</strong></span> <span class='ocrx_word' id='word_1_531' title='bbox 1398 1502 1532 1534; x_wconf 90' lang='lat' dir='ltr'><strong>videatur,</strong></span> <span class='ocrx_word' id='word_1_532' title='bbox 1555 1500 1722 1529; x_wconf 84' lang='lat' dir='ltr'><strong>antecessit:</strong></span> <span class='ocrx_word' id='word_1_533' title='bbox 1738 1505 1820 1533; x_wconf 83' lang='lat' dir='ltr'><strong>atque</strong></span> 
     </span>
    </p>
   </div>
   <div class='ocr_carea' id='block_1_72' title="bbox 1032 1546 1821 1581">
    <p class='ocr_par' dir='ltr' id='par_1_72' title="bbox 1032 1546 1821 1581">
     <span class='ocr_line' id='line_1_72' title="bbox 1032 1546 1821 1581; baseline -0.008 -1"><span class='ocrx_word' id='word_1_534' title='bbox 1032 1554 1145 1581; x_wconf 91' lang='lat' dir='ltr'><strong>aliorum</strong></span> <span class='ocrx_word' id='word_1_535' title='bbox 1161 1557 1313 1578; x_wconf 87' lang='lat' dir='ltr'><strong>sermonem</strong></span> <span class='ocrx_word' id='word_1_536' title='bbox 1334 1555 1363 1576; x_wconf 86' lang='lat' dir='ltr'><strong>et</strong></span> <span class='ocrx_word' id='word_1_537' title='bbox 1383 1549 1575 1580; x_wconf 85' lang='lat' dir='ltr'><strong>eruditionem,</strong></span> <span class='ocrx_word' id='word_1_538' title='bbox 1593 1547 1706 1574; x_wconf 90' lang='lat' dir='ltr'><strong>aliorum</strong></span> <span class='ocrx_word' id='word_1_539' title='bbox 1733 1546 1821 1574; x_wconf 90' lang='lat' dir='ltr'><strong>actio-</strong></span> 
     </span>
    </p>
   </div>
   <div class='ocr_carea' id='block_1_73' title="bbox 1033 1592 1820 1631">
    <p class='ocr_par' dir='ltr' id='par_1_73' title="bbox 1033 1592 1820 1631">
     <span class='ocr_line' id='line_1_73' title="bbox 1033 1592 1820 1631; baseline -0.01 -5"><span class='ocrx_word' id='word_1_540' title='bbox 1033 1607 1116 1631; x_wconf 90' lang='lat' dir='ltr'><strong>nem,</strong></span> <span class='ocrx_word' id='word_1_541' title='bbox 1147 1598 1260 1624; x_wconf 89' lang='lat' dir='ltr'><strong>aliorum</strong></span> <span class='ocrx_word' id='word_1_542' title='bbox 1290 1594 1547 1626; x_wconf 88' lang='lat' dir='ltr'><strong>mansuetudinem,</strong></span> <span class='ocrx_word' id='word_1_543' title='bbox 1579 1593 1693 1621; x_wconf 87' lang='lat' dir='ltr'><strong>aliorum</strong></span> <span class='ocrx_word' id='word_1_544' title='bbox 1720 1592 1820 1624; x_wconf 79' lang='lat' dir='ltr'><strong>zelum,</strong></span> 
     </span>
    </p>
   </div>
   <div class='ocr_carea' id='block_1_74' title="bbox 1032 1639 1819 1674">
    <p class='ocr_par' dir='ltr' id='par_1_74' title="bbox 1032 1639 1819 1674">
     <span class='ocr_line' id='line_1_74' title="bbox 1032 1639 1819 1674; baseline -0.009 -2"><span class='ocrx_word' id='word_1_545' title='bbox 1032 1645 1147 1673; x_wconf 91' lang='lat' dir='ltr'><strong>aliorum</strong></span> <span class='ocrx_word' id='word_1_546' title='bbox 1181 1642 1405 1674; x_wconf 82' lang='lat' dir='ltr'><strong>dimicationem,</strong></span> <span class='ocrx_word' id='word_1_547' title='bbox 1427 1640 1543 1668; x_wconf 86' lang='lat' dir='ltr'><strong>aliorum</strong></span> <span class='ocrx_word' id='word_1_548' title='bbox 1570 1639 1675 1673; x_wconf 81' lang='lat' dir='ltr'><strong>multa,</strong></span> <span class='ocrx_word' id='word_1_549' title='bbox 1704 1639 1819 1666; x_wconf 87' lang='lat' dir='ltr'><strong>aliorum</strong></span> 
     </span>
    </p>
   </div>
   <div class='ocr_carea' id='block_1_75' title="bbox 1030 1684 1821 1721">
    <p class='ocr_par' dir='ltr' id='par_1_75' title="bbox 1030 1684 1821 1721">
     <span class='ocr_line' id='line_1_75' title="bbox 1030 1684 1821 1721; baseline -0.006 -4"><span class='ocrx_word' id='word_1_550' title='bbox 1030 1690 1120 1718; x_wconf 89' lang='lat' dir='ltr'><strong>omnia</strong></span> <span class='ocrx_word' id='word_1_551' title='bbox 1148 1689 1278 1716; x_wconf 80' lang='lat' dir='ltr'><strong>inritando</strong></span> <span class='ocrx_word' id='word_1_552' title='bbox 1301 1691 1482 1720; x_wconf 87' lang='lat' dir='ltr'><strong>consecutus,</strong></span> <span class='ocrx_word' id='word_1_553' title='bbox 1511 1690 1593 1721; x_wconf 84' lang='lat' dir='ltr'><strong>atque</strong></span> <span class='ocrx_word' id='word_1_554' title='bbox 1618 1685 1690 1712; x_wconf 88' lang='lat' dir='ltr'><strong>aliud</strong></span> <span class='ocrx_word' id='word_1_555' title='bbox 1711 1685 1745 1713; x_wconf 82' lang='lat' dir='ltr'><strong>ab</strong></span> <span class='ocrx_word' id='word_1_556' title='bbox 1769 1684 1821 1712; x_wconf 89' lang='lat' dir='ltr'><strong>alio</strong></span> 
     </span>
    </p>
   </div>
   <div class='ocr_carea' id='block_1_76' title="bbox 1031 1730 1821 1769">
    <p class='ocr_par' dir='ltr' id='par_1_76' title="bbox 1031 1730 1821 1769">
     <span class='ocr_line' id='line_1_76' title="bbox 1031 1730 1821 1769; baseline -0.008 -6"><span class='ocrx_word' id='word_1_557' title='bbox 1031 1740 1181 1766; x_wconf 85' lang='lat' dir='ltr'><strong>mutuatus,</strong></span> <span class='ocrx_word' id='word_1_558' title='bbox 1201 1733 1431 1769; x_wconf 87' lang='lat' dir='ltr'><strong>quemadmodum</strong></span> <span class='ocrx_word' id='word_1_559' title='bbox 1445 1732 1491 1766; x_wconf 89' lang='lat' dir='ltr'><strong>qui</strong></span> <span class='ocrx_word' id='word_1_560' title='bbox 1508 1733 1611 1759; x_wconf 78' lang='lat' dir='ltr'><strong>formas</strong></span> <span class='ocrx_word' id='word_1_561' title='bbox 1626 1739 1673 1759; x_wconf 90' lang='lat' dir='ltr'><strong>seu</strong></span> <span class='ocrx_word' id='word_1_562' title='bbox 1689 1730 1821 1766; x_wconf 77' lang='lat' dir='ltr'><strong>imagines</strong></span> 
     </span>
    </p>
   </div>
   <div class='ocr_carea' id='block_1_77' title="bbox 1031 1777 1820 1815">
    <p class='ocr_par' dir='ltr' id='par_1_77' title="bbox 1031 1777 1820 1815">
     <span class='ocr_line' id='line_1_77' title="bbox 1031 1777 1820 1815; baseline -0.006 -7"><span class='ocrx_word' id='word_1_563' title='bbox 1031 1780 1161 1815; x_wconf 73' lang='lat' dir='ltr'><strong>singulari</strong></span> <span class='ocrx_word' id='word_1_564' title='bbox 1175 1780 1265 1807; x_wconf 89' lang='lat' dir='ltr'><strong>studio</strong></span> <span class='ocrx_word' id='word_1_565' title='bbox 1282 1784 1309 1805; x_wconf 89' lang='lat' dir='ltr'><strong>et</strong></span> <span class='ocrx_word' id='word_1_566' title='bbox 1322 1778 1454 1813; x_wconf 82' lang='lat' dir='ltr'><strong>elegantia</strong></span> <span class='ocrx_word' id='word_1_567' title='bbox 1470 1778 1593 1813; x_wconf 77' lang='lat' dir='ltr'><strong>pingunt,</strong></span> <span class='ocrx_word' id='word_1_568' title='bbox 1604 1782 1686 1812; x_wconf 87' lang='lat' dir='ltr'><strong>atque</strong></span> <span class='ocrx_word' id='word_1_569' title='bbox 1700 1777 1728 1804; x_wconf 90' lang='lat' dir='ltr'><strong>in</strong></span> <span class='ocrx_word' id='word_1_570' title='bbox 1740 1784 1820 1804; x_wconf 88' lang='lat' dir='ltr'><strong>unam</strong></span> 
     </span>
    </p>
   </div>
   <div class='ocr_carea' id='block_1_78' title="bbox 1032 1823 1821 1861">
    <p class='ocr_par' dir='ltr' id='par_1_78' title="bbox 1032 1823 1821 1861">
     <span class='ocr_line' id='line_1_78' title="bbox 1032 1823 1821 1861; baseline -0.005 -7"><span class='ocrx_word' id='word_1_571' title='bbox 1032 1826 1159 1861; x_wconf 86' lang='lat' dir='ltr'><strong>suiipsius</strong></span> <span class='ocrx_word' id='word_1_572' title='bbox 1188 1825 1307 1852; x_wconf 90' lang='lat' dir='ltr'><strong>animam</strong></span> <span class='ocrx_word' id='word_1_573' title='bbox 1332 1825 1501 1858; x_wconf 82' lang='lat' dir='ltr'><strong>complexus,</strong></span> <span class='ocrx_word' id='word_1_574' title='bbox 1526 1831 1609 1850; x_wconf 91' lang='lat' dir='ltr'><strong>unum</strong></span> <span class='ocrx_word' id='word_1_575' title='bbox 1635 1831 1669 1851; x_wconf 69' lang='lat' dir='ltr'><strong>ex</strong></span> <span class='ocrx_word' id='word_1_576' title='bbox 1696 1823 1821 1851; x_wconf 79' lang='lat' dir='ltr'><strong>omnibus</strong></span> 
     </span>
    </p>
   </div>
   <div class='ocr_carea' id='block_1_79' title="bbox 1033 1869 1823 1908">
    <p class='ocr_par' dir='ltr' id='par_1_79' title="bbox 1033 1869 1823 1908">
     <span class='ocr_line' id='line_1_79' title="bbox 1033 1869 1823 1908; baseline -0.005 -9"><span class='ocrx_word' id='word_1_577' title='bbox 1033 1872 1181 1908; x_wconf 83' lang='lat' dir='ltr'><strong>perlectum</strong></span> <span class='ocrx_word' id='word_1_578' title='bbox 1196 1871 1306 1898; x_wconf 88' lang='lat' dir='ltr'><strong>virtutis</strong></span> <span class='ocrx_word' id='word_1_579' title='bbox 1324 1870 1501 1898; x_wconf 86' lang='lat' dir='ltr'><strong>simulacrum</strong></span> <span class='ocrx_word' id='word_1_580' title='bbox 1522 1870 1606 1897; x_wconf 88' lang='lat' dir='ltr'><strong>edidit</strong></span> <span class='ocrx_word' id='word_1_581' title='bbox 1622 1876 1629 1896; x_wconf 93' lang='lat'><strong>:</strong></span> <span class='ocrx_word' id='word_1_582' title='bbox 1645 1869 1685 1897; x_wconf 87' lang='lat' dir='ltr'><strong>sic</strong></span> <span class='ocrx_word' id='word_1_583' title='bbox 1698 1869 1823 1897; x_wconf 87' lang='lat' dir='ltr'><strong>videlicet</strong></span> 
     </span>
    </p>
   </div>
   <div class='ocr_carea' id='block_1_80' title="bbox 1035 1916 1822 1953">
    <p class='ocr_par' dir='ltr' id='par_1_80' title="bbox 1035 1916 1822 1953">
     <span class='ocr_line' id='line_1_80' title="bbox 1035 1916 1822 1953; baseline -0.006 -7"><span class='ocrx_word' id='word_1_584' title='bbox 1035 1926 1066 1947; x_wconf 87' lang='lat' dir='ltr'><strong>se</strong></span> <span class='ocrx_word' id='word_1_585' title='bbox 1088 1925 1259 1953; x_wconf 88' lang='lat' dir='ltr'><strong>comparans,</strong></span> <span class='ocrx_word' id='word_1_586' title='bbox 1288 1923 1317 1944; x_wconf 87' lang='lat' dir='ltr'><strong>ut</strong></span> <span class='ocrx_word' id='word_1_587' title='bbox 1342 1923 1370 1945; x_wconf 89' lang='lat' dir='ltr'><strong>et</strong></span> <span class='ocrx_word' id='word_1_588' title='bbox 1397 1917 1511 1945; x_wconf 86' lang='lat' dir='ltr'><strong>disertos</strong></span> <span class='ocrx_word' id='word_1_589' title='bbox 1534 1916 1651 1948; x_wconf 89' lang='lat' dir='ltr'><strong>actione,</strong></span> <span class='ocrx_word' id='word_1_590' title='bbox 1679 1920 1707 1943; x_wconf 89' lang='lat' dir='ltr'><strong>et</strong></span> <span class='ocrx_word' id='word_1_591' title='bbox 1731 1922 1822 1942; x_wconf 79' lang='lat' dir='ltr'><strong>rerum</strong></span> 
     </span>
    </p>
   </div>
   <div class='ocr_carea' id='block_1_81' title="bbox 1037 1966 1824 2004">
    <p class='ocr_par' dir='ltr' id='par_1_81' title="bbox 1037 1966 1824 2004">
     <span class='ocr_line' id='line_1_81' title="bbox 1037 1966 1824 2004; baseline -0.005 -9"><span class='ocrx_word' id='word_1_592' title='bbox 1037 1969 1217 2004; x_wconf 74' lang='lat' dir='ltr'><strong>gerendarum</strong></span> <span class='ocrx_word' id='word_1_593' title='bbox 1251 1967 1380 1994; x_wconf 81' lang='lat' dir='ltr'><strong>facultate</strong></span> <span class='ocrx_word' id='word_1_594' title='bbox 1407 1967 1534 2002; x_wconf 77' lang='lat' dir='ltr'><strong>praaditos</strong></span> <span class='ocrx_word' id='word_1_595' title='bbox 1560 1966 1713 1993; x_wconf 86' lang='lat' dir='ltr'><strong>eruditione</strong></span> <span class='ocrx_word' id='word_1_596' title='bbox 1741 1969 1824 1999; x_wconf 82' lang='lat' dir='ltr'><strong>atque</strong></span> 
     </span>
    </p>
   </div>
   <div class='ocr_carea' id='block_1_82' title="bbox 1035 2011 1817 2049">
    <p class='ocr_par' dir='ltr' id='par_1_82' title="bbox 1035 2011 1817 2049">
     <span class='ocr_line' id='line_1_82' title="bbox 1035 2011 1817 2049; baseline -0.006 -7"><span class='ocrx_word' id='word_1_597' title='bbox 1035 2014 1190 2049; x_wconf 85' lang='lat' dir='ltr'><strong>eloquentia</strong></span> <span class='ocrx_word' id='word_1_598' title='bbox 1203 2013 1336 2046; x_wconf 84' lang='lat' dir='ltr'><strong>vinceret;</strong></span> <span class='ocrx_word' id='word_1_599' title='bbox 1350 2017 1396 2040; x_wconf 84' lang='lat' dir='ltr'><strong>aut</strong></span> <span class='ocrx_word' id='word_1_600' title='bbox 1408 2012 1431 2040; x_wconf 91' lang='lat' dir='ltr'><strong>si</strong></span> <span class='ocrx_word' id='word_1_601' title='bbox 1446 2012 1542 2045; x_wconf 83' lang='lat' dir='ltr'><strong>mavis,</strong></span> <span class='ocrx_word' id='word_1_602' title='bbox 1557 2016 1584 2038; x_wconf 89' lang='lat' dir='ltr'><strong>et</strong></span> <span class='ocrx_word' id='word_1_603' title='bbox 1592 2011 1721 2039; x_wconf 64' lang='lat' dir='ltr'><strong>doctrinae</strong></span> <span class='ocrx_word' id='word_1_604' title='bbox 1732 2011 1817 2046; x_wconf 77' lang='lat' dir='ltr'><strong>gloria</strong></span> 
     </span>
    </p>
   </div>
   <div class='ocr_carea' id='block_1_83' title="bbox 1034 2056 1822 2092">
    <p class='ocr_par' dir='ltr' id='par_1_83' title="bbox 1034 2056 1822 2092">
     <span class='ocr_line' id='line_1_83' title="bbox 1034 2056 1822 2092; baseline -0.006 -4"><span class='ocrx_word' id='word_1_605' title='bbox 1034 2060 1174 2091; x_wconf 83' lang='lat' dir='ltr'><strong>ﬂorentes,</strong></span> <span class='ocrx_word' id='word_1_606' title='bbox 1194 2059 1332 2091; x_wconf 87' lang='lat' dir='ltr'><strong>doctrina,</strong></span> <span class='ocrx_word' id='word_1_607' title='bbox 1354 2063 1382 2086; x_wconf 91' lang='lat' dir='ltr'><strong>et</strong></span> <span class='ocrx_word' id='word_1_608' title='bbox 1405 2059 1485 2086; x_wconf 88' lang='lat' dir='ltr'><strong>rebus</strong></span> <span class='ocrx_word' id='word_1_609' title='bbox 1506 2057 1632 2092; x_wconf 70' lang='lat' dir='ltr'><strong>gerendis</strong></span> <span class='ocrx_word' id='word_1_610' title='bbox 1656 2056 1822 2091; x_wconf 75' lang='lat' dir='ltr'><strong>aptissimos,</strong></span> 
     </span>
    </p>
   </div>
   <div class='ocr_carea' id='block_1_84' title="bbox 1036 2101 1822 2140">
    <p class='ocr_par' dir='ltr' id='par_1_84' title="bbox 1036 2101 1822 2140">
     <span class='ocr_line' id='line_1_84' title="bbox 1036 2101 1822 2140; baseline -0.008 -6"><span class='ocrx_word' id='word_1_611' title='bbox 1036 2106 1143 2134; x_wconf 89' lang='lat' dir='ltr'><strong>actione</strong></span> <span class='ocrx_word' id='word_1_612' title='bbox 1162 2109 1304 2140; x_wconf 87' lang='lat' dir='ltr'><strong>superaret</strong></span> <span class='ocrx_word' id='word_1_613' title='bbox 1318 2113 1325 2131; x_wconf 93' lang='lat'><strong>:</strong></span> <span class='ocrx_word' id='word_1_614' title='bbox 1339 2109 1432 2139; x_wconf 82' lang='lat' dir='ltr'><strong>atque,</strong></span> <span class='ocrx_word' id='word_1_615' title='bbox 1447 2108 1476 2130; x_wconf 88' lang='lat' dir='ltr'><strong>et</strong></span> <span class='ocrx_word' id='word_1_616' title='bbox 1492 2103 1542 2136; x_wconf 85' lang='lat' dir='ltr'><strong>iis,</strong></span> <span class='ocrx_word' id='word_1_617' title='bbox 1557 2103 1602 2137; x_wconf 90' lang='lat' dir='ltr'><strong>qui</strong></span> <span class='ocrx_word' id='word_1_618' title='bbox 1618 2103 1781 2130; x_wconf 89' lang='lat' dir='ltr'><strong>mediocrem</strong></span> <span class='ocrx_word' id='word_1_619' title='bbox 1795 2101 1822 2129; x_wconf 95' lang='lat' dir='ltr'><strong>in</strong></span> 
     </span>
    </p>
   </div>
   <div class='ocr_carea' id='block_1_85' title="bbox 1037 2148 1822 2186">
    <p class='ocr_par' dir='ltr' id='par_1_85' title="bbox 1037 2148 1822 2186">
     <span class='ocr_line' id='line_1_85' title="bbox 1037 2148 1822 2186; baseline -0.005 -8"><span class='ocrx_word' id='word_1_620' title='bbox 1037 2157 1152 2186; x_wconf 91' lang='lat' dir='ltr'><strong>utroque</strong></span> <span class='ocrx_word' id='word_1_621' title='bbox 1165 2158 1264 2186; x_wconf 78' lang='lat' dir='ltr'><strong>genere</strong></span> <span class='ocrx_word' id='word_1_622' title='bbox 1283 2150 1391 2177; x_wconf 87' lang='lat' dir='ltr'><strong>laudem</strong></span> <span class='ocrx_word' id='word_1_623' title='bbox 1406 2149 1550 2181; x_wconf 87' lang='lat' dir='ltr'><strong>habebant,</strong></span> <span class='ocrx_word' id='word_1_624' title='bbox 1561 2157 1595 2176; x_wconf 87' lang='lat' dir='ltr'><strong>eo</strong></span> <span class='ocrx_word' id='word_1_625' title='bbox 1605 2148 1728 2183; x_wconf 86' lang='lat' dir='ltr'><strong>superior</strong></span> <span class='ocrx_word' id='word_1_626' title='bbox 1741 2153 1822 2179; x_wconf 87' lang='lat' dir='ltr'><strong>esset,</strong></span> 
     </span>
    </p>
   </div>
   <div class='ocr_carea' id='block_1_86' title="bbox 1037 2194 1822 2232">
    <p class='ocr_par' dir='ltr' id='par_1_86' title="bbox 1037 2194 1822 2232">
     <span class='ocr_line' id='line_1_86' title="bbox 1037 2194 1822 2232; baseline -0.006 -7"><span class='ocrx_word' id='word_1_627' title='bbox 1037 2199 1108 2232; x_wconf 90' lang='lat' dir='ltr'><strong>quod</strong></span> <span class='ocrx_word' id='word_1_628' title='bbox 1126 2197 1153 2224; x_wconf 89' lang='lat' dir='ltr'><strong>in</strong></span> <span class='ocrx_word' id='word_1_629' title='bbox 1169 2197 1255 2224; x_wconf 85' lang='lat' dir='ltr'><strong>altero</strong></span> <span class='ocrx_word' id='word_1_630' title='bbox 1267 2196 1363 2223; x_wconf 90' lang='lat' dir='ltr'><strong>borum</strong></span> <span class='ocrx_word' id='word_1_631' title='bbox 1379 2202 1484 2222; x_wconf 86' lang='lat' dir='ltr'><strong>summe</strong></span> <span class='ocrx_word' id='word_1_632' title='bbox 1498 2194 1656 2226; x_wconf 82' lang='lat' dir='ltr'><strong>excelleret;</strong></span> <span class='ocrx_word' id='word_1_633' title='bbox 1670 2198 1697 2220; x_wconf 89' lang='lat' dir='ltr'><strong>et</strong></span> <span class='ocrx_word' id='word_1_634' title='bbox 1711 2200 1805 2221; x_wconf 78' lang='lat' dir='ltr'><strong>rursus</strong></span> <span class='ocrx_word' id='word_1_635' title='bbox 1815 2212 1822 2225; x_wconf 87' lang='lat'><strong>,</strong></span> 
     </span>
    </p>
   </div>
   <div class='ocr_carea' id='block_1_87' title="bbox 198 2239 1824 2284">
    <p class='ocr_par' dir='ltr' id='par_1_87' title="bbox 198 2239 1824 2284">
     <span class='ocr_line' id='line_1_87' title="bbox 198 2239 1824 2284; baseline -0.007 -8"><span class='ocrx_word' id='word_1_636' title='bbox 198 2249 242 2281; x_wconf 89' lang='lat' dir='ltr'><strong>iis,</strong></span> <span class='ocrx_word' id='word_1_637' title='bbox 262 2250 307 2284; x_wconf 90' lang='lat' dir='ltr'><strong>qni</strong></span> <span class='ocrx_word' id='word_1_638' title='bbox 328 2249 413 2276; x_wconf 80' lang='lat' dir='ltr'><strong>altero</strong></span> <span class='ocrx_word' id='word_1_639' title='bbox 433 2249 564 2276; x_wconf 83' lang='lat' dir='ltr'><strong>duntaxat</strong></span> <span class='ocrx_word' id='word_1_640' title='bbox 577 2256 676 2284; x_wconf 74' lang='lat' dir='ltr'><strong>genere</strong></span> <span class='ocrx_word' id='word_1_641' title='bbox 693 2254 867 2283; x_wconf 85' lang='lat' dir='ltr'><strong>summopere</strong></span> <span class='ocrx_word' id='word_1_642' title='bbox 899 2245 1066 2276; x_wconf 87' lang='lat' dir='ltr'><strong>eminebant,</strong></span> <span class='ocrx_word' id='word_1_643' title='bbox 1101 2243 1152 2270; x_wconf 89' lang='lat' dir='ltr'><strong>hoc</strong></span> <span class='ocrx_word' id='word_1_644' title='bbox 1189 2241 1298 2270; x_wconf 89' lang='lat' dir='ltr'><strong>nomine</strong></span> <span class='ocrx_word' id='word_1_645' title='bbox 1333 2245 1483 2276; x_wconf 69' lang='lat' dir='ltr'><strong>praestaret,</strong></span> <span class='ocrx_word' id='word_1_646' title='bbox 1499 2241 1570 2275; x_wconf 89' lang='lat' dir='ltr'><strong>quod</strong></span> <span class='ocrx_word' id='word_1_647' title='bbox 1591 2245 1705 2274; x_wconf 87' lang='lat' dir='ltr'><strong>utraque</strong></span> <span class='ocrx_word' id='word_1_648' title='bbox 1726 2239 1824 2266; x_wconf 88' lang='lat' dir='ltr'><strong>virtute</strong></span> 
     </span>
    </p>
   </div>
   <div class='ocr_carea' id='block_1_88' title="bbox 198 2285 1824 2330">
    <p class='ocr_par' dir='ltr' id='par_1_88' title="bbox 198 2285 1824 2330">
     <span class='ocr_line' id='line_1_88' title="bbox 198 2285 1824 2330; baseline -0.007 -8"><span class='ocrx_word' id='word_1_649' title='bbox 198 2296 322 2330; x_wconf 83' lang='lat' dir='ltr'><strong>polleret.</strong></span> <span class='ocrx_word' id='word_1_650' title='bbox 343 2294 418 2328; x_wconf 86' lang='lat' dir='ltr'><strong>Quod</strong></span> <span class='ocrx_word' id='word_1_651' title='bbox 430 2294 452 2321; x_wconf 91' lang='lat' dir='ltr'><strong>si</strong></span> <span class='ocrx_word' id='word_1_652' title='bbox 466 2295 507 2322; x_wconf 86' lang='lat' dir='ltr'><strong>his</strong></span> <span class='ocrx_word' id='word_1_653' title='bbox 521 2294 565 2329; x_wconf 86' lang='lat' dir='ltr'><strong>qui</strong></span> <span class='ocrx_word' id='word_1_654' title='bbox 580 2295 666 2330; x_wconf 85' lang='lat' dir='ltr'><strong>ipsum</strong></span> <span class='ocrx_word' id='word_1_655' title='bbox 678 2299 758 2322; x_wconf 63' lang='lat' dir='ltr'><strong>actate</strong></span> <span class='ocrx_word' id='word_1_656' title='bbox 771 2296 976 2328; x_wconf 73' lang='lat' dir='ltr'><strong>prtecesserunt,</strong></span> <span class='ocrx_word' id='word_1_657' title='bbox 997 2289 1105 2316; x_wconf 88' lang='lat' dir='ltr'><strong>virtutis</strong></span> <span class='ocrx_word' id='word_1_658' title='bbox 1121 2288 1273 2322; x_wconf 80' lang='lat' dir='ltr'><strong>exemplum</strong></span> <span class='ocrx_word' id='word_1_659' title='bbox 1309 2287 1360 2322; x_wconf 86' lang='lat' dir='ltr'><strong>ipsi</strong></span> <span class='ocrx_word' id='word_1_660' title='bbox 1392 2286 1539 2321; x_wconf 64' lang='lat' dir='ltr'><strong>prmbuisse</strong></span> <span class='ocrx_word' id='word_1_661' title='bbox 1555 2293 1679 2320; x_wconf 80' lang='lat' dir='ltr'><strong>magnum</strong></span> <span class='ocrx_word' id='word_1_662' title='bbox 1697 2289 1725 2312; x_wconf 90' lang='lat' dir='ltr'><strong>et</strong></span> <span class='ocrx_word' id='word_1_663' title='bbox 1737 2285 1824 2312; x_wconf 85' lang='lat' dir='ltr'><strong>hono—</strong></span> 
     </span>
    </p>
   </div>
   <div class='ocr_carea' id='block_1_89' title="bbox 200 2330 1826 2376">
    <p class='ocr_par' dir='ltr' id='par_1_89' title="bbox 200 2330 1826 2376">
     <span class='ocr_line' id='line_1_89' title="bbox 200 2330 1826 2376; baseline -0.007 -6"><span class='ocrx_word' id='word_1_664' title='bbox 200 2343 305 2371; x_wconf 83' lang='lat' dir='ltr'><strong>riticnm</strong></span> <span class='ocrx_word' id='word_1_665' title='bbox 326 2346 377 2376; x_wconf 88' lang='lat' dir='ltr'><strong>est,</strong></span> <span class='ocrx_word' id='word_1_666' title='bbox 393 2350 446 2369; x_wconf 87' lang='lat' dir='ltr'><strong>non</strong></span> <span class='ocrx_word' id='word_1_667' title='bbox 463 2342 551 2369; x_wconf 88' lang='lat' dir='ltr'><strong>minus</strong></span> <span class='ocrx_word' id='word_1_668' title='bbox 566 2346 641 2368; x_wconf 87' lang='lat' dir='ltr'><strong>certe</strong></span> <span class='ocrx_word' id='word_1_669' title='bbox 662 2342 725 2368; x_wconf 85' lang='lat' dir='ltr'><strong>huic</strong></span> <span class='ocrx_word' id='word_1_670' title='bbox 741 2345 834 2368; x_wconf 87' lang='lat' dir='ltr'><strong>nostro</strong></span> <span class='ocrx_word' id='word_1_671' title='bbox 866 2337 1026 2374; x_wconf 61' lang='lat' dir='ltr'><strong>praeclarum</strong></span> <span class='ocrx_word' id='word_1_672' title='bbox 1046 2334 1152 2362; x_wconf 84' lang='lat' dir='ltr'><strong>censeri</strong></span> <span class='ocrx_word' id='word_1_673' title='bbox 1190 2334 1289 2366; x_wconf 81' lang='lat' dir='ltr'><strong>debet,</strong></span> <span class='ocrx_word' id='word_1_674' title='bbox 1331 2333 1401 2368; x_wconf 87' lang='lat' dir='ltr'><strong>quod</strong></span> <span class='ocrx_word' id='word_1_675' title='bbox 1434 2332 1551 2366; x_wconf 86' lang='lat' dir='ltr'><strong>posteris</strong></span> <span class='ocrx_word' id='word_1_676' title='bbox 1579 2331 1732 2366; x_wconf 76' lang='lat' dir='ltr'><strong>exemplum</strong></span> <span class='ocrx_word' id='word_1_677' title='bbox 1767 2330 1826 2365; x_wconf 84' lang='lat' dir='ltr'><strong>ipse</strong></span> 
     </span>
    </p>
   </div>
   <div class='ocr_carea' id='block_1_90' title="bbox 200 2388 291 2418">
    <p class='ocr_par' dir='ltr' id='par_1_90' title="bbox 200 2388 291 2418">
     <span class='ocr_line' id='line_1_90' title="bbox 200 2388 291 2418; baseline -0.011 -2"><span class='ocrx_word' id='word_1_678' title='bbox 200 2388 291 2418; x_wconf 68' lang='lat' dir='ltr'><strong>fuerit.</strong></span> 
     </span>
    </p>
   </div>
   <div class='ocr_carea' id='block_1_91' title="bbox 234 2432 977 2471">
    <p class='ocr_par' dir='ltr' id='par_1_91' title="bbox 234 2433 976 2471">
     <span class='ocr_line' id='line_1_91' title="bbox 234 2433 976 2471; baseline -0.007 -7"><span class='ocrx_word' id='word_1_679' title='bbox 234 2437 273 2464; x_wconf 85' lang='lat' dir='ltr'><strong>E’.</strong></span> <span class='ocrx_word' id='word_1_680' title='bbox 287 2435 381 2464; x_wconf 76' lang='grc' dir='ltr'>Πάντα</span> <span class='ocrx_word' id='word_1_681' title='bbox 394 2435 443 2471; x_wconf 78' lang='grc' dir='ltr'>μὲν</span> <span class='ocrx_word' id='word_1_682' title='bbox 462 2435 494 2471; x_wconf 81' lang='grc' dir='ltr'><strong>δὴ</strong></span> <span class='ocrx_word' id='word_1_683' title='bbox 506 2433 541 2462; x_wconf 85' lang='grc' dir='ltr'><strong>τὰ</strong></span> <span class='ocrx_word' id='word_1_684' title='bbox 553 2434 658 2462; x_wconf 76' lang='grc' dir='ltr'>ἐκείνου</span> <span class='ocrx_word' id='word_1_685' title='bbox 669 2434 760 2468; x_wconf 80' lang='grc' dir='ltr'>λέγειν</span> <span class='ocrx_word' id='word_1_686' title='bbox 777 2443 806 2460; x_wconf 86' lang='grc' dir='ltr'><strong>τε</strong></span> <span class='ocrx_word' id='word_1_687' title='bbox 820 2433 867 2460; x_wconf 73' lang='grc' dir='ltr'>καὶ</span> <span class='ocrx_word' id='word_1_688' title='bbox 883 2433 976 2468; x_wconf 76' lang='grc' dir='ltr'>θαυμά</span> 
     </span>
    </p>
   </div>
   <div class='ocr_carea' id='block_1_92' title="bbox 1030 2432 1828 2471">
    <p class='ocr_par' dir='ltr' id='par_1_92' title="bbox 1083 2432 1828 2470">
     <span class='ocr_line' id='line_1_92' title="bbox 1083 2432 1828 2470; baseline -0.001 -9"><span class='ocrx_word' id='word_1_689' title='bbox 1083 2433 1116 2461; x_wconf 82' lang='grc' dir='ltr'>ν.</span> <span class='ocrx_word' id='word_1_690' title='bbox 1137 2435 1226 2470; x_wconf 86' lang='lat' dir='ltr'><strong>Atque</strong></span> <span class='ocrx_word' id='word_1_691' title='bbox 1245 2442 1352 2462; x_wconf 84' lang='lat' dir='ltr'><strong>omnem</strong></span> <span class='ocrx_word' id='word_1_692' title='bbox 1376 2434 1485 2469; x_wconf 87' lang='lat' dir='ltr'><strong>quidem</strong></span> <span class='ocrx_word' id='word_1_693' title='bbox 1510 2433 1580 2461; x_wconf 84' lang='lat' dir='ltr'><strong>illius</strong></span> <span class='ocrx_word' id='word_1_694' title='bbox 1599 2432 1681 2459; x_wconf 85' lang='lat' dir='ltr'><strong>vitam</strong></span> <span class='ocrx_word' id='word_1_695' title='bbox 1703 2439 1828 2460; x_wconf 86' lang='lat' dir='ltr'><strong>sermone</strong></span> 
     </span>
    </p>
   </div>
   <div class='ocr_carea' id='block_1_93' title="bbox 201 2478 977 2518">
    <p class='ocr_par' dir='ltr' id='par_1_93' title="bbox 201 2479 977 2518">
     <span class='ocr_line' id='line_1_93' title="bbox 201 2479 977 2518; baseline -0.005 -9"><span class='ocrx_word' id='word_1_696' title='bbox 201 2483 259 2516; x_wconf 83' lang='grc' dir='ltr'>ζειν</span> <span class='ocrx_word' id='word_1_697' title='bbox 280 2481 448 2518; x_wconf 83' lang='grc' dir='ltr'>μακρότερον</span> <span class='ocrx_word' id='word_1_698' title='bbox 460 2481 492 2508; x_wconf 84' lang='grc' dir='ltr'>ἂν</span> <span class='ocrx_word' id='word_1_699' title='bbox 508 2480 550 2516; x_wconf 79' lang='grc' dir='ltr'><strong>εἴη</strong></span> <span class='ocrx_word' id='word_1_700' title='bbox 563 2480 653 2515; x_wconf 79' lang='grc' dir='ltr'>τυχὸν,</span> <span class='ocrx_word' id='word_1_701' title='bbox 667 2479 683 2514; x_wconf 84' lang='grc' dir='ltr'>ἢ</span> <span class='ocrx_word' id='word_1_702' title='bbox 698 2479 768 2506; x_wconf 80' lang='grc' dir='ltr'>κατὰ</span> <span class='ocrx_word' id='word_1_703' title='bbox 783 2479 832 2514; x_wconf 83' lang='grc' dir='ltr'>τὴν</span> <span class='ocrx_word' id='word_1_704' title='bbox 849 2479 977 2514; x_wconf 79' lang='grc' dir='ltr'>παροῦσα·</span> 
     </span>
    </p>
   </div>
   <div class='ocr_carea' id='block_1_94' title="bbox 1030 2478 1825 2518">
    <p class='ocr_par' dir='ltr' id='par_1_94' title="bbox 1041 2478 1825 2515">
     <span class='ocr_line' id='line_1_94' title="bbox 1041 2478 1825 2515; baseline -0.003 -9"><span class='ocrx_word' id='word_1_705' title='bbox 1041 2481 1169 2515; x_wconf 87' lang='lat' dir='ltr'><strong>prosequi</strong></span> <span class='ocrx_word' id='word_1_706' title='bbox 1183 2488 1216 2507; x_wconf 87' lang='lat' dir='ltr'><strong>ac</strong></span> <span class='ocrx_word' id='word_1_707' title='bbox 1235 2481 1360 2508; x_wconf 86' lang='lat' dir='ltr'><strong>laudibus</strong></span> <span class='ocrx_word' id='word_1_708' title='bbox 1375 2479 1472 2507; x_wconf 85' lang='lat' dir='ltr'><strong>ell‘crre</strong></span> <span class='ocrx_word' id='word_1_709' title='bbox 1488 2479 1592 2514; x_wconf 76' lang='lat' dir='ltr'><strong>longius</strong></span> <span class='ocrx_word' id='word_1_710' title='bbox 1608 2478 1721 2505; x_wconf 81' lang='lat' dir='ltr'><strong>fortasse</strong></span> <span class='ocrx_word' id='word_1_711' title='bbox 1735 2478 1825 2511; x_wconf 80' lang='lat' dir='ltr'><strong>fuerit,</strong></span> 
     </span>
    </p>
   </div>
   <div class='ocr_carea' id='block_1_95' title="bbox 201 2525 987 2564">
    <p class='ocr_par' dir='ltr' id='par_1_95' title="bbox 201 2525 987 2564">
     <span class='ocr_line' id='line_1_95' title="bbox 201 2525 987 2564; baseline -0.006 -8"><span class='ocrx_word' id='word_1_712' title='bbox 201 2529 289 2564; x_wconf 80' lang='grc' dir='ltr'>ὁρμὴν</span> <span class='ocrx_word' id='word_1_713' title='bbox 306 2528 353 2555; x_wconf 75' lang='grc' dir='ltr'>τοῦ</span> <span class='ocrx_word' id='word_1_714' title='bbox 373 2528 464 2562; x_wconf 75' lang='grc' dir='ltr'>λόγου,</span> <span class='ocrx_word' id='word_1_715' title='bbox 477 2527 525 2553; x_wconf 74' lang='grc' dir='ltr'>καὶ</span> <span class='ocrx_word' id='word_1_716' title='bbox 542 2527 661 2561; x_wconf 86' lang='grc' dir='ltr'>ίστορίας</span> <span class='ocrx_word' id='word_1_717' title='bbox 673 2525 762 2561; x_wconf 80' lang='grc' dir='ltr'>ἔργον,</span> <span class='ocrx_word' id='word_1_718' title='bbox 773 2526 822 2552; x_wconf 75' lang='grc' dir='ltr'>οὐκ</span> <span class='ocrx_word' id='word_1_719' title='bbox 835 2525 970 2560; x_wconf 82' lang='grc' dir='ltr'>εὐφημίας</span> <span class='ocrx_word' id='word_1_720' title='bbox 979 2532 987 2540; x_wconf 83' lang='grc'><em>”</em></span> 
     </span>
    </p>
   </div>
   <div class='ocr_carea' id='block_1_96' title="bbox 201 2571 988 2609">
    <p class='ocr_par' dir='ltr' id='par_1_96' title="bbox 201 2571 988 2609">
     <span class='ocr_line' id='line_1_96' title="bbox 201 2571 988 2609; baseline -0.005 -8"><span class='ocrx_word' id='word_1_721' title='bbox 201 2574 219 2600; x_wconf 67' lang='grc' dir='ltr'>ἃ</span> <span class='ocrx_word' id='word_1_722' title='bbox 234 2574 281 2601; x_wconf 78' lang='grc' dir='ltr'>καὶ</span> <span class='ocrx_word' id='word_1_723' title='bbox 296 2574 349 2609; x_wconf 80' lang='grc' dir='ltr'>ίδῖᾳ</span> <span class='ocrx_word' id='word_1_724' title='bbox 363 2573 529 2608; x_wconf 75' lang='grc' dir='ltr'>παραδοῦναι</span> <span class='ocrx_word' id='word_1_725' title='bbox 546 2573 638 2608; x_wconf 87' lang='grc' dir='ltr'>γραφῇ</span> <span class='ocrx_word' id='word_1_726' title='bbox 658 2572 798 2606; x_wconf 71' lang='grc' dir='ltr'>παίδευμά</span> <span class='ocrx_word' id='word_1_727' title='bbox 809 2580 837 2598; x_wconf 87' lang='grc' dir='ltr'><strong>τε</strong></span> <span class='ocrx_word' id='word_1_728' title='bbox 851 2572 898 2598; x_wconf 74' lang='grc' dir='ltr'>καὶ</span> <span class='ocrx_word' id='word_1_729' title='bbox 916 2571 988 2607; x_wconf 71' lang='grc' dir='ltr'><strong>ἥδυ-</strong></span> 
     </span>
    </p>
   </div>
   <div class='ocr_carea' id='block_1_97' title="bbox 202 2617 989 2655">
    <p class='ocr_par' dir='ltr' id='par_1_97' title="bbox 202 2617 989 2655">
     <span class='ocr_line' id='line_1_97' title="bbox 202 2617 989 2655; baseline -0.001 -9"><span class='ocrx_word' id='word_1_730' title='bbox 202 2627 258 2655; x_wconf 86' lang='grc' dir='ltr'><strong>σμα</strong></span> <span class='ocrx_word' id='word_1_731' title='bbox 280 2621 337 2650; x_wconf 86' lang='grc' dir='ltr'>τοῖς</span> <span class='ocrx_word' id='word_1_732' title='bbox 364 2620 403 2650; x_wconf 86' lang='grc' dir='ltr'><strong>εἰς</strong></span> <span class='ocrx_word' id='word_1_733' title='bbox 420 2619 542 2654; x_wconf 80' lang='grc' dir='ltr'>ὓστερον,</span> <span class='ocrx_word' id='word_1_734' title='bbox 567 2618 650 2653; x_wconf 77' lang='grc' dir='ltr'>εὐχῆς</span> <span class='ocrx_word' id='word_1_735' title='bbox 666 2617 745 2653; x_wconf 78' lang='grc' dir='ltr'>ἔργον</span> <span class='ocrx_word' id='word_1_736' title='bbox 759 2618 830 2653; x_wconf 77' lang='grc' dir='ltr'>ἐμοὶ,</span> <span class='ocrx_word' id='word_1_737' title='bbox 848 2617 942 2654; x_wconf 77' lang='grc' dir='ltr'>ὥσπερ</span> <span class='ocrx_word' id='word_1_738' title='bbox 960 2618 989 2645; x_wconf 70' lang='grc' dir='ltr'>ὃν</span> 
     </span>
    </p>
   </div>
   <div class='ocr_carea' id='block_1_98' title="bbox 239 2735 891 2771">
    <p class='ocr_par' dir='ltr' id='par_1_98' title="bbox 239 2735 891 2771">
     <span class='ocr_line' id='line_1_98' title="bbox 239 2735 891 2771; baseline 0.005 -8"><span class='ocrx_word' id='word_1_739' title='bbox 239 2736 297 2771; x_wconf 74' lang='grc'><strong>(38)</strong></span> <span class='ocrx_word' id='word_1_740' title='bbox 312 2737 378 2764; x_wconf 74' lang='grc' dir='ltr'>Καί.</span> <span class='ocrx_word' id='word_1_741' title='bbox 400 2737 446 2764; x_wconf 90' lang='lat' dir='ltr'><strong>Sic</strong></span> <span class='ocrx_word' id='word_1_742' title='bbox 467 2737 532 2771; x_wconf 78' lang='lat' dir='ltr'><strong>Reg.</strong></span> <span class='ocrx_word' id='word_1_743' title='bbox 549 2745 574 2768; x_wconf 86' lang='lat' dir='ltr'><strong>a,</strong></span> <span class='ocrx_word' id='word_1_744' title='bbox 590 2739 644 2768; x_wconf 91' lang='lat' dir='ltr'><strong>bm,</strong></span> <span class='ocrx_word' id='word_1_745' title='bbox 658 2737 703 2770; x_wconf 81' lang='lat' dir='ltr'><strong>ph.</strong></span> <span class='ocrx_word' id='word_1_746' title='bbox 718 2735 797 2765; x_wconf 84' lang='lat' dir='ltr'><strong>Deest</strong></span> <span class='ocrx_word' id='word_1_747' title='bbox 812 2738 838 2765; x_wconf 92' lang='lat' dir='ltr'><strong>in</strong></span> <span class='ocrx_word' id='word_1_748' title='bbox 848 2739 891 2766; x_wconf 86' lang='lat' dir='ltr'><strong>ed.</strong></span> 
     </span>
    </p>
   </div>
   <div class='ocr_carea' id='block_1_99' title="bbox 252 2771 770 2806">
    <p class='ocr_par' dir='ltr' id='par_1_99' title="bbox 252 2771 770 2806">
     <span class='ocr_line' id='line_1_99' title="bbox 252 2771 770 2806; baseline 0.004 -7"><span class='ocrx_word' id='word_1_749' title='bbox 252 2772 297 2806; x_wconf 80' lang='lat'><strong>59)</strong></span> <span class='ocrx_word' id='word_1_750' title='bbox 310 2771 445 2799; x_wconf 78' lang='grc' dir='ltr'>Μωῦσέα.</span> <span class='ocrx_word' id='word_1_751' title='bbox 461 2773 489 2799; x_wconf 87' lang='lat' dir='ltr'><strong>in</strong></span> <span class='ocrx_word' id='word_1_752' title='bbox 510 2772 639 2806; x_wconf 85' lang='lat' dir='ltr'><strong>pluribus.</strong></span> <span class='ocrx_word' id='word_1_753' title='bbox 658 2772 770 2801; x_wconf 82' lang='grc' dir='ltr'>Μωσέα,</span> 
     </span>
    </p>
   </div>
   <div class='ocr_carea' id='block_1_100' title="bbox 252 2807 674 2842">
    <p class='ocr_par' dir='ltr' id='par_1_100' title="bbox 252 2807 674 2842">
     <span class='ocr_line' id='line_1_100' title="bbox 252 2807 674 2842; baseline -0.002 -9"><span class='ocrx_word' id='word_1_754' title='bbox 252 2807 296 2842; x_wconf 67' lang='grc' dir='ltr'>ω)</span> <span class='ocrx_word' id='word_1_755' title='bbox 313 2807 378 2842; x_wconf 76' lang='grc' dir='ltr'>Καί.</span> <span class='ocrx_word' id='word_1_756' title='bbox 397 2807 475 2835; x_wconf 86' lang='lat' dir='ltr'><strong>Deest</strong></span> <span class='ocrx_word' id='word_1_757' title='bbox 487 2809 512 2834; x_wconf 93' lang='lat' dir='ltr'><strong>in</strong></span> <span class='ocrx_word' id='word_1_758' title='bbox 530 2807 674 2834; x_wconf 87' lang='lat' dir='ltr'><strong>nonnullis.</strong></span> 
     </span>
    </p>
   </div>
   <div class='ocr_carea' id='block_1_101' title="bbox 205 2841 992 2912">
    <p class='ocr_par' dir='ltr' id='par_1_101' title="bbox 205 2841 992 2912">
     <span class='ocr_line' id='line_1_101' title="bbox 205 2841 992 2912; baseline 0.004 -44"><span class='ocrx_word' id='word_1_759' title='bbox 205 2841 297 2912; x_wconf 51' lang='grc' dir='ltr'><strong>δήξιιί)</strong></span> <span class='ocrx_word' id='word_1_760' title='bbox 318 2841 368 2877; x_wconf 80' lang='grc' dir='ltr'><strong>Τῇ.</strong></span> <span class='ocrx_word' id='word_1_761' title='bbox 385 2843 431 2870; x_wconf 82' lang='lat' dir='ltr'><strong>Sic</strong></span> <span class='ocrx_word' id='word_1_762' title='bbox 451 2847 567 2877; x_wconf 83' lang='lat' dir='ltr'><strong>quatuor</strong></span> <span class='ocrx_word' id='word_1_763' title='bbox 586 2842 668 2876; x_wconf 72' lang='lat' dir='ltr'><strong>ltegg.</strong></span> <span class='ocrx_word' id='word_1_764' title='bbox 685 2847 712 2870; x_wconf 86' lang='lat' dir='ltr'><strong>et</strong></span> <span class='ocrx_word' id='word_1_765' title='bbox 735 2842 856 2872; x_wconf 77' lang='lat' dir='ltr'><strong>Combef.</strong></span> <span class='ocrx_word' id='word_1_766' title='bbox 871 2843 901 2871; x_wconf 88' lang='lat' dir='ltr'><strong>In</strong></span> <span class='ocrx_word' id='word_1_767' title='bbox 913 2843 992 2876; x_wconf 87' lang='lat' dir='ltr'><strong>edit.,</strong></span> 
     </span>
    </p>
   </div>
   <div class='ocr_carea' id='block_1_102' title="bbox 1040 2524 1825 2560">
    <p class='ocr_par' dir='ltr' id='par_1_102' title="bbox 1040 2524 1825 2560">
     <span class='ocr_line' id='line_1_102' title="bbox 1040 2524 1825 2560; baseline -0.004 -7"><span class='ocrx_word' id='word_1_768' title='bbox 1040 2533 1122 2560; x_wconf 88' lang='lat' dir='ltr'><strong>quam</strong></span> <span class='ocrx_word' id='word_1_769' title='bbox 1142 2526 1223 2560; x_wconf 83' lang='lat' dir='ltr'><strong>hujus</strong></span> <span class='ocrx_word' id='word_1_770' title='bbox 1234 2527 1367 2553; x_wconf 85' lang='lat' dir='ltr'><strong>orationis</strong></span> <span class='ocrx_word' id='word_1_771' title='bbox 1381 2526 1533 2553; x_wconf 89' lang='lat' dir='ltr'><strong>institutum</strong></span> <span class='ocrx_word' id='word_1_772' title='bbox 1551 2524 1619 2551; x_wconf 79' lang='lat' dir='ltr'><strong>ferat</strong></span> <span class='ocrx_word' id='word_1_773' title='bbox 1632 2545 1638 2556; x_wconf 91' lang='lat'><strong>,</strong></span> <span class='ocrx_word' id='word_1_774' title='bbox 1655 2532 1686 2551; x_wconf 90' lang='lat' dir='ltr'><strong>ac</strong></span> <span class='ocrx_word' id='word_1_775' title='bbox 1702 2532 1754 2550; x_wconf 91' lang='lat' dir='ltr'><strong>non</strong></span> <span class='ocrx_word' id='word_1_776' title='bbox 1771 2529 1825 2551; x_wconf 85' lang='lat' dir='ltr'><strong>tam</strong></span> 
     </span>
    </p>
   </div>
   <div class='ocr_carea' id='block_1_103' title="bbox 1041 2569 1826 2608">
    <p class='ocr_par' dir='ltr' id='par_1_103' title="bbox 1041 2569 1826 2608">
     <span class='ocr_line' id='line_1_103' title="bbox 1041 2569 1826 2608; baseline -0.001 -10"><span class='ocrx_word' id='word_1_777' title='bbox 1041 2572 1160 2599; x_wconf 87' lang='lat' dir='ltr'><strong>encomii</strong></span> <span class='ocrx_word' id='word_1_778' title='bbox 1178 2579 1246 2606; x_wconf 86' lang='lat' dir='ltr'><strong>opus</strong></span> <span class='ocrx_word' id='word_1_779' title='bbox 1261 2580 1340 2608; x_wconf 85' lang='lat' dir='ltr'><strong>quam</strong></span> <span class='ocrx_word' id='word_1_780' title='bbox 1358 2571 1491 2603; x_wconf 63' lang='lat' dir='ltr'><strong>historiar;</strong></span> <span class='ocrx_word' id='word_1_781' title='bbox 1509 2577 1587 2605; x_wconf 88' lang='lat' dir='ltr'><strong>quam</strong></span> <span class='ocrx_word' id='word_1_782' title='bbox 1602 2569 1683 2596; x_wconf 86' lang='lat' dir='ltr'><strong>etiam</strong></span> <span class='ocrx_word' id='word_1_783' title='bbox 1695 2574 1723 2596; x_wconf 93' lang='lat' dir='ltr'><strong>ut</strong></span> <span class='ocrx_word' id='word_1_784' title='bbox 1735 2575 1826 2604; x_wconf 87' lang='lat' dir='ltr'><strong>poste-</strong></span> 
     </span>
    </p>
   </div>
   <div class='ocr_carea' id='block_1_104' title="bbox 1045 2615 1828 2652">
    <p class='ocr_par' dir='ltr' id='par_1_104' title="bbox 1045 2615 1828 2652">
     <span class='ocr_line' id='line_1_104' title="bbox 1045 2615 1828 2652; baseline -0.005 -5"><span class='ocrx_word' id='word_1_785' title='bbox 1045 2620 1086 2647; x_wconf 89' lang='lat' dir='ltr'><strong>ris</strong></span> <span class='ocrx_word' id='word_1_786' title='bbox 1105 2619 1236 2646; x_wconf 89' lang='lat' dir='ltr'><strong>documen</strong></span> <span class='ocrx_word' id='word_1_787' title='bbox 1243 2623 1269 2646; x_wconf 92' lang='lat' dir='ltr'><strong>to</strong></span> <span class='ocrx_word' id='word_1_788' title='bbox 1284 2622 1365 2652; x_wconf 82' lang='lat' dir='ltr'><strong>atque</strong></span> <span class='ocrx_word' id='word_1_789' title='bbox 1380 2616 1552 2645; x_wconf 86' lang='lat' dir='ltr'><strong>oblectationi</strong></span> <span class='ocrx_word' id='word_1_790' title='bbox 1569 2616 1686 2643; x_wconf 81' lang='lat' dir='ltr'><strong>futuram</strong></span> <span class='ocrx_word' id='word_1_791' title='bbox 1701 2615 1828 2650; x_wconf 86' lang='lat' dir='ltr'><strong>peculiari</strong></span> 
     </span>
    </p>
   </div>
   <div class='ocr_carea' id='block_1_105' title="bbox 1080 2731 1830 2773">
    <p class='ocr_par' dir='ltr' id='par_1_105' title="bbox 1080 2731 1830 2773">
     <span class='ocr_line' id='line_1_105' title="bbox 1080 2731 1830 2773; baseline -0.009 -8"><span class='ocrx_word' id='word_1_792' title='bbox 1080 2738 1135 2773; x_wconf 66' lang='grc'><strong>(42)</strong></span> <span class='ocrx_word' id='word_1_793' title='bbox 1157 2737 1208 2773; x_wconf 79' lang='grc' dir='ltr'><strong>Διὰ</strong></span> <span class='ocrx_word' id='word_1_794' title='bbox 1229 2737 1322 2771; x_wconf 72' lang='grc' dir='ltr'>λόγου</span> <span class='ocrx_word' id='word_1_795' title='bbox 1339 2733 1612 2773; x_wconf 37' lang='grc' dir='ltr'>φανερωθένταςηῇ</span> <span class='ocrx_word' id='word_1_796' title='bbox 1628 2731 1830 2773; x_wconf 32' lang='lat' dir='ltr'><strong>(ﬁrmamus:le</strong></span> 
     </span>
    </p>
   </div>
   <div class='ocr_carea' id='block_1_106' title="bbox 1045 2768 1828 2808">
    <p class='ocr_par' dir='ltr' id='par_1_106' title="bbox 1045 2768 1828 2808">
     <span class='ocr_line' id='line_1_106' title="bbox 1045 2768 1828 2808; baseline -0.008 -9"><span class='ocrx_word' id='word_1_797' title='bbox 1045 2768 1419 2808; x_wconf 35' lang='grc' dir='ltr'>γνωρισθένταςλριιίιιιιιιεέ</span> <span class='ocrx_word' id='word_1_798' title='bbox 1437 2769 1519 2808; x_wconf 56' lang='grc' dir='ltr'><strong>ᾗίςιςκ.</strong></span> <span class='ocrx_word' id='word_1_799' title='bbox 1533 2774 1560 2796; x_wconf 89' lang='lat' dir='ltr'><strong>et</strong></span> <span class='ocrx_word' id='word_1_800' title='bbox 1576 2768 1760 2808; x_wconf 44' lang='lat' dir='ltr'><strong>Combéfluﬁtd</strong></span> <span class='ocrx_word' id='word_1_801' title='bbox 1779 2774 1828 2802; x_wconf 77' lang='grc' dir='ltr'>οη-</span> 
     </span>
    </p>
   </div>
   <div class='ocr_carea' id='block_1_107' title="bbox 1049 2803 1766 2844">
    <p class='ocr_par' dir='ltr' id='par_1_107' title="bbox 1049 2803 1766 2844">
     <span class='ocr_line' id='line_1_107' title="bbox 1049 2803 1766 2844; baseline -0.006 -11"><span class='ocrx_word' id='word_1_802' title='bbox 1049 2803 1134 2844; x_wconf 68' lang='grc' dir='ltr'>μείων</span> <span class='ocrx_word' id='word_1_803' title='bbox 1152 2803 1361 2844; x_wconf 61' lang='grc' dir='ltr'>γνωρισθέντος,</span> <span class='ocrx_word' id='word_1_804' title='bbox 1407 2805 1450 2831; x_wconf 78' lang='grc' dir='ltr'><strong>διὰ</strong></span> <span class='ocrx_word' id='word_1_805' title='bbox 1460 2804 1538 2844; x_wconf 54' lang='grc' dir='ltr'>λύγου</span> <span class='ocrx_word' id='word_1_806' title='bbox 1552 2803 1766 2844; x_wconf 53' lang='grc' dir='ltr'>φανερωθέντας.</span> 
     </span>
    </p>
   </div>
   <div class='ocr_carea' id='block_1_108' title="bbox 1083 2838 1708 2877">
    <p class='ocr_par' dir='ltr' id='par_1_108' title="bbox 1083 2838 1708 2877">
     <span class='ocr_line' id='line_1_108' title="bbox 1083 2838 1708 2877; baseline -0.01 -7"><span class='ocrx_word' id='word_1_807' title='bbox 1083 2843 1138 2877; x_wconf 73' lang='grc'><strong>(45)</strong></span> <span class='ocrx_word' id='word_1_808' title='bbox 1153 2838 1201 2869; x_wconf 74' lang='grc' dir='ltr'><strong>Τά.</strong></span> <span class='ocrx_word' id='word_1_809' title='bbox 1212 2838 1297 2877; x_wconf 67' lang='grc' dir='ltr'>ὐοοει</span> <span class='ocrx_word' id='word_1_810' title='bbox 1312 2841 1338 2867; x_wconf 92' lang='lat' dir='ltr'><strong>in</strong></span> <span class='ocrx_word' id='word_1_811' title='bbox 1356 2838 1608 2877; x_wconf 40' lang='lat' dir='ltr'><strong>qu&#39;:itnor_|{egg‘._et</strong></span> <span class='ocrx_word' id='word_1_812' title='bbox 1622 2839 1667 2877; x_wconf 64' lang='lat' dir='ltr'><strong>Dr.</strong></span> <span class='ocrx_word' id='word_1_813' title='bbox 1685 2838 1708 2864; x_wconf 79' lang='lat' dir='ltr'><strong>l.</strong></span> 
     </span>
    </p>
   </div>
   <div class='ocr_carea' id='block_1_109' title="bbox 1083 2873 1724 2908">
    <p class='ocr_par' dir='ltr' id='par_1_109' title="bbox 1083 2873 1724 2908">
     <span class='ocr_line' id='line_1_109' title="bbox 1083 2873 1724 2908; baseline -0.008 -3"><span class='ocrx_word' id='word_1_814' title='bbox 1083 2873 1139 2907; x_wconf 63' lang='lat' dir='ltr'><strong>iii)</strong></span> <span class='ocrx_word' id='word_1_815' title='bbox 1156 2877 1224 2905; x_wconf 81' lang='grc' dir='ltr'><strong>Καθ’</strong></span> <span class='ocrx_word' id='word_1_816' title='bbox 1242 2876 1353 2908; x_wconf 77' lang='grc' dir='ltr'>ἕτερον.</span> <span class='ocrx_word' id='word_1_817' title='bbox 1365 2873 1451 2904; x_wconf 65' lang='grc' dir='ltr'>ΕοίδΙ.</span> <span class='ocrx_word' id='word_1_818' title='bbox 1473 2874 1499 2906; x_wconf 73' lang='grc' dir='ltr'><strong>ί,</strong></span> <span class='ocrx_word' id='word_1_819' title='bbox 1514 2873 1574 2901; x_wconf 75' lang='grc' dir='ltr'>καθ’</span> <span class='ocrx_word' id='word_1_820' title='bbox 1587 2873 1724 2902; x_wconf 77' lang='grc' dir='ltr'>ἑκάτεοον.</span> 
     </span>
    </p>
   </div>
  </div>
