2049 3143
226 165 291 192 1087

826 166 855 194 S.
877 163 1042 194 GREGORII
1058 162 1232 192 THEOLOGI

1785 164 1855 192 1088

222 228 324 263 scripto
349 227 479 255 mandare
497 227 657 263 cumprimis
674 232 795 263 optarem
808 247 816 261 ,
833 228 1008 264 quemadmo-

1062 227 1165 257 ἐκεῖνος
1186 223 1328 252 ’Δντωνίου
1362 224 1408 252 τοῦ
1431 224 1504 252 θείου
1529 224 1586 260 βίον
1614 224 1785 260 συνέγραφε,
1807 225 1854 252 τοῦ

221 273 285 300 dum
300 274 356 308 ipse
374 274 427 300 divi
440 274 549 300 Antonii
564 274 646 300 vitam
663 273 836 308 conscripsit,
854 273 1009 300 monasticae

222 327 317 354 nempe
343 321 404 347 vita:
424 324 555 354 praecepta
578 321 630 347 sub
645 320 808 348 narrationis
831 320 922 354 specie
946 323 1009 346 tan-

221 374 301 400 quam
320 365 372 392 lata
394 367 451 401 lege
470 365 656 402 promulgatis.
678 365 776 393 Verum
799 374 860 394 cum
877 373 961 401 pauca
977 372 1010 392 ex

222 411 314 438 multis
332 412 403 438 illius
418 412 511 444 rebus,
523 419 636 447 qumque
651 420 723 440 nunc
738 412 834 444 nobis,
857 417 886 438 ιιι
905 411 1010 438 notiora

221 463 248 484 ct
262 458 420 491 insigniora,
435 457 506 484 ultro
522 458 650 485 memoria
666 458 832 494 suppeditat,
843 463 1010 484 commemo-

223 503 339 529 ravimus
361 503 408 534 (ut
426 503 506 530 simul
525 508 552 530 et
575 503 717 539 cupiditati
740 508 841 531 nostra:
858 503 1012 531 satisfacia-

223 555 293 580 nnts,
310 553 337 575 et
357 547 473 576 cilicium
491 549 553 576 huic
572 549 641 577 [esto
656 549 776 576 debitum
795 549 980 585 persolvamus
990 549 1011 584 ),

221 593 296 627 plura
326 594 367 626 iis,
393 595 491 628 quibus
509 602 540 622 ea
569 595 677 630 cognita
697 599 783 627 sunt,
814 595 1008 630 relinquemus.

221 637 313 673 Neque
326 639 398 665 enim
413 639 512 674 alioqui
530 640 615 675 pium,
630 647 680 667 nec
697 645 784 668 tutum
800 644 859 674 est,
876 647 937 668 cum
959 640 1008 667 itu-

220 686 326 720 piorum
344 685 481 712 hominum
497 686 552 713 vita
569 686 706 714 memoriae
725 686 866 721 prodatur,
892 686 1007 714 eximios

221 731 320 766 pietate
342 731 414 759 viros
438 731 546 759 silentio
568 732 791 767 praetermittere;
822 732 902 767 idque
926 732 952 759 in
975 739 1006 759 ea

220 778 339 812 civitate,
359 785 439 813 quam
462 778 506 805 vix
527 778 609 806 etiam
640 778 723 806 multa
751 779 860 806 virtutis
885 778 1008 812 exempla

1064 270 1207 308 μοναδικοῦ
1246 271 1304 307 βίου
1335 270 1508 306 νομοθεσίαν,
1535 271 1564 296 ὲν
1594 270 1733 306 πλάσματι
1760 271 1852 307 διηγήα

1064 326 1132 349 σεως
1250 316 1344 351 Ὀλίγα
1364 316 1393 342 δὲ
1420 317 1453 343 ὲκ
1480 316 1585 343 πολλῶν
1610 316 1666 342 τῶν
1690 317 1795 344 ἐκείνου
1815 318 1856 343 δι-

1064 363 1228 396 εξελθόντες,
1242 363 1289 390 καὶ
1300 363 1350 390 ὃσα
1368 362 1502 398 σχεδιάζει
1517 364 1584 398 ἡμῖν
1595 362 1642 389 νῦν
1655 362 1711 398 (46)
1730 363 1746 398 ἡ
1761 364 1855 399 μνήμη

1063 410 1102 442 ὠς
1133 409 1352 446 γνωριμώτερα,
1380 409 1424 436 ῖνα
1451 409 1497 436 τόν
1521 418 1550 435 τε
1570 409 1703 446 ἡμέτερον
1735 410 1855 444 ἀφοσιω-

1062 455 1173 491 σώμεθα
1203 455 1303 487 πόθον,
1329 455 1375 482 καὶ
1407 456 1441 491 τῇ
1472 455 1627 491 πανηγύρει
1654 455 1685 482 τὸ
1702 455 1776 487 εἰκὸς
1806 456 1854 482 ἰκ-

1061 501 1254 538 πληρώσωμεν
1270 501 1337 536 (47),
1355 501 1388 527 τὰ
1411 500 1495 527 πλείω
1510 503 1566 532 τοῖς
1584 501 1667 527 εἰδόσι
1683 501 1852 536 παρήσομεν.

1061 547 1132 574 οὐδὲ
1158 546 1209 582 γὰρ
1238 546 1325 578 ἄλλως
1340 547 1423 577 ὅσιον,
1447 545 1507 572 οὐδὲ
1524 545 1653 580 ἀσφαλὲς,
1679 545 1784 572 ἀσεϐῶν
1806 545 1855 581 μὲν

1065 593 1140 629 βίους
1156 592 1288 628 τιμᾶσθαι
1306 593 1366 624 ταῖς
1382 593 1513 628 μνήμαις.
1530 593 1593 624 τοὺς
1609 592 1637 618 δὲ
1653 592 1778 627 εύσεὸείᾳ
1812 591 1852 618 δι-

1063 639 1236 674 ενεγκόντας,
1255 640 1344 674 σιωπῇ
1361 638 1598 674 παραπέμψασθαι
1620 637 1693 674 (18)·
1711 637 1857 665 καὶταῦτα

1061 685 1090 711 ὲν
1108 684 1197 718 πόλει,
1210 686 1243 720 ἣν
1262 684 1338 720 μόλις
1355 685 1387 712 ἂν
1401 685 1448 711 καὶ
1464 684 1616 720 πολλά.τῆς
1633 684 1735 720 ἀρετῆς
1749 683 1857 710 ὑποδεί-

1063 739 1158 767 γματα
1167 731 1290 763 σώσειεν,
1304 730 1398 766 ὥσπερ
1414 731 1477 762 τοὺς
1494 730 1624 762 ἱππικοὺς
1636 731 1683 757 καὶ
1696 730 1731 757 τὰ
1741 729 1857 765 θέατρα,

1061 777 1133 805 οὕτω
1149 778 1181 813 δὴ
1199 777 1247 804 καὶ
1260 777 1295 804 τὰ
1311 777 1371 804 θεῖα
1389 777 1550 809 παίζουσαν.

220 831 331 852 servare
354 823 472 859 possint,
492 823 592 858 quippe
613 831 684 858 qum,
703 828 732 851 ut
748 824 837 851 circos
851 828 878 850 et
892 823 1009 855 theatra,
1026 823 1063 850 ita
1082 831 1126 850 res
1141 830 1249 858 quoque
1264 823 1369 850 divinas
1386 830 1434 857 pro
1447 821 1511 849 ludo
1526 821 1636 850 habeat.

256 871 340 907 389
354 871 397 899 Vl.
408 871 453 898 Ille
465 872 547 906 igitur
557 872 583 898 in
596 872 695 900 divinis
706 872 827 900 ntoribus
837 879 869 899 ac
883 871 1005 907 discipli-

1094 872 1139 905 ς’.
1161 871 1280 903 Ἐκεῖνος
1294 870 1400 906 ἐτράφη
1418 870 1468 906 μὲν
1482 869 1563 901 εὐθὺς
1574 870 1603 896 ὲν
1616 870 1673 901 τοῖς
1685 868 1767 901 θείοις
1778 869 1857 904 ῆθεσι

221 918 264 945 nis
279 918 369 944 statim
382 917 513 945 educatus
525 922 577 952 est,
597 926 658 946 cum
679 918 834 946 liberalibus
847 918 950 946 artibus
962 926 1010 953 per

221 963 346 998 exiguum
369 964 499 998 temporis
521 965 638 999 spatium
657 965 812 997 tribuisset,
834 972 867 991 tte
885 964 1011 992 videlicet

221 1008 373 1044 hujusmodi
397 1016 486 1036 rerum
505 1010 616 1037 omnino
634 1010 708 1037 rudis
723 1016 750 1037 et
775 1010 898 1045 ignarus,
923 1017 1011 1044 eaque

221 1054 327 1081 nescire
340 1074 347 1086 .
359 1062 418 1088 qua:
432 1054 482 1082 sibi
500 1055 698 1083 contemnenda
713 1055 844 1089 duxerat,
862 1055 1009 1082 videretur.

221 1097 314 1132 Neque
338 1098 410 1125 enim
430 1098 548 1125 nobilem
573 1102 600 1125 et
619 1099 755 1134 egregiam
781 1099 864 1126 anitni
892 1098 1009 1126 indolem

221 1144 298 1170 vanis
316 1143 413 1172 studiis
436 1144 563 1178 occupari
590 1144 737 1177 sustinuit,
755 1145 906 1179 eodemque
931 1145 1011 1172 modo

223 1188 311 1220 allici,
328 1196 382 1224 quo
408 1190 524 1223 imperiti
547 1190 670 1223 athletae,
689 1191 735 1225 qui
758 1190 821 1217 dum
838 1198 928 1217 aerent
951 1190 1011 1225 plus

221 1243 301 1269 quam
318 1243 430 1270 corpora
445 1235 555 1269 feriunt,
571 1237 743 1271 praemiorum
760 1243 809 1271 spe
825 1236 1004 1263 frustrantur.

221 1281 318 1316 Atque,
341 1287 368 1309 et
383 1281 489 1310 Veteris
502 1287 529 1310 et
544 1281 615 1309 Novi
633 1282 799 1309 Testamenti
817 1282 900 1310 libros
917 1289 1012 1309 omnes

221 1327 259 1355 ita
282 1328 486 1363 permeditatus,
512 1333 542 1355 ut
567 1336 600 1355 ne
622 1335 708 1355 unum
736 1328 845 1363 quidem
870 1327 1006 1362 quispiam

221 1373 300 1407 alius,
322 1382 374 1401 tton
389 1374 468 1401 modo
484 1374 727 1408 contemplatione,
749 1373 796 1400 sed
809 1373 890 1401 etiant
905 1381 1010 1400 tuorunt

221 1426 255 1447 ac
279 1419 340 1446 vita:
367 1419 510 1454 splendore
533 1419 644 1450 ditatur,
671 1427 704 1447 ac
729 1419 844 1447 tnirilice
862 1423 1008 1453 utrumque

221 1464 367 1497 connectit,
379 1469 502 1491 catenam
515 1471 581 1492 vere
595 1472 716 1498 auream,
729 1469 757 1492 et
769 1472 830 1499 quae
844 1472 858 1491 a
875 1464 1012 1499 plerisque

222 1510 335 1537 minimc
372 1510 442 1537 necti
470 1515 552 1545 queat
585 1520 592 1538 :
617 1511 686 1538 hanc
717 1511 845 1538 nimirum
875 1512 1008 1538 rationem

1061 918 1111 945 καὶ
1124 917 1316 953 παιδεύμασιν,
1332 917 1409 952 ὀλίγα
1421 916 1477 944 τῶν
1492 915 1644 951 ἐγκυκλίων
1659 915 1857 951 φιλοσοφήσας,

1059 964 1108 991 τοῦ
1137 964 1174 1000 μὴ
1198 964 1288 991 δοκεῖν
1316 964 1475 991 παντάπασι
1501 962 1556 990 τῶν
1583 962 1711 989 τοιούτων
1734 962 1858 998 ἀπείρως

1062 1010 1154 1046 ἔχειν,
1170 1010 1237 1047 μηδὲ
1256 1011 1364 1044 ἀγνοεῖν
1382 1007 1419 1037 ὦν
1437 1009 1575 1046 ὑπεριδεῖν
1597 1009 1768 1044 ἐδοκίμασεν.
1789 1005 1877 1047 Οὐδὲί

1062 1055 1118 1092 (49)
1135 1055 1190 1092 γὰρ
1205 1056 1334 1091 ἠνέσχετο
1350 1056 1380 1082 τδ
1398 1056 1448 1091 τῆς
1463 1055 1552 1091 ψυχῆς
1565 1055 1675 1090 εὐγενὲς
1687 1055 1734 1082 καὶ
1753 1050 1870 1090 eam-9

1063 1110 1112 1137 μον
1133 1103 1162 1128 ὲν
1177 1103 1233 1134 τοῖς
1252 1102 1377 1137 ματαίοις
1400 1102 1595 1137 ἀσχοληθῆναι,
1615 1101 1675 1128 οὐδὲ
1691 1101 1790 1127 ταυτὸν
1805 1110 1859 1128 πα-

1062 1145 1119 1172 θεῖν
1133 1145 1187 1172 τῶν
1202 1145 1326 1181 ἀθλητῶν
1341 1147 1396 1177 τοῖς
1412 1145 1554 1181 ἀπείροις,
1576 1145 1601 1172 οἳ
1618 1146 1663 1173 τὸν
1680 1146 1748 1181 ἀέρα
1771 1145 1858 1172 πλείω

1062 1191 1220 1227 παίοντεςῆ
1239 1191 1272 1218 τὰ
1291 1190 1422 1227 σώματα,
1440 1191 1493 1218 τῶν
1517 1191 1605 1218 άθλων
1625 1191 1857 1226 ἀποτυγχάνουσι.

1062 1237 1116 1263 Καὶ
1141 1238 1232 1263 πᾶσαν
1260 1237 1310 1272 μὲν
1337 1236 1460 1263 Παλαιὰν
1487 1236 1592 1269 Βίϐλον,
1621 1238 1711 1264 πᾶσαν
1736 1237 1764 1264 δὲ
1784 1237 1858 1264 Νέαν

1062 1282 1260 1318 ἐκμελετήσας,
1289 1283 1326 1315 ὡς
1356 1283 1416 1309 οὐδὲ
1443 1283 1508 1318 μίαν
1535 1284 1646 1319 ἔτερος,
1672 1284 1780 1310 πλουτεῖ
1806 1284 1856 1319 μὲν

1063 1327 1198 1363 θεωρίαν,
1222 1327 1332 1353 πλουτεί
1354 1327 1382 1353 δὲ
1402 1326 1459 1362 βίου
1477 1327 1674 1363 λαμπρότητα,
1699 1327 1745 1354 καὶ
1763 1326 1858 1353 πλέκει

1063 1373 1225 1409 θαυμασίως
1239 1374 1393 1409 ἀμφότερα,
1410 1373 1459 1409 τὴν
1476 1373 1581 1409 χρυσῆν
1593 1374 1677 1405 ὄντως
1692 1373 1794 1409 σειρὰν,
1810 1373 1857 1399 καὶ

1061 1421 1118 1451 τοῖς
1145 1419 1253 1451 πολλοῖς
1284 1419 1419 1446 ἄπλοκον⁰
1450 1419 1501 1454 βίῳ
1530 1419 1580 1454 μὲν
1612 1419 1702 1455 ὁδηγῷ
1728 1418 1856 1454 Θεωρίας,

1063 1465 1166 1501 θεωρίᾳ
1185 1465 1212 1491 δὲ
1235 1465 1363 1500 σφραγῖδι
1380 1465 1436 1500 βίου
1452 1465 1634 1501 χρησάμενος.
1660 1465 1742 1500 ’Δρχή
1759 1473 1788 1492 τε
1802 1465 1858 1501 γὰρ

1064 1512 1159 1545 σοφίας
1179 1511 1261 1545 φόὸος
1286 1511 1402 1547 Κυρίου,
1422 1508 1478 1537 οἶόν
1501 1519 1528 1537 τι
1549 1511 1657 1546 πρῶτον
1680 1511 1855 1546 σπάργανον·

222 1554 319 1586 iniens,
339 1558 370 1581 ut
383 1559 411 1581 et
430 1555 483 1581 vita
499 1556 567 1582 duce
587 1556 620 1582 ad
644 1556 901 1590 contemplationem
917 1562 1008 1584 utere-

1063 1557 1110 1583 κα)⁸
1126 1557 1207 1592 σοφία
1226 1557 1272 1583 τὸν
1291 1557 1374 1591 φόϐον
1389 1556 1543 1592 ὑπερϐᾶσα.
1561 1557 1609 1583 καὶ
1625 1557 1665 1589 εἰς
1680 1556 1729 1593 τὴν
1746 1557 1857 1592 ἀγάπην

223 1603 277 1632 tur,
299 1604 327 1626 et
345 1599 571 1634 contemplatione
594 1601 677 1628 vitam
699 1601 870 1637 obsignaret.
892 1601 959 1629 Nam
982 1607 1009 1630 et

223 1643 304 1671 timor
323 1644 430 1672 Domini
451 1645 614 1680 principium
631 1651 674 1674 est
687 1647 844 1681 sapientiae,
864 1647 937 1675 velut
953 1648 1008 1682 pri-

1063 1603 1264 1634 ἀναϐιόἀσασα,
1277 1602 1345 1629 Θεοῦ
1366 1602 1460 1638 φίλους
1475 1603 1548 1638 ἡμᾶς
1567 1603 1615 1629 καὶ
1629 1603 1704 1635 υἱοὺς
1723 1602 1781 1629 ἀντὶ
1793 1602 1856 1629 δού-

1061 1648 1115 1674 λων
1135 1648 1292 1683 ἐργάζεται.

221 1698 295 1718 mum
312 1692 446 1727 quoddam
464 1692 675 1726 incunabulum;
695 1698 722 1721 et
739 1695 886 1729 sapientia,
920 1703 980 1723 cum
1015 1696 1140 1724 timorem
1173 1697 1332 1730 excesserit,
1353 1701 1434 1732 atque
1449 1697 1482 1724 ad
1516 1697 1675 1726 cbaritatem
1689 1705 1738 1726 nos
1758 1697 1856 1726 subve-

222 1737 302 1769 xerit,
317 1745 352 1765 ex
366 1738 451 1766 servis
462 1738 518 1774 jam
533 1739 636 1768 amicos
653 1740 697 1767 Dei
715 1747 747 1768 ac
762 1741 832 1769 ﬁlios
847 1741 938 1769 eﬂicit.

258 1782 312 1810 νιι.
331 1783 377 1811 Sic
397 1791 477 1818 porro
499 1785 629 1813 educatus
644 1790 671 1813 et
695 1786 836 1814 institutus
867 1788 920 1822 (ut
940 1795 1012 1816 nunc

222 1835 329 1863 quoque
342 1836 391 1856 eos
412 1835 568 1864 oporteret,
584 1831 629 1865 qui
645 1831 731 1865 plebis
755 1832 891 1860 antistites
914 1832 1009 1866 futuri,

222 1881 402 1909 magnumque
410 1875 613 1910 Christicorpus
621 1877 762 1904 tractaturi
773 1882 846 1910 sunt,
859 1879 1006 1906 secundum

222 1926 348 1954 magnum
365 1920 412 1948 Dei
433 1921 576 1949 consilium
599 1929 631 1949 ac
646 1923 858 1957 praescientiam,
876 1932 936 1959 qua;
950 1932 1009 1951 ma-

221 1972 334 1998 gnarum
355 1972 446 1992 rerum
466 1967 607 1994 materiam
624 1968 702 2003 longe
718 1973 782 1996 ante
798 1970 957 2005 praestruit),
981 1970 1008 1997 in

222 2018 348 2046 magnum
361 2011 432 2039 hunc
441 2013 611 2040 sacerdotum
625 2015 748 2042 ordinem
761 2021 915 2050 cooptatur,
928 2021 1012 2051 atque

222 2057 250 2084 in
263 2064 369 2091 eorum,
387 2059 431 2093 qui
449 2060 679 2094 appropinquanti
698 2062 752 2089 Deo
775 2063 1010 2097 appropinquant,

222 2111 366 2131 ttumerum
391 2105 550 2137 ascribitur,
576 2114 608 2134 ac
631 2112 814 2136 sacrosanctae
840 2109 965 2136 stationis
982 2114 1010 2137 et

1102 1789 1138 1814 Z’.
1160 1788 1282 1823 Τραφεὶς
1301 1788 1330 1815 δὲ
1351 1788 1422 1815 οὕτω
1440 1789 1486 1815 καὶ
1501 1789 1667 1821 παιδευθεὶς,
1689 1788 1727 1821 ὡς
1747 1789 1801 1816 ἔδει
1821 1798 1856 1824 γε

1066 1834 1113 1862 καὶ
1129 1833 1178 1861 νῦν
1195 1834 1258 1866 τοὺς
1275 1834 1340 1861 λαοῦ
1362 1835 1564 1871 προστήσεσθαι
1590 1835 1747 1871 μέλλοντας,
1765 1836 1856 1863 καὶτὸ

1066 1882 1138 1917 μέγα
1155 1881 1203 1907 τοῦ
1219 1881 1338 1917 Χριστοῦ
1357 1882 1413 1918 (50)
1429 1882 1508 1918 σῶμα
1524 1882 1772 1918 μεταχειρίζεσθαι,
1785 1883 1856 1910 κατὰ

1063 1927 1114 1962 τὴν
1133 1927 1254 1962 μεγάλην
1272 1927 1319 1953 τοῦ
1336 1928 1403 1954 Θεοῦ
1419 1928 1517 1963 βουλήν
1534 1937 1564 1954 τε
1590 1929 1637 1955 καὶ
1658 1928 1820 1964 πρόγνωσιν,
1836 1929 1854 1963 ἢ

1064 1973 1208 2007 πόρρωθεν
1233 1973 1432 2000 καταϐάλλεται
1457 1973 1511 2000 τῶν
1538 1974 1663 2009 μεγάλων
1684 1973 1856 2010 πραγμάτων

1063 2017 1112 2049 τὰς
1127 2017 1285 2050 ὑποθέσεις,
1300 2018 1338 2054 τῷ
1354 2018 1464 2055 μεγάλῳ
1480 2019 1582 2054 βήματι
1600 2019 1687 2055 τούτῳ
1706 2019 1854 2054 ἐγκαταλέ-

1063 2071 1152 2098 γεται,
1179 2063 1227 2090 καὶ
1254 2063 1308 2090 τῶν
1335 2064 1500 2099 ἐγγιζόντων
1518 2062 1557 2096 εἷς
1576 2065 1615 2100 τῷ
1637 2065 1770 2100 ἐγγίζοντι
1794 2065 1855 2100 Θεῷ

1062 2109 1177 2143 γίνεται,
1184 2109 1232 2135 καὶ
1240 2109 1288 2144 τῆς
1298 2110 1373 2144 ἱερᾶς
1387 2109 1509 2142 ἀξιοῦται
1517 2110 1637 2143 στάσεώς
1646 2119 1676 2137 τε
1685 2111 1731 2137 καὶ
1740 2111 1853 2143 τάξεως,

221 2149 324 2176 ordinis
346 2150 448 2177 honore
474 2151 602 2184 adicitur,
625 2153 786 2188 cunctisque
807 2154 1008 2181 ecclesiastico-

1062 2155 1108 2181 καὶ
1128 2155 1217 2181 πᾶσαν
1232 2155 1282 2190 τὴν
1306 2155 1360 2181 τῶν
1376 2155 1489 2191 βαθμῶν
1511 2156 1669 2183 ἀκολουθίαν
1693 2155 1853 2188 διεξελθὼν,

222 2202 280 2222 rum
302 2195 434 2229 graduum
452 2197 608 2224 muneribus
626 2197 752 2232 deinceps
772 2199 929 2233 perfunctus
961 2199 1010 2235 (ut

221 2248 282 2274 qua:
303 2241 388 2268 Inedia
410 2246 473 2269 sunt
493 2242 652 2279 resecem),
678 2244 863 2272 Alexandrino
889 2246 1008 2281 populo,

223 2287 295 2321 quod
313 2287 384 2314 idem
407 2293 450 2315 est
465 2295 498 2315 ac
517 2288 540 2315 si
566 2289 696 2316 dixissem
723 2291 852 2318 universo
873 2296 1006 2319 terrarum

220 2333 292 2364 orbi,
314 2333 471 2366 praeﬁcitur.
493 2333 587 2370 Neque
609 2336 678 2363 satis
697 2337 865 2364 constituere
886 2345 1006 2372 possunt,

220 2378 364 2406 virtutisne
376 2379 516 2413 prannium
528 2401 535 2414 ,
556 2388 600 2414 an,
615 2386 643 2408 ιιι
664 2387 738 2409 esset
754 2382 879 2410 Ecclesia:
902 2383 961 2410 fons
976 2391 1009 2411 ac

220 2423 294 2457 vita,
311 2424 464 2459 hujustuodi
485 2425 643 2461 dignitatem
672 2429 816 2463 acceperit.
834 2428 910 2456 Hanc
933 2430 1005 2456 enitn

255 2481 312 2523 (ιε)
331 2482 486 2523 Ἀντωτίου
499 2484 655 2523 τοῦ-θείου
666 2486 739 2523 ,βίον
751 2507 757 2514 .
769 2507 777 2515 .
789 2506 796 2514 .
810 2487 845 2514 ὲν
857 2488 1011 2523 πλάσματι

220 2516 398 2558 διῄτῄιξέςωςἸ
413 2518 521 2558 Nicetes
536 2529 544 2547 :
556 2516 798 2558 Σχηματὶσάμενος
811 2516 962 2558 διηγεῖσθαι
976 2523 1011 2550 τά

219 2553 267 2593 105:
282 2552 354 2579 θείου
377 2554 531 2593 Ἀντωνίου,
549 2552 664 2588 κανόνας
694 2552 802 2589 ἐξέθετο
829 2552 1008 2593 μονιιιδικούς⁸

223 2596 232 2612 ι
243 2587 396 2626 ξίτειοχειιε
415 2589 525 2617 Antonii
538 2598 580 2617 res
592 2587 681 2626 gestas
696 2587 819 2624 narrare,
829 2587 893 2620 'vitae
913 2587 1007 2620 mona-

220 2623 428 2663 sticaturegulas
447 2623 620 2663 conscripsit.
641 2627 702 2663 {Et
734 2627 884 2655 Scholiasta
906 2629 1008 2656 codicis

221 2658 316 2697 tlyprii
326 2658 592 2697 monct_cavenduin,
604 2669 637 2688 ne
653 2662 725 2689 llctio
737 2663 918 2696 existimetur,
934 2664 1006 2697 quod

221 2693 250 2734 ἐν
265 2692 404 2734 πλάσματι
418 2692 589 2734 διηγήσεως,
611 2706 620 2722 ι
633 2697 688 2734 sub
698 2698 862 2734 narrationis
882 2692 981 2732 spec-ie,
992 2708 1002 2724 ι

223 2729 522 2767 ιιίεοιμτ-Λιιιοηιιεὶιιε
539 2731 650 2759 Antonii
665 2733 747 2759 vitam
764 2729 917 2767 scripsisse,
931 2734 974 2761 vir
990 2741 1005 2760 a

222 2764 364 2799 mendacio
390 2766 606 2799 remotissimus;
641 2767 689 2794 sed
725 2764 833 2795 Antonii
861 2769 944 2795 vitam
974 2769 1008 2796 ab

222 2796 371 2834 Athanasio
387 2801 528 2834 scriptam,
541 2796 604 2829 esse
617 2802 774 2829 monastica:
800 2803 861 2830 vita
884 2811 1008 2830 normam

223 2839 255 2873 ac
265 2831 434 2873 disciplinam
444 2831 470 2873 ἶ.
488 2835 532 2873 ἰιξν
562 2836 712 2873 πλάσματι,
735 2837 784 2873 οὐχ
805 2838 846 2865 ὅτι
874 2839 1012 2866 ἐπλάσατο

223 2866 305 2908 λέγει,
323 2867 373 2903 τὴν
388 2866 648 2908 ..κατὰ-*Ἀντώνιον
675 2866 812 2907 ἱστορίιῖν·
845 2873 883 2908 μὴ
905 2874 1012 2907 λέγοιτο

225 2901 257 2936 μ’.
274 2901 378 2936 γένοιτο
388 2903 407 2936 ll
481 2905 539 2932 ἀλλ’
554 2906 569 2932 ὃ
588 2901 791 2940 λέγειτοιοῦτόν
811 2901 901 2936 ἐστιν·
920 2901 951 2936 Ἡ
964 2908 1011 2946 τῇ

1058 2201 1101 2227 ἵνα
1113 2199 1146 2227 τὰ
1156 2201 1184 2227 ὲν
1197 2201 1271 2236 μέσῳ
1283 2201 1417 2237 συντέμω,
1429 2202 1479 2237 τὴν
1489 2201 1535 2228 τοῦ
1550 2202 1617 2237 (50‘)
1629 2202 1694 2228 λαοῦ
1709 2202 1853 2237 προεδρίαν

1059 2247 1228 2280 πιστεύεται,
1245 2247 1342 2274 ταυτὸν
1360 2247 1388 2274 δὲ
1407 2249 1503 2280 εἰπεῖν,
1520 2248 1570 2283 τῆς
1584 2249 1746 2284 οἰκουμένης
1761 2248 1854 2283 πάσης

1060 2293 1230 2321 ἐπιστασίαν.
1258 2293 1313 2320 Καὶ
1330 2294 1381 2320 οὐκ
1404 2293 1459 2329 ἔχω
1483 2294 1585 2328 λέγειν,
1615 2295 1729 2330 πότερον
1752 2295 1853 2330 ἀρετῆς

1061 2337 1151 2372 ἆθλον,
1168 2340 1185 2375 ἢ
1201 2340 1251 2375 τῆς
1272 2339 1434 2374 Ἐκκλησίας
1448 2340 1540 2376 πηγὴν
1556 2340 1604 2367 καί
1619 2339 1702 2376 ζωὴν,
1713 2339 1763 2376 τὴν
1775 2341 1854 2375 ίερω-

1062 2384 1144 2420 σύνην
1160 2385 1306 2420 λαμϐάνει.
1333 2385 1407 2411 Ἔδει
1423 2385 1477 2421 γάρ
1497 2385 1679 2412 ἐκλείπουσαν
1699 2385 1801 2420 ταύτην
1812 2384 1854 2420 τῷ

1060 2431 1131 2465 δίψει
1148 2431 1198 2466 τῆς
1213 2431 1352 2467 ἀληθείας,
1366 2432 1461 2468 ὥσπερ
1475 2432 1522 2459 τὸν
1543 2432 1666 2468 Ἰσμαὴλ,
1682 2432 1851 2467 ποτισθῆναι,

1064 2489 1146 2528 ἁγίου
1168 2490 1310 2528 Ἀντωνίου
1337 2490 1394 2526 βίου
1412 2490 1568 2528 συγγραφὴ,
1589 2490 1733 2527 νομοθεσία
1748 2489 1782 2527 ἦν
1803 2490 1851 2518 τοῦ

1065 2525 1208 2560 μοναδικοῦ
1223 2526 1289 2560 βίου,
1310 2531 1363 2553 etc.

1099 2560 1155 2597 (ιβ)
1174 2560 1249 2597 ξῦν.
1266 2561 1344 2597 Deest
1361 2561 1387 2587 in
1399 2561 1520 2597 quinque
1535 2561 1619 2597 Regg.
1635 2565 1662 2589 et
1675 2561 1721 2589 Or.
1735 2561 1761 2588 1.

1097 2596 1154 2630 (ιτ)
1174 2595 1435 2631 Ὲκπληρώσωμεν.
1460 2595 1535 2625 Unus
1554 2595 1633 2633 neg.,
1658 2595 1853 2632 ἐκπληρώσαν-

1060 2638 1116 2661 τες.

1097 2664 1151 2700 (48)
1163 2664 1431 2702 "amarem/meam.
1449 2666 1532 2702 [ἴσκε.
1548 2674 1573 2700 c,
1588 2667 1615 2700 d,
1631 2671 1693 2695 octo
1703 2666 1790 2698 Colb.,
1801 2665 1850 2694 Or.

1059 2699 1087 2733 2,
1103 2699 1346 2736 παραπέμπεσθαι.

1103 2709 1346 2761 παραπῖμπεσοαι.

1095 2735 1150 2772 (ἀρ)
1164 2736 1205 2772 oc
1212 2735 1312 2772 _é.7Sic
1326 2743 1373 2772 sex
1389 2736 1473 2772 Regg.
1486 2742 1512 2764 et
1526 2736 1572 2764 0r.
1587 2736 1613 2764 Ι.
1625 2737 1654 2763 In
1669 2737 1726 2770 ed.,
1736 2736 1777 2763 οὐ.

1096 2770 1155 2804 (50)
1172 2770 1226 2807 Τοῦ
1237 2771 1375 2807 ξριᾳτοῦ.
1391 2772 1441 2798 Per
1450 2770 1468 2798 ἡ(
1482 2773 1583 2799 Christi
1597 2780 1707 2807 corpus,
1718 2782 1728 2797 ι
1747 2771 1849 2799 intelli-

1062 2804 1145 2839 gitur,
1161 2806 1200 2842 rel
1218 2814 1227 2830 ι
1239 2805 1365 2842 Ecclesia:
1382 2812 1478 2840 coetus,
1494 2816 1503 2833 ι
1526 2807 1602 2841 cujus
1616 2804 1704 2842 caput
1714 2812 1755 2834 est
1768 2807 1850 2835 Chri-

1064 2844 1134 2869 stus.
1150 2840 1191 2867 vel
1211 2849 1221 2865 ι
1236 2848 1313 2868 sacra
1326 2841 1505 2869 Eucharistia.
1518 2851 1528 2868 ι

1100 2874 1324 2913 (ῌΨλιηιοτρι-οε
1349 2877 1446 2913 legisse
1463 2877 1578 2912 videtur,
1589 2876 1638 2906 τοῦ
1655 2876 1705 2912 τῆς
1724 2876 1848 2910 Ἀλεξαν-

1064 2909 1156 2946 δρείας
1172 2910 1248 2939 λαοῦ.
1263 2911 1341 2940 Eutr.
