2049 3143
199 187 269 215 M89

666 189 795 218 ORATIO
813 187 884 217 XXI.
903 204 932 210 —-
955 187 989 217 IN
1009 187 1150 217 LAUDEM
1169 188 1368 218 ATHANAS“.

1762 190 1831 218 1090

198 244 228 283 ἢ,
240 245 335 282 ὥσπερ
348 245 458 283 τδν(5ί)
478 245 581 280 Ἠλίαν,
599 247 631 274 ἐκ
644 248 690 275 τοῦ
707 249 870 285 χειμάρρου,
881 247 987 284 κατεψυη

1050 249 1202 284 oportebat,
1214 248 1339 276 Veritatis
1352 247 1396 276 siti
1409 247 1580 283 languentem
1595 255 1627 276 ac
1642 255 1727 284 prope
1740 252 1832 278 conle-

198 290 304 327 γμὲνης
318 290 454 327 ἁνομβρίᾳ
481 292 532 326 τῆς
561 292 612 327 γῆς
628 292 696 328 (5‘2),
723 292 866 327 άναψύξαι,
884 293 932 320 καὶ
947 301 991 328 μι-

199 337 255 373 κρὰ
286 336 419 364 πνέουσαν
447 336 720 373 άναζωοποιηθῆναι,
745 339 792 366 καὶ
818 339 928 375 σπέρμα
951 337 990 374 τῷ

206 382 314 418 Ἰσραὴλ
328 382 542 418 ὑπολειφθῆναι·
559 383 603 410 ἵνα
620 383 658 418 μὴ
673 383 815 419 γενώμεθα
832 384 870 416 ὠς
885 384 990 419 Σόδομα

198 428 247 456 καὶ
261 428 387 464 Γόμορρα
404 429 471 463 (55),
484 426 522 456 ὦν
536 430 697 465 περιϐόητος
712 430 761 465 μὲν
773 431 788 466 ή
802 430 895 461 κακία,
912 439 990 466 περι-

199 472 347 509 δοητοτέρα
357 473 385 500 δὲ
400 474 416 509 ἡ
431 473 563 506 ἀπώλεια,
578 475 644 510 πυρὶ
658 475 704 501 καὶ
716 474 780 510 θείῳ
791 474 990 502 κατακλυσθὲν-

197 527 252 546 των
270 519 338 554 (54),
356 519 405 546 Διὰ
426 519 505 546 τοῦτο
529 520 633 556 ἠγέρθη
654 521 738 556 κέρας
762 521 900 556 σωτηρίας
923 522 988 557 ἡμῖν

199 565 249 600 ήδη
264 564 402 600 κειμένοις
419 565 485 601 (55),
501 565 548 592 καὶ
564 566 636 598 λίθος
650 566 856 601 ἀκρογωνιαίος,
874 567 988 594 συνδέων

198 610 286 646 ἑαυτῷ
300 620 330 638 τε
345 612 392 638 καὶ
407 611 532 647 ἀλλήλοις
552 613 636 648 ἡμᾶς,
653 613 784 649 ἐνεϐλήθη
800 613 870 640 κατὰ
883 613 986 648 καιρὸν,

198 656 216 693 ἢ
229 656 284 693 πῦρ
301 657 485 693 καθαρτήριον
500 657 550 693 τῆς
568 658 674 694 φαύλης
690 658 757 694 ὕλης
772 660 820 685 καὶ
836 659 986 694 μοχθηρᾶς,

197 702 215 738 ἢ
232 703 314 730 πτύον
329 703 493 739 γεωργικὸν,
510 700 533 737 ᾧ
546 703 576 730 τὸ
591 704 690 737 κοῦφον
705 703 760 730 τῶν
778 704 921 739 δογμάτων
941 705 988 731 κα).

197 749 228 775 τὸ
246 749 314 785 βαρὺ
329 749 515 785 διακρίνεται,
531 750 547 785 ἢ
565 750 686 786 μάχαιρα
704 749 754 781 τὰς
770 750 818 785 τῆς
831 750 930 782 κακίας
945 750 988 786 ῥί-

197 793 247 827 ζας
271 795 455 830 ὲκτέμνουσα·
481 796 528 822 καὶ
550 796 564 822 ό
580 795 666 830 Λόγος
688 796 808 831 εὑρίσκει
829 796 874 822 τὸν
891 796 987 822 ἑαυτοῦ

198 839 357 876 σύμμαχον,
374 842 422 868 καὶ
445 841 476 867 τὸ
499 841 613 877 Πνεῦμα
635 841 839 870 καταλαμϐάνει
855 841 900 869 τὸν
917 841 987 878 ὑπὲρ

198 886 281 913 αὑτοῦ
299 886 459 914 πνεύσοντα.

233 1017 274 1044 Η¹.
292 1015 370 1043 Οὖτω
386 1015 435 1051 μὲν
455 1013 502 1042 οὖν
523 1015 570 1043 καὶ
584 1015 627 1042 διὰ
643 1014 740 1048 ταῦτα,
756 1014 839 1051 ψήφῳ
854 1014 900 1042 τοῦ
921 1015 987 1042 λαοῦ

197 1061 309 1093 παντὸς,
324 1061 354 1088 οὺ
372 1061 442 1087 κατὰ
456 1061 501 1087 τὸν
516 1060 630 1096 ὕστερον
645 1061 795 1096 νικήσαντα
811 1060 927 1096 πονηρὸν
941 1060 988 1087 τύ-

195 1116 258 1139 πον,
279 1107 339 1134 οὐδὲ
355 1099 474 1141 ξρονικῶς
492 1115 522 1133 τε
539 1106 586 1133 καὶ
604 1105 785 1142 τυραννικῶς,
803 1106 860 1133 ἀλλ’
875 1106 989 1133 ἀπόστο.

196 1153 280 1185 λικῶς
294 1161 324 1179 τε
340 1153 386 1179 καὶ
402 1153 595 1188 πνευματικῶς
606 1172 613 1184 ,
634 1152 680 1178 ἐπὶ
694 1151 739 1179 τὸν
760 1153 875 1188 Μάρκου
891 1152 986 1188 θρόνον

196 1199 342 1234 ἀνάγεται,
362 1199 411 1234 οὐχ
436 1196 516 1234 ἦττον
541 1198 590 1233 τῆς
615 1197 774 1229 εὐσεϐείας,
802 1197 819 1233 ἢ
846 1197 896 1233 τῆς
921 1206 988 1233 προ-

197 1245 289 1281 εδρίας
312 1245 368 1280 (56)
389 1245 525 1279 διάδοχος·
549 1245 583 1279 τῇ
611 1244 661 1279 μὲν
689 1243 744 1279 γὰρ
767 1243 913 1275 πολλοστὸς
939 1243 987 1270 ἀπ’

196 1291 311 1323 ἐκείνου,
329 1292 362 1327 τῇ
377 1291 405 1317 δὲ
420 1290 501 1322 εὐθὺς
518 1289 576 1325 μετ⁸
593 1291 696 1316 ἐκεῖνον
710 1289 866 1325 εὑρίσκεται
878 1298 885 1305 ·
907 1290 940 1325 ἢν
955 1289 988 1326 δὴ

197 1338 243 1365 καὶ
258 1337 361 1373 κυρίως
381 1336 550 1372 ὑποληπτέον
569 1336 704 1371 διαδοχήν.
726 1336 762 1362 Τὸ
784 1336 833 1371 μὲν
853 1335 908 1372 γὰρ
922 1336 987 1371 ὁμό-

197 1391 307 1419 γνωμον
320 1384 367 1410 καὶ
382 1382 448 1418 ὸμόθ
454 1391 528 1418 ρονον
538 1403 545 1415 ,
559 1382 590 1409 τὺ
606 1382 635 1409 δὲ
651 1382 785 1415 ἀντίδοξον
800 1382 847 1408 καὶ
862 1382 937 1408 ἀντίο
943 1390 988 1417 ρο-

199 1437 259 1457 νον·
283 1429 331 1456 καὶ
353 1430 370 1465 ἡ
397 1428 447 1464 μὲν
464 1428 650 1464 προσηγορίαν
672 1427 740 1463 (57),
769 1428 785 1463 ἡ
805 1427 834 1454 δὲ
860 1427 988 1463 ἀλήθειαν

196 1474 253 1510 ἔχει
266 1473 400 1510 διαδοχῆς.
415 1473 452 1500 Οὐ
469 1473 524 1509 γὰρ
541 1473 555 1499 ὁ
570 1472 744 1508 βιασάμενος,
760 1471 818 1499 ἀλλ’
835 1472 849 1498 ό
866 1471 989 1506 βιασθεὶς

195 1520 330 1556 διάδοχος·
354 1519 414 1546 οὐδὲ
431 1520 446 1546 ό
467 1519 679 1555 παρανομήσας,
707 1517 766 1545 ἀλλ’
789 1518 804 1545 ὁ
821 1517 988 1554 προῦληθεὶς

196 1565 315 1600 ἐννόμως
325 1573 332 1581 ·
348 1564 409 1591 οὐδὲ
424 1564 438 1589 ό
449 1563 578 1590 τάναντία
592 1563 722 1596 δοξάζων,
739 1562 796 1589 ἀλλ’
809 1564 823 1590 ὁ
836 1562 885 1598 τῆς
900 1562 987 1597 αὐτῆς

1043 301 1127 327 ctam.
1134 294 1253 322 lsmaelis
1261 295 1357 327 instar,
1366 294 1475 330 potione
1483 294 1569 326 reﬁci,
1580 299 1638 328 aut,
1647 295 1721 322 velut
1731 295 1829 328 Eliam,

1044 341 1202 374 relrigcrata
1217 347 1264 374 per
1278 339 1430 366 siccitatem
1446 344 1518 366 terra
1530 361 1537 372 ,
1556 347 1571 366 e
1587 344 1706 367 torrente
1721 339 1830 367 rel’ocil-

1043 383 1103 416 lari,
1120 382 1311 418 paululumque
1330 383 1478 417 spirantem
1493 383 1526 410 ad
1545 383 1626 410 vitam
1646 384 1780 415 revocari.
1798 392 1830 412 ac

1042 438 1133 458 semen
1147 429 1240 457 lsraeli
1255 429 1388 464 relinqui;
1407 436 1441 456 ne
1456 434 1484 456 ut
1500 429 1617 457 Sodoma
1633 434 1659 457 et
1675 429 1828 456 Gomorrha

1042 475 1225 506 ellicerenmr,
1241 482 1355 509 quarum
1375 474 1494 502 celebris
1516 475 1623 509 quidem
1641 479 1683 502 est
1697 475 1829 510 improbi-

1042 524 1101 551 tas,
1114 520 1247 547 celebrior
1262 525 1352 547 autem
1375 520 1512 554 interitus,
1536 521 1633 548 incolis
1651 528 1749 555 nempe
1772 521 1828 557 igni

1042 572 1071 594 et
1093 567 1222 602 sulphure
1253 566 1391 601 oppressis
1417 571 1499 601 atque
1532 567 1647 594 obrutis.
1678 565 1828 601 Propterea

1029 613 1119 641 'nobis
1141 613 1196 647 jam
1216 613 1370 646 iacentibus
1393 620 1476 640 cornu
1501 613 1597 640 salutis
1622 619 1744 640 erectum
1767 618 1827 647 est,

1042 658 1163 694 lupisque
1178 659 1315 693 angularis
1325 679 1333 690 ,
1347 666 1396 686 nos
1407 679 1415 691 ,
1436 664 1462 685 et
1484 658 1555 691 sibi,
1570 664 1598 686 et
1613 659 1685 685 inter
1697 667 1746 687 nos
1759 667 1827 686 cou-

1041 704 1185 739 stringens,
1209 710 1360 738 opportune
1379 704 1461 740 390
1482 704 1597 738 injectus
1613 709 1665 735 est,
1685 708 1732 731 aut
1754 704 1827 738 ignis

1041 750 1118 777 malae
1137 755 1164 777 et
1186 751 1290 777 vitiosae
1314 751 1434 778 materia:
1460 755 1599 785 purgator.
1625 755 1672 777 aut
1695 750 1826 777 rusticum

1041 797 1229 828 ventilabrum,
1248 803 1313 831 quo,
1336 797 1407 823 inter
1419 796 1556 830 dogmata,
1572 796 1642 823 levia
1659 804 1674 823 a
1698 796 1828 831 gravibus

1041 842 1242 872 discernuntur.
1267 847 1313 868 aut
1328 842 1432 876 gladius
1449 842 1506 868 vitii
1525 841 1630 868 radices
1641 840 1826 868 exscindens:

1042 893 1123 923 alque
1137 889 1205 916 adeo
1214 888 1333 916 Verbum
1345 889 1408 916 belli
1424 889 1529 916 socium
1543 889 1655 921 invenit,
1668 892 1697 915 et
1707 887 1827 923 Spiritus

1002 929 1024 957 Β
1039 934 1186 969 hominem,
1202 936 1248 970 qui
1268 943 1317 970 pro
1333 943 1362 963 sc
1373 935 1470 970 spiret,
1485 935 1665 962 nanciscitur.

1040 1050 1052 1064 Il
1074 1019 1140 1046 Vlll.
1161 1019 1207 1046 Sic
1230 1020 1321 1054 igitur,
1338 1024 1418 1055 atque
1432 1021 1466 1047 ob
1481 1027 1527 1048 eas
1552 1027 1659 1052 causas,
1678 1018 1761 1046 totius
1777 1025 1827 1054 po-

1039 1063 1093 1098 puli
1109 1063 1257 1100 suilragiis,
1274 1073 1326 1092 non
1341 1071 1432 1093 autem
1447 1064 1594 1092 secundum
1607 1072 1720 1100 pravum
1735 1071 1829 1091 exem-

1038 1110 1128 1144 plum,
1146 1111 1216 1144 quod
1238 1115 1331 1144 postea
1350 1111 1471 1143 inolevit,
1489 1118 1577 1145 neque
1595 1118 1644 1145 per
1657 1111 1711 1138 vim
1730 1118 1761 1138 ac
1773 1118 1826 1138 cte-

1038 1156 1118 1187 dem,
1134 1156 1180 1183 sed
1203 1157 1352 1190 apostolico
1375 1162 1402 1184 et
1429 1157 1562 1192 spirituali
1590 1157 1669 1184 modo
1695 1157 1727 1184 ad
1745 1156 1827 1183 Marci

1039 1201 1165 1228 tbronum
1181 1202 1314 1232 evehitur.
1336 1210 1390 1229 non
1412 1203 1504 1229 minus
1531 1202 1642 1237 pietatis
1656 1209 1737 1236 quam
1755 1201 1828 1228 sedis

1039 1253 1200 1279 successor;
1228 1251 1349 1281 tempore
1371 1248 1480 1282 quidem
1502 1247 1537 1275 ab
1559 1255 1591 1274 eo
1612 1247 1827 1279 remotissimus,

1037 1291 1138 1326 pietate
1159 1297 1249 1318 autem
1274 1292 1310 1319 illi
1334 1293 1474 1327 proximus
1500 1292 1656 1324 invenitur;
1680 1300 1741 1327 quae
1767 1292 1829 1327 qni-

1038 1337 1099 1363 dem
1124 1338 1232 1371 proprie
1254 1338 1393 1365 successio
1415 1338 1596 1365 existimanda
1611 1342 1663 1365 cst.
1689 1337 1757 1365 Nam
1779 1337 1825 1372 qui

1038 1382 1160 1409 eamdem
1173 1383 1233 1410 lidei
1248 1383 1398 1410 doctrinam
1412 1383 1565 1419 proﬁtetur,
1579 1383 1701 1418 ejusdem
1715 1390 1823 1419 quoque

1040 1427 1128 1455 throni
1151 1428 1241 1456 socius
1257 1433 1319 1456 est:
1348 1429 1394 1463 qui
1413 1434 1504 1456 autem
1530 1429 1695 1456 contrariam
1720 1434 1829 1457 senten-

1040 1473 1103 1500 tiatn
1120 1478 1220 1507 tuetur,
1243 1475 1416 1502 adversarius
1433 1482 1540 1510 quoque
1555 1475 1582 1502 in
1610 1474 1708 1502 throno
1723 1475 1828 1502 censeri

1039 1518 1130 1546 debet.
1153 1519 1243 1554 Atque
1268 1519 1326 1547 htcc
1342 1520 1450 1554 quidem
1477 1527 1587 1553 nomen,
1616 1519 1661 1547 illa
1679 1527 1743 1547 vero
1768 1527 1828 1546 rem

1041 1564 1126 1599 ipsam
1139 1569 1166 1592 et
1180 1565 1321 1593 veritatem
1340 1566 1421 1593 habet
1436 1567 1628 1594 successionis.
1644 1565 1739 1601 Neque
1754 1566 1828 1593 enim

197 1612 329 1644 πίστεως·
353 1611 378 1638 ει
395 1611 432 1648 μὴ
454 1610 525 1637 οὕτω
544 1618 586 1642 τις
607 1609 680 1643 λέγοι
695 1610 827 1645 διάδοχον,
843 1609 882 1641 ὡς
910 1609 986 1636 νόσον

1040 1610 1086 1644 qui
1102 1617 1150 1644 per
1168 1610 1222 1637 vim
1246 1611 1352 1645 irrupit,
1375 1618 1516 1639 successor
1540 1612 1678 1639 habendus
1694 1616 1756 1644 est,
1779 1610 1826 1638 sed

196 1658 301 1693 ὑγιείας
315 1658 381 1693 (58),
396 1658 443 1684 καὶ
463 1657 552 1692 φωτὸς
568 1656 673 1688 σκότος,
689 1656 737 1683 κα)¹
752 1656 836 1691 ζάλην
852 1655 985 1691 γαλήνης,

197 1705 244 1731 καὶ
259 1704 391 1735 συνέσεως
405 1703 546 1729 ἔκστασιν.

1039 1657 1086 1691 qui
1099 1657 1153 1684 vim
1167 1664 1310 1692 perpessus
1324 1663 1366 1684 est
1381 1665 1388 1685 :
1406 1664 1457 1684 nec
1471 1657 1516 1691 qui
1543 1656 1617 1692 leges
1635 1656 1763 1687 violavit,
1779 1655 1826 1683 sed

1041 1703 1088 1737 qui
1105 1703 1186 1730 modo
1199 1703 1303 1738 legibus
1318 1708 1501 1730 consentanea
1517 1708 1624 1730 creatus
1634 1705 1676 1730 est
1690 1711 1697 1729 :
1714 1709 1764 1729 nec
1782 1701 1829 1736 qui

197 1752 332 1780 contraria
357 1751 480 1786 dogmata
500 1754 583 1782 tenet,
601 1750 648 1777 sed
666 1748 711 1784 qui
727 1749 822 1776 eadem
839 1748 892 1775 ﬁde
907 1749 1035 1783 praeditus
1051 1754 1114 1783 est;
1146 1750 1196 1777 nisi
1229 1750 1290 1785 quis
1321 1749 1436 1777 fortasse
1467 1749 1503 1777 ita
1523 1756 1709 1777 successorem
1740 1749 1824 1781 dicat,

197 1798 421 1834 quemadmodum
443 1798 565 1834 morbum
582 1797 691 1824 sanitati
705 1815 713 1828 ,
730 1799 757 1823 et
773 1796 900 1823 tenebras
929 1796 993 1829 luci,
1013 1801 1041 1824 et
1077 1801 1265 1832 tempestatem
1290 1797 1490 1832 tranquillitati,
1514 1801 1541 1825 et
1561 1797 1660 1825 mentis
1676 1796 1822 1824 alienatio-

197 1854 258 1874 nem
273 1844 420 1880 prudentiat
431 1832 579 1871 succedere
590 1844 716 1872 dicimus.

231 1891 269 1919 8'.
298 1890 374 1918 Ἐπεὶ
401 1890 430 1917 δὲ
451 1889 522 1916 οὕτω
548 1889 740 1926 προϐάλλεται,
767 1887 838 1915 οὕτω
864 1887 912 1915 καὶ
938 1887 988 1923 τὴν

197 1938 284 1974 ἀρχὴν
298 1937 353 1973 (59)
367 1937 524 1964 διατίθεται.
549 1937 587 1963 Οὐ
607 1936 661 1971 γὰρ
677 1934 745 1970 ὁμοῦ
763 1943 793 1962 τε
809 1933 988 1969 καταλαμϐά-

197 1993 237 2012 νει
252 1984 298 2011 τὸν
313 1983 416 2020 θρόνον,
434 1982 526 2018 ὥσπερ
540 1982 566 2009 οἱ
579 1981 724 2018 τυραννίδα
738 1981 810 2012 τινὰ,
824 1980 841 2016 ἢ
858 1980 987 2015 κληρονο-

198 2030 263 2066 μίαν
277 2029 352 2066 παρὰ
366 2029 445 2062 δόξαν
464 2029 520 2065 (60)
535 2029 725 2064 ἁρπάσαντες,
743 2027 790 2054 καὶ
813 2026 919 2061 ὑϐρίζει
941 2026 988 2053 διὰ

197 2075 242 2102 τὸν
255 2075 344 2111 κόρον.
361 2075 452 2102 Ταῦτα
466 2075 521 2110 γὰρ
535 2074 589 2101 τῶν
601 2074 686 2101 νόθων
699 2073 746 2101 καὶ
761 2072 985 2109 παρεγγράπτων

199 2121 294 2157 ἱερέων
310 2121 366 2156 (61)
381 2121 450 2152 ἐστὶ,
464 2121 571 2148 καὶοτοῡ
586 2119 793 2155 ἐπαγγέλματος
812 2119 931 2151 ἀναξίων
940 2126 948 2134 ⁸
958 2118 987 2145 οἳ

199 2167 282 2202 μηδὲν
295 2169 329 2202 τῇ
344 2167 477 2204 ἱερωσύνῃ
495 2165 749 2203 προεισενεγκόντες
760 2185 768 2198 ,
784 2164 852 2200 μηδὲ
874 2163 921 2190 τοῦ
937 2172 988 2191 κα-

197 2212 244 2240 λοῦ
261 2212 583 2249 προταλαιπωρήσαντες,
607 2211 675 2248 ὁμοῦ
695 2220 725 2237 τε
743 2210 866 2246 μαθηταὶ
884 2210 932 2237 καὶ
947 2210 988 2236 δι-

197 2258 325 2286 δάσκαλοι
337 2259 387 2294 τῆς
399 2258 539 2290 εὐσεὸείας
553 2257 771 2288 ἀναδείκνυνται.
785 2257 833 2283 καὶ
845 2255 911 2292 πρὶν
925 2255 992 2282 καθ-

198 2305 316 2341 αρθῆναι
339 2303 519 2340 καθαίρουσι·
538 2303 602 2340 χθὲς
634 2302 785 2339 ἱερόσυλοι,
803 2302 850 2329 καὶ
867 2302 989 2337 σήμερον

199 2351 297 2387 ἱερεῖς·
311 2350 374 2386 χθὲς
389 2350 443 2377 τῶν
459 2349 544 2384 ἁγίων
562 2349 625 2383 ἔξω,
641 2349 689 2376 καὶ
708 2347 884 2384 μυσταγωγοὶ
901 2347 988 2382 σήμε-

198 2405 246 2433 ρον
256 2405 263 2412 ·
282 2397 392 2424 παλαιοὶ
403 2397 453 2433 τὴν
469 2395 579 2428 κακίαν,
595 2395 643 2422 καὶ
654 2394 754 2430 σχέδιοι
766 2393 816 2430 τὴν
831 2392 984 2419 εὐσέβειαν·

235 2495 292 2533 (5!)
307 2495 373 2533 ἷξόν.
390 2494 510 2533 peestjn
525 2493 649 2533 pluribus
665 2492 766 2533 co_dd._
787 2526 794 2531 _

234 2523 289 2566 (52)
303 2523 536 2564 Κατεψυτμένηξ·
598 2528 651 2563 τῆς
666 2527 732 2564 τῆς.
746 2526 830 2555 Coisl.
845 2526 858 2553 ί
872 2529 899 2553 et
912 2523 988 2556 Pan,

198 2565 407 2600 κατεψυγμένην
421 2565 470 2600 τὴν
484 2564 546 2600 γῆν.
611 2598 624 2600 ξ
751 2597 757 2600 _
800 2597 806 2600 ι
842 2596 855 2600 _
884 2595 904 2600 _
949 2594 955 2600 ι
965 2594 971 2600 _

199 2587 358 2636 "'(ngkﬁi
365 2587 520 2635 ’ἓὸῂὸᾷἑρἂ
527 2587 595 2634 lies.
605 2598 699 2635 Cypr.,
716 2597 763 2625 καὶ
779 2597 814 2624 τὰ
825 2596 874 2632 τῆς
884 2594 990 2630 Γομόῤ-

199 2635 407 2671 ῥαςηπάθωμεν.
496 2669 501 2671 Α
614 2668 623 2671 _
697 2669 712 2671 η
767 2667 773 2671 _

234 2670 291 2704 (54)
305 2667 591 2698 Καὶακλυσθέντων.
613 2668 642 2697 In
657 2667 833 2705 quibusdam,
849 2672 989 2693 κατακαυ-

198 2705 563 2782 :oiiii’fiwnwémc:
579 2739 626 2782 ac
645 2735 988 2782 sese-“prestera?-

199 2771 288 2804 Paksf
300 2775 346 2803 Sic
367 2771 458 2811 etiamf
471 2771 565 2811 legunt
584 2775 671 2803 Nicet.
685 2771 717 2802 et
726 2771 786 2801 Bill.
800 2773 829 2801 In
845 2773 889 2800 ed.
911 2771 988 2810 Pan,

199 2811 383 2873 ὴδικὲμένοις,
399 2820 409 2837 t
423 2810 520 2844 injuria
533 2810 647 2838 allectis.
659 2819 668 2836 ι
926 2842 932 2848 _

235 2845 262 2874 (5
284 2850 291 2873 l
304 2846 476 2874 Προεδρίας.
489 2845 558 2874 0r.l
570 2845 654 2874 addit.
670 2843 787 2874 ἐκείνου.
803 2853 813 2870 ι
827 2851 880 2872 non
895 2849 989 2871 minus

212 2845 217 2847 ’
235 2845 291 2882 (56)
304 2846 476 2881 Προεδρίας.
489 2845 558 2874 0r.l
570 2845 654 2878 addit,
670 2845 787 2877 ἐκείνου,

198 2881 318 2917 pietatis,
336 2889 418 2917 quam
435 2881 508 2910 sedis
527 2881 598 2910 illius
612 2887 763 2909 successor.
778 2888 787 2906 ι

1074 1889 1120 1917 IX.
1138 1888 1318 1923 Posteaquam
1337 1891 1426 1914 autem
1450 1886 1483 1913 ad
1503 1886 1575 1914 hunc
1601 1885 1710 1912 modum
1728 1883 1829 1920 prtesul

1039 1935 1196 1968 designatus
1217 1938 1256 1961 est
1269 1951 1277 1964 ,
1300 1933 1333 1959 ad
1349 1932 1421 1959 hunc
1443 1937 1551 1966 quoque
1572 1929 1696 1965 protinus
1715 1928 1826 1955 modum

1038 1980 1181 2015 imperium
1204 1978 1388 2005 administrat.
1410 1976 1468 2003 Non
1492 1975 1564 2003 enim
1583 1974 1666 2002 simul
1689 1978 1772 2008 atque
1793 1973 1828 2000 ad

1038 2027 1164 2054 thronum
1177 2025 1318 2060 pervenit,
1332 2024 1408 2051 velut
1423 2023 1469 2059 qui
1497 2022 1666 2058 tyrannidem
1683 2019 1829 2056 quamdam

1038 2077 1085 2099 aut
1097 2071 1283 2099 hereditatem
1299 2073 1399 2104 praeter
1423 2074 1499 2102 spem
1515 2066 1711 2101 arripuerunt,
1735 2065 1828 2092 statim

1040 2117 1074 2144 ob
1090 2116 1260 2144 saturitatem
1274 2115 1301 2142 in
1322 2113 1500 2150 petulantiam
1524 2111 1668 2146 prorupit;
1685 2110 1737 2137 hoc
1755 2109 1829 2137 enim

1041 2162 1257 2190 adulterinorum
1273 2160 1446 2188 sacerdotum
1460 2161 1501 2185 est
1511 2177 1519 2189 ,
1534 2162 1563 2185 et
1577 2163 1670 2184 eorum
1683 2156 1729 2190 qui
1741 2156 1822 2182 obre-

1043 2212 1166 2243 pserunt,
1190 2206 1291 2241 quique
1310 2211 1423 2232 munere
1447 2202 1520 2238 quod
1542 2201 1711 2236 proﬁtentur,
1729 2200 1830 2235 indigni

1045 2257 1109 2281 sunt
1127 2264 1133 2281 :
1153 2252 1206 2287 qui
1222 2258 1282 2279 cum
1298 2249 1366 2278 nihil
1385 2248 1460 2284 prius
1475 2247 1508 2274 ad
1532 2246 1716 2274 sacerdotium
1729 2245 1829 2272 attule-

1041 2297 1107 2329 rint,
1131 2296 1219 2324 nullas
1245 2300 1380 2322 terumnas
1403 2292 1513 2320 virtutis
1541 2298 1623 2319 causa
1651 2289 1829 2325 pertulerlnt,

1041 2342 1165 2378 discipuli
1177 2340 1256 2369 simul
1269 2338 1446 2375 magistrique
1462 2337 1573 2373 pietatis
1591 2341 1732 2370 creantur,
1747 2335 1830 2364 alios-

1040 2395 1094 2425 que
1114 2392 1179 2415 ante
1193 2390 1320 2422 purgant,
1342 2391 1426 2420 quam
1440 2383 1494 2418 ipsi
1505 2382 1613 2419 purgati
1626 2381 1750 2410 iuerint:
1771 2382 1830 2409 lteri

1001 2480 1025 2509 D
1074 2488 1132 2525 (57)
1149 2488 1205 2516 Kal.
1225 2488 1244 2522 ἠ
1257 2487 1316 2525 μέν
1336 2485 1552 2525 προεξητοριᾳγ,
1572 2487 1638 2525 εις..
1652 2481 1719 2525 iung.
1737 2488 1764 2525 ε,
1782 2480 1832 2525 ξαν.

1039 2516 1131 2565 ipsi
1157 2516 1340 2559 προσηγορία,
1356 2516 1385 2558 ’ἡ
1409 2516 1449 2549 δὲ’
1467 2516 1580 2556 ἀλήθεια
1609 2516 1717 2553 ἐδείχθη
1742 2516 1831 2543 διαδο-

1039 2568 1119 2628 viis-8

1071 2595 1119 2628 (58
1149 2595 1281 2628 Ὑγιείας.
1297 2595 1362 2625 Reg.
1375 2595 1431 2623 bm,
1444 2595 1550 2624 ὑγείας.
1806 2621 1812 2627 _

1073 2595 1131 2664 (59)
1155 2628 1272 2663 Ἀρχὴν.
1286 2627 1405 2660 Nicetas,
1424 2626 1514 2659 ἀξίαν,
1533 2635 1542 2650 ι
1556 2623 1596 2652 sic
1615 2629 1726 2650 munere
1740 2621 1831 2655 lungi-

1038 2669 1091 2692 tur.
1108 2674 1117 2690 I
1779 2690 1797 2692 ,_
1828 2673 1832 2679 '

1074 2698 1130 2735 (60)
1143 2697 1228 2732 Παρὰ
1246 2696 1350 2729 δόξαν.
1374 2696 1441 2730 Reg.
1456 2695 1504 2731 ph,
1519 2693 1593 2727 Bas.,
1614 2692 1690 2726 Till.,
1711 2690 1831 2728 παράδο-

1039 2734 1130 2806 5filii)
1146 2767 1277 2806 Ἰερέων.Δ
1288 2766 1391 2806 Billius,
1428 2775 1437 2792 ι
1450 2764 1610 2806 Ριςωειιὶαῐη.
1623 2772 1636 2790 ι
1664 2761 1829 2806 Νρηηιιιαιες

1037 2797 1082 2834 hic
1096 2797 1218 2838 namque,
1235 2802 1325 2838 agitur
1347 2811 1358 2827 ι
1371 2797 1404 2830 de
1424 2800 1584 2838 adulterinis
1593 2797 1796 2838 sacerdotibus,
1817 2805 1828 2823 ι

1037 2833 1095 2877 qui,
1108 2833 1180 2866 nulla
1196 2833 1306 2879 virtdte,
1325 2837 1379 2866 imo
1390 2844 1452 2865 cum
1465 2835 1558 2864 multis
1576 2834 1661 2868 vitiis,
1679 2842 1689 2860 ε
1703 2833 1737 2861 ad
1753 2833 1829 2861 thro-

1037 2883 1102 2904 num
1114 2878 1300 2908 perveniunt.»

1149 2591 1362 2628 Ὑγιείας-,μεθ
1375 2590 1550 2628 δηι,ι¹›γείας.
1571 2623 1578 2628 _
1741 2621 1751 2628 _
1806 2621 1812 2627 _

1155 2621 1272 2663 Ἀρχὴν-ί
1286 2621 1405 2660 Νίοὲιίιε,
1424 2621 1514 2659 ἀξίαν,
1530 2621 1542 2650 ⁷(
1556 2623 1596 2652 sic
1615 2629 1726 2650 munere
1740 2621 1831 2655 lungi-
