2049 3143
227 182 291 210 1091

829 184 858 212 S.
880 185 1046 215 GREGORll
1067 187 1244 218 THEOLOGI

1787 195 1856 223 1032

226 240 362 276 sacrilegi,
391 242 470 270 hodie
496 243 669 278 sacerdotes;
690 244 762 276 heri,
782 245 907 280 profani,
937 247 1008 274 ιιιιάι‹

1068 248 1081 275 δ
1096 249 1175 286 ἔργον
1190 251 1300 286 χάριτος
1315 250 1500 288 ἀνθρωπίνης,
1513 251 1543 278 οὺ
1557 253 1606 288 τῆς
1619 252 1665 279 τοῦ
1682 253 1838 290 Πνεύματος
1848 265 1855 270 -

227 293 367 313 sacrorum
400 287 556 321 antistites;
585 293 692 316 veteres
719 290 804 322 vitio,
835 291 937 326 pietate
970 300 1016 319 ru-

226 331 274 358 des
293 335 321 358 et
340 337 479 364 recentes;
503 333 575 366 quod
596 335 691 369 gratiae
715 343 747 363 ac
766 335 868 364 favoris
884 338 1014 370 humani,

228 384 281 403 non
316 376 435 412 Spiritus
460 385 528 412 opus
552 385 610 411 est;
631 381 677 414 qui
709 389 771 408 cum
798 386 896 409 metere
924 383 1016 411 omnia

226 421 358 449 violenter
380 424 568 457 pervaserint,
601 426 634 452 ad
657 431 809 454 extremum
835 427 921 462 ipsam
951 436 1017 463 quo-

226 476 279 502 que
308 468 436 503 pietatem
462 471 607 505 tyrannide
634 478 762 507 proruunt
784 482 792 500 :
820 481 934 509 quorum
963 482 1015 501 non

227 520 316 541 mores
330 514 468 549 dignitati.
484 516 530 542 sed
547 516 667 551 dignitas
686 517 766 552 391
786 519 907 546 moribus
930 519 1013 547 tidem

225 560 333 592 astruit,
349 561 444 588 ordine
459 561 604 589 admodum
622 569 789 598 prmpostero
804 573 811 592 :
830 565 875 599 qui
890 565 1016 600 denique

225 606 301 639 plura
317 613 365 640 pro
377 606 452 639 suis,
466 614 548 641 qualn
569 615 619 642 pro
635 608 725 644 populi
741 609 903 643 ignorantiis
919 610 953 643 “,
969 619 1015 638 sa-

225 650 328 679 crificia
345 652 460 684 debent;
479 660 511 680 ac
535 660 648 688 prorsus
666 655 781 682 duorum
807 655 923 683 alterum
950 664 1014 691 pec-

225 702 300 732 cant,
320 698 362 725 vel
376 699 438 733 quia
452 699 529 726 venia
543 699 592 734 ipsi
608 707 675 734 opus
689 701 804 733 habent,
820 702 890 729 ultra
904 702 1013 730 modum

224 744 285 771 aliis
305 744 488 778 ignoscentes,
502 751 529 772 ut
546 746 586 773 sic
602 746 698 773 vitium
715 755 768 774 non
792 749 871 775 modo
895 755 948 776 non
970 756 1015 776 re-

224 789 367 823 primatur,
394 791 442 818 sed
466 791 549 818 etiam
575 792 718 825 doceatur,
744 793 786 820 vel
812 794 877 828 quia
906 795 1014 830 imperii

223 836 370 863 acerbitate
382 842 492 870 peccata
507 845 555 864 sua
570 838 720 873 obtegunt:
736 846 852 873 quorum
869 844 1013 875 utrumque

223 881 330 918 fugiens
351 883 535 916 Athanasius,
562 884 615 910 vita
644 885 754 920 quidem
787 886 911 914 sublimis
934 891 1009 920 erat,

1067 295 1103 328 οἳ,
1127 296 1192 323 ὅταν
1218 297 1306 323 πάντα
1333 297 1489 331 διεξέλθωσι
1511 298 1682 334 βιαζόμενοι,
1704 300 1857 327 τελευταῖον

1067 342 1229 376 τυραννοῦσι
1250 343 1298 370 καὶ
1318 343 1367 379 τὴν
1382 344 1538 370 εὐσέϐειαν·
1553 342 1591 371 ὢν
1603 345 1652 381 οὐχ
1667 346 1681 372 ό
1695 346 1795 381 τρόπος
1811 347 1856 373 τὸν

1068 387 1188 423 βαθμὸν,
1203 390 1217 415 ό
1233 388 1337 424 saepe;
1353 390 1381 416 δὲ
1407 390 1452 416 τὸν
1469 391 1568 426 τρόπον
1589 392 1757 424 πιστεύεται,
1780 394 1856 430 παρὰ

1067 433 1134 459 πολὺ
1156 434 1205 468 τῆς
1226 434 1330 467 τάξεως
1344 436 1591 472 ἐναλλαττομένης
1616 439 1640 464 οἳ
1661 438 1770 470 πλείους
1785 439 1856 474 ὑπὲρ

1067 479 1180 511 ἑαυτῶν,
1198 479 1215 515 ἢ
1235 481 1290 507 τῶν
1314 481 1360 508 τοῦ
1384 482 1449 508 λαοῦ
1473 483 1670 519 ἀγνοημάτων,
1690 484 1740 516 τὰς
1761 484 1856 517 θυσίας

1065 525 1219 560 όςρείλουσι·
1240 526 1287 552 καὶ
1304 527 1412 558 πάντως
1426 527 1481 554 τῶν
1499 528 1554 555 δύω
1572 529 1604 555 τὸ
1617 529 1711 565 ἕτερον
1732 530 1857 565 ἁμαρτα-

1066 579 1166 603 νουσιν,
1182 572 1199 608 ἦ
1218 572 1257 608 τῷ
1275 572 1378 599 δεῖσθαι
1393 574 1568 610 συγγνώμης,
1593 574 1701 611 ἄμετρα
1722 575 1857 610 συγγινώ-

1067 625 1192 649 σκοντες,
1213 618 1250 649 ὡς
1273 618 1305 644 ἂν
1328 620 1395 654 μήτε
1413 619 1591 647 ἁνακότττοιτο
1605 622 1699 654 κακία,
1722 621 1789 648 ἀλλὰ
1810 622 1856 648 καὶ

1065 664 1226 695 διδάσκοιτο,
1249 665 1266 700 ἢ
1283 666 1314 700 τῇ
1331 665 1479 701 τραχύτητι
1505 667 1553 702 τῆς
1573 667 1679 702 ἀρχῆς,
1696 667 1730 694 τὰ
1750 668 1855 694 ἑαυτῶν

1067 709 1312 744 συγκαλύπτοντες.
1327 707 1376 737 Ὧν
1387 711 1526 747 οὐδέτερον
1537 713 1639 744 ἐκεῖνος
1650 721 1656 727 ·
1672 713 1728 740 ἀλλ’
1741 711 1776 749 ἦν
1787 714 1856 749 ὑψη-

1065 756 1111 788 λὸς
1130 756 1180 792 μὲν
1195 757 1250 788 τοῖς
1270 757 1371 792 ἔργοις,
1386 759 1510 790 ταπεινὸς
1530 758 1557 785 δὲ
1571 759 1609 794 τῷ
1623 760 1792 795 φρονήματι*
1807 761 1855 787 καὶ

1065 803 1116 838 τὴν
1136 803 1185 837 μὲν
1205 803 1306 839 ἀρετὴν
1323 804 1480 840 ἀπρόσιτος,
1494 805 1542 840 τὴν
1555 805 1680 840 ἐντυχίαν
1694 805 1722 832 δὲ
1737 806 1783 832 καὶ
1793 805 1855 832 λίαν

1066 846 1228 882 εὐπρόσιτος
1240 866 1247 878 ,
1270 848 1367 882 πρᾶος,
1386 849 1529 884 ἀόργητος,
1551 849 1711 885 συμπαθὴς,
1732 851 1795 886 ἡδὺς
1808 849 1855 877 τὸν

1067 890 1155 925 λόγον,
1173 891 1256 927 ἡδίων
1272 892 1317 919 τὸν
1336 893 1447 928 τρόπον,
1463 893 1608 928 ἀγγελικὸς
1627 895 1657 921 τὸ
1671 893 1756 927 εἶδος,
1770 895 1855 930 ἀγγε-

223 936 318 956 verum
335 929 427 956 animo
441 930 566 957 humilis:
583 935 665 965 atque
677 938 709 958 ea
723 931 830 966 quidem
847 932 946 959 virtute
960 953 967 964 ,
982 937 1008 960 ut

1063 937 1209 974 λικώτερος
1223 938 1272 974 τὴν
1286 939 1416 971 διάνοιαν,
1430 940 1592 976 ἐπιτιμῆσαι
1604 941 1729 976 γαληνὸς,
1743 942 1854 969 ἐπαινέ-

223 983 303 1003 nemo
318 976 351 1003 ad
375 983 435 1003 eam
459 977 582 1010 aspirare
605 981 708 1010 posset,
731 981 858 1004 caeterum
873 984 904 1004 ea
928 978 1013 1005 corui-

222 1026 290 1054 tate,
307 1025 337 1048 ut.
359 1021 391 1048 ad
411 1021 470 1056 ejus
488 1028 662 1055 congressum
680 1021 767 1049 facilis
781 1021 908 1048 omnibus
923 1022 1013 1050 aditus

222 1073 337 1103 pateret,
352 1071 518 1100 mansuetus,
531 1068 564 1094 ab
576 1067 616 1094 ira
632 1066 747 1099 alienus,
761 1067 795 1093 ad
807 1067 1010 1094 miserationem

223 1121 383 1149 propensus,
399 1121 526 1141 sermone
542 1113 689 1148 iucundus,
707 1113 828 1140 moribus
851 1114 1009 1148 jucundior,

222 1158 290 1185 facie
307 1158 443 1193 angelicus
455 1177 464 1190 ,
486 1157 579 1184 animo
599 1158 685 1192 magis
703 1158 855 1192 angelicus;
873 1158 899 1184 in
920 1158 1011 1185 ini-re-

221 1204 310 1240 pando
325 1204 458 1239 placidus.
474 1204 501 1231 in
513 1204 648 1231 laudando
662 1204 803 1230 erudiendi
819 1204 872 1231 vim
889 1204 1008 1235 habens;

220 1251 262 1278 sic
286 1256 432 1286 utrumque
456 1255 623 1284 temperans,
641 1254 670 1276 ut
695 1254 820 1277 neutrum
847 1250 942 1277 horum
961 1258 1010 1284 per

220 1297 469 1325 immoderationetn
493 1295 679 1328 labefactaret,
700 1303 794 1323 verum
810 1300 838 1323 et
856 1295 1007 1330 increpatio

219 1347 361 1378 paternam
386 1342 560 1374 charitatem,
585 1346 613 1369 et
634 1341 753 1369 laudatio
772 1341 884 1376 imperio
900 1342 1009 1376 dignam

220 1390 379 1426 gravitatem
401 1389 560 1421 obtineret;
580 1395 630 1415 nec
647 1394 694 1415 aut
715 1387 843 1415 mollities
859 1387 988 1415 dissoluta
1000 1408 1009 1420 ,

1063 993 1108 1010 σαι
1121 985 1293 1017 παιδευτικός
1311 985 1384 1020 (62)·
1402 986 1449 1012 καὶ
1465 986 1611 1022 μηδέτερον
1632 987 1687 1014 τῶν
1708 987 1798 1014 καλῶν
1818 989 1853 1024 τῇ

1061 1031 1181 1068 ἀμετρίᾳ
1195 1031 1382 1067 λυμήνασθαι,
1396 1031 1464 1059 ἀλλὰ
1478 1033 1589 1068 ποιῆσαι
1603 1033 1650 1060 καὶ
1664 1033 1713 1069 τὴν
1725 1034 1856 1070 ἐπιτίμη-

1063 1085 1106 1103 σιν
1128 1078 1275 1113 πατρικὴν,
1297 1077 1405 1104 καὶτὸν
1432 1077 1542 1105 ἔπαινον
1569 1079 1700 1115 ἀρχικόν
1731 1079 1800 1114 μήτε
1822 1079 1854 1106 τὸ

1062 1122 1166 1149 ἁπαλὸν
1180 1122 1301 1156 ἔκλυτον,
1320 1125 1387 1159 μήτε
1405 1123 1504 1158 στυφὺν
1517 1124 1547 1151 τὸ
1564 1124 1700 1160 αὐστηρὸν
1710 1133 1718 1141 ⁶
1734 1124 1804 1152 ἁλλά
1823 1125 1854 1152 τδ

1068 1168 1117 1203 μὲν
1136 1168 1295 1199 ἐπιείκειαν,
1311 1168 1342 1195 τὸ
1358 1168 1386 1195 δὲ
1403 1169 1542 1204 φρόνησιν,
1560 1169 1607 1197 καὶ
1624 1169 1782 1204 φιλοσοφίαν
1796 1169 1852 1206 (65)

1060 1214 1214 1250 ἀμφότερα·
1230 1215 1359 1250 ἐλάχιστα
1377 1215 1426 1250 μὲν
1437 1215 1516 1250 λόγου
1529 1216 1573 1243 διὰ
1587 1216 1632 1243 τὸν
1645 1216 1745 1252 τρόπον
1756 1216 1852 1251 δεόμε-

1059 1269 1102 1292 νος
1117 1260 1254 1296 ἀρκοῦντα
1267 1261 1335 1298 πρὸς
1349 1261 1550 1297 παιδαγωγίαν·
1564 1262 1693 1298 ἐλάχιστα
1707 1263 1736 1289 δὲ
1751 1262 1851 1299 ῥάὁδου

1058 1305 1102 1334 διὰ
1116 1307 1163 1334 τὸν
1177 1307 1271 1341 λόγον·
1288 1307 1329 1334 ἐτι
1348 1307 1376 1334 δὲ
1393 1307 1496 1335 ἐλάττω
1511 1308 1607 1345 τομῆς,
1624 1308 1668 1335 διὰ
1681 1308 1730 1344 τὴν
1753 1308 1852 1344 ῥάϐδον

1060 1353 1178 1390 μετρίως
1193 1354 1374 1389 πλήττουσαν.

224 1444 272 1465 aut
288 1437 420 1465 severitas
435 1437 520 1472 rigida
532 1441 558 1464 et
575 1437 671 1464 tetrica
700 1441 790 1469 esset;
825 1439 890 1471 quin
903 1438 992 1471 potius
1003 1436 1046 1462 illa
1068 1435 1204 1462 facilitatis
1229 1439 1256 1461 et
1279 1434 1472 1469 benignitatis,
1496 1435 1553 1462 lucc
1574 1435 1724 1470 prudentiae
1748 1443 1850 1463 nomen

219 1484 342 1516 haberet,
360 1488 473 1517 utraque
503 1490 567 1510 vero
603 1482 745 1517 sapientia:
780 1483 885 1510 laudem
912 1475 1140 1517 consequeretur;
1176 1481 1212 1508 ita
1230 1481 1345 1515 denique
1361 1488 1390 1508 se
1409 1488 1582 1516 comparans.
1597 1486 1626 1508 ut
1647 1489 1697 1509 nec
1710 1488 1849 1515 sermone,

219 1535 330 1566 propter
343 1537 434 1558 mores
448 1530 553 1558 abunde
565 1530 599 1556 ad
614 1529 809 1557 institutionem
823 1529 996 1562 suilicientcs,
1019 1536 1181 1565 magnopere
1197 1537 1264 1564 opus
1280 1529 1408 1561 haberet;
1433 1537 1482 1556 nec
1517 1537 1622 1562 rursus,
1651 1534 1763 1565 propter
1793 1532 1849 1557 vim

219 1577 428 1612 facultatemque
442 1577 558 1608 dicendi.
573 1577 648 1611 virga
664 1577 808 1604 admodum
820 1582 930 1611 egeret;
943 1578 1063 1604 sectione
1073 1584 1152 1612 porro
1168 1576 1253 1603 multo
1271 1577 1369 1609 minus,
1384 1577 1418 1603 ob
1429 1577 1530 1612 virgam
1547 1578 1685 1603 moderate
1694 1576 1849 1604 ferientem.

253 1622 290 1650 Χ.
320 1622 390 1656 Quid
406 1628 495 1650 autem
512 1623 587 1650 vobis
614 1622 749 1649 hominem
776 1623 932 1650 describere
946 1624 1008 1650 atti-

1099 1624 1127 1650 l'.
1142 1623 1174 1649 Τί
1195 1623 1227 1650 ἂν
1242 1623 1306 1658 ὑμῖν
1324 1623 1552 1658 ἀναζωγραφοίην
1566 1623 1612 1650 τὸν
1627 1623 1727 1658 ἅνδρα;
1744 1622 1851 1654 Παῦλος

219 1670 284 1698 net?
304 1669 381 1697 Hunc
403 1669 503 1697 Paulus
522 1673 698 1697 antevertens
713 1669 855 1704 depinxit;
872 1669 930 1696 sive
946 1677 1007 1696 cum

218 1717 372 1753 pomilicem
390 1717 464 1744 illum
488 1724 627 1751 magnum,
643 1716 689 1750 qui
704 1716 788 1743 cmlos
805 1716 1005 1751 penetravit“,

218 1762 381 1796 depraadicat
401 1760 473 1796 (huc
497 1761 568 1789 enim
582 1768 669 1796 usque
686 1761 811 1796 progredi
830 1769 882 1788 non
897 1761 1006 1788 dubita-

217 1808 256 1835 bit
269 1807 374 1840 oratio,
389 1815 450 1834 eum
468 1807 609 1842 Scriptura
623 1814 682 1839 eos,
698 1807 744 1842 qui
762 1808 911 1834 scentulum
926 1806 1007 1834 Chri-

217 1858 289 1881 stum
309 1853 413 1886 vivunt,
429 1860 479 1888 pro
494 1852 611 1880 Cltristis
627 1853 788 1888 agnoscat);
806 1854 865 1880 sive
885 1860 946 1880 cum
962 1853 1009 1880 Ti-

218 1899 347 1932 motheo,
376 1899 403 1926 in
433 1898 547 1934 epistola
574 1906 655 1933 quain
675 1899 707 1925 ad
732 1907 792 1926 eum
809 1899 920 1932 scribit,
936 1898 1008 1934 leges

218 1945 347 1980 imponit,
361 1952 434 1975 eum.
457 1945 503 1980 qui
528 1944 658 1972 Ecclesia:
680 1945 795 1972 antistes
821 1945 929 1971 futurus
953 1950 1006 1977 est,

216 1999 340 2019 sermone
356 1991 458 2026 ﬁngens
477 1996 559 2026 atque
573 1991 725 2018 informans
741 1991 774 2019 ".
797 1990 862 2017 Nam
879 1991 900 2018 si
918 1991 1004 2026 legem

215 2045 288 2069 eam,
303 2037 374 2064 velut
389 2036 508 2071 regulam
520 2037 664 2071 quamdam
675 2057 683 2067 .
701 2036 736 2068 ei,
751 2037 796 2071 qui
813 2037 847 2064 ab
861 2037 904 2064 his
922 2039 1002 2064 rebus

215 2082 349 2115 laudatur,
372 2082 536 2114 admoveris,
560 2089 642 2117 quam
664 2085 739 2108 recta
763 2089 794 2109 ea
816 2081 871 2111 sit.
900 2081 1004 2116 liquido

215 2128 372 2163 perspicies.
387 2128 465 2163 Agite
480 2128 572 2164 igitur,
589 2136 621 2155 ac
642 2135 748 2155 tnecum
763 2127 925 2155 laudationis
943 2136 1002 2154 mn-

215 2182 267 2202 nns
281 2174 419 2209 suscipite.
429 2173 496 2201 Nam
508 2174 582 2201 circa
597 2174 748 2201 orationem
762 2173 866 2204 laboro.
883 2181 914 2201 ac
924 2173 1005 2200 multa

214 2220 322 2254 quidem
340 2220 551 2256 'praztermittere
570 2219 664 2254 cupio;
687 2227 781 2246 verum
807 2219 875 2246 alias
898 2219 932 2246 ab
953 2219 1006 2246 alio

214 2267 347 2299 detineor,
369 2273 471 2300 neque,
495 2265 565 2300 quod
591 2265 739 2300 praecellit,
770 2265 890 2299 reperire
915 2272 1003 2299 queo,

1059 1669 1201 1705 προλαϐὼν
1218 1669 1322 1704 ἔγραψε
1334 1678 1341 1684 ·
1365 1669 1444 1696 τοῦτο
1461 1669 1526 1705 μὲν,
1545 1670 1573 1695 ἐν
1595 1666 1636 1701 οἷς
1651 1669 1697 1696 τὸν
1718 1669 1850 1705 ἀρχιερέα

1058 1715 1104 1741 τὸν
1121 1714 1224 1750 μέγαν,
1241 1715 1287 1741 τὸν
1308 1715 1484 1750 διεληλυθότα
1502 1715 1566 1746 τοὺς
1586 1715 1718 1751 οὐρανοὺς
1735 1716 1851 1750 ἀνυμνεῖ

1060 1760 1208 1796 (τολμήσει
1222 1761 1276 1796 γάρ
1291 1769 1335 1795 μοι
1348 1760 1396 1787 καὶ
1411 1761 1492 1796 μέχρι
1503 1760 1605 1787 τούτων
1616 1761 1631 1787 ό
1646 1761 1734 1795 λόγος.
1753 1761 1848 1797 ἐπειδὴ

1059 1806 1194 1841 Χριστοὺς
1208 1805 1261 1832 οἶδε
1277 1806 1370 1833 καλεῖν
1382 1807 1398 1842 ἡ
1414 1806 1509 1841 Γραφὴ
1520 1806 1575 1841 (64)
1586 1807 1650 1838 τοὺς
1662 1806 1767 1838 ζῶντας
1778 1806 1850 1833 κατὰ

1058 1852 1175 1888 Χριστόν
1190 1854 1215 1887 )·
1232 1853 1311 1878 τοῦτο
1325 1853 1363 1883 δὲ,
1380 1853 1408 1879 ἐν
1423 1850 1463 1885 οἷς
1474 1853 1599 1888 Τιμοθέῳ
1611 1853 1680 1888 πρὸς
1696 1852 1776 1879 αὑτὸν
1791 1852 1847 1887 (65)

1059 1898 1171 1933 γράφων
1197 1898 1354 1934 νομοθετεῖ,
1380 1898 1474 1925 τυπῶν
1499 1899 1538 1933 τῷ
1567 1899 1638 1934 λόγῳ
1664 1899 1710 1925 τὸν
1735 1900 1847 1926 ἐπισκο-

1059 1945 1113 1980 πῆς
1135 1945 1188 1980 (66)
1201 1944 1431 1980 προστησόμενον.
1446 1945 1477 1971 El
1492 1944 1546 1980 γὰρ
1564 1944 1600 1977 ὡς
1623 1945 1722 1973 κανόνα
1739 1946 1786 1972 τὸν
1801 1946 1846 1972 νό-

1059 1999 1109 2026 μον
1127 1990 1280 2026 παραθείης
1292 1990 1332 2025 τῷ
1354 1989 1443 2017 ταῦτα
1467 1991 1672 2026 ἐπαινουμένῳ.
1693 1991 1784 2029 γνώσῃ
1798 2001 1848 2019 σα-

1058 2036 1116 2070 φῶς
1136 2036 1185 2071 τὴν
1207 2035 1353 2071 εὐθύτητα.
1375 2035 1461 2072 Δεῦρο
1475 2036 1507 2072 δὴ
1523 2037 1782 2074 συμπανηγυρίσατέ
1801 2047 1848 2074 μοι

1058 2081 1122 2116 περὶ
1137 2082 1181 2107 τὸν
1193 2081 1271 2116 λόγον
1286 2082 1426 2117 κάμνοντι,
1439 2083 1486 2109 καὶ.
1498 2082 1531 2108 τὰ
1546 2083 1596 2118 μὲν
1611 2083 1696 2110 πλείω
1708 2085 1848 2120 παρατρέ-

1057 2136 1116 2162 χειν
1130 2127 1259 2159 ὲθέλοντι,
1277 2128 1371 2155 ἄλλοτε
1385 2128 1414 2154 δὲ
1432 2129 1478 2154 ὑπ’
1497 2127 1577 2154 ἄλλου
1597 2129 1781 2165 κατεχομένῳ,
1798 2131 1846 2157 καὶ

1056 2174 1106 2200 οὐκ
1121 2173 1209 2208 ἔχοντι
1228 2173 1258 2200 τὺ
1277 2173 1359 2200 νικῶν
1384 2173 1439 2208 (67)
1456 2173 1557 2208 εὑρεῖν,
1574 2173 1669 2210 ὥσπερ
1683 2175 1711 2201 ὲν
1737 2174 1845 2210 σώματι

1058 2216 1226 2252 πανταχόθεν
1239 2217 1290 2252 ἴσῳ
1304 2225 1333 2244 τε
1346 2217 1392 2244 καὶ
1405 2217 1489 2252 καλῷ·
1505 2218 1548 2245 ἀεὶ
1560 2217 1614 2254 γάρ
1630 2227 1674 2254 μοι
1684 2218 1714 2244 τὸ
1726 2227 1846 2254 προσπε-

1057 2262 1103 2289 σὸν
1122 2262 1231 2289 κάλλιον
1248 2263 1383 2298 φαίνεται,
1403 2264 1450 2290 καὶ
1466 2263 1544 2291 τοῦτο
1563 2265 1730 2300 συναρπάζει
1742 2265 1788 2292 τδν
1801 2266 1846 2292 λό-

213 2309 286 2336 velut
299 2309 325 2336 in
342 2317 456 2344 corpore
471 2310 648 2344 undequaque
660 2308 757 2344 aequali
776 2314 858 2344 atque
872 2308 1000 2344 eleganti.

1061 2316 1112 2342 γον.
1137 2309 1223 2345 Δεῦρο
1241 2309 1288 2336 οὖν
1310 2319 1355 2346 μοι
1371 2310 1491 2337 διέλεσθε
1506 2310 1564 2346 (68)
1581 2311 1616 2338 τὰ
1632 2311 1736 2338 ἐκείνου
1761 2313 1844 2344 καλὰ,

214 2353 277 2380 Mihi
293 2353 364 2380 enim
378 2374 385 2386 ,
402 2358 431 2380 ut
445 2353 563 2388 quidque
584 2354 719 2386 occurrit.
747 2354 784 2381 ita
809 2354 952 2388 pulchrius
969 2361 1001 2381 ac

213 2399 385 2434 prtestantius
402 2399 518 2432 videtur,
535 2403 562 2427 et
575 2399 726 2427 orationem
743 2400 776 2427 ad
798 2407 828 2427 se
851 2400 931 2434 rapit.
948 2399 997 2427 Fa-

212 2446 266 2473 cite
280 2445 371 2481 igitnr,
394 2445 548 2480 quicunque
571 2446 682 2473 laudum
707 2446 780 2474 illius
801 2454 941 2481 prmcones
968 2454 999 2474 ac

213 2495 295 2518 testes
306 2491 380 2524 estis,
397 2496 427 2518 ut
444 2491 557 2518 virtutes
572 2491 643 2519 illius
665 2492 737 2519 inter
754 2499 804 2519 vos
827 2492 997 2526 partiamini,

211 2543 243 2564 ac
253 2537 411 2572 praeclarum
426 2537 508 2573 392
524 2542 664 2565 certamen
679 2538 749 2565 inter
762 2545 809 2566 vos
824 2538 932 2571 ineatis,
948 2539 998 2566 viri

1055 2354 1112 2381 ὅσοι
1126 2355 1181 2382 τῶν
1196 2355 1299 2382 ἐκείνου
1315 2357 1458 2383 ἐπαινέται
1472 2357 1519 2384 καὶ
1533 2356 1680 2394 μάρτυρες.
1692 2359 1738 2386 καὶ
1749 2359 1844 2393 ἀγῶνα

1055 2400 1136 2427 καλὸν
1153 2402 1323 2436 ἀγωνίσασθε
1343 2403 1411 2439 πρὸς
1434 2403 1582 2439 ἀλλήλους,
1597 2404 1693 2441 ἄνδρες
1707 2405 1775 2441 ὁμοῦ
1796 2407 1844 2433 καὶ

1054 2449 1192 2480 γυναῖκες,
1214 2448 1349 2475 νεανίσκοι
1375 2449 1422 2476 καὶ
1445 2449 1585 2486 παρθένοι,
1611 2452 1762 2487 πρεσϐῦται
1785 2453 1842 2488 (69)

1055 2492 1124 2528 μετὰ
1142 2489 1293 2530 νεωτέρων,
1316 2495 1399 2530 ἱερεῖς
1421 2495 1469 2522 καὶ
1486 2495 1565 2528 λαὸς,
1588 2497 1612 2523 οἱ
1635 2497 1774 2532 μοναδικοὶ
1795 2499 1843 2525 καὶ

1056 2539 1168 2574 μιγάδες
1179 2560 1186 2572 ,
1203 2540 1228 2566 οἱ
1247 2540 1297 2576 τῆς
1317 2541 1467 2576 ἁπλότητος
1485 2543 1596 2579 καὶτῆς
1615 2544 1770 2580 ἀκριϐείας,
1784 2546 1844 2573 ὅσοι

246 2594 270 2611 ⁸⁸
288 2593 370 2623 Hebr.
393 2603 431 2628 ιι,
445 2595 472 2622 7.
509 2595 532 2611 “
552 2595 634 2622 Hebr.
648 2603 686 2628 tv,
707 2595 750 2623 ﬂ.
788 2595 810 2611 ⁸⁷
830 2595 840 2623 1
859 2595 930 2623 Tim.
952 2604 994 2628 ιιι,
1007 2595 1096 2632 ἳδψι.

193 2666 203 2682 ι
246 2653 301 2690 (62)
317 2656 457 2688 Γαληνός
524 2655 721 2688 παιδευτικός.
738 2656 917 2690 chg.plnres
928 2656 999 2691 opti-

211 2697 262 2716 ma:
278 2695 357 2722 notae,
372 2690 497 2725 γαληνῶς
562 2690 751 2723 παιδευτικῶς.
768 2701 777 2718 ι
790 2692 897 2719 Placide
910 2690 998 2720 incre-

211 2725 309 2759 pando,
325 2725 459 2752 laudando
470 2726 625 2753 salubriter.
640 2735 650 2752 ι

313 2761 508 2798 φιλοσοφίας.
525 2761 644 2798 Nicetes,
672 2762 790 2798 ἀρετήν,
808 2771 817 2787 ι
828 2761 967 2798 virtutem.
982 2771 992 2788 ι

228 2794 431 2855 ιςὲἐιιίαλεῐκ
440 2795 460 2830 ἠ
473 2795 589 2831 Γραφή.
599 2796 661 2824 Haec
673 2794 770 2825 desunt
786 2797 813 2824 in
827 2796 911 2832 liegg.
928 2805 954 2830 a,
967 2798 994 2829 α,

209 2835 237 2856 ει
248 2835 311 2856 nas.

257 2863 301 2902 ἓξ)
316 2863 394 2902 ζζρὸς
404 2866 506 2902 αὐτόν.
517 2866 596 2902 Deest
608 2867 633 2894 in
643 2867 715 2902 Reg.
729 2867 756 2894 d.

258 2898 302 2931 66)
323 2899 515 2934 Ἐπισκοπῆς.
535 2901 617 2930 Coisl.
636 2901 665 2937 2,
688 2898 802 2938 aliique,
821 2903 870 2938 τῆς
881 2910 995 2929 amom-

1159 2693 1270 2732 fijma'ir.
1283 2693 1350 2732 Jes.,
1365 2697 1452 2732 νικᾷν.

1099 2730 1142 2764 68)
1157 2731 1214 2756 Μοι
1226 2729 1372 2768 διρλρσιῇε.
1394 2729 1475 2768 Deest
1490 2740 1535 2767 μοι
1549 2731 1575 2759 in
1587 2732 1656 2768 (Reg.
1678 2733 1724 2768 ph.
1739 2733 1766 2761 In
1781 2734 1843 2762 aliis

1049 2769 1151 2826 iligte’m,
1175 2772 1226 2799 pro
1248 2765 1381 2800 διέλεσθε,
1404 2765 1514 2803 legitur,
1544 2765 1685 2802 διέλοετε,’
1699 2777 1843 2797 «enarre-

1089 2834 1143 2870 (69)
1159 2835 1349 2877 Πρεσὸῦτιιι.⁴
1368 2836 1500 2877 Reg.__hu,
1521 2843 1549 2866 et
1568 2838 1701 2873 Combef.,
1722 2839 1842 2877 πρεσϐύ-

1049 2878 1133 2905 τεροι,
1151 2880 1159 2896 ι
1172 2878 1251 2900 senes
1265 2879 1325 2900 curn
1341 2873 1501 2907 junioribus.
1515 2883 1526 2900 ι
