2049 3143
162 164 179 191 1
185 163 236 192 093

623 163 751 193 ORATIO
770 163 840 190 XXI.
862 179 897 184 ——
916 163 948 190 IN
970 163 1110 192 LAUDEM
1130 164 1328 193 ATIIANASII.

1720 167 1790 195 1094

149 218 216 255 λτῆς
227 219 352 256 Θεωρίας,
367 219 414 246 καὶ
426 220 482 246 ὅσοι
493 228 542 255 της
554 220 689 256 πράξεως.
710 220 739 246 '0
752 220 802 255 μὲν
813 219 958 246 ἐπαινείτω

1011 221 1089 248 simul
1103 226 1129 248 et
1143 221 1259 255 feminae,
1275 221 1461 250 adolescentes
1475 227 1502 250 et
1523 221 1653 258 virgines,
1669 229 1748 250 senes
1762 227 1791 251 et

166 267 197 293 τὸ
210 268 239 293 ἐν
258 267 395 302 νηστείαις
419 267 465 293 καὶ
483 268 658 302 προσευχαῖς,
679 265 735 293 οἷον
756 266 901 301 ἀσώματόν
924 275 954 292 τε

166 313 213 339 καὶ
228 312 308 339 eam
320 321 327 327 ·
344 313 358 338 ὀ
370 312 398 338 δὲ
412 312 442 338 τὸ
457 314 485 339 ὲν
502 313 668 348 ἀγρυπνίαις
682 321 711 338 τε
726 312 774 339 καὶ
786 311 955 347 ψαλμῳδίαις

166 357 274 384 εὕτονόν
290 367 320 384 τε
336 358 392 392 (70)
410 358 456 384 καὶ
475 358 608 394 ἀήττητον
619 367 625 373 '
643 357 723 389 ἄλλος
739 357 769 384 τὸ
783 358 812 384 ὲν
833 366 955 393 προστα-

166 403 213 439 σίᾳ
228 403 283 430 τῶν
299 403 444 439 δεομένων,
458 404 536 435 ἄλλος
556 404 605 440 τὴν
630 403 698 439 πρὸς
711 403 740 429 τὸ
756 402 890 438 ὑπερέγον
909 403 957 429 ἁν-

165 450 292 476 τιτυπίαν
306 449 372 485 (71),
387 449 403 484 ἢ
422 449 489 484 πρὸς
503 449 534 476 τὸ
548 449 676 476 ταπεινδν
695 448 908 482 συγκατάϐασιν.
923 449 956 475 Αἱ

167 496 307 532 παρθένοι,
330 496 376 522 τὸν
389 496 587 530 νυμφαγωγόψ
606 496 634 522 αἱ
649 495 702 521 ὑπὸ
723 494 819 529 ζυγὸν,
843 495 887 522 τὸν
905 504 957 522 σω-

167 543 331 578 φρονιστὴν·
349 542 373 568 οἱ
391 541 441 575 τῆς
465 541 582 576 ἐρημίας
595 561 602 572 ,
619 540 666 567 τὸν
687 541 831 576 πτερωτήν
847 540 919 575 (72)”
933 541 957 567 οἱ

166 587 217 622 τῆς
232 585 382 621 ἐπιμιξίας,
396 585 440 612 τὸν
454 586 601 621 νομοθέτην
609 593 621 609 ο.
633 586 657 611 οἱ
671 586 720 621 τῆς
736 584 896 619 ἁπλότητος,
912 585 957 612 τὸν

159 632 281 668 ·ὁδηγ6ν·
300 633 324 658 οἱ
340 632 391 667 τῆς
406 631 538 667 θεωρίας,
560 631 605 658 τὸν
629 631 752 665 θεολόγον
763 637 772 645 ⁸
793 632 818 657 οἱ
834 632 862 657 ὲν
879 631 959 657 εὐθυ-

170 679 245 715 μίαις
259 679 326 713 (75),
337 678 383 704 τὸν
397 677 504 713 χαλινόν
514 686 520 691 ·
536 679 559 704 οἱ
577 678 606 704 ὲν
624 677 788 712 συμφοραῖς,
805 676 854 712 τὴν
869 676 959 711 παρὰ-

168 725 279 761 κλησιν’
297 725 347 760 τὴν
364 724 531 760 βακτηρίαν,
544 725 560 758 ἠ
579 723 675 750 πολιά⁴
692 724 742 757 τὴν
760 723 957 757 παιδαγωγίαν,

163 773 185 808 ἠ
202 771 312 807 νεότης’
331 772 348 806 ὴ
375 771 466 803 πενία,
487 770 532 797 τὸν
553 770 685 806 ποριστὴν
703 769 759 805 (74)
773 777 779 784 ·
798 770 814 805 ἡ
831 769 956 804 εὐπορία,

167 817 213 844 τὸν
228 816 378 851 οἰκονόμον.
392 815 505 843 Δοκοῦσί
520 824 565 851 μοι
582 815 629 842 καὶ
645 816 729 850 χῆραι
743 815 789 841 τὸν
803 815 958 849 προστάτην

168 863 369 891 ἐπαινέσεσθαι·
383 864 430 890 καὶ
443 863 566 899 ὀρφανοὶ,
582 863 628 889 τὸν
643 862 749 898 πατέρα
759 870 765 876 ·
782 862 829 889 καὶ
844 862 956 897 πτωχοὶ,

1003 266 1125 301 juvenes,
1137 267 1292 295 sacerdotes
1307 272 1334 295 et
1347 268 1472 303 populus,
1487 268 1612 296 monachi
1625 273 1652 296 et
1667 268 1693 296 in
1710 269 1791 296 soda-

1006 313 1063 340 litio
1078 313 1210 347 viventes,
1227 314 1272 348 qui
1295 315 1477 349 simplicitatis
1494 315 1595 342 alumni
1611 315 1688 348 estis,
1705 320 1733 342 et
1746 315 1791 350 qtti

1007 361 1153 387 exactioris
1169 361 1230 388 vitae
1253 361 1377 392 studiosi,
1401 368 1497 389 omnes
1517 361 1655 397 denique,
1676 369 1791 396 quorum

1007 406 1072 438 vita,
1100 406 1140 433 vel
1159 407 1185 433 in
1209 407 1448 441 contemplatione,
1471 407 1514 435 vel
1530 407 1556 434 itt
1571 408 1650 435 rebus
1665 408 1791 442 gerendis

1006 456 1140 479 versatur.
1162 452 1210 479 llic
1230 452 1315 484 illius,
1328 452 1403 480 velut
1418 460 1530 487 corpore
1543 453 1664 481 vacantis
1681 460 1713 480 ac
1730 461 1788 480 ma-

1007 499 1082 526 terim
1106 499 1236 533 expertis,
1254 499 1280 526 in
1298 498 1408 533 jejuniis
1422 503 1503 533 atque
1519 499 1689 526 orationibus
1721 499 1795 526 assi-

1007 545 1137 572 duitatem
1167 545 1294 572 laudibus
1316 545 1431 578 evehat,
1457 544 1501 572 ille
1531 544 1741 579 insuperabilem
1766 545 1794 572 in

1008 588 1108 623 vigiliis
1135 596 1167 616 ac
1203 589 1360 623 psalmodiis
1386 590 1517 624 vigorem.
1551 590 1626 616 Alius
1653 590 1792 624 egentium

1009 641 1100 662 cttram
1113 639 1141 661 et
1154 635 1320 669 przesidiutn,
1333 635 1412 668 alius,
1431 641 1460 662 ut
1474 635 1515 662 vel
1528 635 1652 670 superbis
1669 639 1698 662 et
1713 635 1793 663 elatis

1008 680 1153 712 restiterit,
1167 680 1208 707 vel
1226 681 1259 707 ad
1275 680 1392 707 humiles
1406 689 1436 708 se
1449 681 1598 714 demiserit,
1615 685 1716 708 narret.
1730 680 1794 708 Vir-

1009 725 1085 760 gines
1109 725 1259 758 pronttbum
1290 725 1421 758 laudent;
1444 734 1504 761 quae
1537 726 1703 753 matrimonii
1730 726 1796 762 jugo

1009 772 1161 799 constrictas
1178 776 1260 804 sunt,
1280 772 1494 805 moderato-em;
1523 772 1567 807 qtti
1587 772 1737 800 solitariam
1756 773 1794 800 vi-

1010 821 1063 844 tam
1079 823 1161 851 agnttt
1174 838 1180 850 ,
1197 818 1372 845 excitatoreut
1388 822 1414 845 et
1428 823 1594 852 erecloretn;
1613 819 1658 854 qui
1676 819 1701 846 itt
1717 819 1797 847 soda-

1010 863 1068 890 litio
1084 864 1197 896 vivunt,
1213 864 1394 899 legislatorem
1408 873 1415 898 ;
1434 865 1581 900 simplices,
1599 865 1795 899 deductorem;

167 910 213 937 τδν
234 909 420 945 φιλόπτωχον·
444 894 492 936 καί
511 909 557 935 τὸν
578 894 731 944 φιλόξενον,
758 909 782 935 oi.
807 894 958 940 ξένον-παὶ

1010 910 1187 943 spcculationi
1209 894 1311 941 dediti,
1337 894 1511 945 tlteologuni;
1538 911 1714 946 praecipites,
1741 894 1796 939 fre;

163 957 287 991 ἀδελφοὶ,
302 956 347 982 τὸν
362 955 521 990 φιλάδελφον
531 963 537 970 ·
550 957 574 982 oi
589 955 740 988 νοσοῦντες,
752 955 799 982 τὸν
814 954 913 990 ἰατρὸν,
926 955 958 990 ἥν

169 1004 257 1040 βούλει
273 1004 351 1030 νόσον
372 1004 419 1031 καὶ
437 1003 558 1039 ἰατρείαν
570 1011 578 1018 ·
596 1003 621 1029 οἱ
642 1002 823 1038 ὑγιαίνοντες,
846 1002 891 1028 τὸν
908 1001 956 1036 φύ-

161 1051 238 1078 ’λακα
255 1051 305 1085 τῆς
319 1051 414 1085 ὑγείας
430 1050 487 1086 (75)
500 1059 508 1066 ·
525 1051 550 1076 οἰ
576 1050 693 1081 πάντες,
709 1049 755 1075 τὸν
775 1050 842 1075 πᾶσι
869 1048 957 1075 πάντα

165 1097 308 1133 γινόμενον
323 1097 389 1133 (76),
405 1097 448 1124 ἵνα
459 1096 577 1132 κερδὰνῃ
588 1096 651 1128 τοὺς
665 1096 779 1127 πάντας,
792 1091 957 1131 ἢηπλείονας.

1008 963 1071 982 num
1084 964 1091 988 ;
1107 955 1270 987 calamitosi,
1284 955 1480 983 consolatorem
1493 964 1500 989 ;
1515 957 1638 989 canities,
1651 956 1794 991 baculum;

1005 1002 1153 1037 jnvontus,
1190 1001 1384 1037 pmdagogum;
1416 1006 1580 1038 paupertas,
1616 1001 1796 1037 largitorem;

1008 1048 1119 1077 divitia).
1151 1046 1380 1081 dispensatorem.
1410 1047 1480 1082 Quin
1509 1048 1574 1075 mihi
1603 1048 1738 1082 videntur,
1768 1053 1796 1076 et

1006 1094 1094 1120 vidua:
1107 1098 1252 1127 patronum
1270 1093 1416 1120 laudatum:
1427 1113 1437 1126 ,
1456 1097 1482 1120 et
1498 1093 1603 1128 pupilli,
1622 1098 1726 1128 patrem
1741 1102 1748 1126 ;
1767 1099 1795 1121 et

170 1150 318 1178 pauperes,
339 1150 485 1177 pauperum
521 1141 689 1174 studiosum;
723 1145 751 1168 et
785 1140 940 1176 peregrini,
972 1139 1133 1174 hospitalem
1152 1159 1159 1171 ,
1181 1142 1209 1165 et
1226 1137 1341 1170 fratres,
1361 1138 1475 1165 fratrum
1492 1142 1646 1170 amantem;
1663 1142 1798 1172 aegrotan-

171 1195 222 1224 tes,
248 1190 403 1222 medicum,
438 1190 518 1226 idque
550 1189 735 1224 cujuscunque
753 1189 838 1217 morbi
875 1195 907 1218 ac
943 1187 1133 1215 medicamenti
1164 1187 1301 1220 volueris;
1333 1187 1410 1219 sani,
1440 1186 1603 1214 valetudinis
1637 1186 1795 1221 custodem;

166 1242 264 1262 utttnes
281 1236 397 1270 denique
408 1242 479 1267 eum,
494 1235 540 1270 qui
553 1235 642 1262 omnia
658 1234 784 1262 omnibus
797 1234 883 1262 factus
895 1239 948 1267 est,
969 1238 999 1261 ut
1013 1240 1118 1263 omnes.
1137 1232 1177 1258 vel
1191 1239 1272 1267 quam
1287 1233 1417 1267 plttrimos
1431 1231 1602 1259 lucrifaceret
1617 1231 1650 1260 “.

203 1281 255 1309 IA’.
274 1281 367 1308 Ταῦτα
390 1281 439 1317 μὲν
456 1279 513 1315 οὖν,
532 1282 600 1318 ὅπερ
619 1281 707 1313 εἶπον,
725 1281 800 1308 ἄλλοι
820 1281 959 1317 θαυμαζέ-

169 1327 260 1354 τωσάν
273 1336 302 1353 τε
316 1328 363 1354 καὶ
375 1327 589 1363 ἁνυμνείτωσαν,
605 1325 645 1359 οἷς
661 1327 742 1362 σχολὴ
754 1327 788 1353 τὰ
804 1327 890 1362 μικρὰ
904 1326 959 1353 τῶν

171 1374 275 1400 ἐκείνου
288 1373 446 1409 θαυμάζειν.
462 1374 556 1410 Μικρὰ
570 1374 598 1400 δὲ
612 1374 675 1400 ὅταν
687 1374 765 1405 εἴπω,
779 1373 858 1399 αὐτὸν
870 1372 959 1408 ἐαυτῷ

173 1419 326 1455 συγκρίνων
338 1419 419 1454 λέγω,
435 1419 482 1446 καὶ
496 1420 530 1446 τὰ
543 1419 647 1446 ἐκείνου
663 1420 719 1451 τοῖς
736 1418 839 1445 ἐκείνου
856 1418 959 1454 παρεξ-

172 1464 277 1496 ετάζων
296 1465 346 1500 (οὐ
370 1465 424 1500 γὰρ
445 1465 602 1499 δεδόξασται
632 1465 688 1501 (77)
703 1465 734 1491 τὸ
749 1464 958 1500 δεδοξασμένον,

172 1511 223 1537 κᾶν
271 1511 330 1538 λίαν
345 1511 482 1547 λαμπρὸν,
498 1512 590 1538 ἕνεκεν
604 1511 659 1545 ι78)
672 1511 722 1546 τῆς
738 1511 959 1547 ὑπερϐαλλούσης

1046 1280 1093 1308 XI.
1115 1279 1177 1307 llaec
1194 1281 1284 1315 igitur,
1301 1285 1329 1307 ut
1343 1279 1472 1312 diximus,
1485 1280 1530 1307 alii
1546 1280 1677 1308 ntirentnr
1691 1285 1715 1308 et
1733 1287 1798 1316 prae-

1012 1327 1119 1357 dicent,
1138 1326 1236 1361 quibus
1258 1331 1361 1353 tantum
1387 1327 1435 1353 otii
1463 1327 1599 1360 suppetit,
1626 1331 1656 1354 ut
1682 1327 1797 1362 exiguas

1012 1373 1084 1400 illius
1100 1373 1212 1400 virtutes
1226 1373 1351 1400 laudibus
1366 1379 1572 1407 prosequantur.
1587 1373 1705 1409 Exiguas
1717 1381 1799 1408 porro

1009 1426 1070 1446 cum
1088 1419 1158 1459 dico,
1177 1419 1264 1453 ipsttttt
1284 1426 1376 1446 secum
1393 1427 1555 1454 comparans
1572 1419 1644 1452 dico,
1661 1420 1800 1455 ipsiusque

1012 1466 1126 1493 virtutes
1146 1474 1206 1492 cum
1227 1466 1311 1500 ipsius
1337 1466 1481 1494 virtutibtts
1516 1465 1660 1494 conferens
1692 1466 1801 1502 (neque

1013 1511 1083 1538 enim
1109 1511 1135 1538 id
1155 1511 1226 1546 quod
1241 1511 1421 1546 glorificatnm
1439 1517 1490 1544 est,
1506 1512 1685 1547 glorificatutu
1697 1516 1739 1540 est
1752 1512 1799 1546 ⁵⁸⁷,

171 1558 261 1593 δόξης,
275 1557 369 1594 ὥσπερ
388 1558 544 1594 ἠκούσαμεν
557 1558 566 1594 )
577 1566 583 1572 '
599 1558 659 1584 ἐπεὶ
672 1558 718 1584 καὶ
731 1558 809 1592 ὀλίγα
828 1557 880 1584 τῶν
897 1557 958 1584 τού-

1011 1558 1092 1584 etiatn
1109 1557 1131 1585 si
1148 1558 1223 1584 valde
1238 1559 1273 1585 sit
1284 1558 1466 1592 splendidum,
1482 1563 1591 1594 propter
1601 1559 1797 1586 exuberantem

172 1613 229 1637 του,
253 1604 356 1640 ἑτέροις
376 1605 500 1639 αὐτάρκη
525 1604 592 1640 πρὸς
609 1604 795 1639 εὐδοκίμησιν.
825 1603 907 1638 Ἡμῖν
931 1603 959 1629 δὲ

173 1652 182 1685 (
194 1652 225 1678 οὐ
240 1651 293 1687 γὰρ
307 1651 419 1678 ἀνεκτὸν
434 1650 628 1677 καταλείπουσι
646 1650 700 1684 (79)
714 1650 759 1676 τὸν
770 1649 859 1684 λόγον,
873 1649 961 1675 Stato-

171 1697 226 1723 νεῖν
243 1699 299 1729 τοῖς
318 1696 485 1728 ἐλάττοσιν),
507 1697 550 1723 ἐπ’
575 1697 640 1723 αὺτὺ
665 1697 696 1723 τὸ
715 1697 881 1732 κυριώτατον
903 1697 958 1731 (80)

167 1741 225 1768 τῶν
242 1742 345 1769 ἐκείνου
358 1742 499 1777 τρεπτέον.
514 1741 581 1768 Θεοῦ
601 1742 628 1768 δὲ
645 1742 735 1776 ἔργον,
754 1742 824 1778 ὑπὲρ
839 1739 869 1769 οὗ
885 1743 931 1769 καὶ
945 1743 959 1769 ὸ

171 1787 259 1822 λόγος,
278 1788 366 1814 εἰπεῖν
385 1795 412 1814 τι
433 1787 482 1823 τῆς
497 1787 601 1814 ἐκείνου
621 1788 824 1823 μεγαληγορίας
843 1789 890 1815 καὶ
906 1788 957 1823 ψυ-

170 1834 222 1869 χῆς
238 1833 322 1867 ἄξιον.

1012 1604 1138 1639 gloriam,
1155 1604 1230 1631 velut
1246 1604 1345 1631 litteris
1357 1605 1443 1632 sacris
1460 1605 1594 1639 prodituro
1604 1605 1675 1640 est);
1699 1605 1800 1639 alioqui

1012 1658 1097 1685 pattca
1114 1650 1196 1677 etiam
1212 1649 1283 1676 illius
1297 1656 1455 1677 ornamenta
1477 1649 1609 1684 ejusmodi
1628 1656 1702 1682 stitit,
1718 1654 1748 1677 ut
1765 1651 1799 1677 ad

1012 1697 1129 1723 nominis
1141 1696 1326 1723 celebritatem
1346 1696 1407 1722 aliis
1420 1697 1525 1723 abunde
1536 1703 1596 1723 esse
1609 1701 1721 1730 queant.
1742 1696 1798 1723 No-

1013 1741 1054 1769 bis
1091 1747 1179 1768 autem
1199 1742 1259 1777 (nec
1275 1742 1349 1768 enim
1373 1741 1514 1768 ferendum
1541 1747 1600 1774 est,
1616 1749 1676 1774 nos,
1704 1741 1801 1770 relicto

1013 1788 1106 1820 verbo,
1125 1787 1204 1814 rebus
1219 1787 1327 1814 levioris
1343 1787 1473 1814 momenti
1492 1787 1678 1823 ministrare),
1703 1788 1736 1814 ad
1756 1787 1794 1820 id,

1012 1834 1083 1868 quod
1099 1833 1207 1860 laudum
1222 1833 1305 1868 ipsius
1318 1836 1399 1867 caput
1411 1837 1462 1866 est,
1477 1833 1660 1861 convertenda
1675 1838 1716 1861 est
1736 1841 1799 1861 ora-

171 1883 220 1910 tio.
238 1882 292 1908 Deo
308 1888 383 1914 vero,
401 1881 476 1916 cujus
491 1888 570 1908 causa
588 1882 659 1908 hunc
675 1889 783 1916 quoque
796 1889 949 1909 sermonem
970 1881 1147 1914 instituimus,
1162 1886 1303 1916 acceptum
1318 1881 1490 1909 referendum
1518 1881 1580 1916 erit,
1610 1881 1635 1910 si
1660 1882 1798 1918 quidpiam

172 1929 340 1960 dixerimus,
362 1930 431 1964 quod
448 1929 520 1956 illitts
545 1929 787 1964 grandiloquentiae
817 1930 954 1965 animique
973 1930 1065 1956 virtuti
1088 1930 1260 1964 respondeat.
1780 1921 1789 1930 ”

206 1978 256 2005 lB'.
276 1976 330 2004 Ἦν
343 1978 387 2004 ὅτε
409 1978 516 2013 ἤκμαζε
530 1977 564 2004 τὰ
588 1978 719 2014 ἡμέτερα,
733 1978 780 2005 καὶ
804 1978 896 2010 καλῶς
918 1976 957 2005 εῖ-

172 2033 229 2059 χεν,
250 2024 331 2060 ἡνίκα
351 2023 381 2050 τὸ
405 2025 455 2059 μὲν
477 2024 602 2059 περιττὸν
618 2023 708 2056 τοῦτο,
733 2025 780 2051 καὶ
804 2025 958 2059 κατεγλωτ-

176 2071 298 2106 τισμένον
312 2072 361 2106 τῆς
383 2070 520 2104 θεολογίας
544 2071 590 2097 καὶ
612 2070 744 2107 ἔντεχνον,
761 2071 821 2098 οὐδὲ
843 2071 959 2107 πάροδον

173 2115 245 2152 εἶχεν
259 2118 298 2148 εὶς
311 2117 361 2148 τὰς
371 2116 446 2148 θείας
462 2116 556 2148 αὐλὰς.
566 2116 633 2143 ἀλλὰ
646 2117 743 2144 ταυτὸν
763 2115 796 2152 ἦν
815 2117 916 2153 ψήφοις
929 2127 959 2144 τε

173 2161 291 2196 παίζειν,
305 2162 353 2198 τὴν
364 2162 425 2197 ὄψιν
439 2162 618 2194 κλεπτοὺσαις
632 2162 670 2197 τῷ
688 2162 766 2198 τάχει
782 2163 832 2198 τῆς
847 2163 961 2198 μεταθέ-

175 2217 259 2241 σεως,
288 2208 304 2243 ἢ
328 2208 517 2243 κατορχεῖσθαι
541 2209 594 2234 τῶν
618 2208 722 2235 θεατῶν
751 2209 888 2241 παντοίοις
913 2210 960 2235 καὶ

174 2254 345 2290 ἀνδρογύνοις
358 2254 516 2289 λυγίσμασι,
532 2255 578 2281 καὶ
596 2255 660 2290 περὶ
674 2254 741 2280 Θεοῦ
756 2254 845 2288 λέγειν
865 2263 891 2281 τι
912 2255 959 2281 καὶ

1048 1978 1128 2013 393
1149 1976 1204 2005 Xll.
1226 1977 1288 2005 Fuit
1304 1978 1440 2012 quondam
1464 1981 1578 2012 tempus,
1601 1985 1664 2005 cttm
1685 1984 1728 2005 res
1749 1985 1798 2004 no-

1012 2029 1077 2052 stra:
1093 2025 1232 2056 ﬂorerent,
1248 2031 1279 2050 ac
1296 2023 1426 2059 praeclare
1441 2031 1470 2051 se
1486 2024 1630 2056 haberent,
1642 2030 1703 2050 cum
1722 2023 1802 2050 nimi-

1014 2077 1073 2096 rum
1091 2068 1226 2103 superﬂua
1246 2069 1313 2101 haec,
1334 2074 1361 2096 et
1377 2069 1519 2096 verborum
1539 2069 1630 2104 lepore
1647 2074 1728 2104 atque
1741 2073 1802 2096 arte

1014 2115 1104 2142 fucata
1120 2116 1267 2143 tractandae
1292 2115 1432 2151 theologia;
1447 2116 1526 2147 ratio,
1542 2116 1575 2142 ad
1591 2116 1697 2143 divinas
1709 2115 1802 2143 caulas

1016 2169 1049 2189 ne
1066 2162 1168 2188 aditum
1184 2162 1292 2196 quidem
1312 2162 1430 2190 habebat
1445 2171 1452 2189 :
1475 2170 1569 2190 verum
1587 2162 1658 2190 idem
1672 2166 1730 2190 erat
1744 2163 1802 2190 cal-

1014 2207 1082 2235 culis
1099 2207 1200 2240 lttdere,
1218 2208 1381 2236 inversionis
1401 2208 1538 2236 celeritate
1564 2208 1704 2235 oculorum
1723 2208 1802 2236 obtu-

1014 2259 1070 2280 tum
1085 2253 1250 2284 fallentibns.
1269 2258 1316 2281 aut
1336 2255 1486 2289 omnigenis
1505 2259 1532 2282 et
1556 2254 1663 2282 lascivis
1681 2256 1803 2290 corporis

173 2288 281 2327 éxoiietv
296 2288 450 2335 καινότερον
465 2299 511 2326 καὶ
529 2299 584 2334 (81)
599 2288 745 2336 περίεργον
755 2308 761 2314 ·
775 2299 806 2326 τὸ
817 2299 846 2326 δὲ
860 2298 958 2326 ἁπλοῦν

1015 2299 1129 2327 ﬂexibus
1143 2305 1311 2334 spectatores
1332 2300 1478 2334 ludiﬁcari,
1496 2300 1567 2335 quod
1581 2300 1642 2327 novi
1663 2288 1801 2335 quidpiam

206 2347 228 2363 ⁸³
248 2347 256 2374 l
277 2346 339 2373 Cor.
358 2354 394 2377 ιι,
411 2345 456 2372 22.
495 2345 527 2361 δι”
547 2345 566 2372 ΙΙ
582 2345 644 2373 Cor.
662 2353 703 2377 ιιι,
720 2345 763 2372 10.

221 2392 264 2423 70)
282 2394 326 2419 Τε.
344 2391 424 2427 Deest
437 2391 464 2418 in
478 2392 598 2426 quinque
612 2391 696 2427 Regg.
709 2396 734 2418 et
749 2391 796 2418 0r.
812 2391 836 2427 l.

223 2427 265 2463 7|)
285 2427 362 2461 Πρὸς
379 2426 412 2453 τὸ
428 2425 576 2463 ὑπερέχον·
587 2425 781 2463 (ἀντιτυπίαν.
807 2436 816 2452 t
830 2425 863 2453 Ut
885 2425 963 2463 elatis

174 2461 315 2494 restiterit,
331 2472 341 2488 ι
364 2463 389 2488 id
403 2467 454 2493 est,
471 2471 480 2487 ι
493 2461 724 2491 Praecelleutibus.
740 2462 961 2496 ltnperatoribns,

174 2497 324 2535 Proiectis,
348 2497 458 2531 pietatis
490 2504 522 2524 ac
549 2497 611 2524 lidei
636 2497 771 2528 hostibus,
807 2496 958 2535 llaereticis,

146 2550 156 2556 ς
177 2533 308 2563 Ethnicis,
327 2538 379 2559 etc.
402 2540 412 2556 ι

212 2567 267 2603 (72)
284 2568 338 2594 Tt‘w
348 2566 511 2600 πτερωτήν.
527 2575 537 2591 t
549 2567 613 2594 Alas
626 2567 778 2600 addentem,
793 2566 901 2594 sublimi
919 2573 964 2594 vo-

175 2602 229 2629 latu
241 2604 412 2629 excitauleut.
427 2611 437 2626 ι

222 2637 265 2672 73)
283 2637 458 2671 Εὑθυμίιιις.
471 2635 538 2672 Jes.,
551 2636 678 2672 εὑθυμὶᾳ.

222 2640 265 2672 75)
283 2640 458 2671 Εὑθυμίιιις.
471 2640 538 2668 Jes.,
551 2640 678 2672 εὐθυμία.

210 2640 267 2708 in)
283 2673 339 2699 Τὸν
356 2671 514 2706 «optatur.
540 2681 549 2697 t
561 2672 610 2705 Qui
626 2671 709 2699 Vtetui
731 2671 889 2699 necessaria
897 2671 962 2699 sub-

174 2707 319 2735 ministret.
334 2717 344 2733 ι

223 2742 266 2777 75)
289 2743 407 2777 Ὑγείας.
423 2743 480 2770 Duo
502 2742 598 2777 Regg..
612 2741 726 2775 ὑγιείας.

209 2776 464 2840 (ἔϐ)ιΓινόμενον.
493 2776 614 2811 Quatuor
628 2777 723 2812 ltegg.,
750 2776 796 2804 0r.
811 2776 838 2810 2,
855 2776 962 2810 Comb.,

241 2821 329 2840 μενον.

194 2821 329 2840 ενοιιενον.

175 2819 329 2848 γενομενον.

204 2847 268 2884 (77)
287 2849 328 2875 οὐ
345 2849 399 2883 γὰρ
411 2847 598 2884 δεδόξασται,
620 2852 672 2875 etc.
694 2847 796 2884 Alludit
810 2846 962 2884 Tlteologus

177 2882 286 2912 ad’hazc
312 2882 393 2911 verba
416 2884 511 2918 Apost.
529 2883 552 2910 ll
579 2882 641 2911 Cor.
661 2889 703 2916 ttt,
720 2882 753 2910 10
771 2891 779 2910 :
802 2891 812 2908 ι
826 2882 894 2910 Nam
912 2889 963 2909 nec

1016 2389 1194 2425 glorificatum
1211 2392 1275 2425 est,
1288 2388 1360 2423 quod
1377 2388 1474 2425 claruit
1491 2387 1518 2415 in
1530 2388 1584 2425 hac
1597 2392 1681 2425 parte
1693 2392 1803 2423 propter

1013 2423 1189 2452 excellentem
1208 2423 1333 2458 gloriam,
1350 2433 1359 2449 ι
1383 2429 1436 2452 etc.
1454 2424 1490 2450 Ea
1516 2423 1647 2458 siquidem
1666 2425 1698 2450 ad
1716 2425 1803 2450 Atha-

1014 2459 1082 2486 nasii
1101 2458 1193 2485 laudes
1205 2459 1426 2492 accommodans,
1443 2459 1580 2493 significat
1591 2458 1663 2486 illius
1677 2459 1803 2490 virtutes,

1012 2501 1080 2528 quas
1105 2494 1179 2527 prius
1197 2502 1244 2526 per
1261 2495 1416 2529 congeriem
1439 2498 1656 2525 enumeraverat,
1677 2494 1803 2528 quamvis

1013 2529 1129 2556 maxima
1155 2529 1234 2555 laude
1260 2529 1348 2563 digna:
1377 2529 1440 2560 sint,
1467 2536 1565 2563 parvas
1596 2533 1685 2555 tamen
1706 2528 1802 2555 haberi

1012 2571 1101 2598 posse,
1117 2564 1140 2591 si
1164 2572 1224 2591 cuttt
1239 2564 1282 2596 iis,
1303 2564 1372 2599 quas
1397 2571 1460 2591 mox
1482 2564 1613 2591 allaturos
1628 2567 1679 2595 est,
1693 2569 1802 2598 compa-

1013 2606 1117 2626 rentur.

1047 2634 1103 2670 (78)
1125 2634 1258 2670 Ἕνεκεν.
1277 2633 1376 2670 Plures
1389 2633 1479 2666 codd.,
1493 2633 1608 2670 εἵνεκενἲ

1050 2667 1354 2705 (79)AKara./ist':r_ovgt.
1371 2669 1436 2704 lteg.
1451 2670 1478 2702 d,
1495 2669 1543 2696 0r.
1559 2669 1583 2701 ι,
1598 2667 1732 2705 C9mb_el'.,
1751 2675 1802 2705 ata-

1011 2703 1164 2731 ταλιποῦσι.
1185 2703 1287 2731 Allndit
1311 2703 1457 2738 Gregorius
1485 2705 1518 2731 ad
1541 2704 1598 2731 haec
1615 2703 1688 2730 Petri
1707 2704 1801 2736 verba,

1013 2742 1075 2766 Aet.
1089 2747 1125 2771 νι,
1142 2739 1160 2766 Ξ
1175 2748 1181 2765 :
1198 2748 1208 2764 t
1223 2738 1280 2765 Non
1297 2744 1338 2766 est
1351 2747 1455 2773 :equum
1471 2747 1520 2766 nos
1531 2738 1721 2773 derelinquere
1740 2746 1800 2766 ver-

1012 2777 1074 2802 butn
1089 2774 1145 2803 Dei,
1159 2778 1186 2801 et
1202 2774 1358 2800 ministrare
1375 2774 1484 2802 mensis.
1497 2783 1506 2800 ›

1048 2809 1103 2846 (80)
1119 2810 1316 2846 ζςιῬιῴτατον.
1333 2808 1392 2846 Par.
1398 2809 1607 2846 ε-κειιριάνιξιπτον,

1046 2843 1297 2908 θῇι)Καιτιόι-ερον
1310 2844 1370 2873 καί.
1400 2843 1580 2875 Βαιοιιεειιιιι
1607 2844 1636 2873 in
1667 2843 1803 2880 plerisque
