  <div class='ocr_page' id='page_1' title='image "/cluster/home/n/w/nwhite01/storage/ocr_20150623/35/njp.32101077772554/561.png"; bbox 0 0 2060 3140; ppageno 0'>
   <div class='ocr_carea' id='block_1_1' title="bbox 276 155 1911 186">
    <p class='ocr_par' dir='ltr' id='par_1_1' title="bbox 276 155 1911 186">
     <span class='ocr_line' id='line_1_1' title="bbox 276 155 1911 186; baseline -0.003 0"><span class='ocrx_word' id='word_1_1' title='bbox 276 158 346 186; x_wconf 70' lang='grc'>1095</span> <span class='ocrx_word' id='word_1_2' title='bbox 877 157 906 186; x_wconf 86' lang='lat' dir='ltr'><strong>S.</strong></span> <span class='ocrx_word' id='word_1_3' title='bbox 925 157 1093 186; x_wconf 75' lang='lat' dir='ltr'><strong>GREGORII</strong></span> <span class='ocrx_word' id='word_1_4' title='bbox 1112 155 1287 186; x_wconf 78' lang='lat' dir='ltr'><strong>THEOLOGI</strong></span> <span class='ocrx_word' id='word_1_5' title='bbox 1841 155 1911 182; x_wconf 68' lang='grc' dir='ltr'>ιυρδ</span> 
     </span>
    </p>
   </div>
   <div class='ocr_carea' id='block_1_2' title="bbox 275 216 1088 253">
    <p class='ocr_par' dir='ltr' id='par_1_2' title="bbox 275 219 1088 253">
     <span class='ocr_line' id='line_1_2' title="bbox 275 219 1088 253; baseline -0.004 -5"><span class='ocrx_word' id='word_1_6' title='bbox 275 228 309 249; x_wconf 87' lang='lat' dir='ltr'><strong>ac</strong></span> <span class='ocrx_word' id='word_1_7' title='bbox 328 221 428 248; x_wconf 79' lang='lat' dir='ltr'><strong>curiosi</strong></span> <span class='ocrx_word' id='word_1_8' title='bbox 452 221 485 248; x_wconf 89' lang='lat' dir='ltr'><strong>de</strong></span> <span class='ocrx_word' id='word_1_9' title='bbox 505 220 560 248; x_wconf 89' lang='lat' dir='ltr'><strong>Deo</strong></span> <span class='ocrx_word' id='word_1_10' title='bbox 572 219 614 247; x_wconf 91' lang='lat' dir='ltr'><strong>vel</strong></span> <span class='ocrx_word' id='word_1_11' title='bbox 633 219 726 248; x_wconf 80' lang='lat' dir='ltr'><strong>dicere</strong></span> <span class='ocrx_word' id='word_1_12' title='bbox 748 219 791 248; x_wconf 89' lang='lat' dir='ltr'><strong>vel</strong></span> <span class='ocrx_word' id='word_1_13' title='bbox 814 219 930 247; x_wconf 85' lang='lat' dir='ltr'><strong>audire:</strong></span> <span class='ocrx_word' id='word_1_14' title='bbox 951 219 1088 253; x_wconf 64' lang='lat' dir='ltr'><strong>simplex)</strong></span> 
     </span>
    </p>
   </div>
   <div class='ocr_carea' id='block_1_3' title="bbox 1095 216 1908 253">
    <p class='ocr_par' dir='ltr' id='par_1_3' title="bbox 1095 216 1908 253">
     <span class='ocr_line' id='line_1_3' title="bbox 1095 216 1908 253; baseline -0.002 -7"><span class='ocrx_word' id='word_1_15' title='bbox 1095 225 1103 249; x_wconf 64' lang='grc' dir='ltr'>λ</span> <span class='ocrx_word' id='word_1_16' title='bbox 1118 227 1148 246; x_wconf 82' lang='grc' dir='ltr'><strong>τε</strong></span> <span class='ocrx_word' id='word_1_17' title='bbox 1168 218 1215 245; x_wconf 78' lang='grc' dir='ltr'>καὶ</span> <span class='ocrx_word' id='word_1_18' title='bbox 1230 217 1342 252; x_wconf 80' lang='grc' dir='ltr'>εὐγενὲς</span> <span class='ocrx_word' id='word_1_19' title='bbox 1365 217 1412 244; x_wconf 76' lang='grc' dir='ltr'>τοῦ</span> <span class='ocrx_word' id='word_1_20' title='bbox 1429 217 1522 251; x_wconf 85' lang='grc' dir='ltr'>λόγου,</span> <span class='ocrx_word' id='word_1_21' title='bbox 1535 216 1661 244; x_wconf 74' lang='grc' dir='ltr'>εὐσέϐεια</span> <span class='ocrx_word' id='word_1_22' title='bbox 1676 217 1828 253; x_wconf 72' lang='grc' dir='ltr'>ἐνομίζετο.</span> <span class='ocrx_word' id='word_1_23' title='bbox 1849 217 1908 253; x_wconf 72' lang='grc' dir='ltr'><strong>Ἀφ’</strong></span> 
     </span>
    </p>
   </div>
   <div class='ocr_carea' id='block_1_4' title="bbox 276 262 1089 302">
    <p class='ocr_par' dir='ltr' id='par_1_4' title="bbox 276 264 1066 302">
     <span class='ocr_line' id='line_1_4' title="bbox 276 264 1066 302; baseline -0.008 -6"><span class='ocrx_word' id='word_1_24' title='bbox 276 272 373 296; x_wconf 88' lang='lat' dir='ltr'><strong>contra</strong></span> <span class='ocrx_word' id='word_1_25' title='bbox 396 267 581 302; x_wconf 77' lang='lat' dir='ltr'><strong>ingenunsque</strong></span> <span class='ocrx_word' id='word_1_26' title='bbox 603 273 694 293; x_wconf 83' lang='lat' dir='ltr'><strong>sermo</strong></span> <span class='ocrx_word' id='word_1_27' title='bbox 716 269 797 300; x_wconf 82' lang='lat' dir='ltr'><strong>alque</strong></span> <span class='ocrx_word' id='word_1_28' title='bbox 819 264 962 297; x_wconf 90' lang='lat' dir='ltr'><strong>doctrina,</strong></span> <span class='ocrx_word' id='word_1_29' title='bbox 981 264 1066 299; x_wconf 83' lang='lat' dir='ltr'><strong>pictas</strong></span> 
     </span>
    </p>
   </div>
   <div class='ocr_carea' id='block_1_5' title="bbox 1097 262 1910 302">
    <p class='ocr_par' dir='ltr' id='par_1_5' title="bbox 1119 262 1910 299">
     <span class='ocr_line' id='line_1_5' title="bbox 1119 262 1910 299; baseline -0.001 -8"><span class='ocrx_word' id='word_1_30' title='bbox 1119 262 1150 291; x_wconf 72' lang='grc' dir='ltr'><strong>οὗ</strong></span> <span class='ocrx_word' id='word_1_31' title='bbox 1169 264 1197 290; x_wconf 80' lang='grc' dir='ltr'>δὲ</span> <span class='ocrx_word' id='word_1_32' title='bbox 1214 264 1316 297; x_wconf 80' lang='grc' dir='ltr'>Σέξτοι,</span> <span class='ocrx_word' id='word_1_33' title='bbox 1333 263 1382 290; x_wconf 76' lang='grc' dir='ltr'>καὶ</span> <span class='ocrx_word' id='word_1_34' title='bbox 1403 262 1549 299; x_wconf 78' lang='grc' dir='ltr'>Πύρῤωνες</span> <span class='ocrx_word' id='word_1_35' title='bbox 1569 263 1640 298; x_wconf 72' lang='lat'><strong>(82),</strong></span> <span class='ocrx_word' id='word_1_36' title='bbox 1663 263 1711 290; x_wconf 77' lang='grc' dir='ltr'>καὶ</span> <span class='ocrx_word' id='word_1_37' title='bbox 1733 264 1750 299; x_wconf 77' lang='grc' dir='ltr'><strong>ἡ</strong></span> <span class='ocrx_word' id='word_1_38' title='bbox 1772 263 1910 295; x_wconf 80' lang='grc' dir='ltr'>ἀντίθετος</span> 
     </span>
    </p>
   </div>
   <div class='ocr_carea' id='block_1_6' title="bbox 275 307 1088 346">
    <p class='ocr_par' dir='ltr' id='par_1_6' title="bbox 275 308 1067 346">
     <span class='ocr_line' id='line_1_6' title="bbox 275 308 1067 346; baseline -0.005 -6"><span class='ocrx_word' id='word_1_39' title='bbox 275 312 493 341; x_wconf 83' lang='lat' dir='ltr'><strong>existimabatur.</strong></span> <span class='ocrx_word' id='word_1_40' title='bbox 512 311 612 339; x_wconf 81' lang='lat' dir='ltr'><strong>Verum</strong></span> <span class='ocrx_word' id='word_1_41' title='bbox 640 316 815 346; x_wconf 71' lang='lat' dir='ltr'><strong>posteaquam</strong></span> <span class='ocrx_word' id='word_1_42' title='bbox 841 308 932 342; x_wconf 89' lang='lat' dir='ltr'><strong>Sexti,</strong></span> <span class='ocrx_word' id='word_1_43' title='bbox 950 313 978 336; x_wconf 91' lang='lat' dir='ltr'><strong>et</strong></span> <span class='ocrx_word' id='word_1_44' title='bbox 1000 309 1067 344; x_wconf 82' lang='lat' dir='ltr'><strong>Pyr-</strong></span> 
     </span>
    </p>
   </div>
   <div class='ocr_carea' id='block_1_7' title="bbox 1097 307 1910 346">
    <p class='ocr_par' dir='ltr' id='par_1_7' title="bbox 1119 307 1910 344">
     <span class='ocr_line' id='line_1_7' title="bbox 1119 307 1910 344; baseline 0 -9"><span class='ocrx_word' id='word_1_45' title='bbox 1119 309 1240 344; x_wconf 84' lang='grc' dir='ltr'>γλῶσσα,</span> <span class='ocrx_word' id='word_1_46' title='bbox 1252 307 1347 344; x_wconf 85' lang='grc' dir='ltr'>ὥσπερ</span> <span class='ocrx_word' id='word_1_47' title='bbox 1363 317 1388 334; x_wconf 84' lang='grc' dir='ltr'><strong>τι</strong></span> <span class='ocrx_word' id='word_1_48' title='bbox 1402 308 1508 343; x_wconf 82' lang='grc' dir='ltr'>νόσημα</span> <span class='ocrx_word' id='word_1_49' title='bbox 1527 308 1612 335; x_wconf 78' lang='grc' dir='ltr'>δεινὸν</span> <span class='ocrx_word' id='word_1_50' title='bbox 1624 309 1672 336; x_wconf 81' lang='grc' dir='ltr'>καὶ</span> <span class='ocrx_word' id='word_1_51' title='bbox 1688 309 1833 344; x_wconf 81' lang='grc' dir='ltr'>κακόηθες,</span> <span class='ocrx_word' id='word_1_52' title='bbox 1849 310 1910 341; x_wconf 84' lang='grc' dir='ltr'>ταῖς</span> 
     </span>
    </p>
   </div>
   <div class='ocr_carea' id='block_1_8' title="bbox 276 354 1089 391">
    <p class='ocr_par' dir='ltr' id='par_1_8' title="bbox 276 355 1065 391">
     <span class='ocr_line' id='line_1_8' title="bbox 276 355 1065 391; baseline -0.005 -5"><span class='ocrx_word' id='word_1_53' title='bbox 276 359 395 391; x_wconf 88' lang='lat' dir='ltr'><strong>rhones,</strong></span> <span class='ocrx_word' id='word_1_54' title='bbox 420 362 448 385; x_wconf 92' lang='lat' dir='ltr'><strong>et</strong></span> <span class='ocrx_word' id='word_1_55' title='bbox 471 357 675 384; x_wconf 86' lang='lat' dir='ltr'><strong>contradicendi</strong></span> <span class='ocrx_word' id='word_1_56' title='bbox 697 357 809 384; x_wconf 85' lang='lat' dir='ltr'><strong>libidine</strong></span> <span class='ocrx_word' id='word_1_57' title='bbox 827 356 937 383; x_wconf 81' lang='lat' dir='ltr'><strong>incitata</strong></span> <span class='ocrx_word' id='word_1_58' title='bbox 962 355 1065 390; x_wconf 76' lang='lat' dir='ltr'><strong>lingua.</strong></span> 
     </span>
    </p>
   </div>
   <div class='ocr_carea' id='block_1_9' title="bbox 1098 354 1911 391">
    <p class='ocr_par' dir='ltr' id='par_1_9' title="bbox 1125 354 1911 391">
     <span class='ocr_line' id='line_1_9' title="bbox 1125 354 1911 391; baseline 0 -10"><span class='ocrx_word' id='word_1_59' title='bbox 1125 355 1299 390; x_wconf 75' lang='grc' dir='ltr'>Ἐκκλησίαις</span> <span class='ocrx_word' id='word_1_60' title='bbox 1321 354 1400 390; x_wconf 83' lang='grc' dir='ltr'>ἡμῶν</span> <span class='ocrx_word' id='word_1_61' title='bbox 1423 354 1591 390; x_wconf 79' lang='grc' dir='ltr'>είσεφθάρη·</span> <span class='ocrx_word' id='word_1_62' title='bbox 1609 355 1656 381; x_wconf 73' lang='grc' dir='ltr'>καὶ</span> <span class='ocrx_word' id='word_1_63' title='bbox 1671 355 1687 390; x_wconf 87' lang='grc' dir='ltr'><strong>ή</strong></span> <span class='ocrx_word' id='word_1_64' title='bbox 1705 354 1824 391; x_wconf 76' lang='grc' dir='ltr'>φλυαρία</span> <span class='ocrx_word' id='word_1_65' title='bbox 1846 356 1911 382; x_wconf 72' lang='grc' dir='ltr'>παί-</span> 
     </span>
    </p>
   </div>
   <div class='ocr_carea' id='block_1_10' title="bbox 275 400 1088 438">
    <p class='ocr_par' dir='ltr' id='par_1_10' title="bbox 275 400 1067 438">
     <span class='ocr_line' id='line_1_10' title="bbox 275 400 1067 438; baseline -0.003 -8"><span class='ocrx_word' id='word_1_66' title='bbox 275 404 348 431; x_wconf 84' lang='lat' dir='ltr'><strong>velut</strong></span> <span class='ocrx_word' id='word_1_67' title='bbox 363 404 453 438; x_wconf 90' lang='lat' dir='ltr'><strong>gravis</strong></span> <span class='ocrx_word' id='word_1_68' title='bbox 463 403 573 438; x_wconf 86' lang='lat' dir='ltr'><strong>quidam</strong></span> <span class='ocrx_word' id='word_1_69' title='bbox 587 411 619 430; x_wconf 84' lang='lat' dir='ltr'><strong>ac</strong></span> <span class='ocrx_word' id='word_1_70' title='bbox 635 402 767 437; x_wconf 72' lang='lat' dir='ltr'><strong>malignus</strong></span> <span class='ocrx_word' id='word_1_71' title='bbox 792 401 913 434; x_wconf 87' lang='lat' dir='ltr'><strong>morbus,</strong></span> <span class='ocrx_word' id='word_1_72' title='bbox 931 401 957 428; x_wconf 90' lang='lat' dir='ltr'><strong>iu</strong></span> <span class='ocrx_word' id='word_1_73' title='bbox 973 400 1067 428; x_wconf 88' lang='lat' dir='ltr'><strong>Eccle-</strong></span> 
     </span>
    </p>
   </div>
   <div class='ocr_carea' id='block_1_11' title="bbox 1098 400 1911 438">
    <p class='ocr_par' dir='ltr' id='par_1_11' title="bbox 1118 401 1911 437">
     <span class='ocr_line' id='line_1_11' title="bbox 1118 401 1911 437; baseline 0 -9"><span class='ocrx_word' id='word_1_74' title='bbox 1118 402 1209 433; x_wconf 83' lang='grc' dir='ltr'>δευσις</span> <span class='ocrx_word' id='word_1_75' title='bbox 1229 401 1311 434; x_wconf 69' lang='grc' dir='ltr'>ἔδοξε,</span> <span class='ocrx_word' id='word_1_76' title='bbox 1332 402 1393 433; x_wconf 74' lang='grc' dir='ltr'>καὶ,</span> <span class='ocrx_word' id='word_1_77' title='bbox 1408 402 1422 428; x_wconf 87' lang='grc' dir='ltr'><strong>ὃ</strong></span> <span class='ocrx_word' id='word_1_78' title='bbox 1439 410 1505 436; x_wconf 82' lang='grc' dir='ltr'>φησι</span> <span class='ocrx_word' id='word_1_79' title='bbox 1522 401 1586 437; x_wconf 78' lang='grc' dir='ltr'>περὶ</span> <span class='ocrx_word' id='word_1_80' title='bbox 1608 401 1757 437; x_wconf 73' lang='grc' dir='ltr'>Ἀθηναίων</span> <span class='ocrx_word' id='word_1_81' title='bbox 1780 403 1797 437; x_wconf 84' lang='grc' dir='ltr'><strong>ή</strong></span> <span class='ocrx_word' id='word_1_82' title='bbox 1821 401 1911 436; x_wconf 72' lang='grc' dir='ltr'>βίϐλος</span> 
     </span>
    </p>
   </div>
   <div class='ocr_carea' id='block_1_12' title="bbox 275 446 1088 484">
    <p class='ocr_par' dir='ltr' id='par_1_12' title="bbox 275 448 1067 484">
     <span class='ocr_line' id='line_1_12' title="bbox 275 448 1067 484; baseline -0.004 -8"><span class='ocrx_word' id='word_1_83' title='bbox 275 451 331 477; x_wconf 78' lang='lat' dir='ltr'><strong>sius</strong></span> <span class='ocrx_word' id='word_1_84' title='bbox 353 455 460 476; x_wconf 87' lang='lat' dir='ltr'><strong>nostras</strong></span> <span class='ocrx_word' id='word_1_85' title='bbox 487 456 589 484; x_wconf 79' lang='lat' dir='ltr'><strong>magno</strong></span> <span class='ocrx_word' id='word_1_86' title='bbox 613 454 706 476; x_wconf 90' lang='lat' dir='ltr'><strong>nostro</strong></span> <span class='ocrx_word' id='word_1_87' title='bbox 726 448 796 476; x_wconf 91' lang='lat' dir='ltr'><strong>man</strong></span> <span class='ocrx_word' id='word_1_88' title='bbox 823 449 1006 482; x_wconf 84' lang='lat' dir='ltr'><strong>irrepserunt,</strong></span> <span class='ocrx_word' id='word_1_89' title='bbox 1033 453 1067 474; x_wconf 89' lang='lat' dir='ltr'><strong>ac</strong></span> 
     </span>
    </p>
   </div>
   <div class='ocr_carea' id='block_1_13' title="bbox 1098 446 1911 484">
    <p class='ocr_par' dir='ltr' id='par_1_13' title="bbox 1118 446 1911 483">
     <span class='ocr_line' id='line_1_13' title="bbox 1118 446 1911 483; baseline -0.003 -9"><span class='ocrx_word' id='word_1_90' title='bbox 1118 447 1173 474; x_wconf 85' lang='grc' dir='ltr'>τῶν</span> <span class='ocrx_word' id='word_1_91' title='bbox 1186 447 1327 483; x_wconf 77' lang='grc' dir='ltr'>Πράξεων,</span> <span class='ocrx_word' id='word_1_92' title='bbox 1344 448 1385 479; x_wconf 82' lang='grc' dir='ltr'><strong>είς</strong></span> <span class='ocrx_word' id='word_1_93' title='bbox 1404 447 1480 473; x_wconf 75' lang='grc' dir='ltr'>οὐδὲν</span> <span class='ocrx_word' id='word_1_94' title='bbox 1498 446 1562 474; x_wconf 83' lang='grc' dir='ltr'>ἄλλο</span> <span class='ocrx_word' id='word_1_95' title='bbox 1576 446 1770 482; x_wconf 62' lang='grc' dir='ltr'>εὐκαιρῶμεν,</span> <span class='ocrx_word' id='word_1_96' title='bbox 1787 447 1804 482; x_wconf 80' lang='grc' dir='ltr'>ἢ</span> <span class='ocrx_word' id='word_1_97' title='bbox 1821 447 1911 480; x_wconf 80' lang='grc' dir='ltr'>λέγειν</span> 
     </span>
    </p>
   </div>
   <div class='ocr_carea' id='block_1_14' title="bbox 277 491 1090 531">
    <p class='ocr_par' dir='ltr' id='par_1_14' title="bbox 277 493 1064 531">
     <span class='ocr_line' id='line_1_14' title="bbox 277 493 1064 531; baseline -0.005 -8"><span class='ocrx_word' id='word_1_98' title='bbox 277 496 417 531; x_wconf 73' lang='lat' dir='ltr'><strong>nugacitas</strong></span> <span class='ocrx_word' id='word_1_99' title='bbox 446 495 576 523; x_wconf 68' lang='lat' dir='ltr'><strong>doctrinae</strong></span> <span class='ocrx_word' id='word_1_100' title='bbox 606 500 688 529; x_wconf 85' lang='lat' dir='ltr'><strong>atque</strong></span> <span class='ocrx_word' id='word_1_101' title='bbox 718 494 880 520; x_wconf 81' lang='lat' dir='ltr'><strong>eruditionis</strong></span> <span class='ocrx_word' id='word_1_102' title='bbox 908 493 1064 528; x_wconf 89' lang='lat' dir='ltr'><strong>opinionem</strong></span> 
     </span>
    </p>
   </div>
   <div class='ocr_carea' id='block_1_15' title="bbox 1097 491 1910 531">
    <p class='ocr_par' dir='ltr' id='par_1_15' title="bbox 1119 491 1910 528">
     <span class='ocr_line' id='line_1_15' title="bbox 1119 491 1910 528; baseline -0.003 -8"><span class='ocrx_word' id='word_1_103' title='bbox 1119 502 1146 520; x_wconf 86' lang='grc' dir='ltr'><strong>τι</strong></span> <span class='ocrx_word' id='word_1_104' title='bbox 1158 493 1204 520; x_wconf 74' lang='grc' dir='ltr'>καὶ</span> <span class='ocrx_word' id='word_1_105' title='bbox 1221 491 1330 520; x_wconf 77' lang='grc' dir='ltr'><strong>ἀκούειν</strong></span> <span class='ocrx_word' id='word_1_106' title='bbox 1345 492 1501 528; x_wconf 78' lang='grc' dir='ltr'>καινότερον</span> <span class='ocrx_word' id='word_1_107' title='bbox 1517 492 1583 527; x_wconf 80' lang='grc'><strong>(85).</strong></span> <span class='ocrx_word' id='word_1_108' title='bbox 1597 491 1629 518; x_wconf 86' lang='grc' dir='ltr'>Ὢ</span> <span class='ocrx_word' id='word_1_109' title='bbox 1642 492 1684 524; x_wconf 82' lang='grc' dir='ltr'><strong>τίς</strong></span> <span class='ocrx_word' id='word_1_110' title='bbox 1701 492 1835 527; x_wconf 76' lang='grc' dir='ltr'><strong>Ἱερεμίας</strong></span> <span class='ocrx_word' id='word_1_111' title='bbox 1849 491 1910 518; x_wconf 79' lang='grc' dir='ltr'>ὀδυ-</span> 
     </span>
    </p>
   </div>
   <div class='ocr_carea' id='block_1_16' title="bbox 276 537 1089 577">
    <p class='ocr_par' dir='ltr' id='par_1_16' title="bbox 276 539 1066 577">
     <span class='ocr_line' id='line_1_16' title="bbox 276 539 1066 577; baseline -0.004 -9"><span class='ocrx_word' id='word_1_112' title='bbox 276 542 337 568; x_wconf 86' lang='lat' dir='ltr'><strong>tulit</strong></span> <span class='ocrx_word' id='word_1_113' title='bbox 355 542 481 577; x_wconf 83' lang='lat' dir='ltr'><strong>quodque</strong></span> <span class='ocrx_word' id='word_1_114' title='bbox 509 541 624 568; x_wconf 88' lang='lat' dir='ltr'><strong>Actuum</strong></span> <span class='ocrx_word' id='word_1_115' title='bbox 646 540 716 568; x_wconf 91' lang='lat' dir='ltr'><strong>liber</strong></span> <span class='ocrx_word' id='word_1_116' title='bbox 728 540 760 568; x_wconf 92' lang='lat' dir='ltr'><strong>de</strong></span> <span class='ocrx_word' id='word_1_117' title='bbox 777 539 987 567; x_wconf 83' lang='lat' dir='ltr'><strong>Atheniensibus</strong></span> <span class='ocrx_word' id='word_1_118' title='bbox 1003 545 1066 566; x_wconf 90' lang='lat' dir='ltr'><strong>nar-</strong></span> 
     </span>
    </p>
   </div>
   <div class='ocr_carea' id='block_1_17' title="bbox 1097 537 1910 577">
    <p class='ocr_par' dir='ltr' id='par_1_17' title="bbox 1120 537 1910 574">
     <span class='ocr_line' id='line_1_17' title="bbox 1120 537 1910 574; baseline 0 -10"><span class='ocrx_word' id='word_1_119' title='bbox 1120 539 1208 574; x_wconf 82' lang='grc' dir='ltr'>ρεῖται</span> <span class='ocrx_word' id='word_1_120' title='bbox 1220 538 1277 572; x_wconf 68' lang='grc'><strong>(84)</strong></span> <span class='ocrx_word' id='word_1_121' title='bbox 1293 538 1342 574; x_wconf 77' lang='grc' dir='ltr'>τὴν</span> <span class='ocrx_word' id='word_1_122' title='bbox 1357 539 1494 574; x_wconf 81' lang='grc' dir='ltr'>ἡμετέραν</span> <span class='ocrx_word' id='word_1_123' title='bbox 1508 537 1638 573; x_wconf 78' lang='grc' dir='ltr'>σύγχυσιν</span> <span class='ocrx_word' id='word_1_124' title='bbox 1651 539 1698 565; x_wconf 75' lang='grc' dir='ltr'>καὶ</span> <span class='ocrx_word' id='word_1_125' title='bbox 1717 537 1910 573; x_wconf 82' lang='grc' dir='ltr'>σκοτόμαιναν.</span> 
     </span>
    </p>
   </div>
   <div class='ocr_carea' id='block_1_18' title="bbox 277 583 1090 620">
    <p class='ocr_par' dir='ltr' id='par_1_18' title="bbox 277 584 1067 620">
     <span class='ocr_line' id='line_1_18' title="bbox 277 584 1067 620; baseline -0.004 -5"><span class='ocrx_word' id='word_1_126' title='bbox 277 587 358 620; x_wconf 76' lang='lat' dir='ltr'><strong>rat“,</strong></span> <span class='ocrx_word' id='word_1_127' title='bbox 387 588 421 614; x_wconf 90' lang='lat' dir='ltr'><strong>ad</strong></span> <span class='ocrx_word' id='word_1_128' title='bbox 437 587 503 614; x_wconf 90' lang='lat' dir='ltr'><strong>nihil</strong></span> <span class='ocrx_word' id='word_1_129' title='bbox 519 587 591 613; x_wconf 80' lang='lat' dir='ltr'><strong>aliud</strong></span> <span class='ocrx_word' id='word_1_130' title='bbox 604 593 741 618; x_wconf 87' lang='lat' dir='ltr'><strong>vacamus,</strong></span> <span class='ocrx_word' id='word_1_131' title='bbox 756 593 836 620; x_wconf 83' lang='lat' dir='ltr'><strong>quant</strong></span> <span class='ocrx_word' id='word_1_132' title='bbox 849 591 877 612; x_wconf 84' lang='lat' dir='ltr'><strong>ut</strong></span> <span class='ocrx_word' id='word_1_133' title='bbox 889 585 950 612; x_wconf 89' lang='lat' dir='ltr'><strong>novi</strong></span> <span class='ocrx_word' id='word_1_134' title='bbox 966 584 1067 619; x_wconf 84' lang='lat' dir='ltr'><strong>aliquid</strong></span> 
     </span>
    </p>
   </div>
   <div class='ocr_carea' id='block_1_19' title="bbox 884 583 1697 620">
    <p class='ocr_par' dir='ltr' id='par_1_19' title="bbox 889 583 1697 620">
     <span class='ocr_line' id='line_1_19' title="bbox 889 583 1697 620; baseline -0.002 -8"><span class='ocrx_word' id='word_1_135' title='bbox 889 585 950 612; x_wconf 89' lang='lat' dir='ltr'><strong>novi</strong></span> <span class='ocrx_word' id='word_1_136' title='bbox 966 584 1067 619; x_wconf 83' lang='lat' dir='ltr'><strong>aliquid</strong></span> <span class='ocrx_word' id='word_1_137' title='bbox 1120 584 1135 610; x_wconf 85' lang='grc' dir='ltr'><strong>ό</strong></span> <span class='ocrx_word' id='word_1_138' title='bbox 1152 584 1231 619; x_wconf 81' lang='grc' dir='ltr'>μόνος</span> <span class='ocrx_word' id='word_1_139' title='bbox 1245 583 1324 616; x_wconf 74' lang='grc' dir='ltr'>εἰδὼς</span> <span class='ocrx_word' id='word_1_140' title='bbox 1336 583 1442 616; x_wconf 71' lang='grc' dir='ltr'>ὲξισοῦν</span> <span class='ocrx_word' id='word_1_141' title='bbox 1453 583 1568 620; x_wconf 76' lang='grc' dir='ltr'><strong>θρήνους</strong></span> <span class='ocrx_word' id='word_1_142' title='bbox 1582 583 1697 611; x_wconf 73' lang='grc' dir='ltr'>πάθεσιῑ</span> 
     </span>
    </p>
   </div>
   <div class='ocr_carea' id='block_1_20' title="bbox 276 627 1913 665">
    <p class='ocr_par' dir='ltr' id='par_1_20' title="bbox 276 627 1913 665">
     <span class='ocr_line' id='line_1_20' title="bbox 276 627 1913 665; baseline -0.002 -6"><span class='ocrx_word' id='word_1_143' title='bbox 276 634 398 660; x_wconf 75' lang='lat' dir='ltr'><strong>dit-amns</strong></span> <span class='ocrx_word' id='word_1_144' title='bbox 428 632 471 660; x_wconf 88' lang='lat' dir='ltr'><strong>vel</strong></span> <span class='ocrx_word' id='word_1_145' title='bbox 494 632 649 659; x_wconf 77' lang='lat' dir='ltr'><strong>audiamus.</strong></span> <span class='ocrx_word' id='word_1_146' title='bbox 669 630 692 658; x_wconf 86' lang='lat'><strong>0</strong></span> <span class='ocrx_word' id='word_1_147' title='bbox 712 631 773 665; x_wconf 90' lang='lat' dir='ltr'><strong>quis</strong></span> <span class='ocrx_word' id='word_1_148' title='bbox 805 629 937 657; x_wconf 82' lang='lat' dir='ltr'><strong>Ieremias</strong></span> <span class='ocrx_word' id='word_1_149' title='bbox 966 628 1152 657; x_wconf 81' lang='lat' dir='ltr'><strong>confusionem</strong></span> <span class='ocrx_word' id='word_1_150' title='bbox 1182 633 1303 657; x_wconf 86' lang='lat' dir='ltr'><strong>nostram</strong></span> <span class='ocrx_word' id='word_1_151' title='bbox 1340 629 1538 664; x_wconf 69' lang='lat' dir='ltr'><strong>caliginemque</strong></span> <span class='ocrx_word' id='word_1_152' title='bbox 1562 628 1734 663; x_wconf 67' lang='lat' dir='ltr'><strong>dt-plorahit?</strong></span> <span class='ocrx_word' id='word_1_153' title='bbox 1760 627 1820 664; x_wconf 90' lang='lat' dir='ltr'><strong>Ipse</strong></span> <span class='ocrx_word' id='word_1_154' title='bbox 1839 629 1913 656; x_wconf 84' lang='lat' dir='ltr'><strong>solus</strong></span> 
     </span>
    </p>
   </div>
   <div class='ocr_carea' id='block_1_21' title="bbox 277 675 959 710">
    <p class='ocr_par' dir='ltr' id='par_1_21' title="bbox 277 675 959 710">
     <span class='ocr_line' id='line_1_21' title="bbox 277 675 959 710; baseline -0.006 -4"><span class='ocrx_word' id='word_1_155' title='bbox 277 677 485 706; x_wconf 82' lang='lat' dir='ltr'><strong>lamentationes</strong></span> <span class='ocrx_word' id='word_1_156' title='bbox 499 677 702 705; x_wconf 84' lang='lat' dir='ltr'><strong>calamitatibus</strong></span> <span class='ocrx_word' id='word_1_157' title='bbox 717 683 861 710; x_wconf 66' lang='lat' dir='ltr'><strong>exaequare</strong></span> <span class='ocrx_word' id='word_1_158' title='bbox 874 675 959 703; x_wconf 87' lang='lat' dir='ltr'><strong>novit.</strong></span> 
     </span>
    </p>
   </div>
   <div class='ocr_carea' id='block_1_22' title="bbox 312 719 1125 759">
    <p class='ocr_par' dir='ltr' id='par_1_22' title="bbox 312 722 1067 759">
     <span class='ocr_line' id='line_1_22' title="bbox 312 722 1067 759; baseline -0.005 -6"><span class='ocrx_word' id='word_1_159' title='bbox 312 726 381 754; x_wconf 76' lang='lat' dir='ltr'>XIII.</span> <span class='ocrx_word' id='word_1_160' title='bbox 412 725 481 753; x_wconf 84' lang='lat' dir='ltr'><strong>Huic</strong></span> <span class='ocrx_word' id='word_1_161' title='bbox 507 725 591 752; x_wconf 89' lang='lat' dir='ltr'><strong>l&#39;urori</strong></span> <span class='ocrx_word' id='word_1_162' title='bbox 612 725 692 751; x_wconf 85' lang='lat' dir='ltr'><strong>Arius</strong></span> <span class='ocrx_word' id='word_1_163' title='bbox 716 723 825 759; x_wconf 80' lang='lat' dir='ltr'><strong>quidem</strong></span> <span class='ocrx_word' id='word_1_164' title='bbox 848 723 909 756; x_wconf 86' lang='lat' dir='ltr'><strong>ille,</strong></span> <span class='ocrx_word' id='word_1_165' title='bbox 933 730 948 750; x_wconf 88' lang='lat' dir='ltr'><strong>a</strong></span> <span class='ocrx_word' id='word_1_166' title='bbox 976 722 1067 750; x_wconf 82' lang='lat' dir='ltr'><strong>furore</strong></span> 
     </span>
    </p>
   </div>
   <div class='ocr_carea' id='block_1_23' title="bbox 1100 719 1913 759">
    <p class='ocr_par' dir='ltr' id='par_1_23' title="bbox 1154 719 1913 756">
     <span class='ocr_line' id='line_1_23' title="bbox 1154 719 1913 756; baseline 0 -8"><span class='ocrx_word' id='word_1_167' title='bbox 1154 721 1203 748; x_wconf 78' lang='lat' dir='ltr'><strong>ll&quot;.</strong></span> <span class='ocrx_word' id='word_1_168' title='bbox 1220 720 1330 756; x_wconf 75' lang='grc' dir='ltr'>Ταύτης</span> <span class='ocrx_word' id='word_1_169' title='bbox 1354 720 1405 755; x_wconf 78' lang='grc' dir='ltr'>τῆς</span> <span class='ocrx_word' id='word_1_170' title='bbox 1427 719 1530 756; x_wconf 74' lang='grc' dir='ltr'>λύσσης</span> <span class='ocrx_word' id='word_1_171' title='bbox 1557 719 1658 756; x_wconf 79' lang='grc' dir='ltr'>ήρξατο</span> <span class='ocrx_word' id='word_1_172' title='bbox 1686 720 1736 756; x_wconf 82' lang='grc' dir='ltr'>μὲν</span> <span class='ocrx_word' id='word_1_173' title='bbox 1750 721 1874 756; x_wconf 76' lang='grc' dir='ltr'>Ἄρειος,</span> <span class='ocrx_word' id='word_1_174' title='bbox 1898 722 1913 748; x_wconf 84' lang='grc' dir='ltr'><strong>ό</strong></span> 
     </span>
    </p>
   </div>
   <div class='ocr_carea' id='block_1_24' title="bbox 278 766 1091 809">
    <p class='ocr_par' dir='ltr' id='par_1_24' title="bbox 278 768 1062 809">
     <span class='ocr_line' id='line_1_24' title="bbox 278 768 1062 809; baseline -0.006 -10"><span class='ocrx_word' id='word_1_175' title='bbox 278 779 375 799; x_wconf 89' lang='lat' dir='ltr'><strong>nomen</strong></span> <span class='ocrx_word' id='word_1_176' title='bbox 394 771 510 803; x_wconf 89' lang='lat' dir='ltr'><strong>habens,</strong></span> <span class='ocrx_word' id='word_1_177' title='bbox 521 770 630 809; x_wconf 78' lang='lat' dir='ltr'><strong>initium</strong></span> <span class='ocrx_word' id='word_1_178' title='bbox 647 769 738 803; x_wconf 86' lang='lat' dir='ltr'><strong>dedit;</strong></span> <span class='ocrx_word' id='word_1_179' title='bbox 755 769 799 803; x_wconf 90' lang='lat' dir='ltr'><strong>qui</strong></span> <span class='ocrx_word' id='word_1_180' title='bbox 819 769 902 796; x_wconf 86' lang='lat' dir='ltr'><strong>etiam</strong></span> <span class='ocrx_word' id='word_1_181' title='bbox 919 768 1062 803; x_wconf 88' lang='lat' dir='ltr'><strong>petulantis</strong></span> 
     </span>
    </p>
   </div>
   <div class='ocr_carea' id='block_1_25' title="bbox 1099 766 1912 809">
    <p class='ocr_par' dir='ltr' id='par_1_25' title="bbox 1116 766 1912 803">
     <span class='ocr_line' id='line_1_25' title="bbox 1116 766 1912 803; baseline 0 -9"><span class='ocrx_word' id='word_1_182' title='bbox 1116 768 1166 803; x_wconf 80' lang='grc' dir='ltr'>τῆς</span> <span class='ocrx_word' id='word_1_183' title='bbox 1185 767 1284 802; x_wconf 77' lang='grc' dir='ltr'>μανίας</span> <span class='ocrx_word' id='word_1_184' title='bbox 1309 766 1464 803; x_wconf 75' lang='grc' dir='ltr'>ἐπώνυμος,</span> <span class='ocrx_word' id='word_1_185' title='bbox 1479 767 1508 799; x_wconf 79' lang='grc' dir='ltr'>ὃς</span> <span class='ocrx_word' id='word_1_186' title='bbox 1528 767 1574 794; x_wconf 75' lang='grc' dir='ltr'>καὶ</span> <span class='ocrx_word' id='word_1_187' title='bbox 1596 767 1674 803; x_wconf 85' lang='grc' dir='ltr'>δίκην</span> <span class='ocrx_word' id='word_1_188' title='bbox 1691 767 1790 794; x_wconf 73' lang='grc' dir='ltr'>ἔδωκεν</span> <span class='ocrx_word' id='word_1_189' title='bbox 1811 767 1912 795; x_wconf 82' lang='grc' dir='ltr'>ἀκολά-</span> 
     </span>
    </p>
   </div>
   <div class='ocr_carea' id='block_1_26' title="bbox 275 812 1088 851">
    <p class='ocr_par' dir='ltr' id='par_1_26' title="bbox 275 814 1067 851">
     <span class='ocr_line' id='line_1_26' title="bbox 275 814 1067 851; baseline -0.005 -6"><span class='ocrx_word' id='word_1_190' title='bbox 275 823 303 845; x_wconf 92' lang='lat' dir='ltr'><strong>et</strong></span> <span class='ocrx_word' id='word_1_191' title='bbox 320 816 459 844; x_wconf 63' lang='lat' dir='ltr'><strong>cili-enata:</strong></span> <span class='ocrx_word' id='word_1_192' title='bbox 480 816 576 851; x_wconf 71' lang='lat' dir='ltr'><strong>lingllﬂ’</strong></span> <span class='ocrx_word' id='word_1_193' title='bbox 592 822 687 850; x_wconf 60' lang='lat' dir='ltr'><strong>poenas</strong></span> <span class='ocrx_word' id='word_1_194' title='bbox 702 814 840 849; x_wconf 81' lang='lat' dir='ltr'><strong>expendit,</strong></span> <span class='ocrx_word' id='word_1_195' title='bbox 855 814 881 841; x_wconf 92' lang='lat' dir='ltr'><strong>in</strong></span> <span class='ocrx_word' id='word_1_196' title='bbox 897 814 1022 842; x_wconf 70' lang='lat' dir='ltr'><strong>obscenis</strong></span> <span class='ocrx_word' id='word_1_197' title='bbox 1039 817 1067 841; x_wconf 86' lang='lat' dir='ltr'><strong>et</strong></span> 
     </span>
    </p>
   </div>
   <div class='ocr_carea' id='block_1_27' title="bbox 1098 812 1911 851">
    <p class='ocr_par' dir='ltr' id='par_1_27' title="bbox 1119 812 1911 849">
     <span class='ocr_line' id='line_1_27' title="bbox 1119 812 1911 849; baseline 0 -9"><span class='ocrx_word' id='word_1_198' title='bbox 1119 822 1183 841; x_wconf 86' lang='grc' dir='ltr'>στου</span> <span class='ocrx_word' id='word_1_199' title='bbox 1204 812 1343 848; x_wconf 77' lang='grc' dir='ltr'><strong>γλώσσης,</strong></span> <span class='ocrx_word' id='word_1_200' title='bbox 1364 813 1414 849; x_wconf 82' lang='grc' dir='ltr'>τὴν</span> <span class='ocrx_word' id='word_1_201' title='bbox 1435 813 1465 839; x_wconf 85' lang='grc' dir='ltr'>ὲν</span> <span class='ocrx_word' id='word_1_202' title='bbox 1487 812 1611 848; x_wconf 77' lang='grc' dir='ltr'>βεϐήλοις</span> <span class='ocrx_word' id='word_1_203' title='bbox 1634 813 1729 845; x_wconf 77' lang='grc' dir='ltr'>τόποις</span> <span class='ocrx_word' id='word_1_204' title='bbox 1752 813 1911 846; x_wconf 83' lang='grc' dir='ltr'><strong>κατάλυσιν,</strong></span> 
     </span>
    </p>
   </div>
   <div class='ocr_carea' id='block_1_28' title="bbox 277 859 1090 898">
    <p class='ocr_par' dir='ltr' id='par_1_28' title="bbox 277 860 1090 898">
     <span class='ocr_line' id='line_1_28' title="bbox 277 860 1090 898; baseline -0.006 -7"><span class='ocrx_word' id='word_1_205' title='bbox 277 863 389 898; x_wconf 88' lang='lat' dir='ltr'><strong>impuris</strong></span> <span class='ocrx_word' id='word_1_206' title='bbox 404 863 471 889; x_wconf 85' lang='lat' dir='ltr'><strong>locis</strong></span> <span class='ocrx_word' id='word_1_207' title='bbox 485 862 648 893; x_wconf 78' lang='lat' dir='ltr'><strong>exstinctus,</strong></span> <span class='ocrx_word' id='word_1_208' title='bbox 661 865 742 895; x_wconf 89' lang='lat' dir='ltr'><strong>atque</strong></span> <span class='ocrx_word' id='word_1_209' title='bbox 759 860 903 892; x_wconf 88' lang='lat' dir='ltr'><strong>orationis,</strong></span> <span class='ocrx_word' id='word_1_210' title='bbox 923 867 975 887; x_wconf 94' lang='lat' dir='ltr'><strong>non</strong></span> <span class='ocrx_word' id='word_1_211' title='bbox 994 867 1067 887; x_wconf 87' lang='lat' dir='ltr'><strong>mor-</strong></span> <span class='ocrx_word' id='word_1_212' title='bbox 1082 895 1090 898; x_wconf 96' lang='lat'>_</span> 
     </span>
    </p>
   </div>
   <div class='ocr_carea' id='block_1_29' title="bbox 1100 859 1913 898">
    <p class='ocr_par' dir='ltr' id='par_1_29' title="bbox 1118 859 1913 895">
     <span class='ocr_line' id='line_1_29' title="bbox 1118 859 1913 895; baseline 0 -9"><span class='ocrx_word' id='word_1_213' title='bbox 1118 860 1202 895; x_wconf 79' lang='grc' dir='ltr'>εὐχῆς</span> <span class='ocrx_word' id='word_1_214' title='bbox 1217 859 1296 895; x_wconf 72' lang='grc' dir='ltr'>ἔργον</span> <span class='ocrx_word' id='word_1_215' title='bbox 1309 859 1376 894; x_wconf 76' lang='lat'><strong>(85).</strong></span> <span class='ocrx_word' id='word_1_216' title='bbox 1387 859 1419 886; x_wconf 75' lang='grc' dir='ltr'><strong>οὐ</strong></span> <span class='ocrx_word' id='word_1_217' title='bbox 1434 859 1512 886; x_wconf 82' lang='grc' dir='ltr'>νόσου</span> <span class='ocrx_word' id='word_1_218' title='bbox 1527 859 1683 895; x_wconf 84' lang='grc' dir='ltr'>γενόμενος.</span> <span class='ocrx_word' id='word_1_219' title='bbox 1698 860 1745 887; x_wconf 83' lang='grc' dir='ltr'>καὶ</span> <span class='ocrx_word' id='word_1_220' title='bbox 1759 860 1808 895; x_wconf 79' lang='grc' dir='ltr'>τὴν</span> <span class='ocrx_word' id='word_1_221' title='bbox 1827 860 1913 886; x_wconf 80' lang='grc' dir='ltr'><strong>Ἰούδα</strong></span> 
     </span>
    </p>
   </div>
   <div class='ocr_carea' id='block_1_30' title="bbox 276 895 1089 943">
    <p class='ocr_par' dir='ltr' id='par_1_30' title="bbox 276 895 1089 943">
     <span class='ocr_line' id='line_1_30' title="bbox 276 895 1089 943; baseline -0.005 -7"><span class='ocrx_word' id='word_1_222' title='bbox 276 895 322 941; x_wconf 70' lang='grc' dir='ltr'><strong>Μ,⁷</strong></span> <span class='ocrx_word' id='word_1_223' title='bbox 332 909 434 936; x_wconf 84' lang='lat' dir='ltr'><strong>viribus</strong></span> <span class='ocrx_word' id='word_1_224' title='bbox 454 915 611 943; x_wconf 86' lang='lat' dir='ltr'><strong>oppressus,</strong></span> <span class='ocrx_word' id='word_1_225' title='bbox 623 915 656 934; x_wconf 89' lang='lat' dir='ltr'><strong>ac</strong></span> <span class='ocrx_word' id='word_1_226' title='bbox 668 907 744 935; x_wconf 62' lang='lat' dir='ltr'><strong>ludat</strong></span> <span class='ocrx_word' id='word_1_227' title='bbox 757 906 844 934; x_wconf 88' lang='lat' dir='ltr'><strong>instar</strong></span> <span class='ocrx_word' id='word_1_228' title='bbox 854 906 877 922; x_wconf 83' lang='lat'><strong><em>“</em></strong></span> <span class='ocrx_word' id='word_1_229' title='bbox 896 905 931 934; x_wconf 89' lang='lat' dir='ltr'><strong>ob</strong></span> <span class='ocrx_word' id='word_1_230' title='bbox 942 905 1065 933; x_wconf 85' lang='lat' dir='ltr'><strong>eamdem</strong></span> <span class='ocrx_word' id='word_1_231' title='bbox 1082 895 1089 923; x_wconf 81' lang='grc' dir='ltr'>Ῑ</span> 
     </span>
    </p>
   </div>
   <div class='ocr_carea' id='block_1_31' title="bbox 1101 895 1914 943">
    <p class='ocr_par' dir='ltr' id='par_1_31' title="bbox 1101 900 1914 942">
     <span class='ocr_line' id='line_1_31' title="bbox 1101 900 1914 942; baseline 0.001 -10"><span class='ocrx_word' id='word_1_232' title='bbox 1101 900 1103 920; x_wconf 53' lang='grc' dir='ltr'><strong><em>ἶ</em></strong></span> <span class='ocrx_word' id='word_1_233' title='bbox 1117 905 1195 942; x_wconf 78' lang='grc' dir='ltr'>ῥῆξιν</span> <span class='ocrx_word' id='word_1_234' title='bbox 1210 905 1340 937; x_wconf 76' lang='grc' dir='ltr'>ὑποστὰς,</span> <span class='ocrx_word' id='word_1_235' title='bbox 1363 904 1406 932; x_wconf 72' lang='grc' dir='ltr'><strong>ἐπ’</strong></span> <span class='ocrx_word' id='word_1_236' title='bbox 1427 905 1472 941; x_wconf 70' lang='grc' dir='ltr'><strong>ἴσῃ</strong></span> <span class='ocrx_word' id='word_1_237' title='bbox 1493 905 1624 941; x_wconf 80' lang='grc' dir='ltr'>προδοσίᾳ</span> <span class='ocrx_word' id='word_1_238' title='bbox 1644 905 1691 932; x_wconf 83' lang='grc' dir='ltr'>τοῦ</span> <span class='ocrx_word' id='word_1_239' title='bbox 1707 905 1804 940; x_wconf 80' lang='grc' dir='ltr'>Λόγον.</span> <span class='ocrx_word' id='word_1_240' title='bbox 1821 906 1914 933; x_wconf 84' lang='grc' dir='ltr'>Διαδε-</span> 
     </span>
    </p>
   </div>
   <div class='ocr_carea' id='block_1_32' title="bbox 276 951 1089 990">
    <p class='ocr_par' dir='ltr' id='par_1_32' title="bbox 276 952 1067 990">
     <span class='ocr_line' id='line_1_32' title="bbox 276 952 1067 990; baseline -0.005 -7"><span class='ocrx_word' id='word_1_241' title='bbox 276 956 359 983; x_wconf 79' lang='lat' dir='ltr'><strong>Verbi</strong></span> <span class='ocrx_word' id='word_1_242' title='bbox 374 955 555 990; x_wconf 88' lang='lat' dir='ltr'><strong>proditionem</strong></span> <span class='ocrx_word' id='word_1_243' title='bbox 570 954 721 988; x_wconf 87' lang='lat' dir='ltr'><strong>disruptus.</strong></span> <span class='ocrx_word' id='word_1_244' title='bbox 738 953 835 981; x_wconf 84' lang='lat' dir='ltr'><strong>Verum</strong></span> <span class='ocrx_word' id='word_1_245' title='bbox 849 952 894 980; x_wconf 90' lang='lat' dir='ltr'><strong>alii</strong></span> <span class='ocrx_word' id='word_1_246' title='bbox 906 952 978 980; x_wconf 90' lang='lat' dir='ltr'><strong>hunc</strong></span> <span class='ocrx_word' id='word_1_247' title='bbox 992 959 1067 980; x_wconf 54' lang='lat' dir='ltr'><strong>mor.</strong></span> 
     </span>
    </p>
   </div>
   <div class='ocr_carea' id='block_1_33' title="bbox 1100 951 1913 990">
    <p class='ocr_par' dir='ltr' id='par_1_33' title="bbox 1117 951 1913 988">
     <span class='ocr_line' id='line_1_33' title="bbox 1117 951 1913 988; baseline 0.001 -10"><span class='ocrx_word' id='word_1_248' title='bbox 1117 952 1228 987; x_wconf 78' lang='grc' dir='ltr'>ξάμενοι</span> <span class='ocrx_word' id='word_1_249' title='bbox 1244 952 1273 978; x_wconf 75' lang='grc' dir='ltr'><strong>δὲ</strong></span> <span class='ocrx_word' id='word_1_250' title='bbox 1297 951 1372 979; x_wconf 77' lang='grc' dir='ltr'>ἄλλοι</span> <span class='ocrx_word' id='word_1_251' title='bbox 1395 951 1444 987; x_wconf 84' lang='grc' dir='ltr'>τὴν</span> <span class='ocrx_word' id='word_1_252' title='bbox 1467 951 1556 982; x_wconf 82' lang='grc' dir='ltr'>νόσον,</span> <span class='ocrx_word' id='word_1_253' title='bbox 1583 951 1681 988; x_wconf 77' lang='grc' dir='ltr'>τέχνην</span> <span class='ocrx_word' id='word_1_254' title='bbox 1706 952 1832 984; x_wconf 75' lang='grc' dir='ltr'>ἀσεϐείας</span> <span class='ocrx_word' id='word_1_255' title='bbox 1852 953 1913 988; x_wconf 64' lang='lat' dir='ltr'><strong>ian-</strong></span> 
     </span>
    </p>
   </div>
   <div class='ocr_carea' id='block_1_34' title="bbox 275 996 1088 1036">
    <p class='ocr_par' dir='ltr' id='par_1_34' title="bbox 275 998 1066 1036">
     <span class='ocr_line' id='line_1_34' title="bbox 275 998 1066 1036; baseline -0.006 -6"><span class='ocrx_word' id='word_1_256' title='bbox 275 1003 341 1030; x_wconf 88' lang='lat' dir='ltr'><strong>bum</strong></span> <span class='ocrx_word' id='word_1_257' title='bbox 366 1001 550 1036; x_wconf 80' lang='lat' dir='ltr'><strong>excipientes,</strong></span> <span class='ocrx_word' id='word_1_258' title='bbox 575 1000 724 1035; x_wconf 86' lang='lat' dir='ltr'><strong>impietatis</strong></span> <span class='ocrx_word' id='word_1_259' title='bbox 752 1004 838 1027; x_wconf 88' lang='lat' dir='ltr'><strong>artem</strong></span> <span class='ocrx_word' id='word_1_260' title='bbox 869 998 1066 1032; x_wconf 87' lang='lat' dir='ltr'><strong>condiderunt,</strong></span> 
     </span>
    </p>
   </div>
   <div class='ocr_carea' id='block_1_35' title="bbox 1100 996 1913 1036">
    <p class='ocr_par' dir='ltr' id='par_1_35' title="bbox 1119 996 1913 1033">
     <span class='ocr_line' id='line_1_35' title="bbox 1119 996 1913 1033; baseline 0.001 -10"><span class='ocrx_word' id='word_1_261' title='bbox 1119 996 1306 1033; x_wconf 78' lang='grc' dir='ltr'>μιοῦργησαν’</span> <span class='ocrx_word' id='word_1_262' title='bbox 1325 997 1362 1029; x_wconf 85' lang='grc' dir='ltr'>οἳ,</span> <span class='ocrx_word' id='word_1_263' title='bbox 1388 996 1426 1032; x_wconf 85' lang='grc' dir='ltr'>τῷ</span> <span class='ocrx_word' id='word_1_264' title='bbox 1449 997 1590 1032; x_wconf 87' lang='grc' dir='ltr'>ἀγεννήτῳ</span> <span class='ocrx_word' id='word_1_265' title='bbox 1611 997 1660 1032; x_wconf 85' lang='grc' dir='ltr'>τὴν</span> <span class='ocrx_word' id='word_1_266' title='bbox 1692 997 1806 1032; x_wconf 86' lang='grc' dir='ltr'>θεότητα</span> <span class='ocrx_word' id='word_1_267' title='bbox 1836 1005 1913 1033; x_wconf 81' lang='grc' dir='ltr'>περι-</span> 
     </span>
    </p>
   </div>
   <div class='ocr_carea' id='block_1_36' title="bbox 276 1042 1089 1082">
    <p class='ocr_par' dir='ltr' id='par_1_36' title="bbox 276 1045 1066 1082">
     <span class='ocr_line' id='line_1_36' title="bbox 276 1045 1066 1082; baseline -0.006 -5"><span class='ocrx_word' id='word_1_268' title='bbox 276 1049 404 1077; x_wconf 86' lang='lat' dir='ltr'><strong>nimirum</strong></span> <span class='ocrx_word' id='word_1_269' title='bbox 416 1047 461 1082; x_wconf 88' lang='lat' dir='ltr'><strong>qui</strong></span> <span class='ocrx_word' id='word_1_270' title='bbox 479 1046 649 1074; x_wconf 68' lang='lat' dir='ltr'><strong>divinitatem</strong></span> <span class='ocrx_word' id='word_1_271' title='bbox 667 1045 789 1081; x_wconf 80' lang='lat' dir='ltr'><strong>lngenito</strong></span> <span class='ocrx_word' id='word_1_272' title='bbox 800 1045 1066 1076; x_wconf 85' lang='lat' dir='ltr'><strong>circumscribentes.</strong></span> 
     </span>
    </p>
   </div>
   <div class='ocr_carea' id='block_1_37' title="bbox 1101 1042 1914 1082">
    <p class='ocr_par' dir='ltr' id='par_1_37' title="bbox 1116 1042 1914 1079">
     <span class='ocr_line' id='line_1_37' title="bbox 1116 1042 1914 1079; baseline 0 -9"><span class='ocrx_word' id='word_1_273' title='bbox 1116 1043 1288 1079; x_wconf 74' lang='grc' dir='ltr'>γράψαντες,</span> <span class='ocrx_word' id='word_1_274' title='bbox 1308 1043 1339 1070; x_wconf 78' lang='grc' dir='ltr'>τὸ</span> <span class='ocrx_word' id='word_1_275' title='bbox 1358 1043 1498 1078; x_wconf 81' lang='grc' dir='ltr'>γεννητὸν,</span> <span class='ocrx_word' id='word_1_276' title='bbox 1519 1044 1550 1070; x_wconf 74' lang='grc' dir='ltr'>οὗ</span> <span class='ocrx_word' id='word_1_277' title='bbox 1568 1042 1649 1078; x_wconf 83' lang='grc' dir='ltr'>μόνον</span> <span class='ocrx_word' id='word_1_278' title='bbox 1672 1043 1711 1075; x_wconf 79' lang='grc' dir='ltr'><strong>δὲ,</strong></span> <span class='ocrx_word' id='word_1_279' title='bbox 1733 1043 1801 1070; x_wconf 82' lang='grc' dir='ltr'>ἀλλὰ</span> <span class='ocrx_word' id='word_1_280' title='bbox 1823 1043 1914 1070; x_wconf 77' lang='grc' dir='ltr'>καὶτὸ</span> 
     </span>
    </p>
   </div>
   <div class='ocr_carea' id='block_1_38' title="bbox 277 1089 1090 1127">
    <p class='ocr_par' dir='ltr' id='par_1_38' title="bbox 277 1090 1068 1127">
     <span class='ocr_line' id='line_1_38' title="bbox 277 1090 1068 1127; baseline -0.006 -5"><span class='ocrx_word' id='word_1_281' title='bbox 277 1102 332 1122; x_wconf 89' lang='lat' dir='ltr'><strong>non</strong></span> <span class='ocrx_word' id='word_1_282' title='bbox 348 1093 428 1120; x_wconf 86' lang='lat' dir='ltr'><strong>modo</strong></span> <span class='ocrx_word' id='word_1_283' title='bbox 440 1092 572 1127; x_wconf 84' lang='lat' dir='ltr'><strong>genitum,</strong></span> <span class='ocrx_word' id='word_1_284' title='bbox 591 1091 637 1118; x_wconf 86' lang='lat' dir='ltr'><strong>sed</strong></span> <span class='ocrx_word' id='word_1_285' title='bbox 650 1092 733 1118; x_wconf 86' lang='lat' dir='ltr'><strong>etiam</strong></span> <span class='ocrx_word' id='word_1_286' title='bbox 756 1091 958 1125; x_wconf 88' lang='lat' dir='ltr'><strong>procedentem,</strong></span> <span class='ocrx_word' id='word_1_287' title='bbox 971 1090 1068 1117; x_wconf 64' lang='lat' dir='ltr'><strong>divinae</strong></span> 
     </span>
    </p>
   </div>
   <div class='ocr_carea' id='block_1_39' title="bbox 1100 1089 1913 1127">
    <p class='ocr_par' dir='ltr' id='par_1_39' title="bbox 1117 1089 1913 1126">
     <span class='ocr_line' id='line_1_39' title="bbox 1117 1089 1913 1126; baseline -0.001 -9"><span class='ocrx_word' id='word_1_288' title='bbox 1117 1089 1283 1126; x_wconf 79' lang='grc' dir='ltr'>ὲκπορευτὸν</span> <span class='ocrx_word' id='word_1_289' title='bbox 1305 1089 1440 1125; x_wconf 84' lang='grc' dir='ltr'>ὲξὼρισαν</span> <span class='ocrx_word' id='word_1_290' title='bbox 1462 1089 1511 1124; x_wconf 80' lang='grc' dir='ltr'>τῆς</span> <span class='ocrx_word' id='word_1_291' title='bbox 1535 1089 1674 1124; x_wconf 78' lang='grc' dir='ltr'><strong>θεότητος,</strong></span> <span class='ocrx_word' id='word_1_292' title='bbox 1700 1089 1830 1126; x_wconf 73' lang='grc' dir='ltr'>ῠνόματος</span> <span class='ocrx_word' id='word_1_293' title='bbox 1855 1098 1913 1116; x_wconf 84' lang='grc' dir='ltr'>κοι-</span> 
     </span>
    </p>
   </div>
   <div class='ocr_carea' id='block_1_40' title="bbox 277 1134 1090 1172">
    <p class='ocr_par' dir='ltr' id='par_1_40' title="bbox 277 1135 1068 1169">
     <span class='ocr_line' id='line_1_40' title="bbox 277 1135 1068 1169; baseline -0.005 -2"><span class='ocrx_word' id='word_1_294' title='bbox 277 1146 382 1168; x_wconf 73' lang='lat' dir='ltr'><strong>natura:</strong></span> <span class='ocrx_word' id='word_1_295' title='bbox 401 1138 500 1165; x_wconf 83' lang='lat' dir='ltr'><strong>ﬁnibus</strong></span> <span class='ocrx_word' id='word_1_296' title='bbox 517 1137 707 1169; x_wconf 82' lang='lat' dir='ltr'><strong>exturbarunt,</strong></span> <span class='ocrx_word' id='word_1_297' title='bbox 729 1136 847 1164; x_wconf 85' lang='lat' dir='ltr'><strong>nominis</strong></span> <span class='ocrx_word' id='word_1_298' title='bbox 863 1141 967 1163; x_wconf 88' lang='lat' dir='ltr'><strong>tantum</strong></span> <span class='ocrx_word' id='word_1_299' title='bbox 980 1135 1068 1163; x_wconf 87' lang='lat' dir='ltr'><strong>socie-</strong></span> 
     </span>
    </p>
   </div>
   <div class='ocr_carea' id='block_1_41' title="bbox 1100 1134 1913 1172">
    <p class='ocr_par' dir='ltr' id='par_1_41' title="bbox 1117 1134 1913 1172">
     <span class='ocr_line' id='line_1_41' title="bbox 1117 1134 1913 1172; baseline 0 -10"><span class='ocrx_word' id='word_1_300' title='bbox 1117 1135 1201 1172; x_wconf 77' lang='grc' dir='ltr'>νωνίᾳ</span> <span class='ocrx_word' id='word_1_301' title='bbox 1225 1135 1305 1171; x_wconf 84' lang='grc' dir='ltr'>μόνον</span> <span class='ocrx_word' id='word_1_302' title='bbox 1321 1135 1371 1170; x_wconf 80' lang='grc' dir='ltr'>τὴν</span> <span class='ocrx_word' id='word_1_303' title='bbox 1388 1135 1492 1171; x_wconf 84' lang='grc' dir='ltr'>Τριάδα</span> <span class='ocrx_word' id='word_1_304' title='bbox 1515 1135 1691 1170; x_wconf 70' lang='grc' dir='ltr'>τιμήσαντες,</span> <span class='ocrx_word' id='word_1_305' title='bbox 1704 1136 1721 1171; x_wconf 77' lang='grc' dir='ltr'>ἢ</span> <span class='ocrx_word' id='word_1_306' title='bbox 1740 1135 1808 1171; x_wconf 81' lang='grc' dir='ltr'>μηδὲ</span> <span class='ocrx_word' id='word_1_307' title='bbox 1834 1134 1913 1162; x_wconf 78' lang='grc' dir='ltr'>τοῦτο</span> 
     </span>
    </p>
   </div>
   <div class='ocr_carea' id='block_1_42' title="bbox 279 1181 1092 1217">
    <p class='ocr_par' dir='ltr' id='par_1_42' title="bbox 279 1182 1066 1217">
     <span class='ocr_line' id='line_1_42' title="bbox 279 1182 1066 1217; baseline -0.006 -3"><span class='ocrx_word' id='word_1_308' title='bbox 279 1191 337 1214; x_wconf 89' lang='lat' dir='ltr'><strong>tate</strong></span> <span class='ocrx_word' id='word_1_309' title='bbox 360 1185 522 1213; x_wconf 84' lang='lat' dir='ltr'><strong>Trinitatem</strong></span> <span class='ocrx_word' id='word_1_310' title='bbox 544 1184 729 1216; x_wconf 73' lang='lat' dir='ltr'><strong>honorantes,</strong></span> <span class='ocrx_word' id='word_1_311' title='bbox 755 1182 810 1210; x_wconf 89' lang='lat' dir='ltr'><strong>imo</strong></span> <span class='ocrx_word' id='word_1_312' title='bbox 834 1190 868 1210; x_wconf 91' lang='lat' dir='ltr'><strong>ne</strong></span> <span class='ocrx_word' id='word_1_313' title='bbox 888 1183 940 1210; x_wconf 89' lang='lat' dir='ltr'><strong>hoc</strong></span> <span class='ocrx_word' id='word_1_314' title='bbox 957 1182 1066 1217; x_wconf 89' lang='lat' dir='ltr'><strong>quidem</strong></span> 
     </span>
    </p>
   </div>
   <div class='ocr_carea' id='block_1_43' title="bbox 1100 1181 1913 1217">
    <p class='ocr_par' dir='ltr' id='par_1_43' title="bbox 1117 1181 1913 1217">
     <span class='ocr_line' id='line_1_43' title="bbox 1117 1181 1913 1217; baseline 0 -9"><span class='ocrx_word' id='word_1_315' title='bbox 1117 1182 1186 1217; x_wconf 82' lang='grc' dir='ltr'><strong>αὺτῇ</strong></span> <span class='ocrx_word' id='word_1_316' title='bbox 1200 1182 1380 1217; x_wconf 82' lang='grc' dir='ltr'>τηρήσαντες.</span> <span class='ocrx_word' id='word_1_317' title='bbox 1400 1181 1469 1208; x_wconf 75' lang='grc' dir='ltr'>Ἀλλ’</span> <span class='ocrx_word' id='word_1_318' title='bbox 1488 1181 1537 1216; x_wconf 70' lang='grc' dir='ltr'><strong>οὐκ</strong></span> <span class='ocrx_word' id='word_1_319' title='bbox 1548 1182 1562 1208; x_wconf 88' lang='grc' dir='ltr'>ὁ</span> <span class='ocrx_word' id='word_1_320' title='bbox 1581 1181 1716 1217; x_wconf 78' lang='grc' dir='ltr'>μακάριος</span> <span class='ocrx_word' id='word_1_321' title='bbox 1734 1182 1850 1214; x_wconf 74' lang='grc' dir='ltr'>ἐκεῖνος,</span> <span class='ocrx_word' id='word_1_322' title='bbox 1865 1182 1913 1208; x_wconf 66' lang='grc' dir='ltr'><strong>καὶ¹</strong></span> 
     </span>
    </p>
   </div>
   <div class='ocr_carea' id='block_1_44' title="bbox 281 1227 1094 1268">
    <p class='ocr_par' dir='ltr' id='par_1_44' title="bbox 281 1228 1069 1268">
     <span class='ocr_line' id='line_1_44' title="bbox 281 1228 1069 1268; baseline -0.005 -9"><span class='ocrx_word' id='word_1_323' title='bbox 281 1232 332 1268; x_wconf 83' lang='lat' dir='ltr'><strong>ipsi</strong></span> <span class='ocrx_word' id='word_1_324' title='bbox 351 1231 485 1266; x_wconf 87' lang='lat' dir='ltr'><strong>integrum</strong></span> <span class='ocrx_word' id='word_1_325' title='bbox 507 1233 714 1258; x_wconf 78' lang='lat' dir='ltr'><strong>conservantes.</strong></span> <span class='ocrx_word' id='word_1_326' title='bbox 735 1229 770 1256; x_wconf 90' lang='lat' dir='ltr'><strong>At</strong></span> <span class='ocrx_word' id='word_1_327' title='bbox 798 1236 852 1257; x_wconf 90' lang='lat' dir='ltr'><strong>non</strong></span> <span class='ocrx_word' id='word_1_328' title='bbox 870 1229 965 1256; x_wconf 88' lang='lat' dir='ltr'><strong>eodem</strong></span> <span class='ocrx_word' id='word_1_329' title='bbox 989 1228 1069 1255; x_wconf 92' lang='lat' dir='ltr'><strong>modo</strong></span> 
     </span>
    </p>
   </div>
   <div class='ocr_carea' id='block_1_45' title="bbox 1101 1227 1914 1268">
    <p class='ocr_par' dir='ltr' id='par_1_45' title="bbox 1117 1227 1914 1265">
     <span class='ocr_line' id='line_1_45' title="bbox 1117 1227 1914 1265; baseline 0.001 -11"><span class='ocrx_word' id='word_1_330' title='bbox 1117 1229 1201 1260; x_wconf 78' lang='grc' dir='ltr'>ὅντως</span> <span class='ocrx_word' id='word_1_331' title='bbox 1219 1228 1362 1265; x_wconf 76' lang='grc' dir='ltr'>ἄνθρωπος</span> <span class='ocrx_word' id='word_1_332' title='bbox 1379 1227 1426 1255; x_wconf 76' lang='grc' dir='ltr'>τοῦ</span> <span class='ocrx_word' id='word_1_333' title='bbox 1442 1227 1521 1259; x_wconf 81' lang='grc' dir='ltr'>Θεοῦ,</span> <span class='ocrx_word' id='word_1_334' title='bbox 1537 1228 1584 1255; x_wconf 77' lang='grc' dir='ltr'>καὶ</span> <span class='ocrx_word' id='word_1_335' title='bbox 1604 1228 1710 1263; x_wconf 83' lang='grc' dir='ltr'><strong>μεγάλη</strong></span> <span class='ocrx_word' id='word_1_336' title='bbox 1731 1228 1849 1263; x_wconf 76' lang='grc' dir='ltr'><strong>σάλπιγξ</strong></span> <span class='ocrx_word' id='word_1_337' title='bbox 1863 1229 1914 1264; x_wconf 80' lang='grc' dir='ltr'>τῆς</span> 
     </span>
    </p>
   </div>
   <div class='ocr_carea' id='block_1_46' title="bbox 277 1273 1090 1310">
    <p class='ocr_par' dir='ltr' id='par_1_46' title="bbox 277 1274 1069 1310">
     <span class='ocr_line' id='line_1_46' title="bbox 277 1274 1069 1310; baseline -0.005 -5"><span class='ocrx_word' id='word_1_338' title='bbox 277 1278 375 1306; x_wconf 84' lang='lat' dir='ltr'><strong>beatus</strong></span> <span class='ocrx_word' id='word_1_339' title='bbox 396 1277 452 1309; x_wconf 87' lang='lat' dir='ltr'><strong>ille,</strong></span> <span class='ocrx_word' id='word_1_340' title='bbox 469 1280 494 1303; x_wconf 89' lang='lat' dir='ltr'><strong>et</strong></span> <span class='ocrx_word' id='word_1_341' title='bbox 518 1283 584 1303; x_wconf 88' lang='lat' dir='ltr'><strong>vere</strong></span> <span class='ocrx_word' id='word_1_342' title='bbox 598 1276 680 1302; x_wconf 88' lang='lat' dir='ltr'><strong>homo</strong></span> <span class='ocrx_word' id='word_1_343' title='bbox 703 1275 761 1307; x_wconf 81' lang='lat' dir='ltr'><strong>Dei,</strong></span> <span class='ocrx_word' id='word_1_344' title='bbox 780 1281 812 1301; x_wconf 83' lang='lat' dir='ltr'><strong>ac</strong></span> <span class='ocrx_word' id='word_1_345' title='bbox 829 1282 926 1310; x_wconf 82' lang='lat' dir='ltr'><strong>magna</strong></span> <span class='ocrx_word' id='word_1_346' title='bbox 945 1274 1069 1301; x_wconf 85' lang='lat' dir='ltr'><strong>veritatis</strong></span> 
     </span>
    </p>
   </div>
   <div class='ocr_carea' id='block_1_47' title="bbox 1101 1273 1914 1310">
    <p class='ocr_par' dir='ltr' id='par_1_47' title="bbox 1117 1273 1914 1310">
     <span class='ocr_line' id='line_1_47' title="bbox 1117 1273 1914 1310; baseline -0.001 -9"><span class='ocrx_word' id='word_1_347' title='bbox 1117 1274 1256 1309; x_wconf 82' lang='grc' dir='ltr'>ἀληθείας.</span> <span class='ocrx_word' id='word_1_348' title='bbox 1277 1273 1347 1300; x_wconf 78' lang='grc' dir='ltr'>Ἀλλ’</span> <span class='ocrx_word' id='word_1_349' title='bbox 1366 1273 1461 1306; x_wconf 70' lang='grc' dir='ltr'>εἰδὼς,</span> <span class='ocrx_word' id='word_1_350' title='bbox 1486 1273 1518 1300; x_wconf 72' lang='grc' dir='ltr'>τὸ</span> <span class='ocrx_word' id='word_1_351' title='bbox 1534 1273 1584 1308; x_wconf 81' lang='grc' dir='ltr'>μὲν</span> <span class='ocrx_word' id='word_1_352' title='bbox 1606 1275 1646 1305; x_wconf 84' lang='grc' dir='ltr'><strong>είς</strong></span> <span class='ocrx_word' id='word_1_353' title='bbox 1672 1273 1788 1310; x_wconf 81' lang='grc' dir='ltr'>ἀριθμὸν</span> <span class='ocrx_word' id='word_1_354' title='bbox 1810 1274 1859 1300; x_wconf 79' lang='grc' dir='ltr'>’ἐνα</span> <span class='ocrx_word' id='word_1_355' title='bbox 1881 1274 1914 1300; x_wconf 77' lang='grc' dir='ltr'><strong>τὰ</strong></span> 
     </span>
    </p>
   </div>
   <div class='ocr_carea' id='block_1_48' title="bbox 279 1318 1092 1358">
    <p class='ocr_par' dir='ltr' id='par_1_48' title="bbox 279 1321 1068 1358">
     <span class='ocr_line' id='line_1_48' title="bbox 279 1321 1068 1358; baseline -0.005 -7"><span class='ocrx_word' id='word_1_356' title='bbox 279 1325 355 1352; x_wconf 89' lang='lat' dir='ltr'><strong>tuba.</strong></span> <span class='ocrx_word' id='word_1_357' title='bbox 379 1323 449 1357; x_wconf 85' lang='lat' dir='ltr'><strong>Quin</strong></span> <span class='ocrx_word' id='word_1_358' title='bbox 476 1322 576 1358; x_wconf 81' lang='lat' dir='ltr'><strong>potius,</strong></span> <span class='ocrx_word' id='word_1_359' title='bbox 591 1329 652 1349; x_wconf 89' lang='lat' dir='ltr'><strong>cum</strong></span> <span class='ocrx_word' id='word_1_360' title='bbox 676 1322 742 1349; x_wconf 88' lang='lat' dir='ltr'><strong>illud</strong></span> <span class='ocrx_word' id='word_1_361' title='bbox 756 1325 927 1357; x_wconf 85' lang='lat' dir='ltr'><strong>perspectum</strong></span> <span class='ocrx_word' id='word_1_362' title='bbox 944 1321 1068 1352; x_wconf 88' lang='lat' dir='ltr'><strong>haberet,</strong></span> 
     </span>
    </p>
   </div>
   <div class='ocr_carea' id='block_1_49' title="bbox 1100 1318 1913 1358">
    <p class='ocr_par' dir='ltr' id='par_1_49' title="bbox 1117 1318 1913 1356">
     <span class='ocr_line' id='line_1_49' title="bbox 1117 1318 1913 1356; baseline -0.001 -10"><span class='ocrx_word' id='word_1_363' title='bbox 1117 1320 1182 1356; x_wconf 80' lang='grc' dir='ltr'>τρία</span> <span class='ocrx_word' id='word_1_364' title='bbox 1205 1319 1369 1351; x_wconf 83' lang='grc' dir='ltr'>συστέλλειν,</span> <span class='ocrx_word' id='word_1_365' title='bbox 1391 1318 1537 1353; x_wconf 81' lang='grc' dir='ltr'>ἀθεότητος</span> <span class='ocrx_word' id='word_1_366' title='bbox 1554 1318 1594 1350; x_wconf 84' lang='grc' dir='ltr'><strong>ὂν,</strong></span> <span class='ocrx_word' id='word_1_367' title='bbox 1621 1319 1668 1345; x_wconf 71' lang='grc' dir='ltr'>καὶ</span> <span class='ocrx_word' id='word_1_368' title='bbox 1695 1319 1745 1354; x_wconf 87' lang='grc' dir='ltr'>τῆς</span> <span class='ocrx_word' id='word_1_369' title='bbox 1767 1319 1913 1346; x_wconf 77' lang='grc' dir='ltr'>Σαῦελλίου</span> 
     </span>
    </p>
   </div>
   <div class='ocr_carea' id='block_1_50' title="bbox 277 1365 1090 1402">
    <p class='ocr_par' dir='ltr' id='par_1_50' title="bbox 277 1366 1067 1401">
     <span class='ocr_line' id='line_1_50' title="bbox 277 1366 1067 1401; baseline -0.008 -3"><span class='ocrx_word' id='word_1_370' title='bbox 277 1375 305 1398; x_wconf 89' lang='lat' dir='ltr'><strong>et</strong></span> <span class='ocrx_word' id='word_1_371' title='bbox 322 1371 373 1397; x_wconf 85' lang='lat' dir='ltr'><strong>tria</strong></span> <span class='ocrx_word' id='word_1_372' title='bbox 393 1369 450 1397; x_wconf 69' lang='lat' dir='ltr'><strong>haec</strong></span> <span class='ocrx_word' id='word_1_373' title='bbox 470 1369 496 1396; x_wconf 93' lang='lat' dir='ltr'><strong>in</strong></span> <span class='ocrx_word' id='word_1_374' title='bbox 523 1375 663 1396; x_wconf 90' lang='lat' dir='ltr'><strong>numerum</strong></span> <span class='ocrx_word' id='word_1_375' title='bbox 689 1375 771 1395; x_wconf 88' lang='lat' dir='ltr'><strong>unum</strong></span> <span class='ocrx_word' id='word_1_376' title='bbox 792 1367 971 1399; x_wconf 87' lang='lat' dir='ltr'><strong>contrahere,</strong></span> <span class='ocrx_word' id='word_1_377' title='bbox 993 1366 1067 1401; x_wconf 86' lang='lat' dir='ltr'><strong>impii</strong></span> 
     </span>
    </p>
   </div>
   <div class='ocr_carea' id='block_1_51' title="bbox 1100 1365 1913 1402">
    <p class='ocr_par' dir='ltr' id='par_1_51' title="bbox 1118 1365 1913 1402">
     <span class='ocr_line' id='line_1_51' title="bbox 1118 1365 1913 1402; baseline -0.001 -9"><span class='ocrx_word' id='word_1_378' title='bbox 1118 1366 1294 1402; x_wconf 81' lang='grc' dir='ltr'>καινοτομίας</span> <span class='ocrx_word' id='word_1_379' title='bbox 1322 1365 1410 1402; x_wconf 88' lang='lat'><strong>(86),</strong></span> <span class='ocrx_word' id='word_1_380' title='bbox 1435 1365 1465 1397; x_wconf 76' lang='grc' dir='ltr'>ὃς</span> <span class='ocrx_word' id='word_1_381' title='bbox 1493 1365 1602 1401; x_wconf 81' lang='grc' dir='ltr'>πρῶτος</span> <span class='ocrx_word' id='word_1_382' title='bbox 1629 1365 1756 1401; x_wconf 78' lang='grc' dir='ltr'>θεότητος</span> <span class='ocrx_word' id='word_1_383' title='bbox 1782 1365 1913 1402; x_wconf 76' lang='grc' dir='ltr'>συστολὴν</span> 
     </span>
    </p>
   </div>
   <div class='ocr_carea' id='block_1_52' title="bbox 279 1411 1092 1450">
    <p class='ocr_par' dir='ltr' id='par_1_52' title="bbox 279 1413 1069 1450">
     <span class='ocr_line' id='line_1_52' title="bbox 279 1413 1069 1450; baseline -0.006 -6"><span class='ocrx_word' id='word_1_384' title='bbox 279 1416 384 1444; x_wconf 87' lang='lat' dir='ltr'><strong>erroris</strong></span> <span class='ocrx_word' id='word_1_385' title='bbox 397 1423 468 1447; x_wconf 86' lang='lat' dir='ltr'><strong>esse,</strong></span> <span class='ocrx_word' id='word_1_386' title='bbox 487 1415 603 1449; x_wconf 86' lang='lat' dir='ltr'><strong>novique</strong></span> <span class='ocrx_word' id='word_1_387' title='bbox 616 1415 751 1450; x_wconf 74' lang='lat' dir='ltr'><strong>dogmatis</strong></span> <span class='ocrx_word' id='word_1_388' title='bbox 766 1413 889 1446; x_wconf 83' lang='lat' dir='ltr'><strong>Sabellii,</strong></span> <span class='ocrx_word' id='word_1_389' title='bbox 905 1413 951 1448; x_wconf 90' lang='lat' dir='ltr'><strong>qui</strong></span> <span class='ocrx_word' id='word_1_390' title='bbox 966 1413 1069 1448; x_wconf 89' lang='lat' dir='ltr'><strong>primus</strong></span> 
     </span>
    </p>
   </div>
   <div class='ocr_carea' id='block_1_53' title="bbox 1101 1411 1914 1450">
    <p class='ocr_par' dir='ltr' id='par_1_53' title="bbox 1119 1411 1914 1448">
     <span class='ocr_line' id='line_1_53' title="bbox 1119 1411 1914 1448; baseline -0.001 -9"><span class='ocrx_word' id='word_1_391' title='bbox 1119 1412 1268 1447; x_wconf 73' lang='grc' dir='ltr'>ἐπενόησε·</span> <span class='ocrx_word' id='word_1_392' title='bbox 1294 1411 1325 1438; x_wconf 76' lang='grc' dir='ltr'>τὸ</span> <span class='ocrx_word' id='word_1_393' title='bbox 1349 1411 1379 1438; x_wconf 78' lang='grc' dir='ltr'><strong>δὲ</strong></span> <span class='ocrx_word' id='word_1_394' title='bbox 1401 1411 1436 1438; x_wconf 78' lang='grc' dir='ltr'><strong>τὰ</strong></span> <span class='ocrx_word' id='word_1_395' title='bbox 1461 1411 1525 1448; x_wconf 80' lang='grc' dir='ltr'>τρία</span> <span class='ocrx_word' id='word_1_396' title='bbox 1547 1411 1662 1446; x_wconf 89' lang='grc' dir='ltr'>διαιρεῖν</span> <span class='ocrx_word' id='word_1_397' title='bbox 1692 1411 1808 1446; x_wconf 78' lang='grc' dir='ltr'>φύσεσι,</span> <span class='ocrx_word' id='word_1_398' title='bbox 1826 1420 1914 1438; x_wconf 86' lang='grc' dir='ltr'>κατα-</span> 
     </span>
    </p>
   </div>
   <div class='ocr_carea' id='block_1_54' title="bbox 282 1456 1095 1493">
    <p class='ocr_par' dir='ltr' id='par_1_54' title="bbox 282 1459 1070 1493">
     <span class='ocr_line' id='line_1_54' title="bbox 282 1459 1070 1493; baseline -0.005 -4"><span class='ocrx_word' id='word_1_399' title='bbox 282 1461 432 1489; x_wconf 88' lang='lat' dir='ltr'><strong>divinitatis</strong></span> <span class='ocrx_word' id='word_1_400' title='bbox 459 1460 675 1487; x_wconf 88' lang='lat' dir='ltr'><strong>contractionem</strong></span> <span class='ocrx_word' id='word_1_401' title='bbox 705 1459 895 1493; x_wconf 73' lang='lat' dir='ltr'><strong>excogitavit:</strong></span> <span class='ocrx_word' id='word_1_402' title='bbox 920 1463 947 1485; x_wconf 86' lang='lat' dir='ltr'><strong>et</strong></span> <span class='ocrx_word' id='word_1_403' title='bbox 975 1466 1070 1485; x_wconf 87' lang='lat' dir='ltr'><strong>rursus</strong></span> 
     </span>
    </p>
   </div>
   <div class='ocr_carea' id='block_1_55' title="bbox 1100 1456 1913 1493">
    <p class='ocr_par' dir='ltr' id='par_1_55' title="bbox 1117 1456 1913 1493">
     <span class='ocr_line' id='line_1_55' title="bbox 1117 1456 1913 1493; baseline -0.001 -9"><span class='ocrx_word' id='word_1_404' title='bbox 1117 1457 1205 1493; x_wconf 79' lang='grc' dir='ltr'>τομὴν</span> <span class='ocrx_word' id='word_1_405' title='bbox 1227 1457 1355 1493; x_wconf 79' lang='grc' dir='ltr'>θεότητος</span> <span class='ocrx_word' id='word_1_406' title='bbox 1370 1456 1486 1491; x_wconf 75' lang='grc' dir='ltr'>ἔκφυλον</span> <span class='ocrx_word' id='word_1_407' title='bbox 1496 1465 1502 1472; x_wconf 94' lang='grc'><strong>·</strong></span> <span class='ocrx_word' id='word_1_408' title='bbox 1521 1457 1568 1483; x_wconf 77' lang='grc' dir='ltr'>καὶ</span> <span class='ocrx_word' id='word_1_409' title='bbox 1583 1457 1614 1483; x_wconf 82' lang='grc' dir='ltr'><strong>τὸ</strong></span> <span class='ocrx_word' id='word_1_410' title='bbox 1631 1456 1660 1483; x_wconf 81' lang='grc' dir='ltr'>ἓν</span> <span class='ocrx_word' id='word_1_411' title='bbox 1675 1457 1765 1488; x_wconf 81' lang='grc' dir='ltr'>καλῶς</span> <span class='ocrx_word' id='word_1_412' title='bbox 1784 1458 1913 1493; x_wconf 72' lang='grc' dir='ltr'>ἐτήρησε,</span> 
     </span>
    </p>
   </div>
   <div class='ocr_carea' id='block_1_56' title="bbox 283 1502 1096 1542">
    <p class='ocr_par' dir='ltr' id='par_1_56' title="bbox 283 1503 1069 1542">
     <span class='ocr_line' id='line_1_56' title="bbox 283 1503 1069 1542; baseline -0.005 -8"><span class='ocrx_word' id='word_1_413' title='bbox 283 1507 347 1539; x_wconf 89' lang='lat' dir='ltr'><strong>tria,</strong></span> <span class='ocrx_word' id='word_1_414' title='bbox 363 1510 495 1542; x_wconf 91' lang='lat' dir='ltr'><strong>quantum</strong></span> <span class='ocrx_word' id='word_1_415' title='bbox 517 1505 550 1532; x_wconf 84' lang='lat' dir='ltr'><strong>ad</strong></span> <span class='ocrx_word' id='word_1_416' title='bbox 568 1510 706 1537; x_wconf 85' lang='lat' dir='ltr'><strong>naturam,</strong></span> <span class='ocrx_word' id='word_1_417' title='bbox 721 1504 885 1536; x_wconf 88' lang='lat' dir='ltr'><strong>distraltere,</strong></span> <span class='ocrx_word' id='word_1_418' title='bbox 908 1503 976 1531; x_wconf 91' lang='lat' dir='ltr'><strong>nihil</strong></span> <span class='ocrx_word' id='word_1_419' title='bbox 997 1504 1069 1531; x_wconf 90' lang='lat' dir='ltr'><strong>aliud</strong></span> 
     </span>
    </p>
   </div>
   <div class='ocr_carea' id='block_1_57' title="bbox 1101 1502 1914 1542">
    <p class='ocr_par' dir='ltr' id='par_1_57' title="bbox 1119 1502 1914 1539">
     <span class='ocr_line' id='line_1_57' title="bbox 1119 1502 1914 1539; baseline 0 -10"><span class='ocrx_word' id='word_1_420' title='bbox 1119 1503 1225 1538; x_wconf 83' lang='grc' dir='ltr'>θεότητι</span> <span class='ocrx_word' id='word_1_421' title='bbox 1239 1503 1309 1539; x_wconf 76' lang='grc' dir='ltr'>γάρ·</span> <span class='ocrx_word' id='word_1_422' title='bbox 1325 1503 1372 1530; x_wconf 82' lang='grc' dir='ltr'>καὶ</span> <span class='ocrx_word' id='word_1_423' title='bbox 1386 1502 1421 1529; x_wconf 83' lang='grc' dir='ltr'><strong>τὰ</strong></span> <span class='ocrx_word' id='word_1_424' title='bbox 1435 1502 1498 1538; x_wconf 85' lang='grc' dir='ltr'>τρία</span> <span class='ocrx_word' id='word_1_425' title='bbox 1520 1502 1641 1534; x_wconf 72' lang='grc' dir='ltr'>εὐσεϐῶς</span> <span class='ocrx_word' id='word_1_426' title='bbox 1658 1502 1786 1535; x_wconf 72' lang='grc' dir='ltr'>ἐδίδαξεν,</span> <span class='ocrx_word' id='word_1_427' title='bbox 1802 1503 1914 1538; x_wconf 77' lang='grc' dir='ltr'>ἰδιότησι</span> 
     </span>
    </p>
   </div>
   <div class='ocr_carea' id='block_1_58' title="bbox 278 1548 1091 1587">
    <p class='ocr_par' dir='ltr' id='par_1_58' title="bbox 278 1549 1091 1587">
     <span class='ocr_line' id='line_1_58' title="bbox 278 1549 1091 1587; baseline -0.004 -7"><span class='ocrx_word' id='word_1_428' title='bbox 278 1560 351 1584; x_wconf 81' lang='lat' dir='ltr'><strong>esse,</strong></span> <span class='ocrx_word' id='word_1_429' title='bbox 365 1559 445 1587; x_wconf 87' lang='lat' dir='ltr'><strong>quam</strong></span> <span class='ocrx_word' id='word_1_430' title='bbox 459 1556 644 1586; x_wconf 86' lang='lat' dir='ltr'><strong>portentosam</strong></span> <span class='ocrx_word' id='word_1_431' title='bbox 657 1549 807 1578; x_wconf 84' lang='lat' dir='ltr'><strong>divinitatis</strong></span> <span class='ocrx_word' id='word_1_432' title='bbox 823 1549 971 1577; x_wconf 87' lang='lat' dir='ltr'><strong>sectionem</strong></span> <span class='ocrx_word' id='word_1_433' title='bbox 985 1549 1070 1577; x_wconf 88' lang='lat' dir='ltr'><strong>intro-</strong></span> <span class='ocrx_word' id='word_1_434' title='bbox 1083 1576 1091 1587; x_wconf 45' lang='grc' dir='ltr'><strong><em>Α</em></strong></span> 
     </span>
    </p>
   </div>
   <div class='ocr_carea' id='block_1_59' title="bbox 1102 1548 1915 1587">
    <p class='ocr_par' dir='ltr' id='par_1_59' title="bbox 1102 1548 1915 1586">
     <span class='ocr_line' id='line_1_59' title="bbox 1102 1548 1915 1586; baseline 0 -11"><span class='ocrx_word' id='word_1_435' title='bbox 1102 1575 1104 1586; x_wconf 52' lang='grc' dir='ltr'><strong>Ι</strong></span> <span class='ocrx_word' id='word_1_436' title='bbox 1119 1550 1192 1585; x_wconf 85' lang='grc' dir='ltr'>γάρ·</span> <span class='ocrx_word' id='word_1_437' title='bbox 1213 1548 1275 1576; x_wconf 75' lang='grc' dir='ltr'>οὔτε</span> <span class='ocrx_word' id='word_1_438' title='bbox 1290 1549 1329 1584; x_wconf 86' lang='grc' dir='ltr'>τῷ</span> <span class='ocrx_word' id='word_1_439' title='bbox 1344 1549 1385 1576; x_wconf 73' lang='grc' dir='ltr'><strong>ὲν).</strong></span> <span class='ocrx_word' id='word_1_440' title='bbox 1402 1548 1532 1584; x_wconf 81' lang='grc' dir='ltr'>συγχέας,</span> <span class='ocrx_word' id='word_1_441' title='bbox 1552 1548 1615 1576; x_wconf 68' lang='grc' dir='ltr'>οὔτε</span> <span class='ocrx_word' id='word_1_442' title='bbox 1638 1550 1694 1581; x_wconf 85' lang='grc' dir='ltr'>τοῖς</span> <span class='ocrx_word' id='word_1_443' title='bbox 1712 1550 1786 1585; x_wconf 79' lang='grc' dir='ltr'>τρισὶ</span> <span class='ocrx_word' id='word_1_444' title='bbox 1809 1549 1915 1585; x_wconf 85' lang='grc' dir='ltr'>διαστή-</span> 
     </span>
    </p>
   </div>
   <div class='ocr_carea' id='block_1_60' title="bbox 279 1575 1092 1631">
    <p class='ocr_par' dir='ltr' id='par_1_60' title="bbox 279 1575 1092 1631">
     <span class='ocr_line' id='line_1_60' title="bbox 280 1575 1052 1587; baseline -0.005 -3"><span class='ocrx_word' id='word_1_445' title='bbox 280 1575 351 1584; x_wconf 52' lang='lat' dir='ltr'><strong>wn,</strong></span> <span class='ocrx_word' id='word_1_446' title='bbox 366 1575 445 1587; x_wconf 54' lang='grc' dir='ltr'><strong>Ἰ---η</strong></span> <span class='ocrx_word' id='word_1_447' title='bbox 660 1575 682 1578; x_wconf 54' lang='grc' dir='ltr'>τ.</span> <span class='ocrx_word' id='word_1_448' title='bbox 777 1575 806 1577; x_wconf 49' lang='grc' dir='ltr'>να</span> <span class='ocrx_word' id='word_1_449' title='bbox 966 1575 991 1576; x_wconf 53' lang='grc' dir='ltr'><em>η</em></span> 
     </span>
     <span class='ocr_line' id='line_1_61' title="bbox 279 1576 1092 1631; baseline -0.002 -5"><span class='ocrx_word' id='word_1_450' title='bbox 279 1599 392 1631; x_wconf 83' lang='lat' dir='ltr'><strong>ducere;</strong></span> <span class='ocrx_word' id='word_1_451' title='bbox 410 1598 480 1625; x_wconf 87' lang='lat' dir='ltr'><strong>hanc</strong></span> <span class='ocrx_word' id='word_1_452' title='bbox 502 1596 635 1624; x_wconf 88' lang='lat' dir='ltr'><strong>rationem</strong></span> <span class='ocrx_word' id='word_1_453' title='bbox 655 1596 752 1629; x_wconf 85' lang='lat' dir='ltr'><strong>tenuit,</strong></span> <span class='ocrx_word' id='word_1_454' title='bbox 774 1601 803 1624; x_wconf 89' lang='lat' dir='ltr'><strong>ut</strong></span> <span class='ocrx_word' id='word_1_455' title='bbox 819 1604 912 1629; x_wconf 89' lang='lat' dir='ltr'><strong>uuttm,</strong></span> <span class='ocrx_word' id='word_1_456' title='bbox 936 1576 1092 1631; x_wconf 52' lang='lat' dir='ltr'><strong>quantum‘</strong></span> 
     </span>
    </p>
   </div>
   <div class='ocr_carea' id='block_1_61' title="bbox 1102 1575 1915 1631">
    <p class='ocr_par' dir='ltr' id='par_1_61' title="bbox 1102 1575 1915 1631">
     <span class='ocr_line' id='line_1_62' title="bbox 1102 1575 1915 1631; baseline -0.002 -9"><span class='ocrx_word' id='word_1_457' title='bbox 1102 1575 1182 1627; x_wconf 64' lang='grc' dir='ltr'>ίέιαὲ,</span> <span class='ocrx_word' id='word_1_458' title='bbox 1203 1594 1261 1622; x_wconf 79' lang='grc' dir='ltr'>ἀλλ’</span> <span class='ocrx_word' id='word_1_459' title='bbox 1284 1576 1320 1622; x_wconf 47' lang='grc' dir='ltr'><strong>ὲν.</strong></span> <span class='ocrx_word' id='word_1_460' title='bbox 1336 1595 1410 1631; x_wconf 82' lang='grc' dir='ltr'>ὅροις</span> <span class='ocrx_word' id='word_1_461' title='bbox 1436 1575 1531 1630; x_wconf 62' lang='grc' dir='ltr'>μείνας</span> <span class='ocrx_word' id='word_1_462' title='bbox 1552 1594 1602 1630; x_wconf 84' lang='grc' dir='ltr'>τῆς</span> <span class='ocrx_word' id='word_1_463' title='bbox 1627 1575 1783 1627; x_wconf 70' lang='grc' dir='ltr'>εὐσεϐείας,</span> <span class='ocrx_word' id='word_1_464' title='bbox 1803 1594 1841 1630; x_wconf 84' lang='grc' dir='ltr'>τῷ</span> <span class='ocrx_word' id='word_1_465' title='bbox 1865 1575 1915 1628; x_wconf 52' lang='lat' dir='ltr'><strong>(pul-</strong></span> 
     </span>
    </p>
   </div>
   <div class='ocr_carea' id='block_1_62' title="bbox 279 1639 1092 1677">
    <p class='ocr_par' dir='ltr' id='par_1_62' title="bbox 279 1642 1067 1677">
     <span class='ocr_line' id='line_1_63' title="bbox 279 1642 1067 1677; baseline -0.004 -5"><span class='ocrx_word' id='word_1_466' title='bbox 279 1645 312 1672; x_wconf 90' lang='lat' dir='ltr'><strong>ad</strong></span> <span class='ocrx_word' id='word_1_467' title='bbox 328 1644 506 1674; x_wconf 86' lang='lat' dir='ltr'><strong>divinitatem,</strong></span> <span class='ocrx_word' id='word_1_468' title='bbox 525 1642 638 1677; x_wconf 81' lang='lat' dir='ltr'><strong>pulchre</strong></span> <span class='ocrx_word' id='word_1_469' title='bbox 659 1647 794 1674; x_wconf 85' lang='lat' dir='ltr'><strong>servaret,</strong></span> <span class='ocrx_word' id='word_1_470' title='bbox 811 1647 838 1669; x_wconf 89' lang='lat' dir='ltr'><strong>et</strong></span> <span class='ocrx_word' id='word_1_471' title='bbox 856 1642 920 1676; x_wconf 86' lang='lat' dir='ltr'><strong>tria,</strong></span> <span class='ocrx_word' id='word_1_472' title='bbox 934 1647 1067 1677; x_wconf 90' lang='lat' dir='ltr'><strong>quantutn</strong></span> 
     </span>
    </p>
   </div>
   <div class='ocr_carea' id='block_1_63' title="bbox 1103 1639 1916 1677">
    <p class='ocr_par' dir='ltr' id='par_1_63' title="bbox 1120 1639 1916 1677">
     <span class='ocr_line' id='line_1_64' title="bbox 1120 1639 1916 1677; baseline -0.003 -9"><span class='ocrx_word' id='word_1_473' title='bbox 1120 1643 1180 1676; x_wconf 84' lang='grc' dir='ltr'>γεῖν</span> <span class='ocrx_word' id='word_1_474' title='bbox 1199 1642 1249 1677; x_wconf 82' lang='grc' dir='ltr'>τὴν</span> <span class='ocrx_word' id='word_1_475' title='bbox 1275 1642 1396 1677; x_wconf 74' lang='grc' dir='ltr'>ἄμετρον</span> <span class='ocrx_word' id='word_1_476' title='bbox 1419 1641 1467 1667; x_wconf 81' lang='grc' dir='ltr'><strong>ἐπὶ</strong></span> <span class='ocrx_word' id='word_1_477' title='bbox 1491 1640 1593 1676; x_wconf 72' lang='grc' dir='ltr'>θάτερα</span> <span class='ocrx_word' id='word_1_478' title='bbox 1612 1639 1701 1667; x_wconf 79' lang='grc' dir='ltr'>κλίσιν</span> <span class='ocrx_word' id='word_1_479' title='bbox 1719 1649 1750 1667; x_wconf 83' lang='grc' dir='ltr'><strong>τε</strong></span> <span class='ocrx_word' id='word_1_480' title='bbox 1773 1640 1821 1667; x_wconf 75' lang='grc' dir='ltr'>καὶ</span> <span class='ocrx_word' id='word_1_481' title='bbox 1840 1640 1916 1666; x_wconf 85' lang='grc' dir='ltr'>ἀντί-</span> 
     </span>
    </p>
   </div>
   <div class='ocr_carea' id='block_1_64' title="bbox 279 1687 1208 1726">
    <p class='ocr_par' dir='ltr' id='par_1_64' title="bbox 279 1687 1208 1726">
     <span class='ocr_line' id='line_1_65' title="bbox 279 1687 1208 1726; baseline -0.004 -8"><span class='ocrx_word' id='word_1_482' title='bbox 279 1691 312 1718; x_wconf 88' lang='lat' dir='ltr'><strong>ad</strong></span> <span class='ocrx_word' id='word_1_483' title='bbox 327 1689 516 1726; x_wconf 77' lang='lat' dir='ltr'><strong>proprietates,</strong></span> <span class='ocrx_word' id='word_1_484' title='bbox 527 1689 570 1723; x_wconf 83' lang='lat' dir='ltr'><strong>pie</strong></span> <span class='ocrx_word' id='word_1_485' title='bbox 587 1688 708 1720; x_wconf 85' lang='lat' dir='ltr'><strong>doceret,</strong></span> <span class='ocrx_word' id='word_1_486' title='bbox 724 1695 775 1715; x_wconf 86' lang='lat' dir='ltr'><strong>nec</strong></span> <span class='ocrx_word' id='word_1_487' title='bbox 789 1693 834 1715; x_wconf 82' lang='lat' dir='ltr'><strong>aut</strong></span> <span class='ocrx_word' id='word_1_488' title='bbox 850 1695 899 1722; x_wconf 90' lang='lat' dir='ltr'><strong>per</strong></span> <span class='ocrx_word' id='word_1_489' title='bbox 918 1695 1000 1715; x_wconf 93' lang='lat' dir='ltr'><strong>unum</strong></span> <span class='ocrx_word' id='word_1_490' title='bbox 1013 1688 1069 1716; x_wconf 79' lang='lat' dir='ltr'><strong>dei-</strong></span> <span class='ocrx_word' id='word_1_491' title='bbox 1122 1687 1208 1714; x_wconf 80' lang='grc' dir='ltr'>Θεσιν.</span> 
     </span>
    </p>
   </div>
   <div class='ocr_carea' id='block_1_65' title="bbox 258 1735 1915 1771">
    <p class='ocr_par' dir='ltr' id='par_1_65' title="bbox 258 1735 1915 1771">
     <span class='ocr_line' id='line_1_66' title="bbox 258 1735 1915 1771; baseline -0.002 -5"><span class='ocrx_word' id='word_1_492' title='bbox 258 1741 364 1766; x_wconf 59' lang='lat' dir='ltr'><strong>tatem</strong></span> <span class='ocrx_word' id='word_1_493' title='bbox 388 1735 586 1767; x_wconf 83' lang='lat' dir='ltr'><strong>confunderet,</strong></span> <span class='ocrx_word' id='word_1_494' title='bbox 607 1740 653 1762; x_wconf 89' lang='lat' dir='ltr'><strong>aut</strong></span> <span class='ocrx_word' id='word_1_495' title='bbox 677 1743 726 1770; x_wconf 87' lang='lat' dir='ltr'><strong>per</strong></span> <span class='ocrx_word' id='word_1_496' title='bbox 755 1735 806 1762; x_wconf 89' lang='lat' dir='ltr'><strong>tria</strong></span> <span class='ocrx_word' id='word_1_497' title='bbox 834 1735 1017 1769; x_wconf 71' lang='lat' dir='ltr'><strong>distraheret,</strong></span> <span class='ocrx_word' id='word_1_498' title='bbox 1048 1735 1096 1763; x_wconf 86' lang='lat' dir='ltr'><strong>sed</strong></span> <span class='ocrx_word' id='word_1_499' title='bbox 1129 1736 1199 1763; x_wconf 89' lang='lat' dir='ltr'><strong>intra</strong></span> <span class='ocrx_word' id='word_1_500' title='bbox 1227 1735 1336 1771; x_wconf 85' lang='lat' dir='ltr'><strong>pietatis</strong></span> <span class='ocrx_word' id='word_1_501' title='bbox 1361 1739 1449 1763; x_wconf 84' lang='lat' dir='ltr'><strong>metas</strong></span> <span class='ocrx_word' id='word_1_502' title='bbox 1472 1736 1656 1769; x_wconf 80' lang='lat' dir='ltr'><strong>consisteret,</strong></span> <span class='ocrx_word' id='word_1_503' title='bbox 1689 1735 1861 1763; x_wconf 85' lang='lat' dir='ltr'><strong>immodicam</strong></span> <span class='ocrx_word' id='word_1_504' title='bbox 1888 1735 1915 1762; x_wconf 89' lang='lat' dir='ltr'><strong>in</strong></span> 
     </span>
    </p>
   </div>
   <div class='ocr_carea' id='block_1_66' title="bbox 279 1780 1191 1816">
    <p class='ocr_par' dir='ltr' id='par_1_66' title="bbox 279 1780 1191 1816">
     <span class='ocr_line' id='line_1_67' title="bbox 279 1780 1191 1816; baseline -0.001 -7"><span class='ocrx_word' id='word_1_505' title='bbox 279 1786 422 1816; x_wconf 88' lang='lat' dir='ltr'><strong>utramque</strong></span> <span class='ocrx_word' id='word_1_506' title='bbox 450 1785 555 1815; x_wconf 79' lang='lat' dir='ltr'><strong>partem</strong></span> <span class='ocrx_word' id='word_1_507' title='bbox 583 1780 785 1808; x_wconf 86' lang='lat' dir='ltr'><strong>inclinationem</strong></span> <span class='ocrx_word' id='word_1_508' title='bbox 812 1785 840 1808; x_wconf 85' lang='lat' dir='ltr'><strong>et</strong></span> <span class='ocrx_word' id='word_1_509' title='bbox 868 1781 1070 1816; x_wconf 88' lang='lat' dir='ltr'><strong>oppositiouem</strong></span> <span class='ocrx_word' id='word_1_510' title='bbox 1089 1781 1191 1810; x_wconf 81' lang='lat' dir='ltr'><strong>vitans.</strong></span> 
     </span>
    </p>
   </div>
   <div class='ocr_carea' id='block_1_67' title="bbox 316 1825 1129 1863">
    <p class='ocr_par' dir='ltr' id='par_1_67' title="bbox 316 1827 1070 1863">
     <span class='ocr_line' id='line_1_68' title="bbox 316 1827 1070 1863; baseline -0.001 -7"><span class='ocrx_word' id='word_1_511' title='bbox 316 1827 384 1856; x_wconf 77' lang='lat' dir='ltr'><strong>XIV.</strong></span> <span class='ocrx_word' id='word_1_512' title='bbox 402 1828 490 1863; x_wconf 80' lang='lat' dir='ltr'><strong>Atque</strong></span> <span class='ocrx_word' id='word_1_513' title='bbox 507 1827 609 1855; x_wconf 88' lang='lat' dir='ltr'><strong>idcirco</strong></span> <span class='ocrx_word' id='word_1_514' title='bbox 625 1827 742 1863; x_wconf 92' lang='lat' dir='ltr'><strong>primum</strong></span> <span class='ocrx_word' id='word_1_515' title='bbox 755 1827 781 1854; x_wconf 92' lang='lat' dir='ltr'><strong>in</strong></span> <span class='ocrx_word' id='word_1_516' title='bbox 795 1832 890 1855; x_wconf 89' lang='lat' dir='ltr'><strong>sancto</strong></span> <span class='ocrx_word' id='word_1_517' title='bbox 904 1827 986 1863; x_wconf 55' lang='lat'><strong>395.</strong></span> <span class='ocrx_word' id='word_1_518' title='bbox 997 1827 1070 1855; x_wconf 89' lang='lat' dir='ltr'><strong>Con-</strong></span> 
     </span>
    </p>
   </div>
   <div class='ocr_carea' id='block_1_68' title="bbox 1103 1825 1916 1863">
    <p class='ocr_par' dir='ltr' id='par_1_68' title="bbox 1159 1825 1916 1862">
     <span class='ocr_line' id='line_1_69' title="bbox 1159 1825 1916 1862; baseline -0.001 -9"><span class='ocrx_word' id='word_1_519' title='bbox 1159 1827 1210 1854; x_wconf 77' lang='lat' dir='ltr'><strong>IA&#39;.</strong></span> <span class='ocrx_word' id='word_1_520' title='bbox 1230 1826 1286 1854; x_wconf 73' lang='grc' dir='ltr'><strong>Καὶ</strong></span> <span class='ocrx_word' id='word_1_521' title='bbox 1303 1826 1347 1853; x_wconf 75' lang='grc' dir='ltr'>διὰ</span> <span class='ocrx_word' id='word_1_522' title='bbox 1370 1826 1449 1853; x_wconf 82' lang='grc' dir='ltr'>τοῦτο</span> <span class='ocrx_word' id='word_1_523' title='bbox 1467 1827 1574 1862; x_wconf 73' lang='grc' dir='ltr'>πρῶτον</span> <span class='ocrx_word' id='word_1_524' title='bbox 1596 1827 1645 1862; x_wconf 78' lang='grc' dir='ltr'>μὲν</span> <span class='ocrx_word' id='word_1_525' title='bbox 1668 1828 1697 1853; x_wconf 85' lang='grc' dir='ltr'>ὲν</span> <span class='ocrx_word' id='word_1_526' title='bbox 1720 1828 1753 1862; x_wconf 77' lang='grc' dir='ltr'><strong>τῇ</strong></span> <span class='ocrx_word' id='word_1_527' title='bbox 1774 1826 1845 1853; x_wconf 74' lang='grc' dir='ltr'>κατὰ</span> <span class='ocrx_word' id='word_1_528' title='bbox 1866 1825 1916 1852; x_wconf 81' lang='grc' dir='ltr'><strong>Νί-</strong></span> 
     </span>
    </p>
   </div>
   <div class='ocr_carea' id='block_1_69' title="bbox 279 1872 1092 1910">
    <p class='ocr_par' dir='ltr' id='par_1_69' title="bbox 279 1873 1087 1909">
     <span class='ocr_line' id='line_1_70' title="bbox 279 1873 1087 1909; baseline -0.001 -8"><span class='ocrx_word' id='word_1_529' title='bbox 279 1874 343 1903; x_wconf 88' lang='lat' dir='ltr'><strong>cilio</strong></span> <span class='ocrx_word' id='word_1_530' title='bbox 376 1873 474 1901; x_wconf 73' lang='lat' dir='ltr'><strong>Nicaea:</strong></span> <span class='ocrx_word' id='word_1_531' title='bbox 504 1873 617 1907; x_wconf 85' lang='lat' dir='ltr'><strong>habito,</strong></span> <span class='ocrx_word' id='word_1_532' title='bbox 643 1878 726 1909; x_wconf 87' lang='lat' dir='ltr'><strong>atque</strong></span> <span class='ocrx_word' id='word_1_533' title='bbox 754 1873 801 1900; x_wconf 91' lang='lat' dir='ltr'><strong>illo</strong></span> <span class='ocrx_word' id='word_1_534' title='bbox 831 1878 1014 1901; x_wconf 88' lang='lat' dir='ltr'><strong>trecentorum</strong></span> <span class='ocrx_word' id='word_1_535' title='bbox 1040 1878 1087 1901; x_wconf 78' lang='lat' dir='ltr'><strong>et‘</strong></span> 
     </span>
    </p>
   </div>
   <div class='ocr_carea' id='block_1_70' title="bbox 1102 1872 1915 1910">
    <p class='ocr_par' dir='ltr' id='par_1_70' title="bbox 1121 1872 1915 1910">
     <span class='ocr_line' id='line_1_71' title="bbox 1121 1872 1915 1910; baseline 0 -11"><span class='ocrx_word' id='word_1_536' title='bbox 1121 1881 1203 1899; x_wconf 86' lang='grc' dir='ltr'>καιαν</span> <span class='ocrx_word' id='word_1_537' title='bbox 1224 1872 1290 1908; x_wconf 65' lang='grc' dir='ltr'>ἁγίᾳ.</span> <span class='ocrx_word' id='word_1_538' title='bbox 1314 1872 1370 1908; x_wconf 82' lang='grc'><strong>(87)</strong></span> <span class='ocrx_word' id='word_1_539' title='bbox 1388 1881 1476 1910; x_wconf 86' lang='grc' dir='ltr'>ταυτῃ</span> <span class='ocrx_word' id='word_1_540' title='bbox 1497 1873 1613 1909; x_wconf 84' lang='grc' dir='ltr'>συνόδῳ,</span> <span class='ocrx_word' id='word_1_541' title='bbox 1635 1874 1682 1900; x_wconf 72' lang='grc' dir='ltr'>καὶ</span> <span class='ocrx_word' id='word_1_542' title='bbox 1702 1873 1741 1909; x_wconf 88' lang='grc' dir='ltr'>τῷ</span> <span class='ocrx_word' id='word_1_543' title='bbox 1763 1873 1818 1899; x_wconf 79' lang='grc' dir='ltr'>τῶν</span> <span class='ocrx_word' id='word_1_544' title='bbox 1838 1881 1915 1907; x_wconf 83' lang='grc' dir='ltr'>τρια-</span> 
     </span>
    </p>
   </div>
   <div class='ocr_carea' id='block_1_71' title="bbox 280 1918 1093 1956">
    <p class='ocr_par' dir='ltr' id='par_1_71' title="bbox 280 1919 1067 1955">
     <span class='ocr_line' id='line_1_72' title="bbox 280 1919 1067 1955; baseline 0 -7"><span class='ocrx_word' id='word_1_545' title='bbox 280 1920 464 1955; x_wconf 74' lang='lat' dir='ltr'><strong>duodeviginti</strong></span> <span class='ocrx_word' id='word_1_546' title='bbox 487 1919 697 1947; x_wconf 75' lang='lat' dir='ltr'><strong>lectissimorum</strong></span> <span class='ocrx_word' id='word_1_547' title='bbox 721 1920 842 1947; x_wconf 87' lang='lat' dir='ltr'><strong>virorttm</strong></span> <span class='ocrx_word' id='word_1_548' title='bbox 870 1927 982 1947; x_wconf 89' lang='lat' dir='ltr'><strong>numero</strong></span> <span class='ocrx_word' id='word_1_549' title='bbox 998 1927 1067 1954; x_wconf 85' lang='lat' dir='ltr'><strong>quos</strong></span> 
     </span>
    </p>
   </div>
   <div class='ocr_carea' id='block_1_72' title="bbox 1101 1918 1914 1956">
    <p class='ocr_par' dir='ltr' id='par_1_72' title="bbox 1120 1918 1914 1956">
     <span class='ocr_line' id='line_1_73' title="bbox 1120 1918 1914 1956; baseline 0.003 -11"><span class='ocrx_word' id='word_1_550' title='bbox 1120 1919 1221 1946; x_wconf 82' lang='grc' dir='ltr'>κοσίων</span> <span class='ocrx_word' id='word_1_551' title='bbox 1239 1918 1312 1946; x_wconf 82' lang='grc' dir='ltr'>ὀκτὼ</span> <span class='ocrx_word' id='word_1_552' title='bbox 1323 1919 1372 1946; x_wconf 76' lang='grc' dir='ltr'>καὶ</span> <span class='ocrx_word' id='word_1_553' title='bbox 1384 1919 1452 1946; x_wconf 86' lang='grc' dir='ltr'>δέκα</span> <span class='ocrx_word' id='word_1_554' title='bbox 1466 1919 1575 1956; x_wconf 86' lang='grc' dir='ltr'>ἀριθμῷ</span> <span class='ocrx_word' id='word_1_555' title='bbox 1596 1919 1701 1955; x_wconf 81' lang='grc' dir='ltr'>ἀνδρῶν</span> <span class='ocrx_word' id='word_1_556' title='bbox 1717 1919 1837 1952; x_wconf 84' lang='grc' dir='ltr'>λογάδων</span> <span class='ocrx_word' id='word_1_557' title='bbox 1848 1919 1914 1954; x_wconf 71' lang='grc'><strong>(881.</strong></span> 
     </span>
    </p>
   </div>
   <div class='ocr_carea' id='block_1_73' title="bbox 281 1963 1094 2002">
    <p class='ocr_par' dir='ltr' id='par_1_73' title="bbox 281 1967 1068 2002">
     <span class='ocr_line' id='line_1_74' title="bbox 281 1967 1068 2002; baseline -0.001 -8"><span class='ocrx_word' id='word_1_558' title='bbox 281 1967 399 2002; x_wconf 91' lang='lat' dir='ltr'><strong>Spiritus</strong></span> <span class='ocrx_word' id='word_1_559' title='bbox 423 1971 534 1994; x_wconf 83' lang='lat' dir='ltr'><strong>sanctus</strong></span> <span class='ocrx_word' id='word_1_560' title='bbox 556 1968 582 1993; x_wconf 95' lang='lat' dir='ltr'><strong>In</strong></span> <span class='ocrx_word' id='word_1_561' title='bbox 606 1974 689 1993; x_wconf 86' lang='lat' dir='ltr'><strong>unum</strong></span> <span class='ocrx_word' id='word_1_562' title='bbox 714 1970 857 2001; x_wconf 76' lang='lat' dir='ltr'><strong>coegerat,</strong></span> <span class='ocrx_word' id='word_1_563' title='bbox 885 1971 1015 2000; x_wconf 87' lang='lat' dir='ltr'><strong>quanttttn</strong></span> <span class='ocrx_word' id='word_1_564' title='bbox 1041 1967 1068 1993; x_wconf 89' lang='lat' dir='ltr'><strong>in</strong></span> 
     </span>
    </p>
   </div>
   <div class='ocr_carea' id='block_1_74' title="bbox 1102 1963 1915 2002">
    <p class='ocr_par' dir='ltr' id='par_1_74' title="bbox 1120 1963 1915 2002">
     <span class='ocr_line' id='line_1_75' title="bbox 1120 1963 1915 2002; baseline 0.001 -11"><span class='ocrx_word' id='word_1_565' title='bbox 1120 1964 1168 1996; x_wconf 80' lang='grc' dir='ltr'>οὓς</span> <span class='ocrx_word' id='word_1_566' title='bbox 1177 1964 1208 1991; x_wconf 79' lang='grc' dir='ltr'>τὸ</span> <span class='ocrx_word' id='word_1_567' title='bbox 1216 1965 1365 2001; x_wconf 77' lang='grc' dir='ltr'>Πνεῦματδ</span> <span class='ocrx_word' id='word_1_568' title='bbox 1374 1965 1452 2000; x_wconf 73' lang='grc' dir='ltr'>ἅγιον</span> <span class='ocrx_word' id='word_1_569' title='bbox 1465 1967 1506 1998; x_wconf 82' lang='grc' dir='ltr'>εἰς</span> <span class='ocrx_word' id='word_1_570' title='bbox 1517 1965 1546 1992; x_wconf 82' lang='grc' dir='ltr'>ἓν</span> <span class='ocrx_word' id='word_1_571' title='bbox 1560 1966 1664 2002; x_wconf 73' lang='grc' dir='ltr'>ἤγαγεν</span> <span class='ocrx_word' id='word_1_572' title='bbox 1673 1966 1807 2002; x_wconf 83' lang='grc' dir='ltr'>(89),ὁσον</span> <span class='ocrx_word' id='word_1_573' title='bbox 1821 1963 1856 2002; x_wconf 82' lang='grc' dir='ltr'>ἦν</span> <span class='ocrx_word' id='word_1_574' title='bbox 1872 1966 1915 1992; x_wconf 74' lang='grc' dir='ltr'><strong>ἐπ’</strong></span> 
     </span>
    </p>
   </div>
   <div class='ocr_carea' id='block_1_75' title="bbox 281 2011 1094 2048">
    <p class='ocr_par' dir='ltr' id='par_1_75' title="bbox 281 2012 1069 2048">
     <span class='ocr_line' id='line_1_76' title="bbox 281 2012 1069 2048; baseline -0.003 -7"><span class='ocrx_word' id='word_1_575' title='bbox 281 2014 342 2048; x_wconf 81' lang='lat' dir='ltr'><strong>ipso</strong></span> <span class='ocrx_word' id='word_1_576' title='bbox 358 2013 419 2047; x_wconf 78' lang='lat' dir='ltr'><strong>fuit,</strong></span> <span class='ocrx_word' id='word_1_577' title='bbox 435 2013 559 2040; x_wconf 92' lang='lat' dir='ltr'><strong>morbum</strong></span> <span class='ocrx_word' id='word_1_578' title='bbox 573 2012 750 2047; x_wconf 87' lang='lat' dir='ltr'><strong>compressit;</strong></span> <span class='ocrx_word' id='word_1_579' title='bbox 767 2013 886 2040; x_wconf 87' lang='lat' dir='ltr'><strong>nondum</strong></span> <span class='ocrx_word' id='word_1_580' title='bbox 901 2012 946 2040; x_wconf 89' lang='lat' dir='ltr'><strong>ille</strong></span> <span class='ocrx_word' id='word_1_581' title='bbox 958 2012 1069 2047; x_wconf 87' lang='lat' dir='ltr'><strong>quidem</strong></span> 
     </span>
    </p>
   </div>
   <div class='ocr_carea' id='block_1_76' title="bbox 1102 2011 1915 2048">
    <p class='ocr_par' dir='ltr' id='par_1_76' title="bbox 1122 2011 1915 2048">
     <span class='ocr_line' id='line_1_77' title="bbox 1122 2011 1915 2048; baseline 0.001 -10"><span class='ocrx_word' id='word_1_582' title='bbox 1122 2011 1208 2047; x_wconf 81' lang='grc' dir='ltr'>αὐτῷ,</span> <span class='ocrx_word' id='word_1_583' title='bbox 1221 2011 1271 2047; x_wconf 81' lang='grc' dir='ltr'>τὴν</span> <span class='ocrx_word' id='word_1_584' title='bbox 1288 2012 1366 2039; x_wconf 89' lang='grc' dir='ltr'>νόσον</span> <span class='ocrx_word' id='word_1_585' title='bbox 1389 2012 1520 2047; x_wconf 74' lang='grc' dir='ltr'>ἔστησεν·</span> <span class='ocrx_word' id='word_1_586' title='bbox 1535 2012 1612 2039; x_wconf 75' lang='grc' dir='ltr'>οῦπω</span> <span class='ocrx_word' id='word_1_587' title='bbox 1637 2013 1687 2048; x_wconf 85' lang='grc' dir='ltr'>μὲν</span> <span class='ocrx_word' id='word_1_588' title='bbox 1704 2013 1873 2048; x_wconf 83' lang='grc' dir='ltr'>τεταγμένος</span> <span class='ocrx_word' id='word_1_589' title='bbox 1888 2014 1915 2039; x_wconf 79' lang='grc' dir='ltr'>ὲν</span> 
     </span>
    </p>
   </div>
   <div class='ocr_carea' id='block_1_77' title="bbox 281 2057 1094 2094">
    <p class='ocr_par' dir='ltr' id='par_1_77' title="bbox 281 2059 1068 2094">
     <span class='ocr_line' id='line_1_78' title="bbox 281 2059 1068 2094; baseline -0.001 -7"><span class='ocrx_word' id='word_1_590' title='bbox 281 2060 308 2088; x_wconf 88' lang='lat' dir='ltr'><strong>in</strong></span> <span class='ocrx_word' id='word_1_591' title='bbox 325 2060 510 2094; x_wconf 86' lang='lat' dir='ltr'><strong>episcoporum</strong></span> <span class='ocrx_word' id='word_1_592' title='bbox 535 2066 676 2086; x_wconf 90' lang='lat' dir='ltr'><strong>numerum</strong></span> <span class='ocrx_word' id='word_1_593' title='bbox 698 2059 827 2092; x_wconf 84' lang='lat' dir='ltr'><strong>allectus,</strong></span> <span class='ocrx_word' id='word_1_594' title='bbox 852 2066 946 2086; x_wconf 89' lang='lat' dir='ltr'><strong>verum</strong></span> <span class='ocrx_word' id='word_1_595' title='bbox 967 2059 1068 2094; x_wconf 84' lang='lat' dir='ltr'><strong>primas</strong></span> 
     </span>
    </p>
   </div>
   <div class='ocr_carea' id='block_1_78' title="bbox 1103 2057 1916 2094">
    <p class='ocr_par' dir='ltr' id='par_1_78' title="bbox 1121 2057 1916 2094">
     <span class='ocr_line' id='line_1_79' title="bbox 1121 2057 1916 2094; baseline 0.001 -11"><span class='ocrx_word' id='word_1_596' title='bbox 1121 2057 1301 2089; x_wconf 78' lang='grc' dir='ltr'>ἐπισκόποις,</span> <span class='ocrx_word' id='word_1_597' title='bbox 1331 2057 1366 2084; x_wconf 81' lang='grc' dir='ltr'><strong>τὰ</strong></span> <span class='ocrx_word' id='word_1_598' title='bbox 1397 2058 1495 2094; x_wconf 78' lang='grc' dir='ltr'>πρῶτα</span> <span class='ocrx_word' id='word_1_599' title='bbox 1519 2058 1548 2085; x_wconf 77' lang='grc' dir='ltr'><strong>δὲ</strong></span> <span class='ocrx_word' id='word_1_600' title='bbox 1579 2058 1637 2093; x_wconf 86' lang='lat'><strong>(90)</strong></span> <span class='ocrx_word' id='word_1_601' title='bbox 1665 2058 1832 2093; x_wconf 83' lang='grc' dir='ltr'>τεταγμένος</span> <span class='ocrx_word' id='word_1_602' title='bbox 1861 2058 1916 2084; x_wconf 87' lang='grc' dir='ltr'><strong>τῶν</strong></span> 
     </span>
    </p>
   </div>
   <div class='ocr_carea' id='block_1_79' title="bbox 281 2102 1094 2140">
    <p class='ocr_par' dir='ltr' id='par_1_79' title="bbox 281 2103 1067 2138">
     <span class='ocr_line' id='line_1_80' title="bbox 281 2103 1067 2138; baseline -0.003 -5"><span class='ocrx_word' id='word_1_603' title='bbox 281 2110 378 2133; x_wconf 87' lang='lat' dir='ltr'><strong>tenens</strong></span> <span class='ocrx_word' id='word_1_604' title='bbox 402 2105 474 2132; x_wconf 88' lang='lat' dir='ltr'><strong>inter</strong></span> <span class='ocrx_word' id='word_1_605' title='bbox 499 2112 546 2132; x_wconf 88' lang='lat' dir='ltr'><strong>eos</strong></span> <span class='ocrx_word' id='word_1_606' title='bbox 573 2105 620 2138; x_wconf 90' lang='lat' dir='ltr'><strong>qui</strong></span> <span class='ocrx_word' id='word_1_607' title='bbox 647 2109 841 2131; x_wconf 81' lang='lat' dir='ltr'><strong>convenerant.</strong></span> <span class='ocrx_word' id='word_1_608' title='bbox 866 2103 934 2131; x_wconf 85' lang='lat' dir='ltr'><strong>Nam</strong></span> <span class='ocrx_word' id='word_1_609' title='bbox 960 2104 983 2131; x_wconf 90' lang='lat' dir='ltr'><strong>is</strong></span> <span class='ocrx_word' id='word_1_610' title='bbox 1012 2109 1067 2131; x_wconf 92' lang='lat' dir='ltr'><strong>tum</strong></span> 
     </span>
    </p>
   </div>
   <div class='ocr_carea' id='block_1_80' title="bbox 1101 2102 1914 2140">
    <p class='ocr_par' dir='ltr' id='par_1_80' title="bbox 1121 2102 1914 2140">
     <span class='ocr_line' id='line_1_81' title="bbox 1121 2102 1914 2140; baseline 0.001 -11"><span class='ocrx_word' id='word_1_611' title='bbox 1121 2102 1357 2138; x_wconf 81' lang='grc' dir='ltr'>συνεληλυθότων·</span> <span class='ocrx_word' id='word_1_612' title='bbox 1383 2104 1430 2130; x_wconf 81' lang='grc' dir='ltr'>καὶ</span> <span class='ocrx_word' id='word_1_613' title='bbox 1454 2103 1510 2139; x_wconf 79' lang='grc' dir='ltr'><strong>γὰρ</strong></span> <span class='ocrx_word' id='word_1_614' title='bbox 1534 2102 1568 2140; x_wconf 78' lang='grc' dir='ltr'>ἦν</span> <span class='ocrx_word' id='word_1_615' title='bbox 1591 2104 1694 2140; x_wconf 86' lang='grc' dir='ltr'>ἀρετῆς</span> <span class='ocrx_word' id='word_1_616' title='bbox 1720 2105 1770 2139; x_wconf 83' lang='grc' dir='ltr'>οὐχ</span> <span class='ocrx_word' id='word_1_617' title='bbox 1790 2102 1872 2140; x_wconf 81' lang='grc' dir='ltr'>ἦττον</span> <span class='ocrx_word' id='word_1_618' title='bbox 1898 2103 1914 2139; x_wconf 76' lang='grc' dir='ltr'><strong>ἢ</strong></span> 
     </span>
    </p>
   </div>
   <div class='ocr_carea' id='block_1_81' title="bbox 281 2147 1094 2186">
    <p class='ocr_par' dir='ltr' id='par_1_81' title="bbox 281 2149 1071 2185">
     <span class='ocr_line' id='line_1_82' title="bbox 281 2149 1071 2185; baseline -0.003 -7"><span class='ocrx_word' id='word_1_619' title='bbox 281 2159 373 2179; x_wconf 80' lang='lat' dir='ltr'><strong>rerum</strong></span> <span class='ocrx_word' id='word_1_620' title='bbox 397 2155 484 2179; x_wconf 80' lang='lat' dir='ltr'><strong>status</strong></span> <span class='ocrx_word' id='word_1_621' title='bbox 508 2154 577 2183; x_wconf 88' lang='lat' dir='ltr'><strong>erat,</strong></span> <span class='ocrx_word' id='word_1_622' title='bbox 598 2154 629 2178; x_wconf 82' lang='grc' dir='ltr'>ιη</span> <span class='ocrx_word' id='word_1_623' title='bbox 645 2158 699 2177; x_wconf 90' lang='lat' dir='ltr'><strong>non</strong></span> <span class='ocrx_word' id='word_1_624' title='bbox 726 2149 817 2177; x_wconf 83' lang='lat' dir='ltr'><strong>minus</strong></span> <span class='ocrx_word' id='word_1_625' title='bbox 844 2150 965 2183; x_wconf 79' lang='lat' dir='ltr'><strong>virtute,</strong></span> <span class='ocrx_word' id='word_1_626' title='bbox 988 2157 1071 2185; x_wconf 82' lang='lat' dir='ltr'><strong>quam</strong></span> 
     </span>
    </p>
   </div>
   <div class='ocr_carea' id='block_1_82' title="bbox 1103 2147 1916 2186">
    <p class='ocr_par' dir='ltr' id='par_1_82' title="bbox 1123 2147 1916 2186">
     <span class='ocr_line' id='line_1_83' title="bbox 1123 2147 1916 2186; baseline 0.003 -12"><span class='ocrx_word' id='word_1_627' title='bbox 1123 2147 1236 2184; x_wconf 77' lang='grc' dir='ltr'>βαθμῶν</span> <span class='ocrx_word' id='word_1_628' title='bbox 1256 2149 1274 2184; x_wconf 84' lang='grc' dir='ltr'>ἡ</span> <span class='ocrx_word' id='word_1_629' title='bbox 1300 2149 1477 2185; x_wconf 83' lang='grc' dir='ltr'>προτίμησις.</span> <span class='ocrx_word' id='word_1_630' title='bbox 1501 2150 1616 2177; x_wconf 83' lang='grc' dir='ltr'>Ἔπειτα</span> <span class='ocrx_word' id='word_1_631' title='bbox 1646 2150 1693 2176; x_wconf 81' lang='grc' dir='ltr'>τοῦ</span> <span class='ocrx_word' id='word_1_632' title='bbox 1729 2149 1815 2177; x_wconf 85' lang='grc' dir='ltr'>κακοῦ</span> <span class='ocrx_word' id='word_1_633' title='bbox 1843 2151 1916 2186; x_wconf 73' lang='grc' dir='ltr'>ῥιπι-</span> 
     </span>
    </p>
   </div>
   <div class='ocr_carea' id='block_1_83' title="bbox 282 2193 1095 2232">
    <p class='ocr_par' dir='ltr' id='par_1_83' title="bbox 282 2194 1071 2232">
     <span class='ocr_line' id='line_1_84' title="bbox 282 2194 1071 2232; baseline 0.001 -9"><span class='ocrx_word' id='word_1_634' title='bbox 282 2197 413 2232; x_wconf 79' lang='lat' dir='ltr'><strong>graduum</strong></span> <span class='ocrx_word' id='word_1_635' title='bbox 429 2195 573 2230; x_wconf 82' lang='lat' dir='ltr'><strong>dignitate,</strong></span> <span class='ocrx_word' id='word_1_636' title='bbox 589 2194 702 2223; x_wconf 86' lang='lat' dir='ltr'><strong>honoris</strong></span> <span class='ocrx_word' id='word_1_637' title='bbox 722 2195 882 2230; x_wconf 65' lang='lat' dir='ltr'><strong>praestantia</strong></span> <span class='ocrx_word' id='word_1_638' title='bbox 901 2201 1071 2224; x_wconf 86' lang='lat' dir='ltr'><strong>censeretur.</strong></span> 
     </span>
    </p>
   </div>
   <div class='ocr_carea' id='block_1_84' title="bbox 1103 2193 1916 2232">
    <p class='ocr_par' dir='ltr' id='par_1_84' title="bbox 1123 2193 1916 2231">
     <span class='ocr_line' id='line_1_85' title="bbox 1123 2193 1916 2231; baseline 0.003 -11"><span class='ocrx_word' id='word_1_639' title='bbox 1123 2193 1233 2226; x_wconf 81' lang='grc' dir='ltr'>σθέντος</span> <span class='ocrx_word' id='word_1_640' title='bbox 1260 2194 1311 2231; x_wconf 74' lang='grc' dir='ltr'><strong>ἤδη</strong></span> <span class='ocrx_word' id='word_1_641' title='bbox 1345 2196 1406 2227; x_wconf 84' lang='grc' dir='ltr'>ταῖς</span> <span class='ocrx_word' id='word_1_642' title='bbox 1433 2194 1534 2231; x_wconf 78' lang='grc' dir='ltr'>αὔραις</span> <span class='ocrx_word' id='word_1_643' title='bbox 1558 2195 1606 2222; x_wconf 78' lang='grc' dir='ltr'>τοῦ</span> <span class='ocrx_word' id='word_1_644' title='bbox 1641 2195 1760 2231; x_wconf 83' lang='grc' dir='ltr'>πονηροῦ</span> <span class='ocrx_word' id='word_1_645' title='bbox 1773 2215 1782 2228; x_wconf 86' lang='grc'><strong>,</strong></span> <span class='ocrx_word' id='word_1_646' title='bbox 1809 2196 1856 2222; x_wconf 71' lang='grc' dir='ltr'>καὶ</span> <span class='ocrx_word' id='word_1_647' title='bbox 1886 2195 1916 2222; x_wconf 78' lang='grc' dir='ltr'><strong>τὸ</strong></span> 
     </span>
    </p>
   </div>
   <div class='ocr_carea' id='block_1_85' title="bbox 283 2239 1096 2278">
    <p class='ocr_par' dir='ltr' id='par_1_85' title="bbox 283 2239 1072 2275">
     <span class='ocr_line' id='line_1_86' title="bbox 283 2239 1072 2275; baseline -0.003 -6"><span class='ocrx_word' id='word_1_648' title='bbox 283 2241 384 2269; x_wconf 83' lang='lat' dir='ltr'><strong>Deinde</strong></span> <span class='ocrx_word' id='word_1_649' title='bbox 405 2248 466 2268; x_wconf 91' lang='lat' dir='ltr'><strong>cum</strong></span> <span class='ocrx_word' id='word_1_650' title='bbox 492 2240 543 2268; x_wconf 86' lang='lat' dir='ltr'><strong>hoc</strong></span> <span class='ocrx_word' id='word_1_651' title='bbox 568 2240 669 2268; x_wconf 83' lang='lat' dir='ltr'><strong>malum</strong></span> <span class='ocrx_word' id='word_1_652' title='bbox 690 2240 765 2275; x_wconf 80' lang='lat' dir='ltr'><strong>pravi</strong></span> <span class='ocrx_word' id='word_1_653' title='bbox 791 2239 863 2267; x_wconf 89' lang='lat' dir='ltr'><strong>illius</strong></span> <span class='ocrx_word' id='word_1_654' title='bbox 888 2239 996 2268; x_wconf 79' lang='lat' dir='ltr'><strong>follibus</strong></span> <span class='ocrx_word' id='word_1_655' title='bbox 1016 2239 1072 2274; x_wconf 77' lang='lat' dir='ltr'><strong>jam</strong></span> 
     </span>
    </p>
   </div>
   <div class='ocr_carea' id='block_1_86' title="bbox 1103 2239 1916 2278">
    <p class='ocr_par' dir='ltr' id='par_1_86' title="bbox 1123 2239 1916 2278">
     <span class='ocr_line' id='line_1_87' title="bbox 1123 2239 1916 2278; baseline 0.004 -12"><span class='ocrx_word' id='word_1_656' title='bbox 1123 2239 1215 2267; x_wconf 81' lang='grc' dir='ltr'>πλεῖον</span> <span class='ocrx_word' id='word_1_657' title='bbox 1241 2240 1473 2277; x_wconf 75' lang='grc' dir='ltr'>ἐπιλαμϐάνοντος</span> <span class='ocrx_word' id='word_1_658' title='bbox 1499 2241 1628 2277; x_wconf 77' lang='grc' dir='ltr'>(ἐνταῦθά</span> <span class='ocrx_word' id='word_1_659' title='bbox 1653 2251 1698 2278; x_wconf 80' lang='grc' dir='ltr'><strong>μοι</strong></span> <span class='ocrx_word' id='word_1_660' title='bbox 1723 2243 1771 2269; x_wconf 78' lang='grc' dir='ltr'><strong>καὶ</strong></span> <span class='ocrx_word' id='word_1_661' title='bbox 1792 2241 1828 2269; x_wconf 78' lang='grc' dir='ltr'><strong>τὰ</strong></span> <span class='ocrx_word' id='word_1_662' title='bbox 1851 2242 1916 2278; x_wconf 84' lang='grc' dir='ltr'><strong>δρά-</strong></span> 
     </span>
    </p>
   </div>
   <div class='ocr_carea' id='block_1_87' title="bbox 282 2283 1095 2325">
    <p class='ocr_par' dir='ltr' id='par_1_87' title="bbox 282 2285 1071 2321">
     <span class='ocr_line' id='line_1_88' title="bbox 282 2285 1071 2321; baseline -0.004 -6"><span class='ocrx_word' id='word_1_663' title='bbox 282 2288 428 2315; x_wconf 77' lang='lat' dir='ltr'><strong>excitatnm</strong></span> <span class='ocrx_word' id='word_1_664' title='bbox 449 2292 530 2321; x_wconf 90' lang='lat' dir='ltr'><strong>atque</strong></span> <span class='ocrx_word' id='word_1_665' title='bbox 547 2286 745 2313; x_wconf 79' lang='lat' dir='ltr'><strong>inﬂammatum</strong></span> <span class='ocrx_word' id='word_1_666' title='bbox 768 2291 864 2317; x_wconf 85' lang='lat' dir='ltr'><strong>esset,</strong></span> <span class='ocrx_word' id='word_1_667' title='bbox 885 2285 1071 2321; x_wconf 75' lang='lat' dir='ltr'><strong>maioremque</strong></span> 
     </span>
    </p>
   </div>
   <div class='ocr_carea' id='block_1_88' title="bbox 1102 2283 1915 2325">
    <p class='ocr_par' dir='ltr' id='par_1_88' title="bbox 1125 2283 1915 2325">
     <span class='ocr_line' id='line_1_89' title="bbox 1125 2283 1915 2325; baseline 0.003 -12"><span class='ocrx_word' id='word_1_668' title='bbox 1125 2294 1207 2321; x_wconf 84' lang='grc' dir='ltr'>ματα,</span> <span class='ocrx_word' id='word_1_669' title='bbox 1224 2283 1262 2314; x_wconf 82' lang='grc' dir='ltr'>ὧν</span> <span class='ocrx_word' id='word_1_670' title='bbox 1280 2288 1356 2314; x_wconf 80' lang='grc' dir='ltr'>πᾶσα</span> <span class='ocrx_word' id='word_1_671' title='bbox 1376 2287 1476 2324; x_wconf 85' lang='grc' dir='ltr'>μικροῦ</span> <span class='ocrx_word' id='word_1_672' title='bbox 1494 2287 1601 2325; x_wconf 83' lang='grc' dir='ltr'>πλήρης</span> <span class='ocrx_word' id='word_1_673' title='bbox 1614 2290 1649 2325; x_wconf 74' lang='grc' dir='ltr'>γῆ</span> <span class='ocrx_word' id='word_1_674' title='bbox 1664 2297 1694 2315; x_wconf 87' lang='grc' dir='ltr'><strong>τε</strong></span> <span class='ocrx_word' id='word_1_675' title='bbox 1709 2289 1755 2316; x_wconf 77' lang='grc' dir='ltr'>καὶ</span> <span class='ocrx_word' id='word_1_676' title='bbox 1769 2289 1915 2324; x_wconf 77' lang='grc' dir='ltr'>θάλασσα),</span> 
     </span>
    </p>
   </div>
   <div class='ocr_carea' id='block_1_89' title="bbox 282 2331 1095 2371">
    <p class='ocr_par' dir='ltr' id='par_1_89' title="bbox 282 2331 1070 2367">
     <span class='ocr_line' id='line_1_90' title="bbox 282 2331 1070 2367; baseline -0.001 -7"><span class='ocrx_word' id='word_1_677' title='bbox 282 2332 357 2360; x_wconf 82' lang='lat' dir='ltr'><strong>orbis</strong></span> <span class='ocrx_word' id='word_1_678' title='bbox 381 2337 484 2366; x_wconf 90' lang='lat' dir='ltr'><strong>partem</strong></span> <span class='ocrx_word' id='word_1_679' title='bbox 504 2332 643 2358; x_wconf 89' lang='lat' dir='ltr'><strong>invaderet</strong></span> <span class='ocrx_word' id='word_1_680' title='bbox 673 2331 738 2366; x_wconf 88' lang='lat' dir='ltr'><strong>(hic</strong></span> <span class='ocrx_word' id='word_1_681' title='bbox 757 2331 900 2359; x_wconf 87' lang='lat' dir='ltr'><strong>enimvero</strong></span> <span class='ocrx_word' id='word_1_682' title='bbox 930 2332 1070 2367; x_wconf 68' lang='lat' dir='ltr'><strong>tragwdia:</strong></span> 
     </span>
    </p>
   </div>
   <div class='ocr_carea' id='block_1_90' title="bbox 1103 2331 1916 2371">
    <p class='ocr_par' dir='ltr' id='par_1_90' title="bbox 1122 2333 1916 2371">
     <span class='ocr_line' id='line_1_91' title="bbox 1122 2333 1916 2371; baseline 0.003 -11"><span class='ocrx_word' id='word_1_683' title='bbox 1122 2333 1206 2366; x_wconf 83' lang='grc' dir='ltr'>πολὺς</span> <span class='ocrx_word' id='word_1_684' title='bbox 1224 2334 1273 2370; x_wconf 83' lang='grc' dir='ltr'>μὲν</span> <span class='ocrx_word' id='word_1_685' title='bbox 1288 2334 1352 2370; x_wconf 69' lang='grc' dir='ltr'>περὶ</span> <span class='ocrx_word' id='word_1_686' title='bbox 1369 2334 1450 2362; x_wconf 82' lang='grc' dir='ltr'>αὑτὸν</span> <span class='ocrx_word' id='word_1_687' title='bbox 1468 2335 1483 2362; x_wconf 81' lang='grc' dir='ltr'><strong>ὁ</strong></span> <span class='ocrx_word' id='word_1_688' title='bbox 1499 2335 1628 2371; x_wconf 81' lang='grc' dir='ltr'>πόλεμος,</span> <span class='ocrx_word' id='word_1_689' title='bbox 1648 2335 1686 2367; x_wconf 86' lang='grc' dir='ltr'><strong>ὡς</strong></span> <span class='ocrx_word' id='word_1_690' title='bbox 1707 2337 1829 2370; x_wconf 87' lang='grc' dir='ltr'>γενναῖον</span> <span class='ocrx_word' id='word_1_691' title='bbox 1854 2343 1916 2371; x_wconf 79' lang='grc' dir='ltr'>προ·</span> 
     </span>
    </p>
   </div>
   <div class='ocr_carea' id='block_1_91' title="bbox 317 2377 789 2410">
    <p class='ocr_par' dir='ltr' id='par_1_91' title="bbox 317 2377 789 2410">
     <span class='ocr_line' id='line_1_92' title="bbox 317 2377 789 2410; baseline -0.002 -6"><span class='ocrx_word' id='word_1_692' title='bbox 317 2378 341 2394; x_wconf 72' lang='grc' dir='ltr'><strong>δ’</strong></span> <span class='ocrx_word' id='word_1_693' title='bbox 352 2378 413 2404; x_wconf 88' lang='lat' dir='ltr'><strong>Act.</strong></span> <span class='ocrx_word' id='word_1_694' title='bbox 429 2385 497 2410; x_wconf 85' lang='lat' dir='ltr'><strong>xvn,</strong></span> <span class='ocrx_word' id='word_1_695' title='bbox 509 2377 554 2404; x_wconf 78' lang='grc'><strong>21.</strong></span> <span class='ocrx_word' id='word_1_696' title='bbox 592 2377 616 2393; x_wconf 76' lang='grc'><strong>⁸⁸</strong></span> <span class='ocrx_word' id='word_1_697' title='bbox 633 2377 695 2404; x_wconf 83' lang='lat' dir='ltr'><strong>Act.</strong></span> <span class='ocrx_word' id='word_1_698' title='bbox 709 2385 730 2410; x_wconf 92' lang='grc' dir='ltr'><strong>ι,</strong></span> <span class='ocrx_word' id='word_1_699' title='bbox 745 2377 789 2405; x_wconf 84' lang='lat' dir='ltr'><strong>I8.</strong></span> 
     </span>
    </p>
   </div>
   <div class='ocr_carea' id='block_1_92' title="bbox 319 2423 1132 2466">
    <p class='ocr_par' dir='ltr' id='par_1_92' title="bbox 319 2424 1069 2466">
     <span class='ocr_line' id='line_1_93' title="bbox 319 2424 1069 2466; baseline -0.001 -13"><span class='ocrx_word' id='word_1_700' title='bbox 319 2425 375 2461; x_wconf 79' lang='lat'><strong>(82)</strong></span> <span class='ocrx_word' id='word_1_701' title='bbox 392 2425 568 2466; x_wconf 67' lang='lat' dir='ltr'><strong>7Z_é_£w¢727¢al</strong></span> <span class='ocrx_word' id='word_1_702' title='bbox 583 2425 748 2465; x_wconf 69' lang='grc' dir='ltr'>Πύρῤωνες.</span> <span class='ocrx_word' id='word_1_703' title='bbox 763 2424 930 2466; x_wconf 60' lang='lat' dir='ltr'><strong>77Sextu_s_7et</strong></span> <span class='ocrx_word' id='word_1_704' title='bbox 963 2424 1069 2466; x_wconf 71' lang='lat' dir='ltr'><strong>I’yrrho</strong></span> 
     </span>
    </p>
   </div>
   <div class='ocr_carea' id='block_1_93' title="bbox 1006 2423 1819 2466">
    <p class='ocr_par' dir='ltr' id='par_1_93' title="bbox 1006 2423 1819 2466">
     <span class='ocr_line' id='line_1_94' title="bbox 1006 2423 1819 2466; baseline 0 -14"><span class='ocrx_word' id='word_1_705' title='bbox 1006 2425 1069 2453; x_wconf 91' lang='lat' dir='ltr'><strong>rrho</strong></span> <span class='ocrx_word' id='word_1_706' title='bbox 1233 2424 1332 2466; x_wconf 53' lang='lat'><strong>3177491;</strong></span> <span class='ocrx_word' id='word_1_707' title='bbox 1345 2424 1425 2464; x_wconf 74' lang='lat' dir='ltr'><strong>Deest</strong></span> <span class='ocrx_word' id='word_1_708' title='bbox 1436 2424 1463 2452; x_wconf 92' lang='lat' dir='ltr'><strong>in</strong></span> <span class='ocrx_word' id='word_1_709' title='bbox 1480 2425 1601 2466; x_wconf 78' lang='lat' dir='ltr'><strong>quinque</strong></span> <span class='ocrx_word' id='word_1_710' title='bbox 1610 2425 1678 2466; x_wconf 51' lang='lat' dir='ltr'><strong>Beg:</strong></span> <span class='ocrx_word' id='word_1_711' title='bbox 1694 2429 1722 2453; x_wconf 87' lang='lat' dir='ltr'><strong>et</strong></span> <span class='ocrx_word' id='word_1_712' title='bbox 1733 2425 1786 2466; x_wconf 52' lang='grc' dir='ltr'><strong>ρι·ζ</strong></span> <span class='ocrx_word' id='word_1_713' title='bbox 1794 2426 1819 2466; x_wconf 77' lang='lat' dir='ltr'><em>7L</em></span> 
     </span>
    </p>
   </div>
   <div class='ocr_carea' id='block_1_94' title="bbox 283 2459 1096 2496">
    <p class='ocr_par' dir='ltr' id='par_1_94' title="bbox 283 2459 1068 2496">
     <span class='ocr_line' id='line_1_95' title="bbox 283 2459 1068 2496; baseline -0.003 -8"><span class='ocrx_word' id='word_1_714' title='bbox 283 2459 363 2488; x_wconf 80' lang='lat' dir='ltr'><strong>erant</strong></span> <span class='ocrx_word' id='word_1_715' title='bbox 378 2461 541 2495; x_wconf 84' lang='lat' dir='ltr'><strong>philosophi,</strong></span> <span class='ocrx_word' id='word_1_716' title='bbox 561 2462 667 2496; x_wconf 66' lang='lat' dir='ltr'><strong>caeteris</strong></span> <span class='ocrx_word' id='word_1_717' title='bbox 697 2459 822 2496; x_wconf 88' lang='lat' dir='ltr'><strong>omnibus</strong></span> <span class='ocrx_word' id='word_1_718' title='bbox 840 2459 1006 2495; x_wconf 83' lang='lat' dir='ltr'><strong>philosophis</strong></span> <span class='ocrx_word' id='word_1_719' title='bbox 1018 2468 1068 2495; x_wconf 77' lang='lat' dir='ltr'><strong>op-</strong></span> 
     </span>
    </p>
   </div>
   <div class='ocr_carea' id='block_1_95' title="bbox 1102 2459 1915 2496">
    <p class='ocr_par' dir='ltr' id='par_1_95' title="bbox 1158 2459 1915 2496">
     <span class='ocr_line' id='line_1_96' title="bbox 1158 2459 1915 2496; baseline 0.001 -9"><span class='ocrx_word' id='word_1_720' title='bbox 1158 2459 1283 2496; x_wconf 61' lang='lat' dir='ltr'><strong>(§8)7in</strong></span> <span class='ocrx_word' id='word_1_721' title='bbox 1295 2459 1335 2496; x_wconf 61' lang='grc' dir='ltr'>τῷ</span> <span class='ocrx_word' id='word_1_722' title='bbox 1347 2459 1406 2486; x_wconf 80' lang='grc' dir='ltr'>τῶν</span> <span class='ocrx_word' id='word_1_723' title='bbox 1418 2459 1596 2496; x_wconf 58' lang='grc' dir='ltr'>τριακοιζίω·</span> <span class='ocrx_word' id='word_1_724' title='bbox 1607 2460 1683 2487; x_wconf 76' lang='grc' dir='ltr'>ὀκτὼ</span> <span class='ocrx_word' id='word_1_725' title='bbox 1701 2461 1749 2487; x_wconf 74' lang='grc' dir='ltr'>καὶ</span> <span class='ocrx_word' id='word_1_726' title='bbox 1769 2460 1843 2488; x_wconf 81' lang='grc' dir='ltr'>δέκα</span> <span class='ocrx_word' id='word_1_727' title='bbox 1854 2461 1915 2496; x_wconf 74' lang='lat' dir='ltr'><strong>dpl-</strong></span> 
     </span>
    </p>
   </div>
   <div class='ocr_carea' id='block_1_96' title="bbox 284 2494 1097 2531">
    <p class='ocr_par' dir='ltr' id='par_1_96' title="bbox 284 2494 1070 2531">
     <span class='ocr_line' id='line_1_97' title="bbox 284 2494 1070 2531; baseline 0 -8"><span class='ocrx_word' id='word_1_728' title='bbox 284 2494 450 2531; x_wconf 40' lang='lat' dir='ltr'><strong>positi,’qni,</strong></span> <span class='ocrx_word' id='word_1_729' title='bbox 464 2496 576 2531; x_wconf 78' lang='lat' dir='ltr'><strong>aliorum</strong></span> <span class='ocrx_word' id='word_1_730' title='bbox 592 2495 688 2530; x_wconf 81' lang='lat' dir='ltr'><strong>placita</strong></span> <span class='ocrx_word' id='word_1_731' title='bbox 705 2495 903 2530; x_wconf 78' lang='lat' dir='ltr'><strong>impugnantes,</strong></span> <span class='ocrx_word' id='word_1_732' title='bbox 921 2494 988 2523; x_wconf 86' lang='lat' dir='ltr'><strong>nihil</strong></span> <span class='ocrx_word' id='word_1_733' title='bbox 1000 2496 1070 2523; x_wconf 87' lang='lat' dir='ltr'><strong>certi</strong></span> 
     </span>
    </p>
   </div>
   <div class='ocr_carea' id='block_1_97' title="bbox 1101 2494 1914 2531">
    <p class='ocr_par' dir='ltr' id='par_1_97' title="bbox 1121 2494 1914 2531">
     <span class='ocr_line' id='line_1_98' title="bbox 1121 2494 1914 2531; baseline 0.004 -10"><span class='ocrx_word' id='word_1_734' title='bbox 1121 2494 1187 2531; x_wconf 71' lang='grc' dir='ltr'><strong>βμῷ</strong></span> <span class='ocrx_word' id='word_1_735' title='bbox 1211 2495 1331 2531; x_wconf 56' lang='grc' dir='ltr'><strong>ἀνδρῶῃ</strong></span> <span class='ocrx_word' id='word_1_736' title='bbox 1352 2495 1500 2531; x_wconf 71' lang='grc' dir='ltr'>λογτίδων.</span> <span class='ocrx_word' id='word_1_737' title='bbox 1534 2495 1580 2531; x_wconf 90' lang='lat' dir='ltr'><em>S7i7c</em></span> <span class='ocrx_word' id='word_1_738' title='bbox 1596 2495 1680 2523; x_wconf 87' lang='lat' dir='ltr'><strong>Coisl.</strong></span> <span class='ocrx_word' id='word_1_739' title='bbox 1699 2496 1726 2528; x_wconf 81' lang='lat' dir='ltr'><strong>I,</strong></span> <span class='ocrx_word' id='word_1_740' title='bbox 1750 2497 1804 2523; x_wconf 89' lang='lat' dir='ltr'><strong>duo</strong></span> <span class='ocrx_word' id='word_1_741' title='bbox 1826 2494 1914 2529; x_wconf 72' lang='lat'><strong>(3011)..</strong></span> 
     </span>
    </p>
   </div>
   <div class='ocr_carea' id='block_1_98' title="bbox 284 2529 1915 2563">
    <p class='ocr_par' dir='ltr' id='par_1_98' title="bbox 284 2529 1915 2563">
     <span class='ocr_line' id='line_1_99' title="bbox 284 2529 1915 2563; baseline 0 -4"><span class='ocrx_word' id='word_1_742' title='bbox 284 2529 344 2559; x_wconf 71' lang='lat' dir='ltr'><strong>esse</strong></span> <span class='ocrx_word' id='word_1_743' title='bbox 360 2530 568 2557; x_wconf 87' lang='lat' dir='ltr'><strong>contendebant.</strong></span> <span class='ocrx_word' id='word_1_744' title='bbox 593 2529 600 2530; x_wconf 25' lang='lat'><em>7</em></span> <span class='ocrx_word' id='word_1_745' title='bbox 744 2529 751 2530; x_wconf 25' lang='lat'><em>7</em></span> <span class='ocrx_word' id='word_1_746' title='bbox 785 2529 791 2530; x_wconf 57' lang='grc'><strong><em>⁷</em></strong></span> <span class='ocrx_word' id='word_1_747' title='bbox 1119 2529 1197 2563; x_wconf 70' lang='lat' dir='ltr'><strong>Pan,</strong></span> <span class='ocrx_word' id='word_1_748' title='bbox 1226 2529 1282 2557; x_wconf 84' lang='lat' dir='ltr'><strong>Jes.</strong></span> <span class='ocrx_word' id='word_1_749' title='bbox 1311 2529 1374 2557; x_wconf 67' lang='lat' dir='ltr'><strong>Haac</strong></span> <span class='ocrx_word' id='word_1_750' title='bbox 1396 2529 1486 2557; x_wconf 82' lang='lat' dir='ltr'><strong>etiam</strong></span> <span class='ocrx_word' id='word_1_751' title='bbox 1509 2538 1523 2557; x_wconf 79' lang='grc' dir='ltr'><strong>ιι</strong></span> <span class='ocrx_word' id='word_1_752' title='bbox 1548 2530 1626 2557; x_wconf 87' lang='lat' dir='ltr'><strong>Billio</strong></span> <span class='ocrx_word' id='word_1_753' title='bbox 1654 2531 1772 2561; x_wconf 83' lang='lat' dir='ltr'><strong>reddita.</strong></span> <span class='ocrx_word' id='word_1_754' title='bbox 1799 2531 1862 2559; x_wconf 87' lang='lat' dir='ltr'><strong>licet</strong></span> <span class='ocrx_word' id='word_1_755' title='bbox 1888 2533 1915 2560; x_wconf 87' lang='lat' dir='ltr'><strong>in</strong></span> 
     </span>
    </p>
   </div>
   <div class='ocr_carea' id='block_1_99' title="bbox 320 2564 1133 2603">
    <p class='ocr_par' dir='ltr' id='par_1_99' title="bbox 320 2564 1133 2603">
     <span class='ocr_line' id='line_1_100' title="bbox 320 2564 1133 2603; baseline 0 -11"><span class='ocrx_word' id='word_1_756' title='bbox 320 2566 376 2600; x_wconf 80' lang='lat'><strong>(83)</strong></span> <span class='ocrx_word' id='word_1_757' title='bbox 393 2565 582 2603; x_wconf 68' lang='grc' dir='ltr'>Καινρτερον.</span> <span class='ocrx_word' id='word_1_758' title='bbox 609 2564 693 2593; x_wconf 85' lang='lat' dir='ltr'><strong>Coisl.</strong></span> <span class='ocrx_word' id='word_1_759' title='bbox 706 2564 732 2598; x_wconf 85' lang='lat' dir='ltr'><strong>I,</strong></span> <span class='ocrx_word' id='word_1_760' title='bbox 760 2564 838 2592; x_wconf 73' lang='grc' dir='ltr'>κενὸν</span> <span class='ocrx_word' id='word_1_761' title='bbox 853 2564 902 2592; x_wconf 66' lang='grc' dir='ltr'><strong>καὶ⁵</strong></span> <span class='ocrx_word' id='word_1_762' title='bbox 923 2565 1072 2602; x_wconf 81' lang='grc' dir='ltr'>ἀνώνητον,</span> <span class='ocrx_word' id='word_1_763' title='bbox 1121 2565 1133 2603; x_wconf 72' lang='grc' dir='ltr'><strong>ς</strong></span> 
     </span>
    </p>
   </div>
   <div class='ocr_carea' id='block_1_100' title="bbox 1102 2564 1915 2603">
    <p class='ocr_par' dir='ltr' id='par_1_100' title="bbox 1121 2564 1915 2603">
     <span class='ocr_line' id='line_1_101' title="bbox 1121 2564 1915 2603; baseline 0.001 -10"><span class='ocrx_word' id='word_1_764' title='bbox 1121 2565 1348 2603; x_wconf 56' lang='grc' dir='ltr'>ῼηξρίεοιιιίεειιτ</span> <span class='ocrx_word' id='word_1_765' title='bbox 1366 2564 1395 2591; x_wconf 88' lang='lat' dir='ltr'><strong>In</strong></span> <span class='ocrx_word' id='word_1_766' title='bbox 1425 2567 1483 2598; x_wconf 90' lang='lat' dir='ltr'><strong>ed.,</strong></span> <span class='ocrx_word' id='word_1_767' title='bbox 1500 2565 1550 2592; x_wconf 77' lang='grc' dir='ltr'>καὶ</span> <span class='ocrx_word' id='word_1_768' title='bbox 1575 2565 1615 2601; x_wconf 85' lang='grc' dir='ltr'>τῷ</span> <span class='ocrx_word' id='word_1_769' title='bbox 1634 2565 1689 2593; x_wconf 84' lang='grc' dir='ltr'><strong>τῶν</strong></span> <span class='ocrx_word' id='word_1_770' title='bbox 1712 2566 1834 2601; x_wconf 81' lang='grc' dir='ltr'>λογάδων</span> <span class='ocrx_word' id='word_1_771' title='bbox 1851 2567 1915 2603; x_wconf 83' lang='grc' dir='ltr'>ἀρι-</span> 
     </span>
    </p>
   </div>
   <div class='ocr_carea' id='block_1_101' title="bbox 286 2600 1438 2636">
    <p class='ocr_par' dir='ltr' id='par_1_101' title="bbox 286 2600 1438 2636">
     <span class='ocr_line' id='line_1_102' title="bbox 286 2600 1438 2636; baseline -0.001 -9"><span class='ocrx_word' id='word_1_772' title='bbox 286 2610 297 2627; x_wconf 72' lang='grc' dir='ltr'>ι</span> <span class='ocrx_word' id='word_1_773' title='bbox 314 2608 412 2636; x_wconf 75' lang='lat' dir='ltr'><strong>vanum</strong></span> <span class='ocrx_word' id='word_1_774' title='bbox 428 2606 456 2636; x_wconf 82' lang='lat' dir='ltr'><strong>et</strong></span> <span class='ocrx_word' id='word_1_775' title='bbox 469 2601 574 2636; x_wconf 80' lang='lat' dir='ltr'><strong>inutile.</strong></span> <span class='ocrx_word' id='word_1_776' title='bbox 587 2610 616 2636; x_wconf 73' lang='lat' dir='ltr'><em>I77</em></span> <span class='ocrx_word' id='word_1_777' title='bbox 650 2634 671 2636; x_wconf 98' lang='lat'>_</span> <span class='ocrx_word' id='word_1_778' title='bbox 684 2635 699 2636; x_wconf 98' lang='lat'><strong>77</strong></span> <span class='ocrx_word' id='word_1_779' title='bbox 786 2635 798 2636; x_wconf 99' lang='lat'><strong>77</strong></span> <span class='ocrx_word' id='word_1_780' title='bbox 849 2635 854 2636; x_wconf 99' lang='lat'><strong>7</strong></span> <span class='ocrx_word' id='word_1_781' title='bbox 888 2635 895 2636; x_wconf 99' lang='lat'><strong>7</strong></span> <span class='ocrx_word' id='word_1_782' title='bbox 940 2635 959 2636; x_wconf 99' lang='lat'><strong>77</strong></span> <span class='ocrx_word' id='word_1_783' title='bbox 975 2635 978 2636; x_wconf 99' lang='lat'><strong>7</strong></span> <span class='ocrx_word' id='word_1_784' title='bbox 1007 2600 1012 2602; x_wconf 72' lang='grc'>⁷</span> <span class='ocrx_word' id='word_1_785' title='bbox 1123 2600 1195 2636; x_wconf 85' lang='grc' dir='ltr'>θμῷ.</span> <span class='ocrx_word' id='word_1_786' title='bbox 1212 2600 1317 2628; x_wconf 83' lang='lat' dir='ltr'><strong>C:ctera</strong></span> <span class='ocrx_word' id='word_1_787' title='bbox 1331 2600 1438 2636; x_wconf 74' lang='lat' dir='ltr'><strong>desunt.</strong></span> 
     </span>
    </p>
   </div>
   <div class='ocr_carea' id='block_1_102' title="bbox 319 2634 1132 2672">
    <p class='ocr_par' dir='ltr' id='par_1_102' title="bbox 319 2634 1074 2672">
     <span class='ocr_line' id='line_1_103' title="bbox 319 2634 1074 2672; baseline 0 -10"><span class='ocrx_word' id='word_1_788' title='bbox 319 2635 376 2672; x_wconf 71' lang='grc'><strong>(84)</strong></span> <span class='ocrx_word' id='word_1_789' title='bbox 395 2634 756 2672; x_wconf 28' lang='grc' dir='ltr'><strong>Ὀΰυρεῖταιηβὶσλτὶιιθω.</strong></span> <span class='ocrx_word' id='word_1_790' title='bbox 779 2635 915 2667; x_wconf 75' lang='lat' dir='ltr'><strong>C0mbei&#39;.,</strong></span> <span class='ocrx_word' id='word_1_791' title='bbox 934 2635 1074 2672; x_wconf 84' lang='grc' dir='ltr'>ὀδύραιτο,</span> 
     </span>
    </p>
   </div>
   <div class='ocr_carea' id='block_1_103' title="bbox 989 2634 1802 2672">
    <p class='ocr_par' dir='ltr' id='par_1_103' title="bbox 989 2634 1802 2672">
     <span class='ocr_line' id='line_1_104' title="bbox 989 2634 1802 2672; baseline 0.002 -10"><span class='ocrx_word' id='word_1_792' title='bbox 989 2644 1074 2672; x_wconf 84' lang='grc' dir='ltr'>ραιτο,</span> <span class='ocrx_word' id='word_1_793' title='bbox 1231 2636 1366 2672; x_wconf 59' lang='grc' dir='ltr'>Ἠγαγεῖ.</span> <span class='ocrx_word' id='word_1_794' title='bbox 1380 2634 1463 2672; x_wconf 73' lang='lat' dir='ltr'><strong>coisi.</strong></span> <span class='ocrx_word' id='word_1_795' title='bbox 1477 2635 1488 2662; x_wconf 65' lang='grc' dir='ltr'><strong><em>Ω</em></strong></span> <span class='ocrx_word' id='word_1_796' title='bbox 1506 2639 1533 2663; x_wconf 89' lang='lat' dir='ltr'><strong>et</strong></span> <span class='ocrx_word' id='word_1_797' title='bbox 1544 2636 1620 2672; x_wconf 77' lang='lat' dir='ltr'><strong>P7ar.,</strong></span> <span class='ocrx_word' id='word_1_798' title='bbox 1639 2637 1802 2672; x_wconf 78' lang='grc' dir='ltr'>συνήγαγεν.</span> 
     </span>
    </p>
   </div>
   <div class='ocr_carea' id='block_1_104' title="bbox 288 2669 1101 2708">
    <p class='ocr_par' dir='ltr' id='par_1_104' title="bbox 288 2669 1041 2708">
     <span class='ocr_line' id='line_1_105' title="bbox 288 2669 1041 2708; baseline -0.001 -11"><span class='ocrx_word' id='word_1_799' title='bbox 288 2680 299 2697; x_wconf 79' lang='grc' dir='ltr'>ι</span> <span class='ocrx_word' id='word_1_800' title='bbox 314 2669 526 2708; x_wconf 57' lang='lat' dir='ltr'><strong>ti7e|7i7loraver_it.g</strong></span> <span class='ocrx_word' id='word_1_801' title='bbox 541 2671 605 2703; x_wconf 86' lang='lat' dir='ltr'><strong>Alii,</strong></span> <span class='ocrx_word' id='word_1_802' title='bbox 616 2669 763 2708; x_wconf 56' lang='lat' dir='ltr'><strong>wgpzzgt._</strong></span> <span class='ocrx_word' id='word_1_803' title='bbox 813 2705 819 2708; x_wconf 91' lang='lat'><strong>7</strong></span> <span class='ocrx_word' id='word_1_804' title='bbox 839 2705 855 2708; x_wconf 87' lang='lat'><em>__</em></span> <span class='ocrx_word' id='word_1_805' title='bbox 950 2669 992 2708; x_wconf 76' lang='lat'><strong>__&#39;</strong></span> <span class='ocrx_word' id='word_1_806' title='bbox 1035 2706 1041 2708; x_wconf 93' lang='lat'>_</span> 
     </span>
    </p>
   </div>
   <div class='ocr_carea' id='block_1_105' title="bbox 1100 2669 1913 2708">
    <p class='ocr_par' dir='ltr' id='par_1_105' title="bbox 1124 2669 1913 2708">
     <span class='ocr_line' id='line_1_106' title="bbox 1124 2669 1913 2708; baseline 0.005 -11"><span class='ocrx_word' id='word_1_807' title='bbox 1124 2705 1132 2708; x_wconf 84' lang='lat'><strong>7</strong></span> <span class='ocrx_word' id='word_1_808' title='bbox 1160 2669 1216 2706; x_wconf 79' lang='lat' dir='ltr'><strong>(9t!)</strong></span> <span class='ocrx_word' id='word_1_809' title='bbox 1233 2669 1273 2697; x_wconf 81' lang='grc' dir='ltr'><em>Τὰ</em></span> <span class='ocrx_word' id='word_1_810' title='bbox 1289 2669 1391 2708; x_wconf 50' lang='lat' dir='ltr'><strong>umbra</strong></span> <span class='ocrx_word' id='word_1_811' title='bbox 1405 2669 1449 2708; x_wconf 66' lang='grc' dir='ltr'><strong>δέ,</strong></span> <span class='ocrx_word' id='word_1_812' title='bbox 1477 2676 1542 2708; x_wconf 86' lang='lat' dir='ltr'><strong>elc._</strong></span> <span class='ocrx_word' id='word_1_813' title='bbox 1557 2671 1652 2708; x_wconf 84' lang='lat' dir='ltr'><strong>Billius</strong></span> <span class='ocrx_word' id='word_1_814' title='bbox 1669 2680 1676 2699; x_wconf 90' lang='lat'><strong>:</strong></span> <span class='ocrx_word' id='word_1_815' title='bbox 1698 2669 1814 2700; x_wconf 44' lang='lat' dir='ltr'><strong>{verum</strong></span> <span class='ocrx_word' id='word_1_816' title='bbox 1834 2673 1913 2708; x_wconf 82' lang='lat' dir='ltr'><strong>primi</strong></span> 
     </span>
    </p>
   </div>
   <div class='ocr_carea' id='block_1_106' title="bbox 323 2704 1914 2741">
    <p class='ocr_par' dir='ltr' id='par_1_106' title="bbox 323 2704 1914 2741">
     <span class='ocr_line' id='line_1_107' title="bbox 323 2704 1914 2741; baseline 0.003 -10"><span class='ocrx_word' id='word_1_817' title='bbox 323 2705 378 2741; x_wconf 84' lang='lat'><strong>(85)</strong></span> <span class='ocrx_word' id='word_1_818' title='bbox 397 2704 499 2740; x_wconf 80' lang='grc' dir='ltr'><strong>Εῡχῆς</strong></span> <span class='ocrx_word' id='word_1_819' title='bbox 509 2706 607 2741; x_wconf 73' lang='grc' dir='ltr'>ἔργον.</span> <span class='ocrx_word' id='word_1_820' title='bbox 623 2715 633 2731; x_wconf 76' lang='grc' dir='ltr'><strong>ε</strong></span> <span class='ocrx_word' id='word_1_821' title='bbox 644 2704 780 2733; x_wconf 78' lang='lat' dir='ltr'><strong>orationis</strong></span> <span class='ocrx_word' id='word_1_822' title='bbox 793 2705 908 2732; x_wconf 83' lang='lat' dir='ltr'><strong>viribus.</strong></span> <span class='ocrx_word' id='word_1_823' title='bbox 923 2714 933 2732; x_wconf 72' lang='grc' dir='ltr'><strong>ι</strong></span> <span class='ocrx_word' id='word_1_824' title='bbox 950 2705 1075 2733; x_wconf 88' lang='lat' dir='ltr'><strong>Theodo-</strong></span> <span class='ocrx_word' id='word_1_825' title='bbox 1123 2704 1270 2741; x_wconf 73' lang='lat' dir='ltr'><strong>intercus.</strong></span> <span class='ocrx_word' id='word_1_826' title='bbox 1289 2706 1334 2740; x_wconf 91' lang='lat' dir='ltr'><strong>qui</strong></span> <span class='ocrx_word' id='word_1_827' title='bbox 1352 2706 1433 2741; x_wconf 85' lang='lat' dir='ltr'><strong>simul</strong></span> <span class='ocrx_word' id='word_1_828' title='bbox 1450 2713 1510 2733; x_wconf 90' lang='lat' dir='ltr'><strong>cum</strong></span> <span class='ocrx_word' id='word_1_829' title='bbox 1536 2706 1603 2740; x_wconf 88' lang='lat' dir='ltr'><strong>ipsis</strong></span> <span class='ocrx_word' id='word_1_830' title='bbox 1615 2714 1650 2733; x_wconf 89' lang='lat' dir='ltr'><strong>eo</strong></span> <span class='ocrx_word' id='word_1_831' title='bbox 1663 2704 1853 2741; x_wconf 80' lang='lat' dir='ltr'><strong>perrexerani,</strong></span> <span class='ocrx_word' id='word_1_832' title='bbox 1866 2716 1914 2735; x_wconf 90' lang='lat' dir='ltr'><strong>or-</strong></span> 
     </span>
    </p>
   </div>
   <div class='ocr_carea' id='block_1_107' title="bbox 287 2740 1914 2776">
    <p class='ocr_par' dir='ltr' id='par_1_107' title="bbox 287 2740 1914 2776">
     <span class='ocr_line' id='line_1_108' title="bbox 287 2740 1914 2776; baseline 0.002 -9"><span class='ocrx_word' id='word_1_833' title='bbox 287 2745 371 2773; x_wconf 73' lang='lat' dir='ltr'><strong>retus,</strong></span> <span class='ocrx_word' id='word_1_834' title='bbox 390 2740 437 2768; x_wconf 94' lang='lat' dir='ltr'><strong>lib.</strong></span> <span class='ocrx_word' id='word_1_835' title='bbox 452 2749 472 2773; x_wconf 90' lang='grc' dir='ltr'><strong>ι,</strong></span> <span class='ocrx_word' id='word_1_836' title='bbox 498 2748 523 2768; x_wconf 91' lang='lat' dir='ltr'><strong>c.</strong></span> <span class='ocrx_word' id='word_1_837' title='bbox 542 2740 560 2768; x_wconf 71' lang='grc'><strong>4</strong></span> <span class='ocrx_word' id='word_1_838' title='bbox 586 2745 678 2768; x_wconf 89' lang='lat' dir='ltr'><strong>narrat</strong></span> <span class='ocrx_word' id='word_1_839' title='bbox 708 2741 844 2776; x_wconf 86' lang='lat' dir='ltr'><strong>quomodo</strong></span> <span class='ocrx_word' id='word_1_840' title='bbox 867 2741 960 2776; x_wconf 81' lang='lat' dir='ltr'><strong>Arius,</strong></span> <span class='ocrx_word' id='word_1_841' title='bbox 980 2745 1077 2768; x_wconf 84' lang='lat' dir='ltr'><strong>orante</strong></span> <span class='ocrx_word' id='word_1_842' title='bbox 1124 2741 1230 2768; x_wconf 72' lang='lat' dir='ltr'><strong>diuis.)</strong></span> <span class='ocrx_word' id='word_1_843' title='bbox 1249 2740 1300 2767; x_wconf 88' lang='lat' dir='ltr'><strong>Per</strong></span> <span class='ocrx_word' id='word_1_844' title='bbox 1318 2741 1389 2768; x_wconf 85' lang='lat' dir='ltr'><strong>hanc</strong></span> <span class='ocrx_word' id='word_1_845' title='bbox 1415 2740 1670 2774; x_wconf 83' lang='lat' dir='ltr'><strong>interpretationem</strong></span> <span class='ocrx_word' id='word_1_846' title='bbox 1691 2743 1801 2774; x_wconf 83' lang='lat' dir='ltr'><strong>conjicit</strong></span> <span class='ocrx_word' id='word_1_847' title='bbox 1819 2743 1914 2771; x_wconf 77' lang='lat' dir='ltr'><strong>Billiua</strong></span> 
     </span>
    </p>
   </div>
   <div class='ocr_carea' id='block_1_108' title="bbox 287 2775 1914 2811">
    <p class='ocr_par' dir='ltr' id='par_1_108' title="bbox 287 2775 1914 2811">
     <span class='ocr_line' id='line_1_109' title="bbox 287 2775 1914 2811; baseline 0.002 -9"><span class='ocrx_word' id='word_1_848' title='bbox 287 2776 441 2811; x_wconf 83' lang='lat' dir='ltr'><strong>Alexandro</strong></span> <span class='ocrx_word' id='word_1_849' title='bbox 457 2775 756 2811; x_wconf 85' lang='lat' dir='ltr'><strong>Constantinopolitano</strong></span> <span class='ocrx_word' id='word_1_850' title='bbox 782 2775 908 2811; x_wconf 60' lang='lat' dir='ltr'><strong>praesule,</strong></span> <span class='ocrx_word' id='word_1_851' title='bbox 931 2776 1076 2804; x_wconf 86' lang='lat' dir='ltr'><strong>miserahi-</strong></span> <span class='ocrx_word' id='word_1_852' title='bbox 1123 2776 1316 2807; x_wconf 84' lang='lat' dir='ltr'><strong>Athanasium,</strong></span> <span class='ocrx_word' id='word_1_853' title='bbox 1335 2783 1387 2802; x_wconf 93' lang='lat' dir='ltr'><strong>non</strong></span> <span class='ocrx_word' id='word_1_854' title='bbox 1411 2776 1481 2803; x_wconf 89' lang='lat' dir='ltr'><strong>inter</strong></span> <span class='ocrx_word' id='word_1_855' title='bbox 1497 2777 1571 2810; x_wconf 85' lang='lat' dir='ltr'><strong>ipsos</strong></span> <span class='ocrx_word' id='word_1_856' title='bbox 1598 2777 1706 2804; x_wconf 83' lang='lat' dir='ltr'><strong>concilii</strong></span> <span class='ocrx_word' id='word_1_857' title='bbox 1731 2777 1837 2810; x_wconf 77' lang='lat' dir='ltr'><strong>Patres,</strong></span> <span class='ocrx_word' id='word_1_858' title='bbox 1867 2780 1914 2805; x_wconf 89' lang='lat' dir='ltr'><strong>sed</strong></span> 
     </span>
    </p>
   </div>
   <div class='ocr_carea' id='block_1_109' title="bbox 287 2810 1913 2846">
    <p class='ocr_par' dir='ltr' id='par_1_109' title="bbox 287 2810 1913 2846">
     <span class='ocr_line' id='line_1_110' title="bbox 287 2810 1913 2846; baseline 0.001 -8"><span class='ocrx_word' id='word_1_859' title='bbox 287 2810 507 2846; x_wconf 61' lang='lat' dir='ltr'><strong>liter-interierit.</strong></span> <span class='ocrx_word' id='word_1_860' title='bbox 637 2810 652 2846; x_wconf 37' lang='lat'><em>’7</em></span> <span class='ocrx_word' id='word_1_861' title='bbox 673 2845 678 2846; x_wconf 99' lang='lat'><strong>7</strong></span> <span class='ocrx_word' id='word_1_862' title='bbox 696 2845 703 2846; x_wconf 99' lang='lat'><strong>7</strong></span> <span class='ocrx_word' id='word_1_863' title='bbox 782 2810 797 2846; x_wconf 51' lang='grc' dir='ltr'>ί</span> <span class='ocrx_word' id='word_1_864' title='bbox 821 2845 825 2846; x_wconf 95' lang='lat'><strong>7</strong></span> <span class='ocrx_word' id='word_1_865' title='bbox 894 2845 897 2846; x_wconf 95' lang='lat'><strong>7</strong></span> <span class='ocrx_word' id='word_1_866' title='bbox 1124 2811 1198 2846; x_wconf 80' lang='lat' dir='ltr'><strong>inter</strong></span> <span class='ocrx_word' id='word_1_867' title='bbox 1225 2811 1336 2838; x_wconf 78' lang='lat' dir='ltr'><strong>secundi</strong></span> <span class='ocrx_word' id='word_1_868' title='bbox 1353 2811 1458 2838; x_wconf 87' lang='lat' dir='ltr'><strong>ordinis</strong></span> <span class='ocrx_word' id='word_1_869' title='bbox 1487 2812 1628 2846; x_wconf 76' lang='lat' dir='ltr'><strong>theologos</strong></span> <span class='ocrx_word' id='word_1_870' title='bbox 1654 2814 1756 2846; x_wconf 82' lang='lat' dir='ltr'><strong>primas</strong></span> <span class='ocrx_word' id='word_1_871' title='bbox 1782 2814 1913 2842; x_wconf 71' lang='lat' dir='ltr'><strong>tenuisse.</strong></span> 
     </span>
    </p>
   </div>
   <div class='ocr_carea' id='block_1_110' title="bbox 323 2843 1136 2886">
    <p class='ocr_par' dir='ltr' id='par_1_110' title="bbox 323 2843 1136 2886">
     <span class='ocr_line' id='line_1_111' title="bbox 323 2843 1136 2886; baseline 0.001 -14"><span class='ocrx_word' id='word_1_872' title='bbox 323 2843 602 2886; x_wconf 68' lang='lat' dir='ltr'><strong>(86)7Ka¢rotopta7c.</strong></span> <span class='ocrx_word' id='word_1_873' title='bbox 623 2845 741 2886; x_wconf 59' lang='lat' dir='ltr'><strong>_Cois7l7._t</strong></span> <span class='ocrx_word' id='word_1_874' title='bbox 763 2845 853 2886; x_wconf 63' lang='lat' dir='ltr'><strong>addit,</strong></span> <span class='ocrx_word' id='word_1_875' title='bbox 878 2845 953 2875; x_wconf 74' lang='grc' dir='ltr'>ἴδιον.</span> <span class='ocrx_word' id='word_1_876' title='bbox 987 2856 997 2875; x_wconf 75' lang='grc' dir='ltr'><strong>ι</strong></span> <span class='ocrx_word' id='word_1_877' title='bbox 1010 2846 1077 2876; x_wconf 83' lang='lat' dir='ltr'><strong>Pro-</strong></span> <span class='ocrx_word' id='word_1_878' title='bbox 1123 2845 1136 2873; x_wconf 80' lang='lat' dir='ltr'><strong>r</strong></span> 
     </span>
    </p>
   </div>
   <div class='ocr_carea' id='block_1_111' title="bbox 1103 2843 1916 2886">
    <p class='ocr_par' dir='ltr' id='par_1_111' title="bbox 1123 2843 1916 2886">
     <span class='ocr_line' id='line_1_112' title="bbox 1123 2843 1916 2886; baseline 0.003 -13"><span class='ocrx_word' id='word_1_879' title='bbox 1123 2845 1234 2886; x_wconf 51' lang='lat' dir='ltr'><strong>Nicetas</strong></span> <span class='ocrx_word' id='word_1_880' title='bbox 1250 2853 1316 2886; x_wconf 67' lang='lat' dir='ltr'><strong>vero</strong></span> <span class='ocrx_word' id='word_1_881' title='bbox 1329 2845 1409 2886; x_wconf 73' lang='lat' dir='ltr'><strong>aliter</strong></span> <span class='ocrx_word' id='word_1_882' title='bbox 1423 2843 1629 2886; x_wconf 68' lang='lat' dir='ltr'><strong>interpretatur,</strong></span> <span class='ocrx_word' id='word_1_883' title='bbox 1651 2843 1679 2874; x_wconf 80' lang='lat' dir='ltr'><strong>et</strong></span> <span class='ocrx_word' id='word_1_884' title='bbox 1695 2847 1916 2886; x_wconf 68' lang='lat' dir='ltr'><strong>innuitAthana-</strong></span> 
     </span>
    </p>
   </div>
   <div class='ocr_carea' id='block_1_112' title="bbox 288 2879 1101 2916">
    <p class='ocr_par' dir='ltr' id='par_1_112' title="bbox 288 2879 844 2915">
     <span class='ocr_line' id='line_1_113' title="bbox 288 2879 844 2915; baseline 0 -7"><span class='ocrx_word' id='word_1_885' title='bbox 288 2879 377 2915; x_wconf 81' lang='lat' dir='ltr'><strong>prium</strong></span> <span class='ocrx_word' id='word_1_886' title='bbox 392 2880 506 2909; x_wconf 69' lang='lat' dir='ltr'><strong>invecta</strong></span> <span class='ocrx_word' id='word_1_887' title='bbox 519 2879 646 2910; x_wconf 75' lang='lat' dir='ltr'><strong>novitatis</strong></span> <span class='ocrx_word' id='word_1_888' title='bbox 660 2889 676 2909; x_wconf 90' lang='lat' dir='ltr'><strong>a</strong></span> <span class='ocrx_word' id='word_1_889' title='bbox 691 2879 821 2910; x_wconf 83' lang='lat' dir='ltr'><strong>Sabellio.</strong></span> <span class='ocrx_word' id='word_1_890' title='bbox 833 2889 844 2908; x_wconf 73' lang='grc' dir='ltr'><strong>ι</strong></span> 
     </span>
    </p>
   </div>
   <div class='ocr_carea' id='block_1_113' title="bbox 1100 2879 1913 2916">
    <p class='ocr_par' dir='ltr' id='par_1_113' title="bbox 1124 2879 1913 2916">
     <span class='ocr_line' id='line_1_114' title="bbox 1124 2879 1913 2916; baseline 0 -6"><span class='ocrx_word' id='word_1_891' title='bbox 1124 2881 1195 2910; x_wconf 76' lang='lat' dir='ltr'><strong>sium</strong></span> <span class='ocrx_word' id='word_1_892' title='bbox 1223 2881 1334 2913; x_wconf 76' lang='lat' dir='ltr'><strong>sedisse,</strong></span> <span class='ocrx_word' id='word_1_893' title='bbox 1359 2881 1389 2908; x_wconf 78' lang='grc' dir='ltr'>ἐν</span> <span class='ocrx_word' id='word_1_894' title='bbox 1411 2882 1467 2913; x_wconf 84' lang='grc' dir='ltr'>τοῖς</span> <span class='ocrx_word' id='word_1_895' title='bbox 1494 2879 1738 2916; x_wconf 65' lang='grc' dir='ltr'>λιτρωταγωνισταίς</span> <span class='ocrx_word' id='word_1_896' title='bbox 1759 2883 1913 2916; x_wconf 74' lang='grc' dir='ltr'>εὐσεϐείας,</span> 
     </span>
    </p>
   </div>
  </div>
