2060 3140
207 172 276 202 109⁸3

207 240 292 270 genus
305 239 365 260 esse
377 232 501 260 constat;
519 226 636 260 primum
658 223 751 250 aliena:
773 229 874 249 mensa:
890 220 992 247 manci-
1007 223 1029 249 Α

168 283 177 290 ⁸
207 282 301 316 pium,
319 284 401 312 atque
423 274 474 303 oll'a
501 272 596 300 venale
610 290 618 303 ,
634 270 728 304 sicque
753 272 938 302 comparatum
966 271 992 291 et

208 312 347 356 edoctum,
359 328 389 351 ut
399 321 489 350 omnia
501 319 535 346 ad
549 317 652 344 ventris
672 314 788 350 gratiam
811 318 866 339 tum
882 312 991 341 laceret,

209 379 265 402 tum
286 373 462 406 loqueretur;
482 365 589 393 tandem
605 370 666 390 cum
685 361 718 388 ad
735 359 932 394 rempublicam
948 365 994 392 ge-

210 417 322 447 rendam
342 413 468 449 pestifere
490 418 520 438 se
541 407 712 437 contulisset.
728 410 810 440 alque
829 409 952 431 extremo
967 406 994 428 ct

211 448 400 492 sordidissimo
424 457 497 484 illius
520 454 640 483 muneri,
660 453 710 479 hoc
728 455 782 481 est,
800 449 888 478 suillis
906 448 995 475 carni-

212 511 281 540 bus,
304 505 404 541 quibus
427 503 505 530 turba
538 499 664 527 militaris
690 497 792 527 alitur,
816 492 996 526 suscipiendis

213 538 356 590 [traiectus
370 549 478 580 fuisset,
502 551 583 580 alque
601 545 628 571 in
655 543 800 570 commisso
816 541 867 568 sibi
888 538 995 573 negotio

213 583 325 628 inlidunt
341 603 371 623 se
394 592 574 630 praebuisset,
589 594 728 624 totamque
751 586 872 615 muneris
891 584 932 612 sui
948 583 997 611 ad-

215 641 442 672 ministrationem
457 638 490 665 ad
507 641 628 664 ventrem
650 634 798 665 retulisset,
820 634 996 667 posteaquam

215 689 284 717 nihil
305 687 342 714 illi
363 690 466 721 praeter
490 690 590 717 corpus
615 679 710 714 reliqui
735 679 803 709 fuit,
826 675 996 712 profugiendi

215 734 359 764 consilium
375 731 463 766 capit,
482 735 563 764 atque
581 727 662 754 aliam
676 734 710 754 ex
732 725 784 752 alia
803 724 940 758 regionem
966 729 998 748 ac

215 782 364 812 civitatem,
384 783 414 805 ut
438 776 611 811 fugitivorum
639 780 697 799 lllOS
721 775 777 802 est,
798 769 914 797 subinde
935 775 998 802 per-

215 830 336 856 mutans,
353 828 500 858 postremo,
516 820 550 847 ad
569 824 742 846 communem
763 814 890 843 Ecclesia}
909 813 999 848 perni-

217 873 299 902 ciem,
315 871 403 898 instar
421 866 562 902 cujusdam
582 863 749 899 Egyptiaca:
767 861 863 896 plagae,
879 859 998 887 Alexan-

813 161 842 189 S.
861 157 1026 188 (ΖΜ-1601111
1045 153 1218 183 THEOLOGI

1762 146 1831 174 “05)

1043 216 1077 243 τὰ
1105 215 1154 250 μὲν
1189 213 1284 250 πρῶτα
1317 212 1456 248 τραπέζης
1488 209 1630 245 ἀλλοτρίας
1659 207 1762 237 δοῦλον.
1785 207 1832 233 καὶ

1048 262 1136 296 μάζης
1164 260 1255 291 ὢνιον,
1273 259 1363 285 πάντα
1385 258 1432 285 καὶ
1450 258 1536 284 ποιεῖν
1556 256 1602 282 καὶ
1627 254 1716 288 λέγειν
1732 253 1779 279 ἐπὶ
1798 254 1831 286 τῇ

1046 308 1146 343 γαστρὶ
1169 305 1343 342 μεμαθηκός·
1366 304 1399 331 τὰ
1425 303 1566 330 τελευταῖα
1589 302 1617 327 δὲ
1639 301 1686 327 καὶ
1712 298 1834 333 πολιτείᾳ

1048 353 1261 389 παρεισῳθαρὲν,
1287 351 1333 377 καὶ
1357 349 1501 376 πιστευθὲν
1529 347 1631 382 ταύτης
1657 345 1692 372 τά
1717 345 1830 379 ἔσχατα,

1048 401 1110 427 ὅσον
1132 398 1212 425 ὑείων
1240 397 1328 433 κρεῶν
1353 396 1485 431 ὑποδοχέα
1502 393 1639 429 γενέσθαι.
1654 389 1694 423 οἷς
1708 391 1738 417 τὸ
1758 399 1836 424 στρα-

1048 444 1172 472 τιωτικὸν
1196 443 1341 478 τρέφεται·
1370 439 1429 468 εἷτα
1460 440 1545 467 κακὸν
1579 438 1643 474 περὶ
1670 437 1719 472 τὴν
1745 436 1836 462 πίστιν

1049 489 1205 525 γενόμενον,
1225 487 1272 514 καὶ
1296 488 1330 522 τῇ
1355 486 1455 521 γαστρὶ
1481 484 1721 519 πολιτευσάμενον,
1742 481 1836 516 ἐπειδὴ

1048 537 1080 563 τὸ
1097 536 1176 571 σῶμα
1206 534 1367 561 ὑπελείπετο
1395 532 1485 567 μόνον,
1512 530 1632 567 δρασμὸν
1663 529 1764 559 ὲννοεί,
1789 527 1837 554 καί

1050 582 1133 617 ἄλλην
1152 580 1182 613 ἐξ
1202 580 1287 615 ἄλλης
1302 578 1424 614 άμείΰων
1442 577 1536 613 χώραν
1560 577 1607 604 καὶ
1628 575 1716 607 πόλιν,
1738 571 1781 600 οἶα
1803 573 1838 599 τὰ

1050 629 1104 656 τῶν
1120 626 1257 662 φυγάδων,
1273 625 1348 656 τέλος
1370 625 1416 651 ἐπὶ
1437 624 1514 659 κακῷ
1534 623 1580 650 τοῦ
1604 622 1693 649 κοινοῦ
1715 621 1764 656 τῆς
1781 620 1840 646 Ἐκ-

1052 673 1175 709 κλησίας,
1190 669 1246 698 οἶόν
1264 679 1306 702 τις
1325 670 1497 704 Αἰγυπτιακὴ
1519 668 1624 704 πληγὴ,
1647 667 1697 702 τὴν
1716 665 1840 698 Ἀλεξαν-

1051 719 1136 755 δρέων
1161 715 1374 751 καταλαμῆάνει.
1401 713 1531 740 Ἐνταῦθα
1551 713 1600 748 τῆς
1624 712 1692 747 ἄλης
1716 711 1838 741 ἵσταται,

1051 765 1099 791 καὶ
1124 764 1173 799 τῆς
1199 760 1366 797 κακουργίας
1388 760 1511 796 ἄρχεται.
1544 758 1597 785 Καὶ
1618 756 1651 793 ἦν
1679 756 1763 783 τᾶλλα
1791 756 1840 790 μὲν

1052 809 1159 840 οὐδενὸς
1171 808 1255 840 ἄξιος,
1274 807 1304 833 οὐ
1322 806 1409 840 λόγων
1433 804 1593 840 ἐλευθερίων
1612 801 1797 839 μετεσχηκὼς,
1809 802 1839 828 οὺ

1052 857 1101 892 τὴν
1134 854 1277 882 συνουσίαν
1311 852 1468 888 στωμύλος,
1495 852 1545 878 οὐκ
1577 849 1720 881 εὐλαϐείας
1748 848 1841 884 σχῆμα

222 919 309 946 driam
326 915 410 943 venit.
427 895 477 941 Hic
496 911 588 947 vagari
611 895 721 941 desinit,
734 895 934 942 improbitatem
955 912 1000 931 au-

1061 902 1117 936 (οὖν
1135 910 1162 928 τι
1188 900 1234 927 καὶ
1257 898 1370 933 πλάσμα
1393 898 1470 925 κενὸν
1493 897 1532 933 (1)
1561 895 1768 932 περικείμενος,
1793 903 1843 920 κα-

220 967 274 990 tem
289 966 317 989 et
328 959 474 988 versutiam
489 946 654 991 austhur.
669 953 803 981 Czeterum
824 951 925 978 nullius
938 949 1000 984 qui-

219 1008 282 1035 dem
292 1005 372 1041 pretii
383 1007 452 1035 erat,
468 1010 520 1029 non
537 999 695 1028 liberalibus
707 996 857 1031 disciplinis
871 995 1002 1026 imbutus,

1055 948 1206 983 κουργῆσαι
1222 946 1249 973 δὲ
1271 946 1321 980 (2),
1347 945 1393 971 καὶ
1416 944 1528 979 συγχέαι
1557 943 1710 979 πράγματα
1732 941 1843 969 πάντων

1056 993 1214 1024 δεινότατος.

220 1061 273 1081 non
287 1053 314 1080 in
338 1057 486 1085 congressu
500 1053 528 1075 et
542 1046 675 1081 colloquio
696 1045 810 1077 facetus,
824 1051 877 1071 non
892 1042 1000 1078 pietatis
1019 1041 1122 1069 larvam
1155 1040 1252 1067 saltem
1285 1045 1312 1068 et
1338 1039 1444 1067 inanem
1470 1038 1588 1073 speciem
1610 1036 1775 1072 prafereus,
1797 1043 1843 1062 ve-

220 1109 279 1129 rum
298 1101 330 1128 ad
347 1096 517 1133 suscipienda
531 1095 663 1127 facinora,
682 1100 780 1128 resque
800 1090 998 1127 perturbandos
1020 1089 1247 1125 appositissimus.

256 1146 338 1175 XVII.
358 1144 450 1172 Nostis
474 1148 567 1170 omnes
579 1160 586 1173 ,
603 1147 636 1168 ac
656 1137 891 1170 commemoratis,
908 1135 1002 1170 qualia

222 1195 352 1221 adversus
382 1193 505 1218 sanctum
537 1187 625 1214 virum
657 1184 804 1212 insolenter
827 1181 1002 1218 perpetrarit.

221 1239 347 1272 Perstcpe
358 1236 430 1264 enim
451 1233 594 1268 impiorum
612 1230 736 1258 manibus
752 1237 782 1256 ac
801 1227 933 1264 potestati
952 1227 1003 1253 viri

221 1283 287 1317 justi
306 1271 440 1308 deduntur
450 1278 485 1310 “,
499 1284 554 1304 non
571 1281 601 1303 ut
618 1275 672 1303 illis
698 1275 786 1302 honor
802 1273 943 1305 habeatur,
957 1271 1005 1299 sed

223 1334 253 1355 ut
265 1328 360 1355 horum
375 1325 459 1353 virtus
478 1324 656 1358 exploretur:
677 1325 706 1349 et
729 1327 883 1356 quanquam
905 1319 1006 1352 impro-

224 1375 319 1401 borum
337 1379 411 1399 mors
435 1371 552 1405 pessima
573 1369 609 1396 sit
620 1368 643 1384 "
656 1387 664 1400 ,
683 1366 909 1402 quemadmodum
933 1363 1008 1392 Scri-

224 1425 302 1455 ptura
314 1422 438 1450 testatur,
448 1416 604 1443 deridentur
619 1419 707 1441 tamen
723 1413 831 1440 interim
847 1412 873 1439 in
887 1412 939 1438 hac
952 1410 1008 1437 vita

225 1463 334 1498 pietatis
364 1461 504 1492 cultores,
539 1459 602 1486 dum
627 1457 673 1484 Dei
699 1457 852 1492 benignitas
877 1455 1009 1489 tantisper

226 1508 388 1538 occultatur,
401 1514 432 1532 ac
445 1506 530 1532 latent
542 1504 624 1531 etiam
638 1502 721 1537 396
737 1509 833 1536 magna
853 1507 946 1527 earnm
966 1506 1010 1526 re-

228 1561 287 1581 rum
302 1551 494 1588 promptuaria,
506 1557 568 1584 qua:
579 1549 606 1575 in
620 1553 757 1583 posterum
774 1546 896 1580 utrisque
911 1551 1004 1572 recon-
1022 1557 1045 1587 ρ

227 1600 347 1626 duntur:
369 1601 423 1623 tum
443 1602 504 1622 cutn
527 1599 555 1622 et
575 1599 676 1624 sermo,
692 1596 718 1619 et
736 1592 819 1622 actio,
832 1596 860 1618 et
879 1589 1010 1624 cogitatio

226 1645 301 1679 .justa
325 1642 372 1670 Dei
399 1640 498 1668 trutina
521 1637 723 1673 expendentur;
743 1643 804 1664 cum
826 1635 930 1663 scilicet
955 1635 1012 1669 ipse

231 1690 266 1717 ad
291 1687 463 1724 iudicandam
491 1691 589 1713 terram
613 1682 782 1714 surrexerit,
812 1681 954 1708 consilium
984 1685 1013 1706 et

229 1742 311 1769 opera
328 1733 468 1768 colligens,
481 1737 562 1766 atque
575 1737 608 1756 ea
627 1736 687 1764 quo:
710 1728 782 1762 apud
798 1727 884 1761 ipsum
901 1725 1010 1753 condita

230 1785 258 1809 et
269 1779 410 1814 obsignata
429 1782 503 1810 sunt,
527 1777 665 1811 detegens,
688 1778 717 1802 et
738 1774 766 1801 in
785 1773 903 1800 medium
923 1771 1013 1807 profc-

230 1833 304 1853 rens.
324 1825 385 1852 Hmc
400 1823 457 1855 tibi,
470 1828 524 1850 tum
541 1827 667 1849 sermone
685 1826 746 1853 suo,
761 1824 816 1846 tum
830 1818 950 1845 cruciatu
964 1816 1013 1843 Job

231 1870 402 1906 persuadeat,
425 1868 542 1904 quicum
574 1867 655 1894 homo
673 1870 747 1893 esset
768 1863 892 1891 veritatis
915 1862 1013 1893 cultor,

230 1915 443 1952 reprehensione
464 1913 604 1945 immunis,
624 1911 725 1947 justus,
747 1910 819 1945 pius,
837 1913 864 1936 et
889 1916 1015 1943 quaecun-

233 1970 287 1996 que
308 1961 359 1994 illi,
383 1960 530 1995 Scriptura).
556 1957 723 1989 testimonio,
745 1956 911 1986 tribuuntur,
927 1954 960 1982 ab
982 1961 1014 1980 es

232 2013 334 2038 tamen,
345 2007 390 2040 qui
413 2006 500 2040 ipsum
516 2004 724 2039 depoposcerat,
741 2005 780 2028 tot
800 2005 909 2034 tamque
924 2000 1016 2027 densis

234 2059 264 2081 et
275 2052 391 2088 copiosis
408 2049 554 2077 assultibus
574 2048 705 2083 quatitur,
719 2051 758 2079 ut,
772 2054 832 2074 cum
854 2046 931 2073 multi
946 2053 1016 2080 smpc

233 2106 267 2126 ex
280 2097 353 2125 cmni
368 2096 505 2123 hominum
526 2094 660 2121 memoria
676 2093 702 2119 in
716 2099 852 2119 aerumnas
863 2092 1016 2124 inciderint,

233 2143 356 2172 nonnulli
375 2143 469 2173 etiam,
485 2145 514 2169 ut
534 2139 675 2175 probabile
694 2143 746 2171 est,
768 2138 858 2165 vexati
881 2142 907 2165 et
929 2137 1016 2164 alllicti

235 2189 348 2221 fuerint.
365 2196 444 2216 nemo
459 2192 549 2215 tamen
564 2194 624 2214 cum
640 2185 712 2212 illius
728 2184 932 2212 calamitatibus
944 2191 1019 2210 com-

1088 1135 1137 1162 lZ'.
1166 1134 1237 1160 Ἰστε
1255 1133 1301 1160 καὶ
1328 1131 1463 1168 διηγεῖσθε
1492 1130 1607 1163 πάντες,
1627 1128 1670 1157 οἷα
1700 1128 1770 1156 κατὰ
1796 1127 1845 1155 τοῦ

1055 1180 1132 1214 ἁγίου
1158 1180 1333 1206 νεανιεύεται.
1367 1177 1561 1213 Παραδίδονται
1589 1175 1643 1212 γάρ
1674 1176 1722 1202 καὶ
1746 1175 1847 1202 δίκαιοι

1056 1225 1183 1257 πολλάκις
1197 1226 1237 1256 εἰς
1253 1225 1348 1260 χεῖρας
1370 1223 1487 1255 ἀσεϐῶν,
1510 1223 1558 1258 οὐχ
1577 1222 1621 1248 ἵνα
1641 1222 1739 1248 ἐκεῖνοι
1761 1229 1845 1256 τιμη-

1057 1271 1149 1300 Θῶσιν,
1176 1271 1234 1297 ἀλλ’
1261 1270 1305 1297 ἴνα
1335 1267 1409 1297 οὗτοι
1442 1268 1642 1304 δοκιμασθῶσι·
1671 1268 1718 1294 καὶ
1751 1267 1847 1302 φαῦλοι

1062 1319 1111 1354 μὲν
1129 1317 1166 1352 (5)
1183 1318 1212 1343 ἐν
1234 1317 1342 1352 θανάτῳ
1359 1315 1481 1351 ἐξαισίῳ,
1497 1315 1568 1342 κατὰ
1592 1315 1622 1341 τδ
1645 1313 1847 1351 γεγραμμένον,

1061 1364 1263 1399 καταγελῶνειαι
1277 1363 1305 1390 δὲ
1320 1364 1395 1399 ὅμως
1410 1362 1478 1398 πρὸς
1498 1362 1528 1389 τὸ
1545 1362 1632 1398 παρὸν
1649 1361 1782 1392 εὐσεϐεῖς,
1796 1360 1848 1392 ἕως

1061 1410 1078 1444 ὴ
1091 1409 1244 1444 χρηστότης
1255 1408 1302 1434 τοῦ
1315 1407 1382 1434 Θεοῦ
1398 1407 1550 1443 κρύπτεται
1566 1407 1616 1442 (4),
1629 1407 1678 1434 καὶ
1696 1406 1730 1433 τὰ
1744 1406 1850 1442 μεγάλα

1060 1456 1174 1490 ταμιεῖα
1195 1454 1249 1480 τῶν
1270 1453 1383 1489 ὕστερον
1407 1453 1445 1487 (5)
1474 1453 1615 1488 ἑκατέροις
1645 1453 1849 1487 ἀποκειμένων·

1059 1500 1141 1535 ἡνίκα
1163 1499 1211 1526 καὶ
1235 1499 1328 1533 λόγος,
1353 1498 1400 1524 καὶ
1422 1497 1531 1534 πρᾶξις,
1556 1498 1604 1524 καὶ
1626 1497 1775 1533 διανόημα,
1795 1497 1851 1528 τοῖς

1060 1546 1174 1577 δικαίοις
1198 1545 1328 1580 σταθμοῖς
1344 1544 1391 1571 τοῦ
1416 1544 1483 1571 Θεοῦ
1504 1543 1696 1570 ταλαντεύεται
1717 1543 1772 1579 (6)-
1788 1543 1852 1570 ὅταν

1062 1592 1163 1627 ἀναστῇ
1184 1593 1276 1627 κρῖναι
1298 1591 1348 1627 τὴν
1375 1590 1440 1626 γῆν,
1462 1591 1511 1626 τὴν
1537 1590 1632 1626 βουλὴν
1657 1590 1704 1616 καὶ
1726 1588 1760 1615 τὰ
1786 1588 1854 1624 ἔργα

1063 1638 1198 1672 συνάγων,
1224 1638 1270 1664 καὶ
1291 1637 1402 1672 γυμνῶν
1420 1637 1454 1663 τὰ
1480 1637 1686 1672 ὲσφραγισμὲνα
1703 1635 1768 1670 παρ’
1780 1634 1854 1669 αὺτῷ

1063 1684 1110 1710 καὶ
1131 1683 1282 1719 σωζόμενα.
1305 1682 1398 1710 Ταῦτα
1430 1682 1547 1710 πειθέτω
1572 1691 1601 1709 σε
1625 1681 1673 1709 καὶ
1697 1681 1784 1715 λέγων
1808 1681 1855 1706 καὶ

1063 1729 1176 1763 πάσχων
1194 1727 1270 1755 Ἰὼϐ·
1295 1728 1325 1760 ὃς
1350 1726 1384 1763 ἦν
1411 1729 1459 1764 μὲν
1489 1728 1526 1763 (7)
1546 1727 1688 1763 ἄνθρωπος
1713 1725 1853 1762 ἀληθινὸς,

1064 1775 1218 1810 ἄμεμπτος,
1233 1774 1347 1806 δίκαιος,
1372 1774 1516 1810 θεοσεϐὴς,
1535 1774 1580 1800 καὶ
1604 1774 1654 1800 ὅσα
1674 1771 1856 1808 μεμαρτύρη-

1064 1829 1125 1847 ταιθ
1143 1820 1286 1852 τοσαύταις
1303 1820 1332 1847 δὲ
1350 1820 1500 1856 πλήσσεται
1527 1819 1602 1856 παρὰ
1624 1819 1671 1846 τοῦ
1693 1818 1856 1854 ὲξῃτηκὸτος

1065 1867 1124 1898 ταῖς
1140 1866 1302 1901 προσϐολαῖς
1320 1867 1374 1902 (8),
1396 1868 1443 1893 καὶ
1462 1866 1550 1898 οὕτως
1569 1865 1781 1901 ἁλλεπαλλήλοις
1808 1864 1855 1890 καὶ

1066 1912 1233 1947 φιλοτίμοις,
1256 1912 1325 1938 ὥστε
1361 1912 1466 1939 πολλῶν
1482 1911 1612 1943 πολλάκις
1637 1912 1669 1937 ἐκ
1686 1910 1731 1937 τοῦ
1758 1909 1857 1940 παντὸς

1067 1957 1162 1989 αἰῶνος
1177 1958 1436 1994 κακοπαθησάντων,
1456 1958 1511 1984 τῶν
1532 1958 1560 1984 δὲ
1584 1957 1621 1988 ὡς
1642 1957 1715 1988 εἰκὸς
1737 1956 1783 1983 καὶ
1801 1964 1850 1981 τα-

1067 2003 1299 2040 λαιπωρησάντων
1313 2005 1365 2040 (9),
1382 2005 1483 2041 μηδένα
1494 2002 1562 2031 εἶναι
1576 2005 1635 2035 ταῖς
1651 2003 1756 2030 ἐκείνου
1774 2011 1859 2037 παρα-

1068 2049 1159 2076 ὃαλεῖν
1171 2053 1335 2087 συμφοραῖς.
1349 2052 1386 2078 Οὐ
1403 2051 1458 2087 γὰρ
1480 2051 1559 2086 μόνον
1575 2051 1714 2087 χρήματα,
1729 2050 1859 2084 κτήματα

1069 2094 1222 2128 εὐτεκνίαν,
1236 2093 1422 2130 πολυτεκνίαν,
1431 2096 1449 2123 ἃ
1459 2097 1541 2122 πᾶσιν
1551 2094 1704 2130 ἀνθρώποις
1715 2094 1773 2120 ἐστὶ
1787 2101 1860 2128 περι-

1071 2140 1239 2168 σπούδαστα·
1261 2142 1292 2168 οὐ
1317 2142 1402 2169 ταῦτα
1439 2142 1583 2178 ζημιοῦται
1621 2141 1711 2176 μόνον,
1730 2140 1767 2171 ὡς
1793 2139 1859 2174 μηδὲ

1071 2185 1180 2222 θρήνοις
1194 2187 1321 2222 γενέσθαι
1338 2189 1429 2224 χώραν
1442 2188 1487 2215 διὰ
1500 2188 1530 2214 τὸ
1547 2187 1659 2222 συνεχὲς
1674 2186 1729 2213 τῶν
1745 2185 1840 2212 κακῶν
1851 2193 1858 2199 ·

236 2235 326 2271 parari
341 2239 431 2269 queat.
444 2232 502 2260 Non
516 2232 587 2260 enim
603 2231 732 2266 pecunias
746 2235 853 2257 tantum
870 2234 897 2257 et
907 2230 1005 2264 praedia

1071 2232 1140 2259 ἀλλὰ
1162 2234 1209 2260 καὶ
1226 2234 1293 2260 αὐτὸ
1306 2234 1336 2261 τὸ
1359 2234 1438 2269 σῶμα
1455 2234 1606 2260 τελευταῖον
1623 2232 1736 2268 πληγεὶς
1753 2229 1860 2267 πληγὴν

234 2280 403 2317 splendidam
428 2287 461 2307 ac
483 2284 654 2306 numerosam
678 2277 798 2311 prolem,
830 2283 890 2311 quae
914 2283 959 2303 res
984 2275 1017 2301 ab

269 2357 294 2377 "
308 2357 359 2386 Job
372 2356 470 2390 3,24;
486 2363 536 2388 xu,
553 2355 580 2382 ι.
617 2355 641 2370 ⁵⁵
658 2353 702 2381 Ps.
716 2361 814 2387 xxxut,
825 2353 870 2381 22.

271 2447 295 2484 (Ι
328 2446 434 2476 Κενόν.
448 2446 478 2472 In
493 2444 638 2477 nonnullis,
656 2444 759 2475 καινόν,
775 2453 784 2468 ι
800 2451 907 2470 novant.
925 2453 933 2468 ι

272 2447 312 2519 (ἢ)
328 2481 375 2509 Δέ.
404 2481 450 2508 Sic
466 2485 581 2515 quatuor
602 2479 698 2515 Regg.,
714 2478 761 2506 Or.
780 2479 805 2510 l,
830 2478 924 2505 Comb.

237 2519 244 2525 _
328 2481 375 2509 Δέ.
404 2481 450 2508 Sic
466 2485 581 2515 quatuor
602 2479 698 2515 Regg.,
714 2478 761 2506 Or.
780 2479 805 2510 l,
830 2478 924 2505 Comb.
943 2478 1022 2506 Deest

238 2518 398 2622 ΙηξόῗΜέν.
412 2551 492 2578 Deest
507 2550 534 2577 in
546 2549 667 2584 pluribus
686 2548 764 2576 codd.

286 2588 300 2615 ti
329 2587 504 2621 Κρύπτεται.
517 2585 563 2612 Sic
573 2589 687 2619 quatuor
695 2584 764 2618 Βεθὲ

286 2581 312 2621 ti)
329 2587 504 2621 Κρύπτεται.
517 2581 563 2612 Sic
573 2589 687 2619 quatuor
695 2584 778 2618 Regg.
790 2587 817 2609 et
826 2581 949 2610 Combef.
959 2582 1022 2614 Alii,

234 2623 402 2662 ’κρυ-πῆξαι.
421 2622 500 2661 lim;
541 2654 553 2662 η
691 2653 718 2662 m

259 2652 313 2694 ’(5)
335 2652 450 2691 Ταμιεῖα
464 2655 523 2682 τῶν
535 2654 673 2688 ὕστερον.
691 2653 735 2680 Sic
751 2658 805 2680 tres
821 2652 915 2687 ﬂegg.,
937 2653 1025 2679 trede-

237 2694 290 2720 cim
305 2692 394 2722 Colb.,
407 2691 488 2719 Coisl.
499 2690 525 2722 l,
540 2690 586 2716 Ur.
605 2691 632 2722 1,
645 2687 779 2720 Combef.,
797 2692 849 2715 etc.
862 2689 889 2714 ln
903 2688 958 2721 ed.,
976 2695 1024 2713 τα-

241 2729 316 2763 μιεῖα
331 2728 372 2758 el;
385 2726 507 2763 ὕστερον.

241 2756 248 2763 ’
277 2762 314 2796 (6)
332 2756 554 2788 Τάλαντὲύεται.
569 2759 616 2787 Sic
632 2766 680 2786 nos
690 2765 750 2786 cum
765 2756 888 2785 Combel’.
900 2756 962 2790 Alli,
975 2765 1024 2784 τα-

239 2796 410 2830 λαντεύηται.
703 2827 720 2830 λ
842 2827 857 2830 _
905 2828 911 2830 _
943 2827 952 2830 _
972 2827 988 2830 _

278 2831 316 2866 ('I)
325 2827 381 2866 Ὃς
389 2830 502 2866 ἦνμέν.
519 2830 564 2859 Sic
577 2833 692 2865 quatuor
703 2827 789 2864 Regg.
803 2827 960 2856 etCombel‘.
972 2827 1027 2856 De-

241 2871 284 2894 est
298 2865 346 2900 μέν
365 2866 391 2893 in
404 2866 446 2894 ed.

1070 2277 1180 2305 ἀνίατόν
1198 2288 1227 2306 τε
1252 2280 1299 2307 καὶ
1325 2279 1522 2315 δυσθεώρητον,
1547 2278 1604 2314 εἶχε
1631 2279 1680 2314 μὲν
1704 2276 1861 2313 προσθήκην

1111 2444 1152 2480 (8)
1172 2444 1238 2476 Ταῖς
1248 2444 1440 2479 προσϐολαῖς.
1455 2444 1500 2471 Sic
1513 2449 1628 2480 quatuor
1635 2444 1730 2479 Regg.,
1740 2444 1821 2473 etOr.
1835 2445 1861 2472 Ι.

1075 2479 1103 2506 In
1121 2480 1164 2506 ed.
1184 2481 1243 2520 ταῖς
1271 2481 1366 2520 legitur
1392 2484 1452 2520 post
1468 2480 1515 2506 καὶ
1532 2479 1628 2511 οὕτως,
1645 2481 1716 2514 quod
1743 2481 1863 2507 auctori-

1075 2519 1132 2541 tate
1143 2514 1266 2541 codicum
1286 2515 1496 2542 immntmimus.

1113 2549 1149 2585 (9)
1171 2549 1450 2585 Κακοπαθησάντων
1497 2570 1520 2577 ..
1550 2549 1599 2585 καὶ
1618 2549 1865 2583 ταλαιπωρησάν-

1077 2593 1146 2611 των.
1167 2584 1298 2624 Quainvis
1314 2586 1353 2611 hac
1367 2592 1458 2616 voces,
1485 2585 1555 2619 apud
1575 2584 1696 2624 Suidam,
1721 2585 1777 2624 (ει-θ
1792 2586 1861 2611 idem

1078 2624 1186 2651 Sltnettl,
1211 2619 1384 2646 manifestum
1404 2624 1561 2651 esttamen,
1587 2621 1612 2646 in
1625 2620 1746 2655 Gregorii
1763 2625 1863 2650 tuente,

1078 2659 1241 2695 postremam
1258 2655 1359 2695 aliquid
1382 2655 1422 2695 ad.
1445 2656 1691 2695 primamnaddere.
1720 2654 1861 2682 Credimus

1079 2690 1160 2724 igitur
1176 2688 1335 2729 Gregorium
1352 2690 1469 2729 voluisse
1491 2690 1646 2729 signiﬁcare
1670 2697 1726 2722 eos,
1746 2689 1790 2724 qni
1808 2697 1860 2715 non

1079 2728 1182 2750 tantum
1211 2724 1287 2751 malis
1303 2725 1390 2751 vexati
1403 2730 1477 2757 sunt,
1497 2725 1545 2752 sed
1574 2726 1654 2752 etiam
1678 2732 1735 2757 eos,
1760 2724 1804 2758 qui
1830 2725 1864 2750 ad

1080 2759 1150 2799 mala
1165 2764 1192 2786 et
1210 2761 1302 2793 plagas
1316 2761 1435 2799 animum
1455 2760 1632 2792 indurarunt;
1659 2759 1701 2787 vel
1713 2760 1863 2799 etiatn__eos.

1080 2793 1126 2834 qui
1139 2799 1303 2834 spontaneos
1316 2794 1422 2834 labores
1437 2803 1489 2822 non
1516 2800 1704 2830 susceperunt,
1727 2795 1774 2821 sed
1790 2793 1864 2820 illata

1081 2829 1115 2857 ab
1134 2829 1194 2857 aliis
1211 2829 1281 2856 mala
1291 2831 1412 2865 perpessi
1425 2834 1496 2857 sunt.
