2060 3140
244 173 311 200 1101

703 171 832 199 ORATIO
851 171 920 198 XXI.
940 187 975 192 —
994 172 1026 199 ΙΝ
1047 172 1187 199 LAUDEM
1207 172 1405 200 ATIIANASII.

1795 175 1865 204 1102

242 230 292 265 τῆς
318 230 460 265 συμφορᾶς
482 230 531 265 τὴν
557 231 672 264 γυναῖκα
696 229 945 266 παραμυθουμένην
973 230 1029 261 τοῖς

1085 231 1204 258 omnibus
1230 231 1385 259 hominibus
1409 232 1583 260 vehementer
1605 238 1783 269 expetuntur;
1810 244 1864 264 non

243 275 346 311 χείροσι
364 275 513 311 (πληγῆναι
533 276 587 311 γὰρ
611 276 784 310 ἐφιλονείκει,
800 275 848 302 καὶ
871 275 920 310 τὴν
943 274 1034 310 ψυχὴν

217 347 220 352 ,
244 322 313 356 πρὸς
325 320 364 356 τῷ
379 321 496 357 σώματι)
508 330 515 337 ⁶
530 321 586 358 εἶχε
601 324 630 350 δὲ
653 323 701 349 καὶ
715 322 769 348 τῶν
790 321 874 355 φίλων
888 321 951 352 τοὺς
968 329 1034 355 γνη-

245 367 394 399 σιωτάτους
410 369 621 405 παρακλήτορας
648 367 752 395 κακῶν.
775 367 813 399 ὡς
837 366 918 397 αὑτός
940 375 1033 401 φησιν,

244 414 275 439 οὺ
296 414 477 449 θεραπευτάς·
497 417 521 443 οἶ
536 417 567 443 τὸ
587 417 636 452 μὲν
663 416 748 447 πάθος
765 414 869 450 ἑώρων,
882 414 914 441 τὸ
934 413 962 440 δὲ
986 414 1034 440 τοῦ

246 459 348 491 πάθους
367 461 525 495 ἀγνοοῦντες
545 463 701 498 μυστήριον,
724 462 754 488 οὺ
780 461 894 496 βάσανον
914 460 1028 496 ἀρετῆς,

245 505 314 532 ἀλλὰ
336 506 434 538 κακίας
451 508 603 543 εἴσπραξιν,
626 508 675 543 τὴν
700 507 806 542 πληγὴν
830 506 1031 541 ὑπελάμϐανον.

247 550 300 577 Καὶ
323 551 373 578 οὐκ
395 552 518 587 ἐνόμιζον
546 553 636 588 μόνον,
664 552 722 579 ἀλλ’
743 552 803 578 οὐδὲ
829 551 977 587 ᾐσχύνοντο
1002 549 1033 576 τὺ

244 597 330 623 δεινὸν
352 598 523 631 ὀνειδίζοντες
547 599 619 634 (10),
642 599 722 625 ὁπότε
746 599 793 625 καὶ
816 599 840 625 εἰ
863 598 908 624 διὰ
933 596 1032 625 κακίαν

247 642 361 678 ἔπασχε,
388 644 545 678 σοφίζεσθαι
577 645 608 671 τὸ
634 645 736 671 λυποῦν
771 644 823 671 ἔδει
857 643 1032 679 παραμυθίας

248 689 375 724 ῥήμασιν-

1084 275 1152 307 haec,
1164 276 1284 310 inquam,
1304 277 1435 305 duntaxat
1451 278 1562 312 amittit,
1575 279 1615 307 'et
1636 280 1744 315 quidem
1767 282 1816 314 ita,
1833 286 1864 309 ut

1082 329 1133 348 nec
1149 321 1267 350 luctibus
1281 322 1347 357 ipsis
1369 322 1404 350 ob
1422 324 1552 351 malorum
1573 325 1769 353 connexiouem
1790 328 1865 354 locus

1083 371 1173 399 esset;
1189 367 1234 394 sed
1253 372 1391 402 postremo
1405 369 1431 395 in
1455 369 1513 404 ipso
1525 377 1633 405 quoque
1646 378 1770 405 corpore,
1787 372 1864 399 incn-

1083 412 1161 439 rabili
1183 419 1215 439 ac
1235 412 1292 440 visu
1309 413 1389 440 etiam
1413 418 1482 441 tetra
1510 419 1538 442 ct
1560 415 1681 442 horribili
1702 416 1778 450 plaga
1799 416 1867 445 aII‘e-

1085 462 1146 484 ctus
1155 457 1179 473 "
1192 477 1199 489 ,
1220 465 1269 492 pro
1294 457 1456 485 calamitatis
1479 459 1587 486 cumulo
1606 467 1718 488 uxorem
1736 461 1866 492 habebat,

1084 502 1219 537 peioribus
1256 507 1283 530 et
1313 503 1482 537 gravioribus
1517 512 1577 532 enm
1611 506 1807 534 consolantem.
1838 506 1867 535 Id

1084 548 1157 575 enim
1186 548 1302 575 obnoxie
1327 549 1435 584 agebat,
1451 554 1481 577 ut
1493 550 1526 577 ad
1545 551 1668 586 corporis
1688 551 1792 587 plagam
1806 552 1868 580 ani-

1084 600 1135 620 mae
1161 593 1259 620 vulnus
1281 593 1431 622 accederet.
1459 595 1529 628 Quin
1565 596 1762 624 sincerissimos
1785 599 1867 625 etiam

1085 638 1187 665 amicos
1215 645 1278 665 suos
1308 638 1457 672 malorum,
1488 645 1518 666 ut
1541 641 1624 676 ipsius
1646 642 1736 669 verbis
1758 643 1866 673 utar".

1085 684 1271 713 consolatores
1294 684 1430 717 habebat,
1457 692 1511 712 non
1546 687 1719 720 depulsores;
1737 688 1783 722 qui
1806 696 1865 716 cum

246 735 332 770 ipsius
352 736 469 763 dolorem
491 737 688 771 perspicerent,
723 744 772 763 nec
796 736 895 763 doloris
913 741 1040 763 arcanum
1059 732 1251 766 intelligerent,
1278 731 1305 757 in
1331 738 1362 758 ea
1388 731 1514 765 opinione
1539 733 1727 766 versabantur,
1757 738 1787 760 ut
1815 742 1866 761 non

247 781 356 809 virtutis
370 782 550 817 explorandae.
561 782 607 809 sed
625 782 779 809 vindicandi
805 782 915 809 sceleris
933 787 1026 813 causa,
1044 778 1114 805 hanc
1145 777 1183 803 illi
1218 775 1323 810 plagam
1341 775 1468 803 ίηθίεῑιπη
1490 783 1550 804 955°
1576 778 1773 805 εκίειίιιηιΐεηῑο
1798 778 1868 811 Quid

247 827 328 855 dico’
347 827 553 855 existimarent?
567 827 622 855 Imo
643 834 692 854 nec
712 827 892 854 calamitatem
908 827 932 853 ei
952 823 1116 859 exprobrare
1130 821 1310 853 verebantur;
1337 821 1417 855 idque
1436 827 1468 848 eo
1485 825 1615 856 tempore,
1636 830 1709 854 cum,
1735 824 1816 850 etiam
1844 825 1866 851 si

248 873 351 902 Peccati
368 880 474 906 poenam
488 873 589 906 lueret,
603 871 661 906 ejus
676 877 764 899 tamen
787 878 914 907 angorem
932 870 1036 897 blandis
1057 867 1226 896 sermonibus
1239 865 1333 892 fallere
1346 872 1377 892 ac
1389 865 1513 900 mitigare
1524 867 1711 894 conveniebat.

283 920 337 946 III'.
359 918 437 945 Οὕτω
460 918 508 954 μὲν
532 915 578 945 οὖν
593 919 607 945 ὁ
626 918 697 949 Ἰὼῦ,
725 917 772 944 καὶ
797 918 832 943 τὰ
857 916 953 952 πρῶτα
984 915 1033 950 τῆς

1122 910 1214 939 XVIII.
1227 910 1286 938 Hoc
1298 911 1355 946 ipso
1365 911 1471 945 quidem
1484 917 1555 939 statu
1568 918 1625 940 erat
1641 912 1692 940 Job
1701 935 1709 946 ,
1727 921 1759 942 ac
1772 915 1869 944 divina:

248 965 314 1002 περ).
327 964 410 991 αὐτὸν
424 964 625 999 πραγματείας.
647 962 733 998 Ἀγὼν
748 963 802 998 γὰρ
814 961 848 998 ἦν
862 963 962 997 ἀρετῆς
977 961 1033 997 (11)

248 1011 295 1038 καὶ
310 1010 407 1045 φθόνου
417 1018 424 1025 ·
442 1009 489 1035 τοῦ
508 1010 567 1045 μὲν,
581 1010 655 1041 ὅπως
670 1008 718 1035 τοῦ
732 1008 814 1035 κοιλοῦ
827 1009 951 1044 κρατήσῃ
966 1007 1032 1042 (12),

248 1056 477 1092 φιλονεικοῦντος·
497 1055 547 1090 τῆς
568 1055 608 1088 δὲ,
633 1055 706 1087 ὅπως
728 1054 861 1089 ἀήττητος
888 1052 1033 1087 διαμείνῃ,

248 1103 338 1130 πάντα
361 1101 513 1137 φερούσης·
534 1101 581 1127 καὶ
604 1100 650 1127 τοῦ
675 1100 734 1136 μὲν,
754 1100 827 1131 ὅπως
843 1097 961 1135 εὐοδώσῃ
984 1106 1034 1124 κα-

250 1147 322 1178 κίαν,
336 1142 548 1182 ἀγωνιζομένου,
561 1146 605 1172 διὰ
620 1146 671 1181 τῆς
690 1146 744 1172 τῶν
763 1143 963 1181 και-πορθούντων
990 1153 1036 1170 κο-

248 1193 352 1223 λάσεως
362 1200 369 1207 ·
383 1193 433 1227 τῆς
446 1192 486 1224 δὲ,
499 1192 572 1223 ὅπως
589 1191 713 1227 κατάσχῃ
737 1190 800 1222 τοὺς
822 1189 957 1223 ἀγαθοὺς,
984 1189 1036 1216 κάν

248 1239 309 1270 ταῖς
333 1238 487 1273 συμφοραῖς
507 1237 538 1264 τὸ
559 1237 639 1263 πλέον
655 1237 708 1272 (15)
727 1236 847 1272 ἔχοντας.
863 1236 896 1262 Τί
911 1235 955 1262 δαὶ
979 1231 1034 1271 (14)

248 1284 263 1309 ὁ
275 1283 343 1318 πρὸς
362 1282 442 1309 αὐτὸν
464 1281 641 1317 χρηματίζων
659 1280 704 1307 διὰ
727 1281 857 1312 λαίλαπος
873 1281 920 1307 καὶ
935 1280 1034 1315 νεφῶν,

248 1329 263 1355 ὁ
282 1329 381 1365 βραδὺς
396 1329 436 1360 είς
449 1328 570 1359 κόλασιν,
585 1328 631 1354 καὶ
643 1328 726 1363 ταχὺς
742 1327 782 1359 εἰς
796 1326 948 1362 ἀντίληψιν,
964 1327 978 1353 ὁ
996 1326 1033 1362 μὴ

249 1373 388 1405 παντελῶς
412 1373 538 1408 ἐπαφιεὶς
562 1372 658 1408 ῥάϐδον
683 1371 854 1408 ἁμαρτωλῶν
876 1371 970 1406 κλήρῳ
995 1371 1035 1398 δι-

249 1417 346 1449 καίων,
371 1417 414 1444 ἴνα
435 1417 471 1453 μὴ
487 1417 586 1444 κακίαν
602 1416 703 1443 δίκαιοι
728 1415 866 1452 μάθωσιν;
887 1416 950 1443 Ἐπὶ
964 1416 1036 1443 τέλει

249 1463 303 1489 τῶν
331 1463 419 1490 ἄθλων
448 1462 610 1499 ἀναγορεύει
635 1461 680 1488 τὸν
711 1461 830 1501 ἀθλητὴν
852 1459 971 1498 λαμπρῷ
998 1461 1037 1497 τῷ

249 1508 417 1544 κηρύγματι,
439 1509 486 1535 καὶ
504 1509 604 1543 γυμνοῖ
626 1508 676 1543 τῆς
692 1508 799 1544 πληγῆς
815 1508 846 1535 τὺ
870 1507 1035 1543 ἀπόρρητον,

251 1553 312 1580 οἴει
331 1562 371 1588 με
391 1554 491 1587 ἄλλως
512 1561 561 1580 σοι
578 1552 633 1589 (15)
651 1553 914 1588 κεχρηματικέναι,
937 1552 1035 1587 λέγων,

249 1597 269 1632 ἢ
286 1599 336 1625 ἵνα
352 1598 509 1633 ἀναφανῇς
533 1598 663 1631 almum;
687 1598 774 1624 Τοῦτο
796 1598 850 1625 τῶν
872 1598 1035 1634 τραυμάτων

249 1643 279 1670 τὸ
296 1643 451 1679 φάρμακον,
471 1640 548 1675 οὗτος
563 1644 612 1679 τῆς
631 1643 751 1677 ἀγωνίας
770 1644 784 1670 ὁ
799 1643 945 1678 στέφανος.
966 1644 1034 1679 αὕτη

249 1688 300 1723 τῆς
313 1689 450 1723 ὑπομονῆς
461 1688 477 1723 ἠ
491 1688 633 1719 ἀντίδοσις.
647 1688 687 1714 Τὰ
700 1688 754 1723 γὰρ
767 1687 830 1724 ἑξῆς
841 1688 906 1720 ἴσως
920 1689 967 1715 καὶ
979 1688 1035 1723 (16)

252 1733 347 1769 μικρὰ,
370 1732 421 1760 κᾶν
449 1732 554 1768 μεγάλα
571 1733 626 1759 τισὶ
640 1733 717 1767 δοκῇ,
739 1732 786 1758 καὶ
812 1733 918 1768 μικρῶν
941 1732 1034 1759 ἕνεκεν

249 1779 468 1814 οίκονομηθέντα,
490 1779 538 1806 καὶ
552 1779 576 1805 ει
592 1778 724 1813 διπλασίῳ
743 1777 798 1814 (17)
815 1778 869 1805 τῶν
891 1778 1035 1814 ἀφῃρημέ-

252 1831 305 1849 νων
319 1823 524 1858 ἀντιλαμϐάνει.

286 1950 337 1978 ΙΘ’.
358 1951 462 1978 Οὐκοῦν
493 1951 554 1978 οὐδὲ
586 1951 703 1978 ἐνταῦθα
726 1951 892 1987 θαυμαστὸν,
927 1953 951 1978 εί
978 1952 1035 1989 (18)

257 1997 415 2024 Ἀθανασίου
431 1996 510 2023 πλέον
522 1996 584 2032 ἔσχε
597 1996 732 2032 Γεὼργιος
743 2006 750 2012 ·
766 1997 824 2024 ἀλλ’
840 1998 926 2025 ἐκεῖνό
936 2007 968 2033 γε
978 1999 1035 2034 (19)

252 2042 482 2078 θαυμασιώτερον,
506 2043 529 2068 εί
553 2042 590 2078 μὴ
616 2042 745 2078 ὲπυρώθη
768 2044 829 2074 ταῖς
855 2043 998 2080 ἐπηρείαις
1021 2045 1035 2070 ὁ

250 2089 364 2119 δίκαιος.
380 2088 446 2115 Οὐδὲ
470 2088 548 2115 τοῦτο
573 2087 729 2123 θαυμαστὸν
751 2087 832 2122 ἄγαν,
854 2089 912 2116 ἀλλ’
928 2090 952 2116 εἰ
979 2090 1035 2126 (20)

251 2133 298 2159 ἐπὶ
314 2133 393 2160 πλέον
416 2133 443 2159 αἱ
468 2133 566 2167 φλόγες
584 2133 714 2169 ἧρκεσαν.
735 2133 876 2160 Ἐντεῦθεν
891 2136 905 2161 ὁ
932 2136 981 2170 μὲν
1001 2134 1035 2170 ἦν

252 2179 284 2205 ἐκ
299 2179 396 2210 ποδῶν,
414 2180 461 2206 καὶ
475 2179 524 2210 τὴν
541 2179 689 2213 φυγαδείαν
707 2180 762 2215 (21)
779 2180 815 2212 ὡς
835 2181 965 2208 κάλλιστα
980 2182 1037 2209 δια-

251 2224 363 2251 τίθεται.
379 2225 441 2256 Τοῖς
455 2225 509 2260 γὰρ
532 2225 614 2260 ἱεροῖς
631 2226 677 2252 καὶ
698 2225 781 2257 θείοις
800 2225 854 2252 τῶν
876 2228 935 2254 κατ’
957 2228 1036 2261 Αἴγυ-

252 2278 318 2296 πτον
346 2270 400 2305 (22)
425 2271 641 2306 φροντιστηρίοις
670 2270 760 2306 φέρων
787 2271 882 2298 ἑαυτὸν
909 2271 1031 2298 δίδωσιν·

251 2315 276 2341 οἳ
292 2315 394 2351 κόσμου
424 2317 584 2352 χωρίζοντες
616 2317 745 2349 ἑαυτοὺς,
774 2317 821 2343 καὶ
854 2317 903 2353 τὴν
931 2318 1034 2354 ἔρημον

252 2361 446 2396 ἀσπαζόμενοι,
461 2362 527 2394 ζῶσι
541 2361 609 2396 Θεῷ,
631 2361 739 2388 πάντων
758 2361 858 2396 μᾶλλον
879 2362 933 2388 τῶν
956 2372 1034 2398 στρε-

1086 958 1157 986 circa
1177 965 1239 984 eum
1257 956 1372 984 actionis
1395 957 1526 992 principia
1553 957 1605 985 hoc
1632 959 1711 986 modo
1730 967 1759 987 se
1781 961 1867 989 habe-

1085 1005 1160 1032 bant.
1188 1003 1279 1030 Virtus
1298 1003 1370 1030 enim
1391 1010 1452 1030 cum
1477 1002 1568 1030 invido
1581 1003 1676 1038 spiritu
1695 1004 1862 1034 decertabat.

1085 1048 1146 1082 Hic,
1163 1049 1328 1076 utvirtutem
1338 1053 1488 1083 superaret,
1499 1049 1572 1076 omni
1594 1056 1644 1083 ope
1668 1051 1866 1083 contendebat;

1085 1094 1148 1127 illa,
1183 1099 1212 1121 ut
1239 1095 1337 1121 invicta
1368 1098 1554 1128 permaneret,
1585 1095 1676 1122 omnia
1704 1096 1866 1129 perferebat.

1086 1139 1175 1174 Atque
1191 1140 1244 1172 hic,
1262 1144 1293 1167 ut
1305 1139 1498 1174 perjustorum
1517 1140 1666 1167 cruciatum
1681 1140 1748 1168 vitio
1762 1141 1868 1169 facilem

1085 1186 1157 1213 viam
1181 1189 1309 1218 strueret,
1335 1185 1491 1218 laborabat;
1517 1186 1576 1214 haec
1597 1193 1711 1220 contra,
1737 1192 1765 1214 ut
1785 1188 1869 1215 bonos

1087 1231 1229 1264 retineret,
1247 1231 1330 1258 etiam
1345 1231 1372 1258 in
1395 1231 1597 1259 calamitatibus
1614 1234 1780 1267 superiores.
1796 1233 1868 1266 Quid

1086 1285 1153 1305 vero
1169 1277 1201 1310 is,
1219 1277 1265 1312 qui
1279 1277 1360 1312 397
1381 1278 1414 1304 ad
1429 1285 1491 1305 eum
1512 1284 1561 1311 per
1579 1278 1712 1306 turbinem
1738 1283 1765 1306 et
1784 1279 1870 1307 nubes

1086 1323 1193 1350 oracula
1216 1324 1325 1356 edebat,
1350 1323 1396 1357 qui
1413 1323 1446 1350 ad
1462 1323 1628 1351 inferendam
1643 1332 1751 1359 pcenam
1775 1326 1868 1353 tardus

1087 1372 1138 1400 est,
1152 1371 1178 1394 et
1188 1368 1221 1395 ad
1234 1374 1312 1402 opem
1325 1367 1463 1395 ferendam
1479 1368 1562 1401 celer,
1579 1369 1625 1404 qui
1648 1370 1751 1405 virgam
1771 1378 1869 1406 pecca-

1088 1418 1176 1440 torum
1198 1413 1224 1440 in
1243 1417 1341 1441 sortem
1356 1413 1490 1448 iustorum
1501 1413 1525 1430 ⁸⁸
1541 1421 1596 1441 non
1612 1415 1723 1443 omnino
1737 1416 1869 1450 immittit,

1087 1467 1122 1487 ne
1133 1459 1198 1493 justi
1213 1459 1412 1494 improbitatem
1423 1459 1587 1487 addiscant?
1604 1460 1632 1487 In
1647 1461 1700 1489 line
1713 1464 1871 1492 certaminis

1088 1504 1185 1532 illustri
1209 1505 1345 1539 praconio
1361 1504 1486 1532 athletam
1509 1512 1586 1532 suum
1604 1507 1733 1535 victorem
1750 1515 1870 1543 pronun-

1090 1550 1148 1582 tiat,
1169 1554 1250 1584 atque
1275 1550 1427 1578 aﬂlictionis
1452 1558 1581 1578 arcanum
1614 1553 1721 1586 aperit:
1748 1553 1819 1582 Num
1838 1561 1866 1582 tu

1088 1603 1189 1628 censes,
1203 1596 1299 1630 inquit,
1317 1605 1357 1623 me
1373 1597 1453 1623 aliam
1468 1599 1499 1624 ob
1514 1606 1624 1625 causam
1635 1599 1692 1626 hac
1703 1600 1730 1626 in
1745 1604 1769 1626 te
1782 1600 1870 1627 dem-

1086 1642 1162 1673 isisse,
1177 1649 1256 1676 quam
1271 1647 1300 1668 ut
1320 1642 1425 1677 justitia
1443 1648 1488 1669 tua
1504 1644 1632 1671 clarescat
1644 1644 1686 1671 ”?
1701 1644 1763 1672 Hac
1774 1645 1867 1673 vulne-

1088 1693 1148 1712 rum
1167 1685 1310 1717 medicina,
1322 1685 1380 1713 haac
1394 1687 1551 1714 certaminis
1569 1692 1678 1721 corona,
1699 1688 1750 1715 hoc
1763 1689 1868 1723 patien-

1087 1730 1131 1758 tia:
1148 1730 1297 1765 praemium.
1314 1729 1382 1758 Nam
1395 1739 1455 1765 qua:
1469 1732 1566 1759 deinde
1584 1738 1676 1760 secuta
1698 1739 1771 1766 sunt,
1787 1742 1868 1768 parva

1086 1777 1217 1809 fortasse,
1242 1777 1365 1811 quamvis
1392 1777 1527 1805 nonnullis
1552 1786 1649 1813 magna
1666 1779 1818 1813 videantur,
1840 1786 1870 1809 et

1086 1829 1230 1857 parvorum
1247 1822 1386 1849 hominum
1407 1830 1488 1850 causa
1509 1824 1665 1857 constituta,
1682 1827 1787 1854 tametsi
1800 1826 1865 1854 alio-

1085 1868 1130 1902 qui
1145 1867 1226 1902 duplo
1243 1867 1354 1901 majora,
1370 1875 1450 1903 quam
1465 1876 1526 1904 qua:
1538 1869 1587 1904 ipsi
1603 1871 1727 1905 adempta
1746 1871 1863 1906 fuerant,

1087 1914 1229 1948 receperit.

1121 1958 1193 1986 XIX.
1211 1958 1328 1987 Proinde
1347 1967 1380 1986 ne
1401 1960 1445 1988 hic
1468 1961 1576 1996 quidem
1601 1962 1697 1989 mirum
1714 1963 1799 1991 videri
1816 1965 1864 1991 de-

1087 2005 1143 2038 bet,
1159 2005 1182 2032 si
1199 2004 1332 2040 Georgius
1355 2005 1472 2038 meliori,
1487 2014 1567 2041 qnam
1584 2007 1747 2036 Athanasius
1766 2010 1861 2036 condi-

1087 2053 1159 2078 tione
1172 2050 1255 2078 fuerit
1269 2059 1276 2077 :
1290 2051 1337 2078 sed
1362 2051 1428 2078 illud
1448 2051 1598 2080 mirabilius
1614 2053 1700 2080 videri
1719 2054 1867 2088 debuisset,

1086 2097 1109 2124 si
1133 2097 1292 2130 iniuriarum
1313 2101 1341 2124 et
1364 2097 1558 2125 calumniarum
1584 2099 1689 2134 ignibus
1711 2100 1753 2126 vir
1778 2100 1869 2134 justus

1087 2141 1198 2169 minime
1212 2141 1367 2176 exploratus
1382 2142 1488 2170 fuisset.
1503 2143 1558 2170 Ill'lO
1574 2151 1609 2171 ne
1624 2145 1676 2171 hoc
1685 2144 1793 2179 quidem
1813 2146 1866 2173 val-

1087 2187 1120 2214 de
1141 2187 1309 2220 mirandum;
1334 2195 1428 2215 verum
1459 2188 1524 2216 illud
1547 2189 1638 2224 potius
1663 2191 1867 2219 admirationem

1087 2233 1238 2264 habuisset.
1263 2233 1286 2260 si
1314 2233 1390 2268 longa
1418 2233 1460 2261 his
1487 2233 1602 2262 flammis
1636 2242 1711 2262 mora
1738 2237 1868 2271 producta

1089 2277 1193 2305 fuisset.
1221 2277 1289 2304 lIinc
1311 2277 1355 2305 ille
1373 2278 1459 2305 solum
1479 2279 1570 2311 vertit,
1585 2286 1616 2306 ac
1629 2279 1662 2306 de
1675 2279 1773 2307 exsilio
1787 2287 1867 2314 quam

1088 2322 1296 2356 praeclarissime
1308 2323 1412 2349 statuit.
1427 2322 1493 2349 Nam
1510 2323 1542 2349 ad
1561 2330 1637 2350 sacra
1664 2323 1708 2350 illa
1728 2329 1756 2351 et
1778 2324 1868 2352 divina

1087 2367 1196 2402 Egypti
1216 2368 1378 2396 monasteria
1395 2376 1424 2395 se
1440 2368 1559 2402 confert;
1578 2369 1604 2396 in
1627 2370 1726 2404 quibus
1746 2370 1868 2397 homines

287 2406 310 2422 “
324 2406 373 2433 Job
384 2414 415 2438 ιι,
426 2407 442 2433 7
456 2411 482 2434 et
492 2415 549 2441 seq.
587 2407 609 2422 ⁸⁷
622 2407 681 2435 Job.
694 2415 749 2437 xvi,
761 2407 787 2433 2.
825 2407 848 2422 ⁵⁸
861 2407 931 2434 Psal.
947 2417 1033 2437 CXXIV,

1123 2414 1145 2430 "
1159 2412 1209 2440 Job
1224 2421 1267 2445 XL,
1285 2413 1312 2441 '5.

288 2451 343 2488 (10)
359 2451 393 2479 Τὸ
405 2451 510 2488 δεινόν-
523 2453 723 2486 ὀνειδίζοντες.
741 2463 751 2479 ‹
763 2453 938 2486 linpietatem,
952 2464 961 2480 ι
979 2463 1030 2483 non

255 2496 265 2512 ι
281 2486 460 2523 calamitatem
473 2497 482 2513 ι
497 2486 564 2515 Jobo
574 2489 737 2523 objiciebant
758 2495 826 2514 uxor
837 2493 864 2515 et
878 2489 973 2521 amici;
991 2495 1031 2517 at-

253 2530 305 2556 que
316 2522 528 2558 Acmttendebant,
547 2522 613 2550 eum'
624 2523 666 2550 his
679 2524 756 2551 malis
773 2530 804 2549 ac
819 2523 935 2551 miseriis
950 2524 1028 2558 allici,

252 2556 322 2591 quod
336 2561 406 2591 esset
423 2557 536 2590 alicujus
550 2558 660 2585 sceleris
671 2565 743 2585 reus.

269 2591 344 2632 _(11)
361 2589 421 2619 Ἦν
434 2592 552 2626 ἀρετ-ῆς.
578 2592 624 2620 Sic
635 2598 750 2626 quatuor
762 2593 844 2628 Itegg.
860 2594 888 2620 In
900 2594 954 2627 ed.,
969 2594 1034 2631 ἀρε-

252 2634 300 2653 της
312 2634 356 2653 ην.

269 2624 509 2699 ηξέέῖξςρᾳτηση.
525 2661 668 2699 Regg._ph,
676 2667 701 2689 et
710 2663 840 2696 Combeﬁ,
854 2664 994 2699 κρατήσει.

300 2696 342 2733 12>)
354 2696 461 2733 Πλέοτ.
481 2696 599 2733 Qualiter
613 2697 707 2733 Regg.,
723 2699 822 2725 πλεῖον.

300 2731 417 2766 11)Διιί.
434 2732 489 2759 Duo
504 2731 597 2766 Regg.,
610 2733 648 2759 δέ.

300 2765 343 2799 15)
360 2766 419 2793 οιει
431 2775 470 2801 με
485 2765 585 2800 ἀλλὼς
607 2775 666 2799 σοι,
682 2772 732 2795 etc.
749 2768 836 2795 Nobil.
854 2778 864 2794 ε
881 2768 973 2801 Putas,
986 2770 1029 2797 in-

252 2802 319 2834 quit,
347 2808 389 2828 me
413 2803 492 2829 aliter
515 2803 560 2829 tibi
586 2804 764 2837 respondisse,
783 2811 863 2838 quam
890 2810 920 2831 ut
941 2805 1030 2838 justus

251 2842 393 2870 appareas.
410 2846 420 2862 ι

288 2870 344 2906 (16)
360 2872 425 2898 Καί.
440 2872 520 2900 Deest
533 2873 559 2899 in
575 2872 661 2900 tribus
679 2871 762 2908 Regg.
777 2878 804 2901 et
817 2872 862 2901 0r.
879 2873 905 2900 1.

1134 2459 1175 2494 17)
1187 2460 1348 2493 Δια-[λασίῳ.
1366 2460 1448 2487 Coisl.
1459 2460 1487 2491 ‘2,
1503 2459 1640 2488 διπλάσια.

1083 2529 1089 2534 _
1119 2494 1175 2555 (1d8)
1188 2495 1232 2522 Et.
1245 2496 1290 2522 Sic
1302 2500 1356 2522 tres
1369 2495 1463 2530 Regg.,
1473 2495 1520 2522 0r.
1534 2495 1559 2527 1,
1569 2495 1629 2522 Par.
1650 2495 1777 2528 .les.,etc.
1789 2497 1869 2525 Deest

1083 2537 1109 2555 Ill
1123 2537 1138 2555 e
1158 2549 1165 2555 .

1083 2537 1109 2556 ΙΙΙ
1123 2537 1165 2556 ea.

1122 2564 1178 2599 (19)
1193 2565 1242 2591 Γε.
1262 2565 1307 2591 Sic
1322 2564 1406 2599 Regg.
1425 2572 1449 2591 a.
1465 2565 1543 2591 Deest
1556 2564 1581 2591 in
1595 2564 1637 2592 ed.

1123 2566 1167 2597 (I9
1193 2566 1242 2591 Γε.
1262 2566 1307 2591 Sic
1322 2566 1406 2599 Regg.
1425 2572 1449 2591 a.
1465 2566 1543 2591 Deest
1556 2566 1581 2591 in
1595 2566 1637 2592 ed.

1123 2566 1178 2634 (20)
1194 2600 1239 2626 El.
1256 2599 1302 2626 Sic
1321 2600 1403 2634 Regg.
1418 2607 1443 2631 a,
1460 2607 1485 2632 c,
1500 2601 1527 2633 d,
1542 2600 1623 2628 Coisl.
1643 2600 1669 2633 1,
1683 2599 1729 2627 0r.
1748 2601 1772 2633 1,
1805 2600 1869 2629 Par.

1087 2638 1114 2660 ct
1130 2634 1250 2661 Combef.
1269 2635 1346 2661 lt‘eest
1360 2636 1385 2661 in
1399 2635 1441 2661 ed.

1122 2668 1177 2703 (21)
1207 2669 1382 2705 Φυπαδείαν.
1400 2670 1445 2696 Sic
1460 2674 1575 2705 quatuor
1592 2670 1687 2705 chg.,
1705 2669 1798 2701 Basil.,
1814 2677 1867 2698 etc.

1083 2702 1111 2730 Iu
1121 2702 1174 2735 ed.,
1186 2704 1327 2738 φυγαδίαν.

1120 2738 1174 2773 (92)
1192 2738 1252 2776 T§w
1267 2739 1341 2776 xat'_
1353 2738 1514 2775 Λῑγιωττον.
1545 2739 1630 2776 Addit
1648 2739 1764 2776 Nicetas,
1780 2739 1868 2776 ἀσκη-

1084 2772 1149 2810 τῶν.
1166 2782 1176 2798 ‹
1191 2774 1367 2810 Exercenda:
1383 2772 1490 2810 pietatis
1512 2775 1660 2809 gymnasia.
1678 2784 1687 2800 ι
1707 2774 1763 2801 Non
1779 2772 1864 2808 male;

1083 2807 1231 2842 Gregorius
1244 2807 1439 2843 siquidem'hac
1454 2807 1545 2838 vocé’c
1567 2810 1704 2838 solitarios
1728 2814 1755 2837 et
1768 2811 1872 2838 eremi;

1084 2847 1124 2871 tas
1137 2843 1267 2879 designat.
1280 2853 1290 2870 ι
