2060 3140
201 132 271 161 H05

799 131 827 158 S.
848 130 1012 159 GREGORII
1033 131 1203 160 TllEOLOGl

1752 134 1817 161 1104

199 199 216 220 ι
230 189 330 219 mundo
352 197 382 218 se
403 189 596 222 distrahentes,
619 197 651 218 ac
679 189 851 217 solitudinem
878 190 975 225 ample-

1036 191 1158 227 φομένων
1175 192 1204 218 ἐν
1220 191 1339 225 σώματι·
1357 191 1381 218 οι
1397 192 1446 227 μὲν
1459 191 1503 218 τὸν
1521 191 1608 226 πάντη
1627 192 1768 226 μοναδικόν
1789 201 1818 218 τε

199 240 314 268 etentes,
341 236 394 262 Deo
423 236 527 268 vivunt,
550 235 636 269 magis
661 243 742 270 quam
762 237 852 263 caeteri
875 244 979 268 omnes.

198 281 244 316 qui
265 281 290 308 in
317 288 428 316 corpore
455 286 606 308 versantur.
620 280 673 308 Alii
687 281 794 316 quidem
811 282 891 308 vitam
904 289 982 316 pror-

199 334 246 354 sus
263 327 420 359 solitariam,
435 332 461 353 et
475 327 510 354 ab
528 327 666 354 hominum
692 326 826 354 societate
851 331 981 354 remotam

199 377 293 408 agunt,
309 373 350 399 sui
366 373 483 407 ipsorum
504 377 605 399 tantum
624 377 650 399 et
675 372 721 399 Dei
738 373 873 407 colloquio
889 373 981 400 fruen-

199 423 248 450 tes,
264 423 343 452 atque
358 418 427 444 hanc
445 418 577 444 duntaxat
595 422 674 445 terra;
697 425 801 452 partem
820 426 868 452 pro
882 419 981 445 mundo

198 463 338 493 habentes.
353 470 433 497 quam
447 462 473 489 in
497 462 642 490 solitudine
657 463 793 497 cognitam
807 463 915 490 habent.
928 463 980 490 Alii

197 517 286 537 autem
301 510 441 536 charitatis
462 509 546 543 legem
561 517 608 544 per
621 510 837 536 communionem
850 514 876 537 et
892 510 980 536 socie—

199 559 280 582 tatem
298 555 427 585 colentes,
445 554 557 581 solitarii
571 554 649 581 simul
666 559 694 582 et
708 555 849 582 ccenobitze
861 559 934 586 sunt.
949 562 981 582 ac

199 601 297 628 mortui
317 601 423 635 quidem
442 601 547 628 caeteris
561 600 726 632 hominibus,
745 604 772 627 et
794 601 910 635 negotiis
923 607 981 627 om-

197 647 286 678 nibus,
304 654 364 680 qua:
381 647 407 673 in
426 646 513 673 medio
539 646 696 676 volvuntur,
716 652 879 680 versantque
900 645 980 673 simul

194 697 223 720 et
235 697 388 724 versantur,
408 700 439 719 ac
467 692 544 719 nobis
564 700 612 726 per
636 692 792 726 repentinas
814 697 842 718 et
867 693 980 720 crebras

194 739 358 766 mutationes
385 740 561 773 imposturam
588 738 702 769 faciunt,
727 738 776 765 sibi
801 737 868 772 ipsis
891 743 980 765 autem

194 785 310 812 invicem
335 784 427 811 mumli
453 784 512 810 loco
535 788 608 816 sunt,
635 791 666 811 ac
684 792 732 818 per
749 785 979 818 comparationem

195 835 288 858 mutuo
314 830 383 857 inter
413 837 442 856 se
463 830 589 856 virtutem
615 834 716 856 acuunt
742 834 769 856 et
792 829 978 856 exstimulant.

1033 238 1080 264 καὶ
1096 238 1211 272 ἄμικτον
1227 237 1396 270 διαθλοῦντες
1415 238 1482 272 βίον,
1503 238 1608 268 ἑαυτοῖς
1622 237 1713 272 μόνοις
1734 247 1819 272 προσ-

1032 283 1174 315 λαλοῦντες
1196 283 1244 310 καὶ
1259 283 1297 318 τῷ
1317 283 1386 318 Θεῷ,
1408 284 1455 310 καὶ
1471 283 1550 310 τοῦτο
1566 283 1644 318 μόνον
1666 284 1767 318 κόσμον
1783 285 1821 310 εί-

1031 329 1120 361 δὸτες,
1138 330 1198 356 ὅσον
1208 330 1237 355 ὲν
1254 330 1285 364 τῇ
1304 329 1406 365 ἐρημίᾳ
1430 328 1622 363 γνωρίζουσιν
1643 329 1667 355 οί
1690 329 1718 355 δὲ
1736 329 1818 363 νόμον

1032 375 1142 410 ἀγάπης
1168 376 1200 410 τῇ
1218 375 1344 409 κοινωνίᾳ
1363 374 1418 409 (‘25)
1446 374 1615 409 στέργοντες,
1639 375 1767 410 ἐρημικοί
1787 383 1818 401 τε

1031 420 1100 455 ὁμοῦ
1119 420 1166 447 καὶ
1189 421 1312 455 μιγάδες,
1327 422 1382 452 τοῖς
1404 421 1453 456 μὲν
1475 420 1565 452 ἄλλοις
1588 420 1750 455 τεθνηκότες
1771 421 1818 446 ἀν-

1032 464 1151 500 θρώποις
1172 465 1220 491 καὶ
1247 466 1418 501 πράγμασιν,
1441 466 1492 492 ὅσα
1515 466 1545 491 ἑν
1571 465 1647 500 μέσῳ
1671 465 1817 500 περιφέρε-

1031 517 1075 535 ται
1093 509 1164 542 (9.4),
1187 509 1351 544 στροεοῦντά
1369 518 1399 535 τε
1414 510 1461 536 καὶ
1478 509 1672 545 στροϐούμενα,
1687 509 1734 536 καὶ
1756 510 1818 536 παί-

1031 554 1112 586 ζοντα
1129 556 1200 590 ἡμᾶς
1217 556 1275 587 ταῖς
1289 555 1482 590 ἀγχιστρόφοις
1505 555 1674 590 μεταϐολαῖς,
1695 555 1818 590 ἀλλήλοις

1030 600 1058 626 δὲ
1077 600 1177 636 κόσμος
1196 602 1281 633 ὄντες,
1297 602 1344 628 καὶ
1359 603 1392 637 τῇ
1409 601 1558 636 παραθέσει
1579 601 1628 636 τὴν
1643 601 1744 636 ἀρετὴν
1768 600 1816 636 Θή-

1031 654 1133 680 γοντες.
1152 646 1262 678 Τούτοις
1282 646 1415 681 ὁμιλήσας
1433 647 1448 672 ὁ
1470 647 1556 681 μέγας
1574 646 1731 677 Ἀθανάσιος
1749 645 1815 680 (25),

1030 691 1124 727 ὥσπερ
1139 692 1192 718 τῶν
1209 692 1294 718 ἄλλων
1315 693 1442 718 ἁπάντων
1458 693 1570 727 μεσίτης
1589 692 1636 719 καὶ
1655 692 1816 725 διαλλακτὴς

1029 734 1074 772 ἦν,
1095 737 1140 763 τὸν
1167 739 1412 773 εἰρηνοποιήσαντα
1435 737 1474 773 τῷ
1498 738 1594 773 αἵματι
1621 739 1656 764 τὰ
1685 737 1816 765 διεστῶτα

1032 782 1216 817 μιμούμενος·
1238 782 1309 809 οὕτω
1333 783 1381 809 καὶ
1404 783 1449 809 τὸν
1466 783 1598 818 ὲρημικὸν
1623 783 1676 818 (26)
1704 783 1759 818 βίον
1779 783 1817 818 τῷ

1031 827 1181 863 κοινωνικῷ
1200 828 1393 855 καταλλάττει·
1412 828 1528 861 δεικνὺς,
1543 829 1584 855 ὅτι
1600 828 1657 855 ἐστι
1678 829 1726 856 καὶ
1743 829 1817 864 ἱερω-

193 875 261 903 Cum
285 876 327 903 his
349 875 570 903 consuetudinem
595 875 698 902 habens
722 883 836 910 magnus
856 876 975 902 Athana-

1029 874 1095 909 σὺνη
1110 874 1167 909 (Ἦ)
1187 873 1340 909 φιλόσοφος,
1355 875 1402 901 καὶ
1419 874 1562 909 φιλοσοφία
1577 874 1692 910 δεομένη
1710 881 1814 909 μυστα-

193 921 261 953 sius,
276 925 306 948 ut
329 922 449 948 omnium
467 920 580 948 aliarum
604 928 694 947 rerum
711 927 852 955 sequester
868 926 894 948 et
912 929 976 947 con-
1030 921 1146 954 γωγίας.

192 967 298 996 ciliator
311 973 380 1000 erat,
392 967 463 994 illius
477 967 583 994 scilicet
594 967 745 1002 exemplum
757 975 883 1001 sequens,
895 967 978 1002 398
997 967 1041 1002 qui
1066 975 1115 1002 per
1129 966 1287 1001 sanguinem
1309 974 1385 994 suum
1405 975 1447 999 ea,
1463 974 1522 1002 quae
1551 966 1623 994 inter
1649 973 1679 993 se
1705 964 1817 992 disside-

191 1013 267 1047 bant,
282 1013 444 1048 pacificavit.
458 1013 494 1040 ita
512 1013 660 1040 solitariam
683 1020 790 1048 quoque
806 1013 889 1039 vitam
912 1020 972 1040 cum
993 1013 1148 1040 cumobiaca
1162 1014 1187 1040 in
1203 1013 1319 1048 gratiam
1337 1013 1455 1046 reducit;
1479 1013 1542 1040 illud
1567 1012 1693 1040 nimirum
1721 1017 1815 1038 osten-

193 1059 280 1091 deus,
307 1064 333 1086 et
363 1059 543 1086 sacerdotium
580 1058 755 1094 philosophiae
780 1059 897 1085 minime
918 1065 1015 1093 expers
1031 1064 1142 1092 esse,ct
1169 1059 1364 1094 pbiIOsophiam
1399 1061 1468 1087 sacri
1494 1059 1622 1087 antistitis
1646 1059 1816 1087 institutione

192 1112 259 1141 opus
276 1105 384 1132 habere.
597 1140 599 1142 _

227 1151 286 1178 XX.
305 1150 351 1177 Sic
377 1149 448 1177 enim
475 1149 532 1176 haec
558 1150 621 1182 duo,
650 1149 702 1176 hoc
730 1153 782 1182 est,
806 1148 976 1182 tranquillam

192 1198 325 1225 actionem
342 1200 370 1223 et
394 1200 532 1223 actuosam
559 1195 779 1230 tranquillitatem
813 1194 977 1222 consociavit

191 1248 219 1271 et
243 1241 396 1276 copulavit,
427 1245 457 1268 ut
485 1248 644 1276 persuasum
667 1241 794 1268 omnibus
826 1239 949 1268 redderet
966 1259 974 1271 .

192 1288 347 1316 monasticae
358 1288 421 1314 vita:
437 1287 634 1321 professionem
652 1294 757 1313 morum
775 1286 864 1320 potius
884 1286 974 1321 graVi-

192 1339 248 1362 tate
275 1339 303 1360 et
320 1333 485 1366 constantia,
510 1340 591 1367 quam
618 1333 745 1366 corporis
759 1332 912 1359 secessione
927 1338 974 1357 ex.

191 1379 270 1414 primi
290 1383 370 1413 atque
386 1378 521 1413 insigniri.
542 1377 569 1404 lu
595 1385 675 1412 quam
699 1378 779 1404 etiam
811 1377 972 1404 sententiam

191 1431 304 1458 magnus
318 1423 363 1450 ille
382 1423 466 1450 David
486 1423 566 1450 simul
586 1428 613 1450 et
637 1423 716 1450 rebus
731 1422 842 1456 agendis
856 1429 975 1449 summo-

193 1478 258 1506 pere
278 1470 382 1498 deditus
400 1474 469 1501 erat,
493 1474 520 1496 et
546 1476 674 1503 perquam
703 1468 857 1500 solitarius;
882 1469 903 1495 si
930 1467 973 1494 cui

1065 1149 1107 1176 K’.
1129 1147 1206 1174 Οὖτω
1231 1148 1285 1184 γὰρ
1311 1148 1452 1183 ἀμφότερα
1478 1147 1676 1182 συνηρμόσατο,
1699 1147 1746 1174 καὶ
1774 1149 1814 1179 εἰς

1029 1194 1058 1220 ἓν
1077 1195 1164 1230 ἡγαγε
1192 1193 1264 1228 (‘28),
1287 1195 1334 1220 καὶ
1358 1194 1456 1230 πρᾶξιν
1483 1194 1605 1229 ἡσύχιον,
1630 1194 1676 1220 καὶ
1700 1194 1814 1230 ἡσυχίαν

1029 1239 1186 1275 ἔμπρακτον
1207 1240 1280 1275 (29),
1303 1239 1373 1266 ὥστε
1401 1241 1493 1266 πεῖσαι
1514 1240 1545 1266 τὸ
1581 1239 1705 1274 μονάζειν
1731 1241 1759 1266 ὲν
1779 1243 1813 1276 τῇ

1026 1285 1170 1321 εὐσταθείᾳ
1194 1284 1241 1312 τοῦ
1267 1285 1368 1321 τρόπου
1389 1285 1498 1320 μᾶλλον,
1517 1286 1533 1321 ἢ
1557 1287 1589 1321 τῇ
1613 1285 1660 1312 τοῦ
1688 1285 1812 1321 σώματος

1026 1331 1200 1366 ἀναχωρήσει
1222 1331 1484 1367 χαρακτηρίζεσθαι.
1510 1331 1578 1358 Καθ’
1597 1331 1611 1358 ὃ
1634 1332 1681 1358 καὶ
1696 1331 1778 1358 Δαϐιδ
1798 1333 1813 1358 ὸ

1029 1377 1115 1411 μέγας
1138 1377 1193 1411 ('50)
1218 1376 1441 1412 πρακτικώτατὸς
1461 1386 1489 1403 τε
1513 1375 1546 1412 ἧν
1562 1379 1576 1404 ὁ
1593 1377 1672 1409 αὐτὸς,
1693 1378 1739 1404 καὶ
1764 1386 1813 1413 μο-

1029 1421 1159 1453 νὼτατος·
1175 1422 1202 1448 εἴ
1216 1431 1254 1458 τῳ
1278 1422 1318 1454 τὸ,
1332 1424 1506 1457 Καταμόνας
1528 1423 1585 1458 εἰμὶ
1608 1423 1674 1457 ἐγὼ,
1695 1423 1748 1456 ἕως
1774 1423 1813 1450 ἂν

1027 1468 1172 1502 παρέλθω,
1194 1469 1264 1503 μέγα
1280 1469 1346 1504 πρὸς
1362 1469 1497 1501 ἀπόδειξιν
1516 1468 1562 1495 τοῦ
1584 1469 1663 1503 λόγου
1678 1470 1724 1496 καὶ
1739 1469 1812 1502 aeto-

193 1521 285 1543 tamen
311 1513 590 1549 illud:Singulariter
618 1522 676 1540 sunt
702 1521 758 1547 ego,
784 1514 864 1540 donec
884 1519 973 1539 trans-

1027 1521 1130 1539 πιστον.
1147 1512 1196 1539 Διὰ
1221 1513 1310 1546 τοῦτο,
1328 1514 1382 1540 τῶν
1409 1513 1496 1540 ἄλλων
1521 1514 1604 1550 ἀρετῇ
1632 1514 1810 1550 κρατοῦντες,

194 1571 251 1590 eam
271 1562 303 1594 “,
324 1562 357 1589 ad
383 1561 461 1596 hujus
486 1561 548 1588 dicti
569 1561 817 1596 comprobatiouem
832 1562 976 1588 continua-

193 1613 348 1644 tionemque
363 1609 466 1644 pondus
480 1615 604 1643 maguum
617 1608 715 1634 habere
729 1607 864 1634 videatur.
875 1607 975 1640 Quam-

191 1657 296 1688 obrem,
310 1655 356 1690 qui
377 1655 445 1682 alios
470 1654 571 1681 virtute
588 1654 738 1686 anteibant,
758 1654 838 1680 iidem
855 1653 888 1680 ab
904 1653 975 1680 illius

191 1706 282 1728 mente
299 1700 412 1735 longiori
432 1699 572 1727 intervallo
592 1699 714 1731 aberant,
735 1706 815 1733 quam
834 1705 888 1732 quo
910 1698 974 1725 reli—

191 1754 260 1782 quos
276 1746 485 1778 antecedebant;
503 1751 584 1779 atque
606 1745 638 1770 ad
660 1744 804 1771 sacerdotii
830 1743 974 1779 perfectio-

192 1801 252 1820 nem
269 1800 351 1828 pauca
375 1792 556 1822 conferentes,
583 1790 667 1818 multo
684 1790 760 1824 plura
784 1792 816 1816 all
848 1790 968 1825 philosos

190 1836 260 1871 phize
285 1836 427 1863 utilitatem
444 1835 627 1870 recipiebant,
645 1839 807 1868 tantumque
830 1834 854 1860 ei
875 1834 974 1862 tribue-

192 1878 269 1914 bant,‘
283 1886 313 1908 ut
326 1881 455 1916 quidquid
481 1881 530 1914 ipsi
558 1880 714 1914 placuisset.
735 1887 783 1914 pro
809 1880 866 1914 lege
892 1880 974 1906 babe-

192 1932 268 1959 rent,
297 1934 329 1954 ac
356 1934 450 1954 rursus
480 1926 592 1952 vetitum
610 1925 660 1952 sibi
679 1930 760 1959 atque
784 1924 972 1957 interdictum,

191 1973 319 2008 quidquid
335 1973 379 1999 ille
395 1972 528 2000 sententia
553 1979 601 1998 sua
632 1971 821 2006 improbasset,
836 1970 973 1998 existima-

191 2023 261 2053 rent,
276 2019 401 2053 illiusque
416 2019 522 2046 dcereta
549 2025 597 2052 pro
621 2017 745 2044 Mosaicis
774 2017 870 2043 tabulis
891 2017 973 2044 duce-

189 2071 262 2098 rent,
282 2073 314 2094 ac
334 2065 440 2100 majori,
458 2072 537 2099 quam
565 2071 625 2097 quae
653 2063 755 2090 sanctis
780 2063 843 2089 riris
872 2062 966 2089 deberi

191 2112 322 2144 videatur,
343 2111 426 2145 ipsius
443 2110 617 2137 veneratione
631 2108 812 2135 allicereutur.
827 2107 892 2134 Nam
911 2115 971 2134 cum

189 2158 298 2192 quidam
318 2164 351 2184 eo
364 2164 393 2184 se
410 2156 597 2188 contulissent,
613 2160 640 2182 ut
661 2155 734 2188 pium
748 2154 846 2186 virum,
861 2153 971 2187 perinde

1024 1560 1075 1595 τῆς
1096 1561 1200 1587 ἐκείνου
1216 1561 1334 1593 διανοίας
1358 1561 1438 1588 πλέον
1463 1561 1592 1596 ἡττῶντο,
1612 1560 1704 1596 ἢὸσον
1729 1560 1811 1596 ἐκρά-

1024 1615 1086 1632 τουν
1103 1606 1155 1632 τῶν
1170 1606 1274 1639 ἄλλων*
1292 1606 1339 1633 καὶ
1357 1606 1436 1640 ὀλίγα
1455 1606 1522 1641 πρὸς
1543 1606 1691 1641 ἱερωσύνης
1705 1606 1811 1632 τελείω-

1025 1660 1066 1678 σιν
1090 1652 1320 1687 συνεισφέροντες,
1347 1653 1431 1678 πλείω
1450 1652 1517 1687 πρὸς
1540 1652 1698 1687 φιλοσοφίας
1718 1652 1810 1679 συντέ-

1023 1699 1098 1725 λειαν
1119 1697 1337 1732 ἁντελάμῦανον·
1356 1698 1402 1724 καὶ
1422 1698 1500 1724 τοῦτο
1521 1695 1555 1733 ἦν
1575 1698 1656 1732 νόμος
1672 1699 1773 1730 αὐτοῖς,
1795 1698 1810 1724 ὅ

1023 1751 1049 1769 τι
1071 1742 1166 1777 ἐκείνῳ
1183 1742 1285 1769 ἐδόκει·
1309 1743 1357 1769 καὶ
1377 1742 1456 1769 τοῦτο
1478 1741 1622 1777 ἀπώμοτον
1643 1742 1700 1777 (31)
1717 1743 1807 1774 πάλιν,

1023 1789 1037 1815 ὃ
1054 1789 1092 1824 μὴ
1109 1788 1206 1819 ἐδόκει,
1223 1788 1270 1815 καὶ
1292 1788 1393 1820 πλάκες
1415 1788 1553 1820 Μωῦσέως
1566 1789 1658 1821 αὐτοῖς
1678 1788 1713 1815 τὰ
1735 1789 1808 1815 ὲκεί-

1023 1844 1067 1862 νου
1088 1835 1222 1870 δόγματα,
1239 1835 1286 1862 καὶ
1309 1834 1400 1862 πλεῖον
1418 1834 1447 1862 τὸ
1468 1826 1560 1868 σέϐας,
1575 1836 1592 1871 ἢ
1611 1836 1688 1872 παρὰ
1708 1836 1808 1872 ἀνθρώ-

1024 1890 1081 1908 πων
1095 1882 1150 1912 τοῖς
1165 1881 1252 1915 ἁγίοις
1270 1881 1417 1916 ὀφείλεται.
1435 1881 1468 1908 οἵ
1480 1890 1511 1916 γε
1525 1882 1572 1908 καὶ
1587 1882 1668 1918 ἡνίκα
1682 1883 1808 1918 παρῆσάν

1022 1935 1104 1959 τινες,
1125 1927 1219 1963 ὥσπερ
1241 1928 1311 1964 θῆρα
1341 1929 1413 1964 (52),
1438 1929 1485 1955 τὸν
1513 1929 1589 1963 ἆγιον
1605 1929 1806 1964 ἀνιχνεύοντες,

1023 1973 1116 2009 ἐπειδὴ
1129 1974 1266 2008 πανταχοῦ
1283 1975 1377 2001 τοῦτον
1393 1975 1589 2010 ἀναζητοῦντες
1603 1975 1652 2010 οὐχ
1668 1976 1806 2012 εὕρισκον,

1022 2018 1102 2052 λόγου
1125 2019 1174 2053 μὲν
1187 2019 1292 2050 οὐδενὸς
1305 2020 1368 2051 τοὺς
1385 2020 1559 2055 πεμφθέντας
1573 2020 1693 2055 ἠξίωσαν
1703 2029 1709 2036 ·
1727 2021 1808 2057 προῦ-

1021 2072 1108 2090 τεινον
1120 2064 1148 2090 δὲ
1162 2067 1218 2096 τοῖς
1239 2065 1327 2100 ξίφεσι
1347 2066 1410 2098 τοὺς
1436 2064 1569 2102 αὐχένας,
1589 2067 1626 2098 ὡς
1645 2067 1716 2102 ὑπὲρ
1738 2068 1806 2102 Χρι-

1023 2109 1086 2135 στοῦ
1109 2110 1323 2143 κινδυνεύοντες,
1345 2111 1437 2138 καὶτὸ
1462 2112 1557 2138 παθεῖν
1577 2121 1605 2138 τι
1629 2112 1682 2138 τῶν
1705 2113 1806 2148 ἀνηκέ-

1024 2164 1093 2181 στων
1110 2156 1179 2192 ὑπὲρ
1202 2156 1306 2184 ἐκείνου
1328 2157 1458 2192 μεγίστην
1473 2159 1568 2193 μοῖραν
1589 2158 1628 2190 εἰς
1649 2158 1807 2193 φιλοσοφίαν

189 2211 222 2230 ac
242 2203 327 2230 feram
339 2202 497 2237 quamdam,
511 2201 687 2236 vestigarent,
703 2207 753 2226 nec
781 2206 842 2225 eum
871 2198 969 2232 passim

1027 2199 1191 2234 νομίζοντες.
1217 2202 1264 2228 καὶ
1286 2202 1352 2228 πολὺ
1382 2202 1436 2229 τῶν
1462 2201 1574 2238 μακρῶν
1595 2202 1736 2238 νηστειῶν,
1759 2203 1806 2229 καὶ

188 2249 330 2283 ψιωείιυιιι
350 2248 511 2279 invenirent,
530 2254 562 2273 ne
587 2244 760 2280 alloquendos
785 2243 894 2278 quidem
913 2250 971 2275 eos,

1027 2245 1188 2280 χαμευνιών,
1205 2247 1252 2273 καὶ
1271 2247 1322 2282 τῆς
1342 2248 1425 2283 ἄλλης
1441 2247 1637 2280 κακοπαθείας,
1655 2248 1688 2283 ἢν
1709 2249 1806 2275 ἐκεῖνοι

188 2294 234 2328 qui
254 2293 330 2320 missi
350 2292 466 2324 fuerant,
483 2291 637 2323 duxerunt;
655 2298 748 2317 verum
768 2289 889 2317 cervices
912 2289 971 2324 gla-

1027 2291 1161 2326 τρυφῶσιν
1175 2291 1229 2324 ἀεὶ,
1245 2292 1407 2328 ὲνθεὼτερόν
1421 2301 1450 2319 τε
1463 2292 1509 2318 καὶ
1525 2292 1700 2327 ὑψηλότερον.

187 2339 240 2365 diis
271 2337 446 2372 objiciebaut,
469 2337 542 2363 velut
568 2344 617 2371 pro
641 2335 748 2363 Christo
765 2334 960 2370 periclitantes,
982 2339 1064 2370 atque
1089 2336 1126 2363 ita
1147 2337 1238 2364 animo
1259 2337 1426 2371 comparati,
1460 2343 1490 2364 ut
1507 2338 1528 2364 si
1564 2336 1730 2364 acerbissimi
1754 2337 1805 2362 ali-

187 2384 251 2419 quid
268 2391 316 2419 pro
329 2390 362 2411 eo
380 2381 540 2418 perferrent,
575 2382 664 2416 magni
685 2381 711 2408 id
736 2381 770 2408 ad
797 2379 997 2414 philosophiam
1017 2382 1147 2409 momenti
1169 2390 1231 2410 esse
1252 2382 1416 2416 iudicarent,
1441 2382 1629 2417 diuturnisque
1642 2383 1762 2418 jejuuiis,
1778 2387 1804 2410 et

186 2431 363 2462 chameuniis,
389 2429 547 2465 eaeterisque
579 2429 700 2464 corporis
731 2427 963 2461 amictationibus,
980 2435 1048 2463 quas
1063 2436 1112 2464 pro
1126 2430 1262 2464 perpetuis
1276 2430 1380 2458 deliciis
1409 2429 1518 2462 habent,
1553 2429 1637 2456 multo
1665 2429 1804 2456 sublimius

185 2486 217 2506 ac
229 2478 355 2505 divinius.

221 2524 244 2540 ‘°
261 2523 332 2551 Psal.
345 2531 406 2556 cn,
420 2522 465 2550 10.

221 2568 277 2604 (-25)
291 2566 332 2602 Τῇ
343 2567 492 2604 κοινωνίᾳ.
512 2566 585 2604 Par"
596 2566 644 2602 τὴν
658 2564 808 2604 κοινωνίαν.

220 2599 278 2639 (24)
299 2599 496 2636 Περιφέρετάι.
525 2602 554 2629 In
574 2599 719 2634 nonnullis,
749 2599 965 2636 περιφθείρεται,

189 2648 200 2666 1
214 2643 431 2671 corrumpuntur.
450 2647 460 2663 )

219 2673 276 2708 (25)
294 2668 481 2706 ’A'oardawg.
497 2671 542 2699 Sic
555 2671 636 2699 Coisl.
660 2671 687 2704 l,
704 2675 732 2698 et
747 2669 808 2697 Par.
829 2668 858 2696 lu
887 2669 968 2696 editis

184 2709 267 2736 deest.

1057 2563 1114 2600 (28)
1134 2565 1249 2599 Ἦγαγε.
1270 2563 1298 2590 1η
1318 2564 1462 2600 nonnullis,
1481 2564 1627 2599 συνήγαγε.

1066 2599 1109 2634 29)
1129 2600 1325 2633 Ἐμπρακτον.
1344 2599 1373 2625 ln
1385 2599 1554 2633 quibusdam.
1569 2599 1731 2633 εῠπρακτον.

1055 2601 1110 2670 ίόθ)
1127 2633 1215 2670 Δαῦξὶδ
1230 2635 1246 2660 ό
1257 2633 1361 2670 μέγας-ς
1381 2633 1557 2670 ξγίσλψιίιιίιρε
1581 2633 1658 2670 Ββθτ,
1679 2633 1731 2670 Qui:

1067 2633 1110 2669 50)
1127 2633 1215 2660 Δαϐὶδ
1230 2635 1246 2660 ό
1257 2633 1361 2668 μέγας.
1381 2633 1426 2660 Sic
1439 2634 1557 2668 quinque
1581 2633 1658 2667 Heg.,
1679 2633 1759 2669 (ζώει.
1777 2633 1803 2666 l,

1020 2675 1048 2698 et
1062 2668 1114 2697 VOr'.
1127 2669 1153 2696 1.
1174 2669 1253 2695 Deest
1265 2669 1312 2695 oin
1330 2669 1373 2696 ed.
1390 2668 1448 2695 Bill.
1465 2677 1472 2695 :

1021 2712 1081 2732 rum
1110 2703 1286 2739 gerendarum
1313 2703 1438 2731 facultate
1458 2703 1612 2739 prastabat,
1633 2707 1661 2730 et
1686 2703 1802 2730 maxime

1495 2677 1505 2693 ‹
1525 2669 1607 2696 David
1623 2667 1703 2695 simul
1717 2672 1743 2694 et
1760 2675 1800 2695 re-

220 2743 276 2778 (26)
307 2743 486 2778 γἜρημικόν.
521 2741 568 2778 Sic
594 2743 684 2778 plures
716 2740 801 2778 Reg.,_
825 2738 967 2778 duodecim

1027 2738 1169 2778 soleas???-
1189 2748 1200 2778 ι

184 2772 273 2810 ῦοίι).;
306 2772 396 2808 Ῥεῖ-,ξ’
414 2777 548 2808 Combef.,
584 2772 637 2804 etc.
676 2775 703 2802 ln
737 2772 829 2806 editis,
866 2774 968 2808 εἰρηνι-

184 2814 240 2843 κόν,
271 2821 280 2838 t
301 2813 448 2844 pacillcmn.
466 2821 475 2838 )
858 2823 859 2826 η

1065 2774 1110 2809 ξι)
1133 2773 1309 2808 Ἀπώμοτον.
1326 2773 1407 2801 Coisl.
1422 2773 1447 2806 l,
1461 2772 1641 2808 ἀνομώτατον.

1054 2775 1109 2844 ίῦἳ)
1124 2808 1213 2842 Θήρα.
1228 2810 1323 2843 Chrys.
1335 2814 1362 2837 ct
1379 2809 1462 2836 Coisl.
1478 2809 1502 2840 l,
1518 2807 1610 2842 Θῆρες,

184 2814 240 2843 κόν,
263 2808 280 2838 ἰ
301 2813 448 2845 pacillcmn.
466 2821 475 2838 )
858 2823 859 2826 η

1055 2808 1109 2844 (32)
1124 2808 1213 2842 Θήρα.
1228 2810 1323 2843 Chrys.
1335 2814 1362 2837 ct
1379 2809 1462 2836 Coisl.
1478 2809 1502 2840 l,
1518 2808 1610 2842 Θῆρες,

218 2847 276 2883 (27)
292 2847 461 2881 Ἰερωσύνη.
474 2846 586 2873 Billius:
604 2855 613 2870 ι
633 2846 824 2880 episcopatum.
844 2855 854 2871 ›
