2060 3140
236 204 305 233 1105

694 205 822 234 ORATIO
845 206 915 235 XXI.
933 222 968 226 —
982 206 1014 233 IN
1036 206 1177 235 LAUDEM
1195 207 1392 235 ATHANASII.

1784 209 1859 236 “06‘

268 265 333 291 ΚΜ.
356 264 385 290 '0
402 263 450 298 μὲν
465 260 511 290 οὖν
528 264 557 291 ὲν
575 265 678 296 τούτοις
693 263 738 300 ἦν,
759 267 806 293 καὶ
822 267 852 292 τὸ
868 266 915 292 τοῦ
940 266 1020 292 Σολο-

1108 267 1179 294 ΧΧΙ.
1204 267 1291 302 Atque
1316 267 1359 293 hic
1378 266 1404 293 in
1429 265 1471 293 his
1490 265 1587 294 studiis
1604 266 1773 299 versabalur,
1788 267 1853 294 illud

236 309 340 344 μῶντος
355 309 459 344 ἐπῄνει,
475 309 569 344 καιρὸν
588 308 658 336 εἶναι
679 311 760 337 παντὶ
781 311 923 346 πράγματι
944 312 1019 346 φιλο-

236 353 413 388 σοφήσαντος.
440 353 495 379 Καὶ
517 353 562 380 διὰ
585 353 663 380 τοῦτο
691 355 882 390 ἀπεκρύπτετο
912 356 1020 392 μικρὸν,

235 399 296 425 ὅσον
312 398 357 424 τὸν
382 398 429 424 τοῦ
447 398 565 433 πολέμου
591 399 686 434 καιρὸν
702 399 856 434 διαφεύγων
883 400 953 436 (55),
978 401 1021 427 ἵνα

237 445 409 479 συναναφανῇ
427 443 466 479 τῷ
486 444 536 479 τῆς
558 445 669 480 εἰρήνης
689 445 798 480 ἦκοντι-
817 446 884 481 ὅπερ
907 444 953 472 οὖν
975 447 1022 473 καὶ

235 489 339 522 γίνεται
356 488 452 524 μικρὸν
470 488 592 525 ὕστερον.
611 490 639 516 Ὁ
653 489 691 521 δὲ,
707 490 777 516 κατὰ
793 490 893 525 πολλὴν
908 490 958 525 ἤδη
973 489 1021 516 τοῦ

235 533 404 566 κωλύσοντος
415 535 542 571 ζερημίαν,
558 536 720 572 κατατρέχει
739 537 787 571 μὲν
801 535 946 570 Αἴγυπτον,
964 537 1023 571 ληΐ-

236 578 312 611 ζεται
341 579 369 606 δὲ
389 580 488 615 Συρίαν
517 579 555 615 τῷ
586 581 680 616 κράτει
710 581 761 615 τῆς
789 581 917 613 ἀσεϐείας
948 581 1020 616 (54)-

237 625 450 661 ἐπιλαμϐάνεται
465 626 494 653 δὲ
517 626 564 653 καὶ
582 626 637 662 (55)
657 627 706 662 τῆς
729 626 799 662 ὲῴας
819 627 879 653 ὅσον
901 626 1021 657 ἐδύνατο.

237 673 267 699 τὺ
294 671 450 708 ἀρῤωστοῦν
474 671 518 698 ἀεὶ
543 671 776 707 προσλαμϐάνων,
801 671 896 707 ὥσπερ
918 672 942 698 oi
968 672 1023 707 χεί-

239 720 339 755 μαρροι
356 718 391 745 τὰ
407 718 564 754 συρρέοντα,
588 719 636 745 καὶ
651 720 707 750 τοῖς
728 718 913 754 κουφοτέροις,
930 718 946 753 ἢ
971 718 1024 744 δει-

237 767 357 803 λοτέροις
380 767 570 802 ἐπιφυόμενος.
594 767 747 794 Οίκειοῦται
770 766 798 793 δὲ
820 767 870 803 τὴν
893 767 1024 802 βασιλέως

238 811 391 847 ἁπλότητα’
408 811 478 838 οὕτω
492 811 545 846 γὰρ
560 811 614 845 ἐγὼ
630 812 685 848 (36)
706 811 780 838 καλῶ
795 811 844 847 τὴν
859 812 1023 846 κουφότητα,

239 856 395 891 αἰδούμενος
413 856 462 892 τὴν
476 857 629 884 εὐλάϐειαν.
647 857 702 883 Καὶ
715 856 769 893 γὰρ
783 854 828 893 ἦν,
843 858 868 883 εἰ
889 857 929 883 δεῖ
942 857 1024 892 τάλη-

239 901 284 932 Οὲς
300 901 399 932 είπεῖν,
413 901 492 936 ζῆλον
515 901 563 936 μὲν
580 901 660 936 ἔχων,
675 901 731 928 ἀλλ’
744 902 774 928 οὐ
791 902 850 928 κατ’
867 902 1023 936 ἐπίγνωσιν.

246 946 399 979 Ἐξωνεῖται
415 946 444 972 δὲ
456 946 510 973 τῶν
526 947 555 972 ἐν
567 946 639 973 τέλει
655 946 717 978 τοὺς
729 946 906 982 φιλοχρύσους
926 945 1024 981 μᾶλλον
1041 942 1062 970 3

238 991 255 1027 ἥ
276 992 462 1027 φιλοχρίστους
482 991 607 1027 (εὐπορία
624 991 677 1028 γὰρ
698 990 732 1028 ἦν
751 992 825 1027 αὐτῷ
848 992 882 1018 τὰ
902 992 956 1018 τῶν
977 999 1024 1018 πε-

238 1037 337 1072 νήτων,
360 1037 453 1069 κακῶς
478 1037 685 1072 δαπανώμενα),
711 1038 758 1064 καὶ
787 1037 888 1064 τούτων
908 1037 1024 1072 μάλιστα

239 1083 302 1114 τοὺς
326 1082 503 1116 γυναικώδεις
529 1083 583 1118 (57)
610 1092 639 1110 τε
666 1083 714 1110 καὶ
736 1084 764 1110 ἐν
791 1083 919 1120 ἀνδράσιν
944 1084 1025 1110 ἀνάν-

239 1128 329 1163 δρως,
346 1129 393 1155 καὶ
413 1129 584 1164 ἀμφιϐόλους
602 1129 650 1165 μὲν
669 1129 698 1156 τὺ
718 1130 806 1164 γένος,
831 1130 979 1165 προδήλους
998 1129 1026 1156 δὲ

238 1174 287 1209 τὴν
305 1173 446 1200 ἀσέϐειαν·
462 1171 502 1206 οἷς
518 1176 568 1202 οὐκ
590 1173 638 1202 οἷδ’
656 1176 731 1207 ὅπως
752 1176 798 1202 καὶ
825 1175 886 1202 ὅθεν
909 1176 933 1202 οἱ
958 1175 1025 1201 Ῥω-

241 1219 327 1255 μαίων
347 1220 475 1254 βασιλεῖς,
489 1220 524 1247 τὰ
544 1221 600 1248 τῶν
622 1221 678 1257 (38)
703 1221 840 1255 γυναικῶν
865 1221 1025 1257 πιστευομέ-

239 1272 304 1298 hic,
318 1265 352 1292 τὰ
369 1266 422 1292 τῶν
439 1266 542 1302 ἀνδρῶν
563 1267 754 1303 ἐγχειρίζουσι.
777 1267 832 1294 Καὶ
851 1267 936 1294 ταῦτα
955 1267 1026 1301 ἴσχυ-

241 1319 287 1337 σεν
301 1311 315 1336 ὀ
331 1310 380 1337 τοῦ
395 1311 515 1347 πονηροῦ
547 1312 683 1348 θεράπων,
705 1314 718 1339 ὁ
735 1313 788 1340 τῶν
814 1313 940 1346 ζιζανίων
962 1321 1027 1339 σπο-

242 1355 313 1390 ρεὺς,
329 1356 343 1381 ό
357 1355 404 1382 τοῦ
424 1356 607 1392 Ἀντιχρίστου
626 1358 794 1393 πρόδρομος”
818 1358 956 1394 χρώμενος
977 1358 1026 1392 μὲν

238 1401 289 1428 ὅσα
305 1401 413 1439 γλώσσῃ
437 1403 489 1430 τῶν
503 1403 564 1430 τότε
575 1403 681 1438 ’λογίων
698 1405 727 1431 ἐν
741 1405 900 1436 ἐπισκόποις
920 1403 974 1439 (59)
990 1403 1027 1438 τῷ

240 1447 339 1484 πρώτῳ
354 1449 391 1483 (εἴ
403 1458 442 1485 τῳ
463 1450 518 1485 (40)
534 1450 623 1484 λόγιον
642 1451 717 1484 φίλον
742 1451 832 1477 καλεῖν
853 1450 897 1476 τὸν
916 1450 964 1484 οὐχ
983 1449 1027 1476 οὖ-

239 1502 294 1526 τως
309 1495 392 1530 ἀσεϐῆ
405 1496 596 1531 δογματιστὴν,
612 1496 674 1522 ὅσον
689 1496 785 1531 ἐχθρὸν
802 1496 848 1522 καί
860 1495 1024 1530 φιλόνεικον·

240 1540 270 1567 τὸ
282 1541 336 1577 γὰρ
352 1541 437 1577 ὄνομα
448 1541 518 1569 ἑκὼν
533 1542 731 1577 ὑπερϐήσομαι)
742 1551 748 1558 ·
765 1542 844 1573 αὐτὸς
855 1542 883 1568 δὲ
895 1541 954 1568 ἀντὶ
972 1550 1026 1576 χει-

242 1584 287 1620 pb;
301 1585 338 1612 ὢν
354 1585 393 1621 τῷ
410 1587 572 1622 συστήματι,
585 1587 631 1612 καὶ
646 1587 810 1623 παρασύρων
823 1587 862 1622 τῷ
876 1585 966 1622 χρυσῷ
978 1585 1026 1622 τὴν

241 1631 379 1667 ἀλήθειαν,
403 1633 432 1659 ὃν
459 1633 492 1659 δι’
517 1633 656 1659 εὐσέϐειαν
689 1633 881 1667 συναγόμενον,
913 1633 1026 1668 δργανον

241 1677 367 1710 ἀσεϐείας
383 1679 406 1704 οἱ
424 1679 537 1714 πονηροὶ
555 1679 727 1713 πεποίηνται.

277 1814 341 1841 ΚΒ’.
361 1813 468 1848 Ταύτης
487 1815 660 1850 ἀποτέλεσμα
672 1815 722 1850 τῆς
739 1815 908 1846 δυναστείας.
924 1817 940 1851 ἡ
963 1815 1028 1851 πρό-

241 1868 320 1894 τερον
344 1860 392 1895 μὲν
419 1861 467 1895 τὴν
484 1860 532 1895 τῆς
559 1860 637 1895 ἁγίας
665 1861 711 1887 καὶ
736 1860 949 1897 καλλιπαρθένου
977 1861 1028 1887 Θέ-

243 1906 309 1938 κλας
325 1905 380 1941 (41)
396 1905 567 1937 Σελεύκειαν,
589 1905 658 1941 μετὰ
681 1905 709 1932 δὲ
729 1906 809 1932 τοῦτο
839 1906 888 1940 τὴν
914 1907 1030 1942 μεγαλό-

244 1952 321 1978 πολιν
338 1951 438 1987 ταύτην
453 1951 643 1978 καταλαϐοῦσα
658 1951 766 1983 σύνοδος
781 1951 848 1986 (4‘2),
863 1951 896 1984 ἃς
911 1953 958 1978 ἐπὶ
974 1954 1029 1985 τοῖς

243 1998 395 2030 καλλίστοις
417 1998 486 2030 τέως
504 1998 716 2033 γνωριζομένας,
741 1998 787 2024 ἐπὶ
811 1999 867 2030 τοῖς
882 1999 1029 2034 αίσχίστοις

245 2044 394 2079 ὀνομαστὰς
410 2045 573 2080 πεποίηκεν·
589 2044 643 2070 εἴτε
663 2044 708 2071 τὸν
730 2044 855 2079 Χαλάνης
874 2045 987 2081 πύργον,
1001 2046 1030 2078 ὃς

243 2090 334 2120 καλῶς
348 2090 397 2122 τὰς
418 2090 543 2125 γλώσσας
562 2091 690 2126 ἐμέρισεν
705 2090 753 2126 (ὡς
768 2089 872 2125 ὤφελόν
891 2100 922 2125 γε
937 2092 1030 2118 κάκεί-

243 2137 308 2168 vagi
324 2137 370 2163 ἐπὶ
388 2135 466 2172 κακῷ
487 2136 541 2172 γὰρ
558 2138 575 2172 ἠ
600 2136 769 2172 συμφωνία).
790 2137 843 2163 εἴτε
867 2137 897 2164 τὸ
919 2138 1031 2172 Καῖὰῳα

244 2183 389 2218 συνέδριον,
412 2179 433 2217 ᾧ
461 2183 578 2218 Χριστὸς
603 2182 815 2218 κατακρίνεται,
837 2183 891 2209 εἴτε
916 2192 942 2209 τι
968 2183 1032 2210 ἄλλο

242 2229 356 2255 τοιοῦτο·
372 2229 420 2265 τὴν
448 2229 554 2258 σύνοδον
584 2228 692 2264 ἐκείνην
715 2228 919 2264 όνομαστέον,ἢ
943 2229 1031 2256 πάντα

243 2275 373 2311 ἀνέτρεψε
392 2276 439 2302 καὶ
457 2274 591 2310 συνέχεεν.
608 2274 644 2301 Τὸ
668 2275 718 2310 μὲν
737 2274 848 2306 εὐσεϐὲς
874 2274 961 2310 δόγμα
985 2275 1031 2301 καὶ

277 2333 391 2360 “Eccli.
409 2340 448 2364 Ill,
461 2334 486 2360 1.
536 2334 558 2349 ⁸¹
573 2332 651 2360 Rom.
669 2341 696 2363 x,
708 2332 735 2359 2.
773 2333 795 2348 ⁸³
809 2333 875 2360 Gen.
890 2341 929 2366 ιιι,
947 2334 973 2361 4.

264 2386 334 2437 λίὸὗ)
363 2388 542 2422 Massam-tur.
570 2387 638 2415 Tres
663 2387 746 2423 [{egg.

243 2430 342 2456 φερων.

278 2429 449 2494 ῗῖἳί),1ζράτξι
458 2457 667 2494 τῆςνάσεϐεἰας.
682 2457 726 2484 Sic
739 2457 861 2494 designat
872 2458 1027 2494 Gregorius,

243 2496 270 2528 et
281 2493 410 2528 nefarium
422 2492 577 2526 Georgium,
590 2498 684 2525 eteos,
700 2492 744 2527 qui
758 2493 806 2527 ipsi
822 2498 903 2528 atque
921 2492 1029 2523 Aristum

244 2527 374 2560 impietati
392 2527 525 2553 favebant.

278 2561 334 2596 (35)
360 2562 536 2598 Kalsbeest
562 2562 589 2588 in
622 2561 842 2598 quatuorllrgg.
869 2568 895 2589 ct
923 2563 969 2592 0r.
996 2566 1021 2592 1,

244 2595 314 2626 Mox.
326 2595 382 2630 'pro
398 2596 516 2629 ἐδύνατο,
532 2597 558 2623 in
579 2595 723 2628 nonnullis,
739 2595 864 2631 ἠδύνατο.

279 2631 334 2666 (56)
357 2631 438 2658 Οὕτω
451 2631 505 2667 γὰρ
532 2632 599 2666 ἐγώ,
624 2637 675 2659 etc.
697 2631 755 2658 Bill.
778 2640 808 2658 ι(
828 2632 929 2660 Pietate
951 2635 1023 2661 enim

246 2666 329 2698 ipsius
347 2667 493 2700 ditnoveor,
510 2675 543 2694 ne
556 2667 690 2694 levitatem
711 2667 808 2692 «licam.
832 2676 840 2692 ι
855 2667 1023 2696 Existimavit

244 2701 387 2735 Gregorius
415 2701 602 2729 Constantium
631 2702 820 2736 imperatorem
852 2703 1024 2736 simplicitate

245 2737 333 2773 potius
344 2740 422 2773 atque
431 2737 590 2771 ignorantia,
605 2735 685 2772 quatit
698 2735 794 2762 infesto
807 2735 944 2773 religionis
951 2740 1023 2771 odio,

244 2771 351 2798 Arionis
371 2771 477 2799 lavisse.

282 2806 336 2843 (τῇ)
359 2806 437 2843 Tot‘ig
456 2806 657 2843 γυναικώδεις.
671 2806 717 2843 Sic
736 2809 854 2843 quinque
868 2809 962 2843 llegg..
977 2809 1022 2836 0r.

248 2841 272 2872 l,
292 2841 412 2877 Gotnlicl'.
429 2841 508 2868 Deest
520 2842 581 2873 τούς
595 2842 620 2868 in
633 2843 675 2868 ed.
694 2841 1025 2877 llic?GregoriusiEnntt-

247 2878 312 2902 Clltl‘i
332 2885 341 2901 ›
358 2876 489 2911 intelligit,
505 2881 531 2903 et
557 2878 625 2903 inter
637 2884 684 2903 eos
699 2879 814 2904 maxime
822 2876 837 2903 ⁷(
852 2879 1021 2910 Eusebium,»

249 2918 327 2945 quem
342 2911 447 2946 magnis
463 2911 617 2938 muneribus
632 2913 664 2937 ad
680 2919 742 2940 suas
762 2918 852 2946 partes
868 2914 1024 2941 traduxerat

1073 313 1226 340 Salomonis
1244 313 1433 347 comprobans,
1451 318 1504 345 quo
1525 319 1602 338 suum
1623 311 1718 346 cuique
1735 311 1772 338 rei
1786 317 1853 338 tem-

1073 366 1123 393 pus
1145 366 1206 386 esse
1232 357 1368 385 docuit".
1390 357 1429 384 Ac
1452 357 1564 392 proinde
1586 356 1779 391 aliquantisper
1792 357 1855 384 belli

1074 410 1180 439 tempus
1196 405 1301 440 rugiens
1325 404 1459 436 latitabat,
1480 407 1508 430 ut
1529 410 1590 430 cum
1606 402 1767 430 adventante
1783 403 1855 437 pacis

1072 456 1194 485 tempore
1223 450 1379 483 collucerct,
1407 449 1633 484 quemadmodum
1659 453 1687 475 et
1706 448 1783 482 paulo
1796 454 1856 482 post

1073 495 1195 530 contigit.
1217 496 1251 522 At
1265 495 1409 530 Georgius,
1426 494 1534 521 nemine
1558 493 1613 528 jam
1630 493 1713 528 ipsius
1728 493 1855 527 impetum

1074 541 1249 576 propellente,
1269 540 1414 576 {Egyptnm
1436 540 1636 567 incursionibus
1660 543 1759 570 vastat,
1775 544 1856 573 atque

1075 587 1221 621 impietatis
1236 587 1334 614 robore
1348 586 1454 621 Syriam
1478 585 1628 620 populatur.
1643 583 1761 612 Orientis
1774 584 1856 611 etiam

1074 637 1204 666 quantum
1219 632 1302 668 399
1316 636 1404 666 potest
1419 631 1525 666 arripit,
1540 630 1666 658 remissos
1678 634 1704 657 et
1717 629 1857 664 languidoa

1074 678 1205 713 quotidie,
1229 677 1453 712 quemadmodum
1480 681 1613 703 torrentes
1639 683 1670 702 ea
1696 683 1755 709 qua:
1778 675 1857 702 simul

1076 724 1231 756 volvuntur,
1263 730 1415 754 assumens,
1447 730 1477 748 ac
1506 721 1620 748 leviores
1642 721 1857 754 antiguaviores

1076 769 1213 795 adoriens.
1240 767 1309 800 Quin
1337 768 1418 794 etiam
1459 766 1633 800 imperatoris
1657 765 1858 798 simplicitatem

1075 815 1125 842 sini
1144 813 1286 844 conciliat;
1301 813 1339 839 sic
1355 812 1428 839 enitn
1443 819 1492 846 ego
1514 811 1651 838 levitatem
1674 810 1789 845 appello,
1803 810 1858 844 pie-

1077 864 1160 886 tatem
1176 866 1320 886 venerans.
1336 857 1403 884 Nam
1429 857 1451 884 si
1468 864 1531 884 vere
1550 856 1691 884 dicendum
1706 861 1757 887 est.
1770 856 1858 882 zelum

1077 905 1204 936 habrbat,
1220 912 1312 931 verum
1341 911 1393 930 non
1419 903 1565 930 secundum
1593 902 1774 929 scientiam".
1789 901 1857 928 Tum

1075 959 1107 977 ex
1124 950 1282 986 proceribus
1306 957 1352 977 eos
1369 948 1419 976 sibi
1439 948 1552 983 pewnia
1576 951 1726 982 comparat,
1740 947 1785 982 qui
1800 945 1858 973 auri

1074 1004 1193 1023 amorem
1219 995 1317 1022 Christi
1353 994 1438 1021 amori
1470 992 1648 1027 praeferebant
1673 993 1734 1027 (ipsi
1759 991 1858 1019 etenim

1075 1047 1139 1072 opes
1157 1042 1185 1065 et.
1202 1039 1295 1072 copiae,
1315 1038 1383 1064 bona
1406 1043 1552 1071 pauperum
1568 1041 1655 1069 crant,
1672 1037 1698 1063 iit
1712 1035 1860 1071 ﬂagitiosos

1076 1091 1137 1112 usus
1154 1083 1312 1118 insumpta),
1328 1087 1408 1117 atque
1421 1090 1454 1110 ex
1474 1083 1516 1110 his
1530 1083 1702 1117 potissimum
1714 1081 1859 1108 muliebres

1076 1129 1207 1160 homines,
1223 1133 1251 1155 et
1270 1129 1340 1155 inter
1351 1128 1423 1156 viros
1439 1129 1551 1155 minime
1568 1128 1650 1160 viros,
1668 1135 1732 1155 sexu
1750 1127 1858 1162 quidem

1076 1174 1183 1207 dubios,
1201 1174 1339 1209 impietate
1368 1179 1459 1201 autem
1489 1177 1597 1208 apertos
1625 1178 1651 1200 et
1681 1173 1858 1208 perspicuos;

1076 1220 1173 1255 quibus
1193 1227 1255 1247 cum
1280 1219 1443 1247 feminarum
1478 1228 1542 1247 cura
1569 1220 1764 1252 committatur,
1788 1220 1860 1246 haud

1076 1266 1132 1293 scio
1147 1266 1192 1300 qui
1213 1266 1269 1299 ﬁat,
1285 1271 1313 1292 ut
1329 1266 1504 1300 imperatores
1521 1266 1636 1293 Romani
1657 1266 1767 1293 eosdem
1784 1265 1860 1292 virov

1077 1320 1136 1338 rum
1156 1311 1251 1339 ciliciis
1273 1311 1486 1346 mttneribusque
1509 1312 1668 1346 prazliciant.
1683 1311 1798 1338 Tantum
1811 1317 1859 1338 va-

1077 1357 1125 1384 lnit
1145 1357 1191 1384 ille
1207 1357 1308 1383 diaboli
1332 1357 1501 1389 administer,
1523 1356 1568 1384 ille
1590 1357 1756 1384 zizaniorum
1774 1361 1858 1387 sator,

1077 1403 1122 1430 ille
1137 1403 1293 1430 Antichristi
1316 1410 1487 1438 praecursor;
1510 1403 1546 1430 ita
1572 1403 1708 1438 negotium
1729 1403 1859 1437 partiens,

1077 1454 1108 1476 ut
1125 1449 1252 1484 episcopo
1275 1449 1403 1484 quodam,
1428 1456 1459 1476 ea
1486 1453 1647 1484 tempestate
1668 1448 1859 1480 disertissimo,

1078 1495 1175 1530 linguae
1192 1495 1252 1522 vice
1279 1499 1402 1522 uteretur
1426 1494 1460 1528 (si
1481 1495 1523 1521 cui
1542 1499 1629 1522 tamen
1648 1494 1777 1522 disertum
1799 1503 1861 1522 cum

1078 1541 1215 1576 appellare
1231 1541 1324 1574 libeat,
1340 1542 1384 1576 qui
1401 1549 1453 1569 non
1469 1546 1522 1568 tam
1539 1541 1636 1576 impius
1652 1543 1784 1569 sectarius
1800 1541 1861 1572 fuit,

1079 1595 1159 1621 quatit
1189 1587 1315 1615 initnicus
1343 1592 1371 1614 ct
1398 1588 1579 1615 contentionis
1599 1587 1688 1614 studio
1720 1587 1860 1622 ﬂagrans:

1081 1642 1177 1661 nomen
1207 1634 1279 1661 cnim
1315 1633 1439 1661 consulto
1473 1633 1644 1668 praeteribo);
1672 1635 1728 1667 ipsc
1759 1637 1860 1664 autem,

1080 1687 1177 1707 manus
1193 1679 1289 1711 instar,
1306 1679 1410 1706 cohorti
1431 1685 1486 1706 sua:
1501 1684 1583 1710 esset,
1598 1686 1629 1705 ac
1641 1679 1779 1705 veritatem
1795 1685 1862 1705 auro

1079 1724 1253 1756 convelleret,
1269 1726 1339 1758 quod
1356 1724 1464 1758 quidem
1490 1724 1523 1751 ob
1549 1723 1607 1758 pios
1623 1731 1688 1751 usus
1704 1723 1858 1757 collectum,

1079 1770 1225 1803 impietatis
1248 1770 1455 1796 instrumentum
1473 1769 1547 1803 pravi
1565 1769 1687 1796 homines
1704 1768 1861 1797 eti‘eccrunt.

1115 1815 1197 1842 XXII.
1217 1815 1300 1848 Hujus
1322 1814 1448 1850 potentia:
1465 1822 1531 1849 opus
1550 1815 1692 1842 concilittm
1717 1815 1784 1842 illud
1798 1815 1860 1846 fuit,

1080 1862 1149 1895 qttod
1174 1860 1304 1888 Seleucia:
1323 1862 1449 1896 primum,
1468 1861 1512 1887 tibi
1538 1860 1629 1888 ianum
1648 1865 1690 1888 est
1708 1866 1810 1888 sanctae
1834 1866 1860 1887 el

1079 1907 1193 1942 egregia:
1214 1907 1311 1941 virgini
1330 1907 1447 1940 Theclae,
1462 1908 1558 1935 deinde
1579 1907 1606 1934 in
1631 1907 1682 1934 hac
1695 1907 1862 1942 amplissima

1080 1952 1189 1978 civitate
1207 1957 1330 1979 coactum
1343 1957 1394 1984 est,
1411 1960 1479 1988 quas
1491 1953 1571 1979 urbes
1583 1951 1771 1986 pulcherrimis
1783 1956 1861 1978 antea

1081 1998 1234 2025 nominibtts
1260 1999 1360 2032 claras,
1375 1999 1591 2034 turpissimarum
1606 2005 1695 2025 rerum
1712 1998 1782 2025 notis
1792 1998 1862 2025 cele-

1081 2047 1142 2073 bres
1157 2046 1329 2081 illustresque
1345 2046 1478 2078 reddidit;
1499 2045 1556 2072 sive
1577 2045 1701 2072 Chalanae
1724 2044 1819 2071 turrim
1828 2044 1862 2075 “,

1080 2100 1140 2127 qua:
1164 2092 1269 2127 linguas
1294 2091 1407 2126 pulchre
1423 2091 1532 2122 divisit;
1555 2091 1656 2117 utinam
1669 2090 1728 2117 illas
1746 2097 1861 2124 qucque.

1082 2138 1108 2165 in
1134 2137 1232 2165 malum
1260 2145 1360 2172 nempe
1387 2137 1550 2164 concordes!
1569 2136 1625 2163 sive
1643 2136 1751 2171 Caiphaa
1772 2135 1863 2162 conci—

1083 2185 1158 2216 liutn,
1175 2191 1228 2216 quo
1248 2184 1372 2211 Christus
1398 2182 1638 2215 condemnatur“,
1661 2183 1718 2209 sive
1745 2189 1863 2215 quocun-

1081 2236 1134 2263 que
1154 2229 1263 2255 taadem
1280 2228 1331 2255 alio
1344 2228 1451 2255 nomine
1464 2231 1613 2254 conventus
1632 2227 1674 2254 hic
1688 2224 1864 2260 appellandus

1083 2279 1135 2307 est,
1152 2275 1197 2310 qui
1219 2274 1310 2301 omnia
1331 2274 1430 2300 evertit
1451 2281 1483 2300 ac
1505 2272 1682 2308 perturbavit.
1699 2272 1773 2299 Piant
1791 2271 1862 2298 enim

1024 2334 1046 2350 “
1061 2332 1138 2361 Joan.
1153 2341 1191 2367 ιι,
1207 2333 1240 2361 47
1256 2337 1283 2361 et
1297 2340 1374 2368 seqq.

785 2393 812 2414 et
841 2388 937 2422 Savil.,
968 2390 1027 2417 δια-
1045 2389 1221 2424 Βϐεοηζῑιιε.

1117 2421 1173 2461 (58)
1190 2425 1267 2461 Τῶνη
1284 2424 1364 2461 Deest
1378 2424 1404 2450 in
1422 2431 1467 2461 se;
1479 2423 1581 2461 Alleggq
1660 2424 1686 2456 1,
1702 2421 1861 2461 et‘Coqtbci‘.

1117 2456 1173 2496 (59)
1190 2461 1238 2496 Ἐν
1256 2460 1441 2496 ἐπισχέσεως.
1455 2459 1518 2491 Alii,
1529 2456 1589 2496 cum
1601 2457 1704 2496 Nicena,
1721 2456 1863 2496 Eusebium

1082 2493 1253 2527 Nicomediae,
1281 2496 1325 2522 alii
1353 2495 1496 2521 Eusebium
1533 2494 1662 2528 Pamphili
1696 2493 1862 2528 episcopum,

1082 2530 1174 2556 Ariani
1189 2530 1304 2564 agminis
1316 2531 1499 2564 coryphaeum,
1512 2527 1674 2564 intelligunt.
1686 2530 1782 2556 Annon
1796 2527 1863 2552 Aca-

1077 2566 1134 2592 cius
1151 2570 1240 2597 posset
1257 2565 1386 2600 intelligi?

1112 2599 1168 2642 (‘40)
1177 2600 1212 2625 El
1223 2608 1273 2633 τῳ.
1290 2600 1316 2627 Ιιι
1329 2599 1473 2632 ncnnullis,
1485 2609 1540 2626 ειτε
1552 2609 1591 2635 τῳ
1609 2606 1667 2626 Stne
1687 2602 1799 2626 accentu
1815 2605 1862 2634 pro

1076 2643 1138 2660 τινι.

1124 2669 1168 2700 Η)
1187 2668 1311 2701 Θέκλας.
1327 2668 1353 2696 ln
1370 2670 1500 2704 pluribus,
1519 2669 1622 2704 Θέκλης

1126 2704 1169 2738 12)
1200 2704 1340 2736 Σύνοδος.
1378 2705 1469 2740 Schol.
1496 2713 1502 2730 :
1531 2705 1567 2740 Οῤ
1600 2703 1736 2740 τὴνητῷν
1768 2703 1865 2731 ἑκατὸν

1079 2739 1505 2782 πεντήκονταμὰγίῳνιΠατέρῳν.
1531 2739 1615 2774 λέγει,
1628 2739 1713 2779 ἀλλα
1734 2746 1864 2782 προγενε-

1080 2773 1188 2810 στέραν·
1219 2783 1228 2799 ‹
1247 2773 1303 2801 Non
1336 2774 1406 2800 illam
1443 2773 1509 2801 dicit
1538 2780 1645 2801 contum
1669 2774 1864 2808 quinquaginta

1080 2810 1239 2836 Sanctorum
1264 2810 1370 2836 l’atrutn
1392 2810 1534 2843 synodum,
1551 2811 1597 2836 sed
1618 2818 1689 2841 eam,
1703 2817 1762 2843 qua:
1791 2810 1865 2842 prius

1079 2844 1169 2871 ltabita
1187 2844 1285 2876 fuerat,
1303 2853 1312 2870 ι
1329 2843 1431 2871 scilicet
1448 2851 1519 2871 anno
1530 2844 1594 2876 560,
1609 2852 1663 2878 quo
1682 2849 1803 2878 tempore
1821 2851 1866 2878 sy-

1081 2879 1165 2907 nodus
1180 2879 1358 2907 Ariminensis
1370 2879 1395 2906 in
1416 2879 1562 2907 Occidente
1577 2880 1738 2907 habebatur.
