2060 3140
182 200 251 228 ΗΟἹ

780 202 808 230 S.
830 201 994 231 GREGORII
1012 203 1184 232 THEOLOGI

1730 202 1740 228 Ι
1750 201 1797 229 ιοδ

179 264 208 286 et
226 263 342 285 Veterem
366 257 529 291 doctrinam,
541 266 573 285 ac
597 259 740 288 Trinitatis
753 267 907 296 patronam,
921 263 962 289 in-

1023 263 1138 294 ταλαιὺν,
1165 263 1210 289 καί
1233 262 1282 297 τῆς
1301 261 1415 296 Τριάδος
1443 261 1591 295 συνήγορον
1615 259 1797 289 καταλύσασα.

183 304 295 336 terjecto
310 304 390 337 vallo;
413 312 444 332 ac
464 304 596 331 machinis
619 305 732 340 impulsa
751 312 778 333 et
800 306 960 334 labefactata

179 351 422 379 Consubstantialis
447 359 522 384 voce,
548 352 682 379 sustulit:
705 353 835 387 impietati
861 359 962 386 autem,

181 405 228 429 per
254 397 347 431 scripti
372 397 504 431 dogmatis
524 398 740 432 ambiguitatem,
753 399 861 433 ianuam
884 399 965 435 400

181 443 287 475 aperuit
304 451 310 469 τ
328 443 378 470 hoc
397 443 505 477 quidem
525 449 668 478 prrctextu,
694 446 772 479 quasi
795 445 963 479 Scriptorum

183 492 360 521 revereretur,
376 495 408 514 ac
426 488 676 523 probatissimarum
697 497 792 517 vocum
808 498 886 517 usum
907 498 966 517 am-

182 532 356 566 plecteretur,
382 540 411 560 re
440 538 529 560 autem
560 542 622 562 vera
654 535 856 567 Arianismum,
891 535 965 562 nullo

183 577 329 612 Scriptura;
356 578 414 605 Ioco
434 579 581 612 proditum,
599 579 625 606 in
649 579 732 613 ipsius
756 579 844 606 iocum
866 581 966 607 substi-

185 628 270 650 tueus.
287 622 349 649 Ilaec
363 624 434 650 enim
450 625 530 651 verba
548 633 554 650 :
570 624 663 651 Simile
680 625 824 652 secundum
845 626 967 660 Scriptu-

184 677 240 702 τοι,
257 669 466 703 simplicioribus
483 670 636 697 hominibus
660 670 785 698 illecebra
811 675 899 703 erant,
918 671 968 698 im-

184 714 292 748 pietatis
305 715 385 742 hamo
393 715 576 749 circumiecta,
584 716 672 750 imago
683 716 715 742 ad
726 724 820 743 omnes
827 721 967 750 pertrans-

184 766 278 788 eunles
299 768 359 788 sese
378 762 530 795 obvertens,
551 762 702 789 communis
721 763 860 796 utriusque
894 763 968 796 pedis

185 807 345 839 cothurnus,
359 807 488 834 cribratio
503 807 537 834 ad
549 815 655 835 omnem
670 812 779 835 ventum
788 808 821 839 “,
831 815 864 835 ex
875 815 969 835 recens

186 852 285 886 scripta
300 851 408 884 fraude,
424 852 590 887 consilioque
614 852 745 880 adversus
763 854 904 880 veritatem
922 861 970 880 ex-

187 897 316 931 cogitato,
349 897 484 924 licentiam
514 902 594 931 atque
624 898 812 925 auctoritatem
832 903 968 926 assecuta.

189 941 323 977 Sapientes
335 944 404 970 enim
424 949 499 970 erant
518 944 553 970 ad
570 943 638 970 male
657 944 807 978 agendum:
820 949 846 970 at
863 943 970 978 benefa-
987 933 1007 960 Β

187 996 244 1015 cere
258 996 309 1014 non
322 994 414 1016 norant
429 989 463 1017 “.

226 1033 318 1060 XXIII.
341 1033 410 1061 Ilinc
432 1035 545 1062 subdola
565 1035 608 1062 illa
629 1040 656 1062 et
681 1036 799 1070 captiosa
835 1036 972 1063 haeretico-

188 1088 248 1107 rum
276 1080 482 1112 condemnatio,
511 1088 590 1115 quos,
623 1086 652 1107 ut
682 1081 850 1116 plausibilior
876 1089 968 1109 eorum

187 1130 301 1154 conatus
320 1130 401 1156 esset.
417 1126 508 1153 verbis
528 1127 636 1160 quidem
659 1127 694 1154 ab
719 1127 838 1155 Ecclesia
853 1128 972 1162 proscri-

188 1176 309 1206 pserunt,
328 1179 357 1198 re
382 1172 440 1206 ipsa
468 1176 558 1198 autem
578 1172 605 1198 in
628 1172 745 1200 medium
764 1173 972 1208 produxerunt:

188 1217 229 1244 sic
252 1216 377 1244 videlicet
403 1225 464 1244 cum
492 1217 546 1245 illis
572 1222 693 1253 agentes,
714 1223 743 1245 ut
771 1226 824 1246 non
849 1219 974 1247 immanis

188 1261 329 1296 cujusdam
367 1262 539 1297 impietatis,
563 1264 611 1291 sed
636 1264 794 1299 scriptionis
824 1265 974 1293 immodica:

188 1309 292 1336 crimen
314 1309 381 1343 ipsis
403 1309 592 1343 impingerent.
613 1310 681 1337 Ilinc
700 1310 805 1345 profani
820 1317 973 1339 sanctorum

187 1355 305 1390 Iudices,
321 1360 349 1382 et
367 1363 436 1382 nova
463 1361 544 1390 atque
572 1356 699 1383 inusitata
727 1358 827 1389 mislio,
854 1358 975 1393 mystica:

191 1409 289 1436 nempe
314 1402 478 1436 quaestiones
497 1407 636 1436 spectante
649 1402 727 1437 vulgo
745 1408 876 1435 tractatae,
895 1409 975 1438 atque

191 1446 285 1480 iniqua
311 1453 403 1473 rerum
426 1451 562 1480 gestarum
581 1446 732 1481 inquisitio,
755 1452 782 1474 et
809 1448 896 1481 pretio
913 1455 976 1475 con-

190 1492 263 1519 ducti
278 1492 466 1526 sycophantae,
485 1497 512 1518 et
524 1493 663 1518 sententia:
686 1497 757 1519 stata
772 1493 896 1520 mercede
909 1501 975 1527 pro—

190 1538 328 1564 nuntiata.
353 1537 422 1564 Hinc
445 1537 490 1564 alii
508 1538 542 1564 ab
558 1537 738 1565 Ecclesiarum
760 1539 864 1566 thronis
877 1539 977 1574 injuste

190 1582 381 1617 pellebantur:
397 1582 444 1609 alii
467 1583 494 1609 in
519 1590 613 1610 eorum
637 1583 724 1610 locum
741 1583 974 1619 subrogabantur;

191 1631 230 1658 sic
248 1634 350 1662 tamen,
371 1633 401 1656 ut
422 1629 456 1656 ab
473 1629 507 1656 iis
527 1629 676 1664 impietatis
703 1630 893 1665 chirographa,
922 1639 973 1658 non

191 1684 271 1704 secus
295 1681 375 1710 atque
406 1675 483 1718 aliud‘
506 1675 643 1710 quidpiam
671 1676 867 1708 necessarium,
882 1677 974 1711 exige-

192 1729 267 1751 rent.
289 1724 377 1758 Atque
399 1724 425 1750 in
444 1728 569 1758 promptu
592 1728 773 1750 atramentum
800 1728 870 1756 erat,
885 1727 912 1750 et
928 1730 975 1749 ca-

191 1770 338 1798 lumniator
354 1777 369 1796 a
389 1774 475 1803 tergo.
505 1769 542 1796 Ea
574 1777 618 1796 res
644 1769 818 1804 permultose
832 1768 919 1801 nobis,
935 1769 976 1795 in-

192 1817 280 1844 victos
292 1816 392 1850 alioqui
407 1816 490 1846 viros,
509 1815 535 1842 in
548 1815 671 1842 fraudem
687 1815 810 1849 impulit;
824 1815 869 1849 qui
883 1822 976 1849 quam-

194 1863 236 1890 vis
253 1866 342 1890 mente
356 1862 563 1896 haudquaquam
587 1860 704 1896 prolapsi
728 1859 839 1893 fuerint,
859 1861 977 1888 subscri-

193 1907 287 1941 ptione
303 1910 391 1934 tamen
414 1905 562 1933 transversi
576 1905 630 1932 acti
645 1909 722 1937 sunt,
736 1909 816 1939 atque
835 1911 896 1932 cum
912 1904 974 1936 illis,

195 1955 309 1985 utroque
326 1951 436 1978 nomine
449 1949 588 1984 improbis,
601 1953 794 1976 consenserunt
806 1957 814 1982 ;
826 1956 869 1981 ac.
883 1949 906 1976 si
923 1956 975 1976 non

1013 309 1052 344 τῷ
1069 309 1158 344 βαλεῖν
1182 308 1305 343 χάρακα,
1329 307 1376 333 καὶ
1399 307 1576 341 μηχανήμασι
1593 307 1751 332 κατασεῐσαι
1769 306 1800 332 τὸ

1014 355 1171 390 ὸμοούσιον·
1192 356 1224 389 τῇ
1245 354 1273 380 δὲ
1287 352 1400 388 ἀσεϐείᾳ
1416 352 1500 387 ϐύρσν
1520 351 1647 383 ἁνοίξασα
1668 347 1735 387 (45),
1756 350 1801 377 διὰ

1015 402 1065 435 τῆς
1089 401 1144 426 τῶν
1171 399 1370 435 γεγραμμένων
1403 398 1568 434 μεσότητος³
1593 397 1727 432 πρόφασιν
1752 397 1800 432 μὲν

1017 446 1086 472 αἰδοῖ
1103 446 1153 480 τῆς
1171 445 1292 480 Γραφῆς,
1307 444 1355 470 καὶ
1378 443 1428 478 τῆς
1442 443 1496 469 τῶν
1512 442 1645 477 ὲγκρίτων
1662 442 1800 476 ὀνομάτων

1016 492 1150 527 χρήσεως,
1174 491 1204 516 τὸ
1226 491 1256 517 δὲ
1281 489 1390 525 ἀληθὲς,
1411 489 1456 515 τὸν
1473 489 1596 524 ἄγραφον
1614 487 1800 522 Ἀρειανισμὸν

1017 537 1223 570 ἀντεισάγουσα,
1237 535 1273 561 Τὸ
1287 535 1352 571 γὰρ,
1369 535 1488 569 Ὅμοιον
1505 534 1580 560 κατὰ
1601 533 1655 566 τὰς
1668 533 1799 567 Γραφὰς,

1017 585 1072 614 τοῖς
1084 582 1276 618 ἁπλουστέροις
1294 582 1390 615 δέλεαρ
1403 579 1437 616 ἦν
1452 580 1490 615 τῷ
1504 581 1552 615 τῆς
1569 579 1695 611 ἀσεϐείας
1710 579 1801 615 χαλκῷ

1019 629 1217 664 περικείμενον,
1237 629 1253 663 ἡ
1269 627 1337 663 πρὸς
1351 627 1454 658 πάντας
1474 626 1567 661 ὁρῶσα
1579 626 1641 657 τοὺς
1658 625 1802 661 παριόντας

1018 674 1109 705 εἰκὼν,
1125 675 1139 700 ὁ
1158 673 1246 705 κοινὸς
1267 673 1320 698 τῶν
1341 671 1503 707 ἀμφοτέρων
1520 671 1575 707 (Μ)
1601 670 1689 697 ποδῶν
1709 670 1804 706 κόθορ-

1019 730 1073 752 νος,
1094 721 1111 755 ἡ
1126 720 1196 746 κατὰ
1213 719 1300 746 πάντα
1326 719 1424 754 ἄνεμον
1451 717 1590 752 λὶκμησις,
1607 716 1730 749 ἐξουσίαν
1756 717 1803 743 λα-

1019 767 1103 793 ϐοῦσα
1118 766 1167 802 τὴν
1182 765 1329 801 νεόγραφον
1341 764 1396 800 (45)
1411 763 1588 798 κακουργίαν,
1606 763 1652 789 καὶ
1667 763 1716 798 τὴν
1732 762 1803 789 κατὰ

1020 813 1068 847 τῆς
1081 811 1208 847 ἀληθείας
1229 811 1358 837 ἐπίνοιαν.
1374 810 1464 844 Σοφοὶ
1483 809 1538 843 γὰρ
1556 808 1694 844 ἐγένοντο
1707 809 1751 841 εὶς
1769 808 1804 834 τὸ

1021 857 1236 891 κακοποιῆσαι·
1261 856 1293 883 τὸ
1311 855 1345 882 δὲ
1369 855 1465 882 καλὸν
1485 855 1609 889 ποιῆσαι
1636 855 1691 881 οὐκ
1716 854 1805 889 ἔγνω-

1020 911 1090 930 σαν.

1059 1035 1122 1061 Kl".
1146 1034 1285 1061 Ἐντεῦθεν
1305 1035 1321 1070 ἡ
1348 1023 1489 1070 σοφιστικὴ
1506 1034 1569 1070 (46)
1584 1034 1638 1061 τῶν
1663 1035 1811 1070 αῳετικῶνλ

1024 1080 1201 1116 κατάκρισις,
1221 1080 1267 1112 οὓς
1291 1081 1362 1116 λόγῳ
1390 1081 1439 1116 μὲν
1463 1080 1648 1116 ἀπεκήρυξαν,
1670 1081 1702 1107 ἵν’
1763 1090 1809 1108 πι-

1024 1125 1103 1153 θανὸν
1124 1127 1214 1158 αὐτοῖς
1230 1127 1259 1153 τὸ
1278 1127 1445 1162 ἐπιχείρημα
1460 1127 1527 1162 (47),
1547 1127 1619 1162 ἔργῳ
1633 1127 1662 1153 δὲ
1684 1128 1810 1165 προήγα-

1024 1180 1072 1205 γον
1088 1171 1143 1207 (48)
1160 1173 1201 1203 είς
1211 1172 1241 1198 τὸ
1258 1172 1426 1208 ἔμπροσθεν·
1442 1172 1502 1199 οὐδὲ
1528 1171 1656 1198 ἀσέόειαν
1679 1173 1808 1208 ἄμετρον,

1025 1217 1093 1243 ἀλλὰ
1110 1217 1268 1253 συγγραφὴν
1286 1218 1421 1253 ἄπληστον
1444 1218 1652 1252 ἐγκαλέσαντες.
1669 1218 1810 1246 Ἐντεῦθεν

1024 1263 1049 1289 οἱ
1072 1262 1180 1298 βέϐηλοι
1200 1263 1255 1289 τῶν
1277 1263 1358 1290 ὁσίων
1383 1264 1488 1298 κριταὶ,
1511 1264 1558 1290 καὶ
1581 1264 1598 1299 ἡ
1621 1264 1699 1299 καινὴ
1726 1263 1811 1299 μίξις,

1025 1309 1085 1343 ὕψις
1101 1308 1226 1344 δημοσία,
1248 1310 1296 1335 καὶ
1317 1310 1433 1344 μυστικὰ
1449 1310 1640 1345 προϐλήματα,
1661 1310 1739 1344 καὶὴ
1761 1318 1813 1335 πα-

1027 1355 1141 1390 ράνομος
1159 1354 1212 1381 τῶν
1229 1354 1404 1390 βεϐιωμένων
1429 1354 1552 1387 ἐξέτασις
1563 1375 1569 1383 .
1587 1356 1634 1382 καὶ
1653 1356 1678 1381 οἱ
1699 1355 1811 1390 μισῦού-

1028 1409 1102 1435 μενοι
1127 1400 1310 1434 συκοφάνται.
1329 1400 1375 1426 καὶ
1399 1401 1416 1435 ἡ
1442 1400 1488 1426 ἐπὶ
1514 1401 1604 1435 ῥητοῖς
1630 1399 1684 1434 (49)
1711 1399 1810 1434 κρίσις.

1026 1446 1081 1472 Καὶ
1090 1447 1114 1472 οἱ
1132 1445 1182 1481 μὲν
1196 1445 1375 1480 ἐξωθούμενοι
1397 1445 1452 1472 τῶν
1473 1446 1574 1481 θρόνων
1601 1446 1717 1477 ἀδίκως*
1735 1446 1760 1471 οἱ
1781 1445 1813 1471 δὲ

1026 1491 1258 1526 ἀντεισαγόμενοι,
1283 1492 1330 1517 καὶ
1359 1491 1393 1518 τὰ
1415 1491 1584 1527 χειρόγραφα
1605 1491 1655 1526 τῆς
1685 1491 1813 1522 ἀσεὸείας

1027 1537 1232 1572 ἀπαιτούμενοι,
1249 1537 1343 1572 ὥσπερ
1358 1545 1385 1563 τι
1409 1537 1472 1563 ἄλλο
1493 1537 1547 1564 τῶν
1571 1531 1742 1572 ἀναγκαίωνο
1764 1537 1814 1563 καὶ

990 1608 1010 1636 C
1027 1584 1057 1610 τὸ
1076 1585 1160 1619 μέλαν
1182 1584 1301 1619 ἕτοιμον,
1317 1584 1364 1610 καὶ
1386 1585 1400 1610 ὁ
1422 1585 1592 1620 συκοφάντης
1614 1584 1706 1619 ἐγγύς.
1725 1585 1756 1611 "0
1781 1584 1815 1619 δὴ

1029 1631 1076 1656 καὶ
1097 1630 1175 1665 ἡμῶν
1198 1631 1252 1656 τῶν
1282 1631 1423 1666 ἀηττήτων
1446 1631 1471 1656 οἱ
1500 1630 1620 1656 πλεῖστοι
1646 1630 1813 1662 πεπόνθασι,

1028 1677 1132 1712 διανοίᾳ
1162 1677 1211 1712 μὲν
1236 1677 1267 1703 οὐ
1293 1677 1422 1708 πεσόντες
1439 1677 1506 1711 (50).
1528 1677 1671 1712 γράμματι
1693 1677 1720 1702 δὲ
1747 1685 1815 1712 παρ-

1030 1721 1167 1756 αχθέντες,
1184 1722 1230 1748 καὶ
1243 1723 1282 1753 είς
1294 1721 1322 1748 ἓν
1333 1722 1453 1754 ἐλθόντες
1469 1722 1524 1757 (51)
1539 1723 1593 1753 τοῖς
1610 1722 1737 1757 πονηροῖς
1754 1721 1814 1747 κατ’

1029 1767 1190 1802 ἀμφότερα·
1209 1768 1257 1794 καὶ
1273 1767 1320 1794 τοῦ
1340 1768 1443 1794 καπνοῦ
1459 1768 1515 1803 (5‘2)
1538 1776 1580 1802 γε,
1601 1768 1625 1793 εί
1645 1767 1691 1793 καὶ
1710 1766 1746 1802 μὴ
1767 1766 1814 1793 τοῦ

1028 1813 1115 1848 πυρὸς
1144 1813 1334 1849 μετασχόντες.
1359 1813 1392 1841 '0
1420 1814 1550 1846 πολλάκις
1571 1813 1721 1848 ἐδάκρυσα,
1743 1812 1816 1848 ὁρῶν

1026 1858 1075 1894 τὴν
1088 1859 1148 1885 τότε
1162 1859 1239 1894 χύσιν
1255 1859 1310 1894 (55)
1318 1859 1367 1894 τῆς
1382 1859 1518 1890 ἀσεϐείας,
1534 1859 1581 1885 καὶ
1596 1858 1642 1885 τδν
1657 1858 1704 1885 νῦν
1715 1858 1816 1883 ἐπανα-

1027 1904 1126 1930 στάντα
1155 1904 1275 1939 διωγμὸν
1300 1904 1339 1940 τῷ
1357 1904 1430 1940 ὀρθῷ
1444 1904 1515 1939 λόγῳ
1532 1903 1606 1939 παρὰ
1631 1903 1685 1929 τῶν
1700 1910 1817 1938 reposta.-

1026 1950 1080 1976 τῶν
1098 1949 1148 1976 τοῦι
1159 1951 1256 1984 Λόγου.

193 1996 319 2027 flammae,
355 1994 421 2022 fumi
444 1999 519 2022 certe
546 1994 692 2029 participes
726 1993 846 2021 fuerunt.
878 1994 955 2028 Quod
988 1996 1094 2030 quidem
1119 1996 1177 2030 ipse
1197 1996 1289 2022 multis
1313 2003 1383 2030 sarpe
1406 1998 1532 2031 lacrynus
1559 1999 1717 2030 prosecutus
1744 2002 1814 2026 sum,

196 2043 362 2078 impietatem
384 2050 443 2070 eam
461 2050 520 2077 quae
544 2048 607 2068 tunc
626 2042 703 2076 longe
718 2041 824 2076 lateque
841 2043 981 2076 manabat,
999 2048 1027 2069 et
1044 2043 1257 2077 persecutionem
1273 2051 1332 2077 qua:
1351 2051 1421 2070 nunc
1436 2043 1473 2069 ab.
1501 2042 1566 2077 ipsis
1584 2042 1665 2069 Verbi
1695 2041 1816 2076 patronis

195 2091 325 2118 adversus
340 2090 518 2116 orthodoxam
540 2089 688 2115 doctrinam
711 2088 828 2115 excitata
842 2095 894 2121 est,
908 2089 1088 2123 conspiciens.

229 2137 323 2165 XXIV.
340 2137 409 2164 Nam
422 2136 519 2172 procul
536 2136 617 2164 dubio
629 2137 707 2164 stulte
719 2142 824 2172 egerunt
847 2141 977 2171 pastores,

195 2188 226 2211 nt
240 2191 300 2211 cum
318 2183 458 2217 Scriptura
474 2183 579 2218 loquar,
596 2188 620 2210 et
644 2188 762 2217 pastores
788 2183 863 2210 multi
877 2183 978 2210 vineam

197 2237 279 2255 meam
297 2233 520 2263 pervastaverunt,
548 2237 579 2255 at:
608 2229 806 2256 desiderabilem
832 2235 931 2263 partem
943 2229 977 2262 ⁸⁷,

197 2274 249 2301 hoc
264 2278 315 2307 est,
332 2273 377 2300 Dei
395 2274 552 2305 Ecclesium,
574 2274 663 2301 multis
687 2274 843 2306 sudoribus,
856 2279 883 2300 et
898 2274 977 2301 victi-

232 2375 255 2391 “
269 2374 354 2402 Eccli.
374 2382 399 2406 v,
422 2374 466 2400 Η.
505 2375 527 2390 ⁸⁸
539 2374 594 2402 Jer.
609 2383 643 2407 tv,
656 2374 699 2400 :22.
738 2375 758 2390 ⁸⁷
774 2374 829 2401 .Icr.
846 2382 873 2405 ι,
886 2374 930 2400 2|.

1067 2139 1132 2164 ΚΔ’.
1150 2138 1195 2173 Τῷ
1219 2139 1276 2164 ὄντι
1307 2138 1372 2174 γὰρ,
1403 2139 1545 2173 Homerth
1572 2137 1814 2172 ὴφρονεύσαντο,

1032 2184 1102 2210 κατὰ
1124 2184 1155 2210 eo
1176 2185 1377 2220 γεγραμμένον,
1402 2185 1451 2212 καὶ
1478 2184 1617 2219 ποιμένες
1640 2182 1749 2209 πολλοὶ
1771 2182 1816 2208 δι-

1032 2229 1172 2264 έφθειραν
1188 2231 1242 2258 τὸν
1264 2231 1426 2265 ἀμπελῶνά
1452 2240 1522 2266 μου,
1547 2231 1688 2264 ᾔσχυναν
1711 2228 1817 2263 μερίδα

1028 2275 1224 2310 ἐπιθυμητὴν,
1238 2277 1287 2312 τὴν
1306 2277 1468 2312 Ἐκκλησίαν
1488 2277 1537 2303 τοῦ
1560 2276 1627 2303 Θεοῦ
1646 2276 1728 2310 λέγω.
1753 2274 1816 2301 πολ-

232 2451 289 2488 (45)
308 2453 400 2488 Θύραν
425 2451 584 2483 ἀνοίξασα.
608 2463 617 2477 ι
634 2451 886 2486 Impietatijannam
911 2460 973 2486 ape-

1066 2451 1122 2484 (48)
1139 2452 1321 2487 Προήγατον.
1335 2452 1468 2485 Combef.,
1491 2453 1674 2488 προσήγαγον,
1691 2461 1701 2476 ι
1720 2450 1816 2488 Beipsa

197 2490 269 2520 ruit;
290 2497 299 2513 ›
315 2487 387 2514 edita
398 2488 500 2513 scilicet
512 2489 636 2520 ambigua
652 2487 710 2514 fidei
724 2488 905 2519 confessione,
918 2495 978 2521 qum

198 2524 242 2558 pie
256 2522 340 2558 simul
364 2522 497 2558 etAimpie
522 2522 634 2556 intelligi
667 2528 769 2556 posset,
796 2530 874 2556 quam
897 2524 979 2549 etiam

198 2556 306 2591 cuique,
321 2557 378 2583 sive
393 2556 542 2589 Catholica,
564 2558 620 2584 sive
635 2557 748 2586 Ariano.
767 2558 793 2583 in
820 2564 895 2583 Suam
918 2565 980 2591 par—

200 2599 252 2619 tem
278 2593 386 2618 trabere
410 2591 512 2618 liceret.
542 2591 711 2626 Quapropter
734 2591 884 2626 Theologns
910 2593 980 2619 hanc

199 2626 397 2654 confessionem
411 2631 499 2657 vocat,
519 2636 528 2652 ι
548 2634 718 2653 communem
734 2627 874 2661 utriusque
904 2628 980 2661 pedis

199 2662 370 2690 cothurnum.
395 2670 404 2686 ι

219 2696 291 2756 égtiv)
379 2695 560 2731 ἀμφοτέρων.
571 2695 618 2723 Sic
625 2704 672 2724 sex
689 2696 771 2732 Regg.
784 2696 810 2723 In
825 2696 879 2729 etL,
893 2697 983 2732 ἀμφο‹

200 2739 215 2757 τ
219 2739 231 2756 ε
235 2739 288 2757 οων
299 2740 353 2757 των
357 2751 364 2757 .

496 2766 543 2793 0r.
560 2767 586 2803 I,
600 2770 626 2803 et
646 2766 718 2803 Bas,
731 2767 878 2803 ἔγγραφον.

237 2800 294 2835 (46)
305 2801 478 2835 Legatum},
491 2808 543 2828 ctc.
562 2802 664 2834 Ariani,
677 2802 738 2829 ficto
747 2800 911 2836 subdoloque
926 2803 983 2829 δηί-

203 2843 257 2867 mo,
272 2836 377 2862 Aetium
388 2836 558 2868 damnarunt,
571 2842 599 2863 ut
616 2837 694 2863 [idem
707 2837 834 2870 facerent,
852 2846 880 2865 se
891 2840 984 2865 ortho-

205 2872 280 2898 doxae
298 2870 421 2897 assentiri
441 2871 579 2899 doctrinae.

239 2906 295 2940 (47)
318 2905 518 2939 Ἐπιχείρημη.
538 2907 601 2942 Reg.
615 2906 706 2941 Cypr.,
725 2907 884 2943 ἐγχείρημα.

1033 2493 1120 2514 autem
1138 2488 1222 2521 magis
1250 2492 1453 2522 promoverunt,
1473 2497 1482 2513 ι
1501 2488 1585 2521 ipsum
1614 2487 1728 2522 scilicet
1747 2486 1816 2522 Aetii

1034 2522 1131 2554 dogma
1149 2520 1344 2554 confirmando,
1358 2527 1385 2549 et
1403 2520 1515 2548 modum
1524 2523 1653 2548 duntaxat
1666 2520 1813 2551 scribendi,

1035 2557 1109 2583 velut
1121 2558 1322 2583 contentionum
1337 2564 1456 2587 c:msam,
1477 2556 1707 2589 reprehendendo.

1072 2591 1127 2626 (49)
1149 2591 1211 2617 Ἐπὶ
1232 2591 1345 2625 ῥητοῖς.
1363 2591 1444 2618 Coisl.
1460 2593 1472 2618 1
1490 2591 1594 2622 eth-5.,
1615 2590 1763 2626 ἐπίρῥετοι.

1073 2626 1129 2661 (50)
1151 2627 1309 2659 Πεσόντες.
1343 2627 1460 2661 Βοςηςι,
1492 2625 1625 2656 Coinbef.,
1657 2625 1817 2661 κλαπέντες,

1041 2671 1050 2686 ι
1066 2659 1142 2695 quasi
1154 2661 1245 2687 furtitn
1262 2661 1378 2695 spoliati.
1394 2670 1402 2686 I
1418 2660 1488 2693 Mox,
1505 2669 1552 2695 pro
1563 2661 1717 2696 γράμματι,
1733 2659 1816 2694 Regg.

1037 2705 1062 2728 ς,
1078 2697 1105 2727 d,
1121 2696 1276 2731 γράμμασι.

1072 2728 1312 2765 (51)”Ἐζὶθόντες.
1337 2731 1405 2764 Reg.
1420 2738 1445 2762 c,
1462 2731 1508 2758 Or.
1523 2731 1548 2763 I,
1565 2729 1698 2762 Combef.,
1727 2728 1819 2755 συνελ-

1036 2766 1136 2796 θόντες.
1455 2769 1463 2777 ”

1071 2801 1126 2836 (52)
1159 2801 1214 2836 Τοῦ
1249 2800 1376 2827 καπνοῦ.
1395 2801 1440 2827 Sic
1458 2800 1579 2834 plerique
1604 2800 1721 2836 codices.
1740 2798 1818 2825 Deest

1037 2835 1083 2862 τοῦ
1096 2834 1122 2861 in
1142 2837 1186 2862 ed.
1203 2835 1254 2862 Per
1271 2845 1279 2861 ι
1299 2835 1401 2862 fumum
1421 2846 1430 2861 ι
1441 2839 1530 2863 autem
1546 2844 1554 2860 ι
1572 2834 1792 2869 subscriptionem
1806 2841 1816 2858 ι

1037 2871 1171 2898 intellizit.

1076 2879 1245 2941 {ggfizi’vmn
1261 2905 1312 2934 les.
1319 2924 1327 2938 ,
1342 2904 1478 2940 σύγχυσιν.
