  <div class='ocr_page' id='page_1' title='image "/cluster/home/n/w/nwhite01/storage/ocr_20150623/35/njp.32101077772554/568.png"; bbox 0 0 2060 3140; ppageno 0'>
   <div class='ocr_carea' id='block_1_1' title="bbox 210 184 279 214">
    <p class='ocr_par' dir='ltr' id='par_1_1' title="bbox 210 184 279 214">
     <span class='ocr_line' id='line_1_1' title="bbox 210 184 279 214; baseline 0.043 -3"><span class='ocrx_word' id='word_1_1' title='bbox 210 184 279 214; x_wconf 79' lang='lat' dir='ltr'><strong>H09</strong></span> 
     </span>
    </p>
   </div>
   <div class='ocr_carea' id='block_1_2' title="bbox 667 186 1376 217">
    <p class='ocr_par' dir='ltr' id='par_1_2' title="bbox 667 186 1376 217">
     <span class='ocr_line' id='line_1_2' title="bbox 667 186 1376 217; baseline 0.003 -3"><span class='ocrx_word' id='word_1_2' title='bbox 667 186 797 215; x_wconf 80' lang='lat' dir='ltr'><strong>ORATIO</strong></span> <span class='ocrx_word' id='word_1_3' title='bbox 818 186 888 214; x_wconf 76' lang='lat' dir='ltr'><strong>XXI.</strong></span> <span class='ocrx_word' id='word_1_4' title='bbox 908 204 942 209; x_wconf 91' lang='lat'><em>—</em></span> <span class='ocrx_word' id='word_1_5' title='bbox 962 188 995 216; x_wconf 80' lang='lat' dir='ltr'><strong>IN</strong></span> <span class='ocrx_word' id='word_1_6' title='bbox 1015 188 1158 217; x_wconf 76' lang='lat' dir='ltr'><strong>LAUDEM</strong></span> <span class='ocrx_word' id='word_1_7' title='bbox 1179 188 1376 216; x_wconf 74' lang='lat' dir='ltr'><strong>ATHANASII.</strong></span> 
     </span>
    </p>
   </div>
   <div class='ocr_carea' id='block_1_3' title="bbox 1763 189 1833 216">
    <p class='ocr_par' dir='ltr' id='par_1_3' title="bbox 1763 189 1833 216">
     <span class='ocr_line' id='line_1_3' title="bbox 1763 189 1833 216; baseline 0 0"><span class='ocrx_word' id='word_1_8' title='bbox 1763 189 1833 216; x_wconf 76' lang='lat' dir='ltr'><strong>N10</strong></span> 
     </span>
    </p>
   </div>
   <div class='ocr_carea' id='block_1_4' title="bbox 208 246 995 286">
    <p class='ocr_par' dir='ltr' id='par_1_4' title="bbox 208 246 995 286">
     <span class='ocr_line' id='line_1_4' title="bbox 208 246 995 286; baseline 0.005 -13"><span class='ocrx_word' id='word_1_9' title='bbox 208 247 264 279; x_wconf 81' lang='grc' dir='ltr'>λοῖς</span> <span class='ocrx_word' id='word_1_10' title='bbox 286 246 378 283; x_wconf 70' lang='grc' dir='ltr'>ἱδρῶσι</span> <span class='ocrx_word' id='word_1_11' title='bbox 401 247 448 274; x_wconf 76' lang='grc' dir='ltr'>καὶ</span> <span class='ocrx_word' id='word_1_12' title='bbox 472 248 597 283; x_wconf 80' lang='grc' dir='ltr'><strong>σφαγίοις</strong></span> <span class='ocrx_word' id='word_1_13' title='bbox 623 250 846 286; x_wconf 79' lang='grc' dir='ltr'><strong>συνειλεγμένην,</strong></span> <span class='ocrx_word' id='word_1_14' title='bbox 863 252 920 282; x_wconf 77' lang='grc' dir='ltr'>τοῖς</span> <span class='ocrx_word' id='word_1_15' title='bbox 946 250 995 286; x_wconf 63' lang='lat' dir='ltr'><strong>api</strong></span> 
     </span>
    </p>
   </div>
   <div class='ocr_carea' id='block_1_5' title="bbox 1048 246 1831 286">
    <p class='ocr_par' dir='ltr' id='par_1_5' title="bbox 1051 248 1831 283">
     <span class='ocr_line' id='line_1_5' title="bbox 1051 248 1831 283; baseline -0.004 -5"><span class='ocrx_word' id='word_1_16' title='bbox 1051 252 1102 279; x_wconf 86' lang='lat' dir='ltr'><strong>mis</strong></span> <span class='ocrx_word' id='word_1_17' title='bbox 1122 256 1176 278; x_wconf 87' lang='lat' dir='ltr'><strong>tam</strong></span> <span class='ocrx_word' id='word_1_18' title='bbox 1191 249 1407 279; x_wconf 79' lang='lat' dir='ltr'><strong>anteCltristum</strong></span> <span class='ocrx_word' id='word_1_19' title='bbox 1421 256 1503 283; x_wconf 81' lang='lat' dir='ltr'><strong>quam</strong></span> <span class='ocrx_word' id='word_1_20' title='bbox 1520 253 1580 282; x_wconf 86' lang='lat' dir='ltr'><strong>post</strong></span> <span class='ocrx_word' id='word_1_21' title='bbox 1593 248 1730 275; x_wconf 87' lang='lat' dir='ltr'><strong>Clu-istum</strong></span> <span class='ocrx_word' id='word_1_22' title='bbox 1742 249 1831 282; x_wconf 61' lang='lat' dir='ltr'><strong>caesis,</strong></span> 
     </span>
    </p>
   </div>
   <div class='ocr_carea' id='block_1_6' title="bbox 209 293 995 331">
    <p class='ocr_par' dir='ltr' id='par_1_6' title="bbox 209 293 995 331">
     <span class='ocr_line' id='line_1_6' title="bbox 209 293 995 331; baseline 0.004 -11"><span class='ocrx_word' id='word_1_23' title='bbox 209 293 326 328; x_wconf 74' lang='grc' dir='ltr'>Χριστοῦ</span> <span class='ocrx_word' id='word_1_24' title='bbox 346 302 375 320; x_wconf 88' lang='grc' dir='ltr'><strong>τε</strong></span> <span class='ocrx_word' id='word_1_25' title='bbox 397 294 453 329; x_wconf 64' lang='grc'><strong>(54)</strong></span> <span class='ocrx_word' id='word_1_26' title='bbox 468 294 515 321; x_wconf 76' lang='grc' dir='ltr'>καὶ</span> <span class='ocrx_word' id='word_1_27' title='bbox 533 294 603 329; x_wconf 83' lang='grc' dir='ltr'>μετὰ</span> <span class='ocrx_word' id='word_1_28' title='bbox 623 295 750 331; x_wconf 85' lang='grc' dir='ltr'>Χριστὸν.</span> <span class='ocrx_word' id='word_1_29' title='bbox 768 296 815 323; x_wconf 75' lang='grc' dir='ltr'>καὶ</span> <span class='ocrx_word' id='word_1_30' title='bbox 832 297 922 328; x_wconf 85' lang='grc' dir='ltr'>αὐτοῖς</span> <span class='ocrx_word' id='word_1_31' title='bbox 939 298 995 328; x_wconf 80' lang='grc' dir='ltr'>τοῖς</span> 
     </span>
    </p>
   </div>
   <div class='ocr_carea' id='block_1_7' title="bbox 210 339 994 378">
    <p class='ocr_par' dir='ltr' id='par_1_7' title="bbox 210 339 994 378">
     <span class='ocr_line' id='line_1_7' title="bbox 210 339 994 378; baseline 0.005 -13"><span class='ocrx_word' id='word_1_32' title='bbox 210 339 338 373; x_wconf 77' lang='grc' dir='ltr'>μεγάλοις</span> <span class='ocrx_word' id='word_1_33' title='bbox 365 339 413 366; x_wconf 81' lang='grc' dir='ltr'>τοῦ</span> <span class='ocrx_word' id='word_1_34' title='bbox 436 340 502 366; x_wconf 85' lang='grc' dir='ltr'><strong>Θεοῦ</strong></span> <span class='ocrx_word' id='word_1_35' title='bbox 528 341 592 376; x_wconf 79' lang='grc' dir='ltr'>περὶ</span> <span class='ocrx_word' id='word_1_36' title='bbox 617 341 696 376; x_wconf 77' lang='grc' dir='ltr'>ἡμῶν</span> <span class='ocrx_word' id='word_1_37' title='bbox 720 342 828 369; x_wconf 85' lang='grc' dir='ltr'>πάθεσι.</span> <span class='ocrx_word' id='word_1_38' title='bbox 852 342 924 378; x_wconf 82' lang='grc' dir='ltr'>Πλὴν</span> <span class='ocrx_word' id='word_1_39' title='bbox 941 342 994 378; x_wconf 76' lang='grc' dir='ltr'><strong>γὰρ</strong></span> 
     </span>
    </p>
   </div>
   <div class='ocr_carea' id='block_1_8' title="bbox 208 385 996 424">
    <p class='ocr_par' dir='ltr' id='par_1_8' title="bbox 208 385 996 424">
     <span class='ocr_line' id='line_1_8' title="bbox 208 385 996 424; baseline 0.006 -14"><span class='ocrx_word' id='word_1_40' title='bbox 208 385 304 418; x_wconf 70' lang='grc' dir='ltr'>ὀλίγων</span> <span class='ocrx_word' id='word_1_41' title='bbox 322 385 401 418; x_wconf 79' lang='grc' dir='ltr'>ἄγαν,</span> <span class='ocrx_word' id='word_1_42' title='bbox 415 387 461 412; x_wconf 73' lang='grc' dir='ltr'>καὶ</span> <span class='ocrx_word' id='word_1_43' title='bbox 484 386 586 412; x_wconf 80' lang='grc' dir='ltr'>τούτων</span> <span class='ocrx_word' id='word_1_44' title='bbox 599 387 655 413; x_wconf 80' lang='grc' dir='ltr'>ὅσοι</span> <span class='ocrx_word' id='word_1_45' title='bbox 675 387 719 414; x_wconf 74' lang='grc' dir='ltr'><strong>διὰ</strong></span> <span class='ocrx_word' id='word_1_46' title='bbox 737 387 906 423; x_wconf 80' lang='grc' dir='ltr'><strong>σμικρότητα</strong></span> <span class='ocrx_word' id='word_1_47' title='bbox 929 396 996 424; x_wconf 84' lang='grc' dir='ltr'>παρ-</span> 
     </span>
    </p>
   </div>
   <div class='ocr_carea' id='block_1_9' title="bbox 208 431 994 468">
    <p class='ocr_par' dir='ltr' id='par_1_9' title="bbox 208 431 994 468">
     <span class='ocr_line' id='line_1_9' title="bbox 208 431 994 468; baseline 0.005 -12"><span class='ocrx_word' id='word_1_48' title='bbox 208 431 376 466; x_wconf 71' lang='grc' dir='ltr'>ερρίφησαν,</span> <span class='ocrx_word' id='word_1_49' title='bbox 403 431 419 467; x_wconf 85' lang='grc' dir='ltr'>ἢ</span> <span class='ocrx_word' id='word_1_50' title='bbox 458 431 502 458; x_wconf 75' lang='grc' dir='ltr'><strong>διὰ</strong></span> <span class='ocrx_word' id='word_1_51' title='bbox 537 432 638 467; x_wconf 77' lang='grc' dir='ltr'>ἀρετὴν</span> <span class='ocrx_word' id='word_1_52' title='bbox 668 433 834 468; x_wconf 74' lang='grc' dir='ltr'>ἀντὲὒησαν,</span> <span class='ocrx_word' id='word_1_53' title='bbox 867 433 915 465; x_wconf 80' lang='grc' dir='ltr'><strong>οὒς</strong></span> <span class='ocrx_word' id='word_1_54' title='bbox 940 433 994 460; x_wconf 78' lang='grc' dir='ltr'>ἔδει</span> 
     </span>
    </p>
   </div>
   <div class='ocr_carea' id='block_1_10' title="bbox 209 475 994 514">
    <p class='ocr_par' dir='ltr' id='par_1_10' title="bbox 209 475 994 514">
     <span class='ocr_line' id='line_1_10' title="bbox 209 475 994 514; baseline 0.006 -14"><span class='ocrx_word' id='word_1_55' title='bbox 209 475 319 510; x_wconf 77' lang='grc' dir='ltr'>σπέρμα</span> <span class='ocrx_word' id='word_1_56' title='bbox 346 476 393 502; x_wconf 81' lang='grc' dir='ltr'>καὶ</span> <span class='ocrx_word' id='word_1_57' title='bbox 422 475 498 511; x_wconf 72' lang='grc' dir='ltr'>ῥίζαν</span> <span class='ocrx_word' id='word_1_58' title='bbox 528 477 723 512; x_wconf 80' lang='grc' dir='ltr'>ὑπολειφθῆναι</span> <span class='ocrx_word' id='word_1_59' title='bbox 747 479 786 513; x_wconf 87' lang='grc' dir='ltr'>τῷ</span> <span class='ocrx_word' id='word_1_60' title='bbox 808 478 925 514; x_wconf 83' lang='grc' dir='ltr'>Ἰσραὴλ,</span> <span class='ocrx_word' id='word_1_61' title='bbox 952 479 994 505; x_wconf 75' lang='grc' dir='ltr'>ἵνα</span> 
     </span>
    </p>
   </div>
   <div class='ocr_carea' id='block_1_11' title="bbox 207 520 993 560">
    <p class='ocr_par' dir='ltr' id='par_1_11' title="bbox 207 520 993 560">
     <span class='ocr_line' id='line_1_11' title="bbox 207 520 993 560; baseline 0.009 -14"><span class='ocrx_word' id='word_1_62' title='bbox 207 520 327 556; x_wconf 75' lang='grc' dir='ltr'>ἀναθὰλῃ</span> <span class='ocrx_word' id='word_1_63' title='bbox 348 521 440 553; x_wconf 83' lang='grc' dir='ltr'>πάλιν,</span> <span class='ocrx_word' id='word_1_64' title='bbox 462 522 508 549; x_wconf 72' lang='grc' dir='ltr'>καὶ</span> <span class='ocrx_word' id='word_1_65' title='bbox 530 522 669 558; x_wconf 79' lang='grc' dir='ltr'>ἀναῦιὼσῃ</span> <span class='ocrx_word' id='word_1_66' title='bbox 691 525 752 555; x_wconf 88' lang='grc' dir='ltr'>ταῖς</span> <span class='ocrx_word' id='word_1_67' title='bbox 774 525 926 560; x_wconf 74' lang='grc' dir='ltr'>ἐπιρροίαις</span> <span class='ocrx_word' id='word_1_68' title='bbox 947 526 993 553; x_wconf 79' lang='grc' dir='ltr'>τοῦ</span> 
     </span>
    </p>
   </div>
   <div class='ocr_carea' id='block_1_12' title="bbox 209 566 994 604">
    <p class='ocr_par' dir='ltr' id='par_1_12' title="bbox 209 566 994 604">
     <span class='ocr_line' id='line_1_12' title="bbox 209 566 994 604; baseline 0.005 -12"><span class='ocrx_word' id='word_1_69' title='bbox 209 566 375 602; x_wconf 70' lang='grc' dir='ltr'>Πνειέματος,</span> <span class='ocrx_word' id='word_1_70' title='bbox 394 567 494 598; x_wconf 82' lang='grc' dir='ltr'>πάντες</span> <span class='ocrx_word' id='word_1_71' title='bbox 517 567 563 594; x_wconf 77' lang='grc' dir='ltr'>τοῦ</span> <span class='ocrx_word' id='word_1_72' title='bbox 589 568 686 604; x_wconf 78' lang='grc' dir='ltr'>καιροῦ</span> <span class='ocrx_word' id='word_1_73' title='bbox 710 569 850 603; x_wconf 69' lang='grc' dir='ltr'>γεγόνασι,</span> <span class='ocrx_word' id='word_1_74' title='bbox 869 570 994 596; x_wconf 83' lang='grc' dir='ltr'>τοσοῦτον</span> 
     </span>
    </p>
   </div>
   <div class='ocr_carea' id='block_1_13' title="bbox 207 611 994 649">
    <p class='ocr_par' dir='ltr' id='par_1_13' title="bbox 207 611 994 649">
     <span class='ocr_line' id='line_1_13' title="bbox 207 611 994 649; baseline 0.005 -12"><span class='ocrx_word' id='word_1_75' title='bbox 207 611 328 647; x_wconf 77' lang='grc' dir='ltr'>ἀλλήλων</span> <span class='ocrx_word' id='word_1_76' title='bbox 343 612 536 646; x_wconf 83' lang='grc' dir='ltr'><strong>διενεγκόντες,</strong></span> <span class='ocrx_word' id='word_1_77' title='bbox 552 613 613 640; x_wconf 82' lang='grc' dir='ltr'>ὅσον</span> <span class='ocrx_word' id='word_1_78' title='bbox 629 614 692 645; x_wconf 79' lang='grc' dir='ltr'>τοὺς</span> <span class='ocrx_word' id='word_1_79' title='bbox 706 614 755 649; x_wconf 80' lang='grc' dir='ltr'>μὲν</span> <span class='ocrx_word' id='word_1_80' title='bbox 773 614 915 649; x_wconf 82' lang='grc' dir='ltr'>πρότερον,</span> <span class='ocrx_word' id='word_1_81' title='bbox 931 615 994 646; x_wconf 77' lang='grc' dir='ltr'>τοὺς</span> 
     </span>
    </p>
   </div>
   <div class='ocr_carea' id='block_1_14' title="bbox 206 657 992 696">
    <p class='ocr_par' dir='ltr' id='par_1_14' title="bbox 206 657 992 696">
     <span class='ocr_line' id='line_1_14' title="bbox 206 657 992 696; baseline 0.005 -12"><span class='ocrx_word' id='word_1_82' title='bbox 206 657 236 684; x_wconf 75' lang='grc' dir='ltr'>δὲ</span> <span class='ocrx_word' id='word_1_83' title='bbox 260 657 372 694; x_wconf 79' lang='grc' dir='ltr'>ὕστερον</span> <span class='ocrx_word' id='word_1_84' title='bbox 395 659 473 685; x_wconf 77' lang='grc' dir='ltr'>τοῦτο</span> <span class='ocrx_word' id='word_1_85' title='bbox 498 658 611 686; x_wconf 65' lang='grc' dir='ltr'>παθεῖνέ</span> <span class='ocrx_word' id='word_1_86' title='bbox 632 660 680 687; x_wconf 69' lang='grc' dir='ltr'>καὶ</span> <span class='ocrx_word' id='word_1_87' title='bbox 703 661 766 692; x_wconf 80' lang='grc' dir='ltr'>τοὺς</span> <span class='ocrx_word' id='word_1_88' title='bbox 792 661 841 696; x_wconf 78' lang='grc' dir='ltr'>μὲν</span> <span class='ocrx_word' id='word_1_89' title='bbox 866 669 992 696; x_wconf 82' lang='grc' dir='ltr'>προαγω-</span> 
     </span>
    </p>
   </div>
   <div class='ocr_carea' id='block_1_15' title="bbox 208 703 994 741">
    <p class='ocr_par' dir='ltr' id='par_1_15' title="bbox 208 703 994 741">
     <span class='ocr_line' id='line_1_15' title="bbox 208 703 994 741; baseline 0.004 -11"><span class='ocrx_word' id='word_1_90' title='bbox 208 703 300 736; x_wconf 83' lang='grc' dir='ltr'>νιστὰς</span> <span class='ocrx_word' id='word_1_91' title='bbox 323 704 370 731; x_wconf 76' lang='grc' dir='ltr'>καὶ</span> <span class='ocrx_word' id='word_1_92' title='bbox 395 705 548 740; x_wconf 80' lang='grc' dir='ltr'>προστάτας</span> <span class='ocrx_word' id='word_1_93' title='bbox 572 705 697 739; x_wconf 76' lang='grc' dir='ltr'>γενέσθαι</span> <span class='ocrx_word' id='word_1_94' title='bbox 714 707 763 741; x_wconf 81' lang='grc' dir='ltr'>τῆς</span> <span class='ocrx_word' id='word_1_95' title='bbox 780 706 916 738; x_wconf 73' lang='grc' dir='ltr'>ἀσεϐείας,</span> <span class='ocrx_word' id='word_1_96' title='bbox 931 707 994 738; x_wconf 69' lang='grc' dir='ltr'>τοὺς</span> 
     </span>
    </p>
   </div>
   <div class='ocr_carea' id='block_1_16' title="bbox 207 748 991 786">
    <p class='ocr_par' dir='ltr' id='par_1_16' title="bbox 207 748 991 786">
     <span class='ocr_line' id='line_1_16' title="bbox 207 748 991 786; baseline 0.005 -12"><span class='ocrx_word' id='word_1_97' title='bbox 207 748 236 774; x_wconf 80' lang='grc' dir='ltr'>δὲ</span> <span class='ocrx_word' id='word_1_98' title='bbox 259 748 392 784; x_wconf 82' lang='grc' dir='ltr'>ταχθῆναι</span> <span class='ocrx_word' id='word_1_99' title='bbox 411 748 446 775; x_wconf 76' lang='grc' dir='ltr'><strong>τὰ</strong></span> <span class='ocrx_word' id='word_1_100' title='bbox 463 748 594 785; x_wconf 72' lang='grc' dir='ltr'>δεύτερα,</span> <span class='ocrx_word' id='word_1_101' title='bbox 616 750 632 785; x_wconf 82' lang='grc' dir='ltr'>ἢ</span> <span class='ocrx_word' id='word_1_102' title='bbox 654 750 729 786; x_wconf 76' lang='grc' dir='ltr'>φόϐῳ</span> <span class='ocrx_word' id='word_1_103' title='bbox 755 751 991 783; x_wconf 77' lang='grc' dir='ltr'>κατασεισθέντας,</span> 
     </span>
    </p>
   </div>
   <div class='ocr_carea' id='block_1_17' title="bbox 207 794 992 832">
    <p class='ocr_par' dir='ltr' id='par_1_17' title="bbox 207 794 992 832">
     <span class='ocr_line' id='line_1_17' title="bbox 207 794 992 832; baseline 0.004 -12"><span class='ocrx_word' id='word_1_104' title='bbox 207 795 224 829; x_wconf 80' lang='grc' dir='ltr'>ἢ</span> <span class='ocrx_word' id='word_1_105' title='bbox 244 795 323 831; x_wconf 79' lang='grc' dir='ltr'>χρείᾳ</span> <span class='ocrx_word' id='word_1_106' title='bbox 345 794 536 828; x_wconf 78' lang='grc' dir='ltr'><strong>δουλωθέντας,</strong></span> <span class='ocrx_word' id='word_1_107' title='bbox 555 796 572 831; x_wconf 86' lang='grc' dir='ltr'>ἢ</span> <span class='ocrx_word' id='word_1_108' title='bbox 594 795 723 832; x_wconf 68' lang='grc' dir='ltr'>κολακείᾳ.</span> <span class='ocrx_word' id='word_1_109' title='bbox 746 796 950 830; x_wconf 82' lang='grc' dir='ltr'>δελεασθέντας,</span> <span class='ocrx_word' id='word_1_110' title='bbox 975 797 992 832; x_wconf 87' lang='grc' dir='ltr'>ἢ</span> 
     </span>
    </p>
   </div>
   <div class='ocr_carea' id='block_1_18' title="bbox 208 840 993 878">
    <p class='ocr_par' dir='ltr' id='par_1_18' title="bbox 208 840 993 878">
     <span class='ocr_line' id='line_1_18' title="bbox 208 840 993 878; baseline 0.004 -12"><span class='ocrx_word' id='word_1_111' title='bbox 208 841 302 876; x_wconf 79' lang='grc' dir='ltr'>ἀγνοίᾳ</span> <span class='ocrx_word' id='word_1_112' title='bbox 318 840 524 873; x_wconf 71' lang='grc' dir='ltr'>κλαπέντας,,τὸ</span> <span class='ocrx_word' id='word_1_113' title='bbox 542 841 739 877; x_wconf 81' lang='grc' dir='ltr'>μετριώτατον·</span> <span class='ocrx_word' id='word_1_114' title='bbox 756 842 783 868; x_wconf 79' lang='grc' dir='ltr'>εἴ</span> <span class='ocrx_word' id='word_1_115' title='bbox 799 851 838 878; x_wconf 87' lang='grc' dir='ltr'><strong>τῳ</strong></span> <span class='ocrx_word' id='word_1_116' title='bbox 853 843 900 869; x_wconf 73' lang='grc' dir='ltr'>καὶ</span> <span class='ocrx_word' id='word_1_117' title='bbox 916 843 993 870; x_wconf 78' lang='grc' dir='ltr'>τοῦτο</span> 
     </span>
    </p>
   </div>
   <div class='ocr_carea' id='block_1_19' title="bbox 208 886 991 924">
    <p class='ocr_par' dir='ltr' id='par_1_19' title="bbox 208 886 991 924">
     <span class='ocr_line' id='line_1_19' title="bbox 208 886 991 924; baseline 0.004 -11"><span class='ocrx_word' id='word_1_118' title='bbox 208 886 343 921; x_wconf 80' lang='grc' dir='ltr'>αὖταρκες</span> <span class='ocrx_word' id='word_1_119' title='bbox 364 888 403 919; x_wconf 82' lang='grc' dir='ltr'><strong>είς</strong></span> <span class='ocrx_word' id='word_1_120' title='bbox 420 887 568 922; x_wconf 84' lang='grc' dir='ltr'>ἀπολογίαν</span> <span class='ocrx_word' id='word_1_121' title='bbox 584 888 638 915; x_wconf 82' lang='grc' dir='ltr'>τῶν</span> <span class='ocrx_word' id='word_1_122' title='bbox 660 888 724 915; x_wconf 78' lang='grc' dir='ltr'>λαοῦ</span> <span class='ocrx_word' id='word_1_123' title='bbox 751 889 915 924; x_wconf 80' lang='grc' dir='ltr'>προεστάναι</span> <span class='ocrx_word' id='word_1_124' title='bbox 943 899 991 916; x_wconf 86' lang='grc' dir='ltr'>πε-</span> 
     </span>
    </p>
   </div>
   <div class='ocr_carea' id='block_1_20' title="bbox 209 932 992 968">
    <p class='ocr_par' dir='ltr' id='par_1_20' title="bbox 209 932 992 968">
     <span class='ocr_line' id='line_1_20' title="bbox 209 932 992 968; baseline 0.006 -11"><span class='ocrx_word' id='word_1_125' title='bbox 209 932 403 966; x_wconf 85' lang='grc' dir='ltr'>πιστευμένων.</span> <span class='ocrx_word' id='word_1_126' title='bbox 419 933 524 968; x_wconf 83' lang='grc' dir='ltr'>Ὥσπερ</span> <span class='ocrx_word' id='word_1_127' title='bbox 540 933 593 968; x_wconf 73' lang='grc' dir='ltr'><strong>γὰρ</strong></span> <span class='ocrx_word' id='word_1_128' title='bbox 614 933 663 968; x_wconf 76' lang='grc' dir='ltr'>οὐχ</span> <span class='ocrx_word' id='word_1_129' title='bbox 684 935 712 960; x_wconf 77' lang='grc' dir='ltr'>αἱ</span> <span class='ocrx_word' id='word_1_130' title='bbox 733 934 813 960; x_wconf 73' lang='grc' dir='ltr'>αὑταὶ</span> <span class='ocrx_word' id='word_1_131' title='bbox 833 934 948 962; x_wconf 84' lang='grc' dir='ltr'>λεόντων</span> <span class='ocrx_word' id='word_1_132' title='bbox 963 945 992 962; x_wconf 80' lang='grc' dir='ltr'><strong>τε</strong></span> 
     </span>
    </p>
   </div>
   <div class='ocr_carea' id='block_1_21' title="bbox 209 977 994 1016">
    <p class='ocr_par' dir='ltr' id='par_1_21' title="bbox 209 977 994 1016">
     <span class='ocr_line' id='line_1_21' title="bbox 209 977 994 1016; baseline 0.008 -14"><span class='ocrx_word' id='word_1_133' title='bbox 209 977 255 1002; x_wconf 73' lang='grc' dir='ltr'>καὶ</span> <span class='ocrx_word' id='word_1_134' title='bbox 275 977 328 1003; x_wconf 75' lang='grc' dir='ltr'>τῶν</span> <span class='ocrx_word' id='word_1_135' title='bbox 341 977 428 1004; x_wconf 79' lang='grc' dir='ltr'>ἄλλων</span> <span class='ocrx_word' id='word_1_136' title='bbox 445 977 521 1010; x_wconf 82' lang='grc' dir='ltr'>ζώων</span> <span class='ocrx_word' id='word_1_137' title='bbox 542 979 636 1015; x_wconf 74' lang='grc' dir='ltr'>ὁρμαὶ,</span> <span class='ocrx_word' id='word_1_138' title='bbox 659 980 720 1006; x_wconf 80' lang='grc' dir='ltr'>οὐδὲ</span> <span class='ocrx_word' id='word_1_139' title='bbox 745 980 849 1015; x_wconf 81' lang='grc' dir='ltr'>ἀνδρῶν</span> <span class='ocrx_word' id='word_1_140' title='bbox 863 981 880 1016; x_wconf 80' lang='grc' dir='ltr'>ἢ</span> <span class='ocrx_word' id='word_1_141' title='bbox 901 990 994 1015; x_wconf 86' lang='grc' dir='ltr'>γυναι-</span> 
     </span>
    </p>
   </div>
   <div class='ocr_carea' id='block_1_22' title="bbox 208 1022 995 1063">
    <p class='ocr_par' dir='ltr' id='par_1_22' title="bbox 208 1022 995 1063">
     <span class='ocr_line' id='line_1_22' title="bbox 208 1022 995 1063; baseline 0.008 -15"><span class='ocrx_word' id='word_1_142' title='bbox 208 1022 276 1055; x_wconf 82' lang='grc' dir='ltr'>κῶν,</span> <span class='ocrx_word' id='word_1_143' title='bbox 295 1023 311 1059; x_wconf 79' lang='grc' dir='ltr'><strong>ἢ</strong></span> <span class='ocrx_word' id='word_1_144' title='bbox 328 1024 522 1059; x_wconf 76' lang='grc' dir='ltr'>πρεσΰυτέρων</span> <span class='ocrx_word' id='word_1_145' title='bbox 536 1025 553 1060; x_wconf 84' lang='grc' dir='ltr'>ἢ</span> <span class='ocrx_word' id='word_1_146' title='bbox 573 1025 720 1061; x_wconf 80' lang='grc' dir='ltr'>νεωτέρων,</span> <span class='ocrx_word' id='word_1_147' title='bbox 734 1025 789 1052; x_wconf 83' lang='grc' dir='ltr'>ἀλλ’</span> <span class='ocrx_word' id='word_1_148' title='bbox 802 1026 859 1052; x_wconf 75' lang='grc' dir='ltr'>ἐστι</span> <span class='ocrx_word' id='word_1_149' title='bbox 875 1028 922 1054; x_wconf 79' lang='grc' dir='ltr'>καὶ</span> <span class='ocrx_word' id='word_1_150' title='bbox 937 1028 995 1063; x_wconf 80' lang='grc' dir='ltr'>ἠλι-</span> 
     </span>
    </p>
   </div>
   <div class='ocr_carea' id='block_1_23' title="bbox 209 1069 994 1107">
    <p class='ocr_par' dir='ltr' id='par_1_23' title="bbox 209 1069 994 1107">
     <span class='ocr_line' id='line_1_23' title="bbox 209 1069 994 1107; baseline 0.005 -12"><span class='ocrx_word' id='word_1_151' title='bbox 209 1069 274 1096; x_wconf 83' lang='grc' dir='ltr'>κιῶν</span> <span class='ocrx_word' id='word_1_152' title='bbox 288 1069 335 1095; x_wconf 74' lang='grc' dir='ltr'>καὶ</span> <span class='ocrx_word' id='word_1_153' title='bbox 349 1069 436 1104; x_wconf 85' lang='grc' dir='ltr'>γενῶν</span> <span class='ocrx_word' id='word_1_154' title='bbox 451 1070 481 1096; x_wconf 89' lang='grc' dir='ltr'>οὐ</span> <span class='ocrx_word' id='word_1_155' title='bbox 500 1070 596 1106; x_wconf 87' lang='grc' dir='ltr'>μικρὸν</span> <span class='ocrx_word' id='word_1_156' title='bbox 623 1071 653 1097; x_wconf 78' lang='grc' dir='ltr'>τὸ</span> <span class='ocrx_word' id='word_1_157' title='bbox 670 1071 812 1107; x_wconf 75' lang='grc' dir='ltr'>διάφορον·</span> <span class='ocrx_word' id='word_1_158' title='bbox 829 1071 913 1104; x_wconf 72' lang='grc' dir='ltr'>οὕτως</span> <span class='ocrx_word' id='word_1_159' title='bbox 934 1073 994 1099; x_wconf 73' lang='grc' dir='ltr'>οὐδὲ</span> 
     </span>
    </p>
   </div>
   <div class='ocr_carea' id='block_1_24' title="bbox 207 1115 992 1154">
    <p class='ocr_par' dir='ltr' id='par_1_24' title="bbox 207 1115 992 1154">
     <span class='ocr_line' id='line_1_24' title="bbox 207 1115 992 1154; baseline 0.004 -12"><span class='ocrx_word' id='word_1_160' title='bbox 207 1115 345 1152; x_wconf 79' lang='grc' dir='ltr'>ἀρχόντων</span> <span class='ocrx_word' id='word_1_161' title='bbox 370 1116 386 1151; x_wconf 87' lang='grc' dir='ltr'>ἢ</span> <span class='ocrx_word' id='word_1_162' title='bbox 411 1116 578 1152; x_wconf 86' lang='grc' dir='ltr'>ἀρχομένων.</span> <span class='ocrx_word' id='word_1_163' title='bbox 599 1117 661 1148; x_wconf 83' lang='grc' dir='ltr'><strong>Τοῖς</strong></span> <span class='ocrx_word' id='word_1_164' title='bbox 690 1117 738 1152; x_wconf 82' lang='grc' dir='ltr'>μὲν</span> <span class='ocrx_word' id='word_1_165' title='bbox 772 1117 826 1154; x_wconf 85' lang='grc' dir='ltr'><strong>γὰρ</strong></span> <span class='ocrx_word' id='word_1_166' title='bbox 851 1118 897 1145; x_wconf 82' lang='grc' dir='ltr'><strong>τοῦ</strong></span> <span class='ocrx_word' id='word_1_167' title='bbox 928 1119 992 1146; x_wconf 81' lang='grc' dir='ltr'>λαοῦ</span> 
     </span>
    </p>
   </div>
   <div class='ocr_carea' id='block_1_25' title="bbox 207 1161 994 1199">
    <p class='ocr_par' dir='ltr' id='par_1_25' title="bbox 207 1161 994 1199">
     <span class='ocr_line' id='line_1_25' title="bbox 207 1161 994 1199; baseline 0.004 -11"><span class='ocrx_word' id='word_1_168' title='bbox 207 1161 277 1197; x_wconf 85' lang='grc' dir='ltr'>τάχα</span> <span class='ocrx_word' id='word_1_169' title='bbox 293 1161 326 1189; x_wconf 83' lang='grc' dir='ltr'>ἂν</span> <span class='ocrx_word' id='word_1_170' title='bbox 346 1162 391 1188; x_wconf 77' lang='grc' dir='ltr'>καὶ</span> <span class='ocrx_word' id='word_1_171' title='bbox 414 1161 646 1198; x_wconf 85' lang='grc' dir='ltr'>συγγινώσκοιμεν</span> <span class='ocrx_word' id='word_1_172' title='bbox 662 1163 741 1190; x_wconf 74' lang='grc' dir='ltr'>τοῦτο</span> <span class='ocrx_word' id='word_1_173' title='bbox 765 1164 925 1199; x_wconf 80' lang='grc' dir='ltr'><strong>πάσχουσιν,</strong></span> <span class='ocrx_word' id='word_1_174' title='bbox 948 1165 994 1197; x_wconf 78' lang='grc' dir='ltr'>οὓς</span> 
     </span>
    </p>
   </div>
   <div class='ocr_carea' id='block_1_26' title="bbox 209 1207 994 1245">
    <p class='ocr_par' dir='ltr' id='par_1_26' title="bbox 209 1207 994 1245">
     <span class='ocr_line' id='line_1_26' title="bbox 209 1207 994 1245; baseline 0.004 -11"><span class='ocrx_word' id='word_1_175' title='bbox 209 1207 291 1240; x_wconf 79' lang='grc' dir='ltr'>σώζει</span> <span class='ocrx_word' id='word_1_176' title='bbox 307 1208 437 1240; x_wconf 79' lang='grc' dir='ltr'>πολλάκις</span> <span class='ocrx_word' id='word_1_177' title='bbox 455 1209 485 1234; x_wconf 86' lang='grc' dir='ltr'>τὸ</span> <span class='ocrx_word' id='word_1_178' title='bbox 505 1208 685 1235; x_wconf 81' lang='grc' dir='ltr'>ἀὸασάνιστον</span> <span class='ocrx_word' id='word_1_179' title='bbox 698 1217 704 1224; x_wconf 90' lang='grc'><strong>·</strong></span> <span class='ocrx_word' id='word_1_180' title='bbox 726 1209 876 1245; x_wconf 83' lang='grc' dir='ltr'>διδασκάλῳ</span> <span class='ocrx_word' id='word_1_181' title='bbox 891 1211 919 1237; x_wconf 83' lang='grc' dir='ltr'>δὲ</span> <span class='ocrx_word' id='word_1_182' title='bbox 935 1211 994 1242; x_wconf 83' lang='grc' dir='ltr'><strong>πῶς</strong></span> 
     </span>
    </p>
   </div>
   <div class='ocr_carea' id='block_1_27' title="bbox 208 1253 994 1290">
    <p class='ocr_par' dir='ltr' id='par_1_27' title="bbox 208 1253 994 1290">
     <span class='ocr_line' id='line_1_27' title="bbox 208 1253 994 1290; baseline 0.005 -10"><span class='ocrx_word' id='word_1_183' title='bbox 208 1253 286 1280; x_wconf 82' lang='grc' dir='ltr'>τοῦτο</span> <span class='ocrx_word' id='word_1_184' title='bbox 306 1253 437 1289; x_wconf 87' lang='grc' dir='ltr'>δώσομεν,</span> <span class='ocrx_word' id='word_1_185' title='bbox 452 1255 481 1286; x_wconf 74' lang='grc' dir='ltr'>ὃς</span> <span class='ocrx_word' id='word_1_186' title='bbox 498 1254 544 1281; x_wconf 75' lang='grc' dir='ltr'><strong>καὶ</strong></span> <span class='ocrx_word' id='word_1_187' title='bbox 565 1254 614 1285; x_wconf 78' lang='grc' dir='ltr'><strong>τὰς</strong></span> <span class='ocrx_word' id='word_1_188' title='bbox 640 1254 693 1281; x_wconf 84' lang='grc' dir='ltr'>τῶν</span> <span class='ocrx_word' id='word_1_189' title='bbox 713 1254 799 1281; x_wconf 78' lang='grc' dir='ltr'>ἄλλων</span> <span class='ocrx_word' id='word_1_190' title='bbox 817 1256 928 1290; x_wconf 82' lang='grc' dir='ltr'>ἀγνοίας</span> <span class='ocrx_word' id='word_1_191' title='bbox 946 1257 994 1284; x_wconf 81' lang='grc' dir='ltr'><strong>ἐπ-</strong></span> 
     </span>
    </p>
   </div>
   <div class='ocr_carea' id='block_1_28' title="bbox 207 1298 994 1339">
    <p class='ocr_par' dir='ltr' id='par_1_28' title="bbox 207 1298 994 1339">
     <span class='ocr_line' id='line_1_28' title="bbox 207 1298 994 1339; baseline 0.004 -13"><span class='ocrx_word' id='word_1_192' title='bbox 207 1299 326 1336; x_wconf 82' lang='grc' dir='ltr'>ανορθοῖ,</span> <span class='ocrx_word' id='word_1_193' title='bbox 350 1298 469 1336; x_wconf 78' lang='grc' dir='ltr'>ἄνπερῇ</span> <span class='ocrx_word' id='word_1_194' title='bbox 489 1299 526 1335; x_wconf 87' lang='grc' dir='ltr'>μὴ</span> <span class='ocrx_word' id='word_1_195' title='bbox 550 1299 722 1335; x_wconf 74' lang='grc' dir='ltr'>ψευδώνυμος</span> <span class='ocrx_word' id='word_1_196' title='bbox 751 1300 827 1336; x_wconf 80' lang='grc'>(55);</span> <span class='ocrx_word' id='word_1_197' title='bbox 850 1302 911 1334; x_wconf 84' lang='grc' dir='ltr'>Πῶς</span> <span class='ocrx_word' id='word_1_198' title='bbox 940 1303 994 1339; x_wconf 85' lang='grc' dir='ltr'><strong>γὰρ</strong></span> 
     </span>
    </p>
   </div>
   <div class='ocr_carea' id='block_1_29' title="bbox 208 1346 994 1383">
    <p class='ocr_par' dir='ltr' id='par_1_29' title="bbox 208 1346 994 1383">
     <span class='ocr_line' id='line_1_29' title="bbox 208 1346 994 1383; baseline 0.004 -11"><span class='ocrx_word' id='word_1_199' title='bbox 208 1346 258 1372; x_wconf 70' lang='grc' dir='ltr'><strong>οὐκ</strong></span> <span class='ocrx_word' id='word_1_200' title='bbox 280 1346 391 1377; x_wconf 82' lang='grc' dir='ltr'>ἄτοπον,</span> <span class='ocrx_word' id='word_1_201' title='bbox 409 1346 551 1381; x_wconf 79' lang='grc' dir='ltr'>Ῥωμαίων</span> <span class='ocrx_word' id='word_1_202' title='bbox 579 1346 628 1382; x_wconf 78' lang='grc' dir='ltr'>μὲν</span> <span class='ocrx_word' id='word_1_203' title='bbox 655 1346 735 1380; x_wconf 81' lang='grc' dir='ltr'>νόμον</span> <span class='ocrx_word' id='word_1_204' title='bbox 762 1347 856 1383; x_wconf 81' lang='grc' dir='ltr'>μηδενὶ</span> <span class='ocrx_word' id='word_1_205' title='bbox 887 1348 994 1382; x_wconf 83' lang='grc' dir='ltr'>ἀγνοεῖν</span> 
     </span>
    </p>
   </div>
   <div class='ocr_carea' id='block_1_30' title="bbox 209 1389 995 1429">
    <p class='ocr_par' dir='ltr' id='par_1_30' title="bbox 209 1389 995 1429">
     <span class='ocr_line' id='line_1_30' title="bbox 209 1389 995 1429; baseline 0.004 -11"><span class='ocrx_word' id='word_1_206' title='bbox 209 1391 319 1424; x_wconf 78' lang='grc' dir='ltr'>ἐξεῖναι,</span> <span class='ocrx_word' id='word_1_207' title='bbox 337 1392 397 1427; x_wconf 77' lang='grc' dir='ltr'>μηδ’</span> <span class='ocrx_word' id='word_1_208' title='bbox 411 1391 443 1418; x_wconf 87' lang='grc' dir='ltr'>ἂν</span> <span class='ocrx_word' id='word_1_209' title='bbox 461 1391 564 1428; x_wconf 75' lang='grc' dir='ltr'>σφόδρα</span> <span class='ocrx_word' id='word_1_210' title='bbox 623 1401 664 1424; x_wconf 91' lang='grc' dir='ltr'><strong>τις</strong></span> <span class='ocrx_word' id='word_1_211' title='bbox 689 1393 833 1428; x_wconf 84' lang='grc' dir='ltr'>ἀγροικίας</span> <span class='ocrx_word' id='word_1_212' title='bbox 856 1394 904 1420; x_wconf 75' lang='grc' dir='ltr'>καὶ</span> <span class='ocrx_word' id='word_1_213' title='bbox 924 1395 995 1429; x_wconf 85' lang='grc' dir='ltr'>ἀμα-</span> 
     </span>
    </p>
   </div>
   <div class='ocr_carea' id='block_1_31' title="bbox 209 1437 994 1475">
    <p class='ocr_par' dir='ltr' id='par_1_31' title="bbox 209 1437 994 1475">
     <span class='ocr_line' id='line_1_31' title="bbox 209 1437 994 1475; baseline 0.005 -11"><span class='ocrx_word' id='word_1_214' title='bbox 209 1439 356 1471; x_wconf 77' lang='grc' dir='ltr'>θέστατος,</span> <span class='ocrx_word' id='word_1_215' title='bbox 383 1439 450 1474; x_wconf 83' lang='grc' dir='ltr'>μηδὲ</span> <span class='ocrx_word' id='word_1_216' title='bbox 479 1437 548 1466; x_wconf 79' lang='grc' dir='ltr'>εἶναι</span> <span class='ocrx_word' id='word_1_217' title='bbox 575 1439 657 1474; x_wconf 89' lang='grc' dir='ltr'>νόμον</span> <span class='ocrx_word' id='word_1_218' title='bbox 686 1439 731 1465; x_wconf 78' lang='grc' dir='ltr'>τὸν</span> <span class='ocrx_word' id='word_1_219' title='bbox 765 1439 913 1475; x_wconf 77' lang='grc' dir='ltr'>βοηθοῦντα</span> <span class='ocrx_word' id='word_1_220' title='bbox 938 1442 994 1474; x_wconf 87' lang='grc' dir='ltr'>τοῖς</span> 
     </span>
    </p>
   </div>
   <div class='ocr_carea' id='block_1_32' title="bbox 210 1484 996 1523">
    <p class='ocr_par' dir='ltr' id='par_1_32' title="bbox 210 1484 996 1523">
     <span class='ocr_line' id='line_1_32' title="bbox 210 1484 996 1523; baseline 0.005 -13"><span class='ocrx_word' id='word_1_221' title='bbox 210 1484 406 1520; x_wconf 76' lang='grc' dir='ltr'>πραττομένοις</span> <span class='ocrx_word' id='word_1_222' title='bbox 430 1484 462 1510; x_wconf 81' lang='grc' dir='ltr'><strong>δι’</strong></span> <span class='ocrx_word' id='word_1_223' title='bbox 484 1485 595 1519; x_wconf 76' lang='grc' dir='ltr'>ἄγνοιαν</span> <span class='ocrx_word' id='word_1_224' title='bbox 617 1484 689 1520; x_wconf 74' lang='lat'><strong>(56)&#39;</strong></span> <span class='ocrx_word' id='word_1_225' title='bbox 709 1485 773 1517; x_wconf 73' lang='grc' dir='ltr'>τοὺς</span> <span class='ocrx_word' id='word_1_226' title='bbox 795 1485 824 1512; x_wconf 80' lang='grc' dir='ltr'>δὲ</span> <span class='ocrx_word' id='word_1_227' title='bbox 844 1486 894 1521; x_wconf 81' lang='grc' dir='ltr'>τῆς</span> <span class='ocrx_word' id='word_1_228' title='bbox 909 1495 996 1523; x_wconf 86' lang='grc' dir='ltr'>σωτη-</span> 
     </span>
    </p>
   </div>
   <div class='ocr_carea' id='block_1_33' title="bbox 210 1531 994 1569">
    <p class='ocr_par' dir='ltr' id='par_1_33' title="bbox 210 1531 994 1569">
     <span class='ocr_line' id='line_1_33' title="bbox 210 1531 994 1569; baseline 0.005 -13"><span class='ocrx_word' id='word_1_229' title='bbox 210 1531 270 1565; x_wconf 81' lang='grc' dir='ltr'>ρίας</span> <span class='ocrx_word' id='word_1_230' title='bbox 294 1531 399 1565; x_wconf 82' lang='grc' dir='ltr'>ἀγνοεῖν</span> <span class='ocrx_word' id='word_1_231' title='bbox 420 1531 614 1565; x_wconf 76' lang='grc' dir='ltr'>μυσταγωγοὺς</span> <span class='ocrx_word' id='word_1_232' title='bbox 638 1531 687 1563; x_wconf 85' lang='grc' dir='ltr'>τὰς</span> <span class='ocrx_word' id='word_1_233' title='bbox 709 1531 759 1567; x_wconf 82' lang='grc' dir='ltr'>τῆς</span> <span class='ocrx_word' id='word_1_234' title='bbox 783 1533 919 1569; x_wconf 81' lang='grc' dir='ltr'>σωτηρίας</span> <span class='ocrx_word' id='word_1_235' title='bbox 944 1535 994 1569; x_wconf 85' lang='grc' dir='ltr'>ἀρ-</span> 
     </span>
    </p>
   </div>
   <div class='ocr_carea' id='block_1_34' title="bbox 209 1576 1030 1622">
    <p class='ocr_par' dir='ltr' id='par_1_34' title="bbox 209 1576 1030 1622">
     <span class='ocr_line' id='line_1_34' title="bbox 209 1576 1030 1622; baseline 0.005 -19"><span class='ocrx_word' id='word_1_236' title='bbox 209 1576 268 1611; x_wconf 74' lang='grc' dir='ltr'>χὰς,</span> <span class='ocrx_word' id='word_1_237' title='bbox 288 1577 339 1603; x_wconf 78' lang='grc' dir='ltr'>κᾶν</span> <span class='ocrx_word' id='word_1_238' title='bbox 362 1576 445 1604; x_wconf 72' lang='grc' dir='ltr'>τᾶλλα</span> <span class='ocrx_word' id='word_1_239' title='bbox 464 1577 618 1612; x_wconf 82' lang='grc' dir='ltr'>τυγχάνωσι</span> <span class='ocrx_word' id='word_1_240' title='bbox 632 1577 686 1604; x_wconf 85' lang='grc' dir='ltr'><strong>τῶν</strong></span> <span class='ocrx_word' id='word_1_241' title='bbox 701 1578 891 1615; x_wconf 81' lang='grc' dir='ltr'>ἁπλουστέρων</span> <span class='ocrx_word' id='word_1_242' title='bbox 907 1579 994 1612; x_wconf 74' lang='grc' dir='ltr'>ὄντες,</span> <span class='ocrx_word' id='word_1_243' title='bbox 1008 1593 1030 1622; x_wconf 72' lang='lat' dir='ltr'>c</span> 
     </span>
    </p>
   </div>
   <div class='ocr_carea' id='block_1_35' title="bbox 209 1623 996 1662">
    <p class='ocr_par' dir='ltr' id='par_1_35' title="bbox 209 1623 996 1662">
     <span class='ocr_line' id='line_1_35' title="bbox 209 1623 996 1662; baseline 0.004 -13"><span class='ocrx_word' id='word_1_244' title='bbox 209 1623 255 1650; x_wconf 77' lang='grc' dir='ltr'>καὶ</span> <span class='ocrx_word' id='word_1_245' title='bbox 272 1623 310 1658; x_wconf 86' lang='grc' dir='ltr'>μὴ</span> <span class='ocrx_word' id='word_1_246' title='bbox 334 1623 423 1658; x_wconf 82' lang='grc' dir='ltr'>βαθεῖς</span> <span class='ocrx_word' id='word_1_247' title='bbox 443 1623 492 1659; x_wconf 82' lang='grc' dir='ltr'>τὴν</span> <span class='ocrx_word' id='word_1_248' title='bbox 513 1623 647 1656; x_wconf 73' lang='grc' dir='ltr'>διάνοιανς</span> <span class='ocrx_word' id='word_1_249' title='bbox 663 1624 736 1660; x_wconf 80' lang='grc' dir='ltr'>Πλὴν</span> <span class='ocrx_word' id='word_1_250' title='bbox 758 1625 827 1651; x_wconf 78' lang='grc' dir='ltr'>ἔστω</span> <span class='ocrx_word' id='word_1_251' title='bbox 847 1626 996 1662; x_wconf 85' lang='grc' dir='ltr'>συγγνώμη</span> 
     </span>
    </p>
   </div>
   <div class='ocr_carea' id='block_1_36' title="bbox 207 1669 996 1706">
    <p class='ocr_par' dir='ltr' id='par_1_36' title="bbox 207 1669 996 1706">
     <span class='ocr_line' id='line_1_36' title="bbox 207 1669 996 1706; baseline 0.005 -11"><span class='ocrx_word' id='word_1_252' title='bbox 207 1671 263 1701; x_wconf 82' lang='grc' dir='ltr'>τοῖς</span> <span class='ocrx_word' id='word_1_253' title='bbox 287 1670 320 1696; x_wconf 83' lang='grc' dir='ltr'>δι’</span> <span class='ocrx_word' id='word_1_254' title='bbox 344 1669 455 1703; x_wconf 80' lang='grc' dir='ltr'>ἄγνοιαν</span> <span class='ocrx_word' id='word_1_255' title='bbox 482 1669 745 1706; x_wconf 81' lang='grc' dir='ltr'>κατακολουθήσασι.</span> <span class='ocrx_word' id='word_1_256' title='bbox 759 1670 790 1697; x_wconf 86' lang='grc' dir='ltr'>Τί</span> <span class='ocrx_word' id='word_1_257' title='bbox 809 1671 831 1698; x_wconf 78' lang='grc' dir='ltr'>δ’</span> <span class='ocrx_word' id='word_1_258' title='bbox 851 1671 884 1698; x_wconf 85' lang='grc' dir='ltr'>ἂν</span> <span class='ocrx_word' id='word_1_259' title='bbox 908 1671 996 1705; x_wconf 79' lang='grc' dir='ltr'>εἴποις</span> 
     </span>
    </p>
   </div>
   <div class='ocr_carea' id='block_1_37' title="bbox 209 1715 995 1753">
    <p class='ocr_par' dir='ltr' id='par_1_37' title="bbox 209 1715 995 1753">
     <span class='ocr_line' id='line_1_37' title="bbox 209 1715 995 1753; baseline 0.005 -12"><span class='ocrx_word' id='word_1_260' title='bbox 209 1716 274 1751; x_wconf 77' lang='grc' dir='ltr'>περὶ</span> <span class='ocrx_word' id='word_1_261' title='bbox 293 1715 345 1742; x_wconf 82' lang='grc' dir='ltr'>τῶν</span> <span class='ocrx_word' id='word_1_262' title='bbox 360 1716 456 1747; x_wconf 82' lang='grc' dir='ltr'>ἄλλων,</span> <span class='ocrx_word' id='word_1_263' title='bbox 472 1715 529 1742; x_wconf 84' lang='grc' dir='ltr'>ὅσοι</span> <span class='ocrx_word' id='word_1_264' title='bbox 545 1717 592 1743; x_wconf 71' lang='grc' dir='ltr'><strong>καὶ</strong></span> <span class='ocrx_word' id='word_1_265' title='bbox 605 1717 744 1751; x_wconf 84' lang='grc' dir='ltr'>ἀγχινοίας</span> <span class='ocrx_word' id='word_1_266' title='bbox 759 1717 995 1753; x_wconf 80' lang='grc' dir='ltr'>μεταποιούμενοι,</span> 
     </span>
    </p>
   </div>
   <div class='ocr_carea' id='block_1_38' title="bbox 208 1759 1000 1797">
    <p class='ocr_par' dir='ltr' id='par_1_38' title="bbox 208 1759 1000 1797">
     <span class='ocr_line' id='line_1_38' title="bbox 208 1759 1000 1797; baseline 0.005 -11"><span class='ocrx_word' id='word_1_267' title='bbox 208 1761 242 1786; x_wconf 83' lang='grc' dir='ltr'>δι’</span> <span class='ocrx_word' id='word_1_268' title='bbox 254 1761 286 1791; x_wconf 78' lang='grc' dir='ltr'>ἃς</span> <span class='ocrx_word' id='word_1_269' title='bbox 298 1759 373 1787; x_wconf 79' lang='grc' dir='ltr'>εἷπον</span> <span class='ocrx_word' id='word_1_270' title='bbox 389 1760 487 1793; x_wconf 82' lang='grc' dir='ltr'>αἰτίας,</span> <span class='ocrx_word' id='word_1_271' title='bbox 500 1759 554 1787; x_wconf 85' lang='grc' dir='ltr'><strong>τῶν</strong></span> <span class='ocrx_word' id='word_1_272' title='bbox 569 1761 741 1796; x_wconf 83' lang='grc' dir='ltr'>κρατούντων</span> <span class='ocrx_word' id='word_1_273' title='bbox 755 1761 912 1796; x_wconf 83' lang='grc' dir='ltr'>ἡττήθησαν</span> <span class='ocrx_word' id='word_1_274' title='bbox 927 1762 1000 1797; x_wconf 78' lang='grc'><strong>(57).,</strong></span> 
     </span>
    </p>
   </div>
   <div class='ocr_carea' id='block_1_39' title="bbox 209 1805 1000 1841">
    <p class='ocr_par' dir='ltr' id='par_1_39' title="bbox 209 1805 1000 1841">
     <span class='ocr_line' id='line_1_39' title="bbox 209 1805 1000 1841; baseline 0.001 -9"><span class='ocrx_word' id='word_1_275' title='bbox 209 1807 257 1832; x_wconf 68' lang='grc' dir='ltr'>καὶ</span> <span class='ocrx_word' id='word_1_276' title='bbox 274 1805 323 1840; x_wconf 81' lang='grc' dir='ltr'>τὴν</span> <span class='ocrx_word' id='word_1_277' title='bbox 339 1805 390 1840; x_wconf 84' lang='grc' dir='ltr'>τῆς</span> <span class='ocrx_word' id='word_1_278' title='bbox 406 1805 546 1836; x_wconf 77' lang='grc' dir='ltr'>εὐσεϐείας</span> <span class='ocrx_word' id='word_1_279' title='bbox 560 1806 661 1841; x_wconf 85' lang='grc' dir='ltr'>σκηνὴν</span> <span class='ocrx_word' id='word_1_280' title='bbox 682 1805 729 1831; x_wconf 73' lang='grc' dir='ltr'><strong>ἐπὶ</strong></span> <span class='ocrx_word' id='word_1_281' title='bbox 751 1805 818 1832; x_wconf 85' lang='grc' dir='ltr'>πολὺ</span> <span class='ocrx_word' id='word_1_282' title='bbox 839 1806 1000 1839; x_wconf 61' lang='grc' dir='ltr'>παίξαντες,</span> 
     </span>
    </p>
   </div>
   <div class='ocr_carea' id='block_1_40' title="bbox 207 1850 995 1887">
    <p class='ocr_par' dir='ltr' id='par_1_40' title="bbox 207 1850 995 1887">
     <span class='ocr_line' id='line_1_40' title="bbox 207 1850 995 1887; baseline 0.001 -10"><span class='ocrx_word' id='word_1_283' title='bbox 207 1852 246 1883; x_wconf 76' lang='grc' dir='ltr'>ὡς</span> <span class='ocrx_word' id='word_1_284' title='bbox 276 1851 361 1886; x_wconf 71' lang='grc' dir='ltr'>ἐφάνη</span> <span class='ocrx_word' id='word_1_285' title='bbox 391 1859 418 1876; x_wconf 86' lang='grc' dir='ltr'><strong>τι</strong></span> <span class='ocrx_word' id='word_1_286' title='bbox 450 1850 504 1876; x_wconf 85' lang='grc' dir='ltr'>τῶν</span> <span class='ocrx_word' id='word_1_287' title='bbox 538 1850 713 1886; x_wconf 78' lang='grc' dir='ltr'>ἐλεγχόντων,</span> <span class='ocrx_word' id='word_1_288' title='bbox 748 1851 794 1877; x_wconf 76' lang='grc' dir='ltr'>καὶ</span> <span class='ocrx_word' id='word_1_289' title='bbox 825 1852 995 1887; x_wconf 84' lang='grc' dir='ltr'>κατηνέχθη-</span> 
     </span>
    </p>
   </div>
   <div class='ocr_carea' id='block_1_41' title="bbox 210 1907 276 1930">
    <p class='ocr_par' dir='ltr' id='par_1_41' title="bbox 210 1907 276 1930">
     <span class='ocr_line' id='line_1_41' title="bbox 210 1907 276 1930; baseline 0 -4"><span class='ocrx_word' id='word_1_290' title='bbox 210 1908 260 1926; x_wconf 78' lang='grc' dir='ltr'><strong>σαν</strong></span> <span class='ocrx_word' id='word_1_291' title='bbox 270 1907 276 1930; x_wconf 75' lang='grc' dir='ltr'>ς</span> 
     </span>
    </p>
   </div>
   <div class='ocr_carea' id='block_1_42' title="bbox 1046 293 1831 333">
    <p class='ocr_par' dir='ltr' id='par_1_42' title="bbox 1046 293 1831 333">
     <span class='ocr_line' id='line_1_42' title="bbox 1046 293 1831 333; baseline -0.005 -8"><span class='ocrx_word' id='word_1_292' title='bbox 1046 296 1125 333; x_wconf 70' lang='grc'><strong>401</strong></span> <span class='ocrx_word' id='word_1_293' title='bbox 1145 304 1178 324; x_wconf 88' lang='lat' dir='ltr'><strong>ac</strong></span> <span class='ocrx_word' id='word_1_294' title='bbox 1204 297 1319 331; x_wconf 89' lang='lat' dir='ltr'><strong>denique</strong></span> <span class='ocrx_word' id='word_1_295' title='bbox 1349 294 1454 329; x_wconf 84' lang='lat' dir='ltr'><strong>magnis</strong></span> <span class='ocrx_word' id='word_1_296' title='bbox 1484 294 1570 328; x_wconf 80' lang='lat' dir='ltr'><strong>ipsius</strong></span> <span class='ocrx_word' id='word_1_297' title='bbox 1597 293 1642 321; x_wconf 92' lang='lat' dir='ltr'><strong>Dei</strong></span> <span class='ocrx_word' id='word_1_298' title='bbox 1673 300 1721 328; x_wconf 90' lang='lat' dir='ltr'><strong>pro</strong></span> <span class='ocrx_word' id='word_1_299' title='bbox 1745 293 1831 321; x_wconf 86' lang='lat' dir='ltr'><strong>salute</strong></span> 
     </span>
    </p>
   </div>
   <div class='ocr_carea' id='block_1_43' title="bbox 1047 340 1831 376">
    <p class='ocr_par' dir='ltr' id='par_1_43' title="bbox 1047 340 1831 376">
     <span class='ocr_line' id='line_1_43' title="bbox 1047 340 1831 376; baseline -0.004 -7"><span class='ocrx_word' id='word_1_300' title='bbox 1047 348 1139 371; x_wconf 88' lang='lat' dir='ltr'><strong>nostra</strong></span> <span class='ocrx_word' id='word_1_301' title='bbox 1162 342 1328 370; x_wconf 76' lang='lat' dir='ltr'><strong>cruciatibus</strong></span> <span class='ocrx_word' id='word_1_302' title='bbox 1355 340 1618 376; x_wconf 86' lang='lat' dir='ltr'><strong>collectam,probro</strong></span> <span class='ocrx_word' id='word_1_303' title='bbox 1645 347 1677 366; x_wconf 90' lang='lat' dir='ltr'><strong>ac</strong></span> <span class='ocrx_word' id='word_1_304' title='bbox 1700 340 1831 367; x_wconf 76' lang='lat' dir='ltr'><strong>dedecore</strong></span> 
     </span>
    </p>
   </div>
   <div class='ocr_carea' id='block_1_44' title="bbox 1046 384 1830 421">
    <p class='ocr_par' dir='ltr' id='par_1_44' title="bbox 1046 384 1830 421">
     <span class='ocr_line' id='line_1_44' title="bbox 1046 384 1830 421; baseline -0.005 -6"><span class='ocrx_word' id='word_1_305' title='bbox 1046 388 1238 416; x_wconf 79' lang='lat' dir='ltr'><strong>aﬂ&#39;ecerunt”.</strong></span> <span class='ocrx_word' id='word_1_306' title='bbox 1252 387 1319 414; x_wconf 85' lang='lat' dir='ltr'><strong>Nam</strong></span> <span class='ocrx_word' id='word_1_307' title='bbox 1337 388 1358 414; x_wconf 91' lang='lat' dir='ltr'><strong>si</strong></span> <span class='ocrx_word' id='word_1_308' title='bbox 1374 393 1524 421; x_wconf 86' lang='lat' dir='ltr'><strong>perpaucos</strong></span> <span class='ocrx_word' id='word_1_309' title='bbox 1547 386 1696 419; x_wconf 82' lang='lat' dir='ltr'><strong>exceperis,</strong></span> <span class='ocrx_word' id='word_1_310' title='bbox 1715 386 1772 420; x_wconf 93' lang='lat' dir='ltr'><strong>qui,</strong></span> <span class='ocrx_word' id='word_1_311' title='bbox 1788 384 1830 412; x_wconf 85' lang='lat' dir='ltr'><strong>vel</strong></span> 
     </span>
    </p>
   </div>
   <div class='ocr_carea' id='block_1_45' title="bbox 1045 430 1829 465">
    <p class='ocr_par' dir='ltr' id='par_1_45' title="bbox 1045 430 1829 465">
     <span class='ocr_line' id='line_1_45' title="bbox 1045 430 1829 465; baseline -0.006 -4"><span class='ocrx_word' id='word_1_312' title='bbox 1045 434 1080 461; x_wconf 92' lang='lat' dir='ltr'><strong>ob</strong></span> <span class='ocrx_word' id='word_1_313' title='bbox 1098 433 1217 461; x_wconf 84' lang='lat' dir='ltr'><strong>nominis</strong></span> <span class='ocrx_word' id='word_1_314' title='bbox 1229 433 1422 461; x_wconf 87' lang='lat' dir='ltr'><strong>obscuritatem</strong></span> <span class='ocrx_word' id='word_1_315' title='bbox 1432 431 1597 465; x_wconf 88' lang='lat' dir='ltr'><strong>contemptui</strong></span> <span class='ocrx_word' id='word_1_316' title='bbox 1613 430 1695 458; x_wconf 85' lang='lat' dir='ltr'><strong>habiti</strong></span> <span class='ocrx_word' id='word_1_317' title='bbox 1711 431 1829 462; x_wconf 81' lang='lat' dir='ltr'><strong>fuerunt,</strong></span> 
     </span>
    </p>
   </div>
   <div class='ocr_carea' id='block_1_46' title="bbox 1045 476 1830 511">
    <p class='ocr_par' dir='ltr' id='par_1_46' title="bbox 1045 476 1830 511">
     <span class='ocr_line' id='line_1_46' title="bbox 1045 476 1830 511; baseline -0.006 -4"><span class='ocrx_word' id='word_1_318' title='bbox 1045 479 1087 507; x_wconf 87' lang='lat' dir='ltr'><strong>vel</strong></span> <span class='ocrx_word' id='word_1_319' title='bbox 1102 480 1135 507; x_wconf 88' lang='lat' dir='ltr'><strong>ob</strong></span> <span class='ocrx_word' id='word_1_320' title='bbox 1148 480 1273 506; x_wconf 90' lang='lat' dir='ltr'><strong>virtutem</strong></span> <span class='ocrx_word' id='word_1_321' title='bbox 1297 478 1470 508; x_wconf 85' lang='lat' dir='ltr'><strong>restiterunt.</strong></span> <span class='ocrx_word' id='word_1_322' title='bbox 1486 484 1554 511; x_wconf 88' lang='lat' dir='ltr'><strong>quos</strong></span> <span class='ocrx_word' id='word_1_323' title='bbox 1569 476 1659 503; x_wconf 85' lang='lat' dir='ltr'><strong>lsracli</strong></span> <span class='ocrx_word' id='word_1_324' title='bbox 1680 476 1791 503; x_wconf 85' lang='lat' dir='ltr'><strong>seminis</strong></span> <span class='ocrx_word' id='word_1_325' title='bbox 1802 481 1830 503; x_wconf 89' lang='lat' dir='ltr'><strong>et</strong></span> 
     </span>
    </p>
   </div>
   <div class='ocr_carea' id='block_1_47' title="bbox 1046 522 1830 559">
    <p class='ocr_par' dir='ltr' id='par_1_47' title="bbox 1046 522 1830 559">
     <span class='ocr_line' id='line_1_47' title="bbox 1046 522 1830 559; baseline -0.005 -7"><span class='ocrx_word' id='word_1_326' title='bbox 1046 525 1145 553; x_wconf 90' lang='lat' dir='ltr'><strong>radicis</strong></span> <span class='ocrx_word' id='word_1_327' title='bbox 1157 525 1216 552; x_wconf 93' lang='lat' dir='ltr'><strong>loco</strong></span> <span class='ocrx_word' id='word_1_328' title='bbox 1229 524 1342 559; x_wconf 89' lang='lat' dir='ltr'><strong>relinqui</strong></span> <span class='ocrx_word' id='word_1_329' title='bbox 1354 524 1377 539; x_wconf 79' lang='lat'><strong>&quot;</strong></span> <span class='ocrx_word' id='word_1_330' title='bbox 1400 523 1563 558; x_wconf 82' lang='lat' dir='ltr'><strong>oportebat,</strong></span> <span class='ocrx_word' id='word_1_331' title='bbox 1584 526 1613 549; x_wconf 91' lang='lat' dir='ltr'><strong>ut</strong></span> <span class='ocrx_word' id='word_1_332' title='bbox 1638 530 1686 557; x_wconf 90' lang='lat' dir='ltr'><strong>per</strong></span> <span class='ocrx_word' id='word_1_333' title='bbox 1711 522 1830 556; x_wconf 76' lang='lat' dir='ltr'><strong>Spiritus</strong></span> 
     </span>
    </p>
   </div>
   <div class='ocr_carea' id='block_1_48' title="bbox 1047 567 1828 603">
    <p class='ocr_par' dir='ltr' id='par_1_48' title="bbox 1047 567 1828 603">
     <span class='ocr_line' id='line_1_48' title="bbox 1047 567 1828 603; baseline -0.006 -6"><span class='ocrx_word' id='word_1_334' title='bbox 1047 570 1205 598; x_wconf 77' lang='lat' dir='ltr'><strong>inﬂuxiones</strong></span> <span class='ocrx_word' id='word_1_335' title='bbox 1231 577 1339 597; x_wconf 83' lang='lat' dir='ltr'><strong>rursum</strong></span> <span class='ocrx_word' id='word_1_336' title='bbox 1372 568 1554 596; x_wconf 81' lang='lat' dir='ltr'><strong>eﬂloresceret</strong></span> <span class='ocrx_word' id='word_1_337' title='bbox 1577 573 1658 603; x_wconf 81' lang='lat' dir='ltr'><strong>alque</strong></span> <span class='ocrx_word' id='word_1_338' title='bbox 1686 568 1720 596; x_wconf 85' lang='lat' dir='ltr'><strong>ad</strong></span> <span class='ocrx_word' id='word_1_339' title='bbox 1744 567 1828 594; x_wconf 82' lang='lat' dir='ltr'><strong>vitam</strong></span> 
     </span>
    </p>
   </div>
   <div class='ocr_carea' id='block_1_49' title="bbox 1046 612 1829 648">
    <p class='ocr_par' dir='ltr' id='par_1_49' title="bbox 1046 612 1829 648">
     <span class='ocr_line' id='line_1_49' title="bbox 1046 612 1829 648; baseline -0.006 -5"><span class='ocrx_word' id='word_1_340' title='bbox 1046 620 1229 648; x_wconf 78' lang='lat' dir='ltr'><strong>revocaretur,</strong></span> <span class='ocrx_word' id='word_1_341' title='bbox 1257 623 1351 642; x_wconf 88' lang='lat' dir='ltr'><strong>ontnes</strong></span> <span class='ocrx_word' id='word_1_342' title='bbox 1379 614 1493 648; x_wconf 90' lang='lat' dir='ltr'><strong>tempori</strong></span> <span class='ocrx_word' id='word_1_343' title='bbox 1524 613 1646 641; x_wconf 76' lang='lat' dir='ltr'><strong>obsecuti</strong></span> <span class='ocrx_word' id='word_1_344' title='bbox 1681 612 1829 640; x_wconf 87' lang='lat' dir='ltr'><strong>sunt:hoc</strong></span> 
     </span>
    </p>
   </div>
   <div class='ocr_carea' id='block_1_50' title="bbox 1047 657 1826 692">
    <p class='ocr_par' dir='ltr' id='par_1_50' title="bbox 1047 657 1826 692">
     <span class='ocr_line' id='line_1_50' title="bbox 1047 657 1826 692; baseline -0.008 -4"><span class='ocrx_word' id='word_1_345' title='bbox 1047 666 1149 688; x_wconf 85' lang='lat' dir='ltr'><strong>tantum</strong></span> <span class='ocrx_word' id='word_1_346' title='bbox 1174 661 1244 688; x_wconf 88' lang='lat' dir='ltr'><strong>inter</strong></span> <span class='ocrx_word' id='word_1_347' title='bbox 1258 667 1304 687; x_wconf 85' lang='lat' dir='ltr'><strong>eos</strong></span> <span class='ocrx_word' id='word_1_348' title='bbox 1319 659 1488 687; x_wconf 85' lang='lat' dir='ltr'><strong>discriminis</strong></span> <span class='ocrx_word' id='word_1_349' title='bbox 1506 658 1568 690; x_wconf 87' lang='lat' dir='ltr'><strong>luit,</strong></span> <span class='ocrx_word' id='word_1_350' title='bbox 1583 658 1654 692; x_wconf 88' lang='lat' dir='ltr'><strong>quod</strong></span> <span class='ocrx_word' id='word_1_351' title='bbox 1669 657 1714 684; x_wconf 86' lang='lat' dir='ltr'><strong>alii</strong></span> <span class='ocrx_word' id='word_1_352' title='bbox 1735 657 1826 687; x_wconf 88' lang='lat' dir='ltr'><strong>cilius,</strong></span> 
     </span>
    </p>
   </div>
   <div class='ocr_carea' id='block_1_51' title="bbox 1044 701 1828 737">
    <p class='ocr_par' dir='ltr' id='par_1_51' title="bbox 1044 701 1828 737">
     <span class='ocr_line' id='line_1_51' title="bbox 1044 701 1828 737; baseline -0.008 -3"><span class='ocrx_word' id='word_1_353' title='bbox 1044 707 1088 734; x_wconf 94' lang='lat' dir='ltr'><strong>alii</strong></span> <span class='ocrx_word' id='word_1_354' title='bbox 1112 706 1199 734; x_wconf 86' lang='lat' dir='ltr'><strong>serius</strong></span> <span class='ocrx_word' id='word_1_355' title='bbox 1222 706 1248 733; x_wconf 94' lang='lat' dir='ltr'><strong>in</strong></span> <span class='ocrx_word' id='word_1_356' title='bbox 1271 713 1330 733; x_wconf 87' lang='lat' dir='ltr'><strong>eam</strong></span> <span class='ocrx_word' id='word_1_357' title='bbox 1355 704 1476 732; x_wconf 84' lang='lat' dir='ltr'><strong>fraudem</strong></span> <span class='ocrx_word' id='word_1_358' title='bbox 1506 704 1772 737; x_wconf 45' lang='lat' dir='ltr'><strong>inciderunttatque</strong></span> <span class='ocrx_word' id='word_1_359' title='bbox 1782 701 1828 729; x_wconf 84' lang='lat' dir='ltr'><strong>alii</strong></span> 
     </span>
    </p>
   </div>
   <div class='ocr_carea' id='block_1_52' title="bbox 1045 748 1828 788">
    <p class='ocr_par' dir='ltr' id='par_1_52' title="bbox 1045 748 1828 788">
     <span class='ocr_line' id='line_1_52' title="bbox 1045 748 1828 788; baseline -0.008 -8"><span class='ocrx_word' id='word_1_360' title='bbox 1045 754 1152 788; x_wconf 88' lang='lat' dir='ltr'><strong>quidem</strong></span> <span class='ocrx_word' id='word_1_361' title='bbox 1173 751 1321 786; x_wconf 79' lang='lat' dir='ltr'><strong>impietatis</strong></span> <span class='ocrx_word' id='word_1_362' title='bbox 1346 751 1428 778; x_wconf 89' lang='lat' dir='ltr'><strong>duces</strong></span> <span class='ocrx_word' id='word_1_363' title='bbox 1452 750 1641 784; x_wconf 88' lang='lat' dir='ltr'><strong>anlistitesque</strong></span> <span class='ocrx_word' id='word_1_364' title='bbox 1657 757 1686 776; x_wconf 90' lang='lat' dir='ltr'><strong>se</strong></span> <span class='ocrx_word' id='word_1_365' title='bbox 1705 748 1828 783; x_wconf 69' lang='lat' dir='ltr'><strong>prtcbue-</strong></span> 
     </span>
    </p>
   </div>
   <div class='ocr_carea' id='block_1_53' title="bbox 1047 794 1827 831">
    <p class='ocr_par' dir='ltr' id='par_1_53' title="bbox 1047 794 1827 831">
     <span class='ocr_line' id='line_1_53' title="bbox 1047 794 1827 831; baseline -0.008 -5"><span class='ocrx_word' id='word_1_366' title='bbox 1047 803 1119 831; x_wconf 89' lang='lat' dir='ltr'><strong>runt,</strong></span> <span class='ocrx_word' id='word_1_367' title='bbox 1148 797 1194 826; x_wconf 85' lang='lat' dir='ltr'><strong>alii</strong></span> <span class='ocrx_word' id='word_1_368' title='bbox 1221 802 1311 825; x_wconf 87' lang='lat' dir='ltr'><strong>autent</strong></span> <span class='ocrx_word' id='word_1_369' title='bbox 1344 797 1371 824; x_wconf 94' lang='lat' dir='ltr'><strong>in</strong></span> <span class='ocrx_word' id='word_1_370' title='bbox 1399 796 1518 825; x_wconf 90' lang='lat' dir='ltr'><strong>secundo</strong></span> <span class='ocrx_word' id='word_1_371' title='bbox 1541 796 1636 823; x_wconf 88' lang='lat' dir='ltr'><strong>ordine</strong></span> <span class='ocrx_word' id='word_1_372' title='bbox 1656 794 1735 822; x_wconf 74' lang='lat' dir='ltr'><strong>loaati</strong></span> <span class='ocrx_word' id='word_1_373' title='bbox 1754 799 1827 825; x_wconf 90' lang='lat' dir='ltr'><strong>sunt,</strong></span> 
     </span>
    </p>
   </div>
   <div class='ocr_carea' id='block_1_54' title="bbox 1048 840 1830 879">
    <p class='ocr_par' dir='ltr' id='par_1_54' title="bbox 1048 840 1830 879">
     <span class='ocr_line' id='line_1_54' title="bbox 1048 840 1830 879; baseline -0.008 -7"><span class='ocrx_word' id='word_1_374' title='bbox 1048 852 1145 879; x_wconf 83' lang='lat' dir='ltr'><strong>nempe</strong></span> <span class='ocrx_word' id='word_1_375' title='bbox 1158 844 1201 872; x_wconf 86' lang='lat' dir='ltr'><strong>vel</strong></span> <span class='ocrx_word' id='word_1_376' title='bbox 1217 845 1313 872; x_wconf 85' lang='lat' dir='ltr'><strong>timore</strong></span> <span class='ocrx_word' id='word_1_377' title='bbox 1325 843 1441 878; x_wconf 86' lang='lat' dir='ltr'><strong>perculsi</strong></span> <span class='ocrx_word' id='word_1_378' title='bbox 1451 843 1493 870; x_wconf 86' lang='lat' dir='ltr'><strong>vel</strong></span> <span class='ocrx_word' id='word_1_379' title='bbox 1504 848 1606 877; x_wconf 66' lang='lat' dir='ltr'><strong>quatstu</strong></span> <span class='ocrx_word' id='word_1_380' title='bbox 1622 848 1702 876; x_wconf 88' lang='lat' dir='ltr'><strong>atque</strong></span> <span class='ocrx_word' id='word_1_381' title='bbox 1715 840 1830 867; x_wconf 77' lang='lat' dir='ltr'><strong>utilitate</strong></span> 
     </span>
    </p>
   </div>
   <div class='ocr_carea' id='block_1_55' title="bbox 1046 885 1827 922">
    <p class='ocr_par' dir='ltr' id='par_1_55' title="bbox 1046 885 1827 922">
     <span class='ocr_line' id='line_1_55' title="bbox 1046 885 1827 922; baseline -0.01 -5"><span class='ocrx_word' id='word_1_382' title='bbox 1046 890 1160 922; x_wconf 78' lang='lat' dir='ltr'><strong>subacti,</strong></span> <span class='ocrx_word' id='word_1_383' title='bbox 1178 889 1221 916; x_wconf 87' lang='lat' dir='ltr'><strong>vel</strong></span> <span class='ocrx_word' id='word_1_384' title='bbox 1244 888 1383 916; x_wconf 85' lang='lat' dir='ltr'><strong>blanditiis</strong></span> <span class='ocrx_word' id='word_1_385' title='bbox 1415 887 1539 920; x_wconf 86' lang='lat' dir='ltr'><strong>inescati,</strong></span> <span class='ocrx_word' id='word_1_386' title='bbox 1558 886 1600 914; x_wconf 86' lang='lat' dir='ltr'><strong>vel</strong></span> <span class='ocrx_word' id='word_1_387' title='bbox 1622 886 1738 920; x_wconf 87' lang='lat' dir='ltr'><strong>denique</strong></span> <span class='ocrx_word' id='word_1_388' title='bbox 1751 885 1827 920; x_wconf 76' lang='lat' dir='ltr'><strong>igno-</strong></span> 
     </span>
    </p>
   </div>
   <div class='ocr_carea' id='block_1_56' title="bbox 1047 931 1829 968">
    <p class='ocr_par' dir='ltr' id='par_1_56' title="bbox 1047 931 1829 968">
     <span class='ocr_line' id='line_1_56' title="bbox 1047 931 1829 968; baseline -0.012 -4"><span class='ocrx_word' id='word_1_389' title='bbox 1047 937 1134 964; x_wconf 83' lang='lat' dir='ltr'><strong>rantia</strong></span> <span class='ocrx_word' id='word_1_390' title='bbox 1150 936 1327 964; x_wconf 85' lang='lat' dir='ltr'><strong>circumventi</strong></span> <span class='ocrx_word' id='word_1_391' title='bbox 1350 942 1383 962; x_wconf 86' lang='lat' dir='ltr'><strong>ac</strong></span> <span class='ocrx_word' id='word_1_392' title='bbox 1398 933 1608 968; x_wconf 87' lang='lat' dir='ltr'><strong>circuntscripti,</strong></span> <span class='ocrx_word' id='word_1_393' title='bbox 1621 932 1690 967; x_wconf 84' lang='lat' dir='ltr'><strong>quod</strong></span> <span class='ocrx_word' id='word_1_394' title='bbox 1708 931 1829 958; x_wconf 89' lang='lat' dir='ltr'><strong>omnium</strong></span> 
     </span>
    </p>
   </div>
   <div class='ocr_carea' id='block_1_57' title="bbox 1046 978 1827 1014">
    <p class='ocr_par' dir='ltr' id='par_1_57' title="bbox 1046 978 1827 1014">
     <span class='ocr_line' id='line_1_57' title="bbox 1046 978 1827 1014; baseline -0.009 -5"><span class='ocrx_word' id='word_1_395' title='bbox 1046 983 1211 1010; x_wconf 85' lang='lat' dir='ltr'><strong>levissimum</strong></span> <span class='ocrx_word' id='word_1_396' title='bbox 1227 986 1283 1014; x_wconf 84' lang='lat' dir='ltr'><strong>est;</strong></span> <span class='ocrx_word' id='word_1_397' title='bbox 1299 981 1323 1008; x_wconf 91' lang='lat' dir='ltr'><strong>si</strong></span> <span class='ocrx_word' id='word_1_398' title='bbox 1342 981 1386 1008; x_wconf 90' lang='lat' dir='ltr'><strong>cui</strong></span> <span class='ocrx_word' id='word_1_399' title='bbox 1404 985 1492 1008; x_wconf 89' lang='lat' dir='ltr'><strong>tamen</strong></span> <span class='ocrx_word' id='word_1_400' title='bbox 1513 979 1540 1007; x_wconf 89' lang='lat' dir='ltr'><strong>id</strong></span> <span class='ocrx_word' id='word_1_401' title='bbox 1556 986 1664 1014; x_wconf 90' lang='lat' dir='ltr'><strong>quoque</strong></span> <span class='ocrx_word' id='word_1_402' title='bbox 1675 978 1708 1004; x_wconf 88' lang='lat' dir='ltr'><strong>ad</strong></span> <span class='ocrx_word' id='word_1_403' title='bbox 1722 984 1827 1007; x_wconf 86' lang='lat' dir='ltr'><strong>eorum,</strong></span> 
     </span>
    </p>
   </div>
   <div class='ocr_carea' id='block_1_58' title="bbox 1045 1021 1830 1064">
    <p class='ocr_par' dir='ltr' id='par_1_58' title="bbox 1045 1021 1830 1064">
     <span class='ocr_line' id='line_1_58' title="bbox 1045 1021 1830 1064; baseline -0.009 -9"><span class='ocrx_word' id='word_1_404' title='bbox 1045 1029 1142 1064; x_wconf 88' lang='lat' dir='ltr'><strong>quibus</strong></span> <span class='ocrx_word' id='word_1_405' title='bbox 1155 1028 1244 1062; x_wconf 90' lang='lat' dir='ltr'><strong>populi</strong></span> <span class='ocrx_word' id='word_1_406' title='bbox 1258 1035 1324 1055; x_wconf 90' lang='lat' dir='ltr'><strong>cura</strong></span> <span class='ocrx_word' id='word_1_407' title='bbox 1341 1027 1485 1054; x_wconf 86' lang='lat' dir='ltr'><strong>commissa</strong></span> <span class='ocrx_word' id='word_1_408' title='bbox 1509 1030 1560 1057; x_wconf 92' lang='lat' dir='ltr'><strong>est,</strong></span> <span class='ocrx_word' id='word_1_409' title='bbox 1577 1024 1762 1060; x_wconf 84' lang='lat' dir='ltr'><strong>purgationem</strong></span> <span class='ocrx_word' id='word_1_410' title='bbox 1776 1021 1830 1049; x_wconf 78' lang='lat' dir='ltr'><strong>suf-</strong></span> 
     </span>
    </p>
   </div>
   <div class='ocr_carea' id='block_1_59' title="bbox 1047 1070 1828 1107">
    <p class='ocr_par' dir='ltr' id='par_1_59' title="bbox 1047 1070 1828 1107">
     <span class='ocr_line' id='line_1_59' title="bbox 1047 1070 1828 1107; baseline -0.01 -6"><span class='ocrx_word' id='word_1_411' title='bbox 1047 1075 1127 1102; x_wconf 88' lang='lat' dir='ltr'><strong>licere</strong></span> <span class='ocrx_word' id='word_1_412' title='bbox 1144 1075 1276 1101; x_wconf 82' lang='lat' dir='ltr'><strong>videatur.</strong></span> <span class='ocrx_word' id='word_1_413' title='bbox 1294 1072 1361 1099; x_wconf 84' lang='lat' dir='ltr'><strong>Nam</strong></span> <span class='ocrx_word' id='word_1_414' title='bbox 1385 1071 1613 1107; x_wconf 74' lang='lat' dir='ltr'><strong>quemadmodum</strong></span> <span class='ocrx_word' id='word_1_415' title='bbox 1627 1070 1734 1096; x_wconf 87' lang='lat' dir='ltr'><strong>leonum</strong></span> <span class='ocrx_word' id='word_1_416' title='bbox 1747 1072 1828 1095; x_wconf 71' lang='lat' dir='ltr'><strong>caete-</strong></span> 
     </span>
    </p>
   </div>
   <div class='ocr_carea' id='block_1_60' title="bbox 1047 1116 1829 1154">
    <p class='ocr_par' dir='ltr' id='par_1_60' title="bbox 1047 1116 1829 1154">
     <span class='ocr_line' id='line_1_60' title="bbox 1047 1116 1829 1154; baseline -0.01 -8"><span class='ocrx_word' id='word_1_417' title='bbox 1047 1126 1192 1154; x_wconf 86' lang='lat' dir='ltr'><strong>rorumque</strong></span> <span class='ocrx_word' id='word_1_418' title='bbox 1207 1118 1385 1146; x_wconf 88' lang='lat' dir='ltr'><strong>animantiuttt</strong></span> <span class='ocrx_word' id='word_1_419' title='bbox 1398 1125 1452 1145; x_wconf 92' lang='lat' dir='ltr'><strong>non</strong></span> <span class='ocrx_word' id='word_1_420' title='bbox 1468 1116 1549 1144; x_wconf 90' lang='lat' dir='ltr'><strong>iidetn</strong></span> <span class='ocrx_word' id='word_1_421' title='bbox 1561 1121 1623 1143; x_wconf 90' lang='lat' dir='ltr'><strong>suttt</strong></span> <span class='ocrx_word' id='word_1_422' title='bbox 1639 1119 1727 1141; x_wconf 86' lang='lat' dir='ltr'><strong>motus</strong></span> <span class='ocrx_word' id='word_1_423' title='bbox 1749 1117 1829 1147; x_wconf 87' lang='lat' dir='ltr'><strong>atque</strong></span> 
     </span>
    </p>
   </div>
   <div class='ocr_carea' id='block_1_61' title="bbox 1045 1161 1829 1200">
    <p class='ocr_par' dir='ltr' id='par_1_61' title="bbox 1045 1161 1829 1200">
     <span class='ocr_line' id='line_1_61' title="bbox 1045 1161 1829 1200; baseline -0.01 -8"><span class='ocrx_word' id='word_1_424' title='bbox 1045 1166 1172 1200; x_wconf 81' lang='lat' dir='ltr'><strong>impetus,</strong></span> <span class='ocrx_word' id='word_1_425' title='bbox 1190 1172 1239 1191; x_wconf 90' lang='lat' dir='ltr'><strong>nec</strong></span> <span class='ocrx_word' id='word_1_426' title='bbox 1259 1164 1378 1190; x_wconf 88' lang='lat' dir='ltr'><strong>virorum</strong></span> <span class='ocrx_word' id='word_1_427' title='bbox 1401 1167 1429 1190; x_wconf 89' lang='lat' dir='ltr'><strong>et</strong></span> <span class='ocrx_word' id='word_1_428' title='bbox 1451 1161 1607 1194; x_wconf 85' lang='lat' dir='ltr'><strong>mulierum,</strong></span> <span class='ocrx_word' id='word_1_429' title='bbox 1624 1167 1673 1188; x_wconf 86' lang='lat' dir='ltr'><strong>nec</strong></span> <span class='ocrx_word' id='word_1_430' title='bbox 1688 1166 1781 1186; x_wconf 88' lang='lat' dir='ltr'><strong>senuttt</strong></span> <span class='ocrx_word' id='word_1_431' title='bbox 1796 1165 1829 1184; x_wconf 91' lang='lat' dir='ltr'><strong>ac</strong></span> 
     </span>
    </p>
   </div>
   <div class='ocr_carea' id='block_1_62' title="bbox 1041 1204 1828 1245">
    <p class='ocr_par' dir='ltr' id='par_1_62' title="bbox 1041 1204 1828 1245">
     <span class='ocr_line' id='line_1_62' title="bbox 1041 1204 1828 1245; baseline -0.009 -7"><span class='ocrx_word' id='word_1_432' title='bbox 1041 1211 1182 1245; x_wconf 84' lang='lat' dir='ltr'><strong>juvenutn,</strong></span> <span class='ocrx_word' id='word_1_433' title='bbox 1196 1217 1290 1237; x_wconf 82' lang='lat' dir='ltr'><strong>Verum</strong></span> <span class='ocrx_word' id='word_1_434' title='bbox 1314 1213 1340 1236; x_wconf 90' lang='lat' dir='ltr'><strong>et</strong></span> <span class='ocrx_word' id='word_1_435' title='bbox 1356 1214 1465 1236; x_wconf 63' lang='lat' dir='ltr'><strong>aetatum</strong></span> <span class='ocrx_word' id='word_1_436' title='bbox 1487 1213 1515 1235; x_wconf 85' lang='lat' dir='ltr'><strong>et</strong></span> <span class='ocrx_word' id='word_1_437' title='bbox 1536 1214 1648 1235; x_wconf 80' lang='lat' dir='ltr'><strong>sexuum</strong></span> <span class='ocrx_word' id='word_1_438' title='bbox 1673 1205 1744 1233; x_wconf 86' lang='lat' dir='ltr'><strong>haud</strong></span> <span class='ocrx_word' id='word_1_439' title='bbox 1769 1204 1828 1232; x_wconf 84' lang='lat' dir='ltr'><strong>exi-</strong></span> 
     </span>
    </p>
   </div>
   <div class='ocr_carea' id='block_1_63' title="bbox 1045 1251 1829 1293">
    <p class='ocr_par' dir='ltr' id='par_1_63' title="bbox 1045 1251 1829 1293">
     <span class='ocr_line' id='line_1_63' title="bbox 1045 1251 1829 1293; baseline -0.009 -9"><span class='ocrx_word' id='word_1_440' title='bbox 1045 1265 1125 1293; x_wconf 78' lang='lat' dir='ltr'><strong>guum</strong></span> <span class='ocrx_word' id='word_1_441' title='bbox 1141 1257 1286 1284; x_wconf 82' lang='lat' dir='ltr'><strong>discrimen</strong></span> <span class='ocrx_word' id='word_1_442' title='bbox 1307 1260 1362 1288; x_wconf 90' lang='lat' dir='ltr'><strong>est;</strong></span> <span class='ocrx_word' id='word_1_443' title='bbox 1378 1255 1418 1281; x_wconf 86' lang='lat' dir='ltr'><strong>sic</strong></span> <span class='ocrx_word' id='word_1_444' title='bbox 1439 1261 1488 1281; x_wconf 89' lang='lat' dir='ltr'><strong>nec</strong></span> <span class='ocrx_word' id='word_1_445' title='bbox 1503 1253 1691 1288; x_wconf 71' lang='lat' dir='ltr'><strong>prtel‘cctorum</strong></span> <span class='ocrx_word' id='word_1_446' title='bbox 1716 1256 1743 1279; x_wconf 92' lang='lat' dir='ltr'><strong>et</strong></span> <span class='ocrx_word' id='word_1_447' title='bbox 1767 1251 1829 1278; x_wconf 85' lang='lat' dir='ltr'><strong>sult-</strong></span> 
     </span>
    </p>
   </div>
   <div class='ocr_carea' id='block_1_64' title="bbox 1045 1299 1828 1335">
    <p class='ocr_par' dir='ltr' id='par_1_64' title="bbox 1045 1299 1828 1335">
     <span class='ocr_line' id='line_1_64' title="bbox 1045 1299 1828 1335; baseline -0.009 -5"><span class='ocrx_word' id='word_1_448' title='bbox 1045 1305 1176 1331; x_wconf 87' lang='lat' dir='ltr'><strong>ditorum.</strong></span> <span class='ocrx_word' id='word_1_449' title='bbox 1191 1301 1259 1329; x_wconf 86' lang='lat' dir='ltr'><strong>Nam</strong></span> <span class='ocrx_word' id='word_1_450' title='bbox 1274 1309 1289 1329; x_wconf 92' lang='lat' dir='ltr'><strong>e</strong></span> <span class='ocrx_word' id='word_1_451' title='bbox 1303 1301 1384 1335; x_wconf 90' lang='lat' dir='ltr'><strong>vulgo</strong></span> <span class='ocrx_word' id='word_1_452' title='bbox 1401 1299 1567 1333; x_wconf 81' lang='lat' dir='ltr'><strong>hominibus,</strong></span> <span class='ocrx_word' id='word_1_453' title='bbox 1583 1299 1628 1334; x_wconf 91' lang='lat' dir='ltr'><strong>qui</strong></span> <span class='ocrx_word' id='word_1_454' title='bbox 1642 1306 1689 1333; x_wconf 91' lang='lat' dir='ltr'><strong>per</strong></span> <span class='ocrx_word' id='word_1_455' title='bbox 1705 1305 1828 1324; x_wconf 89' lang='lat' dir='ltr'><strong>errorem</strong></span> 
     </span>
    </p>
   </div>
   <div class='ocr_carea' id='block_1_65' title="bbox 1045 1343 1829 1384">
    <p class='ocr_par' dir='ltr' id='par_1_65' title="bbox 1045 1343 1829 1384">
     <span class='ocr_line' id='line_1_65' title="bbox 1045 1343 1829 1384; baseline -0.01 -7"><span class='ocrx_word' id='word_1_456' title='bbox 1045 1351 1070 1377; x_wconf 86' lang='lat' dir='ltr'><strong>id</strong></span> <span class='ocrx_word' id='word_1_457' title='bbox 1085 1349 1253 1381; x_wconf 89' lang='lat' dir='ltr'><strong>admiserint,</strong></span> <span class='ocrx_word' id='word_1_458' title='bbox 1269 1346 1462 1384; x_wconf 78' lang='lat' dir='ltr'><strong>ignoscendum</strong></span> <span class='ocrx_word' id='word_1_459' title='bbox 1482 1346 1599 1374; x_wconf 82' lang='lat' dir='ltr'><strong>fortasse</strong></span> <span class='ocrx_word' id='word_1_460' title='bbox 1621 1344 1716 1376; x_wconf 79' lang='lat' dir='ltr'><strong>fuerit,</strong></span> <span class='ocrx_word' id='word_1_461' title='bbox 1729 1343 1829 1378; x_wconf 89' lang='lat' dir='ltr'><strong>quibus</strong></span> 
     </span>
    </p>
   </div>
   <div class='ocr_carea' id='block_1_66' title="bbox 1046 1390 1827 1430">
    <p class='ocr_par' dir='ltr' id='par_1_66' title="bbox 1046 1390 1827 1430">
     <span class='ocr_line' id='line_1_66' title="bbox 1046 1390 1827 1430; baseline -0.009 -7"><span class='ocrx_word' id='word_1_462' title='bbox 1046 1396 1111 1424; x_wconf 88' lang='lat' dir='ltr'><strong>illud</strong></span> <span class='ocrx_word' id='word_1_463' title='bbox 1127 1395 1287 1430; x_wconf 81' lang='lat' dir='ltr'><strong>plerumque</strong></span> <span class='ocrx_word' id='word_1_464' title='bbox 1305 1394 1387 1421; x_wconf 89' lang='lat' dir='ltr'><strong>saluti</strong></span> <span class='ocrx_word' id='word_1_465' title='bbox 1401 1398 1454 1426; x_wconf 88' lang='lat' dir='ltr'><strong>est,</strong></span> <span class='ocrx_word' id='word_1_466' title='bbox 1465 1393 1535 1428; x_wconf 87' lang='lat' dir='ltr'><strong>quod</strong></span> <span class='ocrx_word' id='word_1_467' title='bbox 1549 1392 1667 1419; x_wconf 89' lang='lat' dir='ltr'><strong>animttm</strong></span> <span class='ocrx_word' id='word_1_468' title='bbox 1685 1398 1700 1417; x_wconf 89' lang='lat' dir='ltr'><strong>a</strong></span> <span class='ocrx_word' id='word_1_469' title='bbox 1720 1390 1827 1417; x_wconf 84' lang='lat' dir='ltr'><strong>curiosa</strong></span> 
     </span>
    </p>
   </div>
   <div class='ocr_carea' id='block_1_67' title="bbox 1046 1437 1829 1477">
    <p class='ocr_par' dir='ltr' id='par_1_67' title="bbox 1046 1437 1829 1477">
     <span class='ocr_line' id='line_1_67' title="bbox 1046 1437 1829 1477; baseline -0.01 -7"><span class='ocrx_word' id='word_1_470' title='bbox 1046 1442 1233 1477; x_wconf 76' lang='lat' dir='ltr'><strong>exploratione</strong></span> <span class='ocrx_word' id='word_1_471' title='bbox 1261 1441 1378 1468; x_wconf 83' lang='lat' dir='ltr'><strong>alienum</strong></span> <span class='ocrx_word' id='word_1_472' title='bbox 1405 1439 1520 1471; x_wconf 79' lang='lat' dir='ltr'><strong>habent;</strong></span> <span class='ocrx_word' id='word_1_473' title='bbox 1541 1443 1569 1465; x_wconf 85' lang='lat' dir='ltr'><strong>at.</strong></span> <span class='ocrx_word' id='word_1_474' title='bbox 1583 1437 1686 1464; x_wconf 88' lang='lat' dir='ltr'><strong>doctori</strong></span> <span class='ocrx_word' id='word_1_475' title='bbox 1700 1444 1753 1471; x_wconf 89' lang='lat' dir='ltr'><strong>quo</strong></span> <span class='ocrx_word' id='word_1_476' title='bbox 1768 1440 1829 1462; x_wconf 83' lang='lat' dir='ltr'><strong>lan—</strong></span> 
     </span>
    </p>
   </div>
   <div class='ocr_carea' id='block_1_68' title="bbox 1045 1481 1828 1517">
    <p class='ocr_par' dir='ltr' id='par_1_68' title="bbox 1045 1481 1828 1517">
     <span class='ocr_line' id='line_1_68' title="bbox 1045 1481 1828 1517; baseline -0.01 -2"><span class='ocrx_word' id='word_1_477' title='bbox 1045 1488 1107 1515; x_wconf 88' lang='lat' dir='ltr'><strong>dem</strong></span> <span class='ocrx_word' id='word_1_478' title='bbox 1128 1487 1208 1515; x_wconf 87' lang='lat' dir='ltr'><strong>modo</strong></span> <span class='ocrx_word' id='word_1_479' title='bbox 1231 1486 1301 1514; x_wconf 88' lang='lat' dir='ltr'><strong>idem</strong></span> <span class='ocrx_word' id='word_1_480' title='bbox 1336 1485 1526 1517; x_wconf 71' lang='lat' dir='ltr'><strong>concedamus,</strong></span> <span class='ocrx_word' id='word_1_481' title='bbox 1541 1483 1585 1517; x_wconf 90' lang='lat' dir='ltr'><strong>qui</strong></span> <span class='ocrx_word' id='word_1_482' title='bbox 1609 1482 1723 1509; x_wconf 86' lang='lat' dir='ltr'><strong>aliorum</strong></span> <span class='ocrx_word' id='word_1_483' title='bbox 1746 1481 1828 1508; x_wconf 85' lang='lat' dir='ltr'><strong>etiam</strong></span> 
     </span>
    </p>
   </div>
   <div class='ocr_carea' id='block_1_69' title="bbox 1048 1525 1830 1564">
    <p class='ocr_par' dir='ltr' id='par_1_69' title="bbox 1048 1525 1830 1564">
     <span class='ocr_line' id='line_1_69' title="bbox 1048 1525 1830 1564; baseline -0.012 -4"><span class='ocrx_word' id='word_1_484' title='bbox 1048 1533 1169 1560; x_wconf 81' lang='lat' dir='ltr'><strong>inscitias</strong></span> <span class='ocrx_word' id='word_1_485' title='bbox 1184 1532 1319 1564; x_wconf 86' lang='lat' dir='ltr'><strong>emendat,</strong></span> <span class='ocrx_word' id='word_1_486' title='bbox 1334 1531 1385 1558; x_wconf 90' lang='lat' dir='ltr'><strong>nisi</strong></span> <span class='ocrx_word' id='word_1_487' title='bbox 1400 1530 1426 1557; x_wconf 91' lang='lat' dir='ltr'><strong>id</strong></span> <span class='ocrx_word' id='word_1_488' title='bbox 1441 1529 1510 1557; x_wconf 81' lang='lat' dir='ltr'><strong>falso</strong></span> <span class='ocrx_word' id='word_1_489' title='bbox 1523 1528 1574 1556; x_wconf 88' lang='lat' dir='ltr'><strong>sibi</strong></span> <span class='ocrx_word' id='word_1_490' title='bbox 1591 1534 1687 1555; x_wconf 91' lang='lat' dir='ltr'><strong>nomen</strong></span> <span class='ocrx_word' id='word_1_491' title='bbox 1702 1525 1830 1560; x_wconf 77' lang='lat' dir='ltr'><strong>arroget?</strong></span> 
     </span>
    </p>
   </div>
   <div class='ocr_carea' id='block_1_70' title="bbox 1047 1572 1830 1610">
    <p class='ocr_par' dir='ltr' id='par_1_70' title="bbox 1047 1572 1830 1610">
     <span class='ocr_line' id='line_1_70' title="bbox 1047 1572 1830 1610; baseline -0.011 -4"><span class='ocrx_word' id='word_1_492' title='bbox 1047 1579 1114 1606; x_wconf 85' lang='lat' dir='ltr'><strong>Nam</strong></span> <span class='ocrx_word' id='word_1_493' title='bbox 1130 1586 1190 1606; x_wconf 86' lang='lat' dir='ltr'><strong>cum</strong></span> <span class='ocrx_word' id='word_1_494' title='bbox 1209 1577 1394 1605; x_wconf 73' lang='lat' dir='ltr'><strong>Romanorum</strong></span> <span class='ocrx_word' id='word_1_495' title='bbox 1422 1575 1508 1610; x_wconf 88' lang='lat' dir='ltr'><strong>legem</strong></span> <span class='ocrx_word' id='word_1_496' title='bbox 1540 1574 1652 1605; x_wconf 84' lang='lat' dir='ltr'><strong>nemini,</strong></span> <span class='ocrx_word' id='word_1_497' title='bbox 1684 1572 1830 1608; x_wconf 83' lang='lat' dir='ltr'><strong>quamlibet</strong></span> 
     </span>
    </p>
   </div>
   <div class='ocr_carea' id='block_1_71' title="bbox 1047 1618 1830 1656">
    <p class='ocr_par' dir='ltr' id='par_1_71' title="bbox 1047 1618 1830 1656">
     <span class='ocr_line' id='line_1_71' title="bbox 1047 1618 1830 1656; baseline -0.013 -3"><span class='ocrx_word' id='word_1_498' title='bbox 1047 1625 1149 1652; x_wconf 76' lang='lat' dir='ltr'><strong>rustico</strong></span> <span class='ocrx_word' id='word_1_499' title='bbox 1163 1629 1190 1652; x_wconf 91' lang='lat' dir='ltr'><strong>et</strong></span> <span class='ocrx_word' id='word_1_500' title='bbox 1212 1624 1331 1656; x_wconf 90' lang='lat' dir='ltr'><strong>indocto,</strong></span> <span class='ocrx_word' id='word_1_501' title='bbox 1354 1622 1480 1656; x_wconf 80' lang='lat' dir='ltr'><strong>ignorare</strong></span> <span class='ocrx_word' id='word_1_502' title='bbox 1494 1621 1586 1652; x_wconf 88' lang='lat' dir='ltr'><strong>liceat,</strong></span> <span class='ocrx_word' id='word_1_503' title='bbox 1602 1626 1652 1646; x_wconf 86' lang='lat' dir='ltr'><strong>nec</strong></span> <span class='ocrx_word' id='word_1_504' title='bbox 1664 1618 1708 1646; x_wconf 70' lang='lat' dir='ltr'><strong>le:</strong></span> <span class='ocrx_word' id='word_1_505' title='bbox 1720 1618 1772 1644; x_wconf 91' lang='lat' dir='ltr'><strong>ulla</strong></span> <span class='ocrx_word' id='word_1_506' title='bbox 1783 1625 1830 1644; x_wconf 80' lang='lat' dir='ltr'><strong>ex-</strong></span> 
     </span>
    </p>
   </div>
   <div class='ocr_carea' id='block_1_72' title="bbox 1047 1663 1831 1707">
    <p class='ocr_par' dir='ltr' id='par_1_72' title="bbox 1047 1663 1831 1707">
     <span class='ocr_line' id='line_1_72' title="bbox 1047 1663 1831 1707; baseline -0.013 -8"><span class='ocrx_word' id='word_1_507' title='bbox 1047 1676 1111 1705; x_wconf 85' lang='lat' dir='ltr'><strong>stet,</strong></span> <span class='ocrx_word' id='word_1_508' title='bbox 1128 1678 1188 1707; x_wconf 73' lang='lat' dir='ltr'><strong>quaz</strong></span> <span class='ocrx_word' id='word_1_509' title='bbox 1207 1670 1367 1698; x_wconf 83' lang='lat' dir='ltr'><strong>criminibus</strong></span> <span class='ocrx_word' id='word_1_510' title='bbox 1394 1675 1442 1703; x_wconf 87' lang='lat' dir='ltr'><strong>per</strong></span> <span class='ocrx_word' id='word_1_511' title='bbox 1472 1666 1653 1702; x_wconf 83' lang='lat' dir='ltr'><strong>ignorantiam</strong></span> <span class='ocrx_word' id='word_1_512' title='bbox 1677 1663 1831 1692; x_wconf 84' lang='lat' dir='ltr'><strong>commissis</strong></span> 
     </span>
    </p>
   </div>
   <div class='ocr_carea' id='block_1_73' title="bbox 1047 1710 1832 1751">
    <p class='ocr_par' dir='ltr' id='par_1_73' title="bbox 1047 1710 1832 1751">
     <span class='ocr_line' id='line_1_73' title="bbox 1047 1710 1832 1751; baseline -0.013 -6"><span class='ocrx_word' id='word_1_513' title='bbox 1047 1725 1125 1751; x_wconf 86' lang='lat' dir='ltr'><strong>opem</strong></span> <span class='ocrx_word' id='word_1_514' title='bbox 1144 1718 1225 1748; x_wconf 82' lang='lat' dir='ltr'><strong>ferat,</strong></span> <span class='ocrx_word' id='word_1_515' title='bbox 1240 1723 1330 1743; x_wconf 88' lang='lat' dir='ltr'><strong>nonne</strong></span> <span class='ocrx_word' id='word_1_516' title='bbox 1347 1714 1492 1742; x_wconf 83' lang='lat' dir='ltr'><strong>absurdum</strong></span> <span class='ocrx_word' id='word_1_517' title='bbox 1519 1717 1560 1740; x_wconf 89' lang='lat' dir='ltr'><strong>est</strong></span> <span class='ocrx_word' id='word_1_518' title='bbox 1587 1710 1684 1738; x_wconf 87' lang='lat' dir='ltr'><strong>salutis</strong></span> <span class='ocrx_word' id='word_1_519' title='bbox 1706 1711 1832 1737; x_wconf 82' lang='lat' dir='ltr'><strong>doctores</strong></span> 
     </span>
    </p>
   </div>
   <div class='ocr_carea' id='block_1_74' title="bbox 1049 1755 1832 1795">
    <p class='ocr_par' dir='ltr' id='par_1_74' title="bbox 1049 1755 1832 1795">
     <span class='ocr_line' id='line_1_74' title="bbox 1049 1755 1832 1795; baseline -0.013 -4"><span class='ocrx_word' id='word_1_520' title='bbox 1049 1769 1077 1792; x_wconf 91' lang='lat' dir='ltr'><strong>et</strong></span> <span class='ocrx_word' id='word_1_521' title='bbox 1097 1763 1234 1790; x_wconf 82' lang='lat' dir='ltr'><strong>antistites</strong></span> <span class='ocrx_word' id='word_1_522' title='bbox 1247 1761 1345 1790; x_wconf 89' lang='lat' dir='ltr'><strong>salutis</strong></span> <span class='ocrx_word' id='word_1_523' title='bbox 1362 1759 1495 1795; x_wconf 87' lang='lat' dir='ltr'><strong>principia</strong></span> <span class='ocrx_word' id='word_1_524' title='bbox 1516 1759 1632 1790; x_wconf 87' lang='lat' dir='ltr'><strong>nescire,</strong></span> <span class='ocrx_word' id='word_1_525' title='bbox 1647 1756 1753 1784; x_wconf 84' lang='lat' dir='ltr'><strong>etiamsi</strong></span> <span class='ocrx_word' id='word_1_526' title='bbox 1765 1755 1832 1782; x_wconf 90' lang='lat' dir='ltr'><strong>alio-</strong></span> 
     </span>
    </p>
   </div>
   <div class='ocr_carea' id='block_1_75' title="bbox 1049 1801 1830 1844">
    <p class='ocr_par' dir='ltr' id='par_1_75' title="bbox 1049 1801 1830 1844">
     <span class='ocr_line' id='line_1_75' title="bbox 1049 1801 1830 1844; baseline -0.01 -9"><span class='ocrx_word' id='word_1_527' title='bbox 1049 1810 1093 1844; x_wconf 88' lang='lat' dir='ltr'><strong>qui</strong></span> <span class='ocrx_word' id='word_1_528' title='bbox 1117 1808 1295 1843; x_wconf 89' lang='lat' dir='ltr'><strong>simpliciores</strong></span> <span class='ocrx_word' id='word_1_529' title='bbox 1317 1806 1383 1837; x_wconf 89' lang='lat' dir='ltr'><strong>sint,</strong></span> <span class='ocrx_word' id='word_1_530' title='bbox 1399 1805 1587 1839; x_wconf 85' lang='lat' dir='ltr'><strong>ltebetiorique</strong></span> <span class='ocrx_word' id='word_1_531' title='bbox 1603 1802 1713 1830; x_wconf 81' lang='lat' dir='ltr'><strong>animo?</strong></span> <span class='ocrx_word' id='word_1_532' title='bbox 1731 1801 1830 1829; x_wconf 80' lang='lat' dir='ltr'><strong>Verum</strong></span> 
     </span>
    </p>
   </div>
   <div class='ocr_carea' id='block_1_76' title="bbox 1049 1847 1831 1887">
    <p class='ocr_par' dir='ltr' id='par_1_76' title="bbox 1049 1847 1831 1887">
     <span class='ocr_line' id='line_1_76' title="bbox 1049 1847 1831 1887; baseline -0.013 -5"><span class='ocrx_word' id='word_1_533' title='bbox 1049 1855 1092 1882; x_wconf 89' lang='lat' dir='ltr'><strong>his</strong></span> <span class='ocrx_word' id='word_1_534' title='bbox 1120 1860 1186 1881; x_wconf 87' lang='lat' dir='ltr'><strong>sane</strong></span> <span class='ocrx_word' id='word_1_535' title='bbox 1212 1853 1380 1887; x_wconf 78' lang='lat' dir='ltr'><strong>ignoscatur,</strong></span> <span class='ocrx_word' id='word_1_536' title='bbox 1407 1851 1452 1885; x_wconf 90' lang='lat' dir='ltr'><strong>qui</strong></span> <span class='ocrx_word' id='word_1_537' title='bbox 1483 1849 1573 1885; x_wconf 91' lang='lat' dir='ltr'><strong>impiis</strong></span> <span class='ocrx_word' id='word_1_538' title='bbox 1598 1847 1768 1882; x_wconf 80' lang='lat' dir='ltr'><strong>dogmatibus</strong></span> <span class='ocrx_word' id='word_1_539' title='bbox 1783 1853 1831 1881; x_wconf 89' lang='lat' dir='ltr'><strong>per</strong></span> 
     </span>
    </p>
   </div>
   <div class='ocr_carea' id='block_1_77' title="bbox 1049 1892 1832 1935">
    <p class='ocr_par' dir='ltr' id='par_1_77' title="bbox 1049 1892 1832 1935">
     <span class='ocr_line' id='line_1_77' title="bbox 1049 1892 1832 1935; baseline -0.013 -7"><span class='ocrx_word' id='word_1_540' title='bbox 1049 1899 1245 1935; x_wconf 88' lang='lat' dir='ltr'><strong>ignorationem</strong></span> <span class='ocrx_word' id='word_1_541' title='bbox 1270 1904 1412 1924; x_wconf 84' lang='lat' dir='ltr'><strong>assensum</strong></span> <span class='ocrx_word' id='word_1_542' title='bbox 1438 1896 1620 1930; x_wconf 62' lang='lat' dir='ltr'><strong>praebuerunt.</strong></span> <span class='ocrx_word' id='word_1_543' title='bbox 1649 1892 1717 1927; x_wconf 83' lang='lat' dir='ltr'><strong>Quid</strong></span> <span class='ocrx_word' id='word_1_544' title='bbox 1744 1896 1832 1919; x_wconf 81' lang='lat' dir='ltr'><strong>autent</strong></span> 
     </span>
    </p>
   </div>
   <div class='ocr_carea' id='block_1_78' title="bbox 209 1936 1831 1978">
    <p class='ocr_par' dir='ltr' id='par_1_78' title="bbox 209 1936 1831 1978">
     <span class='ocr_line' id='line_1_78' title="bbox 209 1936 1831 1978; baseline -0.006 -7"><span class='ocrx_word' id='word_1_545' title='bbox 209 1946 243 1972; x_wconf 88' lang='lat' dir='ltr'><strong>de</strong></span> <span class='ocrx_word' id='word_1_546' title='bbox 255 1945 314 1972; x_wconf 83' lang='lat' dir='ltr'><strong>aliis</strong></span> <span class='ocrx_word' id='word_1_547' title='bbox 330 1943 442 1977; x_wconf 77' lang='lat' dir='ltr'><strong>dixeris,</strong></span> <span class='ocrx_word' id='word_1_548' title='bbox 460 1943 603 1978; x_wconf 84' lang='lat' dir='ltr'><strong>quietiam</strong></span> <span class='ocrx_word' id='word_1_549' title='bbox 628 1942 726 1977; x_wconf 87' lang='lat' dir='ltr'><strong>ingenii</strong></span> <span class='ocrx_word' id='word_1_550' title='bbox 762 1942 867 1970; x_wconf 89' lang='lat' dir='ltr'><strong>laudent</strong></span> <span class='ocrx_word' id='word_1_551' title='bbox 901 1944 952 1972; x_wconf 87' lang='lat' dir='ltr'><strong>sibi</strong></span> <span class='ocrx_word' id='word_1_552' title='bbox 983 1945 1162 1978; x_wconf 82' lang='lat' dir='ltr'><strong>vindicantes,</strong></span> <span class='ocrx_word' id='word_1_553' title='bbox 1183 1944 1217 1970; x_wconf 91' lang='lat' dir='ltr'><strong>ob</strong></span> <span class='ocrx_word' id='word_1_554' title='bbox 1250 1950 1297 1969; x_wconf 90' lang='lat' dir='ltr'><strong>eas</strong></span> <span class='ocrx_word' id='word_1_555' title='bbox 1322 1947 1428 1973; x_wconf 84' lang='lat' dir='ltr'><strong>tamen,</strong></span> <span class='ocrx_word' id='word_1_556' title='bbox 1456 1947 1522 1974; x_wconf 87' lang='lat' dir='ltr'><strong>quas</strong></span> <span class='ocrx_word' id='word_1_557' title='bbox 1550 1936 1831 1975; x_wconf 53' lang='lat' dir='ltr'><strong>commemoravimus,</strong></span> 
     </span>
    </p>
   </div>
   <div class='ocr_carea' id='block_1_79' title="bbox 209 1987 1834 2026">
    <p class='ocr_par' dir='ltr' id='par_1_79' title="bbox 209 1987 1834 2026">
     <span class='ocr_line' id='line_1_79' title="bbox 209 1987 1834 2026; baseline -0.006 -11"><span class='ocrx_word' id='word_1_558' title='bbox 209 1998 317 2023; x_wconf 65' lang='lat' dir='ltr'><strong>causas,</strong></span> <span class='ocrx_word' id='word_1_559' title='bbox 345 1989 553 2023; x_wconf 78' lang='lat' dir='ltr'><strong>imperatoribus</strong></span> <span class='ocrx_word' id='word_1_560' title='bbox 581 1995 677 2015; x_wconf 84' lang='lat' dir='ltr'><strong>manus</strong></span> <span class='ocrx_word' id='word_1_561' title='bbox 705 1987 848 2020; x_wconf 89' lang='lat' dir='ltr'><strong>dederunt,</strong></span> <span class='ocrx_word' id='word_1_562' title='bbox 873 1993 899 2016; x_wconf 91' lang='lat' dir='ltr'><strong>et</strong></span> <span class='ocrx_word' id='word_1_563' title='bbox 924 1997 984 2017; x_wconf 88' lang='lat' dir='ltr'><strong>cum</strong></span> <span class='ocrx_word' id='word_1_564' title='bbox 1022 1991 1130 2026; x_wconf 79' lang='lat' dir='ltr'><strong>pietatis</strong></span> <span class='ocrx_word' id='word_1_565' title='bbox 1156 1996 1298 2024; x_wconf 89' lang='lat' dir='ltr'><strong>personam</strong></span> <span class='ocrx_word' id='word_1_566' title='bbox 1331 1988 1458 2014; x_wconf 91' lang='lat' dir='ltr'><strong>diuturno</strong></span> <span class='ocrx_word' id='word_1_567' title='bbox 1494 1990 1613 2018; x_wconf 89' lang='lat' dir='ltr'><strong>tempore</strong></span> <span class='ocrx_word' id='word_1_568' title='bbox 1635 1988 1763 2016; x_wconf 88' lang='lat' dir='ltr'><strong>tanquam</strong></span> <span class='ocrx_word' id='word_1_569' title='bbox 1787 1988 1834 2015; x_wconf 85' lang='lat' dir='ltr'><strong>per</strong></span> 
     </span>
    </p>
   </div>
   <div class='ocr_carea' id='block_1_80' title="bbox 211 2027 1833 2072">
    <p class='ocr_par' dir='ltr' id='par_1_80' title="bbox 211 2027 1833 2072">
     <span class='ocr_line' id='line_1_80' title="bbox 211 2027 1833 2072; baseline -0.005 -9"><span class='ocrx_word' id='word_1_570' title='bbox 211 2037 303 2065; x_wconf 87' lang='lat' dir='ltr'><strong>ludutn</strong></span> <span class='ocrx_word' id='word_1_571' title='bbox 336 2036 493 2072; x_wconf 74' lang='lat' dir='ltr'><strong>gessissent,</strong></span> <span class='ocrx_word' id='word_1_572' title='bbox 529 2035 609 2063; x_wconf 86' lang='lat' dir='ltr'><strong>simul</strong></span> <span class='ocrx_word' id='word_1_573' title='bbox 645 2043 677 2062; x_wconf 88' lang='lat' dir='ltr'><strong>ac</strong></span> <span class='ocrx_word' id='word_1_574' title='bbox 700 2034 789 2070; x_wconf 88' lang='lat' dir='ltr'><strong>aliqua</strong></span> <span class='ocrx_word' id='word_1_575' title='bbox 814 2037 970 2070; x_wconf 86' lang='lat' dir='ltr'><strong>supervenit.</strong></span> <span class='ocrx_word' id='word_1_576' title='bbox 998 2038 1122 2069; x_wconf 84' lang='lat' dir='ltr'><strong>tentalio,</strong></span> <span class='ocrx_word' id='word_1_577' title='bbox 1157 2045 1208 2072; x_wconf 90' lang='lat' dir='ltr'><strong>qua</strong></span> <span class='ocrx_word' id='word_1_578' title='bbox 1235 2035 1356 2064; x_wconf 83' lang='lat' dir='ltr'><strong>convinci</strong></span> <span class='ocrx_word' id='word_1_579' title='bbox 1381 2039 1462 2068; x_wconf 86' lang='lat' dir='ltr'><strong>atque</strong></span> <span class='ocrx_word' id='word_1_580' title='bbox 1477 2032 1585 2067; x_wconf 83' lang='lat' dir='ltr'><strong>coargui</strong></span> <span class='ocrx_word' id='word_1_581' title='bbox 1607 2035 1727 2067; x_wconf 85' lang='lat' dir='ltr'><strong>possent,</strong></span> <span class='ocrx_word' id='word_1_582' title='bbox 1747 2027 1833 2064; x_wconf 85' lang='lat' dir='ltr'><strong>proti-</strong></span> 
     </span>
    </p>
   </div>
   <div class='ocr_carea' id='block_1_81' title="bbox 212 2083 454 2112">
    <p class='ocr_par' dir='ltr' id='par_1_81' title="bbox 212 2083 454 2112">
     <span class='ocr_line' id='line_1_81' title="bbox 212 2083 454 2112; baseline -0.012 0"><span class='ocrx_word' id='word_1_583' title='bbox 212 2093 262 2112; x_wconf 86' lang='lat' dir='ltr'><strong>nus</strong></span> <span class='ocrx_word' id='word_1_584' title='bbox 278 2083 454 2111; x_wconf 80' lang='lat' dir='ltr'><strong>corruerunt?</strong></span> 
     </span>
    </p>
   </div>
   <div class='ocr_carea' id='block_1_82' title="bbox 246 2121 995 2166">
    <p class='ocr_par' dir='ltr' id='par_1_82' title="bbox 246 2128 995 2166">
     <span class='ocr_line' id='line_1_82' title="bbox 246 2128 995 2166; baseline 0.001 -9"><span class='ocrx_word' id='word_1_585' title='bbox 246 2132 310 2159; x_wconf 84' lang='lat' dir='ltr'><strong>KE&#39;.</strong></span> <span class='ocrx_word' id='word_1_586' title='bbox 332 2131 392 2157; x_wconf 77' lang='grc' dir='ltr'>Ἔτι</span> <span class='ocrx_word' id='word_1_587' title='bbox 416 2130 465 2165; x_wconf 76' lang='grc' dir='ltr'>μὲν</span> <span class='ocrx_word' id='word_1_588' title='bbox 489 2129 562 2162; x_wconf 74' lang='grc' dir='ltr'>ἅπαξ</span> <span class='ocrx_word' id='word_1_589' title='bbox 586 2130 632 2156; x_wconf 86' lang='grc' dir='ltr'>τὸν</span> <span class='ocrx_word' id='word_1_590' title='bbox 664 2128 778 2165; x_wconf 77' lang='grc' dir='ltr'>οὐρανὸν</span> <span class='ocrx_word' id='word_1_591' title='bbox 803 2130 850 2156; x_wconf 77' lang='grc' dir='ltr'>καὶ</span> <span class='ocrx_word' id='word_1_592' title='bbox 874 2130 923 2166; x_wconf 82' lang='grc' dir='ltr'>τὴν</span> <span class='ocrx_word' id='word_1_593' title='bbox 945 2132 995 2166; x_wconf 78' lang='grc' dir='ltr'>γῆν</span> 
     </span>
    </p>
   </div>
   <div class='ocr_carea' id='block_1_83' title="bbox 1048 2121 1834 2166">
    <p class='ocr_par' dir='ltr' id='par_1_83' title="bbox 1085 2121 1834 2162">
     <span class='ocr_line' id='line_1_83' title="bbox 1085 2121 1834 2162; baseline -0.013 -5"><span class='ocrx_word' id='word_1_594' title='bbox 1085 2129 1168 2158; x_wconf 77' lang='lat' dir='ltr'><strong>XXV.</strong></span> <span class='ocrx_word' id='word_1_595' title='bbox 1186 2128 1276 2156; x_wconf 88' lang='lat' dir='ltr'><strong>Semel</strong></span> <span class='ocrx_word' id='word_1_596' title='bbox 1299 2127 1406 2162; x_wconf 87' lang='lat' dir='ltr'><strong>quidem</strong></span> <span class='ocrx_word' id='word_1_597' title='bbox 1439 2125 1528 2153; x_wconf 82' lang='lat' dir='ltr'><strong>adhuc</strong></span> <span class='ocrx_word' id='word_1_598' title='bbox 1552 2123 1673 2151; x_wconf 80' lang='lat' dir='ltr'><strong>futurum</strong></span> <span class='ocrx_word' id='word_1_599' title='bbox 1693 2121 1834 2156; x_wconf 85' lang='lat' dir='ltr'><strong>Scriptura</strong></span> 
     </span>
    </p>
   </div>
   <div class='ocr_carea' id='block_1_84' title="bbox 212 2175 998 2213">
    <p class='ocr_par' dir='ltr' id='par_1_84' title="bbox 212 2175 998 2213">
     <span class='ocr_line' id='line_1_84' title="bbox 212 2175 998 2213; baseline 0 -9"><span class='ocrx_word' id='word_1_600' title='bbox 212 2178 399 2213; x_wconf 87' lang='grc' dir='ltr'>σεισθήσεσοαι</span> <span class='ocrx_word' id='word_1_601' title='bbox 417 2176 488 2212; x_wconf 15' lang='lat'><strong>(58),,</strong></span> <span class='ocrx_word' id='word_1_602' title='bbox 496 2176 547 2211; x_wconf 81' lang='grc' dir='ltr'>τῆς</span> <span class='ocrx_word' id='word_1_603' title='bbox 566 2176 678 2212; x_wconf 80' lang='grc' dir='ltr'>Γραφῆς</span> <span class='ocrx_word' id='word_1_604' title='bbox 698 2175 790 2203; x_wconf 86' lang='grc' dir='ltr'>ἀκούω</span> <span class='ocrx_word' id='word_1_605' title='bbox 802 2175 944 2212; x_wconf 79' lang='grc' dir='ltr'>λεγούσης,</span> <span class='ocrx_word' id='word_1_606' title='bbox 960 2177 998 2209; x_wconf 84' lang='grc' dir='ltr'>ὠς</span> 
     </span>
    </p>
   </div>
   <div class='ocr_carea' id='block_1_85' title="bbox 210 2222 996 2259">
    <p class='ocr_par' dir='ltr' id='par_1_85' title="bbox 210 2222 996 2259">
     <span class='ocr_line' id='line_1_85' title="bbox 210 2222 996 2259; baseline -0.001 -9"><span class='ocrx_word' id='word_1_607' title='bbox 210 2223 243 2259; x_wconf 82' lang='grc' dir='ltr'>δὴ</span> <span class='ocrx_word' id='word_1_608' title='bbox 257 2223 336 2250; x_wconf 84' lang='grc' dir='ltr'>τοῦτο</span> <span class='ocrx_word' id='word_1_609' title='bbox 350 2223 489 2249; x_wconf 80' lang='grc' dir='ltr'>παθόντων</span> <span class='ocrx_word' id='word_1_610' title='bbox 504 2222 551 2248; x_wconf 77' lang='grc' dir='ltr'>καὶ</span> <span class='ocrx_word' id='word_1_611' title='bbox 568 2222 713 2258; x_wconf 59' lang='grc' dir='ltr'>πρότερον</span> <span class='ocrx_word' id='word_1_612' title='bbox 729 2222 802 2249; x_wconf 75' lang='grc' dir='ltr'>οὕτω</span> <span class='ocrx_word' id='word_1_613' title='bbox 819 2222 996 2259; x_wconf 83' lang='grc' dir='ltr'>δηλουμένης,</span> 
     </span>
    </p>
   </div>
   <div class='ocr_carea' id='block_1_86' title="bbox 211 2267 996 2305">
    <p class='ocr_par' dir='ltr' id='par_1_86' title="bbox 211 2267 996 2305">
     <span class='ocr_line' id='line_1_86' title="bbox 211 2267 996 2305; baseline -0.001 -9"><span class='ocrx_word' id='word_1_614' title='bbox 211 2269 298 2305; x_wconf 74' lang='grc' dir='ltr'>οἶμαι,</span> <span class='ocrx_word' id='word_1_615' title='bbox 316 2269 366 2304; x_wconf 84' lang='grc' dir='ltr'>τῆς</span> <span class='ocrx_word' id='word_1_616' title='bbox 389 2267 538 2303; x_wconf 76' lang='grc' dir='ltr'>ἐπιφανοῦς</span> <span class='ocrx_word' id='word_1_617' title='bbox 555 2267 609 2294; x_wconf 84' lang='grc' dir='ltr'>τῶν</span> <span class='ocrx_word' id='word_1_618' title='bbox 626 2268 796 2302; x_wconf 85' lang='grc' dir='ltr'>πραγμάτων</span> <span class='ocrx_word' id='word_1_619' title='bbox 811 2269 996 2304; x_wconf 84' lang='grc' dir='ltr'>καινοτομίας.</span> 
     </span>
    </p>
   </div>
   <div class='ocr_carea' id='block_1_87' title="bbox 212 2314 996 2349">
    <p class='ocr_par' dir='ltr' id='par_1_87' title="bbox 212 2314 996 2349">
     <span class='ocr_line' id='line_1_87' title="bbox 212 2314 996 2349; baseline -0.001 -7"><span class='ocrx_word' id='word_1_620' title='bbox 212 2315 266 2342; x_wconf 77' lang='grc' dir='ltr'><strong>Καὶ</strong></span> <span class='ocrx_word' id='word_1_621' title='bbox 285 2315 330 2342; x_wconf 70' lang='grc' dir='ltr'><strong>τὸν</strong></span> <span class='ocrx_word' id='word_1_622' title='bbox 347 2314 500 2341; x_wconf 86' lang='grc' dir='ltr'>τελευταῖον</span> <span class='ocrx_word' id='word_1_623' title='bbox 521 2314 631 2349; x_wconf 74' lang='grc' dir='ltr'>σεισμὸν</span> <span class='ocrx_word' id='word_1_624' title='bbox 654 2314 753 2349; x_wconf 76' lang='grc' dir='ltr'>Παύλῳ</span> <span class='ocrx_word' id='word_1_625' title='bbox 773 2314 930 2341; x_wconf 83' lang='grc' dir='ltr'>πιστευτέον</span> <span class='ocrx_word' id='word_1_626' title='bbox 951 2314 996 2340; x_wconf 80' lang='grc' dir='ltr'><strong>λέ-</strong></span> 
     </span>
    </p>
   </div>
   <div class='ocr_carea' id='block_1_88' title="bbox 212 2357 996 2396">
    <p class='ocr_par' dir='ltr' id='par_1_88' title="bbox 212 2357 996 2396">
     <span class='ocr_line' id='line_1_88' title="bbox 212 2357 996 2396; baseline 0 -10"><span class='ocrx_word' id='word_1_627' title='bbox 212 2369 297 2395; x_wconf 82' lang='grc' dir='ltr'>γοντι,</span> <span class='ocrx_word' id='word_1_628' title='bbox 313 2359 350 2396; x_wconf 85' lang='grc' dir='ltr'>μὴ</span> <span class='ocrx_word' id='word_1_629' title='bbox 372 2360 450 2387; x_wconf 85' lang='grc' dir='ltr'>ἄλλον</span> <span class='ocrx_word' id='word_1_630' title='bbox 467 2357 535 2388; x_wconf 79' lang='grc' dir='ltr'>εἶναι</span> <span class='ocrx_word' id='word_1_631' title='bbox 555 2359 571 2394; x_wconf 78' lang='grc' dir='ltr'><strong>ἦ</strong></span> <span class='ocrx_word' id='word_1_632' title='bbox 594 2360 642 2395; x_wconf 82' lang='grc' dir='ltr'>τὴν</span> <span class='ocrx_word' id='word_1_633' title='bbox 662 2359 792 2396; x_wconf 83' lang='grc' dir='ltr'>δευτέραν</span> <span class='ocrx_word' id='word_1_634' title='bbox 811 2360 859 2386; x_wconf 80' lang='grc' dir='ltr'>τοῦ</span> <span class='ocrx_word' id='word_1_635' title='bbox 879 2360 996 2396; x_wconf 74' lang='grc' dir='ltr'>Χριστοῦ</span> 
     </span>
    </p>
   </div>
   <div class='ocr_carea' id='block_1_89' title="bbox 212 2405 999 2442">
    <p class='ocr_par' dir='ltr' id='par_1_89' title="bbox 212 2405 999 2442">
     <span class='ocr_line' id='line_1_89' title="bbox 212 2405 999 2442; baseline -0.001 -9"><span class='ocrx_word' id='word_1_636' title='bbox 212 2406 373 2442; x_wconf 74' lang='grc' dir='ltr'>παρουσίαν,</span> <span class='ocrx_word' id='word_1_637' title='bbox 397 2406 442 2432; x_wconf 74' lang='grc' dir='ltr'>καὶ</span> <span class='ocrx_word' id='word_1_638' title='bbox 469 2405 518 2441; x_wconf 84' lang='grc' dir='ltr'>τὴν</span> <span class='ocrx_word' id='word_1_639' title='bbox 536 2405 613 2432; x_wconf 78' lang='grc' dir='ltr'>τοῦδε</span> <span class='ocrx_word' id='word_1_640' title='bbox 631 2405 679 2432; x_wconf 80' lang='grc' dir='ltr'><strong>τοῦ</strong></span> <span class='ocrx_word' id='word_1_641' title='bbox 703 2406 801 2437; x_wconf 86' lang='grc' dir='ltr'>παντὸς</span> <span class='ocrx_word' id='word_1_642' title='bbox 821 2406 999 2441; x_wconf 82' lang='grc' dir='ltr'>μεταποίησιν</span> 
     </span>
    </p>
   </div>
   <div class='ocr_carea' id='block_1_90' title="bbox 213 2451 999 2487">
    <p class='ocr_par' dir='ltr' id='par_1_90' title="bbox 213 2451 999 2487">
     <span class='ocr_line' id='line_1_90' title="bbox 213 2451 999 2487; baseline 0 -10"><span class='ocrx_word' id='word_1_643' title='bbox 213 2452 260 2478; x_wconf 75' lang='grc' dir='ltr'>καὶ</span> <span class='ocrx_word' id='word_1_644' title='bbox 283 2451 426 2486; x_wconf 77' lang='grc' dir='ltr'>μετάθεσιν</span> <span class='ocrx_word' id='word_1_645' title='bbox 448 2452 488 2483; x_wconf 82' lang='grc' dir='ltr'><strong>εἰς</strong></span> <span class='ocrx_word' id='word_1_646' title='bbox 510 2452 540 2478; x_wconf 85' lang='grc' dir='ltr'>τὸ</span> <span class='ocrx_word' id='word_1_647' title='bbox 555 2452 683 2487; x_wconf 85' lang='grc' dir='ltr'>ἀκίνητον</span> <span class='ocrx_word' id='word_1_648' title='bbox 704 2451 752 2478; x_wconf 64' lang='grc' dir='ltr'>καὶ</span> <span class='ocrx_word' id='word_1_649' title='bbox 774 2451 934 2479; x_wconf 81' lang='grc' dir='ltr'>ἀσάλευτον.</span> <span class='ocrx_word' id='word_1_650' title='bbox 947 2451 999 2478; x_wconf 84' lang='grc' dir='ltr'>Τδν</span> 
     </span>
    </p>
   </div>
   <div class='ocr_carea' id='block_1_91' title="bbox 212 2496 999 2533">
    <p class='ocr_par' dir='ltr' id='par_1_91' title="bbox 212 2496 999 2533">
     <span class='ocr_line' id='line_1_91' title="bbox 212 2496 999 2533; baseline 0 -10"><span class='ocrx_word' id='word_1_651' title='bbox 212 2497 241 2523; x_wconf 79' lang='grc' dir='ltr'>δὲ</span> <span class='ocrx_word' id='word_1_652' title='bbox 259 2497 307 2523; x_wconf 81' lang='grc' dir='ltr'>νῦν</span> <span class='ocrx_word' id='word_1_653' title='bbox 328 2496 422 2523; x_wconf 83' lang='grc' dir='ltr'>τοῦτον</span> <span class='ocrx_word' id='word_1_654' title='bbox 447 2496 557 2532; x_wconf 76' lang='grc' dir='ltr'>σεισμὸν</span> <span class='ocrx_word' id='word_1_655' title='bbox 574 2497 678 2528; x_wconf 75' lang='grc' dir='ltr'>οὐδενὸς</span> <span class='ocrx_word' id='word_1_656' title='bbox 700 2497 803 2524; x_wconf 78' lang='grc' dir='ltr'>ἐλάττω</span> <span class='ocrx_word' id='word_1_657' title='bbox 823 2497 878 2524; x_wconf 82' lang='grc' dir='ltr'>τῶν</span> <span class='ocrx_word' id='word_1_658' title='bbox 899 2506 999 2533; x_wconf 87' lang='grc' dir='ltr'>προγε-</span> 
     </span>
    </p>
   </div>
   <div class='ocr_carea' id='block_1_92' title="bbox 249 2573 958 2608">
    <p class='ocr_par' dir='ltr' id='par_1_92' title="bbox 249 2573 958 2608">
     <span class='ocr_line' id='line_1_92' title="bbox 249 2573 958 2608; baseline 0.001 -8"><span class='ocrx_word' id='word_1_659' title='bbox 249 2574 272 2589; x_wconf 87' lang='grc'><strong>⁶¹</strong></span> <span class='ocrx_word' id='word_1_660' title='bbox 291 2573 345 2600; x_wconf 77' lang='lat' dir='ltr'><strong>Jer.</strong></span> <span class='ocrx_word' id='word_1_661' title='bbox 368 2581 415 2605; x_wconf 75' lang='lat' dir='ltr'><strong>xu,</strong></span> <span class='ocrx_word' id='word_1_662' title='bbox 432 2573 474 2600; x_wconf 87' lang='lat' dir='ltr'><strong>l0.</strong></span> <span class='ocrx_word' id='word_1_663' title='bbox 513 2574 535 2589; x_wconf 81' lang='lat'><strong>&quot;</strong></span> <span class='ocrx_word' id='word_1_664' title='bbox 564 2573 617 2600; x_wconf 84' lang='lat' dir='ltr'><strong>lsa.</strong></span> <span class='ocrx_word' id='word_1_665' title='bbox 645 2581 670 2605; x_wconf 89' lang='lat' dir='ltr'><strong>t,</strong></span> <span class='ocrx_word' id='word_1_666' title='bbox 687 2574 714 2600; x_wconf 89' lang='lat'><strong>9.</strong></span> <span class='ocrx_word' id='word_1_667' title='bbox 753 2574 774 2589; x_wconf 80' lang='lat'><strong>&quot;&quot;</strong></span> <span class='ocrx_word' id='word_1_668' title='bbox 792 2574 858 2608; x_wconf 80' lang='lat' dir='ltr'><strong>Agg.</strong></span> <span class='ocrx_word' id='word_1_669' title='bbox 875 2582 910 2607; x_wconf 83' lang='grc' dir='ltr'><strong>ιι,</strong></span> <span class='ocrx_word' id='word_1_670' title='bbox 931 2575 958 2602; x_wconf 91' lang='lat'><strong>7.</strong></span> 
     </span>
    </p>
   </div>
   <div class='ocr_carea' id='block_1_93' title="bbox 213 2649 999 2711">
    <p class='ocr_par' dir='ltr' id='par_1_93' title="bbox 213 2649 999 2711">
     <span class='ocr_line' id='line_1_93' title="bbox 246 2649 999 2690; baseline 0.004 -15"><span class='ocrx_word' id='word_1_671' title='bbox 246 2649 303 2690; x_wconf 50' lang='grc' dir='ltr'>ρει)</span> <span class='ocrx_word' id='word_1_672' title='bbox 314 2649 513 2689; x_wconf 64' lang='grc' dir='ltr'>Πρὸ-Χριστοῦ</span> <span class='ocrx_word' id='word_1_673' title='bbox 527 2658 567 2677; x_wconf 83' lang='grc' dir='ltr'>τε.</span> <span class='ocrx_word' id='word_1_674' title='bbox 577 2650 644 2678; x_wconf 84' lang='lat' dir='ltr'><strong>Tres</strong></span> <span class='ocrx_word' id='word_1_675' title='bbox 657 2651 740 2686; x_wconf 73' lang='lat' dir='ltr'><strong>Rt-gg.</strong></span> <span class='ocrx_word' id='word_1_676' title='bbox 751 2655 777 2678; x_wconf 89' lang='lat' dir='ltr'><strong>et</strong></span> <span class='ocrx_word' id='word_1_677' title='bbox 785 2651 869 2678; x_wconf 86' lang='lat' dir='ltr'><strong>Comb</strong></span> <span class='ocrx_word' id='word_1_678' title='bbox 884 2671 892 2683; x_wconf 87' lang='lat'><strong>,</strong></span> <span class='ocrx_word' id='word_1_679' title='bbox 905 2652 958 2687; x_wconf 82' lang='grc' dir='ltr'>πρό</span> <span class='ocrx_word' id='word_1_680' title='bbox 970 2661 999 2678; x_wconf 80' lang='grc' dir='ltr'><strong>τε</strong></span> 
     </span>
     <span class='ocr_line' id='line_1_94' title="bbox 213 2686 402 2711; baseline -0.005 0"><span class='ocrx_word' id='word_1_681' title='bbox 213 2693 259 2711; x_wconf 62' lang='grc' dir='ltr'>τοι)</span> <span class='ocrx_word' id='word_1_682' title='bbox 275 2686 402 2711; x_wconf 76' lang='grc' dir='ltr'>Χοιστου.</span> 
     </span>
    </p>
   </div>
   <div class='ocr_carea' id='block_1_94' title="bbox 236 2693 999 2756">
    <p class='ocr_par' dir='ltr' id='par_1_94' title="bbox 236 2693 999 2756">
     <span class='ocr_line' id='line_1_95' title="bbox 236 2693 999 2756; baseline 0.003 -10"><span class='ocrx_word' id='word_1_683' title='bbox 471 2717 499 2756; x_wconf 16' lang='grc' dir='ltr'>,ᾖ</span> <span class='ocrx_word' id='word_1_684' title='bbox 519 2719 562 2754; x_wconf 81' lang='grc' dir='ltr'>μὴ</span> <span class='ocrx_word' id='word_1_685' title='bbox 586 2720 792 2756; x_wconf 60' lang='grc' dir='ltr'>ψερδώνυμος.</span> <span class='ocrx_word' id='word_1_686' title='bbox 816 2721 884 2748; x_wconf 76' lang='lat' dir='ltr'><strong>Tres</strong></span> <span class='ocrx_word' id='word_1_687' title='bbox 904 2722 999 2756; x_wconf 44' lang='grc' dir='ltr'><strong>Κρίξῳ,</strong></span> 
     </span>
    </p>
   </div>
   <div class='ocr_carea' id='block_1_95' title="bbox 214 2753 998 2805">
    <p class='ocr_par' dir='ltr' id='par_1_95' title="bbox 214 2753 998 2805">
     <span class='ocr_line' id='line_1_96' title="bbox 214 2753 998 2805; baseline 0.003 -24"><span class='ocrx_word' id='word_1_688' title='bbox 695 2753 834 2789; x_wconf 69' lang='grc' dir='ltr'>ϐόιιιϋοί.,</span> <span class='ocrx_word' id='word_1_689' title='bbox 866 2753 998 2792; x_wconf 59' lang='grc' dir='ltr'>ψευδόμε-</span> 
     </span>
    </p>
   </div>
   <div class='ocr_carea' id='block_1_96' title="bbox 214 2792 998 2885">
    <p class='ocr_par' dir='ltr' id='par_1_96' title="bbox 214 2792 998 2885">
     <span class='ocr_line' id='line_1_97' title="bbox 214 2792 628 2834; baseline 0 -18"><span class='ocrx_word' id='word_1_690' title='bbox 214 2798 259 2820; x_wconf 91' lang='grc' dir='ltr'><strong>νος</strong></span> <span class='ocrx_word' id='word_1_691' title='bbox 321 2799 329 2815; x_wconf 79' lang='grc' dir='ltr'><strong>ι</strong></span> <span class='ocrx_word' id='word_1_692' title='bbox 351 2792 400 2817; x_wconf 90' lang='lat' dir='ltr'><strong>nisi</strong></span> <span class='ocrx_word' id='word_1_693' title='bbox 416 2792 451 2816; x_wconf 80' lang='lat' dir='ltr'><strong>sit</strong></span> <span class='ocrx_word' id='word_1_694' title='bbox 468 2792 593 2818; x_wconf 63' lang='lat' dir='ltr'><strong>utendas.</strong></span> <span class='ocrx_word' id='word_1_695' title='bbox 619 2801 628 2816; x_wconf 83' lang='grc'><strong>›</strong></span> 
     </span>
     <span class='ocr_line' id='line_1_98' title="bbox 216 2824 998 2885; baseline 0.003 0"><span class='ocrx_word' id='word_1_696' title='bbox 216 2824 327 2885; x_wconf 40' lang='lat' dir='ltr'><strong>milii.</strong></span> <span class='ocrx_word' id='word_1_697' title='bbox 336 2826 397 2885; x_wconf 57' lang='grc' dir='ltr'><strong>Ἂν.</strong></span> <span class='ocrx_word' id='word_1_698' title='bbox 409 2825 547 2885; x_wconf 60' lang='grc' dir='ltr'><strong>ῗῗῖῖῗίὲιῖἶῖ</strong></span> <span class='ocrx_word' id='word_1_699' title='bbox 559 2825 753 2885; x_wconf 63' lang='grc' dir='ltr'><strong>δῗίὲγὲὲ¹ςί22¹¹⁸</strong></span> <span class='ocrx_word' id='word_1_700' title='bbox 768 2825 863 2862; x_wconf 55' lang='lat'><strong>3°33&quot;</strong></span> 
     </span>
    </p>
   </div>
   <div class='ocr_carea' id='block_1_97' title="bbox 216 2860 720 2894">
    <p class='ocr_par' dir='ltr' id='par_1_97' title="bbox 216 2860 720 2894">
     <span class='ocr_line' id='line_1_99' title="bbox 216 2860 720 2894; baseline 0.004 -9"><span class='ocrx_word' id='word_1_701' title='bbox 216 2860 290 2886; x_wconf 62' lang='lat' dir='ltr'><strong>iTolb.</strong></span> <span class='ocrx_word' id='word_1_702' title='bbox 303 2864 327 2886; x_wconf 91' lang='lat' dir='ltr'><strong>el</strong></span> <span class='ocrx_word' id='word_1_703' title='bbox 350 2860 397 2886; x_wconf 85' lang='lat' dir='ltr'><strong>0r.</strong></span> <span class='ocrx_word' id='word_1_704' title='bbox 411 2861 435 2887; x_wconf 84' lang='grc' dir='ltr'><strong>Ι.</strong></span> <span class='ocrx_word' id='word_1_705' title='bbox 450 2860 478 2886; x_wconf 89' lang='lat' dir='ltr'><strong>In</strong></span> <span class='ocrx_word' id='word_1_706' title='bbox 493 2860 547 2890; x_wconf 82' lang='lat' dir='ltr'><strong>ed.,</strong></span> <span class='ocrx_word' id='word_1_707' title='bbox 559 2861 720 2894; x_wconf 78' lang='grc' dir='ltr'>δι’ἁγνοὶας.</span> 
     </span>
    </p>
   </div>
   <div class='ocr_carea' id='block_1_98' title="bbox 237 2895 1002 2934">
    <p class='ocr_par' dir='ltr' id='par_1_98' title="bbox 237 2895 1002 2934">
     <span class='ocr_line' id='line_1_100' title="bbox 237 2895 1002 2934; baseline 0 -13"><span class='ocrx_word' id='word_1_708' title='bbox 237 2895 307 2934; x_wconf 41' lang='grc'><strong>.(57)</strong></span> <span class='ocrx_word' id='word_1_709' title='bbox 321 2895 380 2934; x_wconf 62' lang='grc' dir='ltr'><strong>Τῶν</strong></span> <span class='ocrx_word' id='word_1_710' title='bbox 391 2895 598 2934; x_wconf 42' lang='grc' dir='ltr'>κρατορντων..</span> <span class='ocrx_word' id='word_1_711' title='bbox 608 2906 616 2921; x_wconf 77' lang='grc' dir='ltr'><strong>ι</strong></span> <span class='ocrx_word' id='word_1_712' title='bbox 634 2895 848 2934; x_wconf 55' lang='lat' dir='ltr'><strong>Intperatoribtts.</strong></span> <span class='ocrx_word' id='word_1_713' title='bbox 861 2906 870 2921; x_wconf 77' lang='grc' dir='ltr'><strong>ι</strong></span> <span class='ocrx_word' id='word_1_714' title='bbox 887 2896 932 2934; x_wconf 81' lang='lat' dir='ltr'><strong>_S_ic</strong></span> <span class='ocrx_word' id='word_1_715' title='bbox 947 2904 1002 2934; x_wconf 86' lang='lat' dir='ltr'><strong>nta-</strong></span> 
     </span>
    </p>
   </div>
   <div class='ocr_carea' id='block_1_99' title="bbox 219 2931 1002 2965">
    <p class='ocr_par' dir='ltr' id='par_1_99' title="bbox 219 2931 1002 2965">
     <span class='ocr_line' id='line_1_101' title="bbox 219 2931 1002 2965; baseline 0.004 -9"><span class='ocrx_word' id='word_1_716' title='bbox 219 2931 288 2957; x_wconf 78' lang='lat' dir='ltr'><strong>time</strong></span> <span class='ocrx_word' id='word_1_717' title='bbox 301 2931 379 2959; x_wconf 86' lang='lat' dir='ltr'><strong>tritus</strong></span> <span class='ocrx_word' id='word_1_718' title='bbox 391 2937 431 2959; x_wconf 88' lang='lat' dir='ltr'><strong>est</strong></span> <span class='ocrx_word' id='word_1_719' title='bbox 445 2931 524 2965; x_wconf 72' lang='lat' dir='ltr'><strong>huius</strong></span> <span class='ocrx_word' id='word_1_720' title='bbox 541 2931 614 2959; x_wconf 84' lang='lat' dir='ltr'><strong>vocis</strong></span> <span class='ocrx_word' id='word_1_721' title='bbox 634 2939 706 2959; x_wconf 73' lang='lat' dir='ltr'><strong>usus.</strong></span> <span class='ocrx_word' id='word_1_722' title='bbox 724 2931 816 2959; x_wconf 87' lang='lat' dir='ltr'><strong>Billius</strong></span> <span class='ocrx_word' id='word_1_723' title='bbox 832 2939 839 2959; x_wconf 88' lang='lat'><strong>:</strong></span> <span class='ocrx_word' id='word_1_724' title='bbox 860 2940 868 2958; x_wconf 74' lang='grc' dir='ltr'><strong>ι</strong></span> <span class='ocrx_word' id='word_1_725' title='bbox 890 2931 1002 2960; x_wconf 69' lang='lat' dir='ltr'><strong>llacreti-</strong></span> 
     </span>
    </p>
   </div>
   <div class='ocr_carea' id='block_1_100' title="bbox 1050 2169 1833 2212">
    <p class='ocr_par' dir='ltr' id='par_1_100' title="bbox 1050 2169 1833 2212">
     <span class='ocr_line' id='line_1_102' title="bbox 1050 2169 1833 2212; baseline -0.014 -9"><span class='ocrx_word' id='word_1_726' title='bbox 1050 2175 1217 2212; x_wconf 86' lang='lat' dir='ltr'><strong>pronuntiat,</strong></span> <span class='ocrx_word' id='word_1_727' title='bbox 1230 2179 1258 2201; x_wconf 92' lang='lat' dir='ltr'><strong>ut</strong></span> <span class='ocrx_word' id='word_1_728' title='bbox 1269 2173 1365 2201; x_wconf 85' lang='lat' dir='ltr'><strong>coelunt</strong></span> <span class='ocrx_word' id='word_1_729' title='bbox 1375 2177 1402 2200; x_wconf 90' lang='lat' dir='ltr'><strong>et</strong></span> <span class='ocrx_word' id='word_1_730' title='bbox 1412 2177 1483 2199; x_wconf 89' lang='lat' dir='ltr'><strong>terra</strong></span> <span class='ocrx_word' id='word_1_731' title='bbox 1495 2169 1693 2200; x_wconf 81' lang='lat' dir='ltr'><strong>moveantur&quot;,</strong></span> <span class='ocrx_word' id='word_1_732' title='bbox 1706 2173 1833 2201; x_wconf 87' lang='lat' dir='ltr'><strong>tanquam</strong></span> 
     </span>
    </p>
   </div>
   <div class='ocr_carea' id='block_1_101' title="bbox 1051 2214 1833 2258">
    <p class='ocr_par' dir='ltr' id='par_1_101' title="bbox 1051 2214 1833 2258">
     <span class='ocr_line' id='line_1_103' title="bbox 1051 2214 1833 2258; baseline -0.012 -9"><span class='ocrx_word' id='word_1_733' title='bbox 1051 2223 1076 2250; x_wconf 91' lang='lat' dir='ltr'><strong>id</strong></span> <span class='ocrx_word' id='word_1_734' title='bbox 1087 2230 1194 2258; x_wconf 88' lang='lat' dir='ltr'><strong>quoque</strong></span> <span class='ocrx_word' id='word_1_735' title='bbox 1211 2222 1275 2256; x_wconf 89' lang='lat' dir='ltr'><strong>ipsis</strong></span> <span class='ocrx_word' id='word_1_736' title='bbox 1286 2225 1364 2248; x_wconf 88' lang='lat' dir='ltr'><strong>antea</strong></span> <span class='ocrx_word' id='word_1_737' title='bbox 1377 2219 1437 2258; x_wconf 13' lang='lat' dir='ltr'><strong>jam,</strong></span> <span class='ocrx_word' id='word_1_738' title='bbox 1450 2217 1609 2253; x_wconf 76' lang='lat' dir='ltr'><strong>contigerit;</strong></span> <span class='ocrx_word' id='word_1_739' title='bbox 1624 2216 1720 2250; x_wconf 86' lang='lat' dir='ltr'><strong>quibus</strong></span> <span class='ocrx_word' id='word_1_740' title='bbox 1733 2214 1833 2246; x_wconf 79' lang='lat' dir='ltr'><strong>verbis,</strong></span> 
     </span>
    </p>
   </div>
   <div class='ocr_carea' id='block_1_102' title="bbox 1051 2256 1836 2303">
    <p class='ocr_par' dir='ltr' id='par_1_102' title="bbox 1051 2256 1836 2303">
     <span class='ocr_line' id='line_1_104' title="bbox 1051 2256 1836 2303; baseline -0.01 -8"><span class='ocrx_word' id='word_1_741' title='bbox 1051 2277 1110 2296; x_wconf 75' lang='lat' dir='ltr'><strong>mea</strong></span> <span class='ocrx_word' id='word_1_742' title='bbox 1131 2269 1238 2303; x_wconf 83' lang='lat' dir='ltr'><strong>quidem</strong></span> <span class='ocrx_word' id='word_1_743' title='bbox 1255 2266 1387 2294; x_wconf 83' lang='lat' dir='ltr'><strong>sententia</strong></span> <span class='ocrx_word' id='word_1_744' title='bbox 1398 2285 1407 2299; x_wconf 93' lang='lat'><strong>,</strong></span> <span class='ocrx_word' id='word_1_745' title='bbox 1431 2256 1544 2292; x_wconf 72' lang='lat' dir='ltr'><strong>illustris</strong></span> <span class='ocrx_word' id='word_1_746' title='bbox 1564 2271 1654 2290; x_wconf 89' lang='lat' dir='ltr'><strong>rerum</strong></span> <span class='ocrx_word' id='word_1_747' title='bbox 1671 2262 1784 2289; x_wconf 90' lang='lat' dir='ltr'><strong>mutatio</strong></span> <span class='ocrx_word' id='word_1_748' title='bbox 1798 2261 1836 2288; x_wconf 87' lang='lat' dir='ltr'><strong>si-</strong></span> 
     </span>
    </p>
   </div>
   <div class='ocr_carea' id='block_1_103' title="bbox 1051 2307 1835 2351">
    <p class='ocr_par' dir='ltr' id='par_1_103' title="bbox 1051 2307 1835 2351">
     <span class='ocr_line' id='line_1_105' title="bbox 1051 2307 1835 2351; baseline -0.011 -9"><span class='ocrx_word' id='word_1_749' title='bbox 1051 2315 1205 2351; x_wconf 83' lang='lat' dir='ltr'><strong>guil‘tcatur.</strong></span> <span class='ocrx_word' id='word_1_750' title='bbox 1220 2313 1301 2350; x_wconf 70' lang='grc'><strong>402</strong></span> <span class='ocrx_word' id='word_1_751' title='bbox 1314 2313 1403 2347; x_wconf 80' lang='lat' dir='ltr'><strong>Atque</strong></span> <span class='ocrx_word' id='word_1_752' title='bbox 1424 2311 1505 2339; x_wconf 84' lang='lat' dir='ltr'><strong>etiam</strong></span> <span class='ocrx_word' id='word_1_753' title='bbox 1521 2310 1604 2337; x_wconf 87' lang='lat' dir='ltr'><strong>Pattlo</strong></span> <span class='ocrx_word' id='word_1_754' title='bbox 1627 2309 1692 2335; x_wconf 82' lang='lat' dir='ltr'><strong>ﬁdes</strong></span> <span class='ocrx_word' id='word_1_755' title='bbox 1712 2307 1835 2335; x_wconf 87' lang='lat' dir='ltr'><strong>ltabenda</strong></span> 
     </span>
    </p>
   </div>
   <div class='ocr_carea' id='block_1_104' title="bbox 1051 2353 1834 2397">
    <p class='ocr_par' dir='ltr' id='par_1_104' title="bbox 1051 2353 1834 2397">
     <span class='ocr_line' id='line_1_106' title="bbox 1051 2353 1834 2397; baseline -0.011 -8"><span class='ocrx_word' id='word_1_756' title='bbox 1051 2367 1108 2393; x_wconf 89' lang='lat' dir='ltr'><strong>est,</strong></span> <span class='ocrx_word' id='word_1_757' title='bbox 1123 2366 1288 2397; x_wconf 83' lang='lat' dir='ltr'><strong>postremum</strong></span> <span class='ocrx_word' id='word_1_758' title='bbox 1302 2364 1380 2386; x_wconf 73' lang='lat' dir='ltr'><strong>terrae</strong></span> <span class='ocrx_word' id='word_1_759' title='bbox 1395 2363 1497 2385; x_wconf 88' lang='lat' dir='ltr'><strong>ntotum</strong></span> <span class='ocrx_word' id='word_1_760' title='bbox 1512 2356 1578 2384; x_wconf 91' lang='lat' dir='ltr'><strong>nibil</strong></span> <span class='ocrx_word' id='word_1_761' title='bbox 1600 2355 1670 2382; x_wconf 88' lang='lat' dir='ltr'><strong>aliud</strong></span> <span class='ocrx_word' id='word_1_762' title='bbox 1687 2355 1744 2382; x_wconf 76' lang='lat' dir='ltr'><strong>{ore</strong></span> <span class='ocrx_word' id='word_1_763' title='bbox 1762 2353 1834 2381; x_wconf 82' lang='lat' dir='ltr'><strong>alIir~</strong></span> 
     </span>
    </p>
   </div>
   <div class='ocr_carea' id='block_1_105' title="bbox 1051 2400 1835 2441">
    <p class='ocr_par' dir='ltr' id='par_1_105' title="bbox 1051 2400 1835 2441">
     <span class='ocr_line' id='line_1_107' title="bbox 1051 2400 1835 2441; baseline -0.01 -7"><span class='ocrx_word' id='word_1_764' title='bbox 1051 2409 1147 2438; x_wconf 77' lang='lat' dir='ltr'><strong>manli,</strong></span> <span class='ocrx_word' id='word_1_765' title='bbox 1164 2414 1244 2441; x_wconf 88' lang='lat' dir='ltr'><strong>quam</strong></span> <span class='ocrx_word' id='word_1_766' title='bbox 1267 2404 1414 2433; x_wconf 89' lang='lat' dir='ltr'><strong>secundum</strong></span> <span class='ocrx_word' id='word_1_767' title='bbox 1431 2403 1530 2431; x_wconf 86' lang='lat' dir='ltr'><strong>Cbristi</strong></span> <span class='ocrx_word' id='word_1_768' title='bbox 1557 2402 1712 2432; x_wconf 86' lang='lat' dir='ltr'><strong>adventum,</strong></span> <span class='ocrx_word' id='word_1_769' title='bbox 1726 2400 1835 2428; x_wconf 90' lang='lat' dir='ltr'><strong>mundi-</strong></span> 
     </span>
    </p>
   </div>
   <div class='ocr_carea' id='block_1_106' title="bbox 1051 2447 1834 2487">
    <p class='ocr_par' dir='ltr' id='par_1_106' title="bbox 1051 2447 1834 2487">
     <span class='ocr_line' id='line_1_108' title="bbox 1051 2447 1834 2487; baseline -0.005 -9"><span class='ocrx_word' id='word_1_770' title='bbox 1051 2461 1103 2487; x_wconf 87' lang='lat' dir='ltr'><strong>que</strong></span> <span class='ocrx_word' id='word_1_771' title='bbox 1122 2452 1201 2486; x_wconf 81' lang='lat' dir='ltr'><strong>hujus</strong></span> <span class='ocrx_word' id='word_1_772' title='bbox 1217 2451 1444 2482; x_wconf 84' lang='lat' dir='ltr'><strong>immutationem,</strong></span> <span class='ocrx_word' id='word_1_773' title='bbox 1456 2449 1577 2484; x_wconf 86' lang='lat' dir='ltr'><strong>atquein</strong></span> <span class='ocrx_word' id='word_1_774' title='bbox 1593 2447 1763 2482; x_wconf 88' lang='lat' dir='ltr'><strong>tranquillum</strong></span> <span class='ocrx_word' id='word_1_775' title='bbox 1778 2451 1834 2474; x_wconf 80' lang='lat' dir='ltr'><strong>sta-</strong></span> 
     </span>
    </p>
   </div>
   <div class='ocr_carea' id='block_1_107' title="bbox 1052 2493 1832 2530">
    <p class='ocr_par' dir='ltr' id='par_1_107' title="bbox 1052 2493 1832 2530">
     <span class='ocr_line' id='line_1_109' title="bbox 1052 2493 1832 2530; baseline -0.006 -6"><span class='ocrx_word' id='word_1_776' title='bbox 1052 2504 1119 2530; x_wconf 89' lang='lat' dir='ltr'><strong>lutn,</strong></span> <span class='ocrx_word' id='word_1_777' title='bbox 1133 2502 1161 2524; x_wconf 86' lang='lat' dir='ltr'><strong>et</strong></span> <span class='ocrx_word' id='word_1_778' title='bbox 1175 2497 1209 2524; x_wconf 90' lang='lat' dir='ltr'><strong>ab</strong></span> <span class='ocrx_word' id='word_1_779' title='bbox 1226 2497 1298 2524; x_wconf 90' lang='lat' dir='ltr'><strong>omni</strong></span> <span class='ocrx_word' id='word_1_780' title='bbox 1316 2500 1391 2524; x_wconf 89' lang='lat' dir='ltr'><strong>motu</strong></span> <span class='ocrx_word' id='word_1_781' title='bbox 1403 2499 1432 2523; x_wconf 87' lang='lat' dir='ltr'><strong>et</strong></span> <span class='ocrx_word' id='word_1_782' title='bbox 1446 2494 1591 2530; x_wconf 84' lang='lat' dir='ltr'><strong>agitatione</strong></span> <span class='ocrx_word' id='word_1_783' title='bbox 1602 2493 1726 2525; x_wconf 87' lang='lat' dir='ltr'><strong>liberum,</strong></span> <span class='ocrx_word' id='word_1_784' title='bbox 1743 2498 1832 2520; x_wconf 86' lang='lat' dir='ltr'><strong>trans-</strong></span> 
     </span>
    </p>
   </div>
   <div class='ocr_carea' id='block_1_108' title="bbox 1053 2649 1407 2682">
    <p class='ocr_par' dir='ltr' id='par_1_108' title="bbox 1053 2649 1407 2682">
     <span class='ocr_line' id='line_1_110' title="bbox 1053 2649 1407 2682; baseline -0.006 -5"><span class='ocrx_word' id='word_1_785' title='bbox 1053 2652 1093 2678; x_wconf 83' lang='lat' dir='ltr'><strong>cis</strong></span> <span class='ocrx_word' id='word_1_786' title='bbox 1103 2658 1193 2677; x_wconf 89' lang='lat' dir='ltr'><strong>rerum</strong></span> <span class='ocrx_word' id='word_1_787' title='bbox 1210 2649 1384 2682; x_wconf 83' lang='lat' dir='ltr'><strong>potientibus.</strong></span> <span class='ocrx_word' id='word_1_788' title='bbox 1398 2659 1407 2675; x_wconf 79' lang='grc' dir='ltr'><strong>ι</strong></span> 
     </span>
    </p>
   </div>
   <div class='ocr_carea' id='block_1_109' title="bbox 1088 2681 1836 2722">
    <p class='ocr_par' dir='ltr' id='par_1_109' title="bbox 1088 2681 1836 2722">
     <span class='ocr_line' id='line_1_111' title="bbox 1088 2681 1836 2722; baseline -0.007 -9"><span class='ocrx_word' id='word_1_789' title='bbox 1088 2686 1144 2722; x_wconf 83' lang='lat'><strong>(58)</strong></span> <span class='ocrx_word' id='word_1_790' title='bbox 1158 2681 1387 2722; x_wconf 66' lang='grc' dir='ltr'>Σειέγθήᾳεσρᾳι.</span> <span class='ocrx_word' id='word_1_791' title='bbox 1399 2683 1487 2712; x_wconf 86' lang='lat' dir='ltr'><strong>Semel</strong></span> <span class='ocrx_word' id='word_1_792' title='bbox 1498 2688 1526 2710; x_wconf 87' lang='lat' dir='ltr'><strong>et</strong></span> <span class='ocrx_word' id='word_1_793' title='bbox 1539 2683 1640 2722; x_wconf 69' lang='lat' dir='ltr'><strong>iterum</strong></span> <span class='ocrx_word' id='word_1_794' title='bbox 1662 2681 1757 2722; x_wconf 71' lang='lat' dir='ltr'><strong>Billius</strong></span> <span class='ocrx_word' id='word_1_795' title='bbox 1778 2691 1787 2707; x_wconf 70' lang='grc' dir='ltr'><strong>ε</strong></span> <span class='ocrx_word' id='word_1_796' title='bbox 1802 2681 1836 2722; x_wconf 77' lang='lat' dir='ltr'><strong>de</strong></span> 
     </span>
    </p>
   </div>
   <div class='ocr_carea' id='block_1_110' title="bbox 1055 2717 1835 2754">
    <p class='ocr_par' dir='ltr' id='par_1_110' title="bbox 1055 2717 1835 2754">
     <span class='ocr_line' id='line_1_112' title="bbox 1055 2717 1835 2754; baseline -0.005 -7"><span class='ocrx_word' id='word_1_797' title='bbox 1055 2717 1221 2747; x_wconf 48' lang='lat' dir='ltr'><strong>ler‘rie&#39;ntotu</strong></span> <span class='ocrx_word' id='word_1_798' title='bbox 1240 2729 1249 2746; x_wconf 83' lang='lat' dir='ltr'><strong>t</strong></span> <span class='ocrx_word' id='word_1_799' title='bbox 1268 2719 1402 2754; x_wconf 81' lang='lat' dir='ltr'><strong>intelligit,</strong></span> <span class='ocrx_word' id='word_1_800' title='bbox 1430 2724 1512 2753; x_wconf 86' lang='lat' dir='ltr'><strong>atque</strong></span> <span class='ocrx_word' id='word_1_801' title='bbox 1538 2719 1730 2754; x_wconf 76' lang='lat' dir='ltr'><strong>interpretatur</strong></span> <span class='ocrx_word' id='word_1_802' title='bbox 1745 2717 1835 2751; x_wconf 67' lang='lat' dir='ltr'><strong>Aggtei</strong></span> 
     </span>
    </p>
   </div>
   <div class='ocr_carea' id='block_1_111' title="bbox 1055 2753 1837 2789">
    <p class='ocr_par' dir='ltr' id='par_1_111' title="bbox 1055 2753 1837 2789">
     <span class='ocr_line' id='line_1_113' title="bbox 1055 2753 1837 2789; baseline -0.005 -7"><span class='ocrx_word' id='word_1_803' title='bbox 1055 2758 1153 2788; x_wconf 80' lang='lat' dir='ltr'><strong>Inculti,</strong></span> <span class='ocrx_word' id='word_1_804' title='bbox 1171 2756 1218 2789; x_wconf 87' lang='lat' dir='ltr'><strong>qui</strong></span> <span class='ocrx_word' id='word_1_805' title='bbox 1234 2760 1322 2781; x_wconf 88' lang='lat' dir='ltr'><strong>tamen</strong></span> <span class='ocrx_word' id='word_1_806' title='bbox 1345 2753 1533 2789; x_wconf 80' lang='lat' dir='ltr'><strong>intelligendus</strong></span> <span class='ocrx_word' id='word_1_807' title='bbox 1559 2754 1666 2789; x_wconf 82' lang='lat' dir='ltr'><strong>videtur</strong></span> <span class='ocrx_word' id='word_1_808' title='bbox 1683 2761 1692 2778; x_wconf 82' lang='lat'><strong>(</strong></span> <span class='ocrx_word' id='word_1_809' title='bbox 1715 2753 1748 2779; x_wconf 91' lang='lat' dir='ltr'><strong>de</strong></span> <span class='ocrx_word' id='word_1_810' title='bbox 1763 2760 1837 2778; x_wconf 90' lang='lat' dir='ltr'><strong>com-</strong></span> 
     </span>
    </p>
   </div>
   <div class='ocr_carea' id='block_1_112' title="bbox 1056 2788 1835 2823">
    <p class='ocr_par' dir='ltr' id='par_1_112' title="bbox 1056 2788 1835 2823">
     <span class='ocr_line' id='line_1_114' title="bbox 1056 2788 1835 2823; baseline -0.004 -6"><span class='ocrx_word' id='word_1_811' title='bbox 1056 2788 1407 2818; x_wconf 36' lang='lat' dir='ltr'><strong>tnotioue&#39;elconcussione</strong></span> <span class='ocrx_word' id='word_1_812' title='bbox 1435 2788 1542 2823; x_wconf 82' lang='lat' dir='ltr'><strong>inagna.</strong></span> <span class='ocrx_word' id='word_1_813' title='bbox 1570 2788 1624 2814; x_wconf 77' lang='grc' dir='ltr'>»ιιι</span> <span class='ocrx_word' id='word_1_814' title='bbox 1652 2795 1767 2822; x_wconf 86' lang='lat' dir='ltr'><strong>namque</strong></span> <span class='ocrx_word' id='word_1_815' title='bbox 1795 2788 1835 2814; x_wconf 82' lang='lat' dir='ltr'><strong>sic</strong></span> 
     </span>
    </p>
   </div>
   <div class='ocr_carea' id='block_1_113' title="bbox 1056 2822 1836 2859">
    <p class='ocr_par' dir='ltr' id='par_1_113' title="bbox 1056 2822 1836 2859">
     <span class='ocr_line' id='line_1_115' title="bbox 1056 2822 1836 2859; baseline -0.006 -7"><span class='ocrx_word' id='word_1_816' title='bbox 1056 2825 1171 2852; x_wconf 79' lang='lat' dir='ltr'><strong>reddunt</strong></span> <span class='ocrx_word' id='word_1_817' title='bbox 1205 2832 1299 2851; x_wconf 86' lang='lat' dir='ltr'><strong>omnes</strong></span> <span class='ocrx_word' id='word_1_818' title='bbox 1329 2822 1674 2859; x_wconf 18' lang='lat' dir='ltr'><strong>Scriptum,interpretes.</strong></span> <span class='ocrx_word' id='word_1_819' title='bbox 1705 2822 1836 2857; x_wconf 85' lang='lat' dir='ltr'><strong>Loquitur</strong></span> 
     </span>
    </p>
   </div>
   <div class='ocr_carea' id='block_1_114' title="bbox 1053 2858 1836 2894">
    <p class='ocr_par' dir='ltr' id='par_1_114' title="bbox 1053 2858 1836 2894">
     <span class='ocr_line' id='line_1_116' title="bbox 1053 2858 1836 2894; baseline -0.004 -7"><span class='ocrx_word' id='word_1_820' title='bbox 1053 2860 1200 2894; x_wconf 75' lang='lat' dir='ltr'><strong>Gregorius</strong></span> <span class='ocrx_word' id='word_1_821' title='bbox 1215 2860 1247 2886; x_wconf 83' lang='lat' dir='ltr'><strong>tle</strong></span> <span class='ocrx_word' id='word_1_822' title='bbox 1266 2858 1498 2886; x_wconf 81' lang='lat' dir='ltr'><strong>turbulentissinta</strong></span> <span class='ocrx_word' id='word_1_823' title='bbox 1517 2858 1560 2884; x_wconf 84' lang='lat' dir='ltr'><strong>illa</strong></span> <span class='ocrx_word' id='word_1_824' title='bbox 1581 2863 1750 2894; x_wconf 77' lang='lat' dir='ltr'><strong>tempestate,</strong></span> <span class='ocrx_word' id='word_1_825' title='bbox 1776 2864 1836 2894; x_wconf 71' lang='lat' dir='ltr'><strong>qua!</strong></span> 
     </span>
    </p>
   </div>
   <div class='ocr_carea' id='block_1_115' title="bbox 1052 2892 1836 2930">
    <p class='ocr_par' dir='ltr' id='par_1_115' title="bbox 1052 2892 1836 2930">
     <span class='ocr_line' id='line_1_117' title="bbox 1052 2892 1836 2930; baseline -0.004 -8"><span class='ocrx_word' id='word_1_826' title='bbox 1052 2892 1174 2930; x_wconf 80' lang='lat' dir='ltr'><strong>contigit,</strong></span> <span class='ocrx_word' id='word_1_827' title='bbox 1201 2903 1261 2930; x_wconf 77' lang='lat' dir='ltr'><strong>cum</strong></span> <span class='ocrx_word' id='word_1_828' title='bbox 1277 2895 1450 2922; x_wconf 81' lang='lat' dir='ltr'><strong>Constantius</strong></span> <span class='ocrx_word' id='word_1_829' title='bbox 1474 2892 1708 2930; x_wconf 18' lang='lat' dir='ltr'><strong>ctrAriani,’ejus</strong></span> <span class='ocrx_word' id='word_1_830' title='bbox 1734 2892 1836 2920; x_wconf 76' lang='lat' dir='ltr'><strong>auxilio</strong></span> 
     </span>
    </p>
   </div>
   <div class='ocr_carea' id='block_1_116' title="bbox 1052 2929 1622 2965">
    <p class='ocr_par' dir='ltr' id='par_1_116' title="bbox 1052 2929 1622 2965">
     <span class='ocr_line' id='line_1_118' title="bbox 1052 2929 1622 2965; baseline -0.005 -6"><span class='ocrx_word' id='word_1_831' title='bbox 1052 2929 1174 2964; x_wconf 41' lang='lat' dir='ltr'><strong>lreti,’lot</strong></span> <span class='ocrx_word' id='word_1_832' title='bbox 1187 2930 1212 2959; x_wconf 89' lang='lat' dir='ltr'><strong>in</strong></span> <span class='ocrx_word' id='word_1_833' title='bbox 1225 2929 1344 2958; x_wconf 66' lang='lat' dir='ltr'><strong>Ecclesia</strong></span> <span class='ocrx_word' id='word_1_834' title='bbox 1357 2934 1460 2965; x_wconf 79' lang='lat' dir='ltr'><strong>strages</strong></span> <span class='ocrx_word' id='word_1_835' title='bbox 1470 2929 1622 2958; x_wconf 84' lang='lat' dir='ltr'><strong>ediderunt.</strong></span> 
     </span>
    </p>
   </div>
  </div>
