2060 3140
277 194 344 220 Ηίό

880 199 910 227 5.
931 196 1096 227 GREGORII
1113 197 1284 228 TlIEOLOGl

1833 196 1902 224 “16

275 250 410 284 gnitudini
423 252 604 286 respondens;
617 253 660 280 cui
673 253 754 281 etiam
766 255 842 282 urbis
852 256 1064 289 administratio.

1120 265 1162 282 ναι
1179 256 1208 283 τὸ
1224 256 1326 292 πλῆθος
1340 256 1462 291 ἄπειρον,
1480 257 1527 283 καὶ
1543 253 1598 282 οἷόν
1612 264 1638 282 τι
1652 255 1770 290 πέλαγος
1783 255 1832 290 οὐχ
1843 254 1902 290 ὑρί-

277 301 333 322 tum
365 297 464 324 civium
497 303 602 331 rogatu,
621 303 676 326 tum
703 300 876 335 imperatoris
904 303 1009 331 calculo
1037 308 1064 331 et

277 343 431 372 sententia.
453 350 547 370 rursus
572 345 698 373 mandata
727 345 825 374 fuerat.
854 347 921 374 Tum
946 348 1028 382 igitur
1049 358 1065 377 e

277 388 356 422 vulgo
369 389 515 423 quispiam,
529 390 571 417 cui
586 391 690 419 infinita
707 393 851 421 multitudo
865 395 1017 428 videbatur,
1034 403 1065 423 ac

277 433 350 459 velut
361 433 471 468 pelagus
483 435 618 469 quoddam
632 437 718 465 oculis
726 438 934 474 haudquaquam
948 440 1065 468 circnm-

277 479 427 513 scriptum,
444 481 478 507 ad
493 482 608 508 amicmn
626 484 769 517 quemdam
793 489 820 512 et
836 485 995 513 familiarem
1006 507 1013 519 .
1036 491 1065 514 ut

278 525 303 550 in
326 525 477 559 hujusmodi
493 528 572 556 rebus
585 529 709 556 accidere
722 530 809 562 solet,
826 531 864 558 ita
884 532 990 559 locutus
1003 540 1064 561 esse

277 571 364 597 fertur
379 580 386 598 :
405 581 415 597 ί
434 572 482 600 Dic
500 574 564 601 mihi
577 594 584 606 ,
601 575 642 601 vir
655 576 758 609 optimc
769 595 776 608 .
791 580 929 604 tantamne
944 586 1063 610 unquam

277 617 366 650 populi
392 618 590 652 multitudinem
617 620 722 652 vidisti,
751 626 860 657 tamque
883 623 1064 651 concordibus

276 664 375 690 animis
385 664 417 691 ad
432 672 514 691 unum
532 666 670 694 hominem
685 668 837 695 ornandum
859 669 972 696 ell‘usam
986 669 1001 696 ?
1014 670 1065 698 Mi-

278 708 362 740 nime,
385 709 472 744 inquit
493 710 610 744 juvenis.
633 713 673 740 Ac
688 720 721 741 ne
746 714 936 742 Constantiqu
954 717 1063 751 quidem

278 755 364 787 ipsum
377 757 435 789 pari
448 757 653 785 honoriﬁcentia
666 764 808 794 exceptum
823 760 908 788 fuisse
917 761 1013 795 opinor
1027 772 1034 789 :
1052 771 1061 789 ι

278 807 405 836 tanquam
424 803 547 830 videlicet
563 812 611 839 per
631 805 803 839 imperatoris
819 814 917 834 nomen
934 815 1060 836 summus

278 848 390 875 honoris
417 854 509 876 vertex
535 851 745 885 signiﬁcaretur.
767 852 835 879 Tum
863 853 908 881 ille
934 861 1064 888 perquam

278 894 398 921 suaviter
422 896 566 924 arridens:
599 906 609 922 ‹
624 897 694 930 Quid
717 898 768 931 ais,
794 899 892 934 inquit,
909 901 984 935 quasi
1010 908 1065 927 ma-

1116 300 1161 332 ζον
1175 300 1228 335 (82)
1244 303 1300 333 τοῖς
1314 300 1473 335 ὀφθαλμοῖς,
1491 301 1558 336 πρός
1574 309 1635 327 τινα
1648 300 1755 334 λέγεται
1772 299 1825 326 τῶν
1837 300 1903 326 ἑαυ-

1115 347 1162 373 τοῦ
1183 346 1306 382 συνήθων
1325 347 1373 373 καὶ
1393 346 1488 381 φίλων,
1503 346 1517 372 ὃ
1534 346 1606 381 φιλεῖ
1627 346 1786 382 συμὸαίνειν
1804 346 1833 371 ὲν
1845 346 1903 376 τοῖς

1115 392 1255 424 τοιούτοις,
1286 393 1386 419 εἰπεῖν’
1414 392 1502 418 «Εἰπέ
1531 401 1585 427 μοι,
1615 389 1637 418 ὦ
1668 387 1808 427 βέλτιστε·
1831 390 1901 425 Ἤδη

1116 438 1182 465 ποτὲ
1193 439 1320 465 τεθέασαι
1330 439 1362 473 δῆ
1368 448 1415 474 μον
1425 438 1550 465 τοσοῦτον
1559 439 1604 465 καὶ
1613 438 1698 469 οὕτως
1707 437 1826 473 ἔμψυχον
1835 436 1901 472 (85).

1115 486 1158 519 ἐφ’
1180 485 1239 516 ἐνὸς
1262 484 1407 520 ἀνθρώπου
1432 486 1498 520 τιμῇ
1525 484 1658 519 χυθέντα;
1674 483 1791 517 -Οὓ,›
1819 483 1902 517 φάναι

1115 531 1160 557 τὸν
1175 531 1298 557 νεανίαν·
1320 530 1398 557 (ἀλλ“
1423 531 1485 565 ἐμοὶ
1509 530 1560 565 μὲν
1581 530 1665 563 δόξαι,
1688 530 1748 566 μηδ’
1766 529 1798 556 ἃν
1821 530 1903 561 αὐτὸς

1115 576 1217 612 ταύτης
1231 578 1322 612 τυχεῖν
1338 577 1526 608 Κωνστάντιος
1539 577 1594 612 (84)
1605 585 1611 590 ·
1626 587 1635 602 ι
1660 576 1697 608 ὡς
1716 576 1763 602 τοῦ
1783 575 1902 610 ἀκροτά-

1114 632 1162 650 του
1178 623 1229 658 τῆς
1251 624 1334 659 τιμῆς
1355 624 1520 659 δηλουμὲνου
1543 623 1586 650 διὰ
1614 623 1660 650 τοῦ
1681 623 1823 658 βασιλέως.
1846 622 1903 649 Καὶ

1115 670 1160 696 τὸν
1179 670 1330 704 γελάσαντα
1362 670 1434 705 μάλα
1462 670 1566 705 κομψὸν
1593 669 1639 696 καὶ
1672 669 1731 704 ἡδύ·
1748 668 1801 694 «Τί
1823 667 1904 694 τοῦτο

1116 716 1210 751 ἑφηςμ
1226 716 1322 749 εἰπεῖν,
1344 725 1353 742 ‹
1364 716 1402 748 ὡς
1417 716 1448 752 δή
1466 724 1491 742 τι
1502 716 1587 749 λέγων
1606 715 1675 750 μέγα
1688 715 1734 741 καὶ
1746 713 1905 748 θαυμαστόν

1116 762 1187 796 (85);
1209 761 1293 793 Μόλις
1311 761 1344 788 ἂν
1363 760 1440 797 οἶμαι
1463 759 1768 791 καὶἈθανάσιονοῦτως
1776 758 1904 794 εἰσαχθῆ-

1117 817 1160 834 ναι
1172 809 1218 834 τὸν
1236 808 1321 843 μέγαν
1331 817 1337 823 ·
1352 818 1361 834 ›
1379 809 1426 835 καὶ
1443 808 1500 843 ἅμα
1514 809 1594 843 ὅρκον
1606 807 1667 833 τινὰ
1682 805 1839 841 προσθεῖναι
1848 804 1905 839 (86)

1115 854 1168 880 τῶν
1185 854 1340 890 ἐπιχωρίων
1355 855 1395 885 είς
1407 854 1455 890 τὴν
1467 854 1514 880 τοῦ
1532 854 1611 888 λόγου
1632 853 1787 888 βεϐαίωσιν.
1811 850 1906 877 Ἐϐού-

1116 901 1178 928 λετο
1191 902 1220 928 δὲ
1236 903 1249 928 ὁ
1264 902 1342 936 λόγος
1367 902 1453 938 αὐτῷ,
1475 902 1489 928 ὂ
1511 903 1557 929 καὶ
1578 903 1641 937 ὑμῖν
1662 899 1737 936 οἶμαι
1753 900 1841 935 δῆλον,
1858 899 1907 926 καὶ

278 947 360 971 gnum
380 940 480 975 aliquid
502 948 529 969 et
552 944 739 971 admirandunt
759 945 852 972 dicas?
866 945 922 973 lmo
938 954 1064 981 magnum

1120 948 1250 983 βασιλέως
1268 948 1349 975 αὑτοῦ
1365 948 1518 985 ἔμπροσθεν
1543 949 1618 983 ἄγειν
1640 947 1685 975 τὸν
1702 947 1749 974 νῦν
1768 945 1908 981 εὐφημού-

278 992 385 1019 quoqne
405 986 479 1014 illum
492 987 666 1016 Athanasium
683 988 741 1024 pari
758 990 861 1018 honore
881 991 1062 1019 introductum

1121 1003 1210 1030 μενον.

278 1030 379 1064 fuisse,
402 1033 444 1059 vix
463 1033 558 1061 adduci
584 1042 692 1069 possunt
709 1041 738 1062 ut
752 1036 877 1064 credam:
900 1046 909 1063 ι
924 1037 1060 1072 simulque
1079 1042 1194 1074 patrium
1211 1040 1344 1074 quoddam
1360 1039 1549 1074 jusjurandum
1567 1043 1599 1066 ad
1622 1040 1660 1071 td,
1687 1039 1759 1073 quod
1788 1038 1906 1069 dixerat.

278 1077 494 1105 confirmandum
508 1080 692 1113 adjuuxit.Eo
702 1086 793 1108 autent
829 1082 874 1109 hic
906 1089 997 1110 sermo
1026 1085 1175 1119 spectabat,
1206 1085 1431 1120 quemadmodum
1455 1085 1537 1112 etiant
1553 1085 1631 1112 vobis
1655 1084 1825 1120 perspicuum
1846 1091 1908 1111 esse

277 1124 406 1157 arbitror,
434 1131 463 1152 ut
489 1126 645 1160 imperatori
671 1135 779 1162 quoque
805 1128 855 1163 ipsi
879 1129 1058 1157 Athanasium
1075 1131 1234 1158 anteferret.

311 1170 409 1199 XXIX.
426 1172 511 1200 Tanta
538 1179 598 1201 erat
617 1176 687 1209 apud
703 1183 797 1203 omnes
811 1177 862 1204 viri
888 1177 968 1211 hujus
982 1185 1065 1205 vene-

277 1218 364 1251 ratio,
379 1223 506 1254 tantoqne
523 1221 626 1255 stupori
644 1221 695 1248 fuit
710 1222 764 1253 ille,
783 1222 861 1256 cujus
874 1231 946 1250 nunc
966 1225 1064 1251 menti-

278 1263 377 1296 nimus,
394 1266 542 1299 ingressus.
558 1265 624 1293 Nam
644 1274 693 1301 per
705 1275 786 1295 sexus
798 1289 805 1300 ,
820 1274 847 1296 et
861 1273 969 1303 aetates,
983 1274 1066 1304 atque

277 1315 349 1338 artes
360 1311 450 1344 divisi,
464 1311 544 1347 (solet
555 1313 627 1340 enim
639 1313 758 1342 maxime
771 1314 867 1342 civitas
883 1314 929 1342 illa
945 1315 978 1342 ad
991 1316 1064 1343 hunc

279 1356 386 1384 modum
401 1357 508 1390 instrui,
521 1366 581 1386 cum
597 1359 707 1393 publico
718 1359 822 1388 honore
833 1361 1002 1388 afficiendum
1015 1362 1066 1389 ali-

279 1410 360 1437 quem
371 1403 499 1438 suscipit;
514 1412 632 1438 quonam
647 1413 711 1432 vero
729 1407 809 1434 tnodo
832 1407 979 1441 spectaculi
996 1408 1066 1435 illius

279 1449 492 1483 magnitudinem
519 1451 642 1478 oratione
669 1451 772 1479 referre
800 1453 929 1488 queam?)
968 1452 1067 1481 fluvius

278 1502 347 1521 Imus
376 1502 471 1522 omnes
493 1500 589 1529 erant;
616 1496 705 1523 Nilum
728 1498 809 1524 etiant
828 1503 905 1532 poeta
931 1499 1065 1534 quispiam

1155 1179 1218 1205 KG'.
1233 1179 1366 1205 Τοσοῦτον
1378 1177 1412 1215 ἦν
1424 1186 1500 1214 παρα
1515 1178 1581 1204 πᾶσι
1593 1177 1624 1203 τδ
1638 1177 1684 1203 τοῦ
1700 1176 1796 1212 ἀνδρὸς
1810 1176 1907 1202 τούτου

1120 1225 1201 1256 σέϐας
1213 1233 1220 1240 ο
1239 1224 1287 1251 καὶ
1308 1224 1426 1260 τοσαύτη
1446 1225 1496 1255 τῆς
1514 1222 1753 1259 μνημονευομένης
1770 1221 1826 1257 (87)
1850 1223 1908 1248 εἱσ-

1118 1270 1178 1297 όδου
1192 1271 1240 1297 νῦν
1253 1273 1269 1306 ἡ
1280 1270 1459 1306 κατάπληξις.
1476 1269 1556 1296 Κατὰ
1570 1269 1624 1304 γὰρ
1635 1269 1711 1304 γένη,
1727 1269 1774 1295 καὶ
1787 1268 1907 1303 ἡλικίας,

1119 1319 1166 1345 καὶ
1175 1318 1272 1353 τέχνας
1281 1317 1471 1353 διαιρεθέντες,
1482 1315 1600 1351 (φιλοῦσι
1611 1315 1664 1350 γὰρ
1678 1314 1793 1350 μάλιστα
1805 1314 1908 1350 ἡπόλις

1119 1365 1188 1400 αὕτη
1209 1363 1279 1390 οὓτω
1293 1362 1527 1395 διασκευάζεσθαι,
1545 1363 1608 1389 ὅταν
1621 1362 1674 1388 τινὶ
1689 1361 1809 1388 πλέκωσι
1823 1361 1908 1396 τιμὴν

1119 1410 1264 1446 δημοσίανο
1282 1409 1340 1440 πῶς
1359 1409 1392 1436 ἂν
1415 1408 1624 1444 παραστήσαιμι
1640 1406 1679 1441 τῷ
1698 1407 1770 1441 λόγῳ
1789 1405 1817 1432 τὸ
1835 1406 1909 1440 μέγα

1120 1457 1207 1483 ἐκεῖνο
1231 1455 1357 1490 οἐαμα;)
1386 1454 1509 1489 ποταμὸς
1529 1451 1599 1488 ἦσαν
1623 1450 1672 1484 εἷς,
1697 1451 1809 1487 ποιητοῦ
1826 1451 1855 1477 δὲ
1871 1449 1908 1485 ἦν

1120 1502 1174 1536 ἄρα
1194 1502 1241 1528 καὶ
1262 1501 1307 1527 τὸν
1324 1501 1419 1527 Νεῖλον
1442 1501 1541 1530 εἰπεῖν,
1566 1499 1612 1525 τὸν
1637 1498 1805 1534 χρυσορῤόαν
1823 1497 1909 1528 ὅντως

278 1541 393 1575 diceret,
414 1542 500 1575 illum,
515 1542 596 1578 405
627 1545 748 1579 inquam,
769 1553 833 1572 vere
857 1545 1020 1580 auriﬂuum,
1037 1551 1064 1574 et

1120 1547 1161 1574 καὶ
1176 1546 1309 1582 εὕσταχυν
1321 1546 1517 1581 (88),,ἕμπαλιν
1537 1545 1590 1571 ἀπὸ
1606 1545 1656 1579 τῆς
1673 1544 1777 1575 πόλεως
1786 1543 1907 1578 (89).ὲπὶ

278 1588 361 1622 spicis
371 1588 494 1622 uberem,
507 1591 541 1616 ab
554 1591 620 1617 urbe
634 1591 667 1618 ad
681 1591 822 1618 Chaeream
836 1597 970 1621 rctroacto
985 1601 1065 1621 cursu

279 1634 417 1667 liuentem,
435 1635 487 1662 diei
504 1635 583 1662 unius
601 1636 716 1668 itinere,
733 1641 815 1671 atque
826 1644 858 1665 eo
874 1638 999 1672 amplius.
1021 1638 1067 1665 Li-

279 1684 340 1706 ceat
354 1680 432 1712 mihi,
447 1688 496 1715 per
507 1689 570 1714 vos,
588 1689 690 1716 quaeso,
705 1683 841 1717 paululum
865 1684 954 1711 adhuc
972 1685 1000 1712 in
1016 1685 1067 1712 hac

279 1727 436 1754 narratione
448 1734 491 1753 me
499 1727 647 1755 oblectare.
661 1728 716 1756 Illic
729 1729 802 1756 enim
816 1729 922 1757 animus
932 1736 1067 1763 versatur,

280 1781 330 1801 nec
346 1781 500 1802 sermonem
527 1775 560 1802 ab
584 1782 615 1807 ea
639 1775 810 1803 solemnitate
835 1784 963 1805 revocare
988 1777 1067 1806 facile

280 1827 400 1854 possum.
417 1820 510 1848 Pullus
524 1821 611 1856 ipsum
625 1822 741 1849 vehebat
757 1822 800 1858 (ac
824 1828 888 1858 peto
899 1831 913 1850 a
931 1824 1019 1857 vobis,
1034 1833 1067 1852 ne

280 1874 324 1894 me
338 1867 463 1895 amentiae
483 1868 617 1896 accuselis
628 1868 649 1904 ),
664 1876 715 1896 non
741 1877 820 1896 secus
837 1869 911 1902 fere.
926 1878 958 1897 ac
974 1870 1066 1898 .lcsum

283 1921 371 1940 tneum
385 1914 472 1948 pullus
483 1914 527 1941 ille
538 1915 561 1930 ⁷³
575 1923 582 1947 ;
598 1915 656 1942 sive
671 1915 798 1951 gentilem
823 1915 949 1951 populum
960 1937 968 1950 ,
987 1925 1067 1952 quem

283 1959 444 1994 ignorantia:
454 1960 568 1986 vinculis
583 1960 712 1995 singulari
726 1962 858 1990 beneﬁcio
870 1962 986 1990 solutum
1002 1971 1070 1991 con-

316 2017 340 2032 "
357 2017 423 2044 Luc.
445 2025 502 2049 ιιι,
521 2017 555 2044 35
569 2025 645 2052 seqq.

316 2073 372 2108 (82)
405 2072 528 2110 'Qplfor.
554 2073 622 2108 Reg.
639 2073 732 2109 Cypr.,
752 2073 860 2110 ὁρίζων.
875 2073 963 2102 Nicet.
976 2079 1003 2102 el
1015 2074 1070 2102 Til-

282 2110 357 2139 lem.,
370 2108 538 2144 ὁριζόμενον.

317 2145 372 2179 (85)
392 2143 562 2179 "Epid-vxor.
579 2143 660 2171 Coisl.
679 2145 691 2170 l
713 2149 740 2170 et
754 2143 820 2177 Jes.,
837 2144 962 2179 εΰψυχον.

318 2179 372 2214 (84)
390 2180 519 2212 Αὐτὸς...
532 2179 750 2211 Κωνστάντιος,
768 2179 841 2207 Unus
860 2181 936 2208 Coll).
951 2185 980 2208 et
997 2180 1070 2213 Bas.,

280 2215 396 2242 αὑτὸν...
412 2215 610 2241 Κωνστάντιον.

318 2251 372 2286 (85)
391 2249 575 2286 Asy-torperet
591 2250 639 2277 καὶ
651 2250 835 2284 θαυμαστόν.
856 2249 919 2281 Alii,
939 2251 1010 2285 μέγα
1029 2250 1072 2277 λέ-

282 2275 342 2321 γωῖ
350 2275 573 2321 Ξίαιίσάυμαέςτόν.
592 2275 658 2318 Alii,
668 2275 842 2320 “etiam.
858 2275 1071 2321 καιῖμὲεῖῖοαῦ.
1087 2275 1111 2304 D

304 2320 395 2348 αστόν.

283 2331 395 2357 μαστον,

317 2357 374 2391 (86)
389 2355 576 2389 Προσθεῖναι.
593 2356 639 2382 0r.
652 2355 678 2388 l,
693 2355 855 2391 προσϐῆναι.

319 2390 375 2427 (87)
392 2390 677 2427 Μζημονευομένης.
702 2390 768 2425 Reg.
796 2392 900 2427 Cypri
922 2399 1074 2427 μνῃμονευ-

282 2425 385 2460 θεία-ης.
401 2435 410 2451 ε
427 2425 515 2452 Tanto
537 2431 646 2459 stup0re
674 2426 732 2458 fuit,
755 2436 764 2452 ι
792 2433 845 2453 etc.
871 2425 939 2452 llinc
956 2426 1045 2453 l‘iicel.
1065 2438 1069 2454 :

282 2461 416 2489 Τοσοῦτον
435 2460 548 2497 πάντας
567 2461 736 2497 κατέπληξεν
766 2462 783 2497 η
802 2460 848 2497 τοῦ
864 2461 941 2495 ἁγίου
955 2462 994 2492 εἰς
1023 2461 1073 2497 τὴν

284 2498 360 2524 πόλιν
375 2496 536 2527 εἰσέλευσις·
554 2506 563 2521 ι
585 2496 676 2530 Usque
694 2498 762 2523 adeo
785 2496 864 2526 hujus
881 2497 970 2523 sancti
986 2498 1011 2522 in
1026 2505 1072 2523 ur~

285 2534 345 2560 Item
359 2533 496 2566 ingressus
514 2539 608 2558 omnes
631 2533 773 2564 percussit.
790 2541 798 2556 ι
813 2531 925 2557 Billius:
956 2541 965 2557 ι
985 2531 1073 2558 Tanto

284 2573 393 2602 stupore
422 2567 559 2601 ingressus
582 2566 640 2601 ejus
665 2567 794 2594 memoria
814 2567 951 2594 hominum
969 2573 1073 2594 mentes

284 2603 431 2630 etiamnum
447 2602 548 2628 delixas
567 2602 654 2628 tonet!
674 2611 682 2627 ι

321 2637 375 2673 (88)
396 2636 648 2673 Εὗσταχυνηῐὶες.
661 2645 676 2663 c
695 2636 778 2668 addit,
795 2637 842 2663 καὶ
860 2636 1010 2672 μετροῦντα
1025 2636 1074 2672 τὴν

285 2671 457 2708 εὐδαιμονίαν
471 2674 527 2703 τοῖς
545 2671 668 2705 πύκεσιν,
687 2681 695 2696 ι
709 2673 807 2706 quiqUe
825 2671 979 2699 felicitatem
1005 2671 1073 2700 Inul-

286 2709 399 2735 titndiue
417 2709 535 2734 metitur.
550 2717 558 2732 ι

322 2743 377 2778 (89)
403 2743 476 2770 Ἀπὸ
500 2741 554 2775 τῆς
571 2741 698 2775 πόλεως,
710 2747 763 2769 etc.
785 2751 794 2767 ι
809 2740 876 2773 Hoc.
889 2751 899 2768 ι
925 2742 1012 2776 inquit
1029 2742 1074 2768 Ni-

287 2777 372 2810 cetas,
389 2787 398 2803 ‹
413 2780 484 2805 inter
504 2778 591 2804 Nilum
613 2783 638 2805 et
654 2778 780 2812 populum
803 2777 1015 2804 Alexandrinum
1035 2778 1074 2804 in-

289 2819 406 2844 tererat,
425 2813 495 2847 quod
513 2812 588 2839 Nilus
603 2821 617 2839 a
634 2813 757 2846 Cltzereo,
774 2820 834 2846 qme
851 2817 922 2839 terra
947 2813 997 2839 huc
1024 2821 1072 2838 no—

288 2856 348 2874 men
362 2856 376 2874 a
397 2849 511 2882 quodam
539 2848 689 2874 habitatore
705 2853 850 2874 consecuta
863 2853 914 2879 est,
930 2848 957 2874 in
979 2848 1072 2874 urbem

288 2882 389 2914 inﬂuit;
405 2888 432 2909 at
449 2883 584 2916 popularis
607 2883 650 2909 ille
671 2883 766 2909 ﬂuvius
787 2887 850 2909 tunc
875 2889 969 2910 sancto
986 2883 1072 2910 Allia-

288 2918 364 2946 nasio
379 2925 439 2946 sese
463 2918 617 2950 effundens,
643 2918 667 2944 in
688 2918 851 2946 contrarium
878 2926 892 2944 a
917 2919 1024 2946 civitate
1041 2917 1074 2946 ad

1117 1593 1167 1629 τὴν
1182 1593 1298 1628 Χαιρέου
1315 1593 1421 1628 ῥέοντα,
1443 1591 1600 1628 ἡμερησίαν
1613 1591 1671 1617 ὁδὸν
1693 1588 1781 1626 οἶμαι,
1797 1590 1844 1616 καὶ
1860 1598 1910 1615 πε-

1120 1639 1247 1675 ραιτέρω.
1264 1638 1328 1665 Δότε
1347 1647 1392 1673 μοι
1409 1637 1506 1673 μικρὸν
1520 1637 1560 1663 ἔτι
1577 1638 1745 1672 ἐντρυφῆσαι
1758 1636 1797 1671 τῷ
1812 1636 1910 1671 διηγή-

1122 1695 1197 1722 ματι.
1213 1686 1318 1712 Ἐκεῖσε
1326 1686 1380 1721 γὰρ
1388 1683 1457 1721 εἶμι,
1470 1685 1518 1712 καὶ
1530 1685 1590 1711 οὐδὲ
1602 1683 1757 1719 ἀπαχθῆναι
1771 1683 1815 1710 τὴν
1829 1683 1909 1715 λόγον

1119 1734 1169 1767 τῆς
1183 1732 1293 1768 τελετῆς
1310 1732 1418 1767 ἐκείνης
1445 1731 1544 1767 ῥᾴδιον.
1567 1730 1660 1762 Πῶλος
1678 1729 1728 1765 μὲν
1744 1726 1811 1765 ἦγεν
1827 1729 1909 1755 αὑτὸν

1122 1778 1180 1813 (καὶ
1198 1779 1234 1813 μή
1253 1786 1298 1813 μοι
1323 1777 1373 1812 τῆς
1389 1776 1519 1807 ἀπονοίας
1546 1775 1601 1811 (90)
1619 1774 1784 1810 μέμψησθε),
1807 1774 1845 1806 ὡς
1865 1783 1909 1809 μι-

1120 1824 1187 1860 κροῦ
1197 1825 1243 1850 τὸν
1257 1824 1323 1859 ἐμὸν
1341 1823 1444 1858 Ἰησοῦν
1459 1824 1473 1850 ὁ
1485 1822 1573 1854 πῶλος
1588 1823 1690 1853 ἐκεῖνος
1704 1819 1815 1857 (εἵτόὖν
1825 1822 1838 1847 ὁ
1852 1821 1909 1856 (91)

1121 1870 1152 1903 ἐξ
1169 1870 1253 1898 ὲθνῶν
1274 1870 1348 1902 λαὸς,
1367 1870 1396 1896 ὃν
1417 1867 1446 1896 εὖ
1465 1869 1548 1896 ποιῶν
1558 1869 1613 1904 (92)
1628 1868 1773 1900 ἐπιϐαίνει,
1790 1867 1843 1894 τῶν
1860 1868 1910 1903 τῆς

1122 1916 1232 1950 ἀγνοίας
1249 1916 1356 1951 δεσμῶν
1373 1915 1513 1950 λυόμενον,
1531 1915 1585 1941 εἴτε
1599 1923 1625 1940 τι
1641 1914 1706 1941 ἄλλο
1721 1913 1844 1949 βούλεται
1857 1922 1911 1940 πα-

1124 1962 1255 1999 ραδηλοῦν
1267 1964 1281 1989 ὁ
1296 1961 1401 1997 λόγος)·
1417 1962 1508 1988 κλάδοι
1523 1961 1550 1988 δὲ
1562 1960 1642 1987 αὐτὸν
1658 1959 1830 1994 ὑποδέχονται
1841 1959 1908 1994 (93),

1122 2074 1262 2102 Cltmreum
1286 2073 1380 2105 tinens,
1395 2073 1447 2100 diei
1463 2073 1543 2100 tutius
1557 2073 1620 2105 iter,
1634 2077 1662 2100 et
1677 2079 1710 2100 eo
1726 2073 1841 2107 amplius
1861 2081 1910 2101 ex-

1123 2116 1215 2137 ιειιειιε
1231 2114 1281 2135 est.
1297 2119 1306 2134 ι

1158 2145 1214 2180 (90)
1240 2144 1402 2180 Ἀπονοίας.
1421 2144 1521 2180 Nicet..
1536 2143 1648 2178 τόλμης,
1667 2142 1817 2180 r_audaci:e.
1829 2153 1838 2168 ι

1159 2178 1215 2214 (9|)
1241 2179 1279 2214 '0_.
1295 2180 1339 2206 Sic
1353 2184 1470 2212 quatuor
1485 2178 1568 2212 llegg.
1585 2180 1661 2205 Deest
1673 2178 1763 2214 ined.

1160 2212 1215 2248 (92)
1237 2212 1280 2241 Εὖ
1296 2214 1398 2241 ποιῶν.
1420 2224 1429 2239 ε
1445 2214 1577 2247 Singulari
1601 2212 1730 2239 beneﬁcio
1750 2213 1882 2246 alliciens;
1897 2224 1907 2240 ν

1125 2252 1195 2284 quod
1209 2251 1312 2277 Scilicet
1327 2249 1385 2283 ejus
1401 2250 1559 2283 ignorantiae
1574 2248 1679 2275 vincula
1693 2247 1798 2276 solvere
1814 2249 1910 2281 digna-

1124 2291 1208 2313 retur.
1221 2284 1313 2311 Billius
1325 2305 1331 2316 ,
1353 2293 1361 2309 ι
1377 2285 1575 2317 percommode.
1589 2292 1597 2308 ι

1161 2320 1215 2355 (95)
1235 2320 1347 2346 κλάδοι
1359 2319 1393 2346 δὲ
1408 2319 1501 2346 αὑτὸν
1515 2319 1725 2355 ὑποδέχονται,
1739 2323 1790 2346 etc.
1804 2318 1908 2355 Billins,

1124 2356 1245 2383 Nicetam
1264 2361 1382 2386 secutus,
1398 2356 1438 2381 sic
1454 2354 1553 2381 vertit:
1572 2365 1581 2380 ι
1598 2354 1653 2380 lloc
1677 2362 1757 2381 unum
1774 2354 1908 2387 interfuit,

1124 2391 1194 2425 quod
1214 2390 1352 2417 Christum
1380 2390 1446 2416 rami
1460 2393 1666 2425 Asusccpernnt,
1691 2395 1718 2416 et
1741 2389 1813 2415 varia
1832 2389 1911 2415 indu-

1124 2423 1225 2457 menta,
1244 2425 1437 2459 multiplicique
1455 2423 1551 2451 ﬂorum
1568 2431 1667 2458 genere
1683 2429 1830 2457 constrata,
1845 2429 1910 2452 ante

1125 2462 1211 2495 ipsum
1240 2460 1359 2495 projecta
1384 2465 1447 2486 sunt
1466 2469 1473 2487 :
1489 2459 1595 2495 excelso
1611 2464 1699 2486 autem
1724 2465 1751 2486 et
1767 2459 1910 2493 magnifico

1124 2494 1183 2522 viro
1199 2494 1346 2522 Athanasio
1364 2495 1430 2521 nihil
1448 2495 1500 2521 tale
1520 2494 1618 2521 factum
1636 2499 1688 2521 est.
1707 2495 1733 2521 In
1751 2501 1836 2528 eoque
1856 2502 1910 2522 uno

1125 2532 1242 2565 itupares
1269 2530 1379 2557 honoris
1401 2535 1491 2563 partes
1516 2530 1618 2565 habuit.
1634 2539 1643 2554 ι
1669 2529 1778 2562 Veru-n,
1802 2529 1909 2565 illorum

1125 2564 1191 2600 pace
1209 2566 1322 2592 dixerim
1335 2585 1341 2596 .
1362 2569 1476 2598 uterque
1489 2572 1503 2591 a
1530 2564 1652 2600 Gregorii
1682 2568 1771 2591 mente
1790 2564 1909 2600 aberrat.

1125 2599 1200 2634 Quod
1214 2602 1284 2628 enim
1299 2600 1451 2634 Tlteologns
1464 2600 1496 2626 ad
1512 2599 1699 2632 Athanasium,
1715 2600 1764 2633 ipsi
1780 2599 1813 2625 ad
1830 2599 1910 2626 Chri-

1124 2643 1195 2663 stum
1212 2637 1341 2662 rel'erunt.
1355 2636 1457 2669 Scupus
1471 2640 1559 2661 tamen
1572 2635 1688 2661 oratoris
1701 2635 1728 2662 in
1745 2635 1796 2661 hoc
1810 2635 1908 2666 tendit,

1125 2678 1154 2698 ut
1168 2671 1292 2697 ostendat
1313 2670 1384 2696 illam
1402 2670 1586 2696 similitudinis
1606 2669 1771 2700 aliinitatent,
1786 2676 1845 2702 qum
1865 2676 1911 2696 re-

1125 2707 1229 2741 peritur
1257 2711 1334 2741 Inter
1354 2705 1452 2732 Christi
1483 2704 1861 2741 Jerosolymam__introitnm.
1877 2709 1913 2741 et

1125 2739 1267 2768 Athanasii
1304 2740 1495 2766 Alexandriam
1531 2740 1658 2766 reditum.
1685 2739 1805 2773 Uterque
1838 2739 1912 2773 pullo

1126 2777 1246 2803 insidet:
1266 2781 1380 2809 uterque
1405 2783 1419 2801 a
1439 2775 1535 2809 populo
1557 2774 1653 2801 faustis
1671 2773 1913 2801 acclamationibus

1125 2811 1273 2846 excipitur;
1297 2816 1359 2837 ante
1382 2811 1521 2844 utriusque
1544 2811 1625 2844 pedes
1648 2814 1805 2846 sternuntur
1830 2809 1911 2846 etiam

1126 2844 1193 2874 rami
1218 2851 1244 2873 et
1269 2846 1443 2877 indumenta;
1479 2852 1527 2872 nec
1556 2846 1684 2876 deerant,
1708 2845 1754 2879 qui
1786 2844 1913 2878 prmircnt

1126 2884 1285 2913 clamantes,
1305 2886 1357 2908 etc.
1386 2880 1448 2907 llaec
1473 2879 1566 2907 Graeca
1594 2880 1650 2914 ipsa
1675 2888 1730 2914 pne
1756 2887 1784 2906 se
1811 2878 1912 2905 ferunt.

1125 2918 1266 2945 Claudicat
1283 2917 1364 2952 igitur
1380 2915 1449 2944 Billii
1465 2915 1563 2947 \‘crsio,
1582 2923 1640 2950 qua:
1662 2916 1694 2942 ad
1711 2915 1848 2942 Christum
1868 2921 1914 2941 re-
