2060 3140
301 198 372 224 1119

905 197 934 225 S.
954 172 1117 225 θἰιειιοιιιι
1137 197 1307 225 Τιιεοιοαι

1854 198 1923 226 11⁸20

302 253 437 280 habilibus
476 252 643 284 argumentis
677 257 758 287 atque
794 252 827 280 ad
865 253 1082 287 persuadendum

1139 253 1225 285 σιὰζον
1242 253 1310 288 πρός
1323 261 1352 278 τε
1367 253 1432 279 αὐτο
1443 253 1490 279 καὶ
1507 251 1586 279 ἐαυτὸ
1598 253 1652 288 (5),
1668 254 1774 285 οὐδενὸς
1789 255 1844 280 τῶν
1860 264 1922 281 συν-

300 298 512 326 accommodatis
527 298 552 324 id
570 297 660 324 ellicit.
681 297 750 324 Tum
773 305 832 330 eos,
854 299 899 332 qui
917 303 944 324 et
959 299 1030 325 inter
1043 307 1083 331 se,

298 350 328 371 et
351 351 412 370 etim
438 343 496 376 ipso
518 343 670 369 simultates
693 343 841 376 gerebant,
861 343 887 369 in
913 343 1083 370 concordiam

298 391 419 423 reducit;
436 394 465 416 et
479 389 587 424 quidem
605 389 690 421 i:a,ut
701 389 798 415 nullius
812 389 993 423 pacificatoris
1003 397 1084 423 opera

301 436 334 462 ad
348 443 407 462 eam
422 442 479 462 rem
495 442 564 469 opus
581 435 704 461 haberet.
714 435 848 462 Praeterea
863 435 958 468 injuria
974 436 1084 462 alfertos

301 481 442 517 tyrannide
462 481 569 513 liberat,
582 481 685 507 nulltttn
707 488 812 513 eorum,
836 481 880 515 qui
899 481 983 515 ipsius
997 489 1084 508 causa:

299 527 452 557 studebant,
468 532 495 554 et
508 533 611 559 eorum,
626 527 671 561 qtti
682 527 811 554 adversas
826 532 916 560 partes
935 528 1082 561 sequeban-

301 577 356 603 tur.
381 572 514 599 delectum
544 572 657 599 habens.
694 571 848 606 Prolapsam
879 572 988 607 insuper
1022 573 1082 599 ﬁdei

299 617 450 644 doctrinam
462 617 552 652 erigit,
575 625 606 644 ac
622 617 705 643 libere
726 624 821 643 rursus
845 617 968 644 Trinitas
987 618 1084 651 prunli-

299 667 388 694 catur,
416 669 498 696 super
524 663 716 689 candelabrum
743 663 851 696 posita,
893 663 1086 697 splendidaque

305 708 384 734 unius
396 707 545 734 divinitatis
560 706 661 734 lumine
674 707 780 734 animas
798 715 893 733 onmes
912 707 1083 734 collustrans.

300 753 386 787 Leges
399 754 480 779 etiam
497 760 591 780 rursus
604 753 663 779 orbi
681 757 814 779 terrarunt
831 753 992 786 praescribit,
1006 757 1085 787 atque

299 799 421 826 omnium
434 804 538 826 tuentes
549 799 582 825 ad
597 807 626 825 se
637 799 782 831 convertit,
799 799 860 825 aliis
876 798 1005 833 epistolas
1021 799 1084 824 init-

300 848 370 877 tens,
395 844 462 871 alios
479 851 634 875 accersens,
651 843 794 870 nonnullos
815 844 896 870 etiam
922 843 994 869 ultro
1008 850 1085 870 acce-

300 889 394 916 dentes
414 890 560 922 erudiens,
581 889 762 922 omnibusqne
787 888 898 914 liberant
919 888 1084 915 voluntatem

1136 298 1257 332 αγόντων
1283 298 1321 332 (6)
1347 299 1541 334 προσδεηθείς·
1558 298 1615 325 λύει
1632 299 1660 324 δὲ
1676 301 1733 331 τοῖς
1748 300 1922 334 ἠδικημένοις

1135 344 1185 375 τὰς
1205 344 1374 380 τυραννίδας,
1397 345 1473 371 οὐδὲν
1495 345 1588 371 διελὼν
1615 345 1678 376 τοὺς
1701 345 1750 380 τῆς
1777 346 1872 372 ἑαυτοῦ
1883 346 1921 380 (7)

1139 389 1257 424 μερίδος,
1281 390 1327 416 καὶ
1344 390 1394 424 τῆς
1411 391 1549 422 ὲναντίας”
1567 390 1692 426 ἀνίστησι
1713 391 1741 417 δὲ
1758 392 1922 418 πεπτωκότα

1135 435 1181 461 τὸν
1197 435 1275 469 λόγον
1289 435 1343 470 (8)⁸
1364 436 1582 471 παρρησιάζεται
1599 436 1626 462 δὲ
1646 436 1663 471 ἡ
1680 436 1764 471 Τριὰς
1780 436 1860 462 πάλιν
1871 437 1920 470 (9),

1135 481 1182 507 ἐπὶ
1198 481 1246 516 τὴν
1262 481 1372 516 λυχνίαν
1386 481 1504 512 τεθεῖσα,
1528 482 1575 508 καὶ
1597 481 1715 516 λαμπρῷ
1735 482 1773 517 τῷ
1787 482 1856 515 φωτὶ
1872 483 1921 517 τῆς

1138 527 1203 560 μιᾶς
1218 525 1344 560 θεότητος
1365 527 1424 558 ταῖς
1447 527 1556 553 πάντων
1571 526 1670 561 ψυχαῖς
1687 527 1919 562 ὲναστράπτουσα.

1136 573 1286 616 Νομοθιετεῖ
1308 574 1336 600 δὲ
1360 575 1392 609 τῇ
1417 574 1563 610 οἰκουμένῃ
1590 575 1689 601 πάλιν·
1710 574 1869 609 ἐπιστρέφει
1891 574 1920 600 δὲ

1136 618 1205 654 πρὸς
1231 618 1327 646 ἑαυτὸν
1347 621 1436 646 πᾶσαν
1463 620 1590 652 διάνοιαν,
1610 621 1666 651 τοῖς
1683 620 1731 655 μὲν
1746 620 1919 652 ἐπιστέλλων,

1135 665 1198 695 τοὺς
1213 664 1241 690 δὲ
1257 665 1347 691 καλῶν
1358 673 1365 680 °
1384 665 1441 692 ἐστι
1454 666 1482 692 δὲ
1499 665 1544 698 οὓς
1554 666 1600 692 καὶ
1612 666 1745 701 ἀκλήτους
1759 667 1920 701 προσιόντας

1138 710 1264 744 σοφίζων,
1283 712 1349 738 πᾶσι
1366 711 1394 737 δὲ
1416 712 1497 746 νόμον
1516 712 1564 738 ἕνα
1586 711 1696 747 προθεὶς
1713 712 1743 738 τὸ
1759 712 1919 747 βούλεσθαι·

1136 757 1182 782 καὶ
1194 756 1248 792 γὰρ
1258 757 1337 783 τοῦτο
1353 757 1432 790 μόνον
1448 757 1557 793 ἐξήρκει
1571 757 1637 792 προς
1651 757 1761 792 ὀδηγίαν
1772 757 1819 783 τοῦ
1833 757 1923 792 κρείτ-

1135 811 1222 834 τονος.
1244 803 1288 829 Ἐν
1305 804 1445 839 κεφαλαίῳ
1461 804 1489 830 δὲ.
1509 805 1606 834 εἰπεῖν,
1627 803 1674 829 δύο
1694 803 1775 829 λίθων
1798 804 1922 838 μιμεῖται

1136 847 1231 881 φύσεις
1245 848 1457 883 ἐπαινουμένων.
1474 849 1580 874 Γίνεται
1594 849 1648 884 γὰρ
1661 850 1716 879 τοῖς
1733 848 1782 883 μὲν
1797 847 1922 874 παίουσιν

1136 893 1251 928 ἀδάμας,
1268 895 1325 925 τοῖς
1341 894 1369 920 δὲ
1394 895 1567 926 στασιάζουσι
1583 894 1728 929 μαγνῆτις,
1745 895 1855 930 ἀρρήτῳ
1870 893 1922 928 φύ-

298 943 348 969 ι›ι·ο
362 935 420 971 lege
438 943 600 970 proponens.
622 935 678 962 lloc
692 935 764 962 enim
787 934 873 960 solum
895 934 928 960 ad
952 941 1082 967 praemon-

1139 945 1206 968 σεως
1223 937 1267 973 βίᾳ
1282 938 1326 964 τὸν
1343 939 1451 974 σίδηρον
1467 928 1594 971 ἕλκουσα,
1609 939 1695 965 καὶτὸ
1708 928 1922 975 (Nicaeam—

301 982 441 1008 strandum
455 982 563 1008 virtutis
576 981 629 1008 iter
643 980 766 1007 sullicere
780 980 919 1006 censebat.
944 978 978 1006 Ut
992 984 1081 1006 autem

1135 990 1179 1007 τσν
1197 983 1225 1008 ἐν
1241 982 1317 1014 ὕλαις
1335 984 1516 1019 οἰκειουμένη.

300 1026 326 1052 in
341 1034 446 1054 summa
463 1027 561 1058 dicam,
578 1026 690 1052 duorum
711 1024 884 1051 laudabilium
899 1024 1014 1058 lapidum
1031 1028 1155 1052 naturam
1170 1027 1300 1054 imitatur.
1325 1028 1391 1055 Nam
1421 1033 1448 1055 ct
1482 1029 1694 1063 percutientihus
1724 1029 1834 1056 adamas
1867 1029 1923 1056 etii-

300 1075 382 1105 citur,
406 1077 434 1100 et
455 1073 648 1100 dissidentibus
674 1079 795 1107 magnes,
812 1071 916 1098 occulta
935 1077 1038 1098 natura:
1059 1072 1083 1098 vi
1105 1072 1204 1100 ferrum
1240 1075 1361 1107 trahens,
1395 1083 1426 1103 ac
1443 1076 1615 1103 durissimant
1635 1077 1754 1104 omnium
1782 1077 1921 1103 materiam

302 1119 352 1146 sibi
372 1119 520 1145 asciscens.

335 1164 416 1200 [‘07
439 1163 544 1190 XXX“.
565 1163 664 1190 Verum
683 1163 754 1191 enim
770 1163 827 1190 fieri
846 1171 898 1190 non
921 1167 1037 1198 poterat,
1055 1167 1086 1190 ut

301 1209 402 1236 invidia
419 1209 476 1236 inec
491 1208 585 1240 ferret,
606 1213 687 1242 atque
709 1208 857 1235 Ecclesiam
878 1209 998 1242 pristinae
1026 1209 1085 1243 glo-

305 1255 352 1282 ria:
366 1263 422 1283 sua:
436 1256 573 1290 veterique
589 1255 699 1282 sanitati
712 1255 879 1288 restitutam,
895 1255 986 1281 videre
1000 1255 1081 1281 susti-

302 1307 399 1334 neret,
421 1301 546 1328 dissectis
565 1302 691 1327 nimirttm
713 1302 835 1335 partibus
850 1301 992 1327 celerrima
1010 1300 1085 1327 cica-

303 1347 378 1380 trice,
411 1348 483 1374 velut
515 1347 541 1374 itt
571 1355 703 1381 corpore.
732 1346 867 1374 obductis.
899 1346 1080 1379 Quamobrem

302 1394 494 1428 imperatorem
511 1393 639 1420 adversus
655 1401 715 1419 cum
729 1393 842 1424 excitat,
858 1392 885 1418 in
900 1393 1005 1424 eodem,
1030 1400 1085 1426 quo

303 1439 370 1473 ipse,
383 1439 543 1466 defectionis
556 1440 671 1465 crimine
684 1443 847 1470 versantem,
860 1443 940 1472 atque
956 1438 1087 1472 improbi-

305 1489 359 1510 tate
370 1491 473 1518 parem,
491 1490 610 1518 tempore
633 1485 689 1511 solo
702 1485 896 1519 posteriorem;
921 1485 967 1519 qui
983 1485 1085 1518 pritttus

305 1529 522 1556 Cbrisﬁanorum
561 1530 756 1564 imperatorum
785 1530 914 1557 adversus
947 1530 1084 1556 Christum

306 1576 396 1602 furore
409 1576 545 1609 percitus,
564 1581 646 1610 atque
661 1576 806 1609 impietatis
820 1575 987 1607 basilisemn,
1004 1582 1084 1609 quem
1100 1589 1122 1618 (Σ

307 1621 392 1648 multo
407 1626 471 1648 ante
485 1621 651 1655 parturiebat
663 1641 670 1652 ,
694 1621 782 1648 oblata
809 1622 952 1648 occasione
965 1641 973 1652 ,
999 1621 1088 1647 subito

311 1665 486 1700 perfundens,
510 1666 590 1692 simul
604 1671 685 1700 atque
701 1666 848 1700 imperator
866 1666 1018 1692 declaratus
1035 1669 1086 1698 est,

307 1713 410 1744 statim,
431 1717 459 1739 et
471 1720 534 1746 erga
548 1713 750 1746 imperatorem,
765 1712 809 1746 qui
828 1711 912 1746 ipsius
925 1711 984 1738 fidei
1001 1711 1088 1746 impe-

307 1757 376 1783 rium
408 1757 591 1788 commiserat,
623 1758 754 1792 improbe,
784 1761 812 1784 ct.
841 1764 902 1791 erga
929 1757 1024 1788 Deum,
1045 1756 1087 1783 cui

307 1803 421 1830 salutem
443 1803 568 1835 debebat,
589 1803 740 1837 improbius
763 1811 792 1830 se
813 1804 900 1838 gerit,
915 1811 946 1830 ac
961 1810 1089 1837 perseeu-

309 1849 409 1876 tionetn
423 1851 555 1880 omnium,
575 1857 635 1883 qua:
655 1857 770 1883 unquam
786 1849 906 1881 fuerunt,
921 1849 1087 1876 teterrimam

307 1896 462 1930 excogitat;
501 1901 634 1930 quatenus
662 1897 866 1930 persuasionem
895 1901 923 1923 et
956 1896 1090 1923 sermonis

309 1940 453 1967 blanditias
480 1941 615 1975 tyrannidi
644 1940 794 1975 adjungens
829 1942 909 1976 (naut
933 1949 980 1968 eos
1008 1942 1088 1968 etiam

309 1987 436 2018 honores,
453 1988 497 2022 qui
511 1988 546 2014 ob
559 1988 708 2014 certantina
723 1987 803 2014 tribui
816 1987 914 2021 solent,
927 1988 1091 2022 martyribus

310 2032 475 2066 invidebat),
498 2032 665 2059 fortitudinis
681 2032 786 2059 laudem
804 2033 830 2059 in
852 2033 963 2060 dubiutn
980 2040 1091 2059 revoca-

311 2078 368 2110 bat,
395 2079 538 2106 verborum
564 2086 661 2112 nempe
686 2079 824 2113 captiones
854 2083 881 2105 et
911 2080 1031 2113 argutias
1058 2079 1091 2105 ad

312 2131 401 2150 mores
418 2131 481 2150 suos
512 2123 688 2155 transferens,
705 2128 762 2155 aut,
786 2128 815 2150 ut
845 2124 936 2150 verius
953 2124 1056 2158 loquar,
1077 2131 1091 2149 a

312 2169 435 2196 moribus
450 2175 478 2196 et
491 2170 590 2204 ingenii
605 2170 718 2196 vafricie
741 2170 775 2196 ad
798 2177 830 2196 ea
855 2169 957 2196 scelera
973 2170 1091 2196 Studium

311 2216 465 2247 conferens,
483 2215 678 2249 daunonisque,
690 2216 733 2250 qui
751 2216 776 2242 in
791 2215 875 2250 ipsius
888 2219 997 2249 pectore
1008 2215 1093 2241 domi-

1171 1164 1232 1189 AB’.
1253 1162 1323 1188 Ἀλλ’
1341 1163 1371 1189 οὑ
1386 1163 1440 1199 γὰρ
1463 1162 1559 1198 ἔμελλε
1579 1162 1664 1189 ταῦτα
1685 1163 1768 1189 οἴσειν
1782 1163 1796 1189 ό
1817 1162 1924 1197 φθόνος,

1136 1210 1196 1236 οὐδὲ
1209 1210 1257 1244 τὴν
1283 1209 1446 1244 Ἐκκλησίαν
1468 1209 1539 1244 ὁρῶν
1553 1209 1694 1241 ἀνέξεσθαι
1723 1209 1802 1235 πάλιν
1817 1209 1863 1234 ἐπὶ
1875 1209 1925 1243 τῆς

1138 1254 1320 1290 αὑτῆςδόξης,
1337 1256 1447 1290 καὶτῆς
1470 1255 1588 1287 παλαιᾶς
1609 1255 1723 1289 ὑγιείας,
1744 1255 1859 1290 τάχιστα
1878 1255 1924 1281 τοῦ

1137 1301 1280 1332 διεστῶτος
1294 1301 1515 1332 συνουλωθέντος,
1532 1300 1625 1336 ὥσπερ
1636 1303 1664 1327 εν
1678 1300 1780 1336 σώματι
1795 1291 1860 1336 (ll).
1877 1299 1926 1326 Διὰ

1135 1346 1214 1373 τοῦτο
1227 1347 1402 1382 ἐπανίστησιν
1417 1346 1492 1382 αὐτῷ
1505 1347 1551 1373 τὸν
1574 1347 1779 1381 συναποστάτην
1793 1346 1848 1380 (12)
1863 1347 1927 1372 εαυ-

1137 1392 1175 1427 τῷ
1188 1392 1310 1427 βασιλέα,
1328 1393 1374 1418 καὶ
1387 1392 1436 1427 τὴν
1459 1392 1558 1418 κακίαν
1582 1391 1723 1427 ὁμότιμον,
1745 1391 1833 1428 χρόνῳ
1853 1391 1926 1427 μόνῳ

1138 1438 1315 1473 λειπόμενον·
1344 1438 1373 1469 ὃς
1389 1438 1444 1472 (15)
1461 1438 1568 1473 πρῶτος
1594 1437 1764 1474 Χριστιανῶν
1795 1437 1926 1472 βασιλέων

1139 1484 1210 1510 κατὰ
1222 1483 1340 1518 Χριστοῦ
1359 1483 1463 1518 μανεὶς.
1476 1483 1522 1509 κα)⁸
1535 1483 1563 1509 ὂν
1575 1482 1652 1509 ὧδινε
1665 1482 1804 1518 πόρρωθεν
1822 1483 1851 1508 ἐν
1864 1483 1928 1508 ἑαυ-

1138 1529 1175 1564 τῷ
1190 1529 1346 1564 βασιλίσκον
1356 1530 1406 1564 τῆς
1419 1529 1545 1560 ἁσεσείας
1556 1528 1711 1564 ἀναρρήξας
1722 1529 1838 1564 ἀθρόως,
1851 1528 1926 1554 ἐπει-

1138 1575 1169 1611 δὴ
1193 1575 1288 1610 καιρὸν
1317 1575 1421 1607 ἐλαϐεν,
1439 1575 1506 1610 ὁμοῦ
1533 1584 1562 1602 τε
1576 1576 1754 1610 αὐτοκράτωρ
1770 1574 1928 1601 ἀναδείκνυ-

1138 1629 1194 1652 ται,
1209 1621 1256 1646 καὶ
1270 1621 1354 1652 κακὸς
1370 1621 1418 1655 μὲν
1432 1621 1497 1656 περὶ
1511 1620 1556 1646 τὸν
1568 1621 1750 1647 πιστεύσαντα
1765 1619 1878 1654 βασιλέα
1893 1618 1929 1644 τὰ

1140 1667 1261 1702 βασίλεια
1277 1667 1331 1702 (ll)
1345 1668 1460 1701 γίνεται,
1486 1666 1591 1693 κακίων
1611 1667 1638 1693 δὲ
1654 1667 1718 1703 περὶ
1727 1666 1773 1693 τὸν
1789 1666 1928 1692 σεσωκότα

1139 1713 1221 1739 Θεόνο
1245 1713 1293 1739 καὶ
1316 1713 1435 1748 διωγμὸν
1465 1713 1550 1738 ἑννοεῖ
1574 1712 1627 1738 τῶν
1644 1712 1752 1738 πώποτε
1773 1711 1928 1745 γενομένων

1139 1759 1400 1794 ἀπανθρωπότατον,
1417 1759 1472 1793 ὅσῳ
1496 1759 1526 1785 τὸ
1546 1758 1657 1785 πιθανὸν
1683 1759 1715 1793 τῇ
1729 1758 1866 1793 τυραννίδι
1883 1757 1927 1792 μί-

1139 1804 1187 1838 ξας
1205 1804 1322 1840 (ἐφθόνει
1347 1805 1401 1840 γὰρ
1426 1806 1482 1836 τοῖς
1506 1804 1638 1839 πάσχουσι
1664 1804 1711 1831 καὶ
1737 1804 1785 1838 τῆς
1808 1803 1855 1829 ἐπὶ
1871 1804 1928 1834 τοῖς

1139 1851 1230 1882 ἄθλοις
1247 1850 1351 1886 τιμῆς),
1368 1850 1517 1885 ἀμφίϐολον
1534 1850 1620 1876 ὲποίει
1636 1850 1682 1876 καὶ
1696 1849 1725 1876 τί)
1739 1849 1787 1884 τῆς
1803 1848 1928 1883 ἀνδρείας

1140 1897 1296 1932 φιλότιμον·
1315 1897 1364 1928 τὰς
1388 1898 1484 1929 ἐντοῖς
1508 1897 1595 1930 λόγοις
1620 1895 1738 1931 στροφὰς
1765 1895 1811 1922 καὶ
1825 1893 1928 1926 πλοκὰς

1140 1943 1185 1968 ἐπὶ
1195 1944 1240 1969 τὴν
1259 1943 1358 1978 τρόπον
1376 1943 1431 1979 (15)
1449 1942 1629 1978 μετενεγκὼν,
1651 1941 1679 1976 ἢ,
1692 1941 1721 1967 τό
1736 1949 1767 1975 γε
1783 1939 1930 1975 ἀληθέστε-

1142 1996 1188 2023 ρον
1207 1988 1304 2020 εἰπεῖν,
1321 1987 1374 2014 ἀπὸ
1390 1987 1436 2013 τοῦ
1453 1987 1568 2022 τρόπον),
1594 1986 1640 2013 κα).
1658 1986 1722 2021 περὶ
1737 1985 1827 2011 ἐκεῖνα
1845 1992 1929 2010 σπου-

1141 2033 1233 2064 δάσας,
1249 2033 1295 2059 καὶ
1319 2032 1364 2058 τὸν
1390 2032 1492 2059 ἐνοικον
1513 2032 1586 2067 αὐτῷ
1608 2032 1723 2067 πονηρὸν
1741 2031 1791 2066 τῆς
1817 2030 1930 2056 πολυτε-

1141 2079 1217 2114 χνίας
1229 2078 1404 2113 μιμούμενος.
1425 2076 1507 2110 Οὗτος
1521 2078 1618 2113 μικρὸν
1637 2079 1685 2113 μὲν
1705 2078 1785 2113 ἔργον
1805 2076 1929 2111 ἐνόμισεν

1143 2122 1256 2150 εἶναιτὸ
1277 2125 1330 2150 πᾶν
1358 2125 1412 2150 τῶν
1431 2124 1599 2160 Χριστιανῶν
1625 2122 1848 2159 παραστήσασθαι
1873 2122 1929 2156 (16)

1142 2170 1238 2204 γένος’
1258 2169 1328 2205 μέγα
1356 2170 1385 2196 δὲ
1416 2170 1446 2196 τὸ
1469 2169 1623 2196 ἈΟανασίοσ
1648 2169 1794 2205 κρατῆσαι,
1816 2167 1931 2202 καὶτῆς

1143 2215 1247 2242 ἐκείνου
1270 2215 1334 2251 περὶ
1355 2215 1401 2242 τὺν
1424 2215 1501 2249 λόγον
1518 2215 1596 2251 ἡμῶν
1612 2215 1762 2250 δυνάμεως.
1789 2214 1844 2240 Καὶ
1875 2213 1931 2249 γὰρ

312 2261 402 2288 cilium
423 2261 548 2292 habebat,
576 2265 674 2293 artem,
703 2261 932 2296 multiplicemque
948 2261 1084 2288 versutian

1146 2261 1219 2296 ἑώρα
1239 2262 1321 2296 μηδὲν
1335 2261 1364 2287 ὂν
1386 2261 1459 2296 αὐτῷ
1471 2261 1550 2287 πλέον
1566 2261 1621 2295 (ιῖ)
1635 2261 1685 2295 τῆς
1700 2260 1759 2287 καθ’
1773 2258 1851 2295 ἡμῶν
1867 2260 1930 2284 ἐπι-

313 2308 430 2334 imitans.
448 2307 492 2333 llle
507 2307 614 2341 quidem
629 2315 724 2342 parum
748 2307 864 2341 amplum
885 2311 964 2341 atque
981 2306 1092 2340 prtecla-

313 2360 371 2379 rum
386 2360 444 2380 esse
457 2353 604 2380 arbitratus
627 2357 679 2386 est,
703 2353 858 2379 universam
876 2352 1091 2379 Christianorum

315 2399 449 2425 nationem
466 2399 581 2433 imperio
596 2406 645 2425 suo
657 2398 804 2432 subjicere;
819 2405 945 2432 magnum
962 2403 1050 2423 autem
1066 2402 1093 2424 et

314 2444 460 2478 gloriosum
472 2443 541 2478 fore,
554 2445 576 2471 si
589 2444 766 2472 Athanasium
781 2445 893 2479 ejusque
903 2444 927 2470 in
939 2443 1090 2470 Christiana

351 2526 389 2562 (ὅ)
405 2525 520 2562 Ἑαυτᾷ.
533 2525 586 2562 εἰς
603 2525 722 2562 melioris
737 2532 805 2553 noue
819 2526 926 2552 codices
939 2531 965 2552 et
975 2526 1090 2554 Nicctas.

315 2561 343 2589 In
357 2560 412 2592 εει,
425 2561 518 2587 ἑαυτόν
533 2560 638 2596 [recte].

352 2597 389 2630 (6)
407 2597 612 2629 Συνατόντων.
635 2595 757 2622 Nonnulli
772 2595 882 2622 addunt.
893 2596 994 2622 πολλῶν
1001 2596 1094 2622 ὅντων.

352 2633 395 2670 (7)_
415 2631 546 2657 Ἑαυτοῦ.
577 2630 621 2657 Sic
646 2637 700 2657 tres
727 2631 807 2666 Regg.
831 2637 857 2657 et
877 2632 958 2657 Savil.
983 2631 1010 2657 lu
1035 2632 1095 2661 οὐ..

316 2675 407 2693 αυτου.

353 2702 389 2734 (8)
410 2702 587 2727 Πεπτωκοττι
600 2700 655 2726 τὸν
667 2701 768 2734 λόγον.
787 2700 831 2726 Sic
843 2701 962 2734 quinth
972 2700 1055 2734 ilegg.
1069 2700 1096 2726 ltt

318 2737 491 2770 quihusdam.
506 2736 541 2762 τὰ
554 2735 716 2762 πεπτωκότα
738 2736 784 2762 τοῦ
808 2736 898 2768 λόγου.
917 2736 943 2762 lu
970 2738 1024 2767 κάη
1047 2743 1094 2760 πε-

319 2772 445 2798 πτωκότα
461 2770 546 2804 λόγον.

355 2807 392 2839 (9)
415 2805 499 2840 Τριὰς
515 2805 616 2833 πάλιν.
631 2806 697 2832 Tres
713 2805 809 2840 ﬂegg..,
822 2805 900 2832 πάλιν
915 2805 1008 2840 Τριὰς.

354 2841 409 2875 (10)
432 2841 476 2867 Τό.
495 2841 522 2866 lu
540 2841 680 2872 nonnullis,
692 2841 747 2867 τόν.

357 2876 413 2910 (lli
433 2875 556 2908 Edljllltt.
571 2875 654 2909 Ἆρες.
667 2877 693 2907 d,
709 2877 754 2909 pit.
771 2876 818 2903 Or.
833 2876 858 2903 1.
872 2875 988 2910 σώμασι.

357 2910 412 2945 (12)
434 2911 677 2943 Συναπρστάῖην.
702 2911 792 2938 Schol.
814 2921 820 2937 :
847 2910 983 2936 Ἰουλιανόν
1007 2910 1095 2944 λέγει·

1147 2306 1230 2337 νοίας,
1250 2305 1294 2332 διὰ
1306 2305 1354 2340 τὴν
1379 2305 1426 2332 τοῦ
1448 2306 1542 2341 ἀνδρὸς
1562 2304 1774 2340 ἀντιπαράταξιν
1791 2304 1836 2330 καὶ
1854 2303 1930 2329 ἀντί-

1147 2351 1220 2378 θεσιν
1233 2361 1239 2367 ·
1257 2352 1356 2379 ἀεὶτοῦ
1382 2352 1545 2386 κενουμένου
1565 2351 1735 2387 Χριστιανῶν
1758 2351 1932 2385 ἀναπληρου-

1147 2398 1238 2433 μένου,
1254 2398 1298 2425 διὰ
1314 2399 1361 2434 τῆς
1381 2397 1541 2433 Ἑλληνικῆς
1554 2397 1722 2432 προσθήκης,
1735 2397 1780 2423 καὶ
1795 2396 1844 2431 τῆς
1857 2396 1929 2422 ὲκεί-

1145 2452 1190 2469 νου
1206 2443 1349 2476 συνέσεως,
1373 2443 1388 2469 ὃ
1409 2443 1456 2470 καὶ
1469 2443 1630 2478 παράδοξον.
1655 2443 1736 2469 Ταῦτ’
1751 2441 1797 2469 οὖν
1820 2442 1929 2475 ἐννοῶν,

1151 2536 1160 2551 ι
1175 2525 1307 2553 Iulianum
1324 2525 1386 2551 dicit
1409 2535 1418 2550 ι

1184 2560 1239 2596 (15)
1259 2560 1319 2593 Ὅς.
1347 2560 1393 2586 Sic
1419 2560 1472 2586 duo
1500 2559 1582 2594 chg.
1609 2564 1636 2586 et
1668 2566 1762 2586 novem
1799 2558 1874 2586 Coll).
1901 2558 1930 2585 ιιι

1148 2597 1179 2622 ed
1195 2616 1202 2626 ,
1216 2596 1240 2622 ὁ.

1185 2632 1239 2664 (14)
1262 2630 1300 2656 Τὰ
1315 2630 1469 2661 βασίλεια.
1491 2629 1600 2656 Nicetas
1619 2638 1626 2656 :
1645 2628 1699 2664 Τὴν
1724 2627 1771 2655 τοῦ
1791 2628 1931 2662 Καίσαρος

1151 2666 1251 2700 αρχήν-
1280 2674 1288 2690 ι
1306 2665 1418 2700 uesaris
1445 2666 1613 2698 dignitatem.
1628 2673 1637 2690 ›
1655 2664 1713 2690 Vox
1738 2664 1781 2689 illa
1807 2664 1881 2700 deest
1904 2663 1930 2700 in

1152 2697 1242 2727 multis
1264 2700 1342 2726 codd.
1367 2697 1517 2726 Retinenda
1547 2705 1634 2725 tamen
1660 2699 1775 2730 videtur,
1801 2697 1930 2732 quidquid

1149 2737 1220 2762 dicat
1239 2735 1372 2760 variarum
1392 2735 1534 2760 lectionum
1548 2733 1683 2761 collector.

1185 2769 1240 2803 (l5)
1266 2769 1327 2795 Ἐπὶ
1339 2768 1392 2796 τὸν
1405 2769 1524 2802 τρόπον,
1539 2778 1548 2794 t
1562 2769 1601 2795 Ad
1615 2768 1748 2800 ingenium
1762 2766 1932 2800 indoleman

1151 2805 1325 2830 transferens.
1336 2813 1344 2828 ι

1185 2838 1241 2871 (16)
1261 2838 1651 2872 Πηραστήσασθαι.5ὶοῐζες.
1666 2838 1692 2864 tl.
1710 2837 1773 2869 Alii,
1791 2836 1928 2872 παραστή-

1152 2873 1256 2905 σεσθαι,
1276 2874 1367 2900 tnittus
1382 2878 1463 2900 recte.
1480 2873 1558 2900 Em'r.

1188 2909 1242 2944 (17)
1263 2908 1311 2936 llic
1332 2910 1423 2936 deesse
1439 2908 1550 2940 videtur,
1567 2908 1606 2934 ἐκ.
1623 2907 1699 2935 Enn.
