2060 3140
131 156 192 184 1121

585 157 712 184 ORATIO
732 157 801 184 XXI.
827 175 857 178 —
879 159 913 186 IN
933 159 1074 186 LAUOE.“
1094 159 1291 188 A'I'HANASH.

1683 163 1753 191 “'22

127 214 173 240 καὶ
184 212 255 249 ὀρῶν
268 214 282 239 ὀ
294 212 380 244 δεινὸς
395 213 498 244 ἐκεῖνος
511 212 715 249 παραλογιστὴς
726 215 772 240 καὶ
787 214 908 250 διώκτης,

967 216 1090 242 doctrina
1106 216 1159 242 vim
1172 221 1199 242 et
1213 215 1370 244 facultatem
1391 224 1546 253 superaret.
1566 218 1753 254 Perspiciebal-

125 259 185 285 οὐδὲ
196 259 242 284 ἐπὶ
257 257 304 284 τοῦ
319 258 477 294 πλάσματος
488 258 529 285 ἔτι
542 259 617 294 μένει
633 259 680 285 καὶ
694 259 743 294 τῆς
757 261 916 296 σοφιστικῆς

125 305 330 341 ἀνελευθερίας·
345 305 411 332 ἀλλὰ
434 305 483 341 τὴν
500 305 629 341 πονηρίαν
654 306 810 340 γυμνώσας,
836 315 916 340 φανε-

127 352 180 387 ρῶς
200 352 354 386 ὑπερορίζει
383 351 428 378 τὺν
455 351 539 388 ἄνδρα
556 353 605 386 τῆς
624 352 738 384 πόλεως.
764 353 838 380 Ἔδει
861 352 915 388 γὰρ

125 398 199 433 τρισὶ
223 397 392 432 παλαίσμασι
420 397 475 432 (18)
492 398 537 424 τὸν
554 398 684 431 γεννάδαν
703 399 862 433 νικήσαντα,
873 407 915 425 τε-

125 443 199 474 λείας
214 445 305 478 τυχεῖν
320 443 366 469 καὶ
380 443 430 478 τῆς
440 443 625 478 ἀναρρήσεως.

967 261 1038 287 enim
1062 260 1129 288 nihil
1155 261 1205 288 sibi
1224 270 1257 288 ex
1276 262 1333 289 suis
1352 263 1378 289 in
1401 272 1449 290 nos
1466 265 1588 293 consiliis
1610 267 1749 299 accedere,

967 307 1038 340 quod
1056 308 1186 334 adversus
1200 314 1261 333 eum
1280 308 1306 334 in
1325 309 1383 335 acie
1395 314 1480 337 staret
1491 311 1665 343 Athanasius,
1680 311 1754 345 ejus-

967 359 1020 386 que
1034 353 1176 379 conatibus
1191 353 1348 380 obsisteret.
1375 355 1401 381 Id
1425 357 1506 388 enim,
1530 358 1601 390 quod
1617 364 1649 384 ex
1670 358 1751 384 Chri—

967 397 1063 423 stianis
1081 399 1238 429 decedebat,
1262 399 1401 432 gentilium
1424 402 1579 429 accessione
1612 403 1752 437 ipsiusque

967 444 1110 477 prudentia
1133 445 1253 478 quotidie
1278 445 1461 480 supplcbatur,
1485 448 1510 474 id
1527 448 1597 481 quod
1618 456 1682 475 sane
1701 449 1752 475 mi-

129 490 242 516 randum
282 493 350 514 erat.
377 488 442 521 Qua:
474 496 534 515 cum
559 489 671 515 callidus
694 488 737 515 ille
766 489 897 523 impostor
921 493 948 515 et
967 494 1126 522 perscrutor
1143 490 1372 517 animadverteret
1393 496 1420 518 et
1439 497 1572 524 cerneret,
1599 501 1633 520 ne
1655 501 1750 527 perso-

127 543 190 562 natn
204 535 311 569 quidem
327 534 427 561 diutius
440 533 520 565 ferre,
545 542 577 561 ac
595 535 742 569 sophistica
765 540 792 562 et
816 535 906 562 servili
925 534 1143 562 dissimulatione
1176 536 1213 561 uti
1231 537 1375 569 sustinuit;
1402 545 1494 564 verum
1517 538 1600 565 animi
1634 546 1748 573 perver-

127 583 206 608 sitate
220 579 338 609 detecta,
354 578 441 612 palam
472 585 617 612 aperteque
651 578 786 606 hominem
802 587 817 606 e
843 579 952 606 civitate
971 580 1107 606 exturbat.
1124 579 1266 614 Egregium
1291 581 1362 608 enim
1381 582 1467 609 virutn
1486 583 1584 617 triplici
1599 585 1750 612 certamine

127 626 236 654 vincere
252 625 403 658 oportebat,
418 627 446 649 ut
467 623 614 657 perfectum
637 623 718 650 etiam
742 623 906 658 praconinm
928 629 1150 658 consequeretur.

161 672 222 699 Al".
238 671 344 705 Μικρὸν
358 669 427 696 τὸέν
446 669 529 704 μέσῳ,
543 669 589 695 καὶ
600 669 719 704 Πέρσαις
743 669 792 704 μὲν
815 670 832 704 ἡ
851 669 911 704 δίκη

125 718 208 746 δοῦσα
219 718 265 744 τὸν
278 717 429 752 ἀλιτήριον,
446 716 504 742 ἐκεῖ
518 715 640 747 δικάζει·
653 716 698 741 καὶ
715 714 825 750 βασιλέα
836 715 912 750 φιλό-

124 773 203 799 τιμον
229 762 446 798 παραπέμψασα,
471 761 565 796 νεκρὸν
582 761 723 794 ἐπανάγει,
740 760 807 796 μηδὲ
824 760 912 786 ἐλεού-

127 817 222 844 μενον·
240 808 278 838 ὡς
300 806 327 832 δὲ
343 805 398 840 ἐγώ
422 805 493 836 τινός
512 814 552 831 σοι
567 805 622 839 (19)
650 805 764 839 ἤκουσα,
791 805 858 840 μηδὲ
872 805 911 840 τῷ

125 855 203 889 τάφῳ
227 851 513 888 προσλαμϐανόμενον,
538 850 594 877 ἀλλ’
619 850 671 877 ὑπὸ
687 851 737 886 τῆς
761 850 908 885 σεισοείσης

966 859 1018 881 tem
1053 854 1241 881 transmiserat
1254 874 1261 886 ,

123 900 157 927 δι’
169 899 249 926 αὑτὸν
262 899 313 933 γῆς
322 898 513 933 ἀποσειόμενον
524 897 569 923 καὶ
580 897 829 932 ἁναϐρασσόμενον·
842 904 909 932 προ-

123 945 221 982 οίμιον,
241 943 328 980 οἶμαι,
346 944 394 979 τῆς
410 929 513 970 ἐκεῖθεν
535 943 680 974 κολάσεως.
705 943 859 969 Ἀνίσταται
881 942 910 968 δὲ

124 991 249 1027 βασιλεὺς
265 991 358 1024 ἕτερος
373 990 439 1025 (20),
454 990 503 1016 οὐκ
520 989 630 1023 ἀναιδὴς
643 988 681 1023 τῷ
692 987 829 1023 προσώπῳ
840 988 909 1014 κατὰ

122 1038 167 1065 τὸν
182 1036 391 1073 προειρημένον,
407 1035 467 1062 οὐδὲ
475 1036 530 1065 τοῖς
546 1035 674 1069 πονηροῖς
688 1033 779 1068 ἔργοις
793 1034 839 1060 καὶ
851 1034 910 1059 ἑπι-

123 1084 233 1114 στάταις
255 1082 386 1108 ὲκθλίϐων
403 1080 449 1107 τὸν
469 1079 587 1115 Ἰσραὴλ,
613 1078 682 1105 ἀλλὰ
696 1079 742 1104 καὶ
752 1079 811 1105 λίαν
833 1079 910 1104 εὐσε-

123 1130 172 1165 ϐής
182 1137 212 1155 τε
225 1128 270 1154 καὶ
283 1128 385 1162 ἥμερος
396 1134 402 1141 '
422 1126 462 1158 ὃς,
478 1126 521 1151 ἵνα
535 1125 648 1159 ἀρίστην
669 1123 756 1159 ἐαυτῷ
775 1124 910 1158 καταστή-

123 1184 203 1210 σηται
217 1174 271 1209 (21)
285 1173 334 1208 τὴν
345 1173 394 1208 τῆς
420 1171 555 1206 βασιλείας
572 1170 702 1205 κρηπῖδα,
727 1171 774 1197 καὶ
793 1170 854 1197 ὅθεν
869 1170 910 1196 δεῖ

123 1221 189 1255 (2-2),
200 1219 250 1254 τῆς
263 1218 390 1254 εὐνομίας
404 1217 529 1253 ἄρξηται,
548 1215 606 1242 λύει
623 1216 671 1251 μὲν
683 1217 738 1247 τοῖς
752 1216 909 1247 ἐπισκόποις

121 1266 170 1302 τὴν
188 1266 306 1301 ὲξορίαν,
326 1266 383 1296 τοῖς
400 1272 429 1290 τε
452 1263 542 1294 ἄλλοις
559 1263 655 1294 ἅπασι,
670 1262 717 1288 καὶ
730 1262 782 1298 πρὸ
800 1262 908 1288 πάντων

121 1313 160 1348 τῷ
175 1312 228 1349 πρὸ
242 1311 350 1338 πάντων
360 1311 408 1345 τὴν
420 1309 529 1346 ἀρετὴν,
545 1309 592 1336 καὶ
603 1309 744 1345 προδήλως
758 1309 813 1345 (25)
837 1308 908 1344 ὑπὲρ

121 1358 169 1393 τῆς
186 1356 327 1387 εὐσεϐείας
350 1355 537 1390 πολεμηθέντι.
550 1355 632 1389 Ζητεῖ
651 1355 680 1381 δὲ
690 1355 740 1390 τῆς
757 1354 817 1380 καθ’
835 1355 908 1389 ἡμᾶς

121 1403 239 1434 ῇίστεως
262 1402 312 1437 τὴν
337 1401 474 1436 ἀλήθειαν,
500 1401 552 1427 ὑπὸ
578 1401 681 1427 πολλῶν
698 1400 908 1427 διασπασθεῖσαν

121 1449 168 1476 καὶ
183 1448 373 1483 συγχυθεῖσαν,
403 1447 450 1473 καὶ
467 1448 507 1477 εἰς
529 1447 629 1479 πολλὰς
645 1446 722 1480 δόξας
746 1447 793 1473 καὶ
810 1446 908 1482 μοίρας

120 1494 321 1530 νενεμημένην·
340 1492 410 1519 ὥστε
429 1493 546 1527 μάλιστα
573 1492 621 1528 μὲν
645 1492 690 1519 τὸν
717 1491 818 1527 κόσμον
834 1491 904 1523 ὅλον,

119 1542 144 1568 εί
157 1538 212 1568 οἷόν
223 1549 264 1573 τε,
277 1539 456 1575 συμφωνῆσαι
467 1538 533 1573 (24),
549 1539 596 1565 καὶ
612 1539 651 1569 εἰς
664 1538 692 1564 ἓν
703 1538 790 1564 ἐλθεῖν
800 1539 832 1573 τῇ
843 1546 901 1563 συν-

120 1587 200 1623 εργίᾳ
230 1586 276 1614 τοῦ
293 1586 451 1621 Πνεύματος
462 1593 468 1599 ·
483 1584 547 1611 εἰδὲ
570 1584 612 1616 οὒ,
637 1584 694 1611 ἀλλ’
708 1583 789 1611 αὐτόν
806 1583 861 1619 (25)
875 1591 907 1617 γε

121 1633 191 1669 μετὰ
200 1633 249 1668 τῆς
261 1632 402 1668 βελτίστης
425 1629 562 1665 γενέσθαι,
581 1630 694 1666 κάκείνῃ
719 1630 869 1666 παρασχεῖν
878 1629 909 1655 τὸ

120 1678 231 1714 κράτος,
249 1678 296 1704 καὶ
311 1677 376 1713 παρ’
389 1677 497 1711 ἐκείνης
511 1675 675 1707 ἀντιλαϐεῖν,
688 1675 748 1702 λίαν
757 1675 865 1710 ὑψηλῶς
879 1683 908 1701 τε

120 1724 167 1751 καὶ
184 1722 401 1759 μεγαλοπρεπῶς
418 1722 483 1757 περὶ
499 1722 553 1748 τῶν
563 1722 698 1756 μεγίστων
708 1720 811 1747 διανοοὑ
816 1729 906 1755 μενος.

122 1770 206 1796 Ἔνθα
220 1769 252 1805 δὴ
266 1769 312 1795 καὶ
327 1768 443 1803 μάλιστα
458 1767 590 1802 διεδείχθη
605 1767 652 1793 τοῦ
668 1765 763 1801 ἀνδρὸς
783 1767 799 1801 ἡ
823 1766 909 1792 καθα-

122 1816 212 1851 ρότης,
229 1814 276 1840 καλ.
289 1814 319 1840 τὸ
345 1813 487 1848 στερέωμα
511 1812 561 1847 τῆς
575 1813 615 1843 εἰς
639 1811 756 1847 Χριστὸν
780 1811 906 1842 πίστεως.

121 1861 179 1887 Τῶν
194 1859 248 1895 γὰρ
264 1859 351 1885 ἄλλων
365 1858 503 1889 ἁπάντων,
517 1858 573 1883 ὅσοι
591 1856 638 1883 τοῦ
657 1856 717 1883 καθ’
729 1857 803 1892 ἡμᾶς
816 1856 906 1890 λόγου,

119 1906 200 1942 τριχῆ
212 1905 413 1940 νενεμημένων,
433 1903 480 1929 καὶ
500 1902 603 1929 πολλῶν
620 1901 668 1937 μὲν
679 1901 763 1928 ὄντων
773 1901 826 1927 τῶν
844 1901 907 1936 περὶ

120 1953 166 1979 τὸν
180 1952 245 1978 Υίδν
259 1949 483 1986 ἀρρωστούντων,
509 1948 639 1974 πλειόνων
666 1947 695 1974 δὲ
717 1947 771 1974 τῶν
797 1947 860 1982 περὶ
876 1946 906 1972 τὸ

121 1997 233 2033 Πνεῦμα
257 1997 288 2024 τὸ
312 1997 400 2030 ἅγιον,
426 1995 490 2022 ἔνθα
519 1994 566 2021 καὶ
582 1993 612 2020 τὸ
631 1992 686 2028 (26)
705 1990 786 2028 ἦττον
799 1993 906 2019 ἀσεϐεῖν

121 2044 245 2071 εὐσέϐεια
259 2042 398 2078 ἐνομίσθη,
415 2041 504 2075 ὀλίγου
520 2041 576 2075 (27)
587 2040 615 2066 δὲ
625 2039 678 2066 τῶν
691 2040 750 2066 κατ’
764 2039 906 2074 ἀμφότερα

121 2090 287 2124 ὑγιαίνοντος
298 2097 305 2104 ο
322 2087 429 2124 πρῶτος
447 2086 493 2112 καὶ
504 2086 593 2120 μόνος,
612 2084 734 2120 ἦκομιδῆ
748 2085 796 2111 σὺν
807 2084 906 2118 ὀλίγοις

121 2135 262 2170 ἀποτολμᾷ
278 2133 327 2169 τὴν
343 2132 470 2168 ἀλήθειαν
498 2130 591 2165 σαφῶς
607 2130 705 2156 οὑτωσὶ
728 2129 776 2156 καὶ
799 2129 906 2165 διαρρή-

121 2181 180 2217 δην,
195 2181 248 2207 τῶν
269 2179 352 2215 τριῶν
369 2178 433 2214 μίαν
456 2177 569 2212 θεότητα
587 2175 633 2202 καὶ¹
649 2175 743 2202 οὐσίαν
761 2175 906 2209 ἐγγράφως

121 2226 290 2262 ὁμολογήσας
303 2225 373 2260 (28)·
386 2224 432 2250 καὶ
449 2224 463 2250 ὃ
477 2223 516 2258 τῷ
531 2221 620 2256 πολλῷ
635 2220 688 2248 τῶν
704 2220 833 2256 Πατέρων
848 2220 906 2255 ἀρι-

123 2272 183 2308 Θμῷ
203 2272 258 2307 (29)
276 2271 339 2307 περὶ
360 2270 405 2296 τὸν
424 2269 488 2295 Υἰὸν
515 2267 646 2303 ἐχαρίσθη
666 2267 807 2302 πρότερον,
829 2266 907 2292 τοῦτο

159 2363 213 2398 (18)
239 2361 320 2400 Τρισὶ
343 2360 542 2400 :tglatt’qpam:
567 2369 576 2385 t
591 2358 700 2400 'l‘_riplici
723 2358 901 2400 certapti‘uea

123 2393 186 2425 Tria
205 2393 289 2424 subiit
305 2397 397 2424 exsilia
411 2393 584 2422 Athanasius.
606 2394 724 2420 Primum
736 2413 744 2425 ,
767 2393 817 2419 sub
833 2393 904 2419 Cou-

123 2433 257 2464 stantino;
274 2431 430 2462 secundum,
445 2430 495 2457 sub
515 2429 690 2460 Constantio;
714 2429 833 2459 tertium,
855 2428 905 2454 sub

123 2468 301 2544 Jﬁlt'ii‘f'zot.
324 2500 402 2527 Deest
423 2500 449 2526 in
466 2498 548 2527 Coisl.
563 2499 588 2532 l,
603 2498 650 2526 Or.
665 2498 690 2531 t,
714 2497 827 2532 aliisque
849 2497 907 2532 plu-

124 2538 214 2613 Ϊῖιῗέὶςδ)
232 2571 382 2604 Βασιλεὺς
407 2569 517 2603 ἕτερος.
538 2564 651 2596 Schol.:
673 2567 810 2599 Ὶοὸιοινὸς,
834 2576 843 2592 t
863 2566 907 2594 Jo-

123 2615 482 2679 :l?;|:;.l;ataatiiﬂntqt:_
498 2637 543 2665 Sic
559 2637 666 2679 optima:
693 2642 762 2664 noue
787 2637 904 2679 codices.

124 2673 191 2711 Res.
207 2673 233 2710 ξι,
251 2677 419 2711 καταστήσῃ.
432 2673 484 2700 Alii
508 2681 569 2701 cum
593 2673 689 2704 editis,
714 2673 906 2707 προκαταστή-

237 2745 294 2788 est.
311 2745 356 2772 Sic
374 2743 464 2778 plures
480 2743 575 2779 Regg.,
598 2743 650 2769 duo
664 2741 761 2774 Coisl.,
773 2746 801 2768 et
816 2740 862 2768 Οι·.
878 2741 903 2768 t.

124 2780 224 2852 lu
235 2781 402 2852 flgcqqlwe.
416 2813 488 2846 Pan,
501 2812 659 2851 προθρμως.
674 2846 702 2852 Μ

170 2815 205 2842 25
235 2815 402 2848 Προδήλως.
416 2815 488 2846 Par.,
501 2815 659 2851 rrpoegpmg.

161 2815 216 2885 (24)
237 2851 271 2877 Et
286 2848 351 2877 οἶόν
372 2857 414 2880 τε,
438 2854 648 2882 συμφωνησαι.
674 2846 719 2874 Sic
736 2846 818 2882 Regg.
835 2854 859 2879 a,
882 2854 908 2876 c,

1001 669 1120 696 XXXI”.
1142 670 1199 697 Non
1230 670 1343 698 multum
1376 674 1506 707 temporis
1534 675 1747 712 intercesserat,

964 723 1025 743 cum
1051 716 1163 750 impium
1186 717 1260 744 illum
1292 722 1319 744 ct
1344 719 1508 754 sacrilegum
1536 722 1568 748 ad
1585 721 1682 750 Persas
1708 725 1749 752 vis

966 763 1084 789 numinis
1101 763 1182 790 ultrix
1197 764 1313 798 ablegat.
1334 764 1442 798 illicqne
1458 774 1566 794 causam
1591 769 1723 803 disceplat
1739 779 1746 797 :

966 812 992 833 et
1007 815 1086 842 quem
1102 808 1275 842 magniﬁcum
1291 815 1318 836 ct
1334 810 1445 838 honoris
1458 813 1607 846 cupiditate
1630 813 1750 848 ﬂagran-

1306 857 1430 883 eumtlem
1456 863 1593 886 mortuum
1622 861 1748 894 reducit,

960 899 1045 935 408
1070 908 1104 928 ne
1129 901 1304 928 miseratione
1323 903 1430 937 quidem
1455 911 1616 939 quemquam
1633 914 1749 941 permo—

962 951 1071 972 ventem
1088 954 1095 971 :
1113 946 1178 980 imo,
1195 951 1224 973 ut
1242 947 1307 974 ntihi
1323 949 1457 982 quispiam
1483 951 1612 983 narravit,
1640 960 1690 980 nec
1714 954 1747 980 ad

961 991 1126 1025 sepulturam
1153 997 1332 1026 assumptum,
1351 995 1397 1020 sed
1425 1002 1439 1020 a
1464 1000 1554 1028 terra,
1582 1005 1642 1031 qute
1664 999 1748 1032 ipsius

961 1044 1041 1063 causa
1054 1037 1160 1064 turbata
1173 1037 1275 1070 fuerat,
1291 1047 1447 1073 excussum,
1460 1046 1581 1076 astuque
1596 1043 1747 1072 vehementi

961 1081 1108 1116 projectum
1124 1091 1131 1109 :
1150 1083 1330 1118 insequentis,
1346 1090 1375 1111 ut
1393 1085 1498 1119 opinor,
1513 1088 1635 1121 supplicii
1650 1091 1748 1124 praelu-

960 1127 1045 1153 dium.
1060 1128 1153 1162 Surgit
1172 1133 1263 1156 autem
1279 1129 1348 1156 alter
1368 1130 1526 1164 imperator,
1546 1131 1615 1160 facie
1637 1135 1748 1162 minime

961 1172 1111 1206 impudens,
1135 1175 1364 1208 quemadmodum
1390 1176 1423 1208 is,
1449 1177 1482 1204 de
1506 1185 1561 1212 quo
1583 1184 1645 1206 attte
1665 1181 1746 1206 verba

960 1217 1084 1251 fecimus,
1097 1227 1146 1246 nec
1163 1220 1253 1254 pravis
1274 1222 1401 1255 operibus
1429 1227 1456 1249 et
1477 1230 1589 1257 operum
1613 1226 1748 1259 prtelectis

959 1261 1083 1290 lsraelem
1099 1265 1265 1298 oppritnens,
1276 1266 1322 1292 sed
1333 1266 1398 1293 mira
1415 1267 1513 1300 pietate
1522 1269 1662 1304 animique
1677 1270 1745 1297 leni-

961 1313 1014 1336 tate
1038 1310 1183 1343 prmditus;
1206 1311 1262 1344 qui,
1291 1316 1320 1338 ut
1346 1312 1556 1346 pulcherrimum
1580 1314 1685 1348 imperii
1703 1317 1743 1343 sui

960 1354 1289 1390 Inntlantentumjuceret,
1301 1358 1552 1392 rectamqnelcgum
1566 1361 1744 1392 sanctionem,

960 1400 1029 1427 unde
1055 1394 1243 1432 conveniebat,
1270 1402 1467 1436 auspicaretur,
1494 1411 1553 1430 cunt
1570 1412 1664 1431 omnes
1678 1405 1746 1432 alios

958 1445 1111 1479 episcopos,
1132 1450 1187 1472 tum
1203 1453 1265 1472 eum
1280 1452 1341 1473 ante
1353 1454 1459 1478 omnes,
1484 1449 1528 1482 qui
1547 1450 1670 1476 omnibus
1690 1450 1746 1476 vir-

960 1495 1017 1518 tute
1030 1491 1185 1526 praestabat,
1200 1498 1232 1519 ac
1247 1493 1314 1519 citra
1332 1493 1527 1520 dubitationem
1543 1494 1622 1521 ullam
1635 1495 1746 1529 pietatis

959 1545 1040 1564 causa
1061 1543 1233 1572 oppugnatus
1250 1538 1350 1570 fuerat,
1369 1538 1404 1566 ab
1414 1540 1509 1567 exsilio
1533 1545 1651 1568 revocat.
1675 1541 1745 1574 Quin

960 1583 1041 1610 etiam
1060 1583 1121 1610 ﬁdei
1137 1589 1238 1611 nostra:
1254 1585 1395 1611 veritatem
1420 1593 1435 1612 a
1453 1586 1545 1613 multis
1558 1586 1703 1614 laceratam
1718 1593 1746 1615 et

959 1630 1156 1663 perturbatam.
1171 1634 1252 1663 atque
1267 1630 1293 1656 in
1309 1636 1453 1658 sexcentas
1474 1632 1616 1665 opiniones
1640 1638 1746 1666 partes-

959 1681 1011 1708 que
1043 1674 1213 1707 distractam,
1232 1677 1339 1708 quzerit,
1367 1680 1396 1702 ut
1422 1676 1539 1703 maxime
1555 1677 1663 1710 quidem
1680 1679 1743 1705 uiti-

959 1724 1054 1744 versus
1067 1717 1152 1749 orbis,
1175 1718 1198 1744 si
1216 1718 1275 1745 ﬁeri
1292 1723 1393 1753 posset,
1415 1720 1442 1746 in
1466 1720 1528 1747 ﬁdei
1552 1722 1660 1755 negotio
1677 1730 1745 1750 con-

959 1763 1088 1796 sentiret,
1105 1762 1278 1798 Spiritusque
1301 1765 1401 1792 auxilio
1427 1766 1452 1792 in
1476 1773 1558 1792 unum
1579 1768 1683 1795 coiret:
1702 1769 1744 1795 sin

960 1808 1061 1841 minus,
1089 1809 1145 1842 ipse
1169 1814 1243 1835 certe
1271 1810 1379 1843 optimm
1395 1811 1465 1844 parti
1491 1819 1551 1839 sese
1578 1812 1743 1848 adjungeret,

959 1853 1094 1888 simulque
1110 1859 1137 1880 et
1148 1854 1171 1881 ei
1186 1854 1269 1881 robur
1280 1855 1399 1888 atIerret,
1415 1861 1443 1883 et
1454 1856 1488 1884 ab
1499 1865 1529 1884 ea
1543 1858 1660 1885 vicissim
1676 1861 1745 1886 acci-

958 1904 1044 1934 peret,
1064 1900 1170 1927 excelse
1186 1900 1266 1928 simul
1281 1906 1309 1928 et
1324 1903 1464 1934 magniﬁce
1478 1904 1511 1930 de
1524 1904 1603 1931 rebus
1620 1905 1744 1932 maximis

959 1946 1091 1979 cogitans.
1111 1946 1200 1979 Atque
1225 1946 1268 1973 hic
1288 1948 1458 1981 potissimum
1484 1950 1649 1977 Athanasius
1669 1953 1744 1986 puri-

959 1992 1022 2019 tatis
1035 1999 1090 2018 sua:
1105 1992 1220 2026 ﬁdeique
1243 1993 1269 2019 in
1290 1993 1427 2020 Christum
1445 1995 1528 2022 ﬁrmae
1548 2001 1575 2022 et
1592 1998 1745 2023 constantis

958 2037 1093 2071 specimen
1106 2038 1200 2065 edidit.
1213 2038 1279 2065 Nam
1292 2047 1352 2066 cum
1366 2041 1455 2067 caueri
1467 2049 1571 2074 omnes,
1584 2043 1629 2077 qui
1642 2043 1743 2070 doctri-

959 2090 1021 2110 nam
1036 2088 1157 2110 noslram
1173 2084 1379 2118 proﬁtebantur,
1397 2086 1527 2114 trifariam
1544 2087 1622 2114 divisi
1639 2093 1742 2120 essent,

959 2137 991 2157 ac
1004 2129 1080 2156 multi
1095 2129 1168 2157 circa
1185 2130 1294 2162 Filium,
1311 2130 1400 2164 plures
1424 2132 1505 2158 etiam
1521 2133 1593 2160 circa
1610 2131 1740 2168 Spiritum

959 2180 1192 2210 sanctumwgram
1210 2176 1289 2203 ﬁdem
1309 2177 1438 2204 haberent
1473 2178 1528 2208 (ibi
1548 2178 1633 2206 levior
1646 2179 1741 2214 impie-

961 2226 1002 2248 tas
1040 2221 1147 2256 pietatis
1185 2222 1340 2256 opinionem
1373 2222 1505 2258 ferebat),
1543 2225 1621 2258 pauci
1651 2230 1741 2252 autem

960 2267 1087 2301 utrinque
1109 2267 1167 2294 satti
1191 2272 1218 2294 et
1235 2267 1382 2295 incolumes
1404 2273 1504 2301 essent,
1528 2269 1631 2304 primus
1649 2270 1693 2298 ille
1715 2275 1743 2298 et

953 2357 1083 2390 d,0r.l.
1105 2357 1174 2392 Jes.,
1192 2363 1257 2397 etc._,
1283 2367 1344 2397 cum
1369 2358 1413 2397 illo
1441 2362 1543 2385 tantum
1572 2357 1739 2397 discrimine,

953 2395 1034 2426 quod,
1058 2400 1105 2427 pro
1128 2394 1318 2428 συμφωνῆσαι,
1336 2394 1460 2423 habeant.
1485 2393 1686 2428 συμφρονῆσαι.
1710 2393 1740 2420 ln

957 2428 1001 2455 ed.
1018 2431 1092 2454 deest
1107 2429 1141 2459 εἰ,
1159 2433 1186 2455 et
1205 2436 1252 2460 pro
1266 2437 1306 2460 τε,
1322 2428 1426 2462 legitur,
1440 2436 1477 2454 τι.

995 2462 1052 2497 (25)
1071 2463 1107 2489 Et
1131 2462 1165 2490 δὲ
1189 2463 1242 2493 οὒ.
1262 2463 1330 2490 ἀλλ’
1352 2464 1454 2490 αὐτόν.
1484 2462 1566 2497 Βρςε.
1590 2463 1653 2493 bm,
1685 2462 1739 2496 ph.

959 2496 1051 2532 decem
1068 2497 1157 2528 συιδ..
1175 2498 1265 2530 αὐτός.
1282 2498 1310 2525 ln
1328 2498 1370 2525 ed.
1390 2503 1417 2525 et
1433 2496 1591 2532 quibusdam
1616 2497 1692 2531 aliis,
1714 2498 1740 2524 εί

959 2531 981 2558 δ’
992 2530 1047 2563 οὖν.
1060 2532 1117 2559 ἀλλ’
1134 2533 1224 2559 αὐτόν.

996 2567 1052 2600 (26)
1075 2568 1119 2594 Τό.
1138 2567 1182 2594 Sic
1201 2572 1315 2601 quatuor
1332 2567 1415 2600 Rem.
1434 2567 1516 2594 Deest
1530 2566 1559 2593 τό
1574 2566 1599 2593 in
1615 2567 1660 2593 etl.

994 2601 1050 2636 (27)
1075 2602 1200 2636 Ὀλίτου,
1219 2607 1272 2629 etc.
1287 2602 1351 2633 Alii,
1369 2602 1466 2635 ὀλίγων
1480 2602 1507 2627 δὲ
1523 2601 1577 2628 τῶν
1587 2621 1594 2628 .
1608 2621 1615 2628 .
1628 2621 1635 2628 .
1652 2601 1742 2636 ὑγιαι-

959 2636 1067 2664 νόντων.
1085 2637 1153 2668 Alii,
1177 2637 1267 2671 ὀλίγου
1292 2637 1321 2664 δὲ
1344 2637 1391 2664 τοῦ
1417 2637 1593 2671 ὑγιαίνοντος.
1610 2636 1740 2663 Neutrum

959 2671 1080 2706 displicet
1093 2672 1266 2701 Combetisio.

993 2705 1050 2767 (28)
1076 2706 1240 2741 Ὲγγράφως
1273 2706 1474 2741 ὁμολογήσας.
1506 2705 1641 2740 Scriptum
1676 2705 1740 2732 illud

993 2747 1064 2767 ,etur
1076 2749 1135 2767 esse
1147 2742 1272 2767 svnndica
1290 2741 1406 2767 Euistola
1421 2743 1454 2767 ad
1467 2740 1620 2767 Iovianum.
1638 2739 1672 2767 de
1686 2748 1739 2767 uua

958 2739 1064 2776 videtur
1076 2739 1272 2776 esse’syitndica
1289 2739 1406 2775 Epistula
1421 2743 1454 2768 ad
1467 2740 1620 2773 Jovianum,
1638 2739 1672 2767 de
1686 2748 1739 2775 qua

961 2775 1258 2808 Theodoretus,’Hist.,
1274 2777 1321 2803 lib.
1336 2784 1373 2808 tv,
1390 2785 1415 2803 c.
1429 2777 1454 2804 5.

997 2811 1052 2846 (29)
1071 2811 1178 2844 Πολλῷ
1193 2811 1253 2838 τῶν
1272 2811 1409 2845 Πατέρων·
1423 2810 1544 2846 ἀριθμῷ.
1559 2811 1622 2840 Htec
1640 2810 1672 2839 de
1687 2809 1740 2839 PI-

964 2846 1050 2874 tribus
1069 2847 1175 2874 concilii
1192 2845 1292 2874 Nictcni
1311 2846 1433 2881 intelligit
1449 2846 1568 2874 Nicetas.
