2060 3140
333 155 402 182 H23

931 152 961 178 S.
982 149 1146 177 GREGORII
1167 148 1340 176 TIIEOLOGI

1887 149 1958 177 Ηὲι

333 215 420 245 solus,
437 218 482 240 aut
495 220 556 240 cum
578 211 723 239 admodmn
746 210 850 245 paucis.
874 209 1014 237 veritatem
1031 210 1116 244 palam

1171 210 1233 244 περὶ
1247 209 1294 235 τοῦ
1315 209 1392 242 ἁγίου
1415 208 1571 244 Πνεῦματος
1589 209 1668 241 αὐτὸς
1681 209 1863 244 ἐμπνευσθεὶς
1878 210 1958 237 ὕστε-

335 259 488 294 apertisque
501 258 592 285 verbis
610 257 782 292 promulgare
798 263 850 282 non
866 255 1017 287 dubitavit,
1033 263 1115 281 unum

338 306 419 332 trium
436 312 611 340 personarum
629 303 800 330 divinitatem
813 306 840 329 et
850 301 996 328 essentiam
1016 301 1117 334 scripto

333 351 475 378 confessus
495 355 540 378 :et
558 350 629 383 quod
651 349 744 376 multis
764 348 818 375 illis
838 347 965 375 Patribus
987 347 1060 374 circa
1075 346 1120 373 Fi-

334 396 399 421 lium
415 395 489 429 prius
501 401 661 422 cuncessum
683 393 789 423 fuerat,
813 393 883 419 idem
902 392 959 426 ipse
980 397 1071 426 postea
1093 391 1119 418 in

334 442 479 469 asserenda
494 442 609 475 Spiritus
629 441 713 468 sancti
733 439 873 467 divinitate
895 446 1013 473 superno
1029 437 1119 464 afﬂatu

1171 263 1227 290 ρον.
1245 255 1292 281 καὶ
1315 254 1399 289 δῶρον
1419 254 1556 289 βασιλικὸν
1579 254 1664 286 οντως
1685 255 1731 282 καὶ
1749 255 1958 291 μεγαλοπρεπὲς

1168 300 1207 335 τῷ
1229 300 1336 335 βασιλεί
1362 300 1561 336 προσενεγκὼν,
1585 300 1723 335 ἔγγραφον
1742 300 1791 336 τὴν
1815 301 1958 328 εὐσέϐειαν

1169 346 1240 373 κατὰ
1254 347 1303 382 τῆς
1314 346 1438 382 ἀγράφου
1452 346 1625 382 καινοτομίας
1641 346 1697 382 (50)
1706 355 1713 362 ·
1730 346 1773 373 ἵνα
1790 346 1896 382 βασιλεῖ
1906 347 1958 383 μὲν

1170 393 1305 428 βασιλεὺς,
1318 392 1389 428 λόγῳ
1399 393 1427 419 δὲ
1438 392 1525 427 λόγος,
1537 392 1680 428 γράμματι
1695 393 1723 419 δὲ
1740 393 1858 429 γράμμα
1873 402 1959 420 κατα-

1170 437 1328 472 παλαίηται.

333 493 504 515 cunseeutus.
516 488 604 521 Atque
615 485 770 520 imperatori
785 486 883 512 donum
895 491 958 511 vere
974 484 1077 520 regium
1091 488 1117 510 et
1137 483 1305 518 magnificum
1322 483 1412 515 olfert,
1434 485 1564 518 scriptam
1597 485 1725 512 nimirum
1764 485 1824 512 fidei
1845 485 1957 512 confes-

334 534 449 565 sionem,
464 533 593 560 adversus
609 538 706 558 novum
729 531 824 565 dogma
840 537 970 563 nusquam
993 529 1019 556 in
1039 529 1178 564 Scriptura
1193 535 1350 562 expressum
1371 537 1378 555 ι
1395 535 1424 556 ut
1458 530 1497 557 sic
1522 534 1549 557 et
1577 529 1766 564 imperatorem
1798 530 1957 564 imperator.

334 585 362 606 et
373 579 523 605 doctrinam
539 578 672 609 doctrina,
686 582 714 604 et
723 576 842 603 libellum
854 576 959 603 libellus
975 575 1112 609 frangeret
1130 579 1211 610 atque
1226 574 1403 609 opprimeret.

368 623 450 660 E09
473 622 591 649 XXXIV.
616 622 679 648 Mihi
698 621 777 655 hujus
801 620 981 648 confessionis
995 619 1116 646 auctori-

336 675 390 697 tate
405 668 518 704 permoti
532 668 668 698 videntur,
683 672 738 694 tum
752 665 950 698 Occidentales,
970 671 1028 691 tum
1039 664 1118 699 quid-

334 715 398 751 quid
412 715 439 742 iu
459 713 570 741 Oriente
589 713 671 739 vitale
689 716 748 743 est;
764 711 808 738 alii
834 711 942 745 quidem
968 710 1058 737 animo
1075 714 1117 736 te-

335 770 386 790 nus
411 762 538 795 pietatem
561 758 652 786 colunt
664 777 671 789 ,
687 758 710 784 si
726 757 790 791 quid
813 757 932 791 ipsorum
947 756 1038 782 verbis
1057 755 1117 782 fidei

338 808 490 835 habendmn
507 810 559 838 est,
580 804 692 831 ulterius
704 808 794 830 atttem
815 810 874 830 eam
887 809 940 829 non
956 801 1099 837 proferunt
1110 821 1119 833 ,

336 854 409 880 velut
426 857 561 879 mortuum
577 850 721 885 quemdam
737 849 838 880 fctum,
853 848 879 875 in
900 852 1022 874 materno
1042 852 1119 874 utero

338 899 523 930 exstinctum;
539 897 583 923 alii
605 903 669 922 vero
689 902 766 926 eam,
790 893 898 928 igniculi
918 893 1057 927 cuiusdam
1076 893 1119 920 in-
1135 887 1156 914 Β

336 949 406 977 star,
422 941 546 970 nonnihil
559 940 724 969 accendunt,
742 939 872 966 hactenus
882 938 997 970 scilicet,
1008 943 1038 964 ut
1051 942 1119 964 tem-

336 990 415 1024 peri,
448 993 529 1023 atque
554 985 765 1014 ferventioribus
793 984 967 1014 orthodoxis,
993 988 1039 1010 aut
1068 983 1120 1018 pia:

336 1035 406 1069 plebi
421 1039 558 1067 utcunque
582 1031 768 1063 satisfaciant;
789 1030 835 1057 alii
857 1030 973 1064 denique
988 1033 1042 1056 tota
1060 1037 1119 1056 ver-

336 1082 430 1107 horum
447 1080 571 1106 libertate
593 1078 733 1105 veritatem
750 1077 915 1111 praedicant.
930 1083 943 1101 a
967 1082 1020 1109 qua
1043 1079 1120 1109 parte

336 1127 439 1153 utinam
453 1125 510 1160 ipse
525 1129 609 1152 stem:
624 1131 674 1150 nee
689 1122 761 1150 enim
778 1121 863 1155 majus
875 1121 1002 1155 quiddam
1016 1120 1120 1154 jactare

335 1173 441 1204 audeo;
457 1179 508 1198 non
526 1170 580 1204 iam
598 1168 736 1196 timiditati
750 1175 834 1200 mete,
849 1167 920 1194 sicut
936 1174 987 1194 nec
1002 1166 1118 1193 aliorunt

337 1217 450 1251 ignavia:
472 1224 505 1243 ac
533 1215 632 1242 mentis
666 1212 849 1251 imbecillitati
875 1211 1013 1239 consulam
1037 1210 1121 1247 (satis

335 1264 434 1291 etenim
447 1269 583 1298 superque
600 1249 813 1296 dispeiusavimus
825 1278 832 1290 ,
850 1265 902 1286 non
918 1258 997 1285 modo
1017 1257 1120 1285 alienos

336 1309 414 1336 nobis
429 1316 482 1336 non
500 1307 676 1341 adjungentes
686 1325 694 1337 ,
708 1305 755 1332 sed
772 1308 880 1331 nostros
893 1302 974 1329 etiam
993 1310 1120 1330 corrum-

336 1360 446 1390 pentes,
464 1353 535 1388 quod
562 1359 627 1379 sane
647 1350 777 1377 malorum
795 1348 1010 1382 dispensatorunt
1036 1348 1096 1382 est)
1111 1357 1119 1381 ς

1205 620 1266 646 ΛΔ’.
1281 619 1389 655 Ταύτην
1412 629 1457 655 μοι
1474 619 1598 647 δοκοῦσιν
1622 620 1775 656 αἰδούμενοι
1796 629 1845 657 την
1858 622 1959 657 ὁμολο-

1171 665 1243 700 γίαν,
1260 666 1286 692 οῖ
1299 675 1328 692 τε
1341 667 1390 702 τῆς
1403 666 1542 702 ἑσπερίας,
1561 667 1668 702 καὶτῆς
1689 667 1769 703 ἑῴας,
1787 668 1848 695 ὅσον
1864 667 1960 702 βιώσι-

1173 720 1222 747 μον
1233 720 1240 726 ·
1256 713 1279 738 οἱ
1303 712 1353 747 μὲν
1370 713 1449 748 μέχρι
1470 713 1589 744 διανοίας
1615 713 1691 747 ἄγειν
1709 713 1740 740 τὸ
1755 714 1876 746 εὐσεϐὲς,
1894 713 1922 741 εἰ
1931 723 1958 741 τι

1172 758 1299 792 λέγουσιν
1311 759 1401 790 αὐτοῖς
1420 759 1588 789 πιστευτέον.
1602 759 1756 795 περαιτέρω
1771 760 1799 786 δὲ
1828 760 1865 796 μὴ
1887 769 1958 796 προ-

1173 806 1249 839 άγειν
1265 805 1329 840 (51),
1357 805 1450 840 ὥσπερ
1465 814 1491 831 τι
1509 805 1604 840 νεκρὸν
1627 805 1720 840 κύημα
1736 807 1795 837 ταῖς
1821 807 1959 842 μητράσιν

1172 850 1387 885 ἐναποθνῆσκον·
1406 851 1435 891 οἱ
1461 850 1489 877 δὲ
1501 851 1556 885 (5'2)
1580 851 1676 886 μικρὸν
1703 851 1838 884 ἐξάπτειν,
1861 851 1959 887 ὥσπερ

1172 896 1322 930 σπινθῆρας
1334 896 1402 931 (55),
1420 896 1481 922 ὅσον
1496 896 1672 930 ἀφοσιοῦσθαι
1686 896 1730 922 τὸν
1749 897 1855 932 καιρὸν,
1870 896 1886 932 ἢ
1902 897 1959 923 τῶν

1171 941 1318 976 ὀρθοδόξων
1342 943 1405 973 τοὺς
1431 942 1622 978 θερμοτέρους,
1639 942 1657 978 ἢ
1672 941 1726 968 τῶν
1750 942 1821 968 λαῶν
1834 941 1864 968 τὸ
1880 941 1958 976 φιλό-

1173 987 1233 1013 θεον
1245 995 1252 1002 ·
1267 988 1291 1013 οἱ
1303 987 1331 1014 δὲ
1346 988 1393 1014 καὶ
1407 987 1643 1023 παρρησιάζεσθαι
1654 987 1704 1023 τὴν
1720 987 1858 1023 ἀλήθειαν,
1873 985 1908 1024 ἧς
1923 987 1958 1014 ἂν

1174 1032 1233 1067 εῐην
1245 1032 1299 1066 ἐγὼ
1312 1033 1420 1068 μερίδος
1433 1041 1439 1048 ·
1464 1033 1494 1059 οὐ
1512 1033 1566 1068 γὰρ
1580 1033 1671 1069 τολμῶ
1683 1042 1710 1060 τι
1725 1033 1805 1060 πλέον
1817 1033 1872 1068 (54)
1888 1042 1957 1060 καυ-

1174 1078 1326 1112 χήσασθαι,
1351 1078 1448 1114 μηκέτι
1469 1079 1519 1114 τὴν
1535 1079 1604 1114 ἐμὴν
1624 1079 1725 1106 δειλίαν
1744 1078 1903 1114 οἰκονομῶν,
1919 1079 1957 1110 ὡς

1173 1123 1205 1158 δὴ
1221 1123 1270 1158 τὴν
1289 1123 1344 1150 τῶν
1364 1124 1534 1160 σαθροτέρων
1558 1125 1677 1151 διάνοιαν
1695 1125 1808 1160 (ἱκανῶς
1824 1124 1878 1160 γὰρ
1891 1123 1958 1159 ᾠκο-

1172 1170 1339 1205 νομήσαμεν,
1353 1170 1422 1205 μήτε
1437 1171 1468 1197 τὺ
1479 1170 1618 1206 ἀλλότριον
1634 1170 1899 1206 προσλαμϐάνοντες,
1910 1170 1958 1196 καὶ

1171 1213 1201 1239 τὸ
1216 1215 1348 1250 ἡμέτερον
1360 1215 1526 1250 φθείροντες,
1542 1215 1556 1242 ὃ
1572 1215 1664 1242 κακῶν
1673 1215 1758 1247 ὅντως
1774 1215 1846 1242 ἐστὶν
1859 1215 1957 1241 οἰκονό-

1173 1262 1241 1294 μων)
1253 1268 1260 1275 ·
1273 1260 1330 1286 ἀλλ’
1347 1261 1386 1292 εἰς
1401 1261 1457 1295 φῶς
1474 1261 1548 1294 ἄγων
1566 1260 1611 1287 τὸν
1624 1261 1712 1293 τόκον,
1727 1261 1774 1288 καὶ
1791 1261 1860 1296 μετὰ
1878 1269 1954 1287 σπου-

1170 1305 1218 1340 δῆς
1243 1305 1393 1341 ἐπιτρέφων,
1415 1306 1462 1333 καὶ
1489 1308 1550 1338 ταῖς
1573 1307 1699 1334 ἁπάντων
1717 1307 1794 1341 ὕψεσι
1819 1306 1957 1342 προτιθεὶς

1172 1350 1240 1385 (55).
1251 1351 1295 1377 ἀεὶ
1310 1351 1505 1387 τελειούμενον.

336 1407 431 1427 verum
465 1403 572 1433 partum
594 1397 620 1424 in
644 1395 732 1422 lucem
758 1393 868 1421 efferam
918 1397 946 1421 et
977 1399 1104 1420 accurate
1120 1395 1235 1423 nutriam
1288 1402 1369 1424 atoue
1398 1398 1519 1426 ruotidie
1551 1403 1740 1431 augescentem
1769 1397 1896 1426 omnibus
1922 1398 1958 1426 ob

337 1445 430 1473 oculos
441 1450 598 1478 proponam.

371 1488 482 1517 XXXV.
496 1488 549 1515 Sed
563 1488 613 1515 hoc
636 1487 663 1513 in
688 1486 734 1512 illo
755 1485 845 1512 minus
859 1485 1047 1512 admirationis
1069 1493 1119 1512 me-

1207 1486 1268 1512 AE’.
1295 1485 1379 1512 Τοῦτο
1394 1486 1443 1520 μὲν
1470 1484 1516 1513 οὖν
1529 1485 1584 1519 (56)
1599 1483 1680 1522 ἦττον
1697 1485 1751 1512 τῶν
1777 1485 1880 1512 ἐκείνου
1894 1485 1950 1512 θαιν

338 1537 392 1563 reri
407 1536 521 1562 videtur.
540 1533 605 1560 Nam
629 1532 720 1566 quire
745 1533 802 1566 ipsa
821 1538 869 1564 pro
884 1532 1008 1558 veritatis
1027 1531 1121 1558 defen-

337 1583 414 1609 sione
428 1580 554 1616 periculis
563 1587 593 1607 se
604 1579 751 1613 objecerat,
760 1578 824 1613 quid
837 1578 947 1608 mirum,
961 1577 983 1605 si
994 1579 1120 1604 eamdem

337 1628 440 1661 scripto
454 1625 596 1653 confessus
617 1624 670 1652 sit?
681 1624 757 1657 Quod
772 1631 836 1651 vero
851 1622 918 1650 mihi
943 1623 970 1650 in
991 1623 1049 1658 ipso
1065 1631 1122 1650 ma-

337 1673 410 1698 xime
434 1671 525 1698 mirari
554 1669 646 1701 subit,
666 1668 793 1704 quodque
813 1675 866 1695 non
893 1667 962 1695 citra
991 1668 1120 1695 damnum

337 1717 444 1745 silentio
458 1715 587 1751 praeteriri
598 1719 697 1750 potest,
713 1715 764 1742 hac
776 1713 927 1749 prmsertim
947 1717 1120 1747 tempestate,

337 1771 390 1798 qua
409 1762 500 1789 multae
516 1761 705 1789 contentiones
716 1760 883 1795 dissidiaque
894 1759 1053 1794 gignuntur.
1070 1761 1121 1786 hoc

337 1810 424 1836 adhuc
437 1807 624 1843 superioribus
637 1806 774 1841 adjiciam.
794 1805 862 1833 Nam
877 1806 920 1833 his
931 1813 1039 1841 quoque
1051 1825 1058 1837 ,
1075 1806 1121 1840 qui

337 1862 409 1882 nunc
432 1854 542 1886 vivunt,
568 1854 624 1880 hzcc
651 1853 722 1880 actio
742 1852 864 1879 doctrina
887 1859 948 1879 esse
970 1855 1070 1886 queat,
1098 1852 1120 1878 si

339 1902 426 1935 ipsum
453 1899 533 1926 nobis
553 1898 714 1926 imitandum
731 1905 923 1932 proponamus.
939 1897 1120 1931 Quemadmo-

337 1947 400 1973 dum
423 1944 495 1972 enim
509 1944 542 1971 ab
565 1951 618 1970 una
633 1948 658 1970 et
682 1943 776 1970 eadem
790 1951 859 1978 aqua
893 1950 945 1970 non
965 1947 1072 1969 tantum
1089 1950 1120 1970 ea

338 1997 400 2024 pars
425 1989 596 2024 disiungitur,
613 1996 694 2022 quam
724 1995 820 2014 manus
842 1988 912 2014 inter
940 1988 1121 2015 hauriendmn

338 2035 465 2070 reliquit,
479 2042 574 2062 verum
595 2035 620 2061 id
645 2035 726 2062 etiam
747 2035 818 2069 quod
836 2042 916 2060 manu
938 2034 1120 2068 comprehen-

336 2089 411 2112 sum,
428 2087 476 2115 per
491 2079 589 2114 digitos
612 2079 697 2106 eﬂluit
713 2089 720 2106 :
741 2079 835 2106 eodem
848 2080 928 2106 modo
944 2086 958 2105 a
973 2079 1050 2105 nobis
1069 2085 1120 2104 non

337 2127 426 2161 impia:
445 2125 530 2152 solum
548 2125 677 2152 doctrina.-
699 2125 815 2152 cultores
827 2144 835 2157 ,
851 2132 946 2151 verum
967 2124 1048 2151 etiam
1075 2125 1120 2158 qui

1174 1531 1268 1566 μάζειν
1287 1530 1370 1563 ἄξιον.
1392 1531 1421 1557 ’0
1442 1531 1495 1566 γὰρ
1514 1531 1586 1566 ἔργῳ
1603 1531 1652 1566 τῆς
1667 1530 1795 1565 ἀληθείας
1815 1531 1956 1567 προκινδυ·

1171 1576 1277 1609 νεύσας,
1297 1577 1323 1603 τί
1341 1577 1496 1612 θαυμαστὸν
1516 1578 1541 1603 ει
1552 1577 1695 1612 γράμματι
1717 1576 1817 1611 ταύτην
1830 1577 1952 1611 καθωμο-

1171 1623 1299 1658 λόγησεν;
1318 1624 1351 1650 '0
1375 1623 1405 1649 δέ
1433 1632 1478 1658 μοι
1497 1623 1614 1658 μάλιστα
1626 1623 1672 1650 τοῦ
1697 1623 1792 1658 ἀνδρὸς
1806 1623 1958 1658 θαυμάζειν

1171 1670 1259 1696 ἔπεισι
1274 1669 1332 1705 (καὶ
1344 1668 1429 1704 ζημία
1440 1669 1470 1695 τὸ
1481 1669 1596 1704 σιωπᾷν,
1611 1668 1656 1695 διὰ
1667 1669 1712 1694 τὸν
1722 1669 1816 1704 καιρὸν
1830 1669 1958 1704 μάλιστα,

1172 1714 1272 1746 πολλὰς
1297 1714 1398 1749 φύοντα
1411 1715 1467 1749 (57)
1483 1714 1532 1745 τὰς
1546 1714 1723 1750 διαστάσεις),
1735 1715 1813 1741 τοῦτο
1825 1715 1865 1741 ἔτι
1877 1724 1959 1751 προσ-

1171 1759 1247 1795 θήσω
1257 1761 1313 1791 τοῖς
1329 1760 1498 1795 εἰρημένοις·
1525 1759 1629 1794 γένοιτο
1641 1759 1696 1796 γὰρ
1720 1759 1753 1786 ἄν
1779 1769 1805 1786 τι
1822 1760 1959 1796 παίδευμα

1171 1805 1218 1831 καὶ
1233 1806 1289 1836 τοῖς
1303 1805 1350 1831 νῦν
1376 1806 1393 1840 ὴ
1419 1805 1528 1840 πρᾶξις,
1545 1807 1570 1832 εἰ
1584 1805 1653 1841 πρὸς
1681 1807 1782 1832 ἐκεῖνον
1801 1805 1957 1842 βλέποιμεν.

1176 1851 1220 1882 Ὦς
1234 1850 1288 1886 γὰρ
1301 1850 1396 1882 ὕδατος
1426 1851 1484 1882 ἑνὸς
1504 1851 1632 1886 τέμνεται
1646 1852 1676 1878 οὐ
1695 1851 1749 1887 (58)
1766 1851 1843 1878 τοῦτο
1866 1853 1957 1887 μόνον,

1170 1895 1232 1922 ὅσον
1246 1896 1262 1930 ὴ
1274 1895 1335 1931 χεὶρ
1346 1895 1450 1931 ἀφῆκεν
1461 1896 1609 1931 ἀρυομένη,
1624 1895 1692 1923 ἀλλὰ
1704 1897 1751 1923 καὶ
1765 1896 1825 1923 ὅσον
1837 1898 1870 1932 τῇ
1887 1898 1960 1933 χειρὶ

1171 1941 1333 1977 περιεσχέθη
1350 1941 1405 1967 τῶν
1420 1941 1557 1968 δακτύλων
1582 1942 1693 1978 ἐκρέον·
1710 1942 1781 1969 οὕτω
1805 1944 1853 1969 καὶ
1878 1944 1959 1978 ἡμῶν

1170 1988 1219 2023 οὐχ
1239 1988 1301 2014 ὅσον
1317 1987 1413 2018 ἀσεϐὲς
1435 1987 1556 2023 σχίζεται
1575 1988 1665 2023 μόνον,
1684 1987 1752 2015 ἀλλὰ
1773 1988 1820 2015 καὶ
1838 1989 1900 2015 ὅσον
1912 1990 1959 2016 εὑ-

1173 2033 1282 2060 σεόἑστε
1286 2042 1342 2069 ρον,
1353 2034 1384 2059 οὐ
1393 2034 1455 2069 περ).
1465 2033 1608 2069 δογμάτων
1623 2033 1702 2069 μόνον
1714 2033 1821 2069 μικρῶν
1830 2034 1876 2061 καὶ
1887 2043 1959 2070 παρ-

1169 2079 1284 2115 ορᾶσθαι
1301 2078 1382 2112 ἀξίων
1398 2077 1488 2114 (ἦττον
1509 2078 1563 2114 γὰρ
1584 2078 1617 2104 ἂν
1630 2076 1664 2113 ἦν
1680 2078 1759 2105 τοῦτο
1772 2078 1857 2105 δεινὸν
1876 2078 1956 2114 (59)).

1171 2123 1228 2150 ἀλλ’
1242 2124 1292 2160 ἤδη
1313 2124 1436 2160 καὶπερὶ
1450 2124 1579 2159 ῥημάτων
1599 2124 1640 2156 εἰς
1653 2123 1701 2160 τὴν
1717 2124 1803 2160 αὐτὴν
1819 2125 1958 2160 φερόντων

336 2173 444 2207 pietatis
455 2171 532 2198 laude
547 2171 572 2198 in
589 2171 684 2206 primis
697 2171 848 2201 excellunt,
863 2171 1058 2206 przeciduntur,
1079 2171 1119 2197 id-

1171 2168 1298 2195 διάνοιαν.
1316 2169 1372 2205 Τῆς
1390 2169 1443 2205 γὰρ
1469 2169 1532 2204 μιᾶς
1547 2169 1650 2200 οὐσίας,
1669 2169 1779 2196 καὶτῶν
1792 2170 1874 2206 τριῶν
1889 2170 1956 2196 ὑπο-

337 2226 389 2252 que
401 2226 453 2244 non
467 2218 494 2244 in
506 2219 596 2252 parvis
604 2217 738 2244 duntaxat
752 2221 779 2244 et
789 2217 995 2244 contemnendis
1006 2217 1117 2250 dogma-

338 2263 408 2289 tibus
427 2262 531 2296 (minus
545 2261 617 2288 enim
633 2262 684 2288 hoc
703 2269 784 2296 grave
795 2261 881 2297 esset)
895 2282 902 2294 ,
921 2269 1015 2288 verum
1034 2262 1116 2288 etiam

338 2307 363 2333 in
382 2307 480 2338 verbis,
498 2314 558 2340 qua:
574 2306 607 2332 ad
621 2306 743 2334 eumdem
770 2307 883 2334 omnino
899 2315 1009 2334 senstnn
1026 2307 1119 2334 tende-

338 2353 411 2378 bant.
423 2351 490 2378 Nam
505 2359 566 2379 cum
585 2353 702 2379 essentia
720 2360 772 2379 una
784 2372 792 2384 ,
807 2357 834 2380 et
856 2357 912 2379 tres
926 2353 1084 2388 hypostases
1103 2360 1118 2379 a

373 2460 428 2496 (50)
448 2460 598 2496 Κατὰντης
614 2459 748 2494 ἀπράφου
773 2459 972 2496 καιιςρτομιας.
995 2458 1114 2496 ln_non-

339 2493 642 2529 nuilis’exemplanlms;
658 2493 814 2522 ut'annotat
830 2494 948 2524 Nicetas,
975 2493 1112 2526 scribitur,

338 2538 390 2557 non
416 2530 549 2565 ἀγράφου,
570 2530 632 2561 sed,
650 2529 794 2565 ἐγγράφου
810 2529 994 2565 καινοτομίας.
1016 2529 1116 2565 Quam-

337 2566 441 2597 obrem,
456 2566 478 2591 si
503 2564 626 2600 ἀγράφου
642 2564 755 2598 legatur,
770 2564 796 2600 id
807 2564 937 2600 intelligit
957 2564 1114 2600 Gregorius,

337 2608 440 2636 vocem
461 2598 630 2636 ὀμοιοῦσιον,
658 2607 737 2636 quam
767 2598 860 2636 Ariani
889 2599 1112 2636 introducebant,

340 2635 414 2661 nullo
426 2632 572 2668 Scriptura:
585 2635 642 2661 loco
651 2634 793 2661 contineri.
804 2632 832 2660 Si
845 2637 934 2660 autem
948 2633 1060 2667 legatur,
1073 2634 1115 2668 ὲγο

337 2670 458 2705 γράφου,
478 2667 600 2703 intelligit
627 2670 754 2703 scriptam
781 2668 852 2705 illam
875 2668 939 2705 fidei
959 2667 1115 2705 formulam,

337 2703 379 2730 cui
396 2703 581 2731 Subscribendi
600 2705 785 2731 necessitatem
801 2703 975 2730 Constantius
989 2703 1114 2730 omnibus

338 2740 500 2766 imponebat.

371 2747 600 2808 ἓῖἲῐςθῖῗίέξάγειν.
624 2773 669 2800 Sic
693 2780 738 2800 sex
765 2773 862 2807 Regg.,
885 2773 937 2800 duo
954 2772 1049 2806 Coisl.,
1066 2772 1114 2800 0r.

337 2808 364 2840 1,
375 2809 463 2844 git-ub.
475 2810 579 2844 lttwed.,
592 2809 728 2844 προάγων.

371 2842 426 2877 (52)
445 2843 490 2869 Ae.
507 2843 574 2871 Tres
590 2842 684 2878 Regg.,
695 2848 721 2870 et
734 2842 780 2870 Or.
794 2843 806 2870 1
828 2842 938 2877 addunt,
952 2850 992 2869 τε.

1174 2215 1293 2241 στάσεων
1316 2215 1469 2250 λεγομένων
1487 2215 1535 2249 μὲν
1550 2214 1594 2248 ὑφ*
1611 2214 1690 2249 ἡμῶν
1714 2215 1833 2247 εὐσεϐῶς
1847 2214 1889 2250 (τὸ
1908 2217 1957 2250 μὲν

1173 2261 1227 2296 γὰρ
1252 2261 1300 2296 τὴν
1323 2260 1402 2295 φύσιν
1429 2260 1504 2296 δηλοῖ
1515 2260 1565 2295 τῆς
1590 2260 1724 2295 θεότητος,
1741 2261 1771 2287 τὸ
1790 2261 1818 2288 δὲ
1840 2261 1889 2293 τὰς
1902 2262 1958 2288 τῶν

1173 2306 1255 2342 τριῶν
1269 2305 1421 2341 ἰδιότητας),
1447 2305 1598 2340 νοουμένων
1617 2305 1645 2331 δὲ
1659 2306 1706 2332 καὶ
1719 2305 1794 2341 παρὰ
1809 2307 1865 2337 τοῖς
1887 2306 1956 2332 Ἰτα-

1172 2351 1227 2384 λοίς
1239 2351 1295 2387 (40)
1321 2351 1431 2387 ὁμοίως,
1456 2351 1512 2378 ἀλλ’
1525 2352 1555 2378 οὺ
1569 2352 1728 2387 δυναμένοις
1747 2352 1791 2378 διὰ
1809 2352 1957 2388 στενότητα

1169 2461 1261 2522 (mgf)
1280 2461 1458 2495 Σπινθῆρας.
1488 2459 1534 2488 Sic
1559 2466 1612 2488 tres
1638 2461 1720 2496 Regg.
1743 2462 1770 2488 in
1795 2470 1851 2494 eu.,
1872 2472 1953 2490 σπιν-

1186 2505 1249 2532 ηρα-

1204 2532 1261 2568 (5έ)
1280 2531 1387 2559 Πλέον.
1409 2532 1475 2560 Tres
1494 2533 1588 2566 Regg.,
1606 2531 1705 2568 πλεῖον.

1205 2567 1261 2602 (55)
1280 2568 1441 2602 Προτιθεις.
1457 2568 1560 2602 Reg.d,
1576 2567 1740 2602 προστιθείς.

1218 2600 1262 2636 56)
1283 2600 1355 2629 υῦν.
1373 2602 1451 2630 Deest
1470 2600 1559 2630 in’Or.
1574 2603 1599 2628 l.

1217 2637 1261 2670 57)
1279 2638 1408 2672 φύοντα.
1432 2638 1478 2665 Sic
1503 2644 1548 2663 sex
1568 2637 1664 2672 Rogg.,
1689 2637 1741 2665 duo
1763 2637 1860 2671 Coisl.,
1882 2636 1951 2671 Jes.,

1169 2671 1303 2703 Comhef.,
1316 2677 1367 2699 etc.
1384 2674 1412 2699 In
1429 2673 1485 2703 οὐ..
1501 2672 1637 2698 ποιοῦντα.

1208 2706 1263 2741 (58)
1282 2707 1333 2733 οὐ.
1352 2707 1430 2734 Deest
1443 2708 1468 2734 in
1486 2708 1550 2741 lit-g.
1564 2709 1617 2734 but.

1209 2741 1262 2776 (59)
1283 2743 1394 2768 Δεινόν.
1411 2743 1477 2769 Tres
1494 2743 1586 2776 ἣξεις..
1600 2743 1703 2769 δεινῶν.

1205 2777 1261 2810 (40)
1281 2777 1364 2812 Παρὰ
1390 2777 1452 2810 τοῖς
1480 2777 1608 2810 Ἰταλοῖς.
1635 2777 1741 2810 Βιιιίιις,
1766 2786 1775 2803 ι
1797 2777 1868 2812 apud
1894 2777 1952 2805 Ro-

1169 2818 1272 2837 manes.
1287 2821 1294 2838 ι
