2060 3140
167 159 236 186 1ίῖῖί

625 160 756 189 ORATIO
775 160 847 188 XXI.
869 177 902 182 —
922 161 953 187 L‘l
975 160 1115 188 LAUDEM
1137 161 1333 190 ATIIANASII.

1717 165 1787 193 1126

166 216 216 250 τῆς
230 216 294 251 παρ’
307 216 397 248 αὐτοῖς
415 216 546 251 γλώττης,
562 217 608 244 καὶ
637 217 776 253 ὀνομάτων
793 218 898 248 πενίαν,
915 217 945 244 δι-

1007 217 1084 245 uobis
1097 219 1141 253 pie
1154 219 1310 246 dicerentur
1328 219 1463 256 (alterum
1478 221 1550 248 enim
1575 221 1722 249 divinitatis
1737 230 1787 249 na-

163 261 233 287 κλεῖν
249 261 361 297 timorm
385 261 479 293 οὐσίας
499 261 548 297 τὴν
566 262 723 294 ὑπόστασιν,
743 263 789 289 καὶ
807 263 850 289 διὰ
871 263 950 289 τοῦτο

163 306 376 342 ἁντεισαγούσης
389 306 422 333 τὰ
435 307 578 342 πρόσωπα,
593 308 636 333 ἵνα
651 308 688 343 μὴ
701 309 775 343 τρεῖς
789 308 877 334 οὐσίαι
895 317 949 335 παι

164 352 313 388 ραδεχθῶσι
328 352 394 387 (41),
407 353 433 378 τί
447 353 565 387 γίνεται;
587 354 632 385 Ὠς
648 353 707 380 λίαν
721 354 834 388 γελοῖον,
851 355 867 390 ἢ
883 355 950 381 ἐλει-

162 398 217 424 νόν.
235 398 356 429 Πίστεως
368 397 440 431 ἔδοξε
454 398 569 434 διαφορὰ
581 399 598 433 ὴ
617 399 682 434 περὶ
697 399 743 425 τὸν
758 396 824 434 ἦχον
836 408 950 434 σμικρο-

163 442 240 477 λογία
257 443 323 478 (42).
346 440 413 469 Εἶτα
425 443 606 479 Σαϐελλισμδς
618 443 673 478 (45)
686 444 803 471 ἐνταῦθα
816 444 948 480 ἐπενοήθη

162 490 219 520 τοῖς
232 489 306 524 τρισὶ
327 488 492 524 προσώποις,
509 490 557 516 καὶ
580 490 768 525 Ἀρειανισμὺς
789 491 850 522 ταῖς
861 491 949 526 τρισὶν

164 534 339 565 ὑποστάσεσι,
364 533 398 561 τὰ
415 535 463 570 τῆς
481 535 645 568 φιλονεικίας
661 535 870 570 ἀναπλάσματα.
884 533 950 562 Εἶτα.

162 580 207 612 τίς
224 580 438 616 Προστιθεμένου
465 579 562 616 μικροῦ
585 589 656 612 τινος
676 581 720 607 ἀεὶ
742 581 789 607 τοῦ
804 581 950 612 λυποῦντος

164 625 190 655 (ὃ
204 625 324 661 λυπηρὸν
345 626 361 660 ἡ
381 625 529 660 φιλονεικία
543 627 637 658 ποιεῖ),
655 626 802 652 κινδυνεύει
815 627 948 662 συναπορ-

165 670 281 705 ραγῆναι
297 671 356 701 ταῖς
370 669 512 702 συλλαᾶιῖς
536 670 571 697 τὰ
590 670 704 706 πέρατα.
731 671 812 697 Ταῦτ’
824 669 870 698 οὖν
880 671 949 706 ὁρῶν

164 715 213 742 καὶ
225 715 330 742 ἀκούων
344 717 358 742 ὁ
376 716 509 752 μακάριος
523 716 634 747 ἐκεῖνος,
660 717 706 742 καὶ
729 717 766 748 ὡς
781 717 888 751 ἀληθῶς
904 716 950 743 ἄν‹

165 760 274 795 Θρωπος
286 761 331 788 τοῦ
349 761 427 794 Θεοῦ,
453 761 500 788 καὶ
515 761 601 797 μέγας
613 762 667 788 τῶν
683 762 776 797 ψυχῶν
800 762 947 797 οἰκονόμος,

163 806 214 832 οὐκ
226 807 302 843 ᾠήθη
317 807 371 834 δεῖν
386 807 508 844 παριδεῖν
525 808 573 843 τὴν
592 808 690 834 ἄτοπον
708 807 779 834 οὕτω
793 808 839 834 καὶ
853 807 948 842 ἄλογον

163 852 211 879 τοῦ
222 853 309 887 Λόγου
325 853 483 888 κατατομήν
498 853 553 888 (44)
568 861 575 868 ·
588 853 619 879 τὸ
636 854 665 880 δὲ
684 853 748 888 παρ’
764 854 860 880 ἑαυτοῦ
880 855 948 889 φάρ-

1006 265 1091 287 turam
1101 281 1109 294 ,
1122 261 1236 289 alterum
1250 263 1330 290 trittm
1346 271 1523 297 personarum
1536 266 1716 301 proprietates
1740 268 1787 294 de-

1005 306 1120 341 clarat),
1147 313 1229 342 atque
1248 309 1343 336 eodem
1358 310 1466 344 quidem
1484 312 1564 338 modo
1581 312 1652 346 apud
1675 312 1787 340 Latinos

1004 350 1230 385 intelligereutur,
1256 358 1385 380 ueterum
1415 355 1449 382 ob
1476 355 1574 390 lingua:
1603 357 1675 384 illitis
1700 365 1787 391 angu-

1003 397 1082 423 stiam
1097 401 1125 423 et.
1139 398 1283 425 verborum
1301 399 1418 434 inopiam
1429 421 1436 433 ,
1453 401 1619 436 hypostasim
1635 403 1668 430 ab
1694 410 1787 431 essen-

1003 441 1044 484 tia_
1057 442 1225 477 distinguere
1248 452 1299 471 non
1317 451 1443 479 possent,
1473 455 1559 481 eoque
1578 448 1677 476 factum
1696 455 1785 482 esset.

1003 491 1033 513 ut
1046 494 1094 520 pro
1108 495 1150 519 ea,
1163 496 1196 515 ne
1210 493 1265 516 tres
1282 490 1445 518 substantias
1459 493 1602 520 admittere
1620 494 1785 525 viderentur,

1003 540 1178 567 personarum
1202 535 1285 570 410
1316 536 1476 563 vocabulum
1515 538 1691 570 iuducerent,
1722 540 1785 573 quiti

1004 578 1114 605 tandem
1130 580 1263 614 contigit?
1280 580 1335 609 Res
1358 582 1478 616 profecto
1493 583 1616 615 ridicula.
1637 584 1678 611 vel
1698 585 1786 619 potius

1003 624 1168 652 miseranda.
1185 625 1303 654 Diversae
1315 627 1375 655 tidei
1391 629 1507 663 speciem
1519 630 1635 663 prrebuit
1655 630 1721 658 levis
1741 630 1785 657 illa

1002 673 1030 696 et
1041 669 1133 704 jejuna
1147 670 1181 696 de
1194 678 1289 698 vocum
1310 680 1377 701 sono
1396 674 1547 702 altercatio.
1562 675 1612 702 Hic
1633 676 1731 702 deinde
1757 681 1786 702 et

1003 715 1181 744 Sabellismus
1193 718 1228 744 ob
1251 723 1307 746 tres
1331 727 1460 754 personas
1485 722 1654 756 excogitatus
1671 727 1734 754 est,
1757 727 1785 749 et

1002 761 1171 789 Arianismus
1184 764 1219 790 ob
1235 768 1290 792 tres
1309 765 1479 800 hypostases,
1497 774 1611 801 quorum
1637 772 1784 802 utrumque

1002 808 1125 842 pertinax
1141 810 1320 837 contendendi
1336 812 1454 838 studium
1482 811 1632 840 eiiinxerat.
1650 813 1718 846 Quid
1736 820 1784 847 po-

1001 854 1074 881 stea?
1091 854 1158 881 Cum
1175 856 1271 890 exigua
1299 864 1343 884 res
1366 857 1454 891 aliqua
1477 859 1597 892 quotidie
1620 859 1780 891 accederet,

166 907 252 933 μακον
263 899 359 933 ἐπάγει
374 899 413 934 τῷ
423 899 629 934 ἀῤῥωστήματι.
643 898 705 930 Πῶς
718 897 764 926 οὖν
774 898 852 925 τοῦτο
864 901 945 933 ποιεῖς

1001 906 1061 932 qua:
1082 900 1231 927 molestiam
1249 900 1357 929 atierret
1375 903 1545 935 (molestiam
1556 904 1628 931 enim
1642 906 1781 932 contentio

163 943 422 979 Προσκαλεσάμενος
439 943 579 979 ἀμφότερα
592 943 626 970 τὰ
646 943 714 979 μέρη
739 944 837 970 οὑτωσὶ
856 945 951 980 πράως

163 987 210 1014 καὶ
226 988 434 1024 φιλανθρώπως,
451 988 497 1015 καὶ
508 988 554 1015 τὸν
567 988 629 1015 νοῦν
641 988 696 1015 τῶν
713 988 865 1024 λεγομένων
877 990 952 1025 ἀκρι-

163 1033 218 1065 ϐῶς
230 1033 369 1067 ἐξετάσας,
391 1034 484 1068 ἐπειδὴ
499 1033 720 1069 συμφρονοῦντας
742 1031 803 1069 εὗρε
818 1035 864 1061 καὶ
875 1035 951 1061 οὐδὲν

161 1076 308 1110 διεστῶτας
325 1078 396 1105 κατὰ
413 1078 459 1104 τὸν
474 1078 562 1112 λόγον,
576 1078 611 1105 τὰ
627 1079 745 1114 ὀνόματα
756 1080 955 1116 συγχωρήσας,’

163 1123 251 1150 συνδεῖ
262 1124 319 1160 (45)
329 1125 386 1156 τοῖς
398 1124 566 1159 πράγμασιν.

1000 944 1101 979 parit),
1115 953 1148 972 eo
1166 946 1272 973 tandem
1303 954 1347 974 res
1370 947 1484 975 adducta
1501 953 1559 981 est,
1577 953 1606 977 ut
1629 950 1778 984 perieulum

1001 994 1089 1022 esset,
1115 998 1149 1018 ne
1175 991 1250 1019 orbis
1271 997 1404 1020 terrarum
1435 994 1502 1022 ﬁnes
1518 1003 1569 1022 una
1588 1004 1648 1023 cum
1672 997 1783 1031 syllabis

1002 1035 1238 1069 abrumperentur.
1261 1036 1325 1070 Qua:
1348 1045 1409 1065 cum
1436 1038 1531 1067 beatus
1548 1040 1591 1067 ille
1608 1041 1660 1072 vir,
1678 1045 1705 1068 et
1719 1048 1784 1068 vere

1000 1080 1081 1107 homo
1114 1080 1183 1113 Dei,
1209 1089 1375 1117 magnusque
1403 1083 1554 1112 animarum
1586 1086 1782 1121 dispensator,

1001 1126 1087 1153 oculis
1104 1126 1271 1162 auribusque
1296 1133 1455 1163 usurparet,
1483 1130 1533 1157 sibi
1555 1136 1608 1158 tam
1633 1133 1781 1161 absurdam

162 1173 190 1195 et
207 1177 221 1196 a
254 1170 358 1197 ratione
386 1170 500 1196 alienam
518 1169 598 1197 Verbi
622 1169 767 1196 sectionem
802 1169 1024 1198 dissimulaudam
1062 1179 1094 1199 ac
1123 1172 1307 1207 negligendam
1332 1182 1385 1201 non
1408 1176 1526 1208 putavit;
1558 1184 1651 1204 verum
1668 1177 1783 1205 medici-

162 1221 224 1241 nam
245 1215 339 1243 morbo
359 1214 557 1249 quamprimum
574 1215 692 1242 adhibet.
715 1216 838 1247 Quonam
853 1221 943 1243 autem
963 1217 1043 1243 modo
1069 1217 1096 1244 id
1121 1217 1205 1245 facit?
1227 1218 1344 1254 Utraque
1378 1225 1455 1254 parte
1480 1220 1578 1248 leniter
1607 1227 1635 1250 et
1662 1224 1777 1258 benigne

160 1263 265 1295 eccita,
299 1262 498 1296 verborumque
534 1262 668 1289 sententia
701 1262 845 1297 diligenter
881 1267 908 1289 et
947 1268 1073 1291 accurate
1099 1271 1254 1300 perpensa,
1280 1256 1452 1301 posteaquam
1483 1269 1630 1296 concordes
1661 1256 1778 1304 repeiit,

161 1316 229 1342 nec,
254 1314 384 1344 quantum
415 1308 449 1335 ad
466 1309 635 1340 doctrinam,
653 1308 708 1335 ullo
729 1309 807 1336 modo
821 1309 891 1336 inter
915 1317 944 1337 se
961 1310 1144 1346 dissidentes,
1172 1312 1208 1340 ita
1234 1313 1369 1348 negotium
1403 1315 1551 1349 transegit,
1586 1321 1617 1343 ut
1637 1317 1777 1345 nominum

164 1363 243 1384 usum
257 1356 419 1387 concedens,
435 1355 516 1382 rebus
526 1362 574 1382 eos
589 1355 798 1390 constringeret.

195 1403 266 1435 aqu
286 1400 371 1427 Τοῦτο
382 1400 436 1427 τῶν
451 1401 564 1436 μακρῶν
584 1400 671 1427 πόνων
683 1401 730 1427 καὶ
746 1400 831 1435 λόγων
843 1401 945 1428 λυσιτε-

1034 1402 1152 1430 XXXVI.
1173 1402 1229 1430 Hoc
1247 1403 1380 1430 diuturnis
1396 1403 1448 1431 illis
1463 1403 1600 1432 laboribus
1629 1410 1657 1433 et
1674 1413 1780 1434 sermo-

160 1448 296 1483 λέστερον,
313 1445 360 1477 οὓς
375 1446 474 1478 πάντες
488 1446 538 1482 ἥδη
556 1445 786 1482 λοῃγραφοῦσιν·
804 1444 843 1478 οἷς
859 1455 885 1473 τι
901 1448 949 1474 καὶ

161 1492 315 1528 φιλοτιμίας
331 1492 386 1528 (46)
401 1492 588 1524 συνέζευκται,
618 1492 666 1518 καὶ
679 1492 724 1518 διὰ
752 1491 830 1519 τοῦτο
846 1493 910 1525 ἴσως
922 1502 949 1520 τι

160 1539 208 1565 καὶ
223 1539 423 1574 καινοτομεῖται
446 1538 511 1574 περὶ
534 1538 580 1565 τὸν
596 1537 684 1572 λόγον.
709 1536 794 1563 Τοῦτο
808 1537 862 1564 τῶν
885 1538 950 1564 πολ-

160 1585 213 1612 λῶν
227 1584 386 1620 ἀγρυπνιῶν
398 1584 446 1611 καὶ
459 1583 614 1620 χαμευνιῶν
628 1583 835 1619 προτιμότερον,
846 1580 883 1610 ὧν
899 1583 948 1618 μέ-

159 1640 205 1667 χρι
218 1630 271 1658 τῶν
288 1629 491 1665 κατορθούντων
505 1629 535 1656 τὸ
559 1629 664 1664 κέρδος.
688 1629 772 1655 Τοῦτο
788 1629 842 1655 τῶν
865 1629 948 1656 ἀοιδί-

161 1684 217 1711 μων
233 1676 343 1712 ὲξοριῶν
361 1675 408 1702 καὶ
433 1675 526 1710 φυγῶν
538 1671 697 1710 τοῦ’ὰνδρὺς
723 1674 850 1706 ἐπάξιον·
879 1674 948 1710 ὑπὲρ

159 1722 214 1757 γὰρ
225 1719 263 1748 ὧν
280 1722 365 1748 εἵλετο
386 1721 500 1756 πάσχειν
526 1721 627 1750 ἐκεῖνα,
643 1719 730 1746 ταῦτα
745 1720 792 1746 καὶ
807 1720 864 1755 (Η)
881 1720 949 1755 μετὰ

157 1767 189 1793 τδ
212 1767 308 1793 παθεῖν
323 1766 512 1798 ἐσπουδάζετο.
535 1765 572 1792 Τὸ
594 1765 616 1791 δ’
631 1765 698 1791 αὐτὸ
718 1764 768 1791 κάν
786 1766 842 1796 τοῖς
858 1764 947 1796 ἄλλοις

159 1811 241 1838 ποιῶν
257 1810 366 1837 διετέλει
379 1818 385 1824 ·
405 1810 469 1841 τοὺς
484 1810 532 1844 μὲν
549 1809 677 1840 ἐπαινῶν,
700 1809 764 1840 τοὺς
777 1808 806 1835 δὲ
820 1808 947 1844 πλήττων

160 1856 278 1892 μετρίως
290 1864 298 1872 '
323 1856 370 1882 καὶ
393 1855 447 1882 τῶν
462 1855 510 1890 μὲν
524 1855 553 1881 τὸ
566 1854 668 1890 νωθρὸν
683 1853 835 1890 διεγείρων,
853 1854 908 1880 τῶν
919 1854 947 1880 δὲ

157 1903 188 1928 τὸ
205 1902 305 1937 θερμὸν
321 1900 489 1936 κατείργωνο
508 1899 555 1926 καὶ
575 1899 629 1926 τῶν
649 1899 710 1933 μὲν,
726 1900 800 1930 ὅπως
816 1898 852 1934 μὴ
866 1898 946 1925 πταί-

159 1957 235 1979 σωσι,
268 1947 506 1983 προμηθούμενος·
539 1946 601 1977 τοὺς
616 1945 656 1977 δὲ,
683 1946 756 1977 ὅπως
774 1944 947 1980 διορθωθεῖεν

158 1993 319 2023 πταίσαντες
335 1992 402 2027 (48),
431 1990 626 2027 μηχανώμενος
637 1998 644 2004 ·
660 1990 762 2022 ἁπλοῦς
778 1989 824 2016 τὸν
837 1989 945 2025 τρόπον,

159 2033 300 2074 πολυειδῆς
311 2038 361 2073 τὴν
378 2037 541 2072 κυϐέρνησιν
553 2045 560 2052 ³
573 2036 653 2070 σοφὸς
666 2036 711 2061 τὸν
723 2035 810 2069 λόγον,
827 2034 946 2069 σοφώτε-

982 1471 987 1476 ,
1001 1449 1091 1481 nibus,
1107 1449 1238 1483 quosjam
1257 1456 1351 1476 omnes
1365 1449 1463 1477 litteris
1476 1451 1604 1477 mandant
1614 1472 1622 1485 ,
1635 1451 1716 1486 longe
1727 1454 1777 1480 uti-

999 1494 1049 1522 lius
1076 1500 1135 1528 est;
1159 1499 1251 1528 utpote
1276 1495 1321 1529 qui
1348 1495 1494 1522 ambitione
1520 1504 1574 1523 non
1599 1503 1716 1530 vacant,
1741 1500 1776 1526 ob

1001 1548 1115 1575 eamque
1146 1540 1261 1568 fortasse
1292 1548 1401 1568 causam
1434 1541 1507 1569 circa
1538 1543 1598 1570 lidei
1630 1543 1780 1572 doctrinam

999 1587 1144 1620 quidquam
1162 1585 1317 1613 innovatur.
1344 1586 1400 1614 Hoc
1425 1587 1518 1614 multis
1544 1588 1643 1623 vigiliis
1664 1595 1691 1616 et
1716 1591 1781 1618 cha-

1000 1631 1113 1657 meuniis
1128 1632 1319 1665 praestantius,
1342 1638 1455 1665 quarum
1473 1633 1575 1660 utilitas
1605 1634 1631 1661 in
1657 1634 1717 1667 his,
1733 1636 1778 1670 qui

1000 1674 1056 1702 haec
1071 1681 1214 1709 prrestant,
1231 1675 1364 1708 defigitur,
1378 1683 1427 1703 nec
1441 1676 1632 1705 latiusmanat.
1645 1679 1700 1706 Hoc
1719 1687 1779 1714 per-

998 1720 1114 1756 vulgatis
1132 1725 1216 1755 atque
1234 1721 1307 1748 omni
1324 1721 1395 1748 fama
1415 1721 1559 1750 celebratis
1574 1723 1659 1759 ipsius
1677 1726 1781 1754 exsiliis

997 1770 1025 1793 et
1037 1765 1108 1801 fugis
1126 1765 1211 1794 nihilo
1237 1766 1350 1795 inferius
1366 1766 1575 1796 existimandum
1602 1774 1654 1798 est.
1684 1770 1711 1798 In
1734 1778 1781 1800 ea-

997 1812 1058 1838 dem
1084 1812 1181 1847 quippe
1202 1813 1288 1839 studia
1301 1832 1310 1846 ,
1335 1813 1370 1840 ob
1390 1821 1449 1847 quae
1472 1815 1640 1843 calamitates
1655 1816 1713 1844 illas
1728 1817 1778 1844 sibi

997 1856 1172 1891 perferendas
1191 1859 1323 1891 duxerat,
1338 1864 1398 1893 post
1408 1860 1578 1888 calamitates
1589 1862 1660 1896 ipsas
1673 1863 1779 1891 ineunt-

997 1902 1086 1930 bebat.
1106 1902 1176 1936 Quin
1193 1903 1220 1930 id
1238 1903 1320 1930 etiam
1337 1905 1423 1938 ipsum
1437 1904 1463 1931 in
1476 1905 1537 1933 aliis
1556 1906 1646 1934 facere
1660 1915 1711 1934 non
1726 1908 1775 1935 de-

997 1948 1118 1980 sinebat,
1132 1948 1200 1975 alios
1222 1949 1332 1983 quidem
1352 1950 1475 1978 laudibus
1497 1952 1609 1985 vehens,
1630 1953 1697 1980 alios
1714 1961 1780 1981 vero

997 2001 1077 2027 parce
1099 1993 1247 2027 leviterque
1264 1994 1383 2028 feriens;
1399 1995 1514 2023 aliorum
1528 1998 1680 2025 socordiam
1706 1999 1776 2025 exci-

998 2040 1074 2069 tans,
1089 2036 1202 2062 aliorum
1217 2036 1350 2064 fervorem
1376 2038 1540 2072 reprimens;
1558 2039 1634 2072 aliis,
1656 2049 1689 2068 ue
1703 2041 1776 2068 labe-

159 2093 205 2119 ρος
227 2083 274 2119 τὴν
292 2083 408 2110 διάνοιαν
421 2091 428 2097 ·
447 2081 527 2114 πεζὸς
546 2083 601 2114 τοῖς
616 2081 829 2116 ταπεινοτέροις,
846 2079 945 2115 ὑψηλό-

998 2085 1105 2112 rentur,
1114 2081 1270 2114 providens,
1280 2081 1325 2108 alii
1336 2086 1363 2109 ut
1375 2082 1442 2117 lapsi
1454 2084 1632 2119 erigerentur,
1644 2086 1776 2114 rationem

157 2137 236 2164 τερος
251 2129 306 2161 τοῖς
332 2128 542 2164 μετεωροτέροις
553 2136 559 2142 ·
589 2127 738 2162 φιλόξενος,
762 2126 862 2158 ἰκέσιος
875 2125 942 2161 (49),

193 2218 248 2254 (ιι)
265 2216 488 2254 Πιλριιδεχθῶσι,
518 2216 567 2254 Sic
593 2215 676 2251 ﬂegg.
699 2223 725 2248 ει,
750 2224 776 2248 c,
800 2216 827 2248 d,
850 2215 896 2243 0r.
914 2216 938 2248 i,

158 2250 280 2281 Coiubef.
291 2250 317 2279 ιιι
333 2250 611 2286 ε(1.,⁷παραδειχοὦσι.

193 2285 473 2348 (ζ2)ίΣμικρολογιά.
492 2286 537 2313 Sic
556 2286 640 2320 ltegg.
657 2293 682 2317 ιι,
698 2293 723 2318 c,
737 2286 762 2313 d.
781 2285 808 2313 lu
823 2285 878 2317 ed.,
896 2293 939 2320 μι-

193 2331 206 2348 ο
222 2331 253 2348 ογ
266 2330 294 2348 α.

155 2323 294 2350 κοολογία.

176 2331 484 2392 ρῗέἓιῖωὲαϐελλισμός,
505 2360 557 2383 etc.
581 2355 661 2392 Quod»
684 2355 771 2382 Latini
797 2362 844 2389 per
863 2364 872 2380 ι
887 2360 942 2392 tres

156 2390 295 2427 personas,
310 2401 319 2417 ›
345 2393 370 2418 id
389 2391 474 2427 Graeci
495 2398 542 2424 per
557 2399 566 2427 ι
580 2395 634 2417 tres
655 2390 834 2427 bypostases’
853 2390 943 2427 expri-

157 2425 274 2457 iuebaut,
290 2431 369 2460 atque
391 2426 431 2452 hae
454 2433 532 2452 voces
558 2425 627 2452 idem
650 2425 847 2460 significabant.
872 2425 937 2451 Cum

156 2467 245 2489 autem
270 2461 356 2488 Latini
398 2470 407 2486 ι
423 2465 476 2486 tres
505 2460 684 2494 hypostases»
713 2460 803 2486 dicere
829 2467 938 2486 recusa-

156 2501 226 2529 rent,
241 2495 420 2524 Orientalibus
446 2495 495 2521 visi
521 2500 584 2521 sunt
613 2494 723 2521 Sabellii
747 2501 866 2521 errorem
893 2501 936 2520 se~

155 2532 212 2565 qui.
227 2530 360 2558 Sabellius
381 2530 453 2557 enim
471 2538 480 2554 ι
498 2534 553 2556 tres
577 2536 726 2563 personas»
744 2529 877 2565 rejicieus,
893 2535 936 2554 as-

155 2563 262 2592 serebat
279 2573 358 2591 uttam
377 2569 478 2591 tantum
496 2571 568 2594 esse,
584 2572 643 2597 qua:
656 2564 740 2590 tribus
756 2563 937 2597 appellaretur

156 2600 318 2626 nominibus.
334 2600 486 2626 Orientales
500 2606 564 2625 vero
579 2606 639 2625 cum
657 2608 666 2624 ι
681 2604 736 2625 tres
753 2599 911 2634 hyposrases
924 2607 933 2623 ι

155 2640 360 2668 perseveranter
385 2635 552 2665 retinerent,
579 2641 629 2660 nec
654 2641 745 2660 earum
773 2635 831 2660 Ιοεο
850 2642 859 2657 ε
882 2638 937 2668 tres

156 2667 305 2703 personas»
325 2669 467 2696 admittere
490 2668 605 2699 vellent,
631 2668 656 2694 iu
676 2667 857 2702 suspicionem
884 2667 936 2693 La-

157 2704 220 2730 tinis
239 2708 386 2735 venerunt,
405 2703 481 2737 quasi
505 2703 606 2729 Ariano
631 2703 748 2737 dogmati
774 2703 937 2729 assentiren-

156 2743 207 2764 tur.
222 2738 303 2765 Arius
324 2739 394 2764 enim
418 2747 428 2763 ι
444 2744 497 2765 tres
512 2739 688 2772 hypostaseso
712 2742 807 2764 natttra
826 2737 896 2763 inter
909 2744 938 2763 se

155 2773 294 2800 distinctas
318 2774 496 2808 agnoscebat,
521 2781 530 2797 ι
545 2778 622 2808 ποθ)
641 2777 738 2808 autem
751 2780 769 2808 ξ
785 2779 912 2808 personas
925 2781 934 2796 I

157 2809 235 2834 Ullius
248 2806 348 2834 natura}
361 2816 413 2834 non
427 2807 582 2841 recipiebat.
596 2806 646 2839 Qui
664 2808 733 2833 hanc
745 2806 859 2841 Graecos
869 2807 938 2833 inter

155 2847 182 2869 et
200 2842 310 2870 Latinos
327 2842 400 2870 litem
417 2843 521 2877 plenius
542 2849 621 2869 nosse
642 2841 725 2879 cupit,
746 2841 818 2876 legat
842 2840 936 2869 Hiero-

996 2125 1099 2160 inieus;
1123 2125 1243 2153 moribus
1259 2127 1370 2162 simplex
1384 2149 1391 2160 ,
1410 2129 1577 2164 gubernandi
1603 2134 1662 2157 arte
1688 2131 1780 2158 multi-

993 2215 1066 2250 ttymi
1080 2215 1218 2249 epistolam
1234 2223 1287 2243 Lvu
1301 2216 1334 2242 ad
1356 2215 1511 2243 Damasum.
1531 2215 1614 2250 chat
1634 2221 1714 2244 etiam
1730 2217 1779 2243 Pe—

995 2252 1106 2311 gvzi’qgt,
1133 2255 1197 2277 tom.
1212 2250 1244 2283 ll,
1260 2251 1306 2278 lib.
1320 2259 1357 2284 tv,
1372 2259 1397 2278 c.
1408 2251 1436 2283 4,
1453 2259 1481 2278 ιι.
1493 2251 1509 2278 9
1520 2257 1547 2278 et
1564 2259 1633 2286 seq.,
1651 2260 1711 2287 pag.
1724 2252 1777 2279 ’545

993 2289 1020 2312 et
1035 2289 1097 2311 545.

1028 2319 1084 2354 (ﬂ)
1106 2321 1203 2355 Λόγου
1219 2320 1398 2355 κατατομήν.
1425 2330 1434 2347 ι
1448 2320 1529 2348 Verbi
1540 2319 1708 2355 sectionem,
1722 2330 1731 2347 ι
1752 2321 1777 2348 id

994 2360 1055 2386 est,
1085 2364 1095 2380 ι
1117 2354 1247 2383 doctrina:
1275 2354 1390 2390 fideique
1423 2357 1496 2383 circa
1525 2354 1642 2383 Verbum
1677 2357 1776 2384 sectio-

993 2396 1065 2416 nem.
1078 2399 1086 2414 ι

1028 2423 1083 2459 (45)
1102 2424 1224 2456 Συνὸεῐ,
1246 2429 1298 2451 etc.
1322 2425 1349 2452 ld
1368 2430 1456 2452 actum
1479 2425 1504 2452 in
1525 2424 1638 2452 concilio
1661 2425 1777 2453 Alexan-

992 2459 1087 2495 drino,
1111 2467 1182 2486 amto
1215 2460 1282 2491 562,
1306 2461 1349 2486 cui
1378 2466 1492 2495 prmerat
1510 2460 1685 2487 Athanasius.
1708 2459 1776 2487 Vide

991 2494 1079 2530 Epist.
1092 2495 1124 2520 ad
1138 2495 1344 2530 Antiochenses,
1358 2494 1427 2530 apud
1440 2495 1540 2522 Athan.
1553 2499 1617 2522 tom.
1631 2494 1651 2527 Ι,
1672 2502 1698 2529 p.
1710 2495 1774 2528 770,

991 2533 1018 2556 et
1034 2529 1130 2555 Socrat
1145 2549 1153 2562 ,
1170 2529 1216 2556 lib.
1232 2537 1273 2562 ιιι,
1290 2537 1315 2556 c.
1329 2530 1355 2556 7.

1026 2563 1081 2598 (46)
1103 2565 1282 2598 Φιλοτιμίας.
1311 2564 1356 2591 Sic
1382 2569 1435 2592 tres
1465 2564 1561 2598 Regg.,
1580 2564 1629 2593 Or.
1652 2563 1678 2597 I,
1705 2564 1774 2597 Jes.,

991 2597 1065 2634 Puta.
1084 2598 1190 2629 Comb.,
1201 2597 1256 2626 etc.
1273 2599 1299 2625 lu
1317 2601 1372 2634 ed.,
1388 2597 1537 2634 φιλοτιμίαξ

1027 2633 1082 2667 (Η)
1102 2633 1167 2660 Καί.
1185 2634 1230 2660 δίε
1246 2639 1300 2660 tres
1320 2633 1458 2668 Regituet
1476 2633 1523 2661 υτ.
1538 2635 1564 2662 1.
1580 2634 1660 2661 Deest
1683 2633 1708 2660 in
1729 2638 1774 2661 ed.

1026 2668 1082 2704 μβ)
1101 2668 1289 2701 Διορθωθεῖεν
1326 2669 1518 2702 πταίσαντες.
1540 2669 1587 2696 0r.
1611 2671 1622 2696 1
1654 2674 1681 2696 et
1707 2668 1751 2695 Jes
1766 2689 1774 2700 ,

991 2703 1148 2738 διορθώσειε
1163 2704 1339 2735 πταίσαντας,
1361 2713 1369 2729 ι
1386 2709 1414 2731 ιιι
1435 2705 1524 2737 lapsus
1538 2705 1663 2738 erigeret.
1675 2713 1684 2729 ι

1027 2738 1081 2772 (49)
1102 2739 1272 2771 Φιλόξενος,
1291 2738 1412 2771 ἱκέσιος,
1428 2743 1479 2765 etc.
1498 2738 1526 2765 In
1545 2740 1713 2772 quibusdam,
1732 2738 1774 2771 φί-

991 2772 1057 2804 λιος,
1076 2772 1171 2805 ξένιος,
1193 2774 1304 2805 ἱκέσιος.
1322 2774 1351 2800 lu
1377 2774 1437 2800 aliis
1465 2774 1570 2800 inverso
1594 2774 1697 2800 ordine.
1719 2773 1773 2799 0h-

991 2813 1081 2834 servat
1095 2807 1202 2834 Niectas
1217 2808 1310 2835 Jovem
1326 2816 1341 2835 a
1356 2807 1509 2836 Gentilibus
1522 2809 1661 2842 appellari,
1675 2808 1774 2842 φίλιον,

991 2842 1086 2874 ξένιον,
1112 2843 1223 2871 ἱκέσιον.
1249 2847 1277 2870 ut
1297 2843 1433 2872 amicitiae.
1452 2843 1643 2878 hospitalitatis
1664 2849 1691 2871 et
1710 2852 1776 2880 sup—
