2060 3140
160 183 228 211 “35

708 182 836 210 ORATIO
856 182 940 211 XXII.
960 198 995 203 —
1014 183 1058 210 DE
1078 185 1165 212 PACE
1186 185 1217 212 ll.

1710 189 1721 216 Ι
1730 189 1778 219 ιδι

157 241 319 276 οἰκουμένης
333 240 406 272 ξένος
421 240 466 266 καὶ
485 240 622 276 πάροικος.
639 241 729 268 Δεινὸν
743 241 770 267 δὲ
785 242 832 268 καὶ
848 242 882 268 τὰ
899 241 941 268 νῦν

998 250 1046 277 per
1059 248 1144 270 totum
1160 245 1252 272 orbem
1268 244 1386 279 hospites
1398 245 1464 278 sint,
1476 249 1503 272 ct
1520 247 1664 281 peregrini.
1677 247 1779 291 Gravia

157 286 285 322 δρώμενά
312 295 341 312 τε
372 286 418 312 καὶ
444 286 611 321 ἀκουόμενα·
640 287 769 321 πατρίδες
799 288 945 322 ἀνιστάμε-

157 341 201 359 ναι
218 333 284 367 (79),
301 332 348 358 ml.
364 332 491 367 μυριάδες
505 332 648 360 πίπτουσα·
663 353 670 365 ,
688 334 734 360 καὶ
753 334 893 369 κάμνουσα
907 334 944 369 γῆ

157 379 214 409 τοῖς
233 378 330 412 αἵμασι
346 377 393 404 καὶ
412 378 469 410 τοῖς
491 377 629 413 πτώμασι,
648 379 694 405 καὶ
713 379 776 411 λαὸς
793 379 945 413 ἀλλόγλωσ-

157 432 204 456 σος
214 424 251 455 ὡς
264 424 365 450 οἰκείαν
375 424 523 459 διατρέχων
534 424 583 459 τὴν
598 425 755 461 ἀλλοτρίαν·
770 426 800 451 οὐ
815 425 847 451 δι’
862 426 941 452 ἀναν-

156 470 233 505 δρίαν
255 470 307 497 τῶν
332 471 548 506 προμαχομένων
571 472 757 507 κατηγορείτω
775 471 866 506 μηδείς
878 479 884 485 ·
899 468 944 498 οὗ·

155 525 196 543 τοι
211 517 266 552 γάρ
283 518 352 543 εἰσιν
380 518 403 543 οἱ
422 516 520 552 μικροῦ
544 518 633 543 πᾶσαν
649 517 698 552 τὴν
716 518 875 553 οἰκουμένην
893 527 944 545 πα-

157 561 373 598 ραστησάμενοι·
395 561 462 587 ἀλλὰ
481 561 525 588 διὰ
541 561 590 597 τὴν
612 557 749 597 ἡμετέραν
768 562 875 594 κακίαν,
897 563 943 589 καὶ

154 607 204 642 τὴν
223 606 423 642 ἐπικρατοῦσαν
436 607 505 633 κατὰ
518 607 567 641 τῆς
580 607 693 642 Τριάδος
714 608 849 635 ἀσέϐειαν.
863 608 943 634 Δεινὰ

155 653 252 683 ταῦτα,
267 653 314 679 καὶ
333 653 404 687 πέρα
420 652 525 679 δεινῶν.
543 653 591 683 Τίς
606 653 714 687 ἀντερεῖ
730 653 785 679 τῶν
801 654 943 689 συμφορὰς

154 699 311 734 δοκιμάζειν
328 699 436 725 εἰδότων
453 698 483 731 ἐξ
499 695 536 725 ὧν
551 699 718 726 πεπόνθασιν
728 719 735 731 ,
750 700 766 735 ἢ
786 701 943 735 συμπεπὸν-

155 745 252 777 θασιν;
276 744 344 771 Ἀλλ’
360 743 435 771 οὔπω
454 743 580 771 τοσοῦτον
602 744 694 776 οὐδὲν,
709 745 770 771 ὅσον
790 746 884 781 εἰρήνη
901 745 943 772 δε-

153 789 301 825 διωγμένη,
315 790 362 816 καὶ
375 791 392 824 ἡ
406 790 456 824 τῆς
473 789 634 824 Ἐκκλησίας
643 790 796 826 εὐπρὼεια
808 800 942 827 περιῃρη-

156 835 234 870 μένη,
255 835 301 862 καὶ
318 835 348 861 τὸ
368 835 482 862 παλαιὸν
505 835 613 870 ἀξίωμα
637 835 872 871 καταλελυμένον·
895 837 943 863 καὶ

154 882 229 916 παρὰ
245 880 371 907 τοσοῦτον
383 881 400 915 ἡ
414 881 490 912 τάξις
507 881 745 917 ἀντεστραμμένη,
758 881 829 908 ὥστε
846 881 943 917 πρότε-

998 294 1060 316 sunt
1075 291 1194 325 insuper,
1210 298 1270 325 qua:
1294 287 1366 319 nunc
1384 295 1412 319 et
1435 292 1580 325 cernimus,
1595 298 1622 321 et
1635 287 1778 323 audimus:

996 336 1091 369 patria:
1109 335 1229 364 funditus
1251 345 1364 370 eversae,
1388 338 1598 366 innumerabiles
1624 341 1707 375 copiae
1732 349 1779 369 ca-

997 382 1103 415 dentes,
1131 388 1202 409 terra
1232 384 1364 418 sanguine
1392 389 1420 411 et
1447 385 1623 413 cadaveribus
1650 392 1778 421 gravata,

995 430 1088 453 extera
1111 427 1184 454 natio
1203 427 1316 455 alteram
1333 429 1468 464 regionem
1484 429 1557 456 velut
1573 437 1649 457 suam
1667 432 1780 464 percur-

995 479 1058 499 sans
1082 480 1113 499 ac
1135 473 1282 507 popuians;
1300 482 1352 500 non
1370 482 1429 502 eam
1447 475 1590 510 quisquam
1607 476 1641 503 ob
1656 476 1780 504 defenso-

995 525 1054 544 rum
1072 518 1208 552 ignaviam
1223 520 1384 548 criminetur
1402 530 1408 547 :
1425 528 1486 547 nam
1508 521 1545 548 illi
1568 522 1618 556 ipsi
1641 527 1714 555 sunt,
1732 523 1780 557 qui

995 564 1152 591 universum
1173 573 1243 600 pene
1259 571 1393 594 terrarum
1412 567 1504 594 orbem
1516 568 1587 595 bello
1602 574 1682 603 atque
1693 570 1779 597 armis

994 610 1160 645 subegerunt
1180 622 1186 638 :
1204 612 1251 639 sed
1270 612 1303 639 ob
1326 613 1524 647 improbitatem
1537 619 1669 648 nostram,
1686 615 1779 649 vigen-

995 660 1102 690 temque
1115 658 1245 686 adversus
1264 659 1424 687 Trinitatem
1443 661 1619 694 impietatem.
1637 661 1706 688 Sunt
1722 662 1779 689 hac

993 709 1059 729 sane
1071 703 1174 736 gravia,
1187 708 1214 731 et
1230 704 1290 738 plus
1308 712 1390 739 qualn
1406 706 1510 740 gravia.
1523 706 1589 739 Quis
1604 714 1696 733 eorum
1714 707 1776 734 inli-

995 748 1052 776 cias
1064 749 1153 783 iverit,
1177 751 1224 785 qui
1240 758 1274 778 ex
1296 751 1348 783 his,
1365 759 1425 786 qua:
1444 752 1485 779 vel
1498 753 1545 787 ipsi
1561 753 1643 788 passi,
1663 753 1703 780 vel
1717 753 1778 780 aliis

994 795 1130 829 compassi
1144 800 1217 827 sunt,
1237 796 1408 824 calamitates
1428 797 1564 824 aestimare
1585 790 1702 825 norunt?
1724 798 1777 825 Sed

993 839 1061 867 nihil
1071 841 1184 875 perinde
1196 849 1279 876 grave
1293 847 1375 877 atque
1388 844 1516 870 acerbum
1531 848 1582 873 est.
1592 849 1621 871 ut
1632 852 1682 878 pax
1697 844 1773 879 pulsa

993 889 1019 912 et
1035 885 1136 920 htgata,
1149 891 1176 913 et
1188 887 1310 914 Ecclesia
1322 888 1419 915 decore
1432 896 1480 916 suo
1493 889 1620 923 spoliata,
1634 890 1777 924 priscaque

155 935 201 961 ρον
219 927 267 962 μὲν
279 926 309 958 ἐξ
325 927 354 952 οὑ
368 926 433 953 λαοῦ
449 926 521 958 λαὸς,
538 927 584 953 καὶ
597 926 627 959 ἐξ
639 927 688 953 οὐκ
702 927 794 958 ἔθνους
809 927 885 959 ἔθνος
901 936 941 961 γε-

993 931 1112 966 dignitas
1129 937 1156 960 et
1176 934 1324 968 amplitudo
1347 934 1452 962 sublata
1474 940 1502 961 et
1522 936 1671 968 exstincta;
1693 941 1776 970 atque

154 972 289 1008 γόναμενι
304 971 350 998 νῦν
365 972 393 998 δὲ
417 972 608 1007 κινδυνεύομεν
624 973 656 999 ἐκ
672 973 736 999 λαοῦ
753 974 880 1008 μεγίστου
894 974 942 1000 καὶ

153 1018 256 1049 ἔθνους,
271 1019 310 1050 εἰς
328 1019 358 1044 οὐ
375 1018 438 1045 λαὸν
455 1018 535 1045 πάλιν
550 1019 596 1045 καὶ
611 1019 660 1046 οὐκ
673 1020 749 1051 έῦνος
764 1020 942 1052 ἅναλυθέντες

153 1065 296 1100 γενέσθαι,
311 1064 349 1096 ὡς
364 1064 395 1091 τὸ
413 1065 460 1091 ἀπ’
478 1065 581 1100 ἀρχῆς,
607 1065 652 1091 ὅτε
675 1065 725 1092 οὐκ
741 1063 827 1100 ἧρξας
851 1059 941 1100 ἡμῶν,

152 1111 208 1138 οὐδ’
223 1112 263 1143 εις
276 1111 304 1139 ἓν
316 1111 401 1147 ὄνομα
421 1111 469 1137 καὶ
484 1111 577 1146 τάγμα
595 1110 822 1147 συνεληλύθειμεν
839 1112 905 1147 (80).

154 1164 181 1186 et
199 1167 251 1187 non
267 1164 375 1195 gentem
401 1159 565 1194 redigantur,
584 1165 665 1195 atque
680 1160 706 1186 in
723 1164 842 1187 veterem
862 1161 936 1187 illum

120 1221 129 1230 -
155 1207 314 1241 imperares,
335 1210 416 1241 atque
432 1206 459 1233 in
477 1214 558 1233 unum
580 1214 676 1234 nomen
688 1211 715 1233 et
729 1206 844 1234 classem
859 1215 940 1233 unam

188 1254 224 1279 ῐ“’.
244 1253 298 1279 Καὶ
313 1252 397 1284 ὁντως
421 1252 569 1279 κινδυνεύει
593 1253 656 1288 ῥᾷον
678 1251 747 1279 εἶναι
772 1253 943 1289 δυσπραγίαν

153 1301 284 1332 ἐνεγκεῖν.
303 1299 319 1334 ἣ
337 1299 489 1334 εὐπραγίαν
505 1299 560 1335 (81)
576 1299 777 1326 διασώσασθαι·
794 1300 874 1327 ὁπότε
896 1301 943 1327 καὶ

152 1347 243 1382 ἡμεῖς,
256 1346 337 1381 ἡνίκα
351 1346 566 1381 ἐπολεμούμεθα,
579 1347 635 1378 τοῖς
647 1346 777 1381 διωγμοῖς
793 1346 942 1382 ρωσθέντες

152 1393 200 1419 καὶ
215 1392 402 1427 συναχθέντες,
417 1392 498 1427 ἡνίκα
514 1392 696 1428 συνήχθημεν,
709 1392 880 1428 διελύθημεν.
894 1393 942 1426 Τίς

151 1438 206 1473 γὰρ
222 1438 271 1464 οὐκ
284 1438 316 1464 ἂν
330 1438 454 1474 ὀδύραιτο
471 1436 500 1464 εὖ
521 1437 626 1474 φρονῶν
641 1438 676 1464 τὰ
696 1438 834 1474 παρόντας
853 1439 900 1470 Τίς
913 1438 941 1466 δὲ

151 1484 229 1518 λόγον
250 1484 359 1520 εὑρήσει
384 1486 416 1520 τῇ
445 1485 572 1521 συμφορᾷ
588 1484 807 1520 παρισούμενονς
834 1485 942 1521 Λῃστὰς

154 1530 202 1565 μὲν
221 1530 387 1566 εἰρηνεύειν,
413 1530 459 1562 οὓς
476 1531 560 1557 κακία
581 1531 721 1566 συνέδησε,
744 1531 791 1557 καὶ
816 1532 878 1563 τοὺς
894 1540 941 1557 τυ-

994 978 1061 1006 adeo
1083 981 1190 1006 inversa
1223 980 1327 1008 ordinis
1349 981 1429 1013 ratio,
1456 986 1486 1008 ut
1502 982 1545 1016 qui
1559 982 1639 1016 sprius
1662 990 1694 1009 ex
1720 990 1775 1009 non

997 1024 1095 1058 populo
1112 1025 1236 1060 populus,
1259 1031 1285 1053 et
1309 1034 1342 1054 ex
1354 1034 1407 1054 non
1430 1031 1510 1061 gente
1525 1035 1590 1062 gens
1604 1027 1667 1055 facti
1687 1028 1777 1056 fuera-

996 1077 1065 1101 mus,
1095 1077 1166 1096 nunc
1189 1070 1215 1096 in
1241 1078 1274 1098 eo
1290 1071 1408 1105 periculo
1421 1079 1570 1104 versemur,
1583 1077 1612 1099 ut
1630 1073 1777 1100 verendum

997 1114 1043 1146 sit,
1059 1121 1092 1140 ne
1109 1121 1142 1140 ex
1157 1115 1255 1149 populo
1269 1116 1388 1142 maximo
1400 1120 1426 1142 et
1437 1121 1527 1151 gente,
1542 1117 1569 1143 in
1584 1124 1635 1144 non
1651 1117 1778 1152 populum

957 1166 1056 1189 statum
1083 1161 1233 1195 redeamus,
1257 1163 1284 1190 in
1302 1170 1356 1198 quo
1373 1171 1492 1197 eramus,
1517 1171 1579 1196 cum
1611 1164 1691 1192 nobis
1724 1171 1779 1192 non

959 1207 1191 1235 convenissemns.

1034 1253 1078 1281 lll.
1099 1255 1138 1281 Ac
1159 1254 1280 1289 profecto
1299 1255 1404 1282 facilius
1422 1263 1482 1283 esse
1506 1252 1613 1284 videtur
1636 1256 1779 1285 adversam

997 1299 1132 1327 fortunam
1146 1300 1229 1333 ferre,
1241 1308 1320 1335 quam
1333 1301 1478 1328 secundam
1491 1309 1667 1330 conservare:
1679 1302 1778 1337 quippe

996 1353 1056 1372 eum
1073 1353 1123 1373 nos
1146 1346 1240 1378 etiam,
1260 1347 1317 1381 qui,
1344 1355 1404 1373 cum
1429 1347 1500 1374 bello
1523 1354 1723 1381 premeremur,
1744 1356 1780 1376 ex

994 1391 1231 1425 persecutionibus
1259 1393 1341 1418 robur
1373 1393 1609 1426 eomparavimus,
1642 1397 1723 1427 atque
1751 1393 1779 1420 in

995 1444 1077 1463 unum
1103 1437 1209 1464 collecti
1235 1445 1341 1470 sumus,
1363 1437 1456 1470 iidem,
1482 1443 1656 1473 posteaquam
1672 1439 1780 1466 collecti

995 1490 1098 1515 sumus,
1115 1482 1279 1510 dillluximns
1302 1491 1334 1511 ac
1357 1484 1453 1519 dilapsi
1483 1491 1588 1511 sumus.
1617 1484 1683 1518 Quis
1706 1486 1780 1513 enim

995 1531 1076 1557 modo
1096 1538 1170 1557 sana:
1185 1531 1295 1562 mentis,
1315 1536 1475 1565 praesentem
1495 1538 1584 1557 rerum
1604 1535 1704 1558 statum
1725 1539 1780 1559 non

154 1576 254 1610 ραννίδι
271 1576 513 1612 συντεταγμένους,
529 1577 545 1612 ἢ
559 1577 662 1612 κλοπῆς
676 1577 831 1609 κοινωνοὺς,
847 1577 863 1611 ἧ
879 1577 941 1603 στά-

996 1574 1139 1608 deploret?
1165 1574 1231 1607 Quis
1256 1582 1408 1602 sermonem
1434 1574 1496 1601 huic
1516 1573 1664 1602 calamitati
1685 1582 1779 1609 parem

153 1631 222 1654 σεως
249 1623 416 1657 συνωμότας,
440 1623 456 1657 ἢ
484 1623 605 1658 μοιχείας
627 1623 829 1659 συλλήπτορας,
849 1621 888 1650 ἐτι
912 1623 940 1649 δὲ

151 1669 240 1704 χορῶν
253 1670 422 1704 συστήματα,
440 1670 487 1695 καὶ
506 1669 627 1704 στρατῶν
642 1669 779 1704 τάγματα,
802 1670 850 1696 καὶ
869 1669 940 1704 νηῶν

151 1715 324 1751 πληρώματα
344 1715 417 1750 (82)’
441 1715 478 1741 ἐῶ
501 1716 555 1750 γὰρ
575 1715 664 1750 λέγειν
688 1716 804 1752 κλήρους
828 1717 857 1748 ἐξ
883 1717 940 1743 ἴσου

139 1760 354 1796 διαιρουμένους
364 1780 371 1791 ,
388 1761 435 1786 καὶ
450 1760 585 1792 πολιτείας
601 1761 768 1792 ἀντιθέτους,
787 1762 834 1788 καὶ
855 1762 942 1788 διαδο-

150 1807 201 1842 χὰς
217 1806 392 1841 λειτουργιῶν
405 1806 453 1832 καὶ
466 1806 556 1841 ἀρχῶν
569 1806 634 1841 (85),
646 1806 720 1838 τάξει
732 1807 879 1842 προῖούσας
894 1807 942 1833 καὶ¹

151 1853 241 1888 νόμῳ,
256 1852 302 1878 καὶ
322 1852 369 1887 τὴν
390 1851 577 1887 πολυύμνητον
598 1852 630 1887 δὴ
652 1852 754 1887 ταύτην
773 1853 941 1888 σοφιστικὴν,

151 1899 168 1934 ἢ
186 1897 392 1934 γραμματικὴν,
415 1897 458 1924 ἵνα
476 1897 513 1932 μὴ
532 1897 603 1931 λέγω
621 1897 795 1932 φιλοσοφίαν,
822 1899 885 1934 περὶ
908 1899 941 1934 ἢν

151 1945 219 1972 νέων
242 1944 382 1979 φιλοτιμία
398 1944 485 1979 λυσσᾷ
505 1952 535 1970 τε
553 1944 600 1970 καὶ
623 1944 743 1979 μέμηνε·
770 1943 870 1979 ταύτην
890 1945 940 1980 μὲν

151 1991 217 2026 ὸρᾷν
237 1991 316 2025 ὀλίγα
338 1990 386 2025 μὲν
410 1990 618 2021 στασιάζουσαν,
641 1990 675 2016 τὰ
701 1990 786 2017 πλείω
811 1991 840 2017 δὲ
865 1992 940 2026 εἰρη-

151 2036 281 2062 νεύουσαν
291 2044 297 2050 ·
313 2036 386 2071 ἡμᾶς
401 2035 429 2062 δὲ
443 2035 607 2067 ἀσυνθέτους
622 2032 692 2061 εἶναι
708 2036 754 2062 καὶ
768 2036 940 2068 ἀσυνδέτους,

152 2082 200 2108 καὶ
226 2082 329 2117 μήποτε
347 2081 476 2109 δύνασθαι
491 2083 530 2113 εἰς
546 2082 645 2108 ταυτὸν
666 2082 768 2114 ἐλθεῖν,
798 2083 865 2118 μηδὲ
881 2092 941 2109 τινα

151 2129 231 2163 λόγον
251 2129 368 2164 φανῆναι
384 2129 432 2164 τῆς
453 2129 530 2155 νόσου
550 2128 653 2164 ταύτης
675 2128 863 2164 θεραπευτὴν,
884 2128 941 2156 ἀλλ’

151 2174 246 2210 ὥσπερ
263 2175 361 2205 κακίας
380 2175 577 2210 μυσταγωγοὺς
593 2175 640 2201 καὶ
664 2175 767 2210 μύστας
781 2175 859 2207 ὄντας
869 2196 876 2207 ,
892 2176 942 2202 οὐκ

152 2220 263 2256 ἀρετῆς,
291 2220 376 2247 πολλὰ
406 2221 454 2255 μὲν
485 2220 617 2247 ποιεῖσθαι
644 2220 679 2246 τὰ
701 2219 751 2254 τῆς
775 2220 943 2252 διαστάσεως

152 2265 372 2300 ὑπεκκαύματα,
391 2265 476 2301 μικρὰ
499 2265 536 2297 δὲ,
557 2265 574 2300 ἢ
601 2265 720 2300 μηδόλως
743 2267 791 2299 τῆς
815 2266 938 2300 ὁμονοίας

152 2311 305 2345 φροντίζειν
323 2311 390 2346 (84).
419 2312 516 2338 Καίτοι
539 2311 640 2337 τούτων
657 2311 706 2345 μὲν
729 2311 937 2343 στασιαζόντων,

151 2357 202 2383 οὐκ
214 2358 253 2388 είς
269 2357 339 2392 μέγα
351 2358 367 2392 ὴ
379 2357 472 2389 στάσις
486 2357 579 2392 φέρει⁵
595 2357 671 2388 τινάς
681 2365 710 2382 τε
725 2357 770 2383 καὶ
785 2357 938 2389 στασιάζειν

152 2402 168 2436 ἢ
184 2403 348 2437 συμφρονεῖν
366 2402 491 2437 ἄμεινον·
506 2402 555 2434 τὰς
568 2401 622 2437 γὰρ
636 2401 682 2427 ἐπὶ
698 2401 774 2436 κακῷ
797 2402 939 2433 συστάσεις

151 2447 192 2479 τίς
205 2447 238 2474 ἂν
253 2448 422 2475 ἐπαινέσειεν
438 2446 468 2475 εὖ
482 2447 605 2484 φρονῶνς

993 1621 1116 1648 invenire
1129 1622 1234 1654 queat?
1247 1620 1345 1647 Pacem
1360 1621 1451 1648 colunt
1464 1621 1594 1653 latrones,
1608 1628 1678 1656 quos
1689 1621 1778 1648 scelus

992 1666 1062 1693 inter
1087 1674 1116 1694 se
1140 1667 1278 1698 devinxit,
1305 1672 1333 1693 et
1357 1666 1505 1702 tyrannidis
1528 1666 1612 1697 socii.
1641 1671 1689 1693 aut
1713 1666 1778 1694 furti

997 1718 1147 1744 consortes,
1162 1718 1207 1740 aut
1219 1712 1251 1740 ad
1267 1712 1426 1740 seditionem
1442 1712 1587 1747 conjnrati,
1600 1712 1778 1740 autadulterii

992 1759 1151 1794 participes,
1177 1765 1258 1794 atque
1282 1759 1393 1793 insuper
1417 1759 1560 1786 chororum
1589 1756 1725 1791 sodalitia,
1749 1763 1778 1787 et

993 1805 1161 1832 exercituum
1173 1805 1292 1836 ordines,
1309 1809 1336 1830 et
1347 1805 1391 1839 qui
1405 1805 1518 1832 navibus
1530 1804 1682 1838 vehuntur;
1698 1805 1777 1833 mitto

981 1850 1065 1877 .enim
1094 1850 1184 1877 dicere
1207 1850 1379 1878 haereditates
1395 1857 1428 1877 ex
1452 1858 1529 1884 atquo
1544 1850 1654 1884 divisas,
1671 1855 1698 1878 et
1709 1859 1776 1879 con-

993 1896 1092 1923 trarias
1105 1895 1132 1922 in
1147 1895 1228 1922 rebus
1242 1895 1357 1930 publicis
1374 1896 1501 1931 gerendis
1514 1896 1641 1929 rationes,
1662 1902 1689 1924 et
1702 1897 1774 1925 civi-

990 1941 1055 1968 lium
1081 1948 1222 1968 munerum
1246 1941 1443 1974 successiones,
1468 1946 1496 1969 et
1518 1942 1693 1977 magistratus
1718 1942 1777 1977 lege

980 1992 1071 2023 _atque
1082 1987 1177 2023 ordine
1191 1987 1414 2023 progredientes;
1433 1993 1512 2023 atque
1536 1989 1602 2016 adeo
1619 1989 1778 2018 celebratis-

978 2066 982 2069 V
994 2035 1090 2060 simam
1105 2034 1174 2061 hanc
1186 2033 1350 2068 sophisticen
1368 2037 1413 2060 aut
1428 2035 1634 2069 grammaticen,
1647 2042 1680 2062 ne
1689 2035 1776 2062 dicam

996 2080 1212 2115 philosophiam,
1246 2080 1272 2107 in
1305 2088 1385 2114 quam
1413 2080 1508 2107 insano
1533 2081 1648 2115 quodam
1674 2080 1775 2115 impetu

991 2125 1215 2162 416juvenum
1239 2127 1352 2153 ambitio
1372 2126 1446 2160 iurit,
1464 2134 1545 2161 quant
1568 2130 1656 2153 tamen
1680 2134 1776 2161 parum

993 2173 1137 2200 admodum
1168 2173 1288 2200 dissidiis
1319 2173 1466 2207 agitatam,
1496 2173 1550 2200 imo
1577 2177 1606 2200 ut
1631 2173 1776 2208 plurimum

993 2218 1111 2252 quietam
1138 2223 1166 2246 et
1191 2224 1313 2254 pacatam
1338 2219 1478 2251 videmus;
1507 2227 1556 2247 nos
1583 2223 1672 2246 autem
1700 2219 1775 2246 nullo

958 2252 978 2279 υ
992 2265 1144 2292 concordiae
1169 2265 1272 2292 l‘cedere
1292 2272 1324 2292 ac
1350 2264 1457 2291 vinculo
1478 2264 1638 2300 constringi,
1662 2272 1712 2292 nec
1727 2271 1777 2292 un-

992 2318 1073 2344 quam
1096 2311 1122 2337 in
1145 2319 1226 2337 unum
1246 2311 1320 2338 coire
1335 2317 1491 2344 possumus,
1507 2318 1557 2338 nec
1576 2311 1644 2338 ratio
1658 2312 1712 2338 ulla
1727 2319 1775 2339 ex-

992 2361 1056 2388 stat,
1073 2363 1133 2391 qnte
1146 2356 1209 2383 huic
1223 2357 1317 2383 morbo
1330 2357 1485 2388 medeatur;
1499 2357 1563 2391 quin
1579 2357 1679 2391 potius,
1691 2357 1770 2392 quasi

992 2401 1063 2433 vitii,
1088 2409 1140 2428 non
1161 2401 1279 2433 virtutis,
1306 2402 1431 2429 doctores
1455 2409 1487 2428 ac
1510 2401 1644 2436 discipuli,
1672 2402 1772 2437 multos

993 2448 1101 2482 quidem
1127 2447 1271 2474 discordia:
1296 2447 1428 2481 igniculos
1457 2447 1630 2482 subiicimus,
1659 2455 1772 2482 parvam

152 2499 254 2527 autem,
270 2495 323 2521 imo
336 2494 436 2521 nullam
464 2494 576 2522 omnino
607 2493 766 2521 concordiaa'
787 2501 879 2521 curam
897 2493 1027 2529 gerimus.
1053 2494 1086 2520 Et
1105 2499 1180 2520 certe
1200 2493 1307 2520 illorum
1327 2493 1515 2521 contentiones
1537 2498 1565 2520 et
1584 2493 1694 2520 dissidia
1719 2501 1774 2521 non

151 2539 266 2566 mttltum
296 2539 460 2566 incommodi
492 2546 584 2566 secum
614 2538 744 2565 vehunt:

767 2539 822 2565 itno
851 2538 931 2565 etiam
951 2539 1081 2573 quosdam
1096 2538 1239 2570 dissidere,
1259 2545 1338 2573 quam
1364 2538 1433 2565 inter
1463 2546 1492 2566 se
1525 2539 1678 2566 consentire
1699 2546 1771 2574 prat-

152 2590 223 2618 stat;
238 2585 299 2620 quis
312 2586 395 2617 enim,
410 2585 461 2612 nisi
477 2585 576 2613 mentis
591 2591 697 2618 expers,
717 2586 744 2611 in
759 2584 860 2612 malum
876 2586 957 2612 initas
973 2585 1189 2619 conspirationes
1202 2585 1407 2620 comprobarit?

188 2685 245 2720 (79)
267 2686 479 2721 Ἀνιστάμεναι.
501 2685 592 2716 Schol.
612 2695 618 2712 ς
641 2683 799 2712 Ἀνάστατοι
820 2684 934 2720 γενόμε-

151 2729 206 2750 ναι.
221 2721 266 2747 καὶ
276 2721 469 2757 πορθούμεναι.

188 2757 243 2789 (δυ)
257 2755 521 2793 Σμιςεέηλύθειμεγ.
536 2755 581 2784 Sic
596 2756 662 2793 Reg.
681 2757 727 2789 hu,
741 2756 788 2785 0r.
798 2756 824 2789 l,
840 2760 892 2784 etc.
906 2755 935 2782 ln

152 2791 207 2821 ed.,
217 2790 442 2826 συνεληλύθαμεν.

189 2825 245 2860 (Si)
270 2825 456 2863 εὐωνίαν.
477 2827 542 2862 Reg.
565 2827 600 2863 Vb,
627 2826 786 2863 εὐπραξίαν.
804 2826 870 2861 lteg.
886 2826 933 2858 hu,

154 2860 335 2896 συμπραξίαν.
351 2860 476 2892 Μοηιιιρη
496 2860 619 2889 ἐκκαλεῖν
635 2860 793 2896 εὐπραξίαν.

191 2871 335 2896 μπραςιαν.
351 2871 476 2892 Μοηικε..
496 2871 619 2889 εκκαλειν
635 2871 687 2889 ευπ
706 2871 793 2894 αςιαν.

191 2897 246 2931 (82)
261 2895 408 2930 Καὶνηῶγ
429 2896 630 2935 πληρώματα.-
646 2907 656 2924 ι
677 2871 828 2925 (Susiariis
850 2897 938 2924 militi-

987 2687 1049 2718 bus,
1070 2696 1079 2712 ι
1096 2685 1148 2719 vel,
1168 2695 1178 2712 ‹
1194 2687 1347 2713 vectoribus
1362 2685 1465 2720 plenas.
1491 2696 1500 2711 ι
1523 2685 1662 2720 Signiﬁcat
1690 2688 1772 2715 etiam

990 2731 999 2748 ι
1023 2721 1145 2756 publicas
1163 2728 1245 2756 naves
1265 2722 1336 2756 omni
1353 2721 1489 2748 hominum
1510 2729 1608 2755 genere
1619 2728 1740 2751 onustas.
1761 2732 1771 2748 ι

1023 2755 1078 2792 (85)
1102 2755 1224 2790 Ἀρχῶν.
1243 2756 1288 2783 Sic
1305 2755 1372 2791 Reg.
1388 2757 1435 2790 hu,
1450 2756 1497 2784 0r.
1510 2757 1536 2790 1,
1552 2762 1579 2783 et
1594 2756 1716 2786 Combel‘.
1743 2758 1774 2786 in

987 2791 1286 2866 θάξὼῗῖξῗιῖᾶογτίξειν.
1314 2826 1431 2855 ΟοίεΙ.1
1458 2827 1541 2862 addit,
1558 2827 1709 2862 βούλεσθαι.
1729 2829 1775 2866 sic

990 2863 1070 2891 etiam
1088 2862 1202 2898 llervag.

1030 2901 1042 2913 1
