2060 3140
283 201 354 230 “35

882 199 911 226 S.
933 197 1098 227 GREGORH
1118 199 1292 228 THEOLOGI

1838 201 1909 228 H36

319 258 364 285 IV.
381 257 435 286 Nos
448 261 536 285 autem
563 257 585 284 si
603 256 664 292 quis
682 260 775 292 roget:
792 255 925 290 Quidnam
941 261 984 285 est
998 256 1068 291 quod

1155 259 1192 286 A’.
1218 259 1306 295 Ἣμᾶς
1323 259 1351 286 δὲ
1373 259 1399 285 sl
1418 267 1460 291 τις
1478 258 1635 295 ἐρωτήσειε,
1660 258 1693 284 Τί
1709 257 1740 285 τδ
1754 258 1910 294 τιμώμενον

285 305 373 333 colitis
391 311 472 339 atque
491 303 630 331 adoratis?
658 309 812 338 promptum
829 307 872 330 est
893 303 1069 338 respondere,

285 353 356 388 quod
369 351 405 379 sit
426 351 557 379 charitas.
584 350 690 377 Etenim
705 355 735 377 ut
753 357 767 376 a
782 349 884 384 Spiritu
898 355 994 377 sancto
1007 357 1070 384 pro-

285 399 437 428 nuntiatum
459 403 522 426 est:
539 397 609 424 Deus
632 402 721 424 noster
743 397 861 423 Charitas
875 400 914 423 est
926 395 959 427 ",
984 403 1070 430 eoque

284 445 393 473 nomine
408 444 504 479 magis,
522 451 603 478 quam
619 444 716 478 quovis
734 442 798 474 alio,
819 441 980 470 delectatur.
995 442 1071 475 Quod

285 492 307 520 si
325 496 454 526 praeterea
471 498 502 517 ex
526 489 605 517 nobis
621 489 785 521 Sciscitetur,
803 495 863 523 qua:
880 488 947 523 legis
965 495 996 515 ac
1009 495 1072 522 pro-

284 539 428 573 phetarum
454 544 559 564 summa
587 536 624 563 sit
643 536 688 562 ιιι
710 535 780 562 haud
807 535 954 570 quldquam
987 535 1069 567 aliud,

284 592 365 619 quam
378 584 551 614 cltaritatem,
565 582 730 617 evangelista
748 588 798 608 nos
811 580 975 616 respondere
987 581 1070 608 sinet.

284 631 354 664 Quid
375 629 455 664 igitur
471 628 579 655 tandem
596 635 685 655 causa:
699 630 751 658 est,
773 634 833 658 cur,
849 627 894 662 qui
910 626 1070 654 charitatent

285 675 406 706 colimus,
421 673 521 701 mutuis
530 674 599 700 odiis
610 672 774 707 ﬂagramus?
791 671 841 705 Qui
858 679 963 707 pacem,
976 671 1072 706 impla-

284 722 371 750 cabile
383 726 409 748 et
422 720 585 756 incapiabile
597 719 696 746 bellum
713 719 857 754 gerimus?
885 718 935 752 Qui
959 718 1071 754 angula-

285 776 342 795 rcm
369 767 494 802 lapidem.
515 765 668 793 dirimimur
684 772 716 792 ac
734 764 934 792 distraltimur?
953 764 1004 798 Qui
1023 772 1070 798 pe~

285 819 366 846 trant,
393 811 586 840 concutimur?
611 811 660 844 Qtti
689 811 788 842 lucem,
820 811 989 846 caligamus?
1016 811 1068 844 Qui

286 859 413 891 Verbum,
435 863 508 885 tanto
526 865 619 885 sumus
635 857 754 889 silentio,
775 861 822 884 aut
839 857 998 890 stoliditate,
1025 862 1072 885 aut

283 908 393 938 stupore
426 907 507 937 aIQue
534 901 678 931 vecordia,
707 906 771 934 aut,
798 910 853 937 quo
883 903 966 930 verbo
995 908 1066 934 utar,

1122 303 1186 339 ὑμῖν
1211 305 1259 331 καὶ
1284 304 1538 340 προσκυνούμενον;
1567 304 1712 340 πρόχειρον
1738 304 1840 331 εἰπεῖν’
1874 304 1909 331 Ἦ

1120 349 1227 386 ἀγάπη.
1245 351 1271 377 Ὀ
1292 350 1346 387 γὰρ
1363 351 1436 383 Θεὸς
1453 351 1538 386 ἡμῶν
1554 352 1573 386 ὴ
1596 351 1696 387 ἀγάπη
1712 351 1788 378 ἐστι.
1814 351 1909 386 Ῥῆσις

1120 397 1168 424 τοῦ
1194 397 1272 432 ἁγίου
1298 398 1471 434 [Indue-.0;-
1503 399 1550 426 καὶ
1581 399 1661 426 τοῦτο
1688 399 1778 434 χαίρει
1809 397 1910 433 μᾶλλον

1121 442 1238 476 ἀκούων,
1260 443 1318 479 ῆτι
1335 444 1408 477 ἄλλο,
1428 444 1444 470 ὀ
1464 443 1529 476 Θεὸς
1553 443 1620 479 (85),
1644 444 1677 470 Τί
1697 443 1741 470 δαὶ
1756 443 1838 478 νόμου
1861 442 1910 468 καὶ

1121 488 1269 525 προφητῶν
1288 489 1451 524 κεφάλαιον;
1477 489 1527 516 οὑκ
1547 489 1610 516 ἄλλο
1627 489 1644 525 ἢ
1666 489 1745 515 τοῦτο
1764 488 1909 523 συγχωρή-

1123 544 1194 562 σειεν
1208 536 1264 571 (86)
1277 538 1291 563 ὁ
1307 537 1504 572 εὐαγγελιστὴς
1527 536 1736 572 ἀποκρίνασθαι.
1758 535 1791 562 Τί
1807 535 1909 570 δήποτε

1124 581 1170 611 οὖν
1181 583 1205 609 0i
1219 583 1269 618 τῆς
1285 583 1404 618 ἀγάπης,
1415 583 1485 610 οὕτω
1495 583 1550 618 (87)
1564 582 1697 618 μισοῦμέν
1709 591 1738 608 τε
1751 581 1798 608 καὶ
1816 580 1911 617 μισού-

1123 629 1193 666 μεθα
1205 638 1212 663 ς
1226 629 1274 656 καὶ
1284 629 1309 656 οἱ
1322 629 1371 664 τῆς
1381 630 1502 665 εἰρήνης,
1517 628 1688 664 πολεμοῦμεν
1698 627 1840 664 ἀκήρυκτά
1852 627 1910 663 (88)

1120 683 1151 701 τε
1173 675 1220 701 καὶ
1234 674 1442 707 ἀκατάλλακτα;
1464 674 1511 701 κα).
1530 675 1554 700 oi
1575 673 1622 700 τοῦ
1646 673 1854 709 ἀκρογωνιαίου,
1871 673 1911 699 δι-

1122 721 1273 757 ιστάμεθας
1289 721 1335 748 καὶ
1351 721 1375 747 οί
1389 721 1439 755 τῆς
1461 720 1574 756 πέτρας,
1589 720 1733 756 σειόμεθα;
1752 719 1799 746 καὶ
1813 720 1837 746 οι
1860 717 1909 745 τοῦ

1121 767 1220 801 φωτὸς,
1240 765 1438 801 ὲσκοτίσμεοα;
1464 766 1512 792 καὶ
1537 765 1562 792 οί
1582 764 1630 792 τοῦ
1658 765 1761 798 Λόγου,
1777 763 1911 798 τοσαύτης

1121 813 1204 848 ἐσμὲν
1229 812 1319 848 σιγῆς,
1346 811 1362 848 ἢ
1391 810 1513 846 ἀλογίας,
1534 811 1551 847 ἢ
1575 809 1777 846 παραπληξίας,
1806 809 1834 845 ἢ,
1858 810 1910 836 οὐκ

1121 857 1169 886 οἶδ’
1183 858 1198 885 δ
1211 867 1238 885 τι
1252 858 1298 885 καὶ
1309 858 1445 893 ὀνομάσω,
1461 858 1569 894 μεστοί·
1585 857 1655 884 ὥστε
1667 858 1769 892 τροφῆς
1786 856 1845 892 μὲν,
1862 856 1912 882 καὶ

1123 905 1218 936 ὕπνου,
1236 905 1282 931 καὶ
1296 905 1367 940 ᾠδῆς
1388 905 1467 940 κόρος
1485 905 1552 936 ἐστὶ,
1571 904 1617 932 κα).
1630 903 1684 930 τῶν
1699 903 1855 938 αἰσχίστων,
1870 901 1913 934 ὡς

284 950 386 981 nescio,
413 949 500 984 pleni,
523 952 553 975 ut
577 955 638 974 cum
661 948 725 980 cibi.
749 953 776 974 et
792 949 892 980 somni,
915 954 943 976 et
956 954 1070 981 cantus,

1123 951 1240 986 λέγουσι·
1255 951 1302 977 καὶ
1314 951 1455 987 πλησμονὴ
1470 951 1587 982 πάντων,
1602 951 1632 977 οὐ
1645 950 1698 977 τῶν
1713 949 1844 984 ἀλγεινῶν
1860 948 1910 983 μό-

285 1002 428 1030 rerumque
445 995 712 1022 obscmnissimarum
723 1014 730 1026 ,
746 999 776 1021 ut
792 995 884 1028 aiunt,
897 995 1006 1022 satietas
1027 995 1075 1028 sit,

283 1041 468 1076 omniumque,
499 1049 551 1068 non
578 1041 658 1068 modo
685 1040 880 1073 molestarum,
913 1041 961 1068 sed
989 1041 1071 1068 etiam

282 1088 540 1123 jucundissimarum
559 1095 649 1114 rerum
667 1087 798 1114 saturitas
812 1092 840 1114 et
856 1087 994 1114 fastidium
1012 1091 1072 1114 tan-

285 1134 346 1160 dem
368 1133 525 1165 oboriatur,
553 1137 705 1167 cunctaque
728 1132 800 1159 inter
822 1139 852 1159 se
876 1132 995 1159 vicissim
1020 1133 1071 1159 int-

285 1184 386 1210 meent,
399 1183 425 1205 et
439 1182 647 1210 convertantur;
672 1178 750 1205 nobis
764 1183 851 1205 tamen
869 1185 919 1205 nec
933 1178 1002 1210 ﬁnis,
1021 1185 1072 1205 nec

286 1225 382 1252 modus
395 1225 431 1252 sit
451 1224 532 1257 ullus,
557 1229 612 1252 tum
631 1224 844 1256 inferendoruut,
859 1229 916 1251 tum
932 1224 1072 1259 accipien-

285 1272 381 1298 dorum
406 1270 566 1303 vulnerum,
593 1276 646 1297 non
672 1270 706 1298 iis
723 1270 871 1301 duntaxat,
894 1270 941 1305 qui
964 1270 1071 1297 diversa

284 1316 416 1349 sentiunt,
439 1322 521 1352 atque
543 1317 569 1343 itt
588 1316 649 1344 ﬁdei
672 1316 794 1344 doctrina
807 1316 950 1349 dissident,
970 1316 1072 1352 (minus

284 1364 357 1390 enim
381 1363 509 1390 acerbum
531 1362 556 1389 id
579 1367 662 1395 esset,
689 1369 721 1389 ac
743 1362 829 1395 zelus,
849 1370 894 1390 res
917 1362 1071 1395 laudabilis,

1121 1006 1177 1030 vov,
1200 997 1257 1024 ἀλλ’
1276 997 1326 1032 ήδη
1349 997 1396 1024 καὶ
1414 996 1469 1024 τῶν
1488 997 1614 1033 ἡδίστων,
1635 996 1683 1022 καὶ
1702 996 1791 1022 πάντα
1805 996 1845 1026 είς
1862 994 1912 1021 ἀλ-

1123 1042 1192 1077 ληλα
1218 1043 1368 1078 περιχωρεῖ
1391 1051 1421 1069 τε
1438 1043 1486 1069 καὶ
1508 1042 1720 1078 περιτρέπεται·
1737 1042 1802 1076 ἡμῖν
1823 1040 1845 1066 δ’
1862 1040 1909 1066 οὑ-

1122 1089 1178 1120 δεὶς
1190 1089 1252 1124 ὄρος
1265 1089 1313 1115 τοῦ
1331 1088 1436 1123 βάλλειν
1450 1089 1498 1115 καὶ
1517 1088 1672 1124 βάλλεσθαι,
1682 1088 1713 1114 οὐ
1725 1089 1782 1120 τοῖς
1791 1087 1913 1123 ἐτεροδο-

1124 1134 1199 1167 ξοῦσι
1213 1135 1302 1170 μόνον,
1319 1135 1366 1162 καὶ
1381 1135 1450 1162 κατά
1464 1135 1509 1162 τὸν
1523 1135 1573 1170 τῆς
1586 1135 1703 1166 πίστεως
1714 1134 1791 1168 λόγον
1805 1133 1912 1169 διεστη-

1123 1180 1199 1206 κόσιν
1216 1180 1226 1215 (
1240 1178 1321 1215 ἦττον
1336 1180 1391 1216 γὰρ
1408 1179 1441 1206 ἂν
1457 1177 1491 1215 ἦν
1505 1179 1560 1215 (89)
1578 1179 1710 1214 ἀλγεινὸν,
1728 1179 1775 1205 καὶ
1791 1178 1806 1204 ὁ
1819 1178 1911 1214 ζῆλος,

1120 1225 1254 1259 ἀπολογία
1284 1225 1454 1261 πραγμάτων
1478 1225 1534 1261 (90)
1561 1226 1778 1260 ἐπαινουμένων,
1807 1224 1855 1251 eam
1882 1225 1914 1251 ἐν

1121 1269 1194 1306 ὅροις
1216 1269 1323 1305 ίστῆται
1337 1269 1421 1306 [91])’
1436 1270 1488 1305 ἢδη
1511 1269 1540 1297 δὲ
1556 1269 1604 1296 καὶ
1621 1271 1677 1302 τοῖς
1688 1269 1824 1305 ὁμοδόξοις
1843 1269 1911 1305 (9‘2),

1122 1316 1169 1342 καὶ
1191 1316 1260 1351 πρὸς
1275 1316 1338 1348 τοὺς
1353 1316 1461 1348 αὐτοὺς,
1475 1316 1523 1342 καὶ
1536 1316 1606 1352 ὑπὲρ
1621 1315 1676 1342 τῶν
1689 1315 1779 1343 αὐτῶν
1796 1315 1912 1342 στασιά-

1119 1362 1195 1395 (eum
1211 1363 1302 1398 (τοῦτο
1322 1363 1378 1399 γὰρ
1399 1362 1430 1389 τὸ
1443 1362 1656 1398 μοχθηρότατον,
1669 1362 1686 1398 ἢ
1697 1363 1880 1390 ὲλεεινότατον
1889 1361 1913 1398 ).

285 1409 365 1436 modo
390 1409 460 1436 intra
485 1408 552 1436 lines
578 1416 642 1436 suos
670 1409 814 1441 consistat,
842 1409 868 1436 id
888 1414 1031 1436 excusaret
1041 1409 1062 1442 ;)
1083 1416 1175 1436 verum
1211 1409 1245 1437 iis
1274 1416 1383 1444 quoque
1419 1410 1464 1444 qui
1489 1410 1612 1437 eamdem
1631 1410 1711 1437 [idem
1738 1409 1913 1444 proﬁtentur,

285 1460 365 1490 atque
388 1457 518 1482 adversus
546 1455 654 1482 eosdem
686 1460 715 1482 et
742 1463 790 1490 pro
812 1455 907 1483 iisdem
940 1455 1140 1483 conﬂictantur.
1183 1454 1240 1484 Hoc
1273 1457 1347 1484 enim
1371 1455 1436 1483 illud
1459 1461 1502 1484 est
1522 1456 1643 1484 omnium
1671 1456 1915 1492 improbissimum,

285 1507 332 1529 aut
346 1501 464 1529 maxime
475 1501 670 1529 miserandum.

322 1547 355 1575 ν.
376 1547 410 1574 Et
420 1555 479 1582 quae
493 1548 572 1582 hujus
586 1548 624 1575 rei
642 1555 724 1575 causa
739 1548 800 1575 est!
820 1548 979 1576 Dominandi
998 1555 1071 1576 amor

1161 1547 1199 1574 E’.
1217 1546 1271 1572 Καὶ
1283 1546 1314 1572 τὸ
1330 1546 1417 1574 αἴτιον
1431 1546 1473 1579 τί;
1488 1546 1620 1582 Φιλαρχία
1636 1546 1727 1582 τυχὸν,
1745 1546 1762 1581 ἦ
1783 1545 1915 1582 φιλοχρη-

286 1595 417 1626 l‘ortasse,
440 1594 482 1622 vel
504 1601 583 1630 opum
599 1595 745 1630 cupiditas,
761 1594 802 1622 vel
819 1595 897 1626 livor,
911 1595 952 1621 vel
969 1595 1071 1628 odium,

1125 1593 1216 1630 ματία,
1231 1593 1247 1628 ἢ
1261 1592 1367 1627 φθόνος,
1385 1593 1401 1628 ἢ
1420 1595 1508 1629 μῖσος,
1526 1593 1545 1629 ἦ
1556 1593 1691 1629 ὑπεροψία
1706 1594 1772 1629 (95),
1787 1594 1843 1630 ἦτι
1857 1593 1923 1634 τῶνγ

285 1641 328 1669 vel
358 1641 497 1676 superbia,
527 1641 569 1669 vel
592 1641 697 1676 aliquid
710 1649 819 1674 eorum,
846 1641 945 1676 quibus
969 1649 1002 1669 ne
1025 1649 1071 1669 eos

1122 1640 1172 1666 ὅσα
1189 1639 1256 1676 μηδὲ
1267 1640 1330 1671 τοὺς
1344 1640 1440 1671 ἀθέους
1455 1641 1563 1676 ὁρῶμεν
1577 1640 1729 1676 πάσχοντας
1738 1649 1746 1656 ·
1762 1641 1809 1668 καὶ
1821 1640 1852 1667 τὸ
1865 1641 1915 1676 χά-

287 1688 406 1724 ;uidem,
421 1688 465 1722 qui
481 1688 565 1715 Deum
582 1687 684 1715 nullum
698 1692 806 1722 putant,
827 1687 952 1715 laborare
965 1688 1074 1722 conspi-

285 1735 383 1762 cimus.
397 1734 478 1770 417
492 1733 624 1769 Quodque
646 1734 744 1761 scitum
765 1738 792 1761 et
813 1733 930 1768 lepidum
946 1738 998 1767 est,
1015 1734 1073 1768 ipsa

286 1781 450 1808 calculorum
473 1780 593 1808 inversio
607 1784 659 1808 est.
674 1779 742 1807 Nam
758 1788 819 1807 cum
833 1780 1073 1815 deprehendimur,

285 1827 322 1862 pii
339 1832 421 1862 atque
433 1826 577 1854 orthodoxi
599 1833 704 1858 sumus,
732 1825 858 1861 falsoque
877 1826 909 1853 ad
928 1826 1073 1854 veritatem

286 1873 467 1908 confugimus,
483 1878 611 1907 tanquam
626 1881 675 1908 pro
688 1873 740 1900 [ide
755 1872 953 1900 contendentes
968 1872 1072 1907 :idque

286 1928 381 1952 unum,
393 1924 423 1947 ut
437 1921 463 1947 in
479 1920 568 1953 malis,
587 1921 665 1948 laude
680 1921 802 1955 dignum,
814 1920 869 1947 imo
885 1924 964 1954 turpe
979 1919 1073 1946 admo-

287 1967 351 1993 dum
372 1966 498 1998 facimus,
512 1967 583 2001 quod
597 1967 693 1994 vitium
708 1966 910 1998 erubescentes,
924 1966 958 1992 ad
971 1965 1073 2000 specio-

288 2013 346 2040 sius
370 2012 565 2047 honestiusque
587 2019 697 2046 nomen,
723 2012 776 2039 hoc
799 2016 851 2044 est,
875 2012 909 2038 ad
931 2011 1072 2045 pietatem,

287 2057 444 2085 transimus.
454 2058 575 2085 Attonite
587 2063 614 2084 et
629 2057 789 2091 versipellis,
802 2056 903 2083 dixerit
926 2056 1072 2090 quispiam,

288 2108 316 2131 et
330 2103 408 2138 pravi
429 2103 512 2135 illius,
529 2111 559 2131 ac
573 2103 630 2130 vitii
650 2102 791 2130 architecti
809 2102 981 2138 ﬁgmentum,
996 2102 1073 2137 quis-

288 2150 350 2184 quis
374 2156 415 2181 es,
437 2149 484 2184 qui
508 2150 544 2176 ita
576 2149 703 2181 alliceris,
726 2154 784 2182 aut,
807 2154 838 2176 ut
863 2149 954 2176 verius
965 2148 1073 2183 loquar,

287 2193 471 2221 amentissime
486 2203 492 2222 :
508 2193 554 2221 hic
570 2193 617 2221 tibi
640 2194 768 2221 hesterno
783 2193 827 2220 die
843 2193 903 2228 pius
915 2198 989 2237 erat;
1006 2200 1075 2228 quo-

1124 1693 1193 1721 ριεν,
1216 1685 1232 1720 ὴ
1251 1685 1305 1711 τῶν
1325 1685 1424 1720 ψήφων
1440 1685 1584 1720 μετάθεσις
1599 1686 1666 1722 (Μ).
1688 1685 1770 1712 Ὅταν
1793 1685 1912 1721 ἁλῶμεν,

1122 1731 1246 1763 εὐσεϐεῖς
1275 1732 1359 1766 ἐσμεν
1383 1732 1430 1757 καὶ
1458 1731 1612 1767 ὀρθόδοξοι,
1636 1732 1683 1758 καὶ
1703 1731 1912 1767 καταφεύγομεν

1122 1777 1227 1812 ψευδῶς
1241 1777 1287 1803 ἐπὶ
1307 1777 1356 1812 τὴν
1373 1776 1510 1812 ἀλήθειαν,
1528 1777 1566 1809 ὡς
1584 1777 1655 1813 ὑπὲρ
1669 1777 1786 1808 πίστεως
1801 1778 1916 1805 στασιάο

1123 1823 1231 1856 ζοντες”
1249 1823 1296 1850 καὶ
1316 1823 1394 1850 τοῦτο
1415 1823 1496 1859 μόνον
1519 1823 1661 1851 ὲπαινετὺν
1676 1824 1816 1860 ποιοῦμεν,
1833 1824 1870 1856 ὡς
1882 1825 1915 1851 ἐν

1122 1872 1227 1902 κακοῖς,
1246 1871 1270 1896 εί
1285 1870 1322 1906 μὴ
1337 1871 1384 1897 καὶ
1400 1871 1459 1897 λίαν
1478 1870 1600 1906 αἰσχρὸν,
1621 1871 1661 1897 ὅτι
1675 1871 1724 1906 τὴν
1743 1871 1841 1898 κακίαν
1853 1871 1913 1906 ἐρυ-

1123 1915 1264 1952 θριῶντες,
1281 1916 1327 1943 ἐπὶ
1342 1917 1504 1952 σεμνότερον
1531 1916 1618 1952 ὄνομα
1634 1916 1843 1952 μεταϐαίνομεν,
1862 1918 1913 1953 τὴν

1123 1962 1263 1989 εὐσέϐειαν
1274 1963 1340 1998 (95).
1360 1963 1540 1999 Ὲμὸρόντητε
1553 1963 1599 1989 καὶ
1611 1963 1774 1999 πολύτροπε,
1786 1965 1858 1991 ain-ot
1870 1973 1915 1997 τις

1122 2008 1166 2040 ἂν,
1182 2009 1230 2035 καὶ
1244 2009 1356 2044 πλάσμα
1374 2009 1422 2036 τοῦ
1447 2008 1569 2044 Πονηροῦ
1585 2010 1633 2036 καὶ
1651 2009 1699 2036 τοῦ
1717 2010 1843 2044 σοφιστοῦ
1863 2011 1912 2046 τῆς

1123 2056 1232 2088 καικίας,
1245 2057 1319 2089 ὅστις
1335 2056 1400 2083 ποτε
1417 2054 1442 2084 εἴ
1455 2058 1469 2083 ό
1483 2056 1562 2084 τοῦτο
1577 2058 1700 2093 πάσχων,
1712 2059 1740 2094 ἦ,
1756 2059 1787 2086 τό
1800 2067 1832 2093 γε
1847 2059 1915 2095 ἀλη-

1123 2102 1250 2138 θέστερον
1261 2104 1357 2135 εἰπεῖν,
1371 2103 1532 2138 ἀνοητότατε
1543 2111 1550 2118 ’
1564 2101 1640 2136 οὗτός
1655 2113 1696 2131 σοι
1713 2105 1776 2140 χθὲς
1788 2103 1823 2141 ἦν
1837 2106 1915 2132 εὐσε-

1123 2149 1184 2186 6ὴς,
1197 2150 1243 2176 καὶ¹
1257 2150 1314 2181 πῶς
1327 2150 1429 2186 ἀσεϐὴς
1444 2151 1572 2187 σήμερον,
1587 2151 1669 2187 μηδὲν
1685 2152 1823 2187 προσθεὶς,
1843 2153 1914 2187 μηδὲ

1123 2194 1241 2229 ἀφελῶν,
1257 2195 1325 2230 μήτε
1344 2196 1458 2232 ῥήματι,
1474 2197 1542 2232 μήτε
1559 2197 1702 2232 πράγματι
1716 2197 1782 2232 (96),
1796 2197 1853 2224 ἀλλ’
1866 2198 1915 2224 ἐπὶ

287 2247 350 2266 Intn
362 2239 444 2274 igitur
456 2245 536 2274 pacto
557 2239 638 2267 hodie
658 2239 757 2274 impius
771 2243 824 2271 est,
843 2247 904 2266 cttm
919 2235 969 2267 nec
981 2238 1071 2272 verbo,

1125 2239 1180 2266 τῶν
1199 2241 1288 2267 αὐτῶν
1314 2241 1474 2277 ίστάμενοςυ
1494 2242 1524 2273 ὃς
1539 2242 1654 2269 ἀναπνεῖ
1666 2243 1711 2269 τὸν
1735 2244 1815 2270 αὐτὸν
1831 2243 1916 2279 ἀέρα,

287 2293 339 2313 nec
362 2293 403 2318 re,
430 2285 576 2320 quidquam
603 2285 645 2312 vel
674 2285 818 2318 addiderit,
844 2285 887 2312 vel
913 2285 1074 2318 detraxerit,

287 2332 335 2360 sed
364 2332 392 2359 in
419 2332 514 2359 eadem
543 2332 605 2359 lidei
634 2331 768 2359 sententia
795 2331 918 2364 haereat,
947 2332 1072 2360 eumdem

288 2385 378 2405 aerem
396 2377 514 2409 exhalet,
533 2377 628 2405 iisdem
640 2377 727 2404 oculis
746 2377 871 2403 eumdem
889 2376 972 2404 solem
985 2377 1070 2412 inspi-

288 2424 363 2451 ciat?
378 2424 443 2458 Aut,
457 2425 479 2451 si
495 2424 591 2456 mavis,
614 2430 741 2455 tanquam
755 2423 788 2450 de
801 2423 923 2451 numeris
938 2428 985 2451 aut
998 2431 1071 2452 men-

323 2505 348 2522 “
363 2503 461 2531 lJoan.
479 2510 516 2535 IV,
530 2501 573 2530 16.
607 2502 629 2518 ⁸⁸
644 2502 738 2530 Matth.
752 2510 820 2534 nn,
835 2502 869 2529 36
886 2509 935 2537 sqq

325 2563 380 2598 (85)
411 2558 571 2598 ’Λκούῳνη
584 2560 605 2595 ἡ
627 2570 654 2587 τι
679 2560 778 2598 ᾶλτῑοη
794 2563 810 2587 ὁ
834 2561 915 2598 sedc.
932 2559 988 2598 ASic
1008 2560 1073 2598 Reg.

289 2595 344 2640 lunt",
371 2595 402 2625 ἐι
427 2598 475 2625 Or.
505 2597 530 2624 l.
561 2595 591 2623 lu
624 2597 684 2630 ed.,
713 2595 820 2623 ἀκούων
849 2596 863 2621 ὁ
893 2595 970 2627 Θεὸς,
1003 2597 1021 2632 ἡ
1049 2604 1076 2623 τι

289 2635 382 2703 ἄΛίὲίὶ)
397 2667 635 2702 Συγχωρήσειεν.
654 2666 710 2703 Sic
728 2674 779 2694 nos
805 2674 866 2694 cum
893 2667 1009 2694 Monlac.
1028 2666 1075 2695 0r.

290 2704 316 2738 Ι,
329 2701 530 2746 ξεογχωρὴσειγ,
541 2709 644 2746 prave.
660 2701 723 2746 allii,
737 2703 926 2746 lGuYXb)f;-'q65t.
942 2703 1021 2730 Εοιτ.

325 2740 368 2775 (87
374 2738 483 2775 toﬁna
501 2739 576 2765 deest
589 2739 615 2775 in
629 2738 788 2775 quibusdam
804 2740 882 2775 codd.

324 2772 382 2808 (88)
406 2774 583 2808 Ἀκήρωᾳα.
601 2773 667 2807 Reg.
687 2772 731 2799 bttt
749 2773 897 2808 praemittit,
915 2773 973 2800 καί.

326 2806 456 2848 (89λΓὰρ
470 2806 510 2835 ἂν
522 2806 571 2843 ἦν.
585 2809 630 2835 Sic
646 2806 700 2835 'nos
721 2815 782 2836 cunt
797 2807 844 2836 0r.
869 2808 894 2835 1.
912 2808 982 2836 Editi
998 2807 1077 2835 omit-

290 2845 554 2940 ω’ίὲὶιῗῗιξέὶῖξιια
565 2877 752 2913 πραγμάτων.
765 2877 893 2912 Montac.,
906 2878 936 2905 ἐν
946 2878 1079 2913 ἀπολογίᾳ

292 2923 331 2940 πο
351 2922 366 2940 Υ
371 2921 408 2940 ua
417 2922 480 2940 των.

292 2921 366 2950 πραγ
371 2921 408 2949 μα
417 2922 480 2940 των.

1127 2286 1247 2318 καὶτοῖς
1264 2287 1355 2319 αὐτοῖς
1376 2287 1482 2323 ὄμμασι
1505 2287 1670 2323 προσϐλέπει
1691 2289 1745 2324 (97)
1770 2289 1814 2315 τὸν
1830 2290 1913 2317 αὐτὸν

1126 2331 1217 2367 ἥλιονο
1230 2332 1254 2358 εί
1270 2332 1359 2367 βούλει
1373 2333 1412 2365 δὲ,
1425 2333 1463 2365 ὡς
1480 2334 1545 2370 mp1
1560 2334 1683 2370 ἀριθμῶν
1696 2335 1712 2370 ἢ
1730 2336 1836 2372 μέτρων
1848 2337 1915 2372 ἐρω-

1123 2378 1233 2413 τηθεὶς,
1255 2380 1305 2406 οὐκ
1325 2378 1388 2406 ἄλλο
1414 2389 1440 2406 τι
1463 2380 1480 2416 ἢ
1502 2381 1600 2407 ταυτὸν
1618 2381 1810 2416 ἀποκρίνεται;
1831 2382 1916 2410 Ἀλλά

1124 2424 1171 2451 καὶ
1186 2425 1283 2460 πόρνος
1299 2434 1339 2452 σοι
1361 2426 1494 2462 σήμερον,
1515 2427 1529 2453 ὁ
1544 2426 1608 2462 χθὲς
1630 2427 1728 2462 Ἰωσὴφ
1750 2428 1914 2464 (προϐαίνει

1245 2560 1376 2595 latitat.
1391 2561 1457 2592 Reg.
1475 2561 1532 2593 bm.
1545 2562 1662 2590 ἵσταται.

1163 2561 1219 2632 (91)
1237 2561 1376 2595 Ἰσῖῆται.
1391 2561 1457 2592 Reg.
1475 2561 1532 2593 bm,
1545 2562 1662 2590 ἵσταται.

1239 2597 1418 2631 Ὂμοδόξοιςι
1434 2596 1561 2633 Melitae,
1577 2597 1735 2633 ὸρΘοόόξοις.

1161 2598 1219 2632 (92)
1239 2598 1418 2631 Ὂμοδόξοιςι
1434 2598 1561 2629 Monum,
1577 2598 1681 2633 ὸρΘοόόξ

1163 2632 1218 2668 (93)
1238 2632 1411 2668 ’Υπεροψίω
1428 2631 1510 2668 Coisl.
1524 2633 1549 2664 1,
1570 2633 1681 2668 ὑποψία.

1235 2666 1348 2702 Ψήφων
1360 2667 1528 2702 μετάθεσις.
1549 2668 1614 2708 Ἠιε·
1625 2666 1749 2704 intelligit
1764 2669 1913 2705 Gregorius

1175 2710 1235 2729 Icta.
1254 2711 1313 2729 ante
1327 2710 1374 2729 Der
1389 2703 1506 2729 Calculus
1520 2704 1583 2729 oltm
1601 2704 1767 2729 ferebantur.

1123 2701 1235 2737 judicia,
1254 2701 1313 2736 qua:
1327 2710 1374 2737 per
1389 2703 1506 2730 Calculus
1520 2704 1583 2730 olim
1601 2701 1767 2731 ferebantur.

1161 2737 1218 2808 (95)
1233 2737 1292 2772 Τὴν
1315 2738 1482 2765 εὐσέϐειαν.
1515 2738 1562 2765 0r.
1591 2739 1616 2772 1,
1637 2740 1677 2771 εἰς
1696 2740 1745 2775 τὴν
1759 2740 1914 2769 εὐσέϐειαν.

1172 2773 1217 2808 96)
1240 2772 1389 2808 Ῥήματι...
1407 2773 1563 2808 πράγματι.
1579 2774 1625 2803 0r.
1644 2775 1754 2808 1,ρῆμά
1769 2784 1828 2802 τι...
1844 2778 1913 2808 πρᾶ-

1172 2773 1217 2812 96)
1240 2772 1389 2812 ἸίιήμιιτιΨ
1407 2773 1563 2808 πράγματι.
1579 2774 1625 2803 0r.
1644 2776 1668 2807 Ι,
1678 2772 1754 2810 ῥῆμά
1769 2784 1828 2802 τι...
1844 2778 1913 2812 πρᾶ-

1506 2843 1573 2880 Reg.
1588 2844 1633 2878 hu,
1650 2849 1678 2874 et
1697 2845 1745 2874 0r.
1761 2846 1789 2874 1.
1810 2846 1839 2874 ιιι
1854 2847 1912 2880 ed.,

1127 2878 1284 2915 προὸλέπει.
