2060 3140
148 165 217 194 “57

699 165 828 195 ORATIO
847 165 929 193 XXII.
950 182 985 188 —-
1004 166 1048 194 DE
1067 167 1155 196 PACE
1173 168 1204 198 11.

1703 173 1772 202 “38

148 226 202 261 γὰρ
214 225 260 252 καὶ
275 225 357 262 μέχρι
370 224 472 252 τούτων
483 226 499 262 ἠ
515 225 584 262 ἔρις,
598 225 693 262 ὥσπερ
706 235 748 259 τις
760 226 825 262 φλὸξ
835 227 880 254 διὰ
893 235 942 254 κα-

1003 228 1067 255 suris
1081 228 1272 264 interrogatus,
1289 227 1358 256 idem
1371 229 1449 264 plane
1461 230 1640 265 respoudeat?
1649 231 1683 258 At
1695 233 1776 261 etiam

149 272 238 306 λάμης
254 271 361 302 θέουσα,
378 272 425 298 καὶ
438 272 472 298 τὰ
484 271 577 307 κύκλῳ
590 272 832 308 περιλαμϐάνουσα
847 272 875 306 )·
891 273 938 300 καὶ

155 317 255 348 Ἰούδας
286 317 420 352 σήμερον,
441 317 458 352 ἢ
487 317 624 352 Καϊάφας,
653 318 667 343 ὁ
695 317 758 352 χθὲς
790 317 893 350 Ἠλίας,
921 318 937 352 ἢ

155 365 292 399 Ἰωάννης,
311 364 328 399 ἦ
342 373 384 395 τις
409 364 488 395 ἄλλος
502 364 556 391 τῶν
580 363 649 400 μετὰ
664 364 783 400 Χριστοῦ
805 364 940 399 τεταγμέ-

149 417 213 441 νων,
225 409 273 436 καὶ
286 409 335 444 τὴν
347 409 431 445 αὐτὴν
447 409 536 445 ζώνην
549 409 759 445 περικειμένων,
773 409 819 435 καὶ
831 409 861 435 τὸ
875 408 941 435 αὐτὸ

151 455 348 490 ἀμπεχομένων
365 455 444 490 φαιὸν
460 455 476 490 ἢ
495 455 578 491 μέλαν
595 455 752 491 τριϐώνιον,
772 455 787 481 ὃ
808 455 942 490 σεμνότης

152 501 210 536 βίου
228 501 410 537 προϐάλλεται
436 501 503 538 (98),
518 503 589 529 κατά
604 510 636 536 γε
655 502 700 528 τὸν
715 501 781 537 ὲμδν
797 501 878 536 νόμον
894 501 941 528 καὶ

151 546 229 580 λόγον
249 546 317 582 (99).
339 547 395 573 Καὶ
414 546 445 573 τὸ
462 547 543 574 καλὸν
566 546 646 578 ἄνθος
671 546 724 572 τῶν
748 546 869 581 ὑψηλῶν,
890 546 940 582 τὴν

151 592 303 628 ὠχρότητα,
321 593 338 628 ἢ
354 593 385 620 τὸ
399 593 448 628 τῆς
465 592 558 628 φωνῆς
578 592 709 620 εὔτακτον
727 593 772 619 καὶ
787 592 907 628 ἡσύχιον,
923 591 940 627 ῆ

152 636 183 663 τὸ
196 636 242 663 τοῦ
257 637 421 672 βαδίσματος
438 637 567 673 ἐμϐριθές
582 646 611 664 τε
626 638 798 674 καὶῆμερον,
813 637 876 673 χθὲς
893 637 942 673 μὲν

154 682 323 718 φιλοσοφίαν,
338 683 456 719 σήμερον
466 683 495 710 δὲ
506 683 657 717 κενοδοξίαν
671 683 942 720 προσηγορεύσαμεν·

154 729 201 756 καὶ
225 729 274 765 τὴν
297 729 382 765 αὐτὴν
408 729 478 757 κατὰ
496 730 690 766 πνευμάτωνῆ
707 731 794 757 νόσων
817 730 944 765 δύναμιν,

154 775 220 802 ποτὲ
237 776 285 810 μὲν
307 775 346 812 τῷ
368 775 466 811 Ἰησοῦ,
485 777 551 803 ποτὲ
574 776 602 803 δὲ
626 776 665 812 τῷ
683 775 847 808 Βεελζεϐοὺλ
863 784 948 811 ’προσ-

155 822 306 858 εθήκαμεν,
318 822 365 849 καὶ
379 822 510 858 χρώμεθα
522 823 560 859 (1)
569 823 670 850 τούτων
682 823 712 849 οὺ
719 823 810 859 δικαίᾳ
826 823 944 858 στάθμῃ,

154 869 188 904 τῇ
204 868 354 905 φιλονεικίᾳ
371 870 418 896 καὶ
434 869 472 905 τῷ
487 869 566 906 θυμῷ

992 273 1074 300 hodie
1098 273 1262 301 libidinosus
1278 279 1305 302 et
1316 280 1452 303 scortator
1465 276 1511 303 tibi
1525 281 1575 309 est,
1589 277 1634 311 qui
1649 276 1778 306 hesterno

993 319 1036 346 die
1053 318 1153 353 Joseplt
1165 324 1223 346 erat
1244 320 1308 355 (huc
1328 321 1399 348 enim
1415 328 1500 356 usque
1515 323 1652 349 contentio
1667 330 1777 358 progre-

994 364 1078 395 ditur,
1096 364 1174 398 quasi
1194 363 1300 391 llamnta
1314 365 1435 399 quaedam
1451 373 1498 400 per
1509 366 1635 401 stipulam
1648 375 1771 400 currens,

995 417 1027 437 ae
1049 410 1162 437 ﬁnitima
1188 411 1452 445 eomprehendens);
1474 416 1500 439 et
1516 411 1599 439 Judas
1626 413 1714 446 hodie,
1736 413 1778 441 vel

995 454 1124 488 Caiphas,
1152 454 1197 489 qui
1221 454 1280 482 heri
1305 454 1385 486 Elias,
1411 459 1458 481 aut
1480 455 1608 488 Joannes,
1635 459 1682 483 aut.
1710 455 1781 483 alius

998 501 1133 536 quispiam
1152 508 1186 528 ex
1203 502 1256 534 his,
1269 501 1316 536 qui
1337 502 1370 529 ad
1391 502 1490 529 Christi
1508 506 1599 537 partes
1614 510 1644 530 se
1655 502 1781 537 adjunxe-

999 552 1074 578 runt,
1097 551 1124 574 et
1150 547 1243 574 cadent
1268 554 1334 574 tona
1358 547 1474 575 accincti
1493 553 1564 580 sunt,
1579 553 1659 583 atque
1674 549 1779 582 eodem,

995 592 1037 619 vel
1054 592 1138 625 lusco,
1157 592 1199 620 vel
1216 598 1273 619 atro
1287 592 1368 628 pallio
1382 593 1509 626 contecti,
1522 593 1603 628 quale
1615 594 1668 621 vita
1687 599 1780 622 saneta

996 642 1023 664 et
1038 637 1138 672 gravis.
1159 644 1218 665 mea
1239 638 1348 672 quidem
1374 638 1433 673 lege
1449 645 1480 665 ac
1496 639 1643 673 sententia,
1668 645 1783 674 prasten-

997 683 1046 711 dit.
1073 682 1143 716 Quin
1165 684 1247 710 etiam
1274 683 1416 719 pulchrum
1442 684 1516 711 illum
1533 685 1690 712 sublimium
1707 686 1782 714 viro-

998 736 1058 756 rum
1074 728 1179 762 ﬂorem,
1196 730 1248 756 hoc
1266 734 1319 762 est,
1341 729 1483 764 pallorem,
1502 735 1548 756 aut
1563 731 1742 765 compositam
1757 735 1785 758 et

998 776 1118 811 quietam
1143 775 1269 811 loquendi
1293 776 1438 808 rationem,
1464 781 1510 803 aut
1522 775 1644 804 incessus
1663 776 1780 812 gravita-

999 826 1052 850 tem
1067 830 1128 849 cum
1152 822 1359 850 mansuetudine
1380 822 1563 858 conjunctam,
1587 822 1644 849 lteri
1662 823 1783 857 pltilosoo

999 868 1103 903 phiam,
1126 868 1206 896 hodie
1230 868 1320 895 inanis
1344 867 1434 903 gloriae
1454 867 1574 895 studium
1598 868 1783 903 appellamus;

155 920 236 949 atque
257 916 378 942 eamdem
393 915 521 943 adversus
541 915 626 943 malos
656 916 767 951 spiritus
787 922 834 943 aut
849 917 959 943 morbos
978 916 1136 950 potentiam,
1166 924 1238 943 nunc
1255 915 1331 948 Jesu,
1359 924 1431 944 nunc
1447 915 1588 944 Beelzebul
1613 916 1786 951 ascribimus,

155 966 184 989 et
197 961 288 997 iniqua
307 969 395 989 rerum
411 962 506 990 harum
529 963 630 998 regula,
652 963 704 991 hoc
721 969 772 997 est,
797 964 970 992 contentione
999 969 1081 999 atque
1101 964 1252 996 iracundia,
1267 963 1380 991 utimur.

193 1031 240 1064 ς’.
257 1030 315 1057 Καὶ
330 1029 426 1067 ὥσπερ
441 1031 458 1066 ὴ
475 1030 545 1067 αὐτὴ
563 1031 599 1067 γῆ
611 1031 711 1068 ἕστηκε
730 1032 779 1068 μὲν
794 1033 851 1063 τοῖς
861 1032 948 1067 ὲῤῥω-

1035 1032 1078 1060 V‘l.
1099 1031 1134 1060 Et
1154 1032 1381 1067 quemadmodum
1407 1039 1501 1060 eauem
1525 1036 1597 1060 terra
1621 1031 1697 1059 sanis
1719 1031 1782 1066 qui-

159 1075 252 1112 μένοις
269 1076 317 1103 καὶ
332 1077 362 1103 οὐ
381 1077 536 1110 πεπονθόσι,
553 1078 668 1104 κινεῖται
681 1077 710 1104 δὲ
732 1078 789 1110 τοῖς
811 1077 948 1112 ίλιγγιῶσι

159 1122 207 1149 καὶ
223 1123 474 1158 περιτρεπομένοις,
498 1123 544 1150 τοῦ
565 1123 619 1151 τῶν
645 1124 763 1160 ὁρόντων
786 1124 888 1156 πάθους
902 1125 950 1151 ἐπὶ

159 1167 190 1194 τὸ
201 1167 339 1203 ὁρώμενον
358 1168 564 1204 μεταϐαίνοντος
575 1177 581 1184 ·
604 1170 628 1196 εὶ
645 1169 734 1204 βούλει
749 1169 787 1202 δὲ,
810 1169 904 1205 ὥσπερ
919 1170 951 1196 τὸ

159 1214 226 1241 αὐτὸ
237 1213 291 1241 τῶν
304 1214 400 1242 κιόνων
415 1215 562 1252 διάστημα,
574 1215 664 1243 πλεῖον
679 1216 727 1251 μὲν
740 1217 798 1247 τοῖς
808 1215 951 1251 ἐγγυτέρω

161 1261 208 1288 καὶ
225 1262 396 1297 προσεχέσιν,
411 1262 521 1289 ἔλαττον
536 1262 565 1290 δὲ
586 1264 643 1295 τοῖς
657 1262 822 1299 πορρωτέρω
835 1262 873 1298 (2)
889 1262 951 1297 φαί-

161 1316 247 1340 νεται,
268 1308 452 1344 κλεπτομένου
475 1308 522 1335 τοῦ
547 1309 628 1345 ἀέρος
651 1308 690 1344 τῷ
710 1309 883 1345 διαστήματι,
904 1309 952 1335 καὶΙ

162 1355 353 1391 συναπτούσης
369 1356 419 1391 τῆς
448 1355 536 1391 ὅψεως
563 1355 598 1383 τὰ
620 1356 781 1392 παχύτερα”
807 1355 878 1382 οὕτω
904 1355 952 1382 καὶ

162 1401 243 1436 ἡμεῖς
258 1400 358 1437 ῥᾳδίως
378 1401 578 1437 ἐξαπατώμεθα
592 1401 630 1437 (5)
645 1401 690 1428 διὰ
705 1401 754 1437 τὴν
774 1400 885 1436 ἔχθραν,
905 1401 953 1427 καὶ.

164 1446 228 1483 περὶ
245 1447 299 1474 τῶν
313 1447 403 1475 αὐτῶν
417 1448 448 1474 οὐ
464 1447 498 1474 τὰ
515 1447 584 1475 αὐτὰ
602 1448 652 1482 (4),
668 1447 739 1483 φίλοι
758 1456 787 1474 τε
811 1448 886 1479 ὅντες
905 1447 954 1474 καὶ

166 1493 213 1530 μὴ,
231 1493 401 1530 γινώσκομεν
413 1502 421 1509 ·
439 1495 487 1521 καὶ
509 1495 659 1530 χειροτονεῖ
681 1495 780 1530 ῥᾳδίως
805 1495 871 1530 ἡμῖν
888 1493 954 1520 πολ-

163 1540 226 1572 λοὺς
242 1540 291 1575 μὲν
307 1540 410 1575 ἁγίους,
427 1540 540 1573 πολλοὺς
562 1541 583 1567 δ’
600 1541 696 1572 ἀθέους
717 1540 793 1576 παρὰ
808 1540 838 1566 τὸ
853 1539 926 1571 εἰκὸς
939 1539 954 1566 ὀ

164 1587 259 1622 καιρὸς
274 1587 322 1622 (5),
339 1587 440 1622 μᾶλλον
460 1588 489 1614 δὲ
504 1587 608 1619 πάντας
627 1587 752 1620 ἀθλίους·
773 1587 804 1613 οὐ
821 1587 900 1622 μόνον
917 1585 956 1621 τῷ

164 1632 233 1666 πρὸς
255 1632 373 1668 πονηρὸν
394 1633 569 1668 παράδειγμα
582 1632 619 1668 (6)
639 1632 748 1668 βλέπειν
764 1634 838 1669 ἡμᾶς
852 1631 956 1667 (ἐπειδὴ

164 1678 311 1714 πρόχειρον
326 1678 364 1714 (7)
382 1679 398 1713 ἡ
415 1679 500 1706 κακία
523 1679 571 1705 καὶ
587 1678 648 1714 δίχα
664 1678 712 1706 τοῦ
733 1679 879 1716 ἕλκοντος),
898 1681 955 1708 ἀλλ’

164 1723 206 1750 ὅτι
219 1724 265 1750 καὶ
278 1724 344 1750 πᾶσι
358 1724 447 1750 πάντα
461 1723 655 1759 συγχωροῦμεν
676 1724 792 1760 ἑτοίμως
811 1726 881 1762 ὑπὲρ
898 1726 957 1758 ἐνὸς

164 1770 211 1797 τοῦ
232 1769 433 1805 συμμαίνεσθαι
448 1770 497 1804 (8),
520 1770 576 1797 Καὶ
592 1773 724 1806 πρότερον
742 1771 790 1806 μὲν
803 1771 864 1798 οὐδὲ
881 1772 956 1807 ῥῆμα

164 1815 219 1842 τῶν
232 1814 367 1850 περιττῶν
386 1823 412 1841 τι
431 1814 597 1849 φθέγγεσθαι
612 1814 666 1841 τῶν
686 1814 835 1841 ἀκινδύνων
849 1812 893 1850 ἦν,
909 1815 958 1842 νῦν

165 1862 193 1888 δὲ
208 1860 400 1896 λοιδορούμεθα
409 1861 522 1892 καὶτοῖς
537 1859 740 1892 εὐσεϐεστάτας
752 1868 758 1874 ·
773 1860 820 1886 καὶ
829 1861 894 1887 ποτὲ
908 1861 957 1895 μὲν

166 1908 220 1934 οὐδ’
234 1906 431 1941 ἀναγινώσκειν
443 1905 495 1938 ἔξω
507 1906 589 1941 νόμον
601 1905 638 1941 (9)
653 1905 727 1941 ὲξῆν,
743 1906 798 1933 οὐδ’
813 1906 958 1942 ὁμολογίας

167 1953 356 1982 ἐπικαλεῖσθαι
384 1953 423 1986 (τὸ
439 1953 468 1980 δέ
489 1953 573 1985 ἐστιν,
596 1952 634 1984 ὡς
655 1952 717 1988 ἐμοὶ
737 1953 820 1986 δοκεῖ,
842 1953 891 1989 τὴν
909 1954 957 1981 τοῦ

167 2001 233 2027 λαοῦ
250 1999 473 2035 συγκατάθεσιν)”
492 1999 539 2025 νῦν
553 1998 582 2024 δὲ
597 1998 643 2025 καὶ
658 1999 712 2025 τῶν
725 1999 889 2035 ἀπορρήτων
902 2001 958 2032 τοῖς

170 2048 294 2083 βεϐήλοις
315 2046 444 2082 χρώμεθα
471 2046 631 2081 διαιτηταῖς,
642 2045 821 2079 ῥιπτοῦντες
840 2046 876 2073 τὰ
891 2046 959 2081 ἅγια

169 2092 232 2125 τοῖς
248 2092 329 2124 κυσὶ,
354 2091 403 2118 καὶ
420 2090 591 2124 ,βάλλοντες
614 2089 684 2124 τοὺς
703 2091 886 2125 μαργαρίτας
908 2091 959 2126 ἐμ-

170 2141 302 2173 προσθεν
315 2137 374 2164 τῶν
393 2138 510 2172 χοίρων.
529 2135 568 2164 Οὐ
587 2136 666 2172 μόνον
689 2136 728 2168 δὲ,
744 2137 813 2163 ἀλλὰ
840 2137 887 2164 καὶ
909 2137 959 2169 τὰς

171 2185 255 2216 ἀκοὰς
270 2184 360 2211 αὑτῶν
375 2183 510 2219 ὲστιῶμεν
526 2183 587 2215 ταῖς
607 2183 667 2210 κατ’
693 2183 816 2219 ἀλλήλων
842 2183 938 2219 ὕϐρεσι
950 2193 956 2199 ·

171 2232 218 2259 καὶ
233 2231 286 2258 οὐδ’
304 2232 391 2258 ἐκεῖνο
402 2230 541 2265 δυνάμεθα
557 2231 683 2266 συνορᾷν,
708 2230 749 2256 ὅτι
769 2230 819 2256 οὒκ
838 2230 960 2265 ἀσφαλὲς

171 2278 252 2305 ὅπλον
275 2277 365 2313 ἔχθρῴ
385 2276 533 2309 πιστεύειν,
552 2276 612 2303 οὐδὲ
636 2276 758 2312 μισοῦντι
781 2277 960 2313 Χριστιανοὺς

172 2324 242 2352 κατὰ
259 2322 422 2359 Χριστιανοῦ
447 2322 535 2356 λόγον.
553 2323 586 2349 Ὂ
603 2322 658 2358 γὰρ
677 2322 796 2358 σήμερον
819 2321 959 2348 ὠνειδίσα-

174 2380 234 2408 μεν,
250 2370 344 2406 αὔριον
359 2368 554 2404 ὡνειδίσθημεν
565 2375 571 2383 ·
593 2368 641 2395 καὶ
660 2368 746 2394 σαίνει
764 2367 794 2394 τὸ
813 2367 959 2403 λεγόμενον

172 2419 188 2445 ό
204 2417 310 2454 ὲχθρὺς,
331 2416 380 2451 οὐχ
405 2415 446 2441 ὅτι
468 2415 582 2447 ἐπαινεῖ,
601 2413 658 2440 ἀλλ’
676 2414 716 2440 δτι
737 2413 894 2449 θησαυρίζει
912 2421 959 2439 m-

174 2464 258 2500 κρῶς,
275 2463 308 2490 ἵν’
324 2463 352 2488 ὲν
368 2460 457 2497 καιρῷ
471 2460 515 2487 τὸν
540 2460 577 2486 ἰὸν
594 2459 679 2496 ἐμέσῃ
701 2460 771 2486 κατὰ
788 2458 834 2485 τοῦ
851 2458 960 2485 πιστεύο

175 2519 270 2542 σαντος

209 2570 232 2586 ⁸⁸
248 2569 343 2596 Matth.
360 2575 410 2599 xu,
422 2565 468 2593 56.
506 2564 526 2580 ’π
538 2563 634 2591 Matth.
648 2570 695 2594 vn,
708 2561 734 2589 6.

226 2626 268 2660 98)
287 2624 499 2659 Προόἀλλεται.
513 2623 640 2660 Μέοηιοερ
653 2619 853 2660 περιϐάλλεται.

226 2627 268 2660 98)
287 2627 499 2659 Προόάλλεται.
513 2627 640 2653 Montac.,
653 2627 853 2656 περιοαΑΑεται.

213 2627 267 2698 (99)
300 2661 356 2688 Καὶ
383 2660 489 2694 λόγον.
521 2657 587 2692 lleg.
618 2657 674 2688 bm,
707 2655 835 2689 Moutac.,
871 2655 887 2691 ἢ
919 2654 962 2682 λό-

177 2705 235 2725 γον.

183 2721 254 2768 ⁸⁷(ί)
269 2731 416 2768 Χρώμεθᾳ.
435 2730 502 2768 Reg.
518 2729 573 2768 hm_,
587 2727 752 2768 χρωμᾴτων.

215 2760 253 2800 (2)
266 2760 450 2801 Πὸρῤωτέρω.
477 2760 544 2801 lleg:
560 2760 719 2801 hortatur;
730 2762 756 2793 1,
770 2760 864 2801 πόρρω

216 2796 254 2838 (5)
276 2796 512 2838 Ἰξξῖιπαξώμιιεθιιιἶ
519 2796 596 2838 ’[ξθς.
605 2799 671 2838 lim,
682 2796 864 2838 ‘égamlduspa

272 2831 323 2876 Td,
333 2831 524 2876 αὺτάδ-υυίει.
545 2835 556 2860 l
571 2831 662 2876 'addi‘t,
676 2831 875 2876 (διανοούμεθα,
886 2831 963 2876 idem

182 2867 264 2901 Colsi.
277 2874 302 2904 l,
317 2881 364 2907 pro
380 2872 560 2907 γινώσκομεν,
577 2868 652 2907 quod
668 2874 751 2907 prope
772 2868 902 2907 sequitur,
917 2867 965 2894 ha-

183 2909 238 2942 bet,
262 2901 466 2943 γινώσκόμενοι.
488 2901 534 2934 Sic
551 2901 631 2932 etiam
646 2902 710 2938 legit
729 2901 917 2934 Combellsius,
938 2906 965 2929 et

1000 1078 1062 1106 dem
1078 1085 1109 1105 ac
1124 1078 1236 1105 tninime
1249 1077 1321 1105 laesis
1336 1078 1388 1105 lixa
1402 1083 1429 1105 et
1444 1078 1550 1105 stabilis
1568 1082 1621 1110 est,
1637 1078 1671 1104 iis
1690 1082 1783 1105 autem

999 1125 1045 1160 qui
1062 1125 1284 1160 circumaguntur
1299 1132 1331 1152 ac
1346 1125 1480 1160 vertigine
1494 1124 1634 1158 laborant,
1650 1129 1786 1157 movetur,

1000 1171 1127 1199 nimirum
1143 1171 1333 1206 aspicientium
1351 1171 1418 1198 vitio
1429 1171 1462 1198 ad
1477 1178 1533 1198 rem
1546 1176 1682 1206 aspectam
1701 1175 1789 1198 trans-

1000 1222 1084 1245 eunte
1099 1226 1107 1245 :
1124 1221 1171 1244 aut
1193 1217 1215 1245 si
1239 1217 1336 1249 mavis,
1355 1217 1582 1250 quemadmodum
1600 1217 1670 1244 idem
1684 1216 1788 1243 colum-

1001 1271 1097 1290 narum
1125 1262 1294 1290 intervallum
1319 1262 1377 1295 bis,
1399 1263 1444 1296 qui
1469 1263 1597 1297 propius,
1630 1261 1728 1295 majus,
1756 1261 1790 1288 iis

1004 1314 1096 1337 autem
1116 1309 1163 1344 qui
1186 1309 1293 1344 longius
1320 1309 1417 1336 remoti
1448 1313 1531 1341 sunt,
1559 1309 1648 1335 minus
1671 1308 1789 1341 videtur,

1002 1363 1067 1384 aere
1079 1362 1176 1390 nempe
1189 1354 1223 1382 ob
1237 1355 1413 1383 interstitium
1434 1354 1508 1382 velut
1524 1358 1657 1388 surrepto,
1673 1361 1705 1381 ac
1718 1354 1789 1386 visu,

1003 1409 1048 1435 ea,
1060 1409 1120 1436 quae
1134 1401 1269 1429 crassiora
1298 1405 1370 1434 sunt,
1398 1405 1592 1433 connectente;
1616 1400 1649 1427 ad
1665 1400 1789 1428 eumdem

1006 1457 1057 1477 nos
1084 1456 1192 1484 quoque
1211 1449 1321 1476 modum
1338 1449 1373 1476 ob
1389 1448 1558 1475 inimicitiam
1587 1447 1666 1475 facile
1686 1447 1788 1482 decipi-

1004 1503 1076 1529 mur,
1092 1502 1142 1522 nec
1158 1495 1191 1522 de
1207 1495 1302 1522 iisdem
1317 1494 1399 1522 rebus
1411 1494 1518 1526 eadem,
1532 1493 1616 1529 418
1629 1497 1752 1520 amantes
1765 1496 1793 1520 et

1005 1550 1058 1570 non
1077 1545 1210 1574 amantes,
1229 1541 1384 1576 iudicamus
1401 1552 1407 1570 :
1424 1547 1456 1568 ac
1472 1545 1587 1574 tempus,
1606 1545 1704 1574 praeter
1718 1539 1792 1574 quod

1006 1597 1056 1624 par
1071 1593 1124 1621 est,
1142 1588 1245 1616 multos
1271 1592 1390 1620 sanctos,
1417 1591 1445 1614 et
1468 1586 1567 1614 multos
1590 1586 1685 1613 atheos
1709 1585 1787 1613 nobis

1007 1634 1085 1662 facile
1099 1635 1232 1670 designat,
1247 1634 1287 1661 vel
1306 1633 1395 1668 potius
1407 1640 1501 1661 omnes
1515 1633 1644 1665 miseros;
1668 1638 1721 1658 non
1736 1630 1789 1659 hoc

1009 1685 1113 1708 tantum
1129 1681 1249 1713 nomine,
1274 1680 1345 1715 quod
1365 1687 1415 1706 nos
1433 1678 1570 1711 intuendo,
1589 1677 1687 1704 malum
1701 1684 1794 1704 exem-

1011 1728 1071 1762 plar
1090 1728 1232 1755 intuentur
1254 1724 1481 1761 (quandoquidem
1501 1725 1526 1751 in
1551 1723 1662 1758 proclivi
1687 1726 1728 1750 est
1749 1722 1793 1749 vi—

1010 1774 1088 1806 tium,
1113 1774 1196 1801 etiam
1216 1772 1291 1800 nullo
1309 1771 1453 1806 trahente),
1468 1771 1515 1798 sed
1527 1770 1608 1798 etiam
1623 1768 1686 1804 quia
1703 1768 1791 1795 liben-

1010 1825 1052 1847 ter
1066 1819 1192 1847 omnibus
1208 1818 1299 1846 omnia
1313 1817 1498 1850 concedimus,
1516 1816 1566 1844 hac
1583 1815 1642 1849 lege
1657 1820 1685 1842 et
1698 1813 1796 1842 condi-

1009 1865 1094 1897 tione,
1112 1869 1141 1892 ut
1154 1864 1294 1890 nobiscum
1314 1863 1459 1890 insaniant.
1474 1862 1514 1888 Ae
1527 1860 1603 1895 prius
1618 1859 1729 1894 quidem
1741 1865 1792 1885 nec

1010 1917 1239 1945 supervacaneum
1251 1909 1360 1944 aliquod
1372 1908 1484 1935 verbum
1498 1906 1620 1942 proloqui
1634 1905 1657 1922 ⁸⁸
1671 1903 1795 1939 periculo

1010 1955 1129 1988 carebat,
1150 1962 1222 1983 nunc
1240 1958 1330 1982 autem
1343 1955 1424 1981 etiam
1437 1959 1543 1981 summa
1556 1951 1656 1987 pietate
1667 1950 1795 1986 praeditos

1010 2002 1143 2029 conviciis
1158 2001 1373 2036 proscindimus;
1390 2000 1454 2030 imo,
1470 2005 1531 2025 cum
1546 2005 1579 2025 ne
1591 1997 1677 2032 legem
1686 1996 1801 2032 quidem

1011 2047 1076 2075 foris
1093 2047 1184 2082 legere
1203 2046 1329 2081 cuiquam
1354 2045 1395 2072 fas
1416 2048 1499 2078 esset,
1522 2050 1572 2071 nec
1593 2042 1792 2075 confessiones,

1011 2094 1062 2121 hoc
1090 2097 1143 2125 est,
1166 2097 1195 2120 ut
1216 2093 1282 2119 mihi
1308 2091 1423 2123 videtur,
1442 2089 1531 2125 populi
1553 2095 1693 2116 assensum
1714 2094 1797 2122 expo-

1011 2147 1098 2173 scere,
1111 2147 1183 2167 nune
1200 2143 1294 2166 contra
1308 2144 1408 2165 arcana
1421 2143 1530 2171 quoque
1543 2136 1602 2170 ipsa
1616 2134 1795 2169 profanorum

1012 2186 1150 2213 hominum
1173 2184 1286 2212 arbitrio
1310 2183 1510 2219 permittimus,
1535 2181 1644 2208 canibus
1671 2179 1800 2207 videlicet

1011 2236 1102 2259 uncta
1126 2231 1302 2266 proﬁcientes,
1327 2237 1359 2257 ac
1377 2229 1535 2264 margaritas
1549 2231 1608 2254 ante
1624 2233 1717 2261 porcas
1733 2225 1796 2252 mil-

1011 2283 1092 2305 tentes
1105 2277 1139 2305 ".
1147 2276 1238 2312 Neque
1249 2277 1275 2304 id
1284 2276 1381 2308 solum,
1393 2281 1486 2303 verum
1494 2273 1575 2301 etiam
1584 2273 1704 2307 ipsorum
1715 2278 1796 2298 aures

1011 2323 1111 2351 mutuis
1131 2323 1158 2350 in
1180 2330 1229 2350 nos
1251 2322 1325 2358 ipsos
1348 2321 1455 2356 probris
1477 2323 1505 2347 et
1519 2318 1692 2346 contumeliis
1708 2317 1797 2353 pasci-

975 2382 997 2411 ο
1012 2376 1072 2396 mus
1086 2377 1094 2395 :
1109 2375 1141 2396 ac
1157 2375 1191 2396 ne
1208 2368 1272 2395 illud
1284 2367 1390 2402 quidem
1405 2365 1558 2401 perspicere
1573 2370 1726 2398 possumus,
1743 2363 1795 2411 mi-

1012 2415 1084 2442 nime
1101 2418 1186 2442 tutum
1202 2422 1263 2443 esse
1286 2421 1362 2441 arma
1376 2412 1458 2447 hosti
1484 2410 1666 2442 committere,
1687 2417 1738 2437 nec
1751 2409 1795 2443 lei,

1012 2461 1058 2496 qui
1077 2460 1248 2492 ,Christianos
1260 2460 1327 2492 odit,
1345 2465 1496 2486 sermonem
1509 2456 1637 2484 adversus
1660 2455 1795 2483 Christia-

1014 2515 1090 2534 num.
1107 2506 1174 2534 Nam
1189 2507 1259 2542 quod
1279 2506 1358 2534 hodie
1374 2505 1472 2541 probro
1489 2503 1647 2539 obiecimus,
1665 2501 1736 2529 idem
1748 2508 1795 2528 no-

1014 2620 1095 2648 vertit
1111 2630 1117 2648 :
1133 2629 1142 2647 l
1162 2627 1193 2647 ac
1213 2620 1246 2647 de
1271 2618 1366 2646 iisdem
1394 2625 1446 2644 non
1471 2616 1564 2644 eadem
1585 2614 1726 2647 sentimus,
1749 2613 1795 2648 qui

1015 2656 1130 2683 amicine
1144 2655 1236 2686 simus,
1250 2662 1283 2682 an
1298 2653 1400 2681 inimici
1411 2653 1580 2687 prodamus.)

1054 2690 1090 2726 (5)
1111 2691 1138 2717 ὀ
1153 2684 1265 2725 καιρός.
1283 2699 1293 2715 1
1314 2684 1441 2726 tempus,
1459 2696 1474 2726 ξ
1487 2687 1578 2726 idest.
1595 2694 1605 2711 ε
1625 2684 1732 2713 occasio
1758 2693 1770 2710 ι

1056 2721 1094 2760 (6)
1111 2721 1307 2761 Παράδειᾷθμα.
1323 2723 1404 2752 Coisl.
1416 2723 1444 2755 1,
1457 2721 1624 2761 ύπόδειγμα.

1052 2757 1274 2798 (Πηρόχειροὶῖ-
1293 2761 1398 2798 “9&9:
1412 2757 1580 2798 Ἶρίκξιῐίοε..
1613 2791 1620 2798 .
1658 2790 1675 2798 .,
1691 2789 1749 2798 -..μ

1049 2789 1321 2833 (8ίΣπῖμμηαίίεε-σθᾳι.
1335 2789 1396 2821 "stc'
1418 2789 1542 2833 count.
1563 2791 1600 2819 Ita
1613 2790 1677 2825 legit
1690 2789 1795 2833 _l_3illi_us.

1013 2833 1042 2860 ιη
1053 2828 1110 2865 ed,
1131 2828 1340 2866 ουμὸαινεσθαι,
1355 2838 1366 2855 ε
1382 2833 1412 2866 u_t.
1431 2828 1571 2856 nobiscum
1589 2828 1765 2855 consentiant.
1783 2833 1794 2850 I

1051 2868 1090 2904 (9)
1104 2864 1216 2903 Νόμὸν.
1234 2867 1317 2895 Coisl.
1330 2865 1357 2899 Ι,
1375 2864 1475 2900 νόμων.
