2060 3140
264 146 332 174 HS)

859 149 888 176 S.
908 149 1073 176 GREGORH
1092 148 1263 176 THEOLOGI

267 206 309 232 bis
324 209 432 240 postero
445 204 487 232 die
502 204 661 240 obiicietur;
684 210 764 240 atque
785 206 818 232 ad
840 205 867 233 id
886 227 894 240 ,
915 208 987 242 quod
1020 207 1130 241 dicitur,

1810 147 1878 174 ΙΙιο

1170 207 1255 234 hostis
1275 206 1388 239 arridet,
1422 213 1474 232 non
1514 204 1584 239 quod
1605 204 1710 238 probet,
1737 205 1784 232 sed
1807 206 1879 240 quod

263 257 357 277 amaro
380 251 469 276 animo
501 250 637 281 recondat,
663 255 690 276 ut
717 251 875 285 tempestive
897 253 1026 279 adversus
1040 260 1100 280 eum
1122 252 1220 286 ipsum,
1245 251 1290 285 qui
1302 251 1477 282 concredidit,
1493 251 1567 276 virus
1581 256 1685 277 evoma'

301 296 356 324 Vll.
377 296 445 329 Quid
463 296 518 323 lucc
533 297 736 329 committimus,
754 297 863 330 fratres,
884 302 912 325 ct
925 299 1044 332 qnandiu

1131 299 1167 324 Z'.
1183 298 1215 324 Τί
1229 297 1316 324 ταῦτα
1329 297 1480 332 πάσχομεν,
1495 293 1517 323 ὢ
1534 294 1616 328 οὗτοι,
1628 297 1675 323 καὶ
1698 305 1777 333 μεχρι
1789 297 1879 331 τίνο;;

263 341 484 369 cummittemus?
499 342 612 375 Quando
628 343 661 369 ah
677 342 728 369 hac
740 343 848 377 crapula
864 350 1044 379 emergemus,

262 394 309 415 aut
333 389 402 415 hanc
419 387 559 415 oculorum
584 389 681 415 lernam
702 389 886 422 detrahemus,
911 396 992 425 alque
1011 393 1044 418 ad

263 434 383 461 veritatis
399 433 484 461 lucem
499 434 695 469 suspiciennts?
719 434 784 468 Qum
806 436 862 462 lucc
881 437 968 471 caligo
987 437 1046 464 est?

262 480 330 513 Quis
346 480 390 507 hic
405 486 553 508 nocturnus
568 480 726 508 conﬂictus?
739 482 802 514 Quae
819 481 876 509 hmc
890 487 1044 516 tempestas,

261 516 364 552 aluit-os
385 527 418 552 ab
437 526 558 553 hostibus
573 534 625 552 non
650 527 858 553 iuternoscens?
880 527 936 554 Cur
954 529 1045 555 ricini:

261 572 359 598 nostri:
375 572 542 605 opprobrium
556 572 620 606 [acti
638 580 739 604 nuntur,
754 574 926 599 subsanuotio
937 580 960 600 et
974 575 1045 600 deri-

261 618 299 644 Iio
307 618 356 648 his,
364 618 408 652 qui
417 618 442 643 in
451 618 562 644 circuitu
573 623 660 644 nostra
669 624 728 644 sum
737 618 772 644 καῖ’
781 618 920 651 Quodnam
932 621 981 646 hoc
991 625 1044 646 tam

261 663 390 689 obnixum
408 663 470 689 mali
485 663 623 690 studium?
638 663 706 696 Quid
723 669 777 690 tam
789 664 934 690 immortali
952 665 1044 691 labore

261 706 422 740 fatigamur?
441 708 504 742 quid
519 712 608 734 autem
629 708 688 734 dico
699 708 854 742 fatigantur?
870 709 922 735 imo
938 716 969 734 ex
987 709 1044 743 ipso

262 752 342 784 malo,
353 757 381 778 ut
394 752 487 780 l'uriosi
504 752 602 784 solent,
619 753 700 780 robur
717 761 916 788 comparamus,
934 758 971 786 et,
983 762 1044 781 cum

262 797 441 830 ahsuutitnur,
451 799 597 834 gaudemus
614 808 620 825 :
641 806 690 826 nec
707 807 818 833 usquam
831 804 873 826 est
890 800 971 831 ratio,
995 808 1045 828 nec

263 842 376 875 amicus,
386 851 435 870 nec
447 844 551 877 socius;
565 851 612 870 nec
623 845 741 871 medicus
750 845 793 878 qui
805 845 927 872 morbum
938 846 978 871 vel
990 854 1045 872 me-

262 887 421 916 dicamentis
428 889 518 924 pellat,
527 889 567 917 vel
575 895 704 924 amputet;
712 898 761 917 nec
767 891 912 925 opitulatur
923 891 1043 926 auge-lus,

261 942 313 962 nec
321 935 406 968 Deus;
419 942 511 962 verum
521 941 617 970 praeter
633 936 695 968 alia,
710 937 755 963 Dei
770 944 877 971 quoque
891 938 1042 971 benignita-

262 985 318 1007 tem
330 981 408 1008 nobis
422 981 618 1015 praeclusimus.
634 980 666 1007 Ut
680 981 752 1016 quid,
775 980 897 1013 Domine,
915 983 1043 1009 recessisti
1061 974 1081 1001 Β

262 1026 359 1060 longe?
383 1027 519 1059 Quomodo
534 1027 654 1053 averteris
673 1028 700 1053 in
721 1027 849 1060 ﬁnem”?
869 1028 982 1060 Quando
992 1026 1044 1056 nos

261 1071 402 1098 visitahis?
415 1072 536 1104 Quonam
559 1072 616 1099 haae
636 1073 852 1107 progrediantur,
873 1080 900 1100 et
918 1074 962 1102 ubi
981 1082 1044 1101 cou-

261 1117 380 1145 Ilslenl?
393 1116 524 1151 Equidem
541 1125 648 1148 vereor,
668 1126 701 1145 ne
718 1126 836 1153 praesens
850 1127 940 1146 rerum
959 1125 1046 1148 status

262 1163 334 1198 ignis
347 1163 418 1190 illius
441 1164 466 1190 in
488 1164 689 1198 exspectatione
721 1165 801 1199 positi
825 1165 915 1192 fumus
936 1166 1044 1199 quidam

264 1209 310 1240 sit,
331 1216 365 1236 ne
385 1209 426 1236 his
443 1210 626 1237 Antichristus
648 1212 832 1245 superveniat,
852 1211 935 1247 419
949 1219 980 1239 ac
999 1220 1046 1240 no-

263 1258 335 1282 stros
356 1254 445 1289 lapsus
464 1260 491 1282 et
517 1256 625 1283 morbos
637 1256 663 1282 in
685 1257 852 1291 principatus
867 1258 908 1284 sui
924 1259 1045 1286 occasio-

265 1307 326 1327 nem
341 1301 464 1335 arripiat.
484 1300 542 1328 Non
560 1302 631 1328 enim
646 1309 736 1335 sanos,
754 1307 783 1328 ut
796 1302 902 1336 opinor,
919 1311 969 1330 nec
981 1304 1046 1330 ehzr‘

263 1346 344 1374 ritate
355 1350 446 1380 septos
460 1347 599 1374 adorietur
615 1355 622 1379 ;
639 1355 732 1374 verum
756 1355 867 1383 regnum
883 1349 909 1375 in
928 1349 1045 1384 seipsmn

261 1393 339 1427 prius
347 1392 428 1420 dividi
442 1398 559 1427 oportet,
575 1400 657 1427 atque
669 1394 705 1420 ita
719 1393 828 1425 fortem,
841 1402 910 1428 eam,
925 1395 1044 1429 inquam,

262 1438 405 1470 rationem,
421 1445 480 1472 qua:
490 1439 516 1465 in
530 1439 608 1466 nobis
621 1443 671 1470 est,
685 1439 782 1466 tentari
797 1444 825 1466 et
839 1439 930 1474 ligari,
945 1447 976 1468 ac
989 1445 1045 1468 tum

261 1489 327 1510 vasa
341 1482 418 1517 diripi
432 1483 466 1516 '°,
488 1484 620 1517 nobisque
638 1484 731 1510 eadem
745 1485 879 1517 accidere,
894 1493 954 1519 qua:
971 1493 1042 1513 nunc

264 1528 335 1555 hosti
348 1533 441 1555 nostro
453 1537 466 1554 a
483 1529 592 1556 Christo
608 1531 731 1558 accidere
750 1530 938 1565 perspicimus.

299 1572 365 1600 Vlll.
386 1574 488 1601 Idcirco
510 1582 560 1609 ego
576 1575 661 1610 ploro,
679 1576 715 1602 ait
729 1575 860 1604 Jeremias
882 1577 908 1604 iu
931 1577 1046 1605 Lamen-

263 1618 412 1646 tationihus
423 1619 457 1651 “,
472 1625 552 1654 atque
567 1621 653 1648 oculis
668 1622 735 1649 meis
753 1622 934 1657 laerymarum
952 1623 1044 1651 fontes

1095 345 1162 371 Πότε
1181 344 1209 371 δὲ
1221 345 1271 379 τῆς
1284 343 1369 379 μέθης
1384 342 1537 378 ἐκνήψομεν
1550 342 1616 378 (10),
1632 343 1648 378 ἢ
1666 343 1719 369 τῶν
1733 343 1879 378 ὀφθαλμῶν

1093 391 1142 426 τὴν
1156 391 1247 426 λήμην
1262 390 1485 426 περιαιρήσομεν,
1502 389 1548 415 καὶ
1563 389 1630 424 πρὸς
1644 389 1675 415 τὸ
1688 391 1737 425 τῆς
1750 390 1879 424 ἀληθείας

1095 436 1151 470 φῶς
1171 436 1373 471 ἀναελὲψομενς
1391 435 1457 462 Ποία
1476 435 1639 470 σκοτόμαινα
1656 435 1758 468 sat-am;
1773 436 1815 467 τίς
1830 445 1878 463 νυ-

1095 481 1248 516 κτομαχίαις
1267 482 1308 512 τίς
1327 481 1413 516 ζάλη,
1439 480 1522 515 φίλων
1543 481 1589 506 καὶ
1612 480 1748 515 πολεμίων
1769 481 1828 515 ὖψιν
1846 482 1877 508 οὗ

1094 527 1288 562 διακρίνουσα;
1307 526 1382 553 Διατί
1399 527 1562 560 γεγόναμεν
1578 526 1691 559 ὄνειδος
1707 526 1767 558 τοῖς
1784 527 1878 561 γείτο-

1094 581 1146 599 σιν
1162 572 1254 607 ἡμῶν,
1269 571 1475 606 μυκτηρισμὸς
1494 571 1542 598 καὶ
1556 571 1727 606 χλευασμὸς
1744 571 1804 604 τοῖς
1823 573 1877 598 κύ-

1094 620 1156 650 κλῳ
1170 618 1270 652 furtim;
1281 618 1329 649 Τίς
1340 619 1356 653 ὴ
1370 617 1509 652 φιλοτιμία
1520 617 1566 643 τοῦ
1578 617 1662 643 κακοῦ
1675 626 1682 649 ;
1696 617 1780 655 Πόθεν
1792 617 1878 649 οὓτως

1095 664 1215 690 ἀθάνατα
1235 663 1394 698 κάμνομεν;
1411 663 1511 697 μᾶλλον
1533 663 1561 689 δὲ
1579 663 1640 689 οὐδὲ
1658 663 1806 698 κάμνομεν,
1818 663 1877 689 ἀλλ’

1094 709 1239 745 ἐρρώμεθα
1255 709 1294 744 τῷ
1307 708 1395 743 κακῷ,
1414 708 1584 743 μαινομένων
1597 708 1626 734 τὸ
1643 707 1738 738 πάθος,
1754 708 1800 733 καὶ
1814 707 1876 742 i166-

1094 755 1165 790 μεθα
1178 754 1377 789 δαπανώμενοι.
1393 755 1448 781 Καὶ
1465 753 1582 789 οὐδαμοῦ
1595 753 1682 787 λόγος,
1697 754 1728 780 οὐ
1746 753 1831 787 φίλος,
1845 754 1876 779 οὐ

1095 801 1248 836 σύμμαχος,
1266 801 1316 827 οὐκ
1333 799 1434 835 ἰατρὸς,
1451 799 1468 834 ἥ
1490 799 1684 835 φαρμακεύων,
1701 799 1717 834 ἢ
1740 799 1878 833 ἐκτέμνων

1093 847 1124 873 τὸ
1137 846 1236 878 πάθος·
1252 847 1282 872 οὐ
1302 846 1479 881 παραστάτης
1507 845 1631 880 ἄγγελος,
1649 845 1680 872 οὐ
1706 845 1786 876 Θεός·
1809 845 1879 871 ἀλλὰ

1095 893 1161 927 πρὸς
1184 894 1239 924 τοῖς
1260 891 1358 923 ἄλλοις,
1379 892 1426 918 καὶ
1443 892 1492 926 τὴν
1515 891 1562 917 τοῦ
1587 891 1654 917 Θεοῦ
1676 891 1878 926 φιλανθρωπίαν

1096 939 1160 973 ἡμῖν
1172 937 1266 969 αὐτοῖς’
1275 937 1483 972 ἀπεκλείσαμεν.
1501 937 1568 964 Ἵνα
1584 937 1621 968 τί,
1637 937 1732 970 Κύριε,
1748 936 1878 971 ἀφέστη-

1096 991 1152 1016 κας
1167 984 1338 1018 μακρόθεν;
1357 983 1407 1009 καὶ
1429 982 1492 1014 πῶς
1516 982 1690 1016 ἀποστρέφῃ
1713 983 1756 1014 εἰς
1773 982 1878 1014 τέλος;

1095 1030 1150 1057 Καὶ
1168 1030 1232 1056 πότε
1247 1029 1398 1064 ἐπισκοπὴν
1416 1028 1494 1063 ἡμῶν
1508 1029 1609 1064 ποιήσῃ
1623 1035 1630 1060 ;
1647 1028 1693 1054 καὶ
1708 1027 1758 1053 ποῦ
1775 1027 1880 1063 προΰή-

1096 1086 1171 1104 σεται
1184 1076 1270 1103 ταῦτα
1281 1077 1328 1102 καὶ
1345 1076 1486 1110 στήσεται;
1502 1074 1613 1101 Δέδοικα
1635 1074 1672 1110 μὴ
1686 1074 1786 1106 καπνὸς
1830 1073 1878 1100 τοῦ

1095 1123 1318 1158 προσδοκωμένου
1333 1122 1417 1158 πυρὸς
1428 1120 1462 1148 τὰ
1474 1121 1605 1155 παρόντα,
1622 1120 1658 1156 μὴ
1672 1120 1774 1151 τούτοις
1787 1120 1802 1146 ὁ
1820 1120 1880 1146 ’Λν-

1095 1169 1232 1203 τίχριστος
1248 1167 1303 1202 (Η)
1315 1168 1424 1201 ἐπιστῇ,
1447 1165 1493 1192 καὶ¹
1514 1166 1609 1201 καιρὸν
1628 1165 1697 1200 λάϐῃ
1714 1165 1762 1199 τῆς
1781 1165 1878 1192 ἑαυτοῦ

1095 1216 1252 1246 δυναστείας
1265 1215 1298 1242 τὰ
1315 1214 1436 1250 ἡμέτερα
1453 1214 1609 1249 πταίσματα
1628 1222 1657 1240 τε
1677 1214 1723 1240 καὶ
1734 1213 1878 1248 άρῤωστή‹

1098 1271 1179 1297 ματα.
1195 1262 1231 1288 Οὐ
1246 1262 1301 1297 γὰρ
1320 1261 1469 1295 ὑγιαίνουσι
1484 1259 1631 1296 προσϐαλεί
1644 1259 1699 1294 (12)
1711 1259 1798 1293 τυχὸν,
1818 1258 1878 1284 οὐδὲ

1096 1310 1128 1344 τῇ
1144 1308 1238 1344 ἀγάπῃ
1251 1307 1473 1341 πεπυκνωμένοις
1485 1315 1491 1321 ⁸
1515 1306 1584 1332 ἀλλὰ
1597 1305 1637 1332 δεῖ
1656 1305 1817 1341 μερισθῆναι
1829 1305 1880 1339 τὴν

1098 1354 1236 1390 βασιλείαν
1249 1354 1291 1387 ἐφ’
1308 1353 1417 1387 ἑαυτὴν,
1433 1350 1491 1378 εἶτα
1510 1351 1688 1387 πειρασθῆναι
1707 1351 1754 1378 καὶ
1771 1350 1879 1386 δεθῆναι

1097 1401 1142 1426 τὸν
1157 1399 1264 1435 ἰσχυρὸν
1278 1400 1307 1425 ἐν
1323 1400 1387 1434 ἡμῖν
1400 1398 1539 1433 λογισμὸν,
1555 1395 1612 1424 εἶτα
1622 1397 1656 1424 τὰ
1669 1396 1749 1430 σκεύη
1765 1396 1880 1431 διαρπα-

1097 1446 1188 1480 γῆναι,
1205 1445 1253 1471 καὶ
1274 1443 1360 1470 ταῦτα
1385 1442 1480 1469 παθεῖν
1503 1443 1591 1476 ἡμᾶς,
1606 1441 1623 1468 δι
1645 1441 1692 1466 νῦν
1712 1440 1818 1475 ὁρῶμεν
1834 1439 1880 1466 τδν

1098 1489 1193 1525 ἐχθρὸν
1210 1489 1284 1523 παρὰ
1294 1487 1411 1523 Χριστοῦ
1425 1488 1571 1521 πάσχοντα.

1133 1574 1173 1601 Η’.
1190 1574 1239 1600 Διὰ
1251 1573 1336 1600 ταῦτα
1349 1573 1403 1607 ἐγὼ
1414 1573 1508 1606 κλαίω,
1523 1573 1603 1608 φησὶν
1618 1573 1751 1608 Ἱερεμίας
1763 1572 1791 1598 ὲν
1805 1571 1880 1607 Θρή-

1099 1629 1164 1651 νοις,
1181 1621 1228 1646 καὶ
1251 1619 1323 1655 ζητῶ
1340 1620 1394 1650 τοῖς
1406 1618 1552 1653 ὀφθαλμοῖς
1573 1626 1624 1653 μου
1639 1617 1730 1652 πηγὰς
1755 1616 1880 1652 δακρύων

262 1664 328 1691 huic
339 1664 487 1692 calamitati
503 1673 582 1700 pares
595 1674 698 1701 quaero,
715 1675 747 1695 ac
764 1668 902 1702 sapientes
920 1669 1046 1697 mulieres

1098 1665 1235 1701 ἀρκούσας
1249 1665 1287 1700 τῷ
1303 1665 1394 1697 πάθει,
1417 1665 1464 1692 καὶ
1487 1665 1561 1691 καλῶ
1583 1664 1633 1696 τὰς
1654 1663 1748 1698 σοφὰς,
1773 1663 1815 1689 ἵνα
1834 1663 1880 1689 τὸν
1915 1697 1916 1702 η

262 1715 343 1741 voco,
359 1713 388 1736 ut
403 1709 504 1736 luctum
523 1711 652 1742 excitent,
673 1717 720 1738 aut
735 1718 809 1740 certe
824 1713 968 1746 adiuvent;
984 1721 1048 1741 ven-

262 1754 314 1781 tris
327 1755 409 1781 etiam
425 1755 518 1783 dolore
535 1756 650 1789 alIicior,
673 1763 701 1784 et
717 1765 844 1786 sensuum
865 1760 976 1794 organis
993 1761 1048 1788 vel-

262 1801 342 1833 licor,
367 1809 428 1834 nec,
454 1810 508 1837 quo
535 1805 616 1831 modo
637 1805 789 1840 quibusque
812 1806 903 1833 verbis
926 1806 1047 1834 dolorem

262 1845 374 1878 leniam,
393 1847 490 1875 habeo.
505 1848 609 1876 Idcirco
625 1856 717 1877 vetera
729 1851 854 1884 silentur,
866 1859 934 1878 nova
944 1853 1048 1880 comico

265 1899 343 1918 more
361 1893 531 1927 sugillantur.
549 1894 686 1922 Comoedia
700 1896 771 1923 enim
788 1900 830 1924 est
844 1897 968 1924 hostibus
987 1905 1046 1924 mea

267 1938 411 1973 tragoedia.
426 1939 530 1967 Idcirco
550 1948 604 1968 non
620 1949 714 1976 parum
730 1941 857 1970 Ecclesiis
869 1941 1048 1976 detraximus,

265 1991 299 2011 ac
316 1991 406 2012 scena:
415 1985 601 2019 adjunximus,
616 1987 699 2021 idque
716 1987 742 2013 in
760 1987 912 2021 hujusmodi
927 1989 1047 2021 civitate,

214 2057 218 2059 Α
264 2037 326 2064 qua:
339 2031 403 2058 data
418 2038 512 2065 opera,
537 2037 564 2059 ut
585 2033 658 2064 aliis,
682 2034 718 2060 ita
736 2033 836 2060 divinis
854 2033 936 2061 rebus
952 2034 1048 2066 illudil,

263 2083 379 2111 quaeque
399 2077 489 2111 potius
511 2079 670 2112 praclarum
692 2078 792 2113 aliquid
807 2084 834 2106 et
850 2079 927 2107 laude
939 2080 1047 2114 dignum

264 2122 371 2153 riserit,
397 2130 478 2156 quam
505 2128 533 2150 ut
560 2124 701 2151 ridiculum
728 2124 830 2159 aliquid
851 2132 904 2152 nou
928 2125 1047 2154 derisum

265 2171 412 2202 praetereat
428 2177 436 2195 ι
454 2173 482 2195 ut
499 2169 564 2195 mihi
585 2170 681 2196 mirum
694 2169 813 2196 futurum
827 2171 873 2202 sit,
891 2171 912 2198 si
931 2179 974 2198 me
986 2179 1049 2205 quo-

265 2219 330 2246 que,
358 2211 412 2240 hoc
439 2217 482 2239 est
511 2213 643 2240 advenam
667 2214 774 2248 pietatis
795 2221 962 2248 prmcouent,
992 2215 1049 2242 haec

257 2258 416 2298 (dicentem,
433 2266 464 2285 ac
476 2266 529 2285 non
547 2259 658 2286 ridenda
672 2261 772 2292 omnia,
788 2260 836 2288 sed
853 2261 975 2295 quaedam
991 2265 1049 2288 stu-

267 2304 342 2331 diose
367 2305 507 2331 tractanda
529 2311 590 2332 esse
613 2305 766 2338 docentem,
784 2313 836 2332 non
856 2298 955 2333 riserit.
977 2305 1047 2338 Quid

1099 1713 1196 1748 θρῆνον
1214 1712 1395 1748 ἐργάσωνται,
1410 1711 1426 1747 ἢ
1443 1712 1661 1748 συνεργάσωνται
1674 1719 1680 1725 ·
1702 1711 1750 1737 καὶ
1762 1710 1811 1745 τὴν
1825 1718 1881 1736 κοι-

1098 1758 1157 1784 λίαν
1175 1757 1260 1790 ἀλγὼ,
1280 1758 1327 1783 καὶ
1347 1756 1495 1791 μαιμάσσω
1514 1755 1548 1782 τὰ
1570 1755 1744 1791 αἰσθητήρια,
1762 1755 1809 1780 καὶ
1830 1755 1881 1780 οὐκ
1914 1762 1920 1796 ί

1098 1802 1162 1838 ἔχω,
1176 1801 1234 1834 πῶς
1251 1801 1372 1835 κουφίσω
1388 1801 1418 1827 τὸ
1431 1800 1539 1835 ἀλγοῦν,
1555 1800 1602 1826 καὶ
1619 1800 1673 1826 τίσι
1691 1801 1748 1832 τοῖς
1767 1801 1879 1834 ῥήμασι.

1098 1848 1147 1874 Διὰ
1161 1847 1245 1874 ταῦτα
1259 1847 1392 1873 σιωπᾶται
1409 1846 1443 1873 τὰ
1460 1845 1573 1877 παλαιὰ,
1593 1845 1639 1872 καὶ
1659 1845 1828 1880 κωμῳδεῖται
1846 1845 1881 1871 τὰ

1097 1894 1146 1919 νέα
1159 1893 1300 1927 (κωμῳδία
1313 1892 1367 1927 γὰρ
1381 1893 1436 1923 τοῖς
1450 1891 1556 1926 ἐχθροῖς
1569 1892 1585 1926 ἡ
1602 1891 1654 1926 ἐμὴ
1669 1890 1825 1925 τραγῳδία)·
1837 1890 1881 1916 διὰ

1097 1938 1176 1964 τοῦτο
1186 1936 1239 1963 τῶν
1259 1936 1425 1971 Ἐκκλησιῶν
1440 1935 1582 1970 ὑφείλομεν
1594 1935 1651 1970 (13)
1663 1935 1712 1962 οὐκ
1724 1935 1822 1968 ὀλίγον,
1834 1935 1880 1961 καὶ

1097 1986 1131 2019 τῇ
1144 1984 1228 2018 σκηνῇ
1240 1982 1448 2018 προσεθήκαμεν
1458 1990 1465 1996 ·
1479 1980 1620 2008 καὶταῦτα
1631 1982 1659 2007 ὲν
1669 1981 1779 2016 τοιαύτῃ
1794 1981 1880 2012 πόλει,

1098 2031 1115 2066 ἢ
1136 2029 1278 2061 σπουδάζει
1293 2029 1324 2055 τὸ
1339 2028 1374 2055 τὰ
1390 2027 1450 2055 θεῖα
1466 2028 1584 2060 παίζειν,
1606 2027 1700 2063 ὥσπερ
1722 2035 1750 2053 τι
1776 2026 1879 2062 ἕτερον,

1098 2077 1145 2104 καὶ
1154 2077 1248 2103 θᾶττον
1259 2076 1291 2103 ἄν
1304 2083 1330 2101 τι
1340 2074 1394 2101 τῶν
1409 2074 1608 2109 ἐπαινουμένων
1625 2073 1798 2108 γελάσειενιῆ
1811 2081 1868 2108 παρ

1099 2121 1148 2147 ίδοι
1168 2130 1194 2147 τι
1220 2120 1275 2146 τῶν
1292 2119 1404 2154 γελοίων
1429 2119 1585 2153 ἀγέλαστον.
1601 2118 1682 2144 Ὥστε
1708 2117 1880 2152 θαυμάσαιμι

1099 2167 1132 2193 ἂν
1147 2166 1212 2202 (Η),
1230 2167 1254 2192 εἰ
1270 2165 1307 2201 μὴ
1323 2165 1393 2198 κάμὲ
1407 2164 1519 2199 γελάσαι
1541 2165 1659 2199 σήμερον
1675 2164 1720 2190 τὸν
1736 2163 1820 2189 ταῦτα
1834 2162 1880 2189 λέ-

1099 2221 1190 2246 γοντα,
1208 2212 1252 2238 τὸν
1268 2211 1406 2242 εὐσεϐείας
1429 2211 1529 2246 ἔπηλυν
1552 2211 1659 2245 κήρυκα
1683 2209 1749 2244 (15).
1773 2208 1819 2235 καὶ
1842 2209 1879 2244 μὴ

1099 2257 1188 2283 πάντα
1197 2256 1289 2292 γελᾷν,
1304 2256 1360 2282 ἀλλ’
1370 2255 1441 2281 ἔστιν
1454 2255 1471 2281 ἃ
1484 2255 1531 2282 καὶ
1543 2254 1701 2287 σπουδάζειν
1712 2254 1879 2280 διδάσκοντα.

1099 2303 1153 2330 Καὶ
1171 2303 1197 2329 τί
1225 2303 1306 2337 γελᾷν
1332 2302 1418 2336 λέγως
1436 2301 1611 2335 Θαυμαστὸν,
1629 2301 1654 2326 εἰ
1676 2301 1713 2335 μὴ
1735 2300 1782 2326 καὶ
1803 2299 1881 2331 δίκας

265 2350 327 2376 dico
345 2349 457 2377 riserit?
470 2349 600 2382 Mirabar,
616 2350 667 2378 nisi
683 2358 769 2385 poma:
783 2351 865 2378 etiam
878 2359 892 2377 a
909 2358 951 2378 me
966 2358 1046 2385 expe-

1099 2335 1288 2385 timteneeiqv,
1308 2335 1460 2384 εὐεργετεῖν
1473 2347 1640 2382 βουλόμενος.
1654 2346 1770 2372 Τοιαῦτα
1781 2345 1835 2380 γὰρ
1846 2345 1880 2372 τὰ

265 2396 368 2426 tantur,
388 2393 451 2420 dum
465 2395 594 2428 prodesse
617 2395 706 2427 cupio.
727 2395 799 2422 Talis
809 2396 881 2422 enim
895 2401 937 2422 est
955 2403 1045 2423 rerum

265 2442 419 2465 nostrarum
437 2443 537 2469 status,
557 2443 585 2466 ut
605 2447 654 2466 nec
669 2440 735 2467 mihi
759 2447 903 2469 maerorem
920 2440 1045 2474 all'erant,

265 2485 453 2514 autEcclestte
473 2491 611 2521 occupata;
634 2486 672 2522 (id
697 2486 769 2521 quod
789 2486 905 2514 fortasse
929 2486 1047 2520 cuipiam

301 2561 325 2578 "
340 2561 383 2588 Ps.
405 2570 518 2593 Lxxvut,
531 2563 558 2590 ι.
594 2563 617 2579 ⁸⁸
632 2563 676 2591 Ρε.
691 2571 728 2593 lx.
752 2563 787 2592 εἰ
803 2573 811 2598 ;
831 2571 961 2597 Lxuvtn,
985 2564 1031 2590 47.

1102 2563 1168 2592 an.
1184 2572 1223 2597 xi,
1240 2563 1271 2590 2|
1285 2571 1345 2598 sqq.

301 2619 357 2655 ΗΟ)
387 2620 586 2654 Ἔχει-ἥψομεν.
621 2621 685 2654 Reg.
711 2621 771 2650 lim.
804 2621 983 2656 ἐκνὴψωμεν,
1017 2626 1043 2648 et

265 2655 350 2692 sicin
375 2656 559 2692 sequentibus,
582 2656 814 2691 περιαιρήσωμεν,
840 2655 1044 2692 ἀναϐλέψωμεν.

300 2690 355 2723 (ll)
376 2690 588 2724 Ἀντίχριστος.
602 2690 683 2717 Εοίειζ
699 2690 723 2722 l,
739 2691 881 2723 ἀντίδικος.

301 2725 356 2761 (12)
368 2725 542 2761 Προσϐαλεῖ.
559 2726 603 2753 Sic
615 2726 680 2761 Reg.
702 2734 726 2756 a,
745 2731 773 2752 et
796 2726 911 2760 llen'ag.
930 2726 958 2753 ln
990 2726 1045 2758 ed.,

266 2760 440 2794 προσϐάλλει.

303 2793 358 2829 (IS)
377 2795 562 2829 ’Υφειλομδια
581 2795 625 2822 Sic
644 2795 708 2830 Reg.
734 2796 780 2829 hu,
800 2796 880 2823 Coisl.
905 2797 930 2829 l,
954 2796 999 2823 Or.
1015 2797 1042 2823 2.

267 2827 391 2865 Μιίιιιίὸεθ
406 2827 431 2855 in
443 2832 485 2865 ed.
495 2827 581 2862 Vl’ar.,
592 2827 744 2865 ὀφείλομεν.

304 2863 358 2898 (14)
374 2864 558 2899 Θαυμάσαψι
577 2863 624 2893 ἄν’.
639 2863 690 2893 δίο
783 2867 828 2899 hu,
843 2866 888 2894 0r.
909 2866 934 2900 1,
950 2871 974 2894 et
989 2865 1043 2894 Jcs.

1099 2394 1232 2429 ἡμέτερα,
1247 2394 1283 2425 ὡς
1301 2393 1351 2428 ὲμέ
1366 2401 1398 2427 γε
1414 2392 1445 2418 οὐ
1463 2392 1593 2418 λυποῦσιν
1606 2391 1671 2427 (l6),
1689 2390 1743 2417 οὔτ’
1765 2390 1878 2425 Ἐκκλη-

1100 2441 1154 2467 σίαι
1170 2440 1358 2475 κατεχόμεναι,
1375 2439 1389 2465 ὃ
1406 2439 1477 2474 τάχα
1500 2439 1531 2466 ἄν
1548 2446 1589 2469 τις
1615 2438 1694 2464 πάθοι
1715 2436 1767 2463 τῶν
1785 2444 1880 2472 μικρο-

1098 2486 1209 2521 πρεπῷν
1225 2486 1274 2520 τὴν
1290 2485 1418 2517 διάνοιαν,
1435 2483 1497 2510 οὗτε
1511 2483 1609 2519 χρυσὸς
1623 2483 1711 2514 ἄλλοις
1723 2482 1801 2517 ῥέων,
1818 2479 1880 2507 οὔτε

1385 2562 1406 2578 ⁹¹
1418 2562 1519 2590 Thren.
1533 2570 1552 2595 t,
1565 2561 1598 2588 i6
1615 2569 1673 2596 sqq.

1097 2621 1125 2648 ln
1142 2621 1196 2657 ed”
1213 2620 1350 2655 θαυμάσαι
1365 2621 1450 2657 μ’νᾶν.
1539 2654 1545 2657 _
1564 2655 1570 2657 _
1708 2654 1713 2657 _
1773 2652 1779 2657 _

1133 2656 1189 2691 (15)
1213 2654 1494 2693 Ἐαῃλυν-ὸςήρυκα.
1506 2664 1516 2680 ε
1532 2654 1679 2693 Advenam_
1687 2654 1796 2693 pietatis
1811 2659 1880 2686 prte-

1099 2689 1204 2718 concin.
1223 2701 1232 2717 ι
1247 2690 1294 2717 His
1307 2691 1398 2717 verbis
1408 2696 1480 2717 recte
1491 2690 1644 2724 conjicitur,
1661 2689 1819 2722 Gregorium
1837 2695 1880 2724 re-

1097 2734 1161 2753 cens
1183 2725 1439 2759 Constantinopolim
1465 2722 1615 2752 advenisse.
1632 2724 1658 2750 ld
1686 2725 1765 2750 etiam
1780 2722 1879 2749 contir-

1098 2766 1186 2787 matur
1204 2760 1236 2787 iis
1251 2768 1310 2794 qua:
1324 2765 1473 2794 sequuntur
1491 2769 1498 2786 :
1521 2768 1531 2784 ε
1553 2759 1680 2786 Ecclesiae
1695 2762 1841 2791 occupatae,
1864 2765 1874 2782 ι

1097 2795 1200 2823 scilicet
1217 2796 1250 2822 ab
1270 2795 1412 2822 haereticis.

1133 2830 1242 2865 (16)οὺ
1254 2830 1416 2858 λυποῦσιν.
1436 2829 1480 2858 Sic
1497 2829 1563 2863 Rt‘g.
1581 2830 1627 2863 ltu,
1640 2828 1686 2856 0r.
1704 2829 1732 2862 "2,
1743 2827 1811 2860 Jes.,
1822 2831 1878 2860 etc,

1099 2867 1176 2895 Deest
1195 2866 1225 2892 οὐ
1241 2866 1266 2893 iu
1279 2867 1320 2892 ed.
