2060 3140
163 182 227 210 HM

702 181 830 210 ORATIO
852 180 922 208 XXII
952 196 987 200 -—
1007 180 1053 208 DE
1069 180 1158 208 PACE
1178 181 1209 208 ll.

1707 181 1775 208 ιιιο

160 239 280 274 γλῶσσαι
297 240 423 275 πονηραὶ,
443 239 473 266 τὸ
486 239 589 266 ἑαυτῶν
601 238 739 272 ποιοῦσαι,
755 239 881 273 λέγουσαι
897 247 947 265 κα-

1001 246 1032 266 cx
1045 239 1087 272 iis,
1101 239 1146 273 qui
1161 238 1334 266 imbecilliore
1351 239 1441 266 animo
1452 242 1525 270 sunt,
1539 237 1660 265 accidere
1673 237 1774 271 queat),

161 285 226 320 κῶς,
242 286 334 322 ἐπειδὴ
348 286 436 318 καλῶς
455 287 505 313 οὐκ
518 286 628 322 ἔμαθον.

998 289 1044 312 aut
1070 291 1165 311 aurum
1190 284 1250 312 aliis
1275 284 1371 317 ﬂuens,
1392 289 1440 311 aut
1463 291 1552 319 pravae
1578 283 1686 319 lingua,
1705 283 1775 318 quod

161 339 238 359 suum
251 337 292 359 est
304 332 444 369 facientes,
464 333 532 360 male
547 334 672 362 videlicet
685 334 834 368 loquentes,
849 340 975 366 quoniam
991 333 1059 360 bene
1072 332 1144 366 loqui
1160 339 1211 359 non
1224 332 1388 360 didicerunt.

196 377 234 404 8’.
251 378 288 404 Οὐ
302 377 356 413 γὰρ
379 378 448 411 δέος,
471 379 575 415 μήποτε
598 379 672 414 τόπῳ
691 380 894 415 περιγράφηται
915 379 949 405 τὸ

162 422 248 454 Θείον,
263 422 369 457 ἢῶνιον
384 423 506 459 γένηται,
523 425 555 451 ἵν’
571 425 630 452 ὅλον
677 425 729 451 τῶν
742 425 945 460 εὐπορωτέρων.

123 479 130 486 ·
170 468 235 503 Ἐμέ
251 477 280 494 τε
296 469 345 495 οὐκ
368 470 528 504 ἀμείψουσιν
555 471 580 497 οἱ
602 471 797 506 εὐφημοῦντες,
815 471 830 506 ἢ
848 471 949 506 δυσφη-

165 513 277 548 μοῦντες
295 514 398 550 (ὥσπερ
412 515 437 541 οἱ
461 515 583 551 βορϐόρῳ
604 516 689 552 μύρον
705 516 912 552 ἀναμιγνύντες,
930 516 947 551 ἤ

164 558 243 594 μύρῳ
271 559 418 596 βόρϐορον,
445 562 491 587 καὶ
518 561 568 593 τὰς
593 562 735 597 ποιότητας
759 564 790 597 τῇ
822 562 945 597 ἐπιμιξίᾳ

164 605 344 640 συγχέοντες),
360 607 402 633 ἵνα
411 606 566 642 δυσχεράνω
580 607 629 639 τὰς
645 607 816 642 βλασφημίας
831 608 868 638 ὡς
884 607 946 642 μεθ-

165 651 317 685 ιστάμενος.
342 649 378 678 rH
410 652 496 679 πολλὰ
518 652 550 679 ἂν
575 652 722 679 κατέϐαλον
747 653 874 688 χρήματα
891 654 946 683 τοῖς

165 696 332 728 ἐπαινέταις,
350 698 377 724 εἴ
391 706 425 732 με
440 697 541 732 ’βελτίω
562 699 617 729 τοῖς
638 699 757 729 ἐπαίνοις
780 698 945 733 εἰργάζοντο.

165 740 222 767 Νῦν
235 741 262 768 δὲ
279 742 327 777 οὐχ
345 742 415 768 οὕτω
433 743 511 769 τοῦτο
530 743 596 778 ἔχει,
613 744 692 769 πόθεν
704 751 710 775 ;
724 742 780 769 ἀλλ’
795 743 863 778 ὅπερ
877 742 945 777 εἰμὶ,

165 786 244 813 τοῦτο
261 787 344 822 μένω,
361 789 406 815 καὶ
421 788 654 824 δυσφημούμενος,
669 790 716 815 καὶ
732 788 945 824 θαυμαζόμενος.

1032 378 1077 405 lx.
1104 378 1194 412 Neque
1216 378 1288 405 enim
1308 378 1480 405 metuendum
1504 383 1556 411 est,
1573 384 1605 404 ne
1625 377 1696 404 Deus
1719 376 1777 404 loco

998 425 1247 457 circumscribatur,
1275 430 1321 452 aut
1344 425 1446 451 venalis
1461 424 1584 455 exsistat,
1601 428 1632 449 ut
1647 427 1717 449 totus
1738 422 1775 448 di-

998 470 1098 496 tiorum
1118 469 1162 496 sit.
1189 469 1243 496 Nec
1259 470 1322 497 item
1345 478 1389 497 me
1405 470 1447 497 vel
1466 469 1626 500 laudatores,
1647 468 1689 494 vel
1706 467 1777 494 vitu-

997 521 1136 550 peratores
1155 515 1334 542 immutal-unt
1360 514 1597 551 (quemadmodum
1625 513 1672 548 qni
1700 519 1777 540 emno

1000 566 1178 596 unguentum,
1201 567 1247 588 aut
1269 567 1406 596 unguento
1428 568 1535 588 caenum
1560 560 1720 591 admiscent,
1746 565 1778 585 ac

999 613 1046 640 per
1061 606 1213 633 mistionem
1227 607 1370 642 qualitates
1381 606 1573 641 confundunt),
1590 611 1619 632 ut
1633 604 1778 631 maledicos

999 659 1150 684 sermones,
1164 657 1291 686 tanquam
1316 661 1330 680 a
1356 653 1458 688 meipso
1476 656 1605 684 mutatus,
1622 651 1739 685 graviter
1751 653 1779 676 et

1000 696 1091 731 iniquo
1107 697 1196 724 animo
1212 698 1306 724 feram.
1322 698 1388 724 Nam
1403 698 1499 725 multas
1513 697 1633 731 profecto
1649 695 1776 732 pecunias

1000 742 1182 770 laudatoribus
1219 751 1400 774 numerarem,
1427 744 1447 770 si
1464 750 1507 769 me
1530 742 1662 769 laudando
1683 740 1777 767 melio-

999 795 1055 814 rem
1077 787 1225 815 eﬂicerent.
1244 788 1320 816 Nunc
1341 793 1431 816 autem
1453 789 1532 815 aliter
1542 795 1572 815 se
1584 795 1625 814 res
1638 786 1719 822 [.20
1731 786 1778 812 ha-

165 832 276 865 Βροτὸς
289 832 315 859 δ’
329 833 430 866 ἄλλως
444 833 565 868 ’νήχεται
580 834 635 869 (17)
649 835 762 869 λόγοις,
776 834 858 869 φησὶν
877 833 945 860 Ἰώ6’

1001 831 1055 859 bet.
1078 831 1154 865 Quod
1169 833 1241 860 enim
1260 841 1330 866 sum,
1357 833 1408 860 hoc
1429 840 1533 864 maneo,
1552 832 1608 859 sive
1629 830 1778 858 maledictis

166 877 214 903 xui.
227 877 277 904 ὅσα
292 878 392 913 πέτραν
411 880 562 914 περιρρέων
586 879 682 916 ἀφρὸς,
703 880 718 915 ῆ
736 880 814 907 πίτυν
827 877 919 915 αὖραι,
931 880 948 914 ἦ

165 929 226 948 τινα
244 922 297 948 τῶν
312 922 413 950 δασέων
435 925 480 950 καὶ
501 924 608 963 ὑψηλῶν
620 933 626 940 ·
643 924 760 951 τοσαῦτα
783 925 811 950 αἱ
828 923 949 958 γλῶσααί

167 975 201 1002 με
217 969 402 1004 περιῤῥέουσι,
423 970 470 996 καὶ
487 971 545 1005 ἅμα
566 970 700 1004 φιλοσοιρῶ
720 979 746 997 τι
764 970 866 996 τοιοῦτο
883 971 950 1005 πρὸς

166 1013 300 1046 ἐμαυτόν·
327 1014 364 1045 ὡς
377 1014 408 1040 Ei
427 1015 475 1049 μὲν
491 1015 590 1050 ψευδὴς
604 1016 617 1041 ό
639 1015 796 1051 κατηγορῶν
816 1015 882 1050 (18),
901 1015 950 1041 οὐκ

166 1058 233 1093 ἐμοῦ
246 1059 345 1094 μᾶλλον
357 1061 372 1086 ὁ
383 1060 469 1094 λόγος,
483 1061 499 1096 ἢ
512 1062 615 1088 ἐκείνου
625 1061 656 1088 τὸ
669 1061 811 1096 λεγόμενον
826 1061 949 1092 ἅπτεται,

165 1104 211 1130 23t-
234 1105 284 1139 ἐμὲ
297 1106 408 1139 ὀνόματι
420 1105 562 1142 βλασφημῇ
574 1115 581 1122 ·
598 1107 654 1133 είδ*
670 1107 772 1142 ἀληθὴς
787 1107 851 1142 (i9),
864 1108 950 1141 ἐμαυ-

164 1149 211 1178 τξν
226 1150 352 1186 μᾶλλονῆ
369 1151 413 1177 τὸν
427 1152 541 1186 λέγοντα
555 1153 712 1187 αἰτιάσομαι
726 1153 802 1188 (παρ’
814 1152 882 1187 ἐμοῦ
895 1152 950 1188 γὰρ

165 1195 262 1231 ἐκείνῳ
276 1196 306 1222 τὸ
316 1197 416 1231 λέγειν,
429 1198 478 1224 οὐκ
488 1198 550 1233 ἐμοὶ
558 1199 588 1224 τὸ
599 1196 668 1225 εἶναι
684 1198 795 1233 τοιούτῳ
806 1198 861 1234 (20)
876 1198 951 1233 παρὰ

165 1241 212 1268 τοῦ
229 1242 375 1278 λέγοντος)ο
387 1245 433 1270 καὶ
446 1243 632 1279 παραδραμὼν
644 1244 693 1275 τὰς
706 1243 807 1278 φωνὰς,
823 1243 858 1274 ὠς
874 1243 950 1269 οὐδὲν

165 1287 258 1320 οὔσας,
276 1288 395 1324 ἐμαυτοῦ
415 1290 574 1325 γενήσομαι,
591 1289 669 1316 τοῦτο
692 1290 769 1324 μόνον
784 1288 872 1314 αὐτῶν
888 1296 951 1323 κερ-

165 1333 263 1361 δαίνων
281 1335 330 1370 τῆς
347 1336 506 1371 μοχθηρίας,
527 1335 558 1362 τὸ
575 1331 648 1370 βίοῦν
665 1335 874 1370 ἀσφαλέστερον.
887 1334 951 1369 Τρί-

166 1388 211 1406 τον
220 1380 253 1412 δ’,
271 1381 285 1406 ὃ
303 1381 350 1408 καὶ
369 1381 495 1416 μέγιστον
515 1380 570 1416 ἔχει
594 1390 620 1407 τι
640 1381 688 1407 καὶ
704 1380 919 1415 μεγαλοπρεπὲς,
933 1381 950 1414 ἠ

166 1425 293 1462 λοιδορία,
306 1426 346 1453 ὄτι
362 1427 431 1462 μετὰ
442 1426 509 1453 Θεοῦ
525 1426 756 1462 βλασφημούμεθα
767 1434 774 1441 '
792 1426 816 1452 οἱ
833 1425 887 1461 γὰρ
901 1425 950 1451 αὺ-

166 1472 207 1498 τοὶ
218 1472 333 1507 θεότητά
345 1481 374 1498 τε
388 1471 524 1505 ἀθετοῦσι,
536 1472 637 1498 καὶτὸν
648 1472 769 1506 Θεολόγον
784 1471 950 1506 ὑϐρίζουσιν.

1000 877 1110 910 alliciar,
1125 879 1181 905 sive
1199 879 1321 906 laudibus
1343 880 1369 906 in
1387 879 1482 906 caelum
1508 878 1591 905 ferar.
1620 877 1704 904 Home
1727 884 1775 903 au-

1000 928 1051 950 tem
1065 928 1159 950 temere
1182 925 1264 951 verbis
1283 929 1368 957 natat,
1387 926 1474 958 inquit
1488 925 1537 952 Job
1550 925 1586 957 ";
1603 931 1633 950 ac
1649 927 1777 956 quantum

999 973 1102 1003 petram
1119 977 1223 1004 spuma,
1240 974 1285 996 aut
1303 971 1407 1004 pinum,
1420 970 1461 997 vel
1479 969 1595 1003 aliquant
1616 968 1694 994 aliam
1715 967 1780 993 den-

1001 1023 1058 1042 sam
1074 1020 1100 1042 et
1113 1023 1252 1050 proceram
1267 1016 1391 1043 arborem
1405 1023 1488 1046 aurae.
1505 1019 1608 1042 tantum
1627 1021 1669 1040 tne
1683 1013 1778 1047 linguae

1004 1060 1205 1092 circumﬂuunt,
1220 1060 1352 1094 simulun
1364 1060 1516 1095 huiusmodi
1535 1059 1659 1093 quiddam
1674 1065 1778 1085 mecum

1003 1110 1191 1133 commentor:
1220 1106 1248 1133 Si
1269 1106 1336 1132 falsa
1360 1106 1452 1140 objicit
1475 1110 1630 1136 accusator,
1657 1111 1710 1131 non
1735 1110 1777 1129 me

1005 1151 1102 1185 magis,
1118 1159 1197 1185 quam
1224 1159 1296 1184 eum,
1317 1152 1361 1186 qni
1386 1152 1515 1186 loquitur,
1535 1151 1579 1177 hic
1596 1157 1684 1178 sermo
1697 1149 1779 1176 attin-

1003 1197 1051 1230 git,
1067 1197 1173 1224 etiamsi
1196 1205 1239 1224 me
1260 1198 1417 1225 nominatim
1438 1197 1569 1225 conviciis
1588 1201 1677 1231 petat;
1694 1196 1716 1223 si
1731 1203 1781 1222 au»-

1003 1247 1057 1269 tem
1073 1250 1149 1275 vera,
1168 1244 1300 1278 meipsum
1322 1245 1424 1279 potius.
1448 1251 1529 1278 qttam
1542 1251 1613 1276 cum,
1631 1243 1675 1277 qui
1690 1242 1779 1276 loqui-

1001 1292 1056 1321 tlr,
1085 1290 1220 1317 accusabo
1244 1290 1270 1326 (a
1295 1298 1337 1317 me
1359 1291 1432 1318 enim
1455 1291 1491 1317 illi
1512 1290 1644 1317 sermonis
1668 1288 1780 1316 materia

1001 1335 1233 1367 subministratur,
1251 1343 1303 1363 non
1325 1341 1415 1363 autem
1434 1335 1506 1363 illius
1528 1343 1618 1362 sermo
1635 1342 1716 1362 causa
1740 1339 1781 1361 est

1001 1387 1049 1407 cur
1065 1381 1125 1408 talis
1140 1381 1202 1415 sim)
1223 1401 1231 1412 ,
1252 1389 1284 1409 ac
1300 1382 1412 1409 vocibus
1426 1381 1578 1416 praeteritis,
1597 1385 1624 1407 ut
1642 1387 1702 1414 quae
1716 1379 1781 1406 nihil

1000 1426 1065 1457 sint.
1080 1427 1129 1453 mei
1146 1427 1229 1461 ipsius
1249 1435 1306 1459 ero,
1330 1428 1380 1455 hoc
1400 1435 1480 1454 unum
1495 1435 1530 1455 ex
1549 1434 1641 1454 eorum
1654 1425 1781 1460 improbi-

1005 1476 1060 1498 tate
1080 1473 1216 1500 commodi
1236 1474 1357 1508 capiens,
1374 1478 1402 1500 ut
1417 1473 1521 1500 cautius
1535 1473 1615 1499 vitam
1632 1472 1780 1500 instituam.

167 1517 270 1544 Οὐκοῦν
284 1517 385 1544 τούτων
406 1518 480 1543 οὐδὲν
499 1517 593 1549 δεινὸν,
613 1517 666 1544 κᾶν
685 1518 709 1543 οἱ
728 1516 820 1543 πολλοὶ
837 1516 949 1551 νομίζω-

1003 1517 1123 1544 Tertium
1151 1523 1251 1552 autem,
1270 1519 1297 1546 in
1323 1527 1376 1554 quo
1404 1520 1486 1546 etiam
1512 1519 1658 1546 maximum
1683 1517 1781 1551 aliquid

168 1570 228 1589 επιν⁶
255 1563 311 1589 ἀλλ’
332 1564 372 1589 ὅτι
397 1563 490 1598 μηδεὶς
517 1563 556 1589 ἔτι
579 1563 734 1589 πιστεύεται
756 1562 850 1593 πιστὸς
869 1559 949 1594 εἶναι,

168 1609 234 1644 μηδὲ
248 1610 296 1644 τὴν
310 1609 409 1645 ἀρετὴν
422 1609 532 1644 ἄτεχνος
548 1608 604 1643 (21)
621 1609 667 1635 καὶ
683 1608 783 1643 σκηνῆς
799 1607 948 1642 ἐλεύθερος,

168 1655 229 1690 μηδ⁴
245 1655 278 1682 ἂν
295 1653 423 1691 σφόδραῇ
437 1655 585 1691 τὴνψυχὴν
599 1654 764 1690 ἐρρωμένος,
779 1653 826 1680 καὶ
839 1654 948 1688 γνήσιος

166 1701 206 1731 είς
222 1700 378 1726 εὐσέϐειαν·
398 1700 455 1726 ἀλλ’
470 1702 484 1727 ὁ
509 1700 557 1736 μὲν
573 1700 620 1726 καὶ
642 1699 764 1734 φανερῶς
782 1698 875 1730 κακὸς,
890 1699 904 1724 ὁ
921 1698 949 1724 δὲ

166 1745 279 1781 πλάσμα
295 1747 341 1772 καὶ
353 1746 451 1781 χρῶμα
469 1746 524 1781 ἔχει
544 1745 593 1781 τὴν
611 1745 768 1776 ἐπιείκειαν,
785 1745 828 1771 ἵνα
847 1744 948 1780 κλέπτῃ

164 1791 205 1826 τῷ
222 1792 386 1826 φαινομένῳ.

1001 1567 1082 1597 atque
1104 1564 1130 1590 in
1146 1564 1240 1599 primis
1262 1565 1435 1600 magnificum
1449 1565 1530 1592 habet
1546 1564 1603 1592 hate
1619 1563 1782 1590 maledicen-

1000 1608 1047 1640 tia,
1065 1609 1136 1636 istud
1159 1615 1211 1643 est,
1236 1612 1306 1645 quod
1327 1619 1378 1638 una
1402 1619 1462 1638 cum
1485 1611 1539 1638 Deo
1560 1609 1710 1637 maledictis
1734 1609 1781 1635 im-

1002 1655 1131 1688 petimur.
1150 1656 1232 1683 Iidem
1249 1658 1319 1684 enim
1337 1662 1363 1684 ct
1378 1658 1504 1686 deitatem
1523 1657 1659 1691 rejiciunt,
1684 1659 1711 1682 et
1723 1654 1782 1682 dei-

1003 1701 1069 1728 tatis
1092 1709 1242 1736 prmconem
1271 1703 1442 1730 contumeliis
1457 1702 1585 1730 alliciunt.
1603 1701 1780 1734 Quamobrem

1002 1745 1070 1773 nihil
1091 1748 1186 1774 horum
1209 1757 1290 1783 grave
1306 1753 1356 1781 est,
1375 1749 1480 1776 tametsi
1504 1749 1529 1775 id
1548 1748 1667 1782 plerique
1688 1745 1782 1773 existi-

1004 1795 1076 1818 ment
1089 1800 1095 1824 ;
1111 1800 1203 1819 verum
1217 1793 1281 1820 illud
1297 1794 1450 1826 molestum,
1464 1794 1534 1828 quod
1547 1793 1601 1826 jam
1616 1799 1695 1818 nemo
1718 1791 1783 1818 lide-

166 1837 200 1863 lis
219 1841 246 1864 et
259 1837 357 1864 virtute
378 1845 446 1872 snnp
457 1844 501 1869 ex,
524 1841 606 1872 atque
632 1845 646 1863 a
676 1837 737 1864 fuco
770 1841 797 1863 et
816 1835 986 1863 simulatione
1008 1836 1134 1863 immunis
1157 1844 1218 1864 esse
1240 1838 1376 1870 credatur,
1399 1837 1572 1872 quantumvis
1591 1837 1672 1863 etiam
1697 1836 1783 1863 animi

167 1882 293 1909 ﬁrmitate
309 1890 340 1909 ac
356 1883 459 1909 sincera
475 1883 573 1916 pietate
587 1882 715 1916 przeditus
747 1882 797 1915 sit;
836 1880 883 1907 sed
917 1881 985 1909 alius
1005 1882 1113 1916 quidem
1133 1887 1226 1916 aperte
1245 1891 1351 1918 quoque
1368 1875 1459 1910 inalus
1483 1888 1534 1916 est,
1555 1883 1624 1910 alius
1645 1889 1708 1910 vero
1731 1889 1787 1916 pro.

166 1929 240 1956 larva
263 1933 366 1955 tantum
384 1933 411 1956 et
435 1928 525 1955 colore
540 1929 653 1962 quodam
669 1935 773 1955 morum
789 1927 946 1954 facilitatem
969 1928 1059 1960 habet,
1078 1934 1107 1956 ut
1118 1929 1226 1957 virtutis
1240 1930 1328 1964 specie
1344 1930 1429 1957 fallat.

203 1975 230 2002 l’.
247 1974 301 2001 Καὶ
313 1974 337 2000 οἱ
357 1975 406 2008 μὲν
427 1974 457 2000 οὺ
472 1973 578 2000 δοκοῦσι
599 1973 711 2008 μέλανες
724 1973 769 1999 διὰ
779 1981 855 2004 τινας
868 1973 954 1999 τοιού-

166 2029 246 2052 τους·
276 2019 335 2046 οὐδὲ
359 2019 506 2053 δυσγενεῖς,
532 2019 548 2054 ἢ
573 2018 712 2051 δυσειδεϊς,
736 2018 751 2053 ἢ
775 2018 912 2054 ἄνανδροι,
934 2019 950 2053 ἦ

167 2066 319 2096 ἀκόλαστοι,
337 2065 465 2092 πλειόνων
480 2064 564 2097 οὕτως
580 2065 696 2100 ἐχόντων
709 2073 716 2080 ·
733 2065 800 2091 ἀλλὰ
817 2064 877 2091 καθ’
891 2066 953 2090 ἐαυ-

167 2113 212 2140 τὸν
228 2112 340 2144 ἕκαστος
364 2112 499 2147 κρίνεται,
528 2111 574 2137 καὶ
595 2111 625 2137 οὐ
644 2110 797 2142 κοινοῦται,
815 2110 876 2136 οὔτε
896 2110 951 2137 τῶν

167 2159 324 2194 ψεγομένων
338 2158 421 2189 οὐδὲν,
439 2157 500 2184 οὔτε
513 2157 566 2184 τῶν
581 2156 791 2191 ἐπαινουμένων.
805 2155 843 2182 Τὸ
860 2156 888 2182 δὲ
903 2156 951 2191 τῆς

1039 1974 1074 2001 Χ.
1095 1974 1128 2002 Ει
1151 1980 1226 2002 certe
1240 1983 1291 2002 non
1313 1976 1373 2003 ideo
1395 1975 1485 2002 statim
1507 1983 1601 2003 omnes
1622 1975 1689 2010 nigri
1708 1974 1781 2009 judi-

1003 2025 1112 2054 cantur,
1133 2021 1195 2056 quia
1220 2021 1350 2052 nonnulli,
1361 2022 1429 2049 tales
1448 2022 1512 2053 sint,
1528 2029 1577 2049 nec
1591 2021 1722 2057 ignobiles
1736 2025 1783 2048 aut

1005 2066 1153 2099 deformes,
1171 2072 1218 2094 aut
1236 2068 1335 2102 ignavi,
1349 2068 1402 2107 Vvel
1424 2068 1634 2102 intemperantes
1648 2071 1679 2094 et
1691 2066 1782 2093 libidi-

1003 2114 1075 2145 nosi,
1091 2114 1162 2148 quod
1182 2114 1272 2148 plures
1297 2114 1332 2141 ita
1358 2121 1387 2141 se
1413 2113 1529 2141 habeant
1545 2122 1552 2140 :
1567 2120 1659 2140 verum
1680 2120 1728 2147 per
1753 2120 1789 2140 se.

1004 2159 1120 2193 quisque
1138 2167 1169 2186 ac
1184 2159 1311 2194 privatim
1330 2160 1500 2194 expcnditnr,
1523 2166 1574 2186 nec
1591 2166 1684 2186 eorum
1706 2158 1783 2193 quid-

169 2204 267 2236 κακίας
280 2206 319 2236 είς
333 2204 434 2235 πάντας
452 2203 507 2239 (22)
524 2204 610 2238 χεῖται
625 2202 731 2238 ῥᾳδίως,
743 2203 791 2229 καὶ
804 2202 879 2238 κοινὴ
889 2211 949 2229 κατ-

1007 2213 1098 2239 quam,
1112 2212 1172 2240 qua:
1187 2206 1227 2233 vel
1244 2206 1318 2238 vitio,
1337 2207 1377 2233 vel
1389 2206 1460 2232 laudi
1475 2205 1583 2237 dantur,
1605 2205 1784 2232 communiter

168 2249 268 2284 ηγορία
291 2248 338 2275 τοῦ
353 2248 453 2279 παντὸς
462 2268 469 2279 ,
486 2248 523 2284 μὴ
539 2247 621 2274 ὅτιτὸ
635 2246 688 2273 τῶν
702 2246 815 2278 πολλῶν,
827 2247 894 2274 ἀλλὰ
905 2247 952 2273 καὶ

169 2294 200 2321 τὸ
217 2294 297 2320 τινῶν
313 2293 427 2327 γίνεται.
445 2293 500 2319 Καὶ
522 2293 552 2319 τὸ
571 2292 731 2323 δεινότατον,
749 2292 789 2318 ὅτι
804 2292 840 2326 μὴ
858 2291 952 2326 μέχρις

170 2338 247 2374 ἡμῶν
261 2339 367 2365 ἵσταται
380 2338 469 2373 μόνον,
479 2338 535 2365 ἀλλ’
544 2338 590 2364 ἐπὶ
601 2338 630 2365 τὸ
646 2338 716 2373 μέγα
729 2337 776 2364 καὶ
788 2337 884 2372 σεμνὸν
895 2337 951 2371 (25)

169 2384 246 2420 ἡμῶν
256 2384 386 2411 διαϐαίνει
405 2385 564 2420 μυστήριον.
578 2384 637 2410 Τῶν
650 2383 704 2419 γὰρ
716 2383 750 2410 τὰ
761 2383 882 2418 ἡμέτερα
893 2391 952 2418 κρι-

169 2431 276 2462 νόντων,
292 2431 306 2457 ὃ
320 2431 386 2457 πᾶσι
404 2430 500 2466 μικροῦ
512 2430 662 2465 συμὸαίνει,
674 2431 728 2461 τοῖς
741 2430 794 2455 τῶν
805 2429 952 2464 ἀλλοτρίων

169 2478 285 2512 κριταῖς,
299 2477 324 2503 οἰ
342 2477 390 2511 μὲν
406 2475 533 2507 ἐπιεικῶς
546 2477 614 2502 εἰσιν
628 2476 726 2510 ἥμεροι
738 2476 785 2501 καὶ
798 2474 951 2510 φιλάνθρω-

169 2530 225 2554 ποι,
240 2522 264 2548 οἱ
284 2522 313 2548 δὲ
335 2522 382 2548 καὶ
402 2522 461 2549 λίαν
475 2522 568 2557 πικροὶ
584 2522 630 2548 καὶ
656 2519 821 2556 ἀγνώμονες.
848 2521 880 2546 Οἱ
904 2521 952 2556 μὲν

204 2569 226 2584 ⁹¹
245 2567 295 2595 Job
315 2576 370 2602 xvr,
383 2569 410 2595 5.

205 2648 259 2683 (l7)
273 2648 383 2682 Βροτὸς
402 2650 428 2676 δ’
457 2649 557 2682 ἄλλως
585 2650 715 2684 νήχεται.
734 2649 795 2676 Haec
817 2649 855 2676 sic
881 2649 950 2677 Elias

171 2684 305 2716 exponit:
327 2694 336 2709 ί
352 2684 439 2712 Homo
460 2690 559 2712 temere
586 2685 743 2711 laudaturiis
776 2685 864 2711 verbis
879 2685 950 2710 intu-

172 2719 275 2760 nuescit,
299 2720 438 2747 attollitur.
459 2728 468 2745 ›
486 2718 554 2746 Hinc
570 2720 651 2747 etiam
675 2719 764 2747 Scito].
779 2719 870 2751 habet,
886 2719 951 2754 Θρα-

170 2761 290 2779 συνεται.

204 2787 260 2821 (18)
272 2789 456 2823 Κατηγορῶν.
471 2788 499 2816 1η
509 2790 677 2824 quibusdam,
694 2789 864 2824 κακηγορῶν,
881 2798 890 2814 ι
904 2789 952 2816 de-

172 2827 312 2853 trectator,
331 2825 486 2851 utaledicus.
509 2834 517 2849 I
537 2825 602 2857 Qua:
617 2824 696 2852 lectio
716 2831 779 2851 vera
791 2824 952 2852 Combelisio

171 2857 287 2894 videtur:
304 2858 369 2891 κει·
385 2859 479 2894 (ἔγω-ν
495 2860 657 2894 κακήγορος·

205 2891 261 2927 (19)
282 2891 488 2928 Ἀληθήςζδὶε
506 2891 578 2929 κρέξ
596 2891 641 2927 hu,
664 2899 690 2922 et
715 2894 759 2922 0r.
793 2895 817 2921 l.
844 2894 870 2921 In
894 2894 950 2926 ed.,

1004 2252 1130 2278 omnibus
1146 2252 1301 2278 attribuitur
1316 2261 1324 2280 :
1346 2252 1389 2279 hic
1411 2257 1508 2278 contra
1529 2251 1623 2278 vitiutn
1641 2250 1674 2277 ad
1690 2256 1784 2281 otnues

1005 2295 1084 2323 facile
1112 2296 1281 2328 dilluuditur,
1309 2302 1390 2331 atque
1412 2297 1449 2324 ob
1471 2295 1785 2329 nxultorum,,vel_etiam

1006 2342 1191 2374 quorumdam
1210 2341 1325 2376 culpam,
1343 2343 1484 2369 universus
1498 2342 1564 2369 ordo
1579 2342 1604 2369 in
1619 2341 1744 2368 invidiam
1757 2345 1785 2367 et

1005 2384 1108 2411 crimen
1124 2390 1245 2413 vocatur.
1261 2387 1390 2421 Quodque
1401 2387 1520 2414 omnium
1536 2386 1721 2421 gravissimum
1732 2389 1784 2417 est,

1006 2430 1062 2457 haec
1076 2431 1233 2459 criminatio
1255 2441 1306 2460 non
1329 2434 1356 2459 in
1380 2433 1456 2460 nobis
1480 2437 1580 2460 tantum
1594 2432 1674 2464 sistit,
1690 2439 1783 2458 verum

1006 2476 1039 2502 ad
1063 2484 1190 2511 magnum
1211 2482 1237 2505 et
1264 2479 1448 2507 venerandum
1476 2483 1598 2506 nostrum
1627 2477 1784 2512 mysterium

1007 2522 1116 2549 transit.
1145 2523 1247 2551 Etenim
1272 2532 1305 2552 ex
1323 2524 1374 2556 iis,
1391 2525 1436 2559 qui
1452 2531 1495 2551 res
1506 2529 1612 2551 uestras
1631 2523 1785 2558 expendunt

1003 2649 1111 2685 ἀληθές.

1038 2682 1093 2719 (20)
1112 2684 1244 2716 Τοιούτῳ.
1258 2683 1340 2719 Coisl.
1363 2683 1388 2714 Ι,
1402 2682 1514 2719 τοιοῦτο.

1039 2716 1096 2753 (21)
1117 2720 1264 2752 Ἀτεχνος.
1294 2717 1361 2751 Reg.
1380 2718 1436 2748 bm,
1457 2718 1588 2753 ἔντεχνος,
1614 2716 1652 2743 Ad
1671 2724 1754 2750 marg.
1775 2723 1784 2742 :

1004 2752 1049 2790 yp.
1062 2752 1185 2789 εὔτεκνος
1201 2754 1247 2790 κα)ἲ
1264 2753 1331 2788 μηδὲ
1347 2752 1457 2790 σκηνῆς.
1468 2781 1474 2790 _,

1040 2790 1096 2823 (22)
1125 2785 1177 2822 Ὲὶς
1207 2785 1331 2821 mum.
1368 2785 1434 2822 Reg.
1468 2788 1514 2818 hu,
1549 2791 1577 2814 et
1611 2785 1658 2813 0r.
1688 2786 1715 2818 l.
1745 2786 1787 2818 είς

1005 2826 1102 2852 πάντα.

1041 2861 1096 2896 (‘25)
1110 2860 1234 2894 Σεμνόν.
1256 2859 1321 2893 Reg.
1337 2859 1383 2891 hu,
1398 2862 1425 2886 et
1444 2857 1492 2885 0r.
1513 2857 1529 2884 1
1559 2856 1714 2892 σεϐάσμιον.
