2060 3140
190 189 262 217 11ιὸ

757 186 888 216 ORATIO
906 187 988 215 XXII.
1008 202 1044 208 -—
1062 187 1107 215 DE
1125 187 1215 216 PACE
1236 187 1267 216 ll.

1749 188 1820 216 1146

188 248 236 277 οὖν
253 249 310 284 (54)
332 248 488 284 ἀκάθαρτος
506 247 671 283 καθαρότης,
683 249 717 283 τῇ
732 249 780 275 τοῦ
801 249 923 284 ῥήματος
937 248 982 275 εὺ-

1034 249 1120 276 adhuc
1142 248 1250 283 langius
1270 253 1372 276 remota
1388 252 1460 281 sunt,
1478 252 1657 283 praeteream,
1684 254 1734 274 non
1754 248 1820 276 mihi

190 295 310 332 πρεπείᾳ.
321 297 384 327 τοὺς
399 295 513 327 πολλοὺς
522 294 697 326 δελεάζουσα·
709 295 756 322 καὶ
765 296 782 330 ἡ
795 294 908 330 Φρυγῶν
923 294 980 330 (55)

190 343 273 370 εἰσέτι
289 343 335 369 καὶ
350 342 397 369 νῦν
419 342 512 378 μανία,
530 341 677 369 τελούντων
699 350 730 368 τε
747 342 794 368 καὶ
813 340 981 376 τελουμένων

192 388 291 424 μικροῦ
312 389 369 420 τοῖς
386 388 512 420 παλαιοῖς
529 388 725 424 παραπλήσιαθ
749 388 797 414 καὶ
819 388 836 422 ή
853 386 981 414 Γαλατῶν

189 435 268 461 ἄνοια
289 435 346 470 (56)
376 434 562 462 πλουτούντων
590 436 619 461 ὲν
644 433 752 465 πολλοῖς
777 434 828 468 τῆς
852 432 981 464 ἀσεϐείας

190 481 313 516 ὀνόμασι,
331 481 378 508 καὶ
392 482 409 516 ἡ
426 480 571 507 Σαϐελλίου
587 480 755 515 συναίρεσις,
769 479 817 505 καὶ
830 479 846 513 ἠ
874 477 980 513 ’Δρείου

191 528 340 564 διαίρεσις,
365 528 413 555 καὶ
433 529 450 563 ἡ
473 527 526 554 τῶν
549 525 597 554 νῦν
620 525 757 561 σοφιστῶν
774 525 829 559 (57)
856 524 981 551 ἐντεῦθεν

190 575 394 611 ὑποδιαίρεσις,
411 573 537 601 τοσοῦτον
560 573 760 609 διαφερόντων,
787 572 848 600 ὅσον
869 571 981 606 γλῶσσα

190 621 271 653 λάλος
295 621 346 656 τῆς
369 620 540 656 ὰργοτέρας;
572 619 642 646 Ἀλλ’
669 619 710 646 ἔτι
733 618 781 646 καὶ
806 619 886 654 ἡμεῖς
912 617 981 653 πρὸς

190 669 265 704 ἡμᾶς
279 668 377 700 αὐτοὺς
393 667 486 703 σχεδόν
509 675 534 693 τι
552 665 748 702 διαφερόμεθα,
769 665 793 691 οί
808 665 873 700 περὶ
888 664 919 691 τὸ
933 673 980 691 κε-

192 714 304 749 φάλαιον
319 713 495 748 ὑγιαίνοντες,
512 713 560 740 καὶ
574 713 644 749 ὑπὲρ
662 712 718 739 τῶν
736 711 827 738 αὐτῶν
846 711 893 738 καὶ
911 711 981 747 πρὸς

191 760 253 792 τοὺς
266 761 364 792 αὐτοὺς
378 759 578 792 στασιάζοντες.

229 893 277 920 ﬂ".
293 892 372 927 Λέγω
387 892 419 929 δὴ
437 892 487 928 τὴν
510 892 626 928 ἔναγχος
640 893 705 928 ἡμῖν
721 893 912 920 ὲπαναστᾶσαν
932 893 978 926 ζυ-

191 938 328 975 γομαχίαν
342 939 490 974 ἀδελφικὴν
510 938 564 974 (58)
577 959 584 970 ,
601 938 630 972 ἐξ
648 937 682 975 ἧς
696 939 743 966 καὶ
758 938 825 970 Θεὸς
848 939 980 974 ἅτιμὰζε-
997 930 1018 959 Β

190 994 234 1011 ται
250 985 316 1020 (59),
332 985 378 1011 καὶ
392 984 546 1020 ἄνθρωπος.
567 984 597 1011 '0
613 985 663 1020 μὲν
677 985 737 1012 οὐδὲ
753 985 895 1020 γεννηθεὶς
913 985 982 1021 ὑπὲρ

190 1031 271 1067 ἡμῶν
292 1031 372 1063 ὅλως,
398 1031 459 1058 οὐδὲ
482 1030 521 1066 τῷ
543 1031 654 1067 σταυρῷ
679 1031 880 1067 προσηλωθείς·
903 1031 983 1067 δῆλον

189 1077 228 1111 δὲ,
246 1078 287 1104 ὅτι
299 1078 360 1104 οὕτε
375 1078 480 1112 ταφεὶς,
498 1076 560 1104 οὔτε
575 1077 705 1109 ἀναστὰς,
723 1078 738 1104 ὅ
753 1086 825 1104 τισιν
841 1077 913 1111 ἔδοξε
929 1077 982 1104 τῶν

191 1123 283 1155 κακῶς
311 1123 508 1159 φιλοχρίστων·
533 1123 592 1150 ἀλλ’
620 1123 737 1150 ἐνταῦθα
757 1123 814 1158 (40)
840 1123 919 1159 μόνον
943 1132 983 1150 τι-

192 1168 328 1205 μώμενος,
353 1167 383 1196 οὗ
405 1169 435 1196 τὸ
454 1171 504 1204 τῆς
527 1169 609 1205 τιμῆς
630 1160 726 1204 ἀτιμία
747 1169 898 1204 καθέστηκε
916 1168 981 1204 (41),

190 1216 238 1242 καὶ
253 1215 298 1242 διὰ
313 1215 392 1242 τοῦτο
406 1216 446 1247 εἰς
466 1215 513 1242 δύο
529 1216 604 1247 υἱοὺς
624 1215 800 1252 τεμνόμενος.
822 1215 839 1251 ἥ
860 1215 982 1242 συντιθέ-

193 1269 289 1297 μενος·
318 1263 332 1288 ὁ
352 1262 380 1288 δὲ
394 1262 424 1288 οὑ
441 1262 542 1293 τελέως
559 1261 851 1298 προσλαμϐανόμενος,
865 1261 882 1297 ἦ
898 1261 983 1297 τιμώ-

193 1316 289 1343 μηνος,
320 1308 387 1335 ἀλλὰ
411 1307 450 1343 τῷ
480 1308 600 1344 μεγίστῳ
632 1309 906 1344 παραῤῥιπτούμενος
936 1308 983 1335 καὶ

192 1354 420 1390 ἀποξενούμενος,
443 1355 521 1390 εἴπερ
539 1354 666 1390 μέγιστον
689 1355 717 1380 ἐν
737 1353 880 1390 ἀνθρώπου
901 1353 982 1389 φύσει

190 1401 221 1427 τὸ
234 1402 294 1428 κατ’
308 1401 411 1434 είκόνα,
431 1401 478 1427 καὶ
494 1402 510 1436 ἡ
528 1401 574 1427 τοῦ
597 1400 642 1427 νοῦ
657 1400 780 1436 δύναμις.
804 1401 904 1436 Ἐχρῆν
916 1401 981 1436 γὰρ,

191 1448 285 1483 ἐπειδὴ
301 1447 396 1483 θεότης
415 1447 518 1483 ἥνωται
539 1447 607 1483 (42),
624 1446 788 1483 διαιρεῖσθαι
809 1447 858 1482 τὴν
875 1447 981 1482 ἀνθρω-

192 1494 312 1529 τιότητα,
331 1493 378 1520 καὶ
402 1493 466 1529 περὶ
486 1493 531 1519 τὸν
551 1493 612 1519 νοῦν
632 1493 800 1528 ἀνοηταίνειν
815 1493 879 1524 τοὺς
898 1493 982 1520 τᾶλλα

192 1539 303 1574 σοφούς·
329 1539 376 1567 καὶ
394 1539 431 1576 μὴ
447 1539 506 1566 ὅλον
528 1548 561 1574 με
584 1539 726 1572 σώζεσθαι,
747 1539 807 1566 ὅλον
830 1540 982 1566 πταίσαντα

192 1587 239 1613 καὶ
258 1586 460 1623 κατακριθέντα
485 1587 517 1613 ὲκ
544 1586 593 1621 τῆς
618 1585 664 1613 τοῦ
686 1586 901 1622 πρωτοπλάστου
926 1586 980 1623 (45)

192 1633 346 1669 παρακοῆς.
368 1633 415 1659 καὶ
431 1632 533 1668 κλοπῆς
559 1631 605 1658 τοῦ
635 1632 839 1667 ἀντικειμένου·
855 1633 893 1665 ὡς
909 1633 983 1660 ἐλατ-

192 1677 304 1705 τοῦσθαι
321 1677 360 1713 τῷ
380 1678 428 1713 μὲν
448 1677 509 1712 Θεῷ
531 1677 581 1712 τὴν
597 1677 688 1713 χάριν,
704 1678 770 1713 ἡμῖν
782 1677 811 1704 δὲ
825 1678 875 1714 τὴν
895 1687 982 1714 σωτη-

194 1725 265 1761 ρίαν.
277 1725 314 1751 Οὐ
331 1724 411 1759 μόνον
425 1723 464 1756 δὲ,
481 1724 539 1750 ἀλλ’
553 1725 593 1750 ὅτι
605 1724 652 1750 καὶ
670 1724 740 1760 ὑπὲρ
752 1724 904 1759 ἀνθρώπων
916 1726 982 1760 ἡμῖν

191 1773 206 1798 ὁ
221 1772 338 1807 πόλεμος
351 1772 406 1802 τοῖς
420 1771 495 1806 παρὰ
507 1770 574 1797 Θεοῦ
590 1771 781 1806 σεσωσμένοις,
796 1772 843 1797 καὶ
855 1771 982 1798 τοσοῦτον

191 1817 223 1843 τὸ
243 1816 337 1852 περιὸν
358 1817 422 1851 ἡμῖν
443 1815 491 1842 τοῦ
513 1815 688 1849 στασιώδους,
705 1816 775 1843 ὥστε
791 1817 839 1843 καὶ
853 1818 913 1849 ταῖς
928 1817 982 1844 τῶν

193 1863 282 1890 ἄλλων
299 1861 465 1897 φιλοτιμίαις
487 1861 566 1888 τοῦτο
580 1862 747 1898 ἐχρήσαμεν,
765 1863 812 1889 καὶ
829 1863 899 1899 ὑπὲρ
925 1862 980 1898 (Η)

193 1908 340 1944 ἀλλοτρίων
355 1908 456 1944 θρόνων
473 1907 539 1940 ἰδίας
555 1907 655 1944 ἔχθρας
670 1908 872 1943 ἀναιρούμεθα·
889 1907 936 1934 δύο
950 1907 984 1934 τὰ

195 1955 313 1991 μέγιστα
325 1955 389 1990 περὶ
405 1954 434 1980 ἓν
447 1954 691 1989 ἐξαμαρτάνοντες,
706 1955 818 1981 ἐκείνων
829 1963 859 1981 τε
875 1954 904 1981 τὸ
923 1954 984 1989 φίλ-

194 2009 277 2036 αρχον
300 1999 513 2032 ὑπεκκαίοντες,
542 1999 589 2026 καὶ
608 1999 685 2026 αὐτοὶ
698 1999 745 2027 τοῦ
765 2000 867 2026 οἰκείου
882 1999 986 2032 πάθους

195 2046 311 2083 ἔρεισμα
331 2045 409 2074 τοῦτο
432 2046 627 2081 λαμϐάνοντες,
645 2046 772 2082 καθάπερ
795 2048 819 2074 ol.
835 2047 984 2083 κρημνιζό-

198 2102 273 2128 μενοι
286 2093 334 2125 τὰς
349 2093 463 2120 πλτσίον
478 2092 595 2129 πέτρας,
611 2093 628 2128 ἢ
644 2093 700 2120 τῶν
720 2093 830 2129 θάμνων
847 2093 896 2125 τὰς
910 2095 988 2129 στερε

196 2139 257 2174 ροτέ
262 2147 320 2175 ρας.

244 2232 289 2266 ’54)
297 2231 357 2259 Εἶτ’
369 2230 437 2259 οὖν.
454 2231 500 2260 Sic
512 2231 559 2260 0r.
575 2230 601 2258 1.
617 2231 644 2259 In
658 2230 725 2267 Reg.
741 2231 795 2264 bm,
811 2231 854 2267 ἥτ’
884 2229 940 2259 οὖν.
956 2231 984 2259 lu

197 2267 253 2296 εδ..
269 2269 368 2294 εῐτουν.

234 2303 290 2339 (55)
303 2303 359 2330 Kal
383 2303 403 2337 ἡ
421 2302 555 2338 Φρυγίης,
581 2306 634 2329 etc.
657 2310 666 2327 ι
681 2301 715 2329 Ει
734 2301 881 2338 Phrygum,
903 2307 984 2339 rete.

197 2338 226 2365 In
240 2345 271 2365 ea
282 2337 398 2372 regione
413 2337 555 2366 montanus
570 2344 633 2365 suos
647 2345 756 2364 errores
773 2339 886 2372 sparsit.
909 2337 985 2366 Unde

197 2373 257 2408 ejus
273 2374 395 2405 discipuli
414 2383 422 2399 ι
438 2373 643 2408 Cataphrygesi
659 2373 870 2408 suntappelluti.

235 2409 291 2444 (56)
309 2408 345 2436 Ἡ
354 2407 498 2436 Γαλατῶν
509 2407 605 2434 ἄνοια.
623 2407 670 2435 Hic
685 2417 695 2433 ι
720 2407 907 2444 blai'cellianos
923 2417 932 2434 ι
948 2409 987 2435 si-

198 2445 328 2478 gniﬁcare
342 2445 458 2477 videtur,
475 2443 520 2479 qui
539 2450 716 2476 personarum
740 2443 900 2479 Trinitatem
925 2452 987 2470 cum

199 2477 317 2515 Sabellio
329 2479 473 2515 negabant.
485 2477 630 2515 marcellus
647 2483 736 2515 autem
749 2483 810 2506 erat
825 2477 936 2515 Quinta;
961 2483 990 2506 et

199 2514 296 2542 alludit
309 2512 458 2548 Gregorius
482 2515 515 2541 ad
525 2514 581 2540 haec
592 2513 758 2541 Pauliverha
784 2514 817 2541 ad
832 2512 892 2541 Gal.
904 2521 944 2547 Ill,
961 2515 987 2548 l,

202 2559 211 2575 ι
225 2551 246 2577 0
263 2550 389 2577 iusmisati
403 2549 512 2582 Galalze,
537 2558 547 2574 ι
563 2553 617 2576 etc.

237 2585 292 2618 (57)
306 2584 472 2619 Σοριστῶν,
481 2584 521 2611 Ad
533 2583 681 2618 marginem
699 2583 775 2618 Regii
786 2584 848 2612 cod.
860 2585 894 2611 hu
909 2584 986 2619 poci—

200 2625 254 2653 tur,
271 2620 455 2655 Εὑνομιανῶν.
470 2619 514 2647 Sic
525 2619 632 2653 quidem
648 2619 822 2649 Eliaszllillio
835 2624 924 2646 autem
936 2628 988 2647 non

201 2657 297 2691 placet.
313 2654 392 2683 certe
404 2656 551 2690 Gregorius
568 2661 615 2681 eos
630 2654 768 2691 intelligit,
780 2656 825 2690 qui
844 2655 924 2691 paulo
938 2656 989 2682 mi-

200 2689 250 2718 iins
262 2691 429 2725 dividebant,
445 2689 525 2725 quani
542 2690 633 2717 Arius.
651 2689 709 2717 Non
727 2691 799 2717 enim
820 2698 868 2725 per
891 2689 988 2725 διαφε-

234 2734 302 2753 ντων
314 2726 501 2760 intelliguntur
518 2725 546 2758 ii,
560 2725 605 2759 qui
621 2725 737 2752 Arianos
752 2734 761 2751 ι
779 2730 918 2760 superant,
933 2735 942 2751 ι
961 2731 990 2753 ιιι

201 2761 396 2797 interpretatur
407 2761 515 2794 Billius,
534 2761 581 2788 sed
597 2761 642 2795 qui
658 2761 692 2788 ab
707 2761 747 2788 eis
769 2770 779 2787 ι
802 2761 957 2797 discrepant
976 2770 986 2787 ι

200 2800 228 2823 et
245 2806 254 2821 ι
273 2796 413 2824 dissident.
430 2806 439 2823 ι

237 2831 294 2866 (58)
310 2831 502 2867 Ζυγομαχίαν
518 2831 699 2866 ὰδελφικήν.
727 2829 903 2867 Intelligenda
931 2831 989 2860 hac

202 2865 262 2893 de't
283 2865 471 2901 Apollinari,»
493 2875 573 2902 quem
591 2865 682 2894 mitius
701 2871 801 2894 tractat
821 2865 986 2902 ’Gregorius,

201 2901 274 2937 quod
291 2910 351 2928 cum
367 2901 512 2937 aliquando
530 2902 563 2930 ad
579 2903 714 2931 saniorem
743 2905 859 2930 mentem
884 2901 988 2930 reditu-

204 2945 263 2965 rum
279 2941 410 2972 speraret.

1034 293 1186 321 suﬂiciehat
1203 301 1304 329 pravus
1321 293 1450 320 adversus
1466 292 1596 328 Spiritum
1612 296 1736 319 sanctum
1747 291 1822 318 lilon~

1033 340 1088 367 tani
1103 340 1216 375 spiritus
1226 360 1233 373 ,
1247 345 1274 367 et
1287 339 1385 367 Novati
1401 339 1512 367 audacia
1525 360 1532 372 ,
1545 339 1603 367 sive
1621 339 1725 374 impura
1739 337 1820 374 422

1031 387 1147 421 paritas,
1165 393 1225 421 quae
1240 386 1357 414 nominis
1383 386 1527 413 honestate
1553 384 1751 413 multitudinem
1777 385 1821 411 in-

1032 437 1115 464 escat,
1127 437 1155 460 et
1177 432 1314 468 Phrygum
1331 431 1419 460 adhuc
1439 432 1532 467 vigens
1548 431 1712 458 initiantinm
1727 435 1754 458 et
1769 431 1822 457 ini-

1033 479 1161 506 tiatorum
1176 478 1264 510 furor,
1279 477 1337 505 fere
1356 483 1478 506 veterum
1496 477 1581 505 furori
1595 477 1703 511 similis,
1719 482 1745 504 ct
1764 476 1821 504 Ga-

1032 526 1160 559 latarum,
1176 526 1325 560 impietatis
1340 525 1495 552 nominibus
1511 523 1688 557 aillueutium,
1708 524 1822 552 demen-

1032 573 1068 600 tia
1084 592 1092 606 ,
1108 577 1135 600 et
1156 571 1268 600 Sabellii
1294 572 1458 603 contractio,
1478 576 1505 599 et
1523 571 1583 598 Arii
1610 570 1716 602 divisio,
1740 574 1822 604 atque

1032 617 1097 646 hinc
1121 622 1184 645 nata
1206 617 1391 652 sophistarum
1414 617 1494 652 hujus
1516 616 1647 652 temporis
1662 614 1820 648 suhdivisio,

1031 663 1077 698 qui
1099 668 1203 691 tantum
1221 663 1329 696 abillis,
1341 668 1472 698 quantum
1490 662 1588 697 loquax
1602 662 1695 697 lingua
1712 669 1728 689 a
1744 661 1821 688 tarda

1032 714 1060 738 et
1077 709 1170 742 inerti,
1186 709 1367 744 discrepant?
1392 709 1427 736 At
1451 716 1500 736 nos
1517 709 1598 735 etiam
1617 708 1748 736 adversus
1771 715 1822 735 nos

1032 755 1107 791 ipsos
1129 763 1199 791 pene
1225 755 1433 787 contendimus,
1450 755 1508 790 qui,
1523 759 1655 790 quantum
1680 754 1712 782 ad
1739 760 1822 790 caput

1032 802 1138 835 attinet,
1156 802 1225 830 belle
1239 802 1371 836 valemus,
1388 810 1420 830 ac
1438 809 1487 838 pro
1511 802 1607 829 iisdem
1636 805 1664 829 et
1686 801 1818 829 adversus

1033 849 1142 878 eosdem
1158 849 1357 877 contendimus.

1071 895 1143 923 Xtﬂ.
1158 895 1196 922 De
1210 895 1331 922 l'raterno
1349 894 1395 922 illo
1414 894 1535 928 dissidio,
1552 902 1623 930 quoa
1647 901 1733 929 nuper
1749 893 1822 921 inter

1033 949 1083 970 nos
1105 941 1229 972 cxstilit,
1254 936 1361 976 loquor,
1386 949 1420 968 ex
1442 948 1495 975 quo
1519 944 1546 968 et
1579 940 1650 967 Deus
1688 944 1715 967 et
1740 939 1823 966 homo

1033 987 1180 1022 ignominia
1193 986 1364 1019 aﬂiciuntur;
1379 986 1424 1014 ille
1438 986 1563 1014 videlicet
1594 993 1643 1014 nec
1666 993 1714 1020 pro
1742 985 1822 1013 nobis

1033 1034 1142 1068 quidem
1158 1033 1268 1060 omnino
1279 1033 1399 1068 genitus,
1414 1036 1442 1060 et
1454 1033 1528 1060 cruci
1541 1032 1648 1063 allixus,
1662 1039 1693 1059 ac
1709 1031 1822 1066 proinde

1034 1087 1083 1106 nec
1096 1078 1228 1114 sepultus,
1245 1085 1295 1106 nec
1319 1085 1334 1105 a
1361 1081 1448 1105 morte
1469 1084 1621 1110 revocatus,
1645 1077 1822 1112 quemadmo-

1033 1125 1096 1152 dum
1128 1125 1266 1153 nonnullis
1297 1123 1435 1152 Christum
1468 1129 1634 1159 pra‘postere
1668 1123 1822 1152 amantibus

1035 1170 1150 1206 placuit;
1165 1179 1257 1198 verum
1273 1170 1316 1198 hic
1330 1175 1433 1197 tantum
1449 1170 1609 1203 honoratus,
1624 1170 1670 1197 ubi
1690 1169 1776 1196 honor
1792 1169 1820 1196 in

1035 1217 1153 1245 dedecus
1170 1222 1197 1244 et
1210 1221 1394 1251 contemptum
1418 1216 1526 1248 recidit,
1542 1220 1623 1251 atque
1637 1216 1671 1243 ob
1685 1223 1744 1243 eam
1760 1223 1824 1243 cau-

1033 1271 1091 1290 sam
1120 1263 1146 1290 in
1175 1263 1242 1290 duos
1264 1263 1334 1290 ﬁlios
1351 1262 1485 1290 dissectus
1501 1268 1548 1290 aut
1570 1262 1760 1297 compositus:
1779 1261 1824 1289 hic

1033 1315 1123 1337 autem
1141 1317 1194 1337 non
1206 1310 1327 1346 perfecte
1340 1314 1508 1344 assumptus,
1519 1313 1566 1336 aut
1579 1308 1681 1336 honore
1696 1308 1821 1340 allectus,

1034 1355 1081 1382 sed
1102 1355 1218 1382 maxima
1241 1362 1273 1382 ex
1290 1359 1367 1390 parte
1392 1354 1514 1388 abiectus
1531 1359 1558 1381 et
1579 1354 1748 1382 ahalienatus
1761 1374 1768 1386 ,
1786 1354 1824 1381 si-

1033 1401 1141 1436 quidem
1159 1401 1306 1428 maximum
1331 1400 1395 1436 quid
1423 1401 1450 1427 in
1469 1400 1587 1427 hominis
1604 1405 1697 1427 natura
1728 1405 1769 1428 est
1783 1400 1826 1427 di-

1033 1447 1094 1473 vina
1118 1446 1207 1481 imago
1231 1451 1258 1474 et
1287 1446 1387 1473 mentis
1415 1445 1543 1472 facultas.
1573 1444 1722 1480 Oportebat
1750 1445 1823 1472 enim

1033 1491 1147 1524 scilicet,
1162 1497 1336 1527 posteaquam
1362 1492 1450 1519 dcitas
1467 1491 1542 1518 unita
1565 1497 1649 1525 esset,
1667 1491 1823 1519 humanita-

1034 1545 1087 1566 tem
1102 1539 1201 1570 dividi,
1219 1545 1250 1565 ac
1266 1539 1338 1566 circa
1365 1542 1483 1565 mentem
1513 1537 1648 1571 homines,
1664 1537 1765 1573 alioqui
1781 1545 1825 1565 sa-

1035 1586 1151 1620 pientes,
1167 1584 1328 1620 insipientes
1346 1585 1480 1618 evadere,
1505 1591 1614 1619 meque,
1631 1585 1675 1619 qui
1695 1588 1765 1611 totus
1778 1591 1812 1612 ce

1036 1631 1108 1663 cidi,
1127 1635 1208 1666 atque
1238 1631 1273 1658 ob
1301 1631 1380 1665 primi
1409 1629 1528 1658 hominis
1554 1630 1766 1657 inobedicntiam
1797 1634 1825 1657 ct

1037 1679 1136 1707 diaboli
1154 1679 1276 1706 fraudem
1292 1679 1488 1706 condemnatus
1510 1686 1588 1709 sum,
1604 1685 1657 1706 non
1687 1678 1760 1706 omni
1787 1685 1820 1705 ex

1025 1731 1114 1769 parte
1129 1726 1243 1754 salutem
1262 1726 1403 1760 consequi,
1419 1731 1449 1753 ut
1465 1726 1501 1753 ita
1530 1731 1558 1754 et
1577 1726 1622 1753 Dei
1648 1725 1822 1759 beneficium,

1035 1778 1063 1799 et
1077 1777 1169 1799 nostra
1185 1772 1259 1800 salus
1278 1773 1464 1800 imminuatur.
1478 1772 1517 1799 Ad
1533 1780 1612 1807 quam
1634 1772 1821 1807 indignitatem

1036 1817 1100 1843 illud
1118 1817 1200 1844 etiam
1224 1817 1341 1850 accedit,
1363 1817 1434 1852 quod
1448 1817 1493 1851 qui
1514 1825 1529 1844 a
1545 1816 1601 1844 Deo
1625 1817 1713 1845 salute
1728 1817 1822 1845 donati

1037 1870 1141 1895 sumus,
1154 1863 1295 1890 hominum
1309 1870 1389 1890 causa
1403 1862 1501 1890 bellum
1519 1863 1649 1898 gerimus,
1663 1867 1823 1898 tantumque

1037 1909 1062 1936 in
1081 1909 1159 1937 nobis
1184 1908 1364 1936 contendendi
1390 1908 1509 1936 studium
1534 1909 1677 1942 exuberat,
1694 1913 1724 1935 ut
1737 1908 1823 1944 ipsum

1036 1963 1144 1991 quoque
1159 1955 1274 1982 aliorum
1289 1956 1484 1982 ambitionibus
1499 1956 1713 1987 cotumodeutus,
1724 1963 1756 1983 ac
1774 1963 1824 1990 pro

1036 2003 1131 2031 alienis
1145 2003 1249 2030 thronis
1264 2003 1387 2037 proprias
1404 2002 1561 2030 inimicitias
1582 2002 1775 2037 suscipiamus,
1797 2003 1824 2029 in

1038 2057 1090 2076 una
1109 2057 1138 2077 rc
1155 2048 1208 2076 duo
1225 2049 1385 2085 gravissima
1413 2053 1524 2083 peccata
1536 2050 1746 2081 committentes,
1762 2055 1825 2075 cun

1038 2095 1167 2123 nimirum
1194 2100 1222 2123 ct
1248 2103 1342 2122 eorum
1367 2095 1544 2122 ambitionem
1567 2095 1775 2128 inﬂamnietnus,
1799 2098 1827 2122 et

1038 2140 1090 2175 ipsi
1115 2141 1219 2169 vitiosa:
1237 2145 1336 2168 nostrae
1361 2140 1514 2170 aﬂ‘ectionis
1540 2141 1593 2169 hoc
1627 2141 1823 2168 adminiculum

1074 2232 1131 2267 (59)
1158 2233 1348 2269 *Ατιμάζεται.
1367 2233 1460 2262 Plures
1472 2233 1556 2270 Regg.
1572 2239 1599 2261 et
1610 2234 1658 2262 0r.
1675 2234 1698 2268 i,
1712 2233 1828 2270 ἀτιμοῦ-

999 2290 1023 2320 D
1035 2277 1130 2340 ῖαῖλθ)
1146 2304 1250 2338 Κακῶς
1278 2305 1494 2340 φιλοχρίστων·
1511 2305 1580 2332 ἀλλ’
1605 2305 1745 2338 ἐνταῦθα,
1775 2309 1828 2333 etc.

1040 2339 1086 2367 Sic
1115 2339 1291 2374 designantur
1314 2339 1523 2374 Apollinaristre,
1546 2340 1591 2374 qui
1618 2340 1827 2372 contendebant,

1039 2375 1177 2402 Christum
1195 2383 1210 2401 a
1237 2375 1385 2403 Catholicis
1402 2376 1427 2402 in
1446 2376 1513 2403 duos
1536 2375 1605 2402 ﬁlios
1632 2376 1726 2407 dividi,
1754 2376 1826 2410 quod

1039 2411 1106 2437 duas
1115 2415 1242 2451 naturas,
1266 2412 1384 2451 divinam
1407 2411 1510 2438 scilicet
1531 2416 1559 2439 et
1583 2412 1739 2444 humanam,
1756 2411 1827 2438 inle-

1039 2452 1102 2480 gras
1115 2447 1140 2472 in
1158 2453 1190 2480 eo
1204 2447 1387 2480 admitterent.

1075 2481 1132 2517 (tl)
1149 2479 1332 2515 Καθέστηκε.
1350 2482 1429 2509 Deest
1446 2482 1471 2508 in
1487 2481 1554 2517 Reg.
1571 2481 1627 2513 bm,
1643 2485 1669 2508 et
1683 2480 1775 2517 Orsi.

1075 2515 1132 2549 (4‘2)
1163 2516 1303 2543 Ἥνωται.
1322 2517 1394 2544 Elias
1424 2515 1640 2552 interpretatur:
1671 2525 1681 2542 ι
1698 2515 1773 2552 unita
1787 2519 1830 2543 cst

1040 2552 1126 2587 carui.
1147 2561 1156 2577 ι
1176 2554 1256 2587 ltecle
1279 2553 1398 2587 quidem,
1425 2552 1486 2579 licet
1497 2551 1580 2579 aliter
1607 2552 1706 2579 sentiat
1722 2551 1826 2587 Billius.

1040 2586 1090 2614 llic
1115 2587 1187 2614 enim
1204 2586 1351 2621 Gregorius
1383 2589 1503 2621 exagitat
1528 2587 1747 2622 Apollinaristas,
1782 2586 1828 2621 qui

1040 2622 1159 2658 animam
1189 2630 1203 2649 a
1231 2622 1342 2650 Christo
1376 2627 1540 2658 assumptatn
1571 2631 1623 2649 non
1662 2622 1762 2658 fuisse,
1789 2626 1831 2648 at-

1041 2665 1094 2692 que
1123 2657 1238 2685 Verbum
1267 2659 1365 2685 anima:
1390 2657 1655 2692 vices'supplcvisse
1681 2657 1826 2692 volebant,

1040 2691 1111 2729 quod
1139 2692 1291 2729 Theologus
1319 2693 1448 2728 appellat,
1476 2691 1545 2728 περῐ
1573 2693 1619 2720 τὸν
1649 2691 1713 2719 νοῦν
1745 2692 1828 2728 ἀνοη-

1039 2727 1152 2758 ταίνειν,
1169 2737 1178 2753 ι
1193 2727 1264 2755 circa
1283 2727 1399 2756 utentem
1413 2727 1539 2755 insanire.
1560 2737 1570 2754 ι

1077 2763 1133 2799 (45)
1149 2763 1399 2798 Πρωτοπλάστου.
1417 2763 1482 2798 Reg.
1507 2764 1553 2797 liu,
1569 2763 1616 2792 Or.
1634 2763 1662 2796 1,
1676 2762 1743 2797 Jes.,
1756 2761 1829 2798 πρώ-

1039 2806 1096 2826 του.

1076 2834 1132 2871 (44)
1153 2834 1209 2861 Kal
1223 2843 1310 2870 υπερ,
1329 2839 1381 2862 etc.
1399 2834 1449 2862 Hic
1464 2834 1590 2871 designat
1608 2833 1758 2871 Gregorius
1770 2833 1828 2861 An-

1038 2869 1191 2932 goelltenam
1209 2869 1310 2904 sedent,
1327 2871 1360 2898 de
1381 2878 1433 2905 qua
1448 2869 1649 2900 contendebant
1663 2869 1787 2899 Meletius
1799 2875 1828 2898 et

1062 2913 1094 2932 au
1108 2913 1176 2932 inus.

1062 2913 1176 2933 autiuus.
