2060 3140
215 171 281 200 1147
459 171 462 174 ⁴
809 175 837 202 ε.
858 175 998 204 GREGOR

1051 175 1214 205 l'HEOLOGI
1759 173 1838 200 mr-

214 231 398 265 accipiamus,
422 223 648 266 quemadmodum
662 252 670 264 ,
700 233 744 268 qui
766 232 847 270 423
874 237 900 264 in
919 244 999 271 ρι-αιοε

1073 237 1211 268 feruntur,
1239 241 1401 271 propinquas
1428 238 1519 269 petras
1541 240 1586 261 aut
1609 233 1742 260 ﬁrmiores
1767 232 1825 259 tru-

213 278 292 305 tices.

252 322 320 350 XIV.
335 322 432 349 Verum
450 321 528 349 nobis
549 322 638 356 potius
656 323 803 351 curandum
821 329 890 357 erat,
906 331 935 354 ut
950 334 996 355 eos
1011 331 1031 360 Α

216 377 264 403 per
292 369 406 403 quietem
434 372 555 394 nostram
584 368 777 396 imbecilliores
809 371 993 401 redderemus.

216 415 262 440 Sic
279 415 350 441 enim
365 414 464 440 rectius
477 414 542 448 ipsis
553 435 561 446 ,
576 422 656 448 quam
674 422 722 449 pro
745 416 811 449 ipsis
825 417 995 451 dimicantes,

219 459 433 487 oonsuleremus.
453 459 488 486 At
503 467 573 486 nunc
588 460 645 490 alii,
660 468 717 487 mea
730 462 836 495 quidem
851 465 994 497 sententia,

216 513 343 539 pt‘rqtlnm
373 505 471 532 misere
491 513 520 532 se
537 505 600 532 belli
619 506 706 534 socios
722 507 780 534 aliis
795 509 954 544 adjuugunt,
969 515 996 537 et

215 552 334 578 vicissim
361 551 422 577 belli
450 552 539 578 socios
561 553 707 586 accipiunt,
727 552 795 579 adeo
821 559 850 580 ut
869 555 994 588 mundus,

216 597 261 630 qui
280 597 408 623 diuturno
423 596 515 624 labore
535 598 580 624 vix
594 598 701 624 tandem
726 602 753 624 et
775 599 923 633 paulatim,
947 608 996 628 nec

216 641 274 667 sine
290 642 433 668 multorum
451 643 581 675 sanguine
604 642 735 670 collectus
753 642 856 676 fuerat,
874 645 901 672 in
929 645 996 673 duas

213 687 268 721 jam
282 688 431 714 contrarias
444 693 532 722 partes
551 689 651 715 divisus
669 689 704 715 sit
717 698 723 716 :
737 690 890 724 quicunque
906 695 995 719 autent

216 731 276 765 paci
293 733 412 763 student.
429 733 584 767 mediosque
599 741 627 760 se
643 733 815 767 proﬁtentur,
830 736 863 761 ab
878 737 997 771 utrisque

217 777 286 803 maie
307 778 481 810 tnulctanlur,
499 783 589 812 utpote
613 779 658 813 qui
678 779 719 806 vel
737 782 902 815 contemptui
923 782 995 815 sint,

215 823 257 850 vel
278 824 359 850 etiam
385 825 457 851 bello
480 824 656 851 lacessantur.
670 827 691 851 A
706 834 758 860 qua
771 832 847 861 parte
862 835 924 854 cutn
947 836 997 856 nos

218 876 325 903 quoque
341 869 471 896 hodierno
487 871 529 897 die
544 876 645 898 stemus
657 891 665 903 ,
680 871 724 905 qui
742 872 799 899 inec
822 873 998 907 reprehendi-

219 922 288 947 mus,
299 923 330 941 ac
345 921 486 949 propterea
504 917 661 943 cathedram
676 918 833 944 certaminis
847 923 873 944 et
891 919 997 946 invidiae

217 960 323 996 plenam
340 962 497 996 accipimus,
515 963 585 988 haud
599 963 749 988 mirandum
761 963 822 995 erit,
835 964 856 991 si
869 965 902 990 ab
919 964 998 991 utris-

1082 333 1130 359 lA’.
1150 331 1214 357 Δέον
1236 329 1377 361 κάκείνους
1394 330 1480 356 ποιεῖν
1491 328 1535 355 διὰ
1547 328 1596 363 τῆς
1615 327 1718 353 ἑαυτῶν
1735 327 1825 362 ἀπρα-

1045 377 1184 413 γμοσύνης
1198 377 1416 412 ἀσθενεστέρους.
1438 375 1514 402 Οὕτω
1533 374 1586 410 γὰρ
1606 374 1638 401 ἂν
1660 374 1758 409 μᾶλλον
1777 375 1826 401 αὺ-

1045 423 1116 454 τοῖς,
1135 422 1152 457 ἢ
1170 421 1350 457 πολεμοῦντες
1371 421 1440 456 ὑπὲρ
1456 421 1545 447 αὐτῶν
1559 419 1748 455 ὲχαριζόμεθα.
1768 419 1826 445 Νῦν

1045 467 1072 493 δὲ
1090 468 1114 493 οἱ
1142 467 1190 501 μὲν
1209 466 1382 501 συμμαχοῦσι
1402 467 1447 492 καὶ
1469 465 1671 500 συμμαχοῦνται
1687 464 1741 499 (45)
1765 463 1825 490 λίαν

1046 513 1178 544 ἐλεεινῶς,
1193 512 1230 544 ὡς
1246 512 1311 546 γοῦν
1328 511 1389 547 ἐμοὶ
1404 511 1491 538 δοκεῖ·
1508 511 1577 538 ὥστε
1591 511 1638 537 καὶ
1655 511 1693 541 εἰς
1705 509 1751 536 δύο
1767 509 1824 544 μοί-

1049 567 1096 594 ρας
1122 558 1284 589 ἀντιπάλους
1305 558 1355 593 ἥδη
1374 557 1419 584 τὸν
1438 557 1538 592 κόσμον
1557 556 1755 592 ἀποκριθῆναι,
1779 555 1825 582 καὶ
1871 556 1877 562 ’

1045 603 1124 630 τοῦτο
1137 604 1185 630 σὺν
1199 603 1272 638 πόνῳ
1290 603 1379 638 μόγις,
1394 604 1441 629 καὶ
1457 602 1527 629 κατὰ
1541 602 1637 638 μικρὸν
1650 601 1824 636 συναχθέντα,
1873 605 1885 610 ι

1046 651 1092 676 καὶ
1110 649 1215 676 πολλῶν
1230 650 1351 685 αἰμασιν.
1369 649 1449 675 Ὅσον
1468 649 1497 675 δὲ
1518 648 1652 684 εἰρηνικόν
1666 657 1695 674 τε
1716 647 1764 674 καὶ
1778 646 1826 682 μέ-

1047 704 1102 728 σον,
1120 696 1166 721 ὑπ’
1181 694 1343 730 ἀμφοτέρων
1359 694 1457 728 πάσχει
1473 693 1565 725 κακῶς
1575 714 1581 724 ,
1601 693 1617 727 ἢ
1640 691 1824 727 καταφρονού-

1048 750 1137 777 μενον,
1157 741 1173 777 ἦ
1188 741 1234 767 καὶ
1251 740 1461 776 πολεμούμενον,
1474 737 1522 765 Ὧν
1539 740 1584 765 καὶ
1598 740 1678 774 ἡμεῖς
1689 738 1762 769 ὕντες
1777 737 1825 772 σή-

1048 796 1129 822 μερον
1141 788 1164 813 οί
1175 787 1260 813 ταῦτα
1272 785 1549 821 κατηγοροῦντες,καὶ
1558 785 1602 811 διὰ
1615 784 1692 811 τοῦτο
1699 784 1748 818 τὴν
1761 784 1827 810 καθ-

1046 833 1126 868 έδραν
1146 831 1248 867 ταύτην
1266 832 1421 866 δεξάμενοι,
1436 830 1484 865 τὴν
1498 831 1630 865 ἐπίμαχον
1646 830 1692 856 καὶ
1714 828 1827 862 ἐπίφθο-

1046 886 1109 904 νον·
1134 877 1288 912 Θαυμαστὸν
1308 876 1394 907 οὐδὲν,
1428 876 1452 901 εί
1478 875 1523 900 ὑπ’
1554 874 1713 909 ἁμεροτέρων
1739 874 1826 908 ἐκτρι-

1047 923 1170 958 ῦείημεν,
1188 922 1235 949 καὶ
1251 922 1382 957 σταίημεν
1394 922 1426 948 ὲκ
1439 921 1485 947 τοῦ
1503 920 1584 955 μέσου
1600 919 1669 954 μετὰ
1687 919 1748 950 τοὺς
1763 918 1828 944 πολ-

1047 967 1108 999 λοὺς
1126 967 1240 1001 ἱδρῶτας
1261 967 1307 993 καὶ
1327 967 1434 999 πόνους,
1447 967 1480 993 ἵν’
1495 965 1608 999 ἐγγύθεν
1623 963 1751 998 ἀλλήλους
1767 962 1828 997 βαλ-

214 1014 268 1041 que
287 1012 469 1038 conteramur,
495 1015 526 1033 ac
540 1013 600 1041 post
613 1008 709 1036 multos
722 1009 827 1036 labores
846 1011 996 1038 etsudores

1051 1014 1123 1045 λωσι,
1145 1013 1192 1040 καὶ
1214 1013 1295 1039 παντὶ
1316 1013 1355 1048 τῷ
1376 1012 1464 1047 θυμῷ,
1486 1012 1597 1047 μηδενὸς
1616 1010 1690 1040 ὄντος
1706 1010 1735 1035 ὲν
1756 1008 1830 1044 μέσῳ

217 1052 250 1078 de
279 1053 365 1079 medio
394 1054 618 1086 suhtnoveamur;
646 1059 677 1080 ut
705 1054 812 1080 sublato
836 1055 997 1082 intermedio

217 1098 320 1130 pariete
341 1103 423 1132 atque
447 1099 520 1124 omni
551 1098 752 1132 impedimento,
784 1101 908 1128 coruinus
941 1101 996 1135 jam

217 1147 296 1176 atque
322 1144 393 1170 ontui
420 1144 572 1170 animorum
590 1144 689 1178 impetu
706 1152 765 1171 sese
781 1151 874 1172 mutuo
886 1146 998 1173 convul-

216 1193 323 1214 nerent.
346 1188 489 1216 Enimvero
507 1189 565 1215 haec
590 1189 684 1216 sedare
711 1195 792 1224 atque
808 1191 997 1225 comprimere,

217 1233 336 1260 maxime
354 1234 460 1267 quidem
488 1233 535 1261 Dei
559 1234 664 1267 luerit,
679 1235 723 1269 qui
750 1236 839 1262 omnia
867 1240 997 1270 tauquam

216 1280 332 1307 vinculis
364 1280 525 1314 quibusdam
558 1281 747 1315 constringit;
778 1282 876 1308 deinde
910 1287 998 1309 autem

219 1328 301 1355 etiam
328 1328 465 1355 hominum
483 1335 574 1355 eorum
589 1349 596 1360 ,
623 1328 667 1363 qui
696 1329 865 1356 honestatem
887 1329 998 1361 colunt,

218 1379 299 1408 atque
326 1375 477 1401 concordiae
496 1375 594 1401 bonum
620 1374 757 1407 cognitum
777 1378 805 1401 et
828 1380 998 1409 perspectum

219 1417 322 1444 habent
337 1427 345 1446 ;
358 1417 421 1444 illud
438 1418 544 1452 quidem
561 1420 658 1445 bonum
672 1427 686 1445 a
706 1417 837 1447 Trinitate
849 1420 998 1452 exorditur,

218 1462 262 1488 cui
276 1462 342 1488 nihil
356 1470 432 1496 aeque
449 1463 588 1496 proprium
613 1468 663 1493 est,
679 1471 710 1490 ac
729 1468 831 1490 natura:
851 1464 938 1491 unitas
949 1484 956 1496 ,
971 1469 999 1490 et

219 1508 246 1535 in
259 1508 346 1542 seipsa
370 1508 527 1540 concordia;
545 1508 621 1542 Cujus
639 1508 701 1535 boni
720 1509 864 1543 participes
878 1515 941 1536 sunt
954 1517 1001 1535 an-

219 1553 283 1587 geli,
304 1559 331 1580 et
359 1553 457 1580 divina:
487 1559 636 1588 potestates
650 1574 657 1585 ,
671 1561 729 1588 qua:
747 1558 774 1580 et
796 1562 857 1581 cum
885 1554 951 1586 Deo,
974 1560 1002 1581 et

220 1606 310 1625 secum
329 1598 440 1633 pacifire
457 1607 485 1626 se
503 1604 615 1633 gerunt;
629 1598 801 1634 progreditur
817 1600 899 1626 etiam
914 1600 945 1626 ad
959 1608 1001 1627 res

219 1651 315 1672 omnes
339 1650 444 1671 creatas
456 1665 463 1677 ,
479 1652 591 1679 quarunt
609 1649 795 1671 ornamentum
814 1646 840 1671 in
857 1645 1000 1672 concordia

1048 1058 1265 1093 διατειχίσματος
1287 1058 1333 1084 καὶ
1356 1057 1524 1091 κωλύματος.
1551 1055 1642 1082 Ταῦτα
1667 1052 1713 1080 οὖν
1740 1054 1830 1088 ὁρίσαι

1048 1103 1096 1130 κα.)⁸
1111 1103 1207 1137 στῆσαι
1231 1102 1348 1137 μάλιστα
1367 1102 1414 1137 μὲν
1431 1101 1510 1132 Θεοῦ,
1534 1100 1581 1127 τοῦ
1602 1100 1691 1126 πάντα
1710 1099 1831 1125 συνδέον-

1048 1155 1109 1179 τος·
1129 1148 1224 1174 ἔπειτα
1239 1148 1267 1174 δὲ
1292 1148 1338 1174 καὶ
1356 1146 1518 1183 ἀνθρώπων,
1538 1147 1610 1176 ὅσοις
1626 1144 1680 1179 (46)
1704 1144 1735 1170 τὸ
1750 1143 1830 1170 καλὸν

1048 1193 1271 1225 διεσπούδασται,
1286 1194 1333 1220 καὶ
1345 1193 1376 1220 τὸ
1389 1194 1437 1228 τῆς
1450 1192 1575 1227 ὁμονοίας
1589 1191 1689 1226 ἀγαθὸν
1704 1190 1832 1225 γνωρίζε-

1048 1248 1111 1266 ταιτ
1127 1240 1180 1266 ἀπὺ
1199 1240 1248 1274 μὲν
1261 1240 1308 1274 τῆς
1325 1239 1438 1273 Τριάδος
1454 1238 1606 1274 ἀρξάμενον
1625 1238 1691 1273 (47),
1708 1235 1742 1273 ἦς
1755 1237 1830 1264 οὐδὲν

1049 1284 1134 1316 οὕτως
1149 1285 1213 1312 ἴδιον
1233 1285 1271 1316 ὡς
1286 1285 1316 1311 τὺ
1331 1284 1359 1311 ἓν
1376 1286 1408 1320 τῇ
1429 1284 1519 1318 φύσει,
1534 1285 1581 1311 καὶ
1595 1283 1664 1319 πρὸς
1682 1283 1780 1318 ἑαυτὴν
1794 1283 1831 1308 εί-

1051 1332 1178 1366 ρηναῖον·
1206 1331 1375 1366 μεταληφθὲν
1401 1331 1429 1357 δὲ
1455 1331 1506 1357 ὑπὸ
1530 1330 1583 1356 τῶν
1610 1329 1761 1363 ἀγγελικῶν
1784 1328 1833 1354 καὶ

1051 1377 1130 1403 θείων
1145 1377 1294 1412 δυνάμεων,
1308 1377 1335 1404 αἳ
1350 1377 1396 1403 καὶ
1414 1376 1481 1412 πρὸς
1496 1376 1561 1403 Θεὸν
1573 1376 1619 1402 καὶ
1634 1376 1701 1411 πρὸς
1716 1374 1832 1410 ἀλλήλας

1050 1422 1195 1457 εἰρηνικῶς
1208 1422 1315 1457 ἔχουσι’
1330 1421 1460 1457 προελθὸν
1471 1422 1498 1448 δὲ
1516 1420 1570 1457 (48)
1586 1420 1665 1456 μέχρι
1680 1420 1768 1454 πάσης
1782 1418 1832 1451 τῆς

1051 1466 1176 1499 κτίσεως,
1194 1465 1226 1502 ἧς
1241 1468 1342 1502 κόσμος
1358 1466 1388 1493 τὸ
1400 1467 1579 1494 ἀστασίαστον
1591 1475 1597 1480 ·
1616 1466 1645 1491 ὲν
1660 1466 1724 1500 ἡμῖν
1741 1464 1768 1490 δὲ
1785 1471 1834 1489 πο-

1051 1513 1241 1548 λιτευσάμενον
1259 1513 1324 1549 (19),
1345 1513 1414 1540 κατὰ
1433 1513 1480 1548 μὲν
1497 1512 1585 1548 ψυχὴν
1602 1513 1634 1546 τῇ
1652 1511 1705 1537 τῶν
1728 1510 1833 1545 ἀρετῶν

1051 1558 1277 1594 ἀντακολουοήσει
1293 1559 1339 1585 κα)⁴
1356 1558 1491 1593 κοινωνίᾳ,
1507 1557 1576 1583 κατὰ
1592 1557 1620 1583 δὲ
1636 1556 1714 1591 σῶμα
1731 1556 1762 1589 τῇ
1780 1554 1832 1580 τῶν

1053 1603 1141 1638 μελῶν
1155 1604 1171 1638 ἢ
1185 1603 1240 1630 τῶν
1257 1604 1396 1638 στοιχείων
1409 1604 1475 1638 πρὸς
1490 1602 1592 1638 ἄλληλα
1607 1600 1771 1636 εὐαρμοστίᾳ
1787 1599 1834 1625 καὶ

1053 1650 1208 1684 συμμετρίᾳ
1219 1656 1227 1664 ”
1242 1646 1279 1676 ὧν
1295 1649 1325 1675 τὸ
1346 1649 1394 1684 μὲν
1408 1648 1514 1682 κάλλος,
1525 1647 1557 1674 τὺ
1575 1647 1604 1673 δὲ
1624 1646 1710 1680 ὑγίεια
1735 1644 1790 1671 ἔστι
1804 1651 1835 1670 τε.

220 1692 301 1717 situm
318 1696 376 1723 est;
395 1691 464 1725 apud
483 1699 532 1718 nos
552 1691 668 1724 denique
685 1695 818 1723 versatur,
833 1692 922 1725 quoad
937 1693 998 1719 ani-

1051 1694 1097 1720 καὶ
1112 1694 1283 1730 ὀνομάζεται.

221 1744 293 1764 mam
309 1737 417 1771 quidem
445 1743 494 1770 per
511 1741 631 1762 mutuutn
645 1736 772 1762 virtutum
795 1737 950 1764 comitatum
981 1743 1008 1765 et
1042 1740 1216 1771 societatem;
1243 1747 1331 1774 quoao
1355 1747 1452 1774 corpus
1467 1743 1573 1770 autem,
1588 1745 1636 1772 per
1652 1742 1833 1764 memororum

221 1787 268 1810 aut
280 1783 475 1810 elementorum
489 1782 559 1808 inter
573 1790 602 1809 se
619 1782 827 1809 concinnitatem
843 1787 924 1817 atque
958 1785 1170 1819 proportionem,
1201 1794 1313 1820 quarum
1345 1785 1430 1812 altera
1459 1783 1642 1819 pulchritudo,
1660 1783 1744 1809 altera
1762 1779 1834 1808 sani-

221 1835 273 1862 tas,
286 1833 376 1862 etest,
393 1834 419 1855 et
433 1828 590 1863 appellatur.

257 1875 315 1902 XV.
328 1875 486 1909 Quanquam
514 1879 604 1902 autem
629 1875 694 1902 illud
719 1883 827 1910 quoque
847 1876 1001 1904 Salonmnis

220 1920 376 1956 pradicem,
401 1921 457 1954 qui,
471 1925 500 1947 ut
514 1920 574 1948 aliis
596 1921 723 1948 oumibus
745 1921 839 1953 rebus.
866 1922 902 1948 ita
928 1921 999 1949 bello

222 1968 302 1994 etiam
319 1975 350 1993 ac
372 1967 429 2000 paci
451 1971 554 2000 tempus
573 1967 665 1993 statuit
678 1967 716 1998 ";
736 1966 786 1993 hoc
805 1975 886 1994 unum
907 1971 996 1994 tamen

222 2013 355 2046 adjiciam,
365 2011 506 2045 utriusque
515 2011 622 2044 quidem
636 2011 672 2037 rei
688 2017 793 2046 tempus
805 2012 1002 2039 observandum

221 2066 282 2085 esse
301 2058 540 2093 (quandoquidem,
559 2057 633 2092 juxta
656 2057 727 2084 illius
743 2058 828 2092 legent
852 2062 879 2084 et
901 2065 1003 2086 sermo-

222 2113 294 2138 nem,
323 2104 435 2130 lt0ueste
451 2103 585 2130 interdum
603 2103 699 2130 bellum
714 2103 770 2138 geri
784 2105 900 2139 potest),
919 2113 1004 2138 quan--

222 2151 267 2178 diu
283 2155 373 2177 autem
397 2150 469 2182 licet,
485 2149 673 2183 propensiores
691 2150 724 2175 ad
745 2156 838 2183 pacem
851 2157 911 2176 esse
923 2149 1004 2177 debe-

223 2204 293 2227 mus,
312 2196 363 2222 hoc
377 2196 448 2221 enim
464 2194 606 2221 sublimius
618 2199 698 2221 estet
713 2195 841 2222 divinius.
852 2195 1003 2222 Absurdum

222 2243 323 2277 quippe
356 2242 435 2268 fuerit
461 2241 641 2272 existimare,
669 2241 844 2268 concordiam
879 2241 1003 2275 privatim

223 2288 331 2321 quidem
354 2286 483 2320 optimam
498 2284 580 2320 424
593 2292 648 2312 rem
664 2292 739 2318 esse,
764 2290 793 2311 at
817 2285 923 2319 publice
952 2294 1004 2313 uott

1089 1876 1138 1902 IE'.
1159 1875 1277 1902 Ἐπαινῶ
1294 1874 1348 1910 (50)
1371 1874 1399 1900 δὲ
1416 1881 1503 1907 εγωγε
1524 1881 1572 1899 και
1591 1872 1622 1898 τὸ
1638 1870 1684 1897 τοῦ
1699 1868 1836 1903 Σολομῶν-

1054 1930 1109 1954 τος,
1132 1921 1225 1958 ὦσπερ
1243 1921 1323 1947 παντὶ
1345 1919 1501 1956 πράγματι,
1517 1918 1586 1944 οὕτω
1607 1917 1635 1943 δὲ
1656 1916 1703 1943 καὶ
1725 1914 1836 1949 πολέμῳ

1055 1969 1102 1995 καὶ
1115 1969 1210 2004 εἰρήνῃ
1226 1966 1431 2002 νομοθετοῦντος
1447 1965 1551 2000 καιρόν.
1574 1964 1675 1990 Ἐκεῖνο
1691 1961 1836 1997 προσθήσω

1057 2014 1147 2050 μόνον,
1166 2013 1326 2048 ἀμφοτέρων
1348 2012 1397 2047 μὲν
1412 2011 1456 2037 τὸν
1475 2010 1568 2045 καιρὸν
1587 2008 1728 2044 τηρητέον,
1743 2005 1836 2041 ἐπειδὴ

1056 2060 1101 2087 καὶ
1114 2059 1241 2094 πολεμεῖν
1255 2058 1311 2084 ἐστι
1325 2058 1389 2084 ποτὲ
1403 2057 1492 2088 καλῶς
1507 2055 1572 2091 (51),
1587 2055 1656 2081 κατὰ
1672 2054 1717 2079 τὸν
1732 2053 1836 2079 ἐκείνου

1056 2106 1137 2140 νόμον
1157 2105 1203 2132 καὶ
1220 2104 1313 2138 λόγον·
1332 2103 1385 2135 ’ἐως
1406 2103 1428 2129 δ’
1449 2102 1481 2129 ἂν
1497 2103 1544 2137 ἐξῇ
1555 2123 1561 2134 ,
1579 2101 1646 2136 πρὸς
1660 2100 1708 2135 τὴν
1726 2099 1836 2135 εἰρήνην

1059 2151 1158 2186 μᾶλλον
1177 2149 1350 2177 ἁποκλιτέον·
1378 2148 1456 2175 τοῦτο
1474 2148 1528 2183 γὰρ
1548 2146 1710 2182 ὑψηλότερόν
1737 2154 1766 2171 τε
1791 2145 1837 2170 καὶ

1057 2197 1264 2231 θεοειδέστερον.
1290 2196 1333 2227 Ὠς
1359 2195 1431 2221 ἐστιν
1456 2195 1571 2225 ἄτοπον,
1593 2193 1645 2228 ἰδίᾳ
1664 2192 1712 2228 μὲν
1728 2192 1837 2227 ἄριστον

1060 2242 1258 2277 ὑπολαμϐάνειν
1273 2241 1303 2266 τὸ
1319 2241 1366 2275 τῆς
1380 2239 1521 2274 ὁμονοίας,
1538 2237 1654 2273 δημοσία
1667 2237 1694 2263 δὲ
1717 2236 1754 2272 μὴ
1767 2236 1838 2262 λυσι-

1058 2286 1225 2313 τελέστατον.
1240 2286 1293 2312 Καὶ
1307 2285 1393 2311 οἰκίαν
1410 2284 1459 2319 μὲν
1477 2284 1522 2310 καὶ
1533 2284 1608 2309 πόλιν
1622 2282 1722 2316 ταύτην
1739 2281 1837 2316 ἄριστα

222 2332 335 2367 perinde
359 2331 451 2358 utilem
465 2335 493 2358 et
516 2331 702 2357 fructuosam:
724 2338 756 2357 ac
774 2331 881 2358 domum
898 2331 999 2366 quiden

1058 2333 1230 2363 διοικεῖσθαι,
1246 2333 1303 2367 ἣτις
1322 2331 1353 2358 ἂν
1371 2330 1452 2366 μηδὲν
1477 2330 1493 2364 ἢ
1521 2329 1558 2360 ὡς
1584 2329 1712 2363 ἐλάχιστα
1727 2327 1838 2353 στασιά-

224 2377 297 2404 illam
317 2381 342 2404 et
357 2377 492 2404 civitatem
506 2376 607 2411 optime
621 2376 779 2410 gubernari,
798 2384 857 2410 quae
869 2378 909 2404 vel
925 2377 1004 2405 nullis

224 2424 345 2456 omnino,
361 2423 401 2449 vel
416 2428 489 2450 certe
507 2421 625 2448 minimis
642 2421 759 2448 dissidiis
787 2422 902 2456 laboret,
919 2429 964 2450 aut
981 2424 1004 2450 si

224 2468 345 2498 laboret.
361 2469 563 2504 quamprimum
583 2468 615 2495 ad
633 2475 662 2495 se
685 2467 794 2500 redeat,
811 2469 957 2504 morboque
973 2469 1005 2496 li-

260 2515 283 2531 ⁸³
302 2516 389 2542 Ecele.
406 2522 445 2546 Ill,
459 2513 484 2540 8.

261 2563 316 2599 (45)
328 2562 520 2599 Συμμαχοῦ-σι
529 2562 576 2599 καί
587 2563 822 2599 συμμαχοῦντᾳι.
835 2561 934 2594 Billius,
947 2571 956 2587 ι
964 2562 1001 2599 si-

226 2597 279 2626 mul
291 2602 418 2632 pugnant,
429 2602 456 2623 et
470 2597 547 2632 simul
558 2604 754 2631 oppugnantur.
769 2607 778 2623 ι
788 2597 844 2624 Non
863 2602 934 2623 recte
943 2597 1002 2630 qui-

226 2630 298 2660 dem.
309 2630 413 2658 Eienim
428 2632 502 2659 vocis
515 2630 615 2659 Grzecte
631 2630 687 2659 btet:
703 2637 746 2660 est
760 2640 821 2658 vera
834 2632 917 2662 notio,
934 2640 1003 2666 συμ-

228 2668 330 2704 μαχέω,
345 2674 439 2704 t_arma
462 2667 606 2704 cpn_socio,_
621 2674 680 2704 sum
696 2668 725 2704 in
750 2667 821 2704 belli_
831 2667 974 2704 societate;
991 2675 1000 2692 ›

227 2701 458 2763 φμμαχοῡμι.μ
475 2701 536 2728 belli
553 2702 640 2742 socios
659 2702 753 2742 habeo.
772 2711 781 2728 ι
801 2701 863 2729 Haec
893 2701 926 2728 ad
947 2702 1003 2728 An-

229 2743 281 2765 llOC
291 2745 381 2763 renum
396 2737 512 2763 schisma
530 2736 623 2763 I'Cfel'l'l
642 2738 775 2764 \‘tdentur.

262 2757 777 2837 {ibi'f6&5{5'i¥é§fé;ﬁffei'ﬁﬁf§’t§1

274 2806 317 2837 47)
339 2806 518 2837 Αρξαμενον.
538 2806 602 2837 Reg.
615 2805 709 2837 ενοι-η
725 2815 776 2837 αρν

274 2806 317 2841 47)
335 2805 518 2849 Ἀρξάμενωᾶ
538 2805 602 2846 lteg.
615 2805 709 2842 Cypr.,
725 2806 884 2868 ἀρχόμενον.
976 2841 982 2847 Ι
998 2840 1005 2846 υ

276 2840 319 2868 48)
335 2841 486 2868 Πουενιθὸν
505 2840 549 2868 δέ.
565 2841 610 2868 Stc
635 2849 684 2868 nos
707 2849 767 2868 cum
816 2849 859 2868 ett.
877 2842 920 2868 hu.
935 2841 1005 2868 Edttt

264 2840 319 2882 (ts)
335 2841 486 2882 ῌροενψὸν
505 2840 549 2868 δέ.
565 2841 610 2869 Sic
635 2840 684 2870 nos
707 2840 777 2870 cum"
793 2840 859 2877 Reg.
877 2842 920 2869 hu.
935 2840 1007 2869 Editi

227 2876 354 2905 omittunt
365 2875 402 2903 δέ.
421 2876 498 2903 Eon.

1057 2379 1089 2414 ζῃ
1105 2378 1159 2413 (52)
1181 2378 1248 2413 πρὸς
1267 2377 1383 2412 ἑαυτὴν,
1399 2377 1415 2411 ἢ
1439 2375 1521 2402 τοῦτο
1545 2376 1696 2410 πάσχουσα,
1724 2373 1837 2408 τάχιστα

1058 2424 1156 2460 ἑπανίῃ
1171 2424 1226 2459 (55)
1245 2425 1291 2450 καὶ
1306 2422 1488 2458 θεραπεύηται
1498 2429 1505 2436 ”
1520 2421 1558 2456 τῷ
1573 2421 1600 2447 δὲ
1615 2420 1695 2455 κοινῷ
1712 2420 1761 2454 τῆς
1779 2419 1838 2445 Ἐκ-

1059 2470 1173 2505 κλησίας
1194 2469 1257 2496 ἄλλο
1277 2462 1315 2495 τί
1327 2468 1427 2503 βέλτιον
1449 2465 1518 2494 εἶναι
1535 2466 1582 2493 καὶ
1607 2465 1837 2502 πρεπωδέστερον.

1091 2561 1146 2598 (49)
1162 2561 1433 2595 Πολιτευσάμενον.
1456 2558 1521 2593 Reg.
1538 2559 1582 2590 hu,
1600 2562 1627 2586 et
1645 2557 1691 2585 0r.
1716 2558 1743 2590 1,
1765 2556 1840 2583 πολι-

1054 2597 1115 2624 τευό
1119 2605 1207 2631 μενον.

1091 2627 1147 2665 (50)
1167 2631 1301 2657 Ἐπαινῶ.
1320 2630 1385 2664 Reg.
1404 2629 1449 2665 bu,
1464 2627 1593 2654 ἐπαινῶν.

1093 2663 1148 2701 (Si)
1165 2665 1415 2701 Kale‘topeestin
1432 2663 1497 2701 Reg.
1514 2664 1568 2690 bm.

1091 2695 1147 2737 (52)
1178 2695 1334 2734 Στασιάζῃ.
1366 2699 1433 2732 Reg.
1464 2699 1509 2731 hu,
1540 2703 1567 2724 et
1593 2695 1640 2724 Or.
1673 2697 1696 2729 1,
1727 2696 1838 2722 στασιά-

1058 2737 1152 2807 ζοῖὅδ)
1177 2768 1383 2807 Ἐπανιῃκξίο
1406 2775 1454 2796 nos
1478 2767 1613 2807 cum_0r.
1637 2766 1763 2807 Beg._
1783 2766 1839 2797 bm,

1060 2801 1178 2870 ῗπὲνὲίῃ.
1212 2801 1301 2841 Apud"
1323 2804 1448 2837 Montac.,
1477 2803 1610 2839 ἒπανήκῃ.
1636 2801 1724 2835 Editi,
1755 2802 1838 2827 επαν-

1072 2850 1106 2869 οι.
1141 2849 1197 2869 υιτ.
