2060 3140
198 180 267 207 1110

761 183 891 212 ORATIO
911 184 993 212 XXII.
1012 200 1048 206 -—
1069 185 1112 212 DE
1134 185 1222 212 PACE
1241 186 1273 213 ll.

1750 184 1818 214 1150

196 238 252 265 Καὶ
268 238 349 265 αὑτὸν
367 239 415 273 μὲν
432 240 557 271 ἑκαστον,
572 240 646 272 ὅπως
663 240 696 268 ἂν
713 241 781 276 πρὸς
799 242 895 268 ἑαυτὸν
912 243 979 278 εἰρη-

1039 243 1167 275 beretur;
1187 243 1339 278 reipublicae
1353 248 1441 271 autem
1457 243 1646 271 ecclesiasticae
1659 243 1730 270 aliud
1741 243 1819 278 quid-

197 284 272 319 γεύῃ,
297 284 456 316 σπουδάζειν
472 285 586 322 (εἰρήνη
603 287 631 312 δὲ
653 287 684 313 τὸ
707 286 762 321 (54)
784 287 844 313 καθ’
869 288 983 314 ἕκαστον

196 330 312 365 αἱρετὸν,
331 330 377 357 καὶ
391 331 406 366 ἡ
422 331 492 358 κατὰ
505 332 559 358 τῶν
575 331 670 358 παθῶν
689 331 860 367 δεσποτεία)·
875 333 942 367 πρὸς
954 333 983 359 δὲ

195 377 259 407 τοὺς
275 377 371 408 ἄλλους
389 377 426 413 μὴ
447 378 492 404 τὸν
511 378 590 404 αὑτὸν
608 378 769 412 φαίνεσθαι,
786 379 842 405 ἀλλ’
857 379 982 414 ἡγεῖσθαι

195 421 274 454 δόξαν
290 422 398 455 ἑαυτοῦ,
416 424 465 458 τὴν
482 423 529 450 τοῦ
551 423 663 458 πλησίον
684 423 840 451 κατάλυσιν.
861 425 915 451 Καὶ
937 425 982 452 τὸν

198 467 247 501 μὲν
269 467 334 494 Θεὸν
355 468 464 502 ἀφιέναι
485 469 539 504 (55)
558 468 679 496 κελεύειν
709 470 756 496 καὶ
777 472 831 501 τοῖς
856 471 981 505 ἁμαρτά-

197 521 287 539 νουσιν
303 513 342 544 al;
355 514 438 548 ἡμᾶς,
456 513 492 549 μὴ
508 514 548 540 ὅτι
564 515 688 547 ἑπτάκις,
706 515 774 542 ἀλλά
790 515 836 541 καὶ
854 515 982 548 πολλάκις

170 566 178 575 -
196 557 331 590 τοσοῦτον,
347 558 384 590 ὡς
403 558 450 584 τοῦ
467 559 575 594 ἀφιέναι
592 560 622 586 τὸ
636 561 763 594 ἀφίεσθαι
779 561 979 597 προξενοῦντος·

195 604 269 638 ἡμᾶς
285 603 312 629 δὲ
338 604 384 630 καὶ
408 606 465 636 τοῖς
484 606 559 633 οὐδὲν
577 606 698 633 ἀδικοῦσι
718 607 918 644 προθυμότερον
934 609 983 635 ἐπ-

195 648 332 684 ηρεάζειν,
344 650 360 685 ἢ
373 651 438 686 παρ’
452 651 538 678 ἄλλων
556 652 767 687 εὐεργετεῖσθαι.
779 655 833 680 Καὶ
849 654 981 690 τοσαύτην

196 693 245 728 μὲν
259 694 314 729 (56)
330 695 427 721 εἰδέναι
445 697 501 727 τοῖς
520 697 701 732 είρηνοποιοῖς
722 698 908 734 ἀποκειμένην
929 708 981 733 μα-

194 739 361 774 καριότητα,
381 740 449 766 ὥστε
468 741 515 767 καὶ
537 743 610 773 υἱοὺς
632 742 699 768 Θεοῦ
730 744 980 779 προσαγορεύεσθαι

196 784 293 819 μόνους
308 786 337 811 ὲν
349 788 381 821 τῇ
400 785 474 818 τάξει
492 787 546 814 τῶν
566 787 726 822 σωζομένων
740 789 795 824 (57)
809 798 815 804 ’
835 790 933 821 αὐτοὺς
952 790 980 816 δὲ

194 832 240 858 καὶ
253 832 405 867 φιλέχθρως
419 833 538 867 ἔχοντας,
557 834 652 861 ἔπειτα
662 835 765 862 οἴεσθαι
778 836 825 862 καὶ
842 835 897 872 (58)
916 837 980 871 φίλα

193 876 323 912 πράττειν
345 877 414 912 Θεῷ,
433 878 472 913 τῷ
492 878 672 915 παθόντι
697 881 730 907 δι’
748 882 833 916 ἡμᾶς,
852 881 895 908 ἵνα
911 882 978 918 πρὸς

1035 297 1115 323 quam
1141 289 1214 317 bono
1229 290 1303 323 pacis
1321 290 1417 318 melius
1439 298 1469 318 ac
1495 291 1676 326 prmstabilius
1691 297 1751 317 esse
1767 299 1774 317 :
1789 294 1818 317 et

1035 343 1254 370 unumquemque
1267 337 1385 369 quidem,
1404 340 1433 362 nt
1447 343 1537 363 secum
1553 341 1665 370 pacatus
1680 337 1724 368 sit,
1737 343 1817 363 omne

1033 381 1149 408 studium
1161 382 1290 409 adhihere
1318 383 1380 417 (pax
1396 383 1469 409 enim
1496 381 1560 409 illud
1578 387 1638 413 est,
1658 382 1728 416 quod
1742 382 1817 416 quis-

1033 433 1085 460 que
1108 427 1234 461 privatim
1260 427 1372 461 expetit,
1390 431 1471 461 atque
1494 426 1520 453 in
1539 426 1705 453 turbulentas
1733 426 1817 452 animi

1033 471 1216 505 permotiones
1250 472 1428 507 imperium);
1458 479 1520 506 erga
1545 471 1613 498 alios
1641 475 1729 498 autem
1760 478 1814 497 non

1032 519 1156 545 eumdem
1180 526 1209 545 se
1221 519 1340 553 prtebere
1351 540 1358 553 ,
1377 527 1470 546 verum
1484 519 1598 554 proximi
1615 519 1816 554 oppressionem

1033 563 1145 598 gloriam
1163 571 1238 590 suam
1262 564 1360 591 ducere
1379 575 1386 592 :
1404 565 1428 591 id
1453 565 1534 592 etiam
1563 565 1710 592 absurdutn
1731 564 1814 591 luerit

1032 610 1199 642 existimare,
1215 610 1300 644 quod,
1317 618 1377 636 eum
1393 611 1462 638 Deus
1478 611 1584 644 quidem
1605 611 1648 644 iis,
1673 618 1686 636 a
1717 610 1815 644 quibus

1031 653 1086 681 laesi
1105 653 1245 687 fuerimus,
1262 662 1314 680 non
1330 654 1416 682 solum
1435 656 1535 689 septies
1548 675 1555 687 ,
1571 656 1618 682 sed
1644 655 1759 689 saepius,
1785 662 1817 682 ac

1032 700 1112 726 toties
1129 707 1214 727 noxas
1231 700 1369 727 remittere
1393 699 1505 733 juheat.
1527 701 1598 735 quod
1624 701 1747 728 videlicet
1772 708 1817 728 re-

1032 745 1124 772 missio
1144 745 1331 773 remissionem
1350 746 1475 773 conciliet
1488 746 1529 773 “z
1554 747 1631 774 nobis
1653 751 1742 774 autem
1757 747 1816 774 lici-

1035 795 1089 817 tum
1107 791 1152 823 sit,
1170 798 1217 818 eos
1234 792 1327 824 etiam,
1343 799 1357 818 a
1384 793 1482 826 quibus
1510 793 1584 820 nulla
1613 793 1690 820 nobis
1718 793 1816 828 injuria

1031 836 1103 863 illata
1119 841 1171 868 est,
1187 837 1324 865 libentiori
1343 839 1432 865 animo
1454 839 1592 870 divexare,
1606 847 1684 873 quam
1699 839 1732 866 ab
1754 838 1816 865 aliis

1030 882 1163 909 beneﬁcio
1178 881 1246 909 allici
1261 892 1267 910 :
1283 891 1314 910 ac
1330 891 1390 910 cum
1412 889 1513 910 tantam
1532 885 1638 918 quidem
1667 885 1811 911 beatitudi-

193 923 289 949 ἑαυτὸν
304 924 466 960 είρηνεύσῃ,
482 925 530 951 καὶ
546 925 684 962 καταλύσῃ
701 926 747 953 τὸν
767 928 795 954 ἐν
816 922 882 962 ἡμῖν
901 928 979 954 πόλε-

1031 933 1091 952 nem
1118 927 1238 960 pacilicis
1263 929 1428 955 reconditam
1451 937 1511 956 esse
1529 934 1698 963 perspectum
1721 929 1767 960 sit,
1783 933 1814 957 υι

194 977 254 1003 μον.

1033 972 1061 999 in
1077 973 1227 999 electorum
1238 974 1343 1008 ordine,
1360 974 1409 1001 soli
1433 974 1479 1001 lilii
1496 973 1544 1001 Dei
1563 980 1693 1001 vocentur
1707 974 1747 1007 ";
1764 981 1815 1002 nos

192 1020 294 1047 autem,
324 1015 387 1042 dum
415 1015 619 1043 inimicitiarum
648 1021 675 1044 et
700 1017 865 1044 simultatum
883 1024 974 1044 amore
991 1022 1123 1050 tenemur,
1141 1018 1168 1045 in
1188 1026 1218 1045 ea
1236 1023 1326 1046 tamen
1354 1020 1481 1054 opinione
1496 1027 1644 1053 versemur,
1677 1024 1706 1046 ut
1738 1020 1804 1052 Deo,

192 1063 238 1097 qui
269 1071 318 1097 pro
354 1063 441 1096 nobis,
475 1068 503 1091 ut
531 1072 580 1091 nos
615 1071 704 1092 serum
730 1065 755 1091 in
780 1065 893 1099 gratiam
922 1066 1079 1098 reduceret,
1108 1066 1261 1101 bellumque
1283 1072 1404 1094 nostrum
1429 1068 1584 1095 intestinutn
1608 1068 1811 1102 exstingueret,

193 1111 325 1146 supplicio
340 1110 450 1138 allectus
466 1116 518 1142 est,
539 1119 596 1138 rem
612 1111 725 1146 gratiam
752 1111 842 1138 facere
857 1111 1022 1138 arbitremur

226 1157 285 1191 tq'.
304 1157 458 1193 Μηδαμῶς,
483 1155 506 1184 ὦ
519 1159 592 1193 φίλοι
616 1159 664 1185 καὶ
682 1158 802 1193 ἀδελφοὶ,
828 1158 900 1185 οὕτω
921 1158 979 1185 δια-

191 1203 325 1241 νοώμεθα.
343 1205 516 1241 Αἰδεσθῶμεν
538 1205 569 1232 τδ
586 1205 672 1242 δῶρον
693 1206 740 1232 τοῦ
758 1205 906 1241 εἰρηνικοῦ,
929 1205 978 1240 τὴν

191 1251 313 1287 εἰρήνην,
326 1251 359 1286 ἣν
373 1251 478 1278 ἐνθένδε
493 1251 582 1278 ἀπιὼν
596 1252 702 1287 ἀφῆκεν
716 1252 791 1287 ἡμῖν,
807 1251 901 1287 ὥσπερ
917 1251 979 1279 ἄλλο

148 1295 153 1329 ἕ
189 1304 216 1324 τι
231 1295 364 1332 ὲξιτήριον
388 1296 455 1332 (60).
477 1297 546 1323 Ἕνα
562 1296 680 1331 πόλεμον
700 1296 831 1331 είδῶμεν,
849 1296 893 1322 τὸν
909 1295 978 1322 κατὰ

189 1343 240 1377 τῆς
261 1341 454 1377 ἀντικειμένης
476 1342 626 1377 δυνάμεως.
644 1341 772 1376 Εἴπωμεν
798 1341 907 1375 ἀδελφοὶ
930 1341 977 1367 καὶ

189 1388 245 1418 τοῖς
257 1386 381 1422 μισοῦσιν
396 1387 478 1422 ἡμᾶς,
489 1387 521 1413 ἂν
534 1387 587 1422 ἄρα
596 1386 735 1421 δέχωνται.
752 1387 977 1423 Συγχωρήσωμέν

145 1424 148 1452 ί
188 1442 216 1460 τι
228 1434 335 1469 μικρὸν,
349 1433 392 1460 ἵνα
407 1433 438 1459 τὸ
457 1432 511 1468 (61)
530 1433 620 1468 μεῖζον
637 1433 835 1468 ἀντιλάὸωμεν,
849 1433 898 1468 τὴν
911 1432 975 1468 ὀμό-

189 1488 273 1506 νοιαν.
296 1479 489 1514 Ἠττηθῶμεν,
515 1479 558 1506 ἵνα
575 1480 744 1515 νικήσωμεν.
765 1479 861 1514 Ὁρᾶτε
878 1479 977 1514 νόμους

189 1525 338 1561 ἀθλήσεως,
360 1526 408 1552 καὶ
427 1526 583 1552 παλαιστῶν
598 1526 786 1560 ἀγωνίσματα,
804 1526 828 1552 οἳ
845 1525 884 1561 τῷ
901 1526 976 1552 κάτω

189 1572 296 1598 κεῖσθαι
320 1572 448 1604 πολλάκις
474 1572 567 1599 νικῶσι
587 1573 649 1603 τοὺς
667 1572 890 1607 ὑπερκειμένους.
909 1571 977 1597 Τού-

189 1625 251 1649 τους
264 1617 440 1653 ζηλώσωμεν,
464 1617 501 1653 μὴ
519 1617 573 1644 τῶν
586 1618 753 1653 δαιτυμόνων
766 1617 828 1648 τοὺς
843 1617 979 1652 ἀπληστο-

188 1663 294 1698 τέρους,
315 1664 330 1699 ἢ
350 1663 403 1690 τῶν
423 1664 552 1699 ἐμπόρων
565 1672 571 1679 ·
585 1660 623 1689 ὧν
636 1664 660 1689 οἱ
680 1663 730 1698 μὲν
747 1663 875 1698 ἀμέτρως
894 1663 979 1698 ἐμφο-

191 1710 319 1745 ρηθέντες
342 1709 397 1735 τῶν
419 1709 618 1744 προκειμένων,
638 1710 663 1735 al
684 1709 712 1735 δὲ
732 1708 781 1744 τὴν
805 1708 870 1735 ναῦν
887 1708 979 1744 φορτί-

190 1764 302 1787 σαντες,
317 1754 414 1781 θᾶττον
429 1755 588 1791 ὲρράγησαν
610 1755 657 1781 καὶ
677 1754 896 1788 συγκατέδυσαν,
913 1755 930 1790 ἠ
952 1764 978 1781 τι

187 1802 238 1837 τῆς
257 1801 412 1835 ἀπληστίας
428 1800 596 1833 ἀπέλαυσαν,
610 1801 654 1827 ἴνα
669 1801 754 1836 μικρά
772 1801 932 1836 κερδάνωσι,
944 1800 979 1827 τὰ

191 1847 293 1882 μεγάλα
305 1846 500 1882 ζημιωθέντες.
520 1846 589 1881 Ἐγὼ
601 1846 650 1881 μὲν
661 1844 706 1873 οὖν
714 1845 799 1873 ταῦτα
809 1847 856 1872 καὶ
868 1845 920 1881 βοῶ
932 1846 979 1872 καὶ

160 1883 169 1923 λ’
187 1891 426 1927 διαμαρτύρομαι,
440 1892 488 1918 καὶ
502 1891 532 1917 τὸ
543 1891 592 1926 τῆς
609 1891 719 1926 Γραφῆς
733 1891 817 1917 ποιῶν
832 1891 862 1917 οὗ
879 1890 979 1917 παύσο-

160 1927 164 1983 (
190 1946 256 1974 μαι·
273 1937 323 1964 Διὰ
338 1938 414 1964 Σιὼν
428 1938 463 1964 οὐ
480 1937 687 1972 σιωπήσομαι,
703 1937 751 1964 καί
769 1937 817 1964 διὰ
837 1938 980 1971 Ἰερουσα-

189 1984 252 2019 λὴμ
272 1983 463 2016 σῦκ’ὰνήσω·
480 1984 528 2010 καὶ
551 1985 606 2018 γὰρ
624 1984 756 2010 ἐκλείπει
777 1984 795 2017 ἡ
813 1983 898 2018 ψυχή
919 1992 979 2018 μου

188 2031 237 2056 ἐπὶ
246 2030 307 2063 τοῖς
313 2029 548 2064 ἀναιρουμένοις,
559 2030 656 2061 οἵτινες
666 2029 696 2055 οὐ
703 2029 870 2065 τραυματίαι
881 2029 980 2064 μαχαί-

191 2084 240 2112 ρας
252 2096 258 2105 .
275 2075 335 2102 οὐδὲ
345 2074 512 2111 τραυματίαι
523 2074 603 2110 λιμοῦ
621 2074 753 2110 γινόμεθα
772 2074 839 2109 (6'2),
854 2083 979 2109 τραυμα-

188 2122 243 2149 τίαι
257 2122 285 2148 δὲ
297 2121 448 2157 φιλοδοξίας
459 2122 476 2157 ἢ
488 2121 632 2156 φιλαρχίας
642 2129 648 2136 '
661 2121 699 2152 ὡς
715 2121 783 2156 μηδὲ
799 2120 829 2146 τὸ
843 2120 977 2147 ἐλεεῖσθαι

190 2168 289 2204 μᾶλλον
300 2168 316 2204 ἢ
327 2169 356 2195 τὸ
370 2168 507 2203 μισεῖσθαι
517 2167 571 2203 (65)
585 2167 744 2202 συμῆαίνειν
755 2168 810 2198 τοῖς
821 2167 977 2195 πίπτουσιν.

194 2214 288 2250 Ὑμεῖς
305 2214 342 2248 δὲ,
365 2214 450 2249 εἰμὲν
466 2213 586 2248 δέχοισθε
602 2213 665 2244 τοὺς
677 2213 761 2248 ἐμοὺς
779 2212 886 2246 λόγους,
899 2212 979 2239 τοῦτο

1065 1163 1134 1186 Ᾱνι.
1151 1160 1229 1188 Absit
1243 1168 1257 1187 a
1278 1167 1364 1192 noots,
1385 1168 1402 1187 o
1418 1166 1516 1188 .ratres
1529 1166 1556 1188 et
1570 1169 1661 1194 amtor,
1678 1169 1734 1189 οπο
1745 1162 1806 1190 ani-

1031 1205 1065 1232 mi
1083 1206 1229 1233 sententia.
1247 1206 1354 1233 Pacilici
1370 1207 1440 1234 illius
1457 1215 1565 1239 munus,
1578 1207 1629 1234 hoc
1646 1212 1686 1234 est
1710 1215 1815 1243 pacem,

1030 1259 1214 1284 revereamur,
1248 1260 1328 1286 quam
1355 1253 1432 1280 nobis
1461 1253 1524 1280 hinc
1557 1253 1699 1281 discedens
1739 1255 1816 1289 quasi

1030 1295 1103 1322 aliud
1120 1296 1253 1330 quoddam
1272 1297 1390 1331 legatum
1412 1297 1520 1333 reliquit
1535 1298 1568 1326 ⁸⁸.
1591 1298 1678 1326 Unum
1696 1299 1746 1326 hoc
1758 1300 1815 1327 bel~

1030 1342 1084 1368 lum
1100 1349 1289 1377 agnoscamus,
1305 1344 1375 1378 quod
1393 1351 1453 1370 eum
1480 1344 1644 1372 adversariis
1670 1346 1813 1380 potestati-

1030 1388 1080 1416 bus
1099 1389 1290 1416 committitur.
1316 1389 1369 1417 Eos
1394 1398 1521 1424 quoque,
1544 1391 1589 1425 qui
1620 1391 1697 1419 nobis
1722 1392 1814 1420 infesti

1030 1439 1104 1467 Sunt,
1121 1435 1236 1462 fratrum
1251 1435 1361 1462 nomine
1374 1435 1549 1470 appellemus,
1563 1437 1585 1464 si
1601 1442 1689 1464 tamen
1703 1437 1728 1464 id
1739 1446 1817 1473 aequo

1029 1481 1120 1508 animo
1150 1481 1299 1515 patiantur.
1318 1481 1451 1516 Exiguum
1475 1481 1601 1515 quiddam
1622 1483 1814 1517 concedamus,

1031 1533 1071 1559 ut,
1084 1527 1156 1562 quod
1182 1527 1271 1562 majus
1288 1532 1350 1560 est,
1370 1528 1543 1562 recipiamus,
1561 1529 1687 1555 nimirum
1703 1536 1817 1556 concer-

1031 1574 1114 1601 diarn.
1130 1573 1207 1601 Vinci
1224 1581 1272 1601 nos
1287 1574 1408 1601 sinamus
1423 1594 1430 1605 ,
1448 1580 1477 1601 ut
1492 1574 1642 1602 vincamus.
1657 1574 1752 1602 Videte
1767 1582 1816 1610 pa-

1029 1621 1127 1647 lmstrte
1144 1620 1229 1654 leges,
1244 1625 1271 1647 et
1295 1619 1458 1646 athletarum
1479 1621 1627 1647 certamina
1641 1641 1648 1653 ,
1663 1621 1707 1654 qui
1725 1627 1758 1647 ex
1781 1629 1814 1648 eo

1029 1665 1199 1701 plerumque,
1218 1667 1290 1700 quod
1319 1666 1394 1692 humi
1417 1666 1577 1700 jacent,,iis,
1593 1666 1637 1700 qui
1657 1673 1738 1700 supra
1769 1667 1814 1693 siti

1029 1717 1114 1745 sunt,
1132 1712 1273 1739 victoriam
1301 1717 1474 1746 extorquent.
1501 1711 1554 1738 llos
1576 1711 1744 1744 aemulemur,
1761 1719 1813 1739 non

1030 1757 1247 1792 inexplebiliores
1256 1757 1384 1784 convivas
1398 1761 1444 1784 aut
1460 1761 1634 1789 mercatores,
1651 1758 1697 1792 qui
1715 1757 1812 1792 partim

1030 1803 1208 1830 immoderate
1227 1803 1359 1837 appositis
1373 1802 1459 1837 epulis
1475 1803 1643 1837 ingurgitati,
1657 1802 1752 1836 partim
1768 1803 1809 1829 ni-

1029 1848 1091 1875 miis
1107 1848 1243 1875 mercibus
1258 1852 1371 1874 onerata
1388 1855 1467 1880 nave,
1486 1853 1606 1874 ventrem
1623 1849 1713 1883 potius
1726 1848 1815 1875 disru-

1029 1894 1130 1928 perinl,
1143 1902 1175 1921 ac
1190 1894 1278 1920 navim
1296 1901 1386 1920 secum
1405 1893 1595 1925 demerserinl,
1621 1902 1702 1928 quam
1723 1898 1752 1920 ut
1778 1901 1812 1921 ex

1030 1941 1080 1967 hac
1105 1939 1258 1974 inexplebili
1275 1939 1403 1966 aviditate
1428 1938 1546 1966 fructum
1568 1938 1650 1965 ulltnu
1666 1939 1811 1973 cmperint,

1029 1986 1137 2013 amissis
1156 1986 1282 2012 maximis
1311 1989 1339 2012 ut
1363 1985 1460 2020 exigua
1477 1989 1629 2014 tuerentur.
1645 1986 1732 2020 Atque
1751 1987 1810 2020 ipse

1029 2032 1138 2066 quidem
1169 2032 1226 2058 hinc
1249 2031 1337 2058 clamo
1363 2037 1391 2058 et
1415 2035 1562 2063 contestor,
1585 2039 1635 2058 nec
1649 2051 1657 2064 ,
1679 2032 1750 2065 quod
1775 2032 1814 2058 ait

1030 2078 1180 2113 Scriptura,
1200 2077 1289 2105 facere
1301 2077 1423 2104 desinam
1439 2086 1446 2104 :
1463 2077 1573 2111 Propter
1587 2076 1651 2104 Sion
1670 2085 1722 2103 non
1742 2082 1814 2104 tau-

1029 2124 1070 2157 bo,
1088 2131 1111 2151 et
1127 2130 1232 2159 propter
1243 2123 1391 2151 Jerusalem
1406 2132 1458 2151 non
1476 2125 1606 2159 quiescam
1621 2123 1655 2150 ⁸⁷.
1665 2122 1746 2159 425
1763 2123 1816 2150 De-

1028 2170 1084 2204 ﬁcit
1100 2171 1190 2196 anima
1206 2178 1264 2197 mea
1280 2175 1386 2204 propter
1404 2170 1555 2204 interfectos
1569 2169 1604 2203 ³⁸,
1619 2177 1686 2204 quos
1704 2171 1813 2204 quidem

1030 2225 1083 2244 non
1100 2216 1205 2251 gladius
1218 2221 1264 2243 aut
1281 2216 1376 2247 fames,
1395 2216 1441 2243 sed
1456 2216 1548 2251 gloriae
1567 2221 1593 2244 et
1614 2216 1718 2248 imperii
1738 2224 1815 2243 amor

188 2260 299 2295 ἄμεινον
316 2260 498 2295 ἀμφοτέροις·
519 2260 543 2286 εὶ
557 2259 586 2285 δὲ
606 2258 762 2285 διαπτύοιτε
787 2258 833 2285 καὶ
855 2259 979 2294 ἀποπέμ-

1031 2263 1178 2294 sauciavit;
1206 2263 1242 2290 ita
1265 2267 1303 2294 ut,
1326 2263 1369 2298 qui
1397 2263 1516 2295 cadunt,
1533 2270 1584 2290 non
1609 2263 1812 2290 miserationem

188 2305 292 2336 ποισθε,
308 2305 436 2336 νικῶντος
450 2305 495 2330 τοῦ
512 2304 614 2336 πάθους
628 2304 672 2330 τὸν
690 2303 828 2338 λογισμὸν,
845 2304 907 2338 ἐμοὶ
929 2304 978 2338 μὲν

1032 2310 1116 2343 magis
1142 2318 1222 2344 quam
1248 2310 1339 2337 odium
1368 2309 1409 2336 sui
1436 2310 1564 2336 excitent.
1579 2309 1631 2337 Vos
1654 2314 1763 2342 autem,
1790 2310 1813 2336 si

189 2350 289 2382 ἱκανῶς
299 2350 456 2384 ἀφωσίωται
468 2351 515 2376 καὶ
526 2349 560 2375 τὰ
577 2349 645 2384 πρὸς
658 2348 735 2378 Θεὸν,
750 2348 796 2374 καὶ
808 2348 842 2374 τὰ
853 2349 921 2384 πρὸς
931 2350 978 2375 ἀν-

1030 2358 1201 2384 sermonihus
1230 2357 1297 2384 meis
1323 2357 1491 2391 parueritis.
1515 2357 1614 2384 melius
1637 2357 1760 2391 utrisque
1786 2356 1813 2383 id

188 2396 330 2432 θρώπους·
348 2396 424 2423 οὐδὲν
435 2395 501 2431 γὰρ,
516 2393 603 2430 οἶμαι,
622 2394 703 2421 πλέον
717 2394 829 2429 ζητήσει
848 2403 900 2426 τις,
916 2395 976 2421 οὐδὲ

1030 2402 1129 2435 fuerit;
1145 2403 1185 2429 sin
1206 2407 1307 2436 autem,
1322 2402 1419 2429 all'eelu
1436 2402 1568 2429 rationem
1584 2408 1738 2437 superante,
1752 2409 1814 2428 eon-

187 2443 242 2470 τῶν
256 2443 358 2479 σφόδρα
372 2442 518 2478 εἰρηνικῶν
532 2450 561 2468 τε
576 2441 623 2468 καὶ
638 2440 769 2475 φιλοθέων
779 2449 785 2455 ·
809 2441 888 2475 ὑμεῖς
904 2441 925 2467 δ’
944 2441 977 2467 ἂν

1030 2448 1186 2476 temnendos
1198 2456 1245 2475 eos
1258 2453 1285 2475 et
1307 2447 1488 2482 repudiandus
1500 2447 1642 2479 duleritis,
1667 2447 1725 2482 ipse
1748 2446 1808 2481 qui—

187 2491 299 2527 είδείητε
311 2492 345 2518 τὰ
358 2491 421 2527 ἑξῆς
439 2490 505 2525 (Gl).
519 2491 555 2516 Οὐ
570 2490 623 2526 γὰρ
640 2489 695 2524 ἐγώ
713 2499 739 2517 τι
754 2490 905 2526 προσθήσω
921 2491 976 2517 τῶν

1030 2492 1100 2526 dem,
1115 2498 1142 2520 et
1157 2499 1288 2528 quantutn
1303 2494 1336 2521 ad
1359 2493 1453 2526 Deum,
1474 2499 1501 2521 et
1512 2499 1643 2528 quantum
1666 2493 1699 2520 ad
1726 2492 1814 2520 horni—

222 2560 244 2576 ’⁸
255 2560 348 2587 Matth.
366 2567 446 2592 xvrn,
463 2559 507 2586 22.
545 2560 567 2575 "
582 2559 676 2587 Matth.
690 2567 716 2592 v,
732 2560 759 2586 9.
797 2560 820 2576 ⁹⁶
831 2560 911 2588 Joan.
926 2569 982 2595 xtv,
1002 2562 1047 2591 27,
1086 2564 1108 2580 ⁸⁷
1120 2562 1172 2591 lsa.
1185 2572 1250 2596 an,
1262 2565 1288 2591 l.

219 2629 278 2671 (Si)
294 2629 405 2664 Εἰρήνη
426 2629 460 2657 δὲ
481 2630 525 2663 τό,
554 2634 605 2656 etc.
623 2629 689 2664 Reg.
710 2630 757 2664 hu,
777 2631 872 2666 εἰρήνη
898 2631 925 2657 δὲ
953 2632 969 2667 ἡ

186 2669 447 2743 τῗῖὲὲἷϐ.“Αφ-ιέναι.
474 2699 520 2728 Sic
542 2699 661 2734 plerique
676 2701 754 2728 codd.
772 2701 800 2728 ln
825 2701 881 2734 ed.,
902 2710 972 2738 παρ-

188 2744 280 2811 Ϊενὲίῗθ)
294 2769 365 2797 Μέν.
385 2770 432 2798 Sic
453 2771 538 2806 Regg.
551 2771 608 2804 bm,
629 2771 677 2804 hu,
703 2771 751 2799 0r.
768 2771 794 2805 l,
816 2776 869 2799 etc.
892 2772 972 2801 Deest

187 2813 214 2832 ω
295 2841 354 2869 Τῶν
366 2840 548 2875 σωζομένων.
565 2842 658 2870 Billius
673 2850 678 2868 :
696 2850 706 2866 ί
725 2849 818 2869 eorum
836 2843 881 2878 qui
898 2843 971 2871 salu-

187 2880 240 2903 tem
258 2881 468 2911 ronseqnuntur.
486 2886 495 2902 ›

222 2910 277 2946 (58)
287 2910 353 2939 Kal.
368 2911 446 2939 Deest
463 2912 489 2940 in
503 2911 587 2948 Regg.
602 2913 656 2947 bm,
671 2911 719 2945 hu,
735 2912 819 2941 etOr.
839 2913 862 2940 l.

1326 2564 1350 2580 “
1366 2563 1421 2591 Jer.
1437 2571 1472 2596 tv,
1487 2563 1530 2590 5i.

1060 2630 1115 2664 (59)
1144 2629 1185 2662 Ίῖῖ)
1201 2631 1335 2666 παθόντι.
1355 2631 1421 2666 Reg.
1440 2631 1487 2662 hu,
1507 2629 1546 2665 τῷ
1557 2630 1604 2656 καὶ
1619 2629 1742 2656 παθόντι.

1059 2665 1114 2700 (60)
1138 2665 1312 2699 'Elfmiptor.
1346 2675 1355 2691 ι
1375 2666 1532 2693 Extremum
1551 2666 1673 2692 abeuntis
1700 2665 1812 2692 Inunda-

1028 2705 1095 2727 tum.
1116 2710 1125 2726 ι

1061 2736 1117 2770 (tit)
1141 2736 1186 2763 Τό.
1199 2736 1278 2763 Deest
1293 2736 1318 2762 in
1333 2737 1417 2762 tribus
1429 2734 1524 2769 Regg.,
1541 2739 1568 2762 et
1584 2733 1630 2762 0r.
1645 2735 1668 2762 1.

1060 2771 1117 2806 (62)
1137 2772 1293 2806 Γινόμεθα.
1312 2771 1347 2797 ita
1369 2771 1452 2806 Regg.
1474 2770 1574 2805 plures,
1589 2775 1616 2797 et
1633 2771 1680 2797 υτ.
1698 2770 1723 2798 1.
1747 2770 1812 2804 Alii.

1026 2806 1172 2841 γενόμεθα,
1188 2814 1280 2840 prave.
1299 2807 1375 2833 Εοιτ.

1061 2841 1116 2876 (65)
1137 2841 1259 2869 Μᾶλλον
1285 2841 1304 2875 ἢ
1329 2841 1360 2867 τὸ
1382 2840 1544 2876 μισεῖσθαι.
1573 2840 1635 2868 llaec
1657 2841 1753 2869 desunt
1784 2841 1812 2868 in

1052 2878 1101 2904 r.l

1141 2912 1178 2939 Τά
1197 2911 1280 2946 έξῆςν
1295 2912 1361 2948 Reg.
1378 2912 1424 2945 hu,
1439 2917 1464 2940 el.
1479 2912 1525 2940 0r.
1540 2911 1607 2939 1.τὸ
1622 2911 1694 2945 ἑξῆς.
