2060 3140
210 178 279 206 “55

767 177 896 206 ORATIO
915 178 1010 206 XXIII.
1024 179 1110 206 -ΒΕ
1128 178 1216 206 PACE
1235 178 1279 206 III.

1757 179 1828 207 1153

209 236 275 267 κῶν,
299 234 334 262 τὰ
353 233 407 260 τῶν
423 234 536 270 πλησίον
552 233 696 270 τραύματα
710 234 780 269 (76);
807 235 862 261 εῖθε
882 235 994 266 δικαίως

1050 239 1221 270 exaggerent,
1236 239 1317 269 atque
1331 234 1364 262 ab
1381 234 1477 262 alienis
1491 233 1610 270 lapsibus
1624 234 1826 262 excusationem

209 281 346 316 κρίνοντες
356 277 423 306 ίἮν
438 279 492 314 γὰρ
504 279 536 306 ἄν
550 288 575 305 τι
586 280 633 305 καὶ
647 279 727 314 χολῆς
741 280 848 314 ὄφελος,
867 280 936 307 κατὰ
946 280 994 315 τὴν

209 325 357 362 παροιμίαν
374 325 440 360 (77),
457 326 482 350 εί
498 324 573 359 φόϐῳ
593 324 647 351 τῶν
661 324 766 360 ἐχθρῶν
784 325 905 360 ὑπῆρχεν
925 323 994 351 εἶναι

209 371 443 407 ἀσφαλεστέρους·
461 369 509 396 νῦν
531 370 560 396 δὲ
584 369 653 405 μετὰ
674 370 724 404 τῆς
744 369 855 405 ἔχθρας,
876 371 923 398 καὶ
946 371 995 405 τῆς

209 417 404 451 ἐπισκοτούσης
425 417 481 447 τοῖς
503 416 642 451 λογισμοῖς
662 415 770 448 κακίας,
789 416 834 450 ὑφ’
855 414 889 452 ἧς
905 417 966 443 οὐδὲ
982 418 996 444 ὁ

208 464 290 498 ψόγος
310 463 366 498 ἔχει
389 463 418 489 τὸ
438 462 602 494 ἀξιόπιστον.
626 462 680 489 Ποῦ
696 462 786 488 τοίνυν
806 463 830 488 οἱ
854 462 996 497 μισοῦντες

208 511 306 546 ἐπίσης
321 510 368 536 καὶ
381 508 495 544 θεότητα
511 509 557 535 καὶ
574 509 664 544 ἡμᾶς
677 508 754 535 τοῦτο
770 508 825 544 γὰρ
840 505 877 535 ὧν
893 508 995 543 πάσχο-

173 567 178 571 -
210 565 259 591 μεν
271 556 302 581 τὸ
315 555 612 590 μεγαλοπρεπέστατον,
629 555 668 580 ὅτι
685 554 754 590 μετὰ
765 554 832 581 Θεοῦ
846 554 997 581 κινδυνεύο-

210 610 269 637 μεν.
285 601 340 628 Ποῦ
361 609 426 627 ποτε
441 601 505 636 ἡμῖν
525 601 550 627 οἱ
566 600 620 627 τῶν
639 600 710 627 ίδίων
724 601 806 636 πρᾶοι
824 601 927 635 κριταὶ,
942 601 996 627 τῶν

208 648 236 674 δὲ
250 647 398 683 ἀλλοτρίων
411 646 535 683 ἀκριϐεῖς
551 646 702 680 ἐξετασταὶ,
715 647 759 673 ἵνα
775 646 913 674 κάνταῦθα
928 646 996 681 ψεύ-

208 693 306 721 δωνται
321 693 369 729 τὴν
381 693 508 728 ἀλήθειαν
519 701 527 726 ;
544 693 599 719 Ποῦ
615 702 679 719 ποτε
690 694 756 728 ἡμῖν
766 694 791 719 οἱ
806 693 841 720 τὰ
852 693 998 729 τραύματα

208 739 326 775 ἔχοντες,
340 739 459 770 καὶτοὺς
474 739 609 774 μώλωπας
620 738 810 770 ὀνειδίζοντεςς
825 738 850 764 οἱ
866 738 900 764 τὰ
914 746 998 773 προσ-

209 786 338 821 κόμματα
354 785 537 820 διασύροντες,
565 785 612 812 καὶ
638 785 671 811 τὰ
690 784 824 819 πτώματα
849 783 926 810 αὐτοὶ
942 784 996 811 πά-

211 839 336 866 σχοντες;
356 832 380 858 οἱ
403 831 441 865 τῷ
466 831 588 867 βορϐόρῳ
611 831 865 866 ὲγκαλινδούμενοι,
881 831 927 857 καὶ
941 831 997 862 τοῖς

211 877 316 908 σπίλοις
342 877 419 912 ἡμῶν
447 876 707 912 ὲπευφραινόμενοις
727 877 751 902 οί
772 877 831 907 ταῖς
848 876 937 907 δοκοῖς
949 884 997 901 τυ-

1045 281 1118 308 vitiis
1130 280 1186 307 suis
1204 280 1345 315 quaerant?
1361 280 1470 308 Utinam
1482 279 1734 314 rectejudicarent!
1750 279 1829 307 Esset

1045 326 1116 353 enim
1135 325 1226 360 aliqua
1239 327 1320 353 etiam
1335 326 1396 354 bilis
1409 326 1521 360 utilitas,
1535 331 1565 354 ut
1577 331 1618 354 est
1629 327 1655 354 in
1671 326 1827 361 proverbio,

1048 371 1069 398 si
1096 371 1266 399 inimicorum
1292 377 1366 400 metu
1389 373 1525 400 cautiores
1551 372 1738 400 eﬂiceremur:
1756 379 1828 399 nunc

1045 420 1134 442 autem
1151 423 1212 443 cum
1230 416 1292 443 odio
1312 421 1340 444 et
1361 417 1443 444 animi
1460 417 1641 452 improbitate.
1655 425 1714 452 qua
1730 417 1827 445 rationi

1048 461 1174 489 tenebras
1196 462 1320 493 ollundit.
1333 466 1361 489 et
1381 463 1415 490 ob
1431 470 1512 496 quam
1536 469 1570 489 ne
1590 463 1752 497 vituperatio
1766 463 1822 497 qui«

1047 510 1108 536 dem
1130 509 1211 536 ullam
1225 509 1414 536 auctoritatem
1431 509 1524 540 habet,
1536 510 1568 535 ad
1585 509 1762 543 judicandum
1781 516 1828 537 ac-

1046 555 1155 582 cedunt.
1175 555 1223 582 Ubi
1243 559 1306 582 sunt
1321 555 1412 590 igitur,
1435 555 1480 589 qui
1499 555 1666 582 divinitatem
1684 555 1788 589 pariter
1801 560 1830 582 et

1047 609 1097 628 nos
1108 600 1241 628 oderunt?
1256 600 1312 627 Hoc
1329 601 1400 627 cnitn
1424 608 1457 627 ex
1479 601 1615 632 omnibus,
1628 609 1688 635 qua:
1701 601 1828 636 patimur,

1047 646 1258 674 illustrissimum
1297 650 1324 673 et
1350 646 1644 680 magnificentissimum
1669 652 1732 678 est,
1754 647 1827 681 quod

1046 699 1106 718 cum
1125 691 1179 718 Deo
1195 690 1390 726 periclitamur.
1411 690 1459 718 Ubi
1479 696 1554 723 sunt,
1572 690 1617 725 qui
1644 692 1754 718 suornm'
1770 691 1831 726 qui-

1047 738 1107 764 dem
1131 737 1265 764 mansueti
1292 741 1319 763 et
1344 737 1441 772 placidi
1459 736 1564 770 iudices
1583 740 1656 769 sunt,
1681 736 1829 764 alienorum

1049 787 1138 810 autem
1162 781 1248 810 seve'ri
1267 789 1406 814 censores,
1423 786 1451 808 ut
1464 782 1507 808 hic
1524 789 1632 816 quoque
1646 781 1738 809 fucum
1757 783 1829 809 veri-

1048 828 1096 855 tati
1110 827 1229 854 faciant?
1244 826 1293 854 Ubi
1306 832 1378 859 sunt,
1391 827 1434 861 qui
1451 827 1552 854 vibices
1566 827 1643 854 nobis
1656 828 1754 862 probro
1770 835 1831 855 ver-

1052 877 1123 904 tunt,
1143 879 1205 899 cum
1228 872 1279 907 ipsi
1303 872 1414 900 vulnera
1435 872 1567 900 habeant?
1589 872 1640 906 Qui
1668 872 1830 900 oﬂ'endicula

210 921 385 956 φλώττοντες,
397 922 445 948 καὶ
455 921 488 948 τὰ
499 922 590 956 κάρφη
602 921 794 957 προφέροντες,
806 921 825 948 ἃ.
837 922 905 956 μήτε
917 920 997 947 λυπεῖ

1050 922 1140 944 nostra
1161 917 1312 952 exagitant,
1331 925 1390 944 cum
1414 918 1528 953 turpiter
1552 919 1602 952 ipsi
1626 918 1804 953 prolabantur
1819 919 1832 946 ἲ

209 967 269 994 λίαν
286 967 443 1002 ὲγκείμενα,
463 967 530 1002 μήτε
550 967 666 1002 χαλεπὸν
687 966 926 1002 ἁποσκευασθῆναι
949 966 996 994 καὶ

209 1013 418 1048 ὰποφυσηθῆναι
429 1015 478 1049 τῆς
491 1012 580 1048 ὅψεως

1049 965 1100 998 Qui
1126 963 1241 991 maculis
1266 963 1368 991 nostris
1393 964 1520 999 gaudent,
1537 972 1597 991 cum
1629 965 1678 999 ipsi
1705 966 1733 992 in
1752 972 1832 992 ειεηο

1049 1009 1225 1037 volutentur?
1241 1009 1291 1042 Qui
1313 1009 1431 1045 festucas
1456 1010 1533 1037 nobis
1548 1010 1690 1045 objiciunt,
1702 1018 1762 1045 qua:
1777 1018 1828 1038 nec

210 1062 359 1089 insidentes
375 1069 500 1096 magnum
521 1061 638 1088 dolorem
670 1061 796 1094 at‘t‘ernnt,
821 1066 848 1089 et
873 1060 953 1089 facile
978 1059 1074 1094 depelli
1103 1063 1183 1093 atque
1209 1056 1294 1084 eﬂlari
1318 1057 1353 1084 ab
1374 1057 1459 1085 oculis
1491 1063 1612 1092 possunt,
1643 1065 1703 1086 cum
1723 1058 1831 1086 interim

210 1108 260 1143 ipsi
277 1109 393 1135 trabium
406 1108 475 1135 mole
488 1108 609 1142 oppressi
623 1108 739 1142 caligent
749 1108 792 1134 9°?

245 1154 282 1182 I".
303 1155 387 1190 Δεῦρο
403 1154 550 1190 μετάσχετε
565 1153 620 1180 τῶν
646 1154 810 1190 ἀπορρήτων
827 1153 881 1180 τῶν
896 1153 997 1188 ἡμετέ-

211 1209 281 1237 ρων·
303 1200 438 1235 καλοῦμεν
456 1201 527 1235 ὑμᾶς
540 1201 580 1231 εἰς
588 1200 618 1226 τὺ
635 1200 784 1235 συνέδριον,
801 1199 848 1226 καὶ
867 1199 998 1234 μισούμε-

210 1255 267 1274 νοι⁸
281 1246 411 1282 χρώμεθα
433 1247 583 1282 διαιτηταῖς
606 1247 661 1278 τοῖς
678 1246 799 1281 ἐχθροῖς,
819 1246 852 1277 (ὣ
869 1247 919 1281 τῆς
946 1245 996 1271 αὺ-

212 1294 329 1326 θαδείας,
345 1293 361 1329 ἦ
375 1293 424 1328 τῆς
436 1292 590 1329 παρρησίας
601 1293 619 1325 ί)
633 1292 665 1318 ἶν’
678 1292 813 1327 ἀπέλθητε
827 1291 995 1327 ῂσχυμμένοι

211 1340 258 1366 καὶ
271 1338 427 1374 ἡττημένοι,
441 1337 477 1372 (τί
491 1336 593 1363 τούτων
608 1337 663 1371 (78)
678 1336 889 1371 παραδοξότερον
899 1337 923 1371 ;)
943 1344 996 1370 μα-

212 1383 304 1414 θόντες
326 1382 404 1418 ἡμῶν
424 1381 474 1417 τὴν
493 1381 597 1415 ὑγίειαν
619 1379 649 1412 ἑξ
664 1377 700 1407 ὦν
715 1381 940 1416 ἡρῤωστήσαμεν.
958 1380 995 1406 Οὐ

212 1429 266 1466 γὰρ
284 1429 349 1465 περὶ
364 1428 491 1463 θεότητος
503 1426 695 1462 διηνέχθημεν,
711 1426 768 1452 ἀλλ’
785 1426 854 1461 ὑπὲρ
869 1425 996 1457 εὐταξίας

212 1475 420 1511 ὴγωνισάμεθα”
444 1474 498 1501 οὐδ’
517 1473 650 1508 ὁποτέραν
663 1472 704 1498 δεῖ
723 1471 777 1498 τῶν
794 1471 925 1498 ἀσεϐειῶν
941 1471 998 1506 «79)

213 1521 320 1548 ἑλέσθαι
336 1521 435 1556 μᾶλλον
450 1519 708 1555 ἠμφισὸητήσαμεν,
722 1518 777 1545 εἴτε
790 1518 838 1553 τὴν
857 1517 999 1553 συναιροῦ-

1084 1150 1129 1178 ΙΙΙ.
1147 1150 1226 1184 Agite
1252 1151 1345 1185 igitur,
1370 1154 1457 1177 estote
1486 1157 1647 1178 arcanorum
1679 1155 1831 1178 nostrorum

1048 1196 1209 1231 participes;
1233 1197 1266 1223 ad
1285 1196 1427 1223 concilium
1450 1203 1509 1227 vos,
1525 1195 1607 1223 etiam
1633 1197 1720 1229 exosi,
1748 1203 1831 1224 voca-

1048 1251 1125 1275 mus;
1147 1242 1256 1269 arbitris
1282 1243 1403 1269 hostibus
1427 1242 1545 1272 utimur.
1561 1242 1589 1278 (ο
1608 1235 1739 1277 insignem
1756 1251 1833 1271 arro-

1047 1287 1177 1322 gantiam,
1200 1287 1242 1313 vel
1267 1288 1355 1322 potius
1381 1287 1535 1322 ﬁduciam!)
1561 1292 1589 1314 ut
1612 1287 1714 1322 pudore
1736 1288 1831 1316 suﬂ‘usi

1048 1333 1166 1366 victique
1191 1332 1336 1364 recedatis,
1353 1331 1417 1367 (quo
1430 1332 1493 1367 quid
1517 1340 1602 1367 magis
1623 1340 1720 1360 novum
1736 1341 1767 1360 ac
1781 1334 1834 1360 mi-

1047 1387 1106 1406 rum
1128 1378 1190 1414 tingi
1205 1378 1331 1413 potest?)
1356 1379 1463 1413 cognita
1489 1379 1629 1411 nimirum,
1658 1387 1691 1406 ex
1714 1387 1747 1407 eo
1773 1380 1833 1415 ipso

1048 1423 1120 1458 quod
1141 1423 1342 1457 aegrotavimus,
1365 1428 1458 1450 nostra
1483 1423 1609 1450 sanitate.
1626 1423 1684 1450 Non
1705 1424 1776 1450 cnim
1801 1425 1835 1452 de

1049 1469 1150 1496 deitate
1165 1469 1354 1501 dissensimus,
1373 1469 1418 1497 sed
1430 1469 1534 1496 ordinis
1546 1477 1578 1496 ac
1592 1470 1742 1505 disciplinae
1753 1478 1834 1499 causa

1051 1515 1234 1548 certavimus;
1250 1522 1298 1542 nec
1315 1515 1348 1542 de
1365 1523 1397 1542 eo
1413 1516 1486 1542 inter
1501 1523 1550 1543 nos
1566 1517 1703 1544 contentio
1719 1512 1832 1550 exstitii,

213 1577 263 1594 σαν
277 1567 358 1599 Θεὸν,
375 1567 392 1602 ἢ
407 1566 456 1601 τὴν
484 1565 646 1601 τέμνουσαν,
661 1565 714 1590 εἴτε
724 1564 778 1599 (80)
787 1563 817 1590 τὸ
826 1563 935 1598 Πνεῦμα
954 1563 998 1598 μό-

1052 1565 1112 1586 utra
1136 1560 1261 1594 impietas
1286 1561 1374 1595 potius
1398 1559 1481 1596 427
1502 1560 1625 1596 eligenda
1648 1566 1731 1594 esset,
1755 1569 1834 1595 eane,

213 1623 257 1641 vov
277 1613 330 1640 ἀπὺ
349 1613 399 1649 τῆς
416 1612 509 1648 θεῖκῆς
531 1611 633 1643 οὐσίας,
654 1611 708 1637 είτε
727 1611 773 1636 καὶ
792 1609 847 1644 (81)
866 1609 911 1635 τὸν
936 1609 999 1636 Υἱὺν

214 1660 281 1695 πρὸς
294 1658 334 1694 τῷ
348 1658 497 1693 Πνεύματι,
511 1657 558 1692 τὴν
574 1657 637 1691 μίαν
656 1657 763 1691 μοῖραν,
780 1655 795 1690 ῆ
815 1654 865 1686 τὰς
883 1654 930 1680 δύο
951 1654 1000 1688 τῆς

213 1706 349 1737 ἀσεὸείας,
367 1704 459 1731 Ταῦτα
479 1703 544 1738 γὰρ,
559 1703 596 1734 ὡς
615 1703 644 1728 ὲν
657 1700 714 1737 (82)
730 1700 870 1735 κεφαλαίῳ
886 1699 999 1734 περιλα-

213 1752 281 1784 6εἴν,
298 1750 333 1777 τὰ
344 1750 391 1777 νῦν
406 1749 626 1786 ἁῤῥωστήματα⁶
644 1746 737 1781 ἐπειδὴ
759 1745 905 1776 ἀναϐάσεις
922 1746 950 1771 ὲν
965 1745 998 1780 τῇ

213 1796 310 1832 καρδίᾳ
335 1795 452 1822 τίθενται
473 1795 540 1828 (83),
566 1793 615 1828 οὐχ
643 1791 798 1827 ὁμολογίας,
827 1791 884 1817 ἀλλ’
915 1790 995 1826 ἀρνή-

214 1851 283 1874 σεως
300 1841 366 1877 (84)
384 1841 444 1867 οὐδὲ
455 1839 604 1874 θεολογίας,
619 1838 687 1865 ἀλλὰ
704 1836 889 1872 βλασφημίας.
903 1836 999 1867 ’Δλλος

214 1887 268 1923 γὰρ
281 1887 361 1914 ἄλλου
375 1885 576 1922 φιλοτιμότερος
586 1885 615 1910 ὲν
628 1884 667 1918 τῷ
680 1883 786 1917 πλούτῳ
798 1882 847 1917 τῆς
861 1881 998 1913 ἀσεῦείας,

215 1932 309 1968 ὥσπερ
325 1931 482 1962 δεδοικότες,
499 1931 529 1957 οὐ
541 1929 571 1956 τὸ
583 1929 702 1960 ἁσεῦεἰν,
716 1927 785 1954 ἀλλὰ
795 1927 825 1954 τὸ
840 1927 938 1962 μέτρια
952 1926 999 1953 καὶ

215 1979 316 2015 ἐτέρων
331 1978 425 2013 φιλανθ
429 1977 580 2014 ρωπότερα.
706 1972 709 1974 ’

1051 1613 1111 1640 quae
1135 1605 1220 1632 Deum
1249 1605 1395 1636 contrahit,
1424 1613 1458 1632 an
1489 1605 1533 1632 illa
1564 1613 1623 1640 quae
1635 1606 1676 1633 vel
1704 1606 1836 1641 Spiritum

1050 1655 1174 1679 sanctum
1197 1651 1338 1683 duntaxat,
1362 1651 1404 1678 vel
1428 1651 1526 1678 Filium
1549 1659 1654 1686 quoque
1677 1652 1764 1687 ipsum
1780 1660 1833 1680 una

1051 1705 1111 1724 cum
1128 1697 1230 1732 Spiritu
1242 1705 1256 1723 a
1269 1697 1359 1724 divina
1383 1698 1502 1725 essentia
1517 1697 1640 1725 distrahit
1654 1706 1661 1723 :
1674 1697 1833 1731 alterumue,

1053 1743 1177 1777 inquam,
1193 1751 1227 1770 an
1246 1748 1389 1777 utramque
1405 1743 1550 1778 impietatis
1572 1748 1675 1778 partem
1690 1744 1833 1778 amplecte-

1053 1796 1155 1816 remur.
1173 1788 1205 1815 Ili
1225 1789 1308 1820 enim,
1319 1793 1348 1815 ut
1363 1789 1388 1816 in
1406 1797 1505 1824 genere
1522 1789 1620 1821 dicam,
1636 1789 1748 1824 hujusce
1763 1794 1836 1817 tem~

1052 1835 1167 1870 pestatis
1195 1834 1281 1861 morbi
1305 1839 1383 1867 sunt;
1404 1842 1464 1862 cum
1489 1835 1597 1870 quidam
1620 1835 1675 1862 sint
1696 1836 1834 1868 homines,

1053 1881 1097 1915 qui
1117 1881 1289 1908 ascensiones
1306 1881 1333 1908 in
1358 1881 1439 1909 corde
1468 1889 1518 1908 suo
1545 1882 1680 1915 ponunt‘,
1698 1889 1751 1909 non
1770 1889 1835 1909 con-

1053 1926 1189 1958 fessionis,
1219 1926 1265 1954 sed
1299 1927 1478 1962 abjurationis
1503 1934 1578 1954 :non
1608 1927 1758 1962 theologia,
1787 1928 1836 1955 sed

1054 1972 1240 2006 blasphemiae.
1262 1972 1339 1999 Alius
1359 1972 1431 1999 enim
1452 1971 1506 1999 alio
1522 1972 1548 1999 in
1570 1972 1717 2008 impietatis
1740 1973 1838 2008 opibus

214 2025 352 2054 liberalior
380 2031 411 2051 ac
435 2023 569 2058 profusior
587 2025 638 2052 est,
673 2020 784 2056 perinde
826 2025 908 2054 atque
928 2026 981 2045 non
1003 2018 1030 2045 id
1050 2021 1182 2051 metuant,
1201 2025 1236 2045 ne
1263 2017 1352 2052 impiis
1373 2017 1514 2045 erroribus
1545 2025 1605 2045 sese
1634 2018 1836 2053 constringant,

216 2073 262 2100 sed
285 2080 319 2100 ne
346 2072 396 2098 hac
412 2071 438 2097 in
458 2077 489 2097 re
510 2069 704 2096 moderatiores
721 2072 801 2101 atque
821 2067 994 2094 humaniores
1011 2065 1075 2097 sint.
1093 2073 1174 2100 quam
1188 2066 1289 2093 caeteri.

252 2122 288 2147 Δ¹.
314 2121 409 2155 Ἡμεῖς
427 2118 449 2145 δ’
461 2119 510 2154 οὐχ
519 2117 615 2149 οὕτως.
637 2116 705 2143 Ἀλλ’
723 2116 793 2152 ὑπὲρ
811 2116 860 2151 μὲν
874 2115 1000 2150 θεότητος

217 2164 423 2201 συμφρονοῦμέν
435 2172 464 2190 τε
479 2163 526 2189 ριαὶ
538 2161 732 2197 συμϐαίνομεν,
745 2161 795 2196 οὺχ
808 2159 887 2196 ἦττον
900 2160 916 2196 ἤ
933 2159 1000 2196 πρὸς

218 2211 316 2246 ἑαυτὴν
328 2211 344 2245 ὴ
360 2210 465 2244 θεότης,
483 2210 506 2235 εἰ
519 2208 556 2243 μὴ
570 2208 641 2242 μέγα
657 2206 735 2234 τοῦτο
748 2207 844 2238 εἰπεῖν,
863 2205 911 2232 καὶ
920 2205 1000 2240 γεγό-

217 2265 303 2292 ναμεν
323 2255 410 2291 χεῖλος
437 2254 465 2281 ἓν
489 2254 536 2281 καὶ
564 2252 638 2288 φωνὴ
662 2252 720 2288 μία,
735 2252 864 2283 ἐναντίως
883 2251 899 2287 ἢ
916 2252 939 2277 οἱ
956 2250 1001 2277 τὸν

218 2302 321 2337 πύργον
339 2300 540 2335 οἰκοδομοῦντες
560 2299 592 2325 τὸ
612 2298 752 2334 πρότερον.
774 2298 806 2324 Οἱ
822 2297 872 2331 μὲν
885 2297 938 2332 γὰρ
956 2297 1002 2322 ἐπὶ

219 2347 296 2383 κακῷ
312 2346 503 2382 συνεφρόνουν·
524 2346 588 2380 ἡμῖν
603 2345 631 2372 δὲ
653 2344 699 2371 ἐπὶ
722 2344 803 2371 παντὶ
821 2343 950 2379 βελτίστῳ
968 2342 1005 2369 τὰ

218 2395 268 2430 τῆς
277 2393 413 2428 ὁμονοίας,
432 2391 465 2418 ἵν’
479 2390 650 2426 ὁμοθυμαδὸν
663 2390 691 2416 ὲν
707 2390 748 2416 ἑνὶ
758 2389 870 2423 στόματι
886 2388 1002 2421 δοξάζω-

221 2449 271 2477 μεν
287 2440 332 2466 τὸν
344 2438 462 2473 Πατέρα,
479 2437 579 2464 καὶτὸν
595 2437 669 2466 Υἰὸν.
682 2436 728 2462 κα)⁵
742 2435 772 2461 τὸ
789 2435 866 2469 ἅγιον
880 2434 1002 2470 Πνεῦμα,

219 2487 266 2513 καὶ
288 2485 364 2512 τοῦτο
384 2484 495 2519 λέγηται
514 2483 577 2517 περὶ
599 2482 686 2518 ἡμῶν.
707 2481 748 2508 ὅτι
762 2481 845 2512 ὅντως
863 2481 877 2507 ὁ
891 2480 956 2511 Θεὸς
974 2481 1005 2506 ὲν

219 2533 286 2567 ἡμῖν
300 2532 383 2563 ἐστιν,
395 2530 410 2556 ὁ
423 2529 486 2561 τοὺς
500 2529 625 2560 ὲνοῦντας
643 2528 723 2555 αὑτὸν
737 2526 792 2563 (85)
812 2526 890 2558 ἑνῶν,
902 2526 948 2552 καὶ
962 2525 1004 2552 δο-

256 2589 278 2604 "
291 2588 384 2616 Matth.
400 2595 447 2619 vn,
464 2587 492 2614 4.
531 2586 539 2602 ³
553 2585 622 2613 Psal.
636 2593 751 2617 Lxxxut,
765 2584 792 2611 6.
829 2585 840 2600 ³
852 2582 920 2611 Gen.
934 2590 973 2614 ιι,
990 2582 1003 2609 1

257 2633 313 2669 (76)
335 2633 372 2660 Τὰ
390 2633 450 2669 τῶν
471 2633 606 2669 πλησίον
621 2633 783 2667 τραύματα.
800 2631 883 2669 Elias,
896 2629 933 2656 τὰ
952 2630 1007 2669 τῷν

222 2665 368 2705 ἀλλοτρίων
384 2665 532 2703 πτώματα(
541 2665 642 2696 Plures
649 2665 726 2695 codd.
745 2676 793 2704 pro
804 2665 950 2702 τραύματα
968 2665 1008 2692 Ie—

223 2704 467 2741 ειηιιγπταίσματα.

258 2740 314 2782 ιπ)
332 2735 664 2782 κςιίάίὴννπῖαροψίαν·
682 2737 788 2782 «νει
799 2735 1002 2782 latuerat-3

224 2785 233 2800 ι
250 2770 403 2808 Usu'rpatur
414 2770 465 2800 hoc
480 2770 663 2808 proverbium,
676 2783 685 2799 ›
705 2770 880 2808 inquitElias,
900 2780 910 2796 ‹
925 2772 958 2798 de
970 2770 1005 2808 _i_l-

222 2810 254 2836 Iis
271 2805 403 2843 qni-inde
416 2805 528 2842 capiunt
543 2808 695 2842 utilitatem,
717 2805 786 2835 unde
805 2807 908 2834 utilitas
932 2805 1003 2834 nulla

222 2844 442 2876 exspectabatur.
460 2852 470 2868 ι

259 2874 315 2921 ςἹὸ)
341 2879 373 2906 TI
398 2878 520 2906 τούτων.
545 2878 612 2914 Reg.
637 2878 691 2911 btn,
710 2881 764 2906 tres
782 2876 870 2910 Colb.,
895 2874 964 2910 Jes.,
979 2874 1005 2902 τί

223 2921 269 2940 του
273 2921 327 2942 του,

1088 2114 1132 2142 IV.
1156 2113 1253 2141 Nostra
1281 2119 1370 2142 autetn
1404 2121 1457 2141 non
1475 2115 1569 2142 eadem
1595 2118 1636 2142 est
1663 2115 1742 2141 ratio.
1769 2114 1835 2142 Nam

1053 2160 1124 2194 quod
1142 2161 1174 2187 ad
1192 2160 1361 2187 divinitatem
1377 2161 1484 2193 attinet,
1502 2168 1553 2187 non
1572 2160 1659 2187 minus
1680 2168 1760 2194 quam
1779 2161 1837 2196 ipsa

1054 2214 1144 2233 secum
1165 2207 1302 2239 divinitas,
1321 2206 1371 2233 nisi
1398 2214 1523 2242 magnum
1542 2207 1593 2233 hoc
1613 2207 1685 2233 dictu
1702 2207 1748 2240 sit,
1764 2206 1837 2234 inter

1055 2260 1104 2279 nos
1126 2253 1312 2279 consentimus
1338 2256 1419 2287 atque
1454 2253 1666 2285 concortlamus;
1684 2252 1839 2286 labiumqne

1055 2305 1138 2325 unum
1163 2303 1190 2325 et
1214 2306 1264 2325 vox
1282 2305 1334 2324 una
1352 2306 1445 2325 sumtis
1454 2299 1476 2330 ²,
1492 2302 1584 2325 contra
1602 2303 1690 2324 tamen
1710 2303 1790 2332 atque
1808 2297 1837 2328 ii,

1056 2344 1101 2378 qni
1127 2344 1223 2371 turrim
1240 2344 1303 2371 olim
1329 2343 1516 2370 exstruebant.
1536 2343 1574 2370 Illi
1601 2342 1672 2370 enim
1694 2344 1720 2369 in
1739 2341 1838 2369 malum

1057 2390 1251 2424 conspirabant
1264 2410 1272 2422 ,
1287 2397 1336 2417 nos
1354 2394 1442 2416 autem
1473 2390 1507 2416 ob
1531 2389 1710 2424 pulcherrima
1727 2396 1842 2422 quteque

1058 2436 1231 2463 concordiam
1256 2435 1379 2469 colimus,
1395 2440 1423 2462 ut
1448 2435 1589 2462 unanimes
1614 2440 1695 2469 atque
1714 2441 1768 2462 uno
1792 2441 1840 2460 ore

1057 2479 1175 2514 Patrem,
1191 2486 1217 2508 et
1233 2480 1341 2513 Filium,
1360 2486 1386 2508 et
1409 2480 1538 2514 Spiritum
1563 2485 1685 2508 sanctum
1701 2479 1838 2515 gloriﬁce-

1059 2533 1117 2553 mus
1128 2546 1136 2560 ,
1151 2527 1230 2561 idque
1250 2528 1282 2554 de
1299 2527 1376 2554 nobis
1392 2527 1561 2561 praedicetur,
1573 2527 1643 2562 quod
1668 2533 1729 2553 vere
1749 2526 1774 2553 in
1792 2533 1838 2553 no-

1106 2627 1150 2663 79)
1172 2627 1233 2654 Τῶν
1244 2627 1396 2663 ἀσεὸειῶν.
1410 2626 1509 2658 Oxon.,
1524 2626 1574 2663 τὴν
1587 2626 1722 2663 ἀσέϐειαν.

1109 2661 1154 2697 80)
1176 2663 1211 2689 Ἢ
1236 2663 1293 2695 τὴν
1304 2662 1485 2696 τέμνουσαν,
1502 2661 1570 2694 εἴτε,
1585 2667 1638 2688 etc.
1657 2661 1749 2687 Plures
1764 2661 1839 2688 codi-

1061 2696 1106 2726 ces
1119 2696 1228 2729 habent,
1241 2698 1295 2723 εἴτε
1306 2697 1466 2731 τέμνουσαν,
1478 2697 1524 2723 καὶ
1537 2697 1697 2732 τέμνουσαν,
1706 2696 1771 2732 εἴτε,
1786 2702 1838 2723 etc.

1093 2733 1149 2769 (8t)
1170 2733 1237 2769 Εττε
1253 2733 1312 2769 gul.
1332 2730 1377 2769 Sic
1394 2733 1484 2769 plures
1497 2730 1575 2759 codd.
1592 2731 1677 2769 peest
1693 2730 1738 2757 καί
1753 2731 1778 2758 in
1795 2733 1839 2758 cd.

1094 2766 1151 2804 (82)
1177 2768 1235 2804 Ἐν.
1254 2767 1375 2804 Deestin
1394 2767 1572 2804 Ileg._bm,__et
1587 2766 1633 2793 0r.
1654 2767 1680 2793 1.

1094 2801 1150 2837 (85)
1173 2803 1313 2837 Τίθενται.
1328 2801 1455 2834 Montac.,
1468 2801 1641 2828 διατίθενται.

1106 2836 1150 2872 84)
1175 2836 1347 2871 Ἇρνήσεως.
1360 2837 1441 2872 Coisl.
1463 2837 1488 2867 1,
1499 2837 1621 2872 ἄρνησις.

1177 2870 1334 2910 Erotivm;
1356 2871 1462 2910 utitor:
1487 2870 1583 2910 peest_
1597 2871 1678 2910 αρτον
1709 2870 1738 2910 in_
1761 2877 1840 2910 ‘non-

1059 2905 1145 2936 nullis
1155 2908 1303 2936 codicibus.
1316 2907 1399 2936 Uoiil.
1417 2908 1428 2934 ί
1450 2906 1541 2940 habet,
1557 2905 1699 2937 αίνοῦντας
1712 2905 1804 2932 αἰνῶν.

1141 2769 1151 2872 ξ
