2060 3140
208 179 277 207 1157

771 174 900 203 ORATIO
920 175 1111 203 XXIIL—DE
1130 176 1218 205 PACE
1237 177 1280 205 Ill.

1757 181 1827 208 “58

206 247 242 274 ρα
254 236 387 272 χεθέντος,
408 236 438 262 τὸ
451 236 480 262 ὲν
499 236 557 266 ταῖς
572 234 670 270 ψυχαῖς
696 235 875 270 ἀποκείμενον
887 243 893 249 ·
912 235 927 270 ή
933 234 989 270 μῶν

1043 241 1130 268 erant,
1160 235 1316 264 exsuscitati
1346 240 1429 268 sunt;
1449 240 1538 264 tamen
1559 237 1584 264 id
1601 244 1707 272 quoque
1736 246 1826 266 sermo

203 284 232 311 δὲ
244 282 391 310 ἀκούσεσθε
405 282 495 314 πάλιν,
512 283 536 309 εί
551 282 632 309 πάλιν
647 281 768 308 ποθεῖτε·
784 281 831 308 καὶ
847 282 870 308 εί
897 281 933 317 μὴ
950 289 989 316 τῳ

204 331 272 366 πρὸς
285 329 419 362 ἀπόδειξιν
432 329 511 356 ἱκανὰ
519 329 554 356 τὰ
566 328 775 366 δημοσιευθὲντα
790 327 928 359 πολλάκις,
944 327 989 354 καὶ

203 376 228 402 οι
246 375 403 411 πειρασμοὶ,
423 375 469 402 καὶ
488 375 513 401 oi.
532 374 659 410 λιθασμο)⁵
673 375 739 410 (98),
761 376 807 407 οὓς
829 384 857 402 τε
877 375 926 411 ἤδη
940 383 990 401 πε-

205 420 352 456 πόνθαμεν,
374 420 422 446 καὶ
443 417 483 451 οἷς
503 420 718 455 ηὐτρεπίσμεθα,
743 420 773 446 οὐ
789 421 820 446 τὸ
834 420 929 446 παθεῖν
942 418 990 454 ζη-

205 466 280 500 μίαν,
295 467 326 492 τὸ
341 467 369 493 δὲ
390 467 427 502 μὴ
442 467 537 493 παθεῖν
553 467 704 502 κρίνοντες·
715 467 768 493 καὶ
784 466 902 501 τοσούτῳ
922 465 990 501 μᾶλ-

203 511 258 542 λον,
286 511 340 546 ὅσῳ
368 511 422 537 τῶν
450 511 519 547 ὑπὲρ
546 511 664 547 Χριστοῦ
686 511 816 538 κινδύνων
839 511 990 546 γεγεύσμε-

204 560 238 586 θα
251 561 317 595 (99),
332 558 369 587 ὧν
384 560 431 587 καὶ
444 567 548 595 καρπον
562 560 672 596 ἄριστον
682 559 867 595 ὴνεγκάμεθα,
880 559 928 595 τὴν
941 558 988 585 τοῦ

202 606 267 634 λαοῦ
277 607 354 634 τοῦδε
368 606 541 642 συναύξησιν.

1043 283 1214 317 persuadeat.
1236 282 1312 309 lllum
1334 283 1442 318 quidem
1466 283 1521 318 jam
1552 283 1687 316 audiistis,
1705 284 1827 318 meisque

1043 327 1153 354 auribus
1172 335 1328 354 sermonum
1355 328 1438 362 ipsius
1466 328 1609 355 admiratio
1622 329 1768 356 etiamnum
1785 330 1826 356 in-

1043 378 1142 400 sonat:
1159 381 1209 400 nec
1238 373 1333 400 dubito
1356 374 1420 408 quin
1448 374 1534 409 majus
1558 374 1623 401 illud
1646 376 1692 407 sit,
1709 375 1779 409 quod
1800 375 1827 401 in

1043 419 1141 446 animis
1150 419 1247 446 vestris
1262 419 1427 446 reconditum
1449 425 1499 451 est,
1513 427 1594 454 quam
1609 419 1680 454 quod
1695 421 1720 447 in
1735 428 1827 448 aerem

1043 464 1132 492 fusum
1149 475 1154 492 :
1169 472 1218 492 nos
1233 470 1321 493 autem
1335 472 1428 492 rursus
1444 465 1571 497 audietis,
1588 466 1610 492 si
1633 473 1727 492 rursus
1742 473 1826 500 expe-

1043 512 1115 544 titis;
1131 517 1158 539 et
1174 512 1196 539 si
1213 512 1254 539 cui
1276 512 1395 540 nondum
1419 513 1451 539 ad
1465 513 1652 548 probationem
1678 512 1825 546 subiciunt,

1042 566 1102 593 qua:
1117 565 1305 592 saepenumero
1322 558 1430 592 publice
1447 559 1589 593 praedicata
1614 564 1687 591 sunt,
1703 560 1729 587 id
1743 560 1825 594 perﬂ-

1042 605 1116 632 ciant
1142 603 1305 630 tentaliones
1320 604 1372 630 illa:
1387 611 1418 631 ac
1439 604 1704 640 lapidationes,quas
1717 610 1745 632 et
1769 605 1824 638 jam

204 654 372 690 pertulimus,
388 659 415 682 ct
432 655 554 689 perferre
580 653 665 688 parati
693 661 798 684 sumus,
827 661 880 680 non
920 652 1084 680 detrimento
1120 651 1249 679 ducentes
1271 651 1339 685 pati.
1355 652 1402 678 sed
1430 653 1517 687 potius
1540 661 1592 680 non
1610 654 1662 688 pati
1679 663 1686 680 τ
1702 654 1781 688 idque
1793 660 1827 680 eo

203 701 300 734 magis.
330 699 402 733 quod
421 699 612 733 periculorum,
641 706 700 733 qua:
719 706 767 733 pro
784 698 891 725 Christo
921 698 1079 730 tolerantur,
1115 701 1222 732 gustum
1241 697 1375 732 cepimus,
1403 704 1437 725 ex
1467 698 1565 733 quibus
1588 699 1669 726 etiam
1693 701 1825 733 optimum

203 744 345 771 retulimus
375 743 500 773 fructum.
520 751 615 778 nempe
635 744 724 778 populi
740 743 820 777 hujus
835 744 1043 770 incrementum.

238 792 283 824 (Γ.
304 791 336 816 Τί
350 788 396 817 οὖν
415 790 556 825 βούλεσθε;
580 790 714 817 Πέπεισθε
732 789 822 821 τοῦτο,
845 790 893 816 καὶ
915 789 990 816 οὐδὲν
1005 807 1026 834 Β

200 837 241 864 δεῖ
257 836 427 872 πραγμάτων
442 837 518 872 ἡμῖν,
536 836 596 863 οὐδὲ
621 835 761 871 θεολογίας
779 835 918 871 δευτέρας,
941 835 988 861 καὶ

201 883 323 918 φείδεσθε
333 883 383 918 τῆς
396 883 466 918 ἐμῆς
482 882 634 913 ἀσθενείας.
647 882 691 917 ὑφ’
706 879 739 917 ἧς
755 882 819 917 ὑμῖν
838 881 885 908 καὶ
903 880 990 907 ταῦτα

202 929 279 964 μόλις
293 929 462 964 φθέγγομαι;
478 929 494 963 ἢ
508 928 558 960 δεῖ,
578 928 703 962 καθάπερ
719 928 779 959 ταῖς
797 926 919 963 βαρείαις
936 927 990 954 τῶν

199 973 300 1005 ἀκοῶν,
325 973 454 1003 πολλάκις
483 972 528 998 τὸν
549 972 629 999 αὑτὸν
654 973 760 1008 ἐνηχεῖν
783 972 872 1006 λόγον,
889 972 932 998 ἵνα
951 970 990 1006 τῷ

199 1018 320 1053 ὲπιμόνῳ
330 1017 396 1052 γοῦν
410 1018 459 1052 τῆ(³
471 1017 574 1052 φωνῆς,
589 1018 630 1048 εἰς
641 1014 867 1052 ὧταλαλήσωμεν
878 1016 990 1044 ἀκουόν-

193 1071 268 1096 ’των;
294 1063 397 1090 δοκεῖτέ
422 1071 467 1098 μοι
493 1062 540 1088 τὸν
558 1062 636 1096 λόγον
659 1062 854 1098 προκαλεῖσθαι
877 1061 921 1089 διὰ
940 1062 990 1097 τῆς

199 1109 326 1144 ἡσυχίας.
341 1109 395 1135 Καὶ
405 1109 459 1144 γὰρ
472 1108 520 1144 τὴν
533 1109 637 1144 σιωπὴν
650 1107 848 1142 συγκατάθεσιν
859 1106 938 1140 εἶναι,
952 1107 990 1134 δι-

198 1156 293 1184 δάσκει
308 1156 354 1182 καὶ
365 1157 381 1191 ἡ
391 1155 524 1190 παροιμία
538 1155 589 1190 (l).
608 1155 712 1181 Οὐκοῦν
724 1154 835 1186 δέξασθε
851 1154 927 1189 λόγον
937 1155 990 1189 ἀμ-

199 1203 332 1238 φοτέρων,
348 1203 380 1228 ὲκ
398 1203 461 1237 μιᾶς
476 1201 565 1236 ψυχῆς
587 1201 634 1227 καὶ
650 1201 708 1232 ἐνὸς
732 1201 875 1235 στόματος.
891 1200 989 1236 Ἀχθο-

200 1257 248 1284 μαι
260 1248 298 1278 δὲ,
309 1249 350 1275 ὅτι
364 1247 401 1283 μὴ
414 1248 459 1274 ἐπί
474 1257 499 1274 τι
513 1247 575 1283 ὅρος
586 1247 640 1273 τῶν
656 1246 765 1282 ὑψηλῶν
777 1246 905 1277 ἀνελθὼν,
921 1246 989 1282 μηδὲ

198 1294 291 1330 φωνὴν
307 1293 395 1320 λαϐὼν
411 1293 461 1328 τῆς
478 1292 625 1328 ἐπιθυμίας
641 1292 729 1325 ἀξίαν,
746 1293 826 1318 πᾶσιν
845 1291 912 1327 ὁμοῦ
932 1293 989 1323 τοῖς

199 1338 327 1374 φρονοῦσι
347 1337 440 1369 κακῶς
462 1337 547 1364 ταῦτα
567 1337 730 1371 φθέγγομαι,
746 1336 840 1372 ὥσπερ
857 1337 886 1363 ὲν
908 1336 989 1372 κοινῷ

199 1384 305 1418 θεάτρῳ
318 1385 350 1418 τῇ
363 1383 509 1418 οἰκουμένῃ
524 1383 561 1416 (Ξ)
576 1391 582 1397 ·
598 1382 655 1409 Υἱοὶ
672 1381 842 1416 ἀνθρώπων,
861 1382 915 1415 ἕως
936 1383 989 1408 πό-

199 1438 232 1456 τε
241 1429 456 1464 βαρυκάρδιοι;
471 1429 537 1456 Ἵνα
547 1429 575 1454 τί
589 1427 721 1462 ἀγαπᾶτε
734 1429 924 1462 ματαιότητα,
941 1427 988 1454 καὶ

1078 787 1122 814 Vl.
1140 788 1210 821 Quid
1234 789 1316 824 igitur
1337 789 1440 817 vultis?
1455 789 1545 818 Vosne
1562 791 1613 818 hoc
1630 791 1768 819 convictos
1785 796 1827 819 te-

1042 838 1097 867 net,
1120 837 1147 861 et
1161 834 1227 861 nihil
1241 842 1308 869 opus
1322 839 1374 868 est,
1389 841 1418 862 ut
1436 843 1485 863 nos
1500 836 1550 863 hac
1574 837 1607 864 de
1626 845 1655 864 re
1669 845 1824 872 gravemur,

1041 888 1090 907 nec
1104 881 1250 908 secundam
1268 881 1301 908 de
1314 882 1413 909 dcitale
1439 882 1589 910 orationem
1602 883 1761 917 habeamus,
1777 892 1827 911 no-

1041 929 1157 960 straeque
1169 926 1318 954 intirmitati
1330 927 1449 962 parcitis,
1461 935 1522 962 qua:
1531 933 1601 955 tanta
1611 933 1662 961 est,
1673 933 1702 955 ut
1713 929 1757 956 vix
1770 930 1827 957 haec

1042 969 1100 1005 ipsa
1111 971 1189 998 vobis
1204 971 1336 1005 eloquar?
1350 972 1390 998 An
1400 973 1489 1006 potius
1504 977 1617 1007 oportet,
1633 974 1706 1001 velut
1719 975 1828 1009 gravio-

1041 1017 1117 1044 ribus
1133 1018 1257 1051 auribus,
1271 1018 1394 1046 emndem
1409 1027 1561 1047 sermonem
1575 1020 1672 1056 sa‘pius
1687 1022 1826 1055 insonare.

1040 1067 1070 1090 ut
1089 1063 1215 1090 diuturna
1233 1063 1328 1090 saltem
1343 1065 1418 1091 vocis
1432 1066 1604 1093 contentione
1619 1066 1644 1092 in
1660 1067 1825 1094 audientiutn

1041 1115 1119 1136 aures
1133 1109 1240 1136 tandem
1266 1108 1348 1144 429
1367 1110 1528 1144 loquamur?
1542 1111 1594 1138 Sed
1613 1119 1655 1138 me
1670 1112 1720 1139 hac
1734 1117 1826 1140 vestra

1040 1154 1130 1188 quiete
1153 1159 1181 1181 et
1205 1154 1312 1182 silentio
1335 1155 1368 1182 ad
1391 1156 1534 1183 dicendum
1551 1157 1664 1184 invitare
1685 1158 1825 1187 videmini.

1040 1194 1108 1226 Nam
1135 1200 1272 1227 silentium
1298 1202 1429 1236 parcentia
1445 1210 1554 1237 quoque
1579 1211 1740 1231 consensum
1765 1212 1827 1232 esse

1039 1245 1128 1273 docet.
1143 1246 1258 1274 Proinde
1269 1248 1411 1282 utriusque
1427 1255 1582 1275 sermonem
1607 1257 1640 1276 ex
1668 1257 1720 1276 una
1736 1251 1826 1278 anima

1040 1296 1121 1326 atque
1134 1299 1166 1318 ex
1182 1300 1235 1319 uno
1249 1300 1296 1320 ore
1324 1294 1448 1328 accipite.
1468 1294 1532 1321 Illud
1553 1295 1660 1322 demum
1681 1296 1826 1324 molestum

1040 1342 1092 1369 est,
1109 1338 1182 1372 quod
1206 1338 1274 1371 haec,
1303 1339 1329 1366 in
1360 1339 1503 1366 sublimem
1527 1341 1673 1374 quemdam
1703 1346 1824 1369 montem

1039 1389 1159 1417 evectus,
1176 1392 1326 1420 vocemque
1341 1385 1475 1413 desiderio
1491 1393 1583 1421 parem
1597 1393 1702 1422 nactus,
1719 1388 1752 1414 ad
1767 1395 1827 1416 om-

1040 1437 1087 1456 nes
1098 1438 1144 1457 eos
1157 1430 1248 1463 simul,
1261 1431 1306 1465 qui
1319 1431 1352 1459 dc
1366 1432 1494 1467 religione
1506 1433 1574 1460 male
1582 1435 1710 1467 sentiunt,
1723 1435 1749 1462 in
1763 1435 1825 1463 uni-

198 1474 308 1508 ζητεῖτε
323 1474 446 1508 ψεῦδος,
464 1475 494 1501 οὐ
511 1474 586 1509 μίαν,
598 1473 651 1500 οὐδ’
668 1474 756 1509 διπλὴν
770 1474 896 1509 θεότητος
908 1474 988 1509 φύσιν

1040 1483 1120 1504 verso
1138 1477 1215 1510 orbe,
1234 1478 1306 1505 velut
1329 1479 1464 1505 comtnuui
1486 1480 1601 1514 quodam
1618 1480 1734 1514 theatro,
1761 1489 1826 1516 pro-

200 1521 364 1555 εἰσάγοντες,
385 1520 442 1547 ἀλλ’
462 1521 520 1555 ἦτοι
546 1521 620 1556 τρεῖς
638 1520 847 1554 ἀπεξενωμένας
866 1520 988 1556 ἀλλήλων

199 1567 246 1594 καὶ
259 1567 470 1603 διεσπασμένας,
488 1567 517 1594 οὐ
533 1567 689 1602 θαυμαστὸν
706 1566 733 1593 δὲ
746 1567 843 1600 εἰπεῖν¹
869 1567 915 1593 καὶ
936 1575 988 1602 μα-

199 1614 318 1649 χομένας
335 1613 498 1650 ὑπερϐολαῖς
513 1614 560 1640 καὶ
574 1613 723 1648 ὲλλείψεσιν
733 1622 739 1628 ·
757 1613 773 1648 ἢ
793 1614 857 1648 μίαν
869 1614 928 1648 μὲν,
948 1622 989 1648 μι-

199 1659 343 1695 κροπρεπῆ
355 1659 383 1686 δέ
396 1667 458 1685 τινα
473 1659 520 1685 καὶ
541 1659 646 1694 στενὴν,
667 1659 717 1685 οὐκ
733 1658 847 1693 ἔχουσαν
860 1658 890 1685 τὸ
905 1659 988 1694 μεγά-

198 1705 252 1732 λων
268 1703 335 1731 εἶναι
351 1705 449 1741 ἀρχὴν,
463 1705 558 1740 ὥσπερ
572 1705 602 1731 οὐ
617 1704 813 1740 δυνηθεῖσαν,ἢ
829 1705 859 1731 οὺ
874 1705 987 1740 θελῆσα-

199 1760 248 1778 σαν
258 1759 265 1766 '
281 1751 416 1778 καὶτοῦτο
432 1751 524 1786 διχῶς,
537 1751 553 1786 ἢ
567 1751 610 1777 διὰ
625 1750 731 1784 φθόνον,
747 1751 763 1785 ἢ
780 1751 824 1777 διὰ
842 1751 923 1784 φόϐον
933 1759 939 1765 -
955 1751 985 1776 τὸ

200 1798 259 1832 μὲν,
277 1798 319 1824 ἵνα
338 1798 373 1833 μή
390 1805 417 1823 τι
429 1797 558 1832 ὁμότιμον
575 1796 779 1832 συνεισάγηται,
793 1797 824 1823 τὸ
836 1796 874 1828 δὲ,
889 1797 932 1823 ἵνα
948 1797 984 1832 μὴ

197 1845 293 1880 ἐχθρὸν
308 1845 354 1870 καὶ
370 1844 537 1879 μαχόμενον;
557 1843 652 1869 Καίτοι
668 1844 722 1875 ὅσῳ
744 1842 905 1879 τιμιώτερον
919 1843 986 1874 Θεὸς

198 1892 364 1926 κτισμάτων,
382 1889 500 1925 τοσούτῳ
525 1889 813 1925 μεγαλοπρεπέστερον
833 1890 866 1924 τῇ
890 1889 984 1924 πρώτῃ

197 1937 284 1972 αἰτίᾳ,
307 1937 431 1972 θεότητος
449 1933 518 1962 εἶναι
534 1935 630 1970 ἀρχὴν,
649 1935 665 1970 ἢ
684 1934 858 1970 κτισμάτων
874 1934 922 1961 καὶ
941 1934 986 1961 διὰ

199 1983 324 2018 Θεότητος
342 1982 426 2018 μέσης
441 1981 526 2008 ἐλθεῖν
542 1981 587 2007 ἐπὶ
608 1981 642 2008 τὰ
664 1981 809 2016 κτίσματα,
833 1981 849 2016 ἢ
873 1982 985 2008 τούναν-

197 2029 254 2055 τίον
273 2030 321 2064 (3),
339 2029 439 2055 τούτων
462 2029 554 2054 ἕνεκεν
576 2027 724 2062 ὑποστῆναι
738 2027 861 2063 θεότητα,
881 2027 894 2053 ὃ
913 2027 986 2054 δοκεῖ

197 2079 253 2109 τοῖς
264 2077 324 2103 λίαν
337 2076 520 2109 ἑξεταστικοῖς
533 2084 564 2102 τε
577 2075 624 2102 καὶ
641 2074 798 2111 μετεώροις.

1039 1522 1110 1557 loqui
1126 1529 1250 1557 nequeo:
1263 1522 1329 1550 Filii
1346 1525 1628 1560 hominumiusquequo
1642 1528 1716 1562 graui
1730 1529 1827 1556 corde?

1039 1569 1074 1597 Ut
1088 1571 1151 1605 quid
1165 1570 1274 1605 diligitis
1288 1571 1442 1605 vanitatem,
1462 1576 1487 1598 et
1501 1573 1618 1607 quwrilis
1629 1573 1792 1601 mendacium
1803 1575 1826 1609 ',

1039 1616 1103 1643 dum
1131 1623 1183 1643 non
1205 1624 1296 1650 uuam,
1320 1625 1371 1645 nec
1391 1616 1540 1652 simplicem
1571 1619 1679 1647 deitatis
1702 1625 1824 1648 naturam

1040 1663 1178 1697 inducitis,
1199 1671 1294 1692 verum
1315 1669 1362 1691 aut
1381 1669 1437 1692 tres
1462 1672 1476 1691 a
1495 1672 1523 1692 se
1548 1665 1662 1693 invicem
1684 1667 1786 1694 alienas
1798 1672 1826 1695 et

1040 1710 1194 1742 distractas,
1212 1718 1261 1738 nee
1280 1712 1376 1738 mirum
1398 1713 1421 1739 si
1438 1712 1563 1746 dixerim,
1579 1713 1728 1741 defectibus
1741 1714 1825 1741 ctiam

1039 1760 1067 1782 et
1085 1755 1241 1783 excessibus
1253 1761 1420 1794 pugnantes;
1437 1761 1483 1784 aut
1499 1765 1578 1784 unam
1590 1758 1710 1793 quidem,
1722 1760 1769 1786 sed
1782 1759 1825 1793 je-

1035 1801 1129 1835 junam
1152 1806 1179 1828 ct
1193 1807 1415 1837 angustam,qu
1429 1811 1481 1830 non
1497 1803 1604 1835 habeat,
1622 1808 1651 1830 ut
1666 1811 1825 1838 magnorum

1040 1853 1120 1873 causa
1133 1846 1178 1878 sit,
1194 1847 1307 1881 perinde
1317 1853 1397 1882 atque
1406 1847 1446 1874 vel
1463 1855 1515 1874 non
1532 1849 1662 1882 potuerit,
1676 1850 1718 1876 vel
1732 1849 1825 1877 nolue-

1039 1892 1095 1918 rit:
1112 1892 1192 1926 idque
1219 1892 1317 1927 duplici
1352 1894 1384 1920 de
1412 1901 1503 1926 causa,
1521 1902 1616 1929 nempe
1639 1895 1681 1921 vel
1703 1897 1737 1922 ob
1754 1893 1824 1922 invi-

1039 1938 1169 1970 diam,vel
1180 1939 1214 1966 ob
1226 1944 1324 1966 metum
1339 1949 1345 1967 :
1362 1939 1426 1967 illud
1442 1941 1561 1975 quidem,
1575 1948 1608 1968 ne
1619 1941 1682 1976 quid
1697 1941 1800 1975 wquale
1815 1950 1822 1973 ;

1039 1983 1090 2012 hoc
1104 1992 1180 2017 vero,
1197 1993 1231 2012 ne
1247 1985 1310 2020 quid
1335 1985 1474 2013 inimicum
1484 1992 1511 2013 et
1523 1994 1645 2022 pugnans
1663 1987 1824 2016 inducatur!

1038 2028 1140 2064 Itaque,
1158 2035 1259 2065 quanto
1282 2031 1351 2059 Deus
1371 2031 1451 2059 rebus
1472 2033 1570 2059 creatis
1586 2033 1730 2065 antecedit,
1746 2038 1821 2061 tanto

1038 2077 1239 2112 utique.prim:e
1251 2085 1337 2105 causa:
1351 2078 1568 2113 magniﬁcentius
1587 2083 1638 2111 est,
1661 2079 1822 2114 divinitatis,

199 2119 280 2159 quam
310 2132 400 2151 rerum
424 2129 588 2155 creatarum,
624 2123 787 2157 principium
811 2130 883 2156 esse,
901 2131 933 2150 ac
961 2131 1009 2158 per
1028 2124 1215 2159 interpositam
1248 2126 1375 2154 deitatem
1390 2127 1423 2153 ad
1448 2134 1491 2153 res
1505 2132 1610 2154 creatas
1625 2128 1726 2158 venire.
1741 2135 1822 2162 quam

200 2175 230 2198 ut
255 2175 361 2202 contra,
391 2171 486 2197 harum
513 2177 604 2201 causa,
632 2169 718 2197 deitas
750 2169 856 2197 condita
883 2169 974 2202 fuerit,
995 2171 1222 2205 quemadmodum
1250 2173 1409 2200 sublimibus
1439 2172 1508 2206 istis,
1524 2173 1656 2207 nimisque
1688 2174 1720 2200 ad
1742 2173 1821 2201 inda-

200 2219 315 2253 gandum
331 2218 471 2252 propensis
488 2218 584 2251 placet.

234 2267 268 2292 Z'.
289 2265 320 2292 El
344 2266 392 2301 μὲν
413 2265 466 2301 γὰρ
482 2264 640 2300 ἐμέλλομεν,
668 2263 733 2290 Υίοῦ
755 2263 802 2290 καὶ
827 2262 985 2298 Πνεὺματος

1074 2263 1129 2291 Vli.
1147 2264 1252 2291 Etenim
1265 2265 1286 2290 si
1302 2263 1362 2291 Filii
1378 2269 1404 2290 et
1420 2263 1541 2298 Spiritus
1557 2264 1644 2291 sancti
1658 2264 1818 2299 dignitatem

197 2313 247 2349 τὴν
264 2313 342 2346 ἀξίαν
356 2306 559 2348 ὁμολογοῦντες,
575 2311 591 2346 ἢ
605 2311 712 2347 ἄναρχα
724 2310 809 2337 ταῦτα
825 2310 955 2344 εἰσάγειν,
970 2308 987 2344 ἢ

199 2360 237 2391 εἰς
254 2359 350 2394 ἑτέραν
364 2358 450 2394 ἀρχὴν
467 2358 588 2392 ἀνάγειν,
605 2357 663 2389 δέος
679 2357 712 2384 ἂν
730 2355 763 2393 ἦν
779 2357 863 2388 ὅντως
879 2355 916 2391 μὴ
932 2356 988 2382 ἀτι-

201 2405 289 2441 μασθῇ
307 2405 383 2437 Θεὸς,
401 2405 417 2440 ἢ
436 2405 594 2440 κινδυνεύσῃ
614 2405 678 2440 παρ’
695 2404 774 2439 ἡμῶν
793 2403 823 2429 τὸ
852 2401 975 2429 ἀντίθεον

198 2452 230 2478 Εἰ
247 2451 276 2478 δὲ
296 2451 356 2478 ὅσον
382 2450 414 2477 ἂν
429 2450 539 2487 ἐξαίρῃς
558 2450 596 2485 (ί)
617 2449 662 2476 τὸν
680 2449 753 2482 Υἰὸν,
773 2449 790 2484 ἢ
809 2448 841 2475 τὺ
857 2447 981 2482 Πνεῦμα,

232 2519 243 2535 ⁸
256 2519 325 2546 Psal.
343 2527 381 2552 tv,
396 2518 424 2546 5.

234 2588 289 2623 (98)
323 2588 355 2614 οι
373 2587 525 2622 λιθασμοί.
562 2585 707 2623 Lapidibus
733 2585 838 2623 nonnisi
863 2585 889 2612 in
916 2585 982 2613 urbe

200 2620 495 2660 Constantirmpolitaua
516 2622 670 2660 petitusest
683 2620 846 2660 Gregorius;
868 2627 903 2660 ac_
917 2628 979 2660 pro-

200 2660 262 2686 i.nle
273 2659 340 2685 hanc
352 2657 506 2684 Orationem
522 2661 582 2691 post
597 2666 606 2682 ‹
621 2656 819 2693 lapidationem,
836 2665 844 2680 ι
860 2656 938 2693 cujus
954 2656 981 2683 in

200 2702 232 2721 ea
250 2693 382 2725 meminit,
397 2693 514 2720 habitam
522 2689 608 2719 Tuisse
619 2689 742 2718 constare
755 2692 843 2718 debet.
859 2689 916 2716 Non
935 2697 980 2717 er-

200 2737 232 2764 go
247 2728 383 2759 Nazianzi,
397 2733 426 2754 ut
436 2728 528 2764 volunt
541 2727 611 2754 Elias
624 2732 651 2754 ct
669 2725 772 2760 Billius,
787 2725 833 2753 sed
846 2725 979 2752 Constan-

201 2764 311 2797 tinopoli
326 2763 497 2796 pronuntiata
513 2766 565 2789 est.

234 2795 290 2860 ἓξὲξ)
309 2795 508 2833 Γεγεύσμεθα.
530 2797 598 2832 Reg.
618 2797 664 2830 hu,
684 2796 730 2824 Or.
754 2796 779 2828 l,
799 2800 863 2829 etc.,
883 2795 978 2830 γεγεύ-

253 2843 279 2860 α.

234 2869 271 2903 (1)
292 2868 443 2904 Παροιμια.
459 2867 505 2894 Sic
517 2867 687 2903 proverbium
700 2866 770 2896 istud
787 2875 794 2894 :
814 2876 822 2893 ι
837 2865 887 2900 Qui
901 2870 980 2899 tacet,

199 2905 350 2933 consentire
361 2904 473 2931 videtur.
495 2912 505 2929 ι

1039 2309 1209 2342 conﬁtentes,
1225 2317 1272 2336 eos
1285 2309 1327 2336 vel
1340 2309 1464 2345 principii
1481 2316 1606 2344 expertes
1622 2310 1821 2345 induceremus,

1037 2355 1081 2382 vel
1101 2355 1134 2382 ad
1159 2355 1275 2382 alterum
1291 2355 1454 2391 principi-um
1480 2356 1654 2388 referremus,
1672 2356 1820 2384 timendum

1039 2408 1134 2428 revera
1155 2405 1243 2432 esset,
1269 2407 1302 2427 ne
1325 2400 1395 2428 Deus
1411 2406 1566 2436 contemptu
1589 2401 1751 2434 adiceretur,
1774 2406 1822 2428 aut

1037 2443 1094 2471 Deo
1110 2443 1276 2471 contrarium
1302 2443 1404 2479 aliquid
1428 2444 1612 2473 inveheretur.
1639 2446 1706 2473 Cum
1730 2451 1821 2474 autem

1071 2586 1111 2623 (2)
1133 2585 1172 2620 Τῇ
1189 2586 1359 2623 οἰκουμένῃ.
1373 2585 1502 2623 Coisliﬁ',
1513 2587 1562 2622 τῆς
1576 2587 1748 2623 οἰκουμένης.

1070 2622 1108 2657 (5)
1129 2623 1167 2648 Ἣ
1182 2622 1368 2658 captati-tier,
1382 2621 1513 2658 stellae
1526 2621 1594 2653 erat,
1606 2621 1694 2658 juxta
1707 2621 1818 2658 l‘viceph.

1034 2656 1081 2684 lib.
1098 2664 1157 2688 vni,
1172 2665 1196 2684 c.
1213 2656 1240 2687 8,
1261 2656 1390 2691 sacrilega
1401 2657 1561 2684 Arianorum
1580 2665 1642 2689 vox,
1657 2657 1751 2684 Filium
1765 2656 1819 2685 sci-

1034 2692 1098 2719 licet
1110 2697 1219 2726 propter
1236 2699 1285 2718 nos
1300 2691 1399 2718 factum
1417 2692 1458 2719 vel
1471 2697 1591 2719 creatum
1610 2692 1702 2725 fuisse,
1719 2697 1748 2719 ut
1769 2700 1820 2721 nos

1033 2726 1103 2754 Deus
1118 2734 1166 2760 per
1185 2727 1370 2762 ipsuvaelut
1385 2734 1433 2761 per
1448 2727 1655 2754 instrumentum
1672 2728 1817 2762 quoddam,

1033 2767 1156 2795 crearet;
1169 2762 1237 2788 unde
1248 2762 1270 2788 si
1284 2761 1353 2789 Deus
1366 2761 1489 2789 homines
1503 2769 1596 2790 creare
1608 2761 1748 2797 noluisset,
1764 2770 1818 2791 non

1033 2801 1154 2823 creasset
1167 2795 1274 2823 Filium.

1032 2804 1154 2824 creasset
1167 2804 1181 2823 l‘
1190 2804 1274 2824 Inum.

1036 2832 1109 2894 “in?
1134 2831 1282 2867 Ἐξαίρῃς.
1311 2832 1395 2869 Regg.
1428 2834 1484 2867 bm,
1513 2835 1558 2867 hu,
1586 2840 1612 2863 ct
1638 2835 1684 2863 0r.
1717 2835 1741 2867 Ι,
1774 2834 1820 2870 ἔε-
