2060 3140
240 163 311 192 1159

841 160 871 189 S.
889 160 1054 189 GREGORll
1075 159 1248 188 TllEOLOGl

1802 159 1871 187 H60

239 220 438 257 quantumlibet
461 219 558 246 Filium
581 223 629 246 aut
653 217 784 253 Spiritum
801 217 944 249 extuleris,
961 224 1027 243 nunv

1084 217 1130 251 οὐχ
1146 216 1216 251 ὑπὲρ
1231 216 1276 242 τὸν
1291 215 1399 252 Πατέρα
1413 216 1516 252 θήσεις,
1529 216 1591 243 οὐδὲ
1605 216 1653 252 τῆς
1667 216 1756 249 αἰτίας
1771 218 1871 251 ἀποξε-

239 276 320 303 quam
337 272 426 295 tamen
450 274 497 294 eos
512 273 594 300 supra
614 266 720 292 Patrem
737 271 832 300 ponas,
848 271 898 291 nec
913 271 928 290 a
946 271 1028 291 causa

239 322 397 344 removeas:
420 321 513 341 verum
538 314 604 340 illuc
626 313 786 348 praeclaram
803 312 1006 347 generationem
1020 332 1027 345 ,

238 367 267 389 et
284 361 470 388 admirabilem
487 360 687 395 processiouem
708 357 822 386 releras.
844 357 1029 386 Percontabor

240 408 378 442 paululum
393 414 425 434 ex
446 412 471 433 te
484 427 492 439 ,
508 406 553 441 qui
569 405 681 440 ingeniti
703 410 731 432 et
758 404 886 435 anarclti.
904 403 956 431 hoc
969 409 1008 431 est
1019 423 1028 437 .

240 454 367 488 principii
387 453 517 487 expertis,
533 460 652 480 amorem
680 457 822 486 tantopere
839 459 894 487 pm
911 456 938 479 te
962 452 1028 483 fers,

241 506 302 527 uter
331 500 438 527 tandem
465 500 548 526 Deum
575 499 662 532 magis
690 503 859 530 contemnat,
888 498 948 525 isne
982 498 1028 533 qui

241 547 329 580 ipsum
348 546 461 578 talium,
477 546 571 581 quales
591 550 616 572 tu
637 545 760 578 inducis,
780 545 943 579 principium
962 552 1029 572 con-

243 593 358 624 stituat,
372 599 405 618 an
422 592 468 626 qui
490 599 542 618 non
569 591 662 618 talium
675 611 682 622 ,
707 591 753 618 sed
774 596 870 618 natura
895 595 922 618 et
942 591 1029 626 gloria

240 639 385 673 :equalium
396 659 403 671 ,
415 643 443 665 et
457 637 552 673 quales
565 638 686 664 doctrina
703 641 795 664 nostra
817 636 977 672 proﬁtetur?
989 639 1029 663 An

243 691 306 711 vero
324 683 371 710 tibi
385 684 418 710 ad
435 682 565 709 honorem
578 681 696 716 amplttnt
709 701 717 714 ,
738 686 819 716 atque
836 682 903 709 adeo
917 681 1030 716 amplis-

242 729 340 756 simum
363 729 416 756 erit
427 749 435 761 ,
450 729 520 763 quod
536 729 619 755 illium
637 728 738 756 habeas
749 748 756 760 ,
772 728 855 762 idque
874 735 906 755 eo
922 728 1007 763 magis
1020 746 1028 760 ,

242 775 266 802 si
284 779 388 809 patrem
406 775 433 801 in
449 774 576 801 omnibus
591 773 672 800 rebus
685 773 787 800 referat
797 793 805 804 ,
817 780 967 806 verumque
980 781 1028 807 ge-

243 820 341 848 nitoris
357 820 398 848 sui
412 819 586 847 simulacrum
600 825 688 854 gerat,
703 819 805 854 tibique
821 819 958 846 sexcentis
969 826 1029 846 ser-

241 867 283 893 vis
300 867 431 901 imperare
445 865 528 902 430
553 866 643 892 minus
665 865 813 898 jucundum
832 864 952 891 futurum
968 870 1026 897 est,

1082 263 1189 294 νώσεις,
1210 262 1267 288 ἀλλ’
1285 263 1373 288 ἐκεῖσε
1395 262 1505 297 ὰνάγεις
1581 262 1612 288 τὸ
1631 262 1713 289 καλὸν
1739 263 1872 298 γέννημα,

1082 309 1129 336 καὶ
1141 309 1189 344 τὴν
1203 308 1355 344 θαυμασίαν
1369 308 1495 344 πρόοδον·
1510 308 1715 344 προσξρήσομαί
1730 317 1758 335 σε
1772 308 1872 343 ὀλίγον,

1083 353 1258 390 φιλαγέννητε
1272 354 1303 380 σὺ
1322 354 1368 381 καὶ
1383 353 1542 390 φιλάναρχε,
1565 354 1678 389 πότερος
1693 354 1758 386 Θεὺς
1771 354 1872 390 ἀτιμά-

1082 400 1123 432 ζει
1138 401 1247 436 μᾶλλον,
1259 401 1272 427 ὁ
1286 399 1414 427 τοιούτων
1432 400 1518 432 τιθεὶς
1532 400 1629 436 ἀρχὴν,
1646 400 1710 427 οἴων
1725 401 1804 434 αὐτὸς,
1815 403 1872 428 εισ-

1082 446 1169 481 άγεις,
1189 446 1205 481 ἢ
1221 447 1235 472 ὁ
1254 446 1291 482 μὴ
1307 445 1445 478 τοιούτων,
1469 445 1526 472 ἀλλ’
1539 445 1637 480 ὁμοίων
1651 444 1700 480 τὴν
1717 445 1806 479 φύσιν,
1818 445 1873 486 καὶ

1082 493 1230 529 ὁμοδόξων,
1244 493 1292 520 καὶ
1307 493 1369 520 οἴων
1385 494 1400 520 ὁ
1416 493 1550 528 ἡμέτερος
1565 492 1687 528 βούλεται
1700 493 1796 528 λόγος
1814 494 1872 520 Ἀλ-

1081 540 1114 567 λὰ
1131 541 1172 567 σοὶ
1191 539 1240 575 μὲν
1254 541 1293 571 εἰς
1308 539 1390 575 τιμὴν
1411 539 1483 575 μέγα
1505 540 1552 566 καὶ
1565 539 1692 575 μέγιστον
1709 541 1723 566 ὁ
1743 539 1788 571 σὸς
1804 540 1872 574 υἱὸς,

1081 587 1129 614 καὶ
1140 586 1258 622 τοσούτῳ
1274 585 1384 622 μᾶλλον,
1399 586 1506 621 ὅσῳπερ
1527 586 1558 612 ἂν
1572 586 1606 612 τὰ
1623 585 1711 612 πάντα
1726 585 1870 622 πατρώζῃ,

1081 635 1128 661 καὶ
1145 634 1288 670 χαρακτὴρ
1329 635 1439 668 γνήσιος
1455 633 1501 659 τοῦ
1511 634 1702 669 γεννήσαντος,
1717 633 1764 660 καὶ
1777 633 1826 660 οὐκ
1840 633 1873 660 ἂν

1080 681 1169 713 δέξαιο
1187 681 1291 716 μυρίων
1308 680 1481 715 ἀνδραπόδων
1497 677 1565 706 εἶναι
1579 679 1678 715 μᾶλλον
1693 679 1836 715 δεσπότης,
1854 680 1870 716 ἢ

1081 727 1140 758 ἑνὸς
1156 727 1296 761 γεννήτωρ
1314 725 1408 757 παιδός
1418 734 1424 740 ’
1441 725 1480 761 τῷ
1492 725 1550 760 Θεῷ
1566 726 1594 752 δὲ
1609 726 1673 753 ἄλλο
1693 735 1718 752 τι
1738 726 1840 761 μεῖζον,
1854 726 1870 762 ἦ

1082 772 1147 799 Tia-3
1162 772 1305 807 τυγχάνειν
1317 772 1436 806 Πατέρα,
1451 771 1465 798 ὃ
1482 771 1624 807 προσθήκη
1638 772 1716 807 δόξης
1727 772 1809 804 ἐστὶν,
1823 771 1872 806 οὐχ

1083 819 1235 855 ὐφαίρεσις,
1261 819 1298 850 ὡς
1327 818 1356 844 δὲ
1385 818 1431 845 καὶ
1458 816 1592 853 προϐολέα
1623 818 1801 852 Πνεῦματος;
1836 817 1873 843 Ἣ

1082 865 1199 899 ἀγνοεῖς,
1216 865 1257 891 ὅτι
1275 864 1307 890 σὺ
1333 863 1382 899 μὲν
1408 863 1566 898 κτισμάτων
1590 863 1674 894 τιθεὶς
1689 863 1785 899 ἀρχὴν,
1801 862 1872 898 λέγω

242 919 324 946 quam
338 898 423 938 ἰιιιῖιις
446 898 495 937 ﬁlii
508 898 658 946 parentem
672 917 732 938 esse
746 919 753 938 :
773 910 827 937 Deo
845 915 935 937 autem
949 909 1029 944 quid-

1084 898 1115 946 Si]
1135 909 1200 937 Υίοῦ
1218 909 1265 937 καὶ
1282 898 1448 944 Πνενύματος,
1469 909 1530 935 οὗτε
1549 908 1598 944 τὴν
1622 908 1708 944 ἀρχὴν
1725 908 1806 944 τιμᾷς
1820 909 1871 943 (6),

242 958 313 993 piant
329 957 415 991 majus
429 964 460 985 ac
475 955 655 991 praestabilius
668 956 730 988 erit,
745 964 828 991 quam
843 955 903 983 Filii
922 956 1028 983 Patrem

241 1010 318 1035 esse,
333 1003 404 1037 quod
419 1002 527 1037 quidem
540 1002 631 1037 gloriae
646 1002 769 1029 accessio
786 1006 829 1029 est
840 1021 848 1034 .
866 1001 1030 1029 non'deces-

243 1049 296 1082 sio,
311 1049 536 1084 quemadmodum
554 1054 581 1076 et
597 1048 713 1083 Spiritus
734 1048 926 1082 productorem
949 1048 1031 1076 esse?

242 1096 283 1122 An
295 1100 320 1123 te
332 1095 396 1122 illud
413 1094 491 1129 fugit,
507 1103 568 1122 cum
585 1095 678 1126 Deum.
692 1094 773 1122 Filii.
787 1102 819 1122 ac
836 1094 967 1130 Spiritus,
981 1102 1030 1122 ve—

243 1142 284 1169 lut
301 1147 499 1175 creaturarum,
509 1142 670 1177 principium
682 1141 790 1173 statuis.
804 1149 854 1169 nec
866 1141 1028 1176 principium

243 1188 291 1215 abs
307 1193 332 1215 te
347 1188 492 1220 honorari,
508 1193 536 1216 et
555 1196 615 1223 qua:
628 1196 661 1216 ex
677 1195 710 1216 eo
730 1191 859 1220 manant,
881 1187 1029 1222 ignominia

243 1233 332 1260 ailici?
347 1234 423 1266 Illud,
439 1234 502 1268 quia
523 1233 625 1266 vilium,
644 1238 671 1260 et
693 1233 866 1268 exiguarum,
880 1240 912 1260 ac
928 1233 1031 1260 deitate

244 1279 414 1315 indignorum
435 1279 595 1314 principium
611 1279 775 1312 constituis;
795 1279 863 1311 haec,
881 1279 944 1313 quia
967 1287 1029 1314 par-

243 1332 276 1352 va
287 1346 295 1358 ,
321 1333 371 1354 nec
389 1330 479 1354 creata
507 1330 610 1354 tantum
622 1345 629 1357 ,
646 1326 692 1353 scd
709 1325 831 1352 omnium
851 1325 933 1352 etiam
947 1345 955 1357 ,
969 1333 1030 1359 quae

244 1376 334 1399 creata
351 1376 425 1405 sunt,
439 1372 668 1406 contemptissima
682 1377 709 1398 et
723 1372 906 1406 abjectissima
932 1371 1002 1400 facis

1084 956 1130 983 καὶ
1141 955 1284 990 ἀτιμάζεις
1297 954 1330 982 τὰ
1344 955 1373 987 ἐξ
1390 954 1490 990 αὐτῆς
1509 954 1564 989 Τὴν
1571 953 1631 989 μὲν,
1645 954 1685 980 ὅτι
1701 953 1807 989 μικρῶν
1818 954 1874 980 εἱσ-

1083 1001 1159 1036 άγεις
1177 1001 1275 1037 ἀρχὴν,
1291 1001 1338 1027 καὶ
1354 999 1468 1033 ἀναξίων
1487 998 1630 1034 θεότητος·
1648 998 1684 1026 τὰ
1699 999 1738 1031 δὲ,
1761 1000 1801 1026 ὅτι
1826 1007 1873 1034 μι-

1081 1048 1145 1083 κρὰ,
1162 1047 1209 1074 καὶ
1227 1047 1264 1082 μὴ
1283 1046 1420 1081 κτίσματα
1439 1046 1529 1081 μόνον,
1544 1045 1612 1072 ἀλλὰ
1631 1046 1679 1072 καὶ
1690 1046 1798 1073 πάντων
1815 1054 1874 1073 κτι-

1080 1094 1192 1130 σμάτων
1212 1093 1297 1124 ποιεῖς
1311 1093 1476 1127 ἀτιμότερα·
1495 1092 1522 1119 εί
1538 1101 1570 1127 γε
1589 1091 1690 1118 τούτων
1712 1092 1803 1120 ἕνεκεν
1821 1092 1874 1119 ὐπ-

1081 1141 1158 1176 ἐστη,
1172 1140 1219 1168 καὶ
1238 1139 1315 1172 ποτὲ,
1330 1139 1425 1175 ὥσπερ
1440 1139 1545 1175 ὄργανα
1558 1139 1666 1173 τεχνίτῃ
1684 1138 1737 1174 πρὸ
1752 1138 1807 1165 τῶν
1825 1147 1872 1165 τε·

1083 1186 1180 1223 χνιτῶν
1193 1186 1230 1221 (7)
1246 1185 1376 1221 πρότερον
1388 1185 1437 1211 οὐκ
1453 1185 1528 1216 ὄντα,
1541 1184 1594 1211 οὐδ’
1610 1184 1642 1211 ἂν
1658 1184 1745 1215 ἄλλως
1761 1183 1874 1220 γενόμεο

1081 1242 1126 1265 να,
1143 1233 1167 1259 εί
1182 1232 1220 1267 μή
1231 1241 1260 1259 τι
1272 1231 1363 1258 κτίσαι
1376 1231 1408 1258 δι’
1419 1230 1509 1257 αὒτῶν
1526 1229 1663 1266 ὲὸουλὴοη
1680 1230 1755 1262 Θεὸς,
1771 1230 1808 1262 ὼς
1821 1230 1872 1257 οὐκ

1082 1279 1230 1315 ἀρκοῦντος
1253 1278 1300 1305 τοῦ
1319 1277 1471 1313 βούλεσθαι.
1494 1277 1552 1304 Πᾶν
1571 1277 1625 1312 γὰρ
1648 1277 1663 1304 ὂ
1679 1286 1750 1309 τινος
1768 1277 1873 1309 ἕνεκεν,

1082 1326 1242 1361 ἀτιμότερον
1254 1325 1359 1352 ἐκείνου
1370 1325 1403 1352 δι’
1416 1324 1429 1351 ὃ
1443 1324 1599 1359 γεγένηται.

1028 1382 1034 1401 :
1056 1373 1188 1408 siquidem
1205 1372 1301 1399 horum
1315 1379 1396 1399 causa
1409 1391 1416 1402 .
1441 1376 1467 1398 et
1494 1370 1639 1405 alitptando
1661 1369 1769 1397 condita
1790 1374 1853 1397 sunt

244 1425 297 1446 non
311 1425 391 1445 secus
405 1425 437 1444 ac
453 1417 633 1444 instrumenta
654 1416 689 1443 ab
714 1416 830 1449 artifice,
854 1424 914 1451 qua:
939 1422 1003 1445 ante
1028 1418 1148 1445 artiﬁces
1181 1425 1234 1444 non
1254 1421 1350 1450 erant,
1366 1425 1416 1444 nec
1435 1417 1503 1444 alias
1521 1415 1712 1449 exstitissent,
1739 1416 1790 1443 nisi
1810 1415 1875 1450 quid

245 1471 338 1491 eorum
351 1469 434 1496 opera
454 1462 523 1489 Deus
539 1469 634 1488 creare
647 1461 789 1493 voluisset.
811 1461 925 1496 perinde
945 1463 1072 1492 videlicet
1094 1470 1126 1489 ac
1149 1461 1272 1488 Voluntas
1292 1461 1349 1496 ipsa
1380 1468 1549 1496 nequaquam
1570 1461 1716 1490 sulliceret.
1740 1461 1874 1497 Quidquid

245 1510 316 1538 enim
332 1508 447 1543 alicujus
472 1508 511 1534 rei
538 1515 621 1534 causa
643 1507 744 1535 factum
761 1512 802 1534 est
813 1527 821 1540 ,
835 1507 969 1542 abiectius
991 1514 1032 1536 est
1051 1516 1093 1540 eo.
1108 1513 1219 1542 propter
1232 1507 1302 1541 qttod
1318 1507 1421 1535 factum
1440 1512 1493 1535 est.

281 1553 350 1581 νιιι.
368 1554 403 1580 At.
429 1561 479 1588 ego
502 1553 612 1580 deitatis
633 1553 796 1587 principium
811 1573 818 1585 ,
835 1554 965 1588 temporis
982 1562 1030 1582 ex-
1045 1557 1067 1586 C

245 1606 324 1635 pcrs,
352 1598 552 1634 inseparabile,
586 1603 667 1633 atque
695 1597 830 1626 inﬁnitum
849 1603 993 1633 statuens,
1008 1605 1035 1626 et

246 1643 426 1679 principium,
442 1648 469 1670 et
483 1651 514 1670 ea
526 1663 535 1675 ,
550 1650 609 1677 quin
636 1650 651 1669 a
676 1642 811 1677 principio
831 1647 961 1675 manant,
976 1644 1033 1677 pari

245 1690 349 1718 honore
365 1696 516 1724 prosequor
532 1697 539 1716 :
568 1688 632 1715 illud
646 1708 654 1721 ,
671 1688 735 1723 quia
754 1688 847 1715 talium
870 1693 913 1715 est
930 1688 1034 1723 princi-

246 1736 332 1771 pium,
347 1735 421 1768 hazc,
436 1735 498 1769 quia
513 1735 558 1761 tali
573 1734 661 1766 modo,
680 1739 707 1761 et
724 1733 787 1761 talia
797 1754 804 1766 ,
817 1738 845 1761 et
855 1741 888 1762 ex
905 1734 971 1768 tali,
985 1742 1035 1762 nec

247 1787 382 1816 tempore,
399 1789 448 1809 nec
471 1785 578 1814 natura,
596 1788 646 1808 nec
660 1780 734 1808 cultu
748 1785 771 1808 el
784 1781 961 1809 veneratione
976 1781 1033 1809 dis-

248 1828 347 1860 tincta,
365 1835 447 1855 unum
475 1827 581 1854 divisim
607 1826 766 1854 exsistentia
781 1846 790 1860 ,
811 1831 839 1854 et
869 1826 1034 1861 conjunctim

247 1873 334 1901 divisa
350 1873 434 1907 (dictu
455 1873 518 1900 licet
534 1872 664 1908 mirum),
677 1880 730 1900 non
750 1873 840 1901 minus
863 1873 898 1901 ob
923 1873 1034 1901 relatio-

248 1927 321 1952 nem,
341 1927 422 1955 quam
439 1919 509 1946 inter
525 1927 554 1947 se
580 1919 678 1946 habent
694 1939 701 1950 ,
719 1919 852 1947 laudanda
867 1940 875 1952 ,
903 1928 984 1956 quam
1012 1921 1035 1948 si

248 1967 458 2001 unumquodque
472 1973 519 2000 per
539 1974 569 1993 se
592 1966 718 2000 privatim
738 1971 877 2000 acceptum
903 1971 931 1995 et
957 1966 1036 1994 intel-

248 2011 347 2040 lectum
363 2017 435 2039 esset
453 2021 459 2039 :
480 2012 630 2046 perfectam
650 2019 682 2039 ex
701 2011 787 2039 tribus
802 2012 930 2047 perfectis
944 2013 1036 2040 Trini-

249 2062 351 2090 tatem,
365 2057 469 2084 unitate
487 2056 598 2091 quidem
624 2057 658 2084 ob
684 2057 794 2084 divitias
818 2062 912 2090 mota,
929 2058 1037 2086 binario

248 2107 339 2130 autem
355 2107 482 2137 superato
494 2123 502 2136 ,
522 2106 664 2137 propterea
682 2103 754 2135 quod
773 2103 860 2130 deitas
876 2110 956 2137 supra
979 2111 1038 2131 ma-

248 2150 346 2178 teriam
361 2154 389 2177 et
409 2149 524 2176 formam
538 2150 589 2180 sit,
607 2156 640 2176 ex
653 2149 753 2182 quibus
766 2157 882 2184 corpora
894 2154 1035 2181 constant,

249 2196 384 2224 Triuitate
401 2203 465 2222 vero
482 2199 592 2230 propter
614 2194 809 2230 perfectionem
833 2195 943 2222 deﬁnita
966 2195 1036 2231 (lucc

249 2243 321 2270 enim
337 2243 423 2277 prima
438 2241 535 2268 binarii
551 2241 775 2276 compositionem
789 2241 921 2277 superati,
933 2245 963 2268 ut
983 2249 1034 2269 nec
1052 2233 1073 2260 D

249 2289 334 2317 duitas
351 2292 463 2324 angusta
485 2291 611 2320 maneat,
633 2295 682 2315 nec
705 2288 731 2315 in
749 2288 885 2315 inﬁnitum
899 2286 1035 2316 diffunda-

285 2389 324 2424 (5)
348 2387 486 2423 Ἀνάγεις.
501 2387 585 2422 Regg.
601 2387 658 2420 bm,
672 2387 718 2422 hu,
730 2388 812 2416 Coisl.
827 2389 854 2422 1,
871 2388 918 2417 0r.
929 2389 954 2421 1,
967 2388 1034 2422 Jes.,

248 2424 376 2457 ἀνοίσεις,
399 2433 409 2449 ι
427 2426 574 2454 ιΙιῚιτοιιιθε.
595 2433 604 2449 ι

286 2460 324 2495 (6)
346 2459 419 2485 οὔτε
433 2458 490 2495 rip:
512 2457 610 2495 ἀρχὴν
634 2458 729 2495 τιμᾷς.
751 2458 797 2486 Sic
820 2459 910 2495 plures
937 2459 1033 2495 Κείς..

249 2493 303 2557 aliud
316 2495 410 2564 (lgihsL,
431 2499 457 2520 et.
471 2494 519 2522 0r.
534 2493 558 2520 1.
575 2493 604 2521 ltt
619 2493 665 2522 ed.
681 2495 779 2530 legitur
799 2494 848 2530 τὴν
862 2495 960 2530 ἀρχήν,
977 2493 1040 2523 ante

283 2539 322 2564 Υω
375 2549 382 2555 ·
460 2563 470 2564 γ
701 2563 704 2564 ,

250 2531 322 2557 λέγω
338 2531 382 2557 δή.

283 2539 325 2600 fill)
338 2539 503 2599 οὖλέ-κητῶν.
528 2564 608 2592 Putat
631 2563 809 2593 Comhelisius
830 2565 1039 2600 emendandum,

249 2599 392 2636 τεχνικῶν.
412 2599 456 2627 Sic
481 2600 586 2636 videtur
606 2601 687 2626 etiam
710 2600 805 2636 legisse
829 2599 1039 2633 Leuvenklaius,

251 2635 302 2671 qur
314 2643 363 2671 pro
388 2644 398 2661 ‹
417 2640 479 2662 ante
495 2635 623 2668 artiﬁces,
644 2643 654 2661 ›
676 2635 764 2663 reddit
785 2643 793 2663 :
819 2645 829 2662 ‹
853 2641 916 2664 ante
937 2644 980 2663 res
1000 2637 1041 2663 fa-

251 2677 320 2699 ClﬂS.
340 2680 349 2696 ι

288 2706 326 2740 (8)
347 2706 490 2739 Θεότητος
504 2704 613 2741 ἀρχήνζ,
626 2709 680 2741 etc.
696 2704 761 2732 Cum
773 2705 920 2741 Gregorius
932 2705 1040 2734 Patrem

255 2748 314 2776 app.
325 2742 370 2767 llat
384 2750 393 2766 ι
413 2741 572 2777 principium
584 2740 709 2777 rdeitatis,
729 2750 738 2767 ι
764 2741 791 2777 id
806 2740 846 2768 est
859 2741 919 2769 Filii
935 2746 962 2768 et
979 2741 1041 2777 Spi-

255 2775 325 2803 ritus
338 2776 438 2807 saucti,
457 2784 506 2812 vox
519 2775 563 2812 illa
578 2776 674 2812 ᾱιρχήν,
689 2783 739 2803 non
755 2775 789 2803 de
803 2781 934 2812 tempore,
948 2775 1042 2804 sed'de

256 2819 337 2838 causa
354 2817 397 2838 est
412 2811 577 2845 accipienda.
589 2810 668 2842 Nam,
683 2815 713 2846 ut
728 2818 800 2846 sape
810 2810 867 2846 jaui
877 2811 977 2839 dictum
989 2817 1041 2844 est,

256 2854 309 2874 non
325 2846 413 2873 minus
430 2846 561 2880 principio
580 2850 676 2872 carent
691 2845 775 2873 Filius
795 2845 823 2874 et
842 2846 959 2881 Spiritus
978 2854 1042 2874 san-

256 2887 327 2911 ctus.
342 2888 422 2915 quam
435 2881 525 2914 Pater,
543 2880 566 2908 si
582 2881 614 2908 ad
633 2886 737 2916 tempus
754 2880 896 2910 relerattir.
909 2882 961 2910 Sed
975 2883 998 2909 si
1011 2884 1044 2911 de

1118 1554 1158 1581 H’.
1180 1552 1250 1587 Ἐγὼ
1266 1553 1293 1579 δὲ
1310 1553 1437 1587 θεότητος
1455 1553 1541 1589 ἀρχὴν
1557 1553 1593 1588 (8)
1610 1554 1728 1588 εἰσάγων
1748 1554 1873 1590 ἄχρονον,

1085 1600 1132 1626 καὶ
1147 1599 1308 1635 ἀχώριστον,
1330 1599 1378 1626 καὶ
1399 1600 1535 1635 ἀόριστον,
1563 1603 1612 1636 τήν
1631 1609 1662 1627 τε
1681 1601 1771 1637 ἀρχὴν
1790 1601 1874 1636 τιμῶ,

1085 1646 1132 1673 καὶ
1152 1646 1188 1672 τὰ
1203 1646 1236 1672 ὲκ
1247 1645 1296 1680 τῆς
1311 1645 1399 1681 ἀρχῆς
1413 1646 1511 1682 ἐπίσης
1522 1655 1529 1661 ’
1550 1646 1599 1682 τὴν
1615 1646 1675 1682 μὲν,
1691 1647 1732 1674 ὅτι
1748 1647 1877 1674 τοιούτων

1084 1692 1155 1728 ἁρχὴ
1167 1700 1173 1706 ·
1185 1692 1219 1719 τὰ
1228 1692 1266 1722 δὲ,
1284 1692 1324 1718 ὅτι
1337 1691 1423 1724 οὕτως
1435 1693 1483 1719 καὶ
1492 1692 1613 1724 τοιαῦτα,
1630 1693 1677 1720 καὶ
1690 1694 1722 1719 ἐκ
1740 1693 1777 1728 (9)
1785 1692 1876 1720 τοιού-

1085 1747 1143 1767 του.
1159 1738 1226 1774 μήτε
1243 1737 1281 1772 τῷ
1294 1737 1369 1767 ποτὲ,
1392 1738 1460 1773 μήτε
1475 1739 1508 1774 τῇ
1529 1737 1619 1773 φύσει,
1639 1738 1709 1774 μήτε
1723 1738 1761 1770 τῷ
1784 1738 1876 1774 σεπτῷ

1085 1784 1273 1820 διειργόμενα·
1298 1783 1327 1810 ἓν
1344 1783 1408 1810 ὂντα
1429 1784 1612 1820 διῃρημένως,
1638 1785 1685 1811 καὶ
1703 1785 1878 1821 διαιρούμενα

1087 1830 1276 1866 συνημμένως,
1291 1830 1315 1856 εἰ
1330 1830 1376 1856 καὶ
1393 1829 1543 1865 παράδοξον
1557 1831 1634 1857 τοῦτο
1642 1832 1729 1858 εἰπεῖν
1739 1839 1746 1846 θ
1761 1832 1810 1866 οὑχ
1825 1828 1877 1867 ἧτ-

1085 1885 1132 1903 τον
1148 1875 1276 1903 ἐπαινετὰ
1291 1876 1341 1911 τῆς
1355 1875 1422 1911 πρὸς
1438 1875 1539 1910 ἄλληλα
1553 1877 1682 1912 σχέσεως,
1708 1878 1724 1912 ἢ
1742 1877 1803 1904 καθ’
1818 1879 1878 1904 ἑαυ-

1086 1922 1116 1949 τὸ
1131 1922 1245 1949 ἕκαστον
1262 1921 1405 1957 νοούμενόν
1428 1930 1457 1948 τε
1483 1922 1529 1949 καὶ
1542 1922 1756 1958 λαμϐανόμενον.
1773 1924 1878 1959 Τριάδα

1086 1969 1192 1995 τελείαν
1217 1969 1249 1995 ὲκ
1271 1967 1380 1994 τελείων
1396 1967 1489 2003 τριῶν,
1511 1965 1625 2003 μονάδος
1650 1969 1699 2004 μὲν
1720 1969 1878 2006 κινηθείσης

1086 2014 1131 2041 διὰ
1148 2013 1179 2040 τὸ
1193 2012 1330 2044 πλούσιον,
1353 2012 1447 2044 δυάδος
1463 2013 1493 2039 δὲ
1509 2013 1709 2049 ὑπερϐαοείσης
1724 2014 1779 2049 (10)
1796 2013 1877 2050 (ὑπὲρ

1087 2060 1141 2096 γὰρ
1160 2059 1208 2095 τὴν
1220 2059 1286 2095 ὓλην
1300 2059 1347 2086 καὶ
1360 2058 1389 2085 τὸ
1403 2058 1493 2093 εἶδος),
1510 2059 1540 2092 ἐξ
1551 2056 1588 2086 ὧν
1600 2060 1634 2087 τὰ
1654 2060 1777 2096 σώματα,
1793 2061 1877 2095 Τριά-

1086 2107 1131 2138 δος
1150 2106 1178 2132 δὲ
1193 2105 1348 2141 ὁρισθείσης
1366 2105 1411 2132 διὰ
1431 2105 1461 2132 τὸ
1476 2106 1589 2138 τέλειον,
1607 2106 1701 2142 πρώτη
1724 2107 1778 2143 γὰρ
1792 2107 1877 2143 ὑπερ-

1088 2152 1175 2178 ϐαίνει
1196 2151 1291 2183 δυάδος
1309 2151 1442 2183 σύνθεσιν,
1461 2151 1504 2178 ἵνα
1521 2153 1589 2187 μήτε
1606 2152 1686 2188 στενὴ
1706 2153 1804 2188 μένῃή
1820 2153 1879 2179 θεό-

1087 2206 1147 2232 της,
1159 2198 1225 2232 μήτε
1240 2198 1278 2228 εἰς
1292 2196 1403 2232 ἄπειρον
1414 2197 1520 2233 χέηται.
1532 2199 1569 2225 Τὸ
1580 2199 1630 2234 μὲν
1644 2199 1697 2236 γὰρ
1709 2199 1877 2234 ἀφιλότιμον,

1087 2243 1118 2270 τὸ
1134 2243 1161 2270 δὲ
1178 2243 1310 2270 ἄτακτον·
1334 2243 1382 2269 καὶ
1399 2243 1429 2270 τὸ
1452 2244 1500 2279 μὲν
1524 2245 1665 2272 Ἰουδαϊκὸν
1685 2245 1833 2279 παντελῶς,
1847 2246 1878 2272 τδ

1089 2288 1117 2315 δὲ
1136 2288 1291 2325 Ἑλληνικὸν
1304 2289 1350 2315 καὶ
1362 2289 1498 2317 πολύθεον.

1089 2397 1169 2429 causa
1182 2391 1296 2429 quaestio
1312 2391 1357 2423 sit.
1375 2390 1455 2429 Pater
1474 2395 1516 2418 est
1540 2391 1711 2429 principium,
1727 2400 1775 2419 seu
1799 2394 1877 2429 origo

1087 2425 1147 2453 Fllll
1161 2431 1187 2453 et
1202 2427 1319 2460 Spiritus
1330 2427 1435 2459 sancti;
1454 2425 1545 2462 atque
1557 2432 1586 2453 ut
1603 2428 1682 2454 trium
1701 2425 1877 2462 personarum

1088 2461 1268 2497 proprietates
1291 2462 1501 2496 distinguantur,
1517 2461 1597 2489 Pater
1612 2468 1653 2489 est
1668 2472 1678 2488 ι
1697 2461 1842 2497 ingenitus,
1863 2473 1873 2490 ι

1093 2495 1176 2532 [filius
1191 2505 1201 2521 (
1217 2497 1333 2531 genitus.
1351 2506 1360 2524 ι
1374 2495 1401 2524 et
1413 2496 1529 2532 Spiritus
1541 2503 1651 2524 sanctus
1666 2507 1676 2523 ‹
1691 2495 1848 2532 procedens.
1864 2509 1874 2526 ι

1093 2530 1227 2558 Caeterum
1244 2536 1273 2558 ut
1289 2532 1359 2558 nulla
1380 2532 1416 2559 sit
1435 2530 1467 2559 de
1485 2531 1615 2566 Gregorio
1629 2530 1720 2560 nostro
1738 2534 1787 2561 hac
1799 2534 1832 2561 de
1847 2542 1878 2562 re

1094 2566 1223 2605 suspicio,
1237 2567 1352 2605 videor.
1368 2575 1415 2605 ax,
1431 2575 1457 2593 n.
1471 2567 1497 2599 7,
1508 2568 1541 2594 ad
1557 2567 1616 2596 hazc
1628 2568 1709 2596 verba
1722 2577 1729 2596 :
1753 2568 1816 2596 Ἐὰν
1827 2570 1877 2605 μὲν

1093 2601 1131 2633 ὡς
1146 2601 1230 2628 αἴτιον
1241 2601 1286 2627 τὸν
1302 2601 1421 2635 Πατέρα,
1437 2607 1490 2629 etc.

1129 2611 1131 2615 ’
1146 2611 1230 2628 αιτιον
1241 2611 1286 2627 ’τον
1302 2611 1373 2628 υατε
1395 2611 1421 2635 α,
1437 2611 1490 2629 CIC.

1129 2636 1167 2672 (9)
1186 2637 1241 2673 Kal
1257 2637 1301 2664 ἐκ.
1314 2636 1362 2673 Sic
1375 2611 1459 2673 ᾕρεε.
1475 2639 1529 2671 bm,
1543 2637 1589 2671 ltu,
1604 2638 1686 2666 Coisl.
1700 2638 1727 2673 1,
1744 2644 1771 2667 et
1784 2638 1830 2668 0r.
1848 2639 1875 2668 1.

1093 2671 1174 2699 Deest
1188 2672 1234 2698 καί
1246 2672 1270 2699 iu
1287 2672 1331 2699 ed.

1128 2707 1184 2742 (10)
1200 2706 1313 2740 Δυάὸος
1341 2706 1376 2734 δὲ
1397 2708 1623 2743 ὑπερϐαθείσης,
1646 2713 1699 2737 etc.
1728 2719 1738 2736 ι
1769 2709 1878 2738 Binario

1094 2747 1182 2781 autem
1200 2747 1336 2781 superato.
1363 2754 1373 2769 ι
1393 2744 1443 2781 l’er
1458 2753 1467 2769 ι
1486 2744 1623 2781 binariunt
1640 2754 1650 2770 ι
1668 2745 1790 2781 intelligit
1810 2745 1880 2773 Gre-

1095 2777 1212 2815 gor-ius_g
1228 2778 1368 2815 materiam
1383 2784 1410 2815 et
1427 2779 1539 2806 formam
1556 2789 1565 2805 ι
1580 2779 1678 2815 quibus
1691 2777 1802 2815 corpora
1815 2788 1880 2808 con-

1096 2817 1179 2849 stant.
1190 2812 1267 2849 Unde
1281 2813 1307 2849 in
1320 2814 1425 2840 naturis
1439 2815 1576 2848 corporeis
1588 2812 1721 2849 perfectio
1735 2812 1785 2843 sita
1801 2816 1878 2842 vide-

1097 2852 1141 2874 tur
1155 2847 1180 2873 iu
1195 2848 1244 2874 hoc
1260 2847 1422 2886 ltinario,‘ut
1430 2847 1510 2886 patet
1528 2849 1555 2886 in
1575 2847 1711 2879 rreatione
1729 2852 1878 2886 primo.uul

1096 2888 1250 2918 parentum,
1267 2883 1312 2918 qui
1325 2882 1534 2918 perfecti’creati
1554 2890 1627 2913 sunt.
