2060 3140
146 138 212 166 1161

693 133 821 161 ORATIO
841 131 935 160 XXIII.
955 147 990 152 ——
1008 131 1052 159 DE
1069 131 1156 160 PACE
1178 131 1222 159 111.

145 198 200 222 tur.
233 192 300 220 Illud
330 192 401 219 enim
425 198 534 226 parcum
563 197 594 217 ac
622 189 757 225 jejunum,
787 189 840 216 hoc
868 188 1027 222 confusum;
1047 188 1112 216 illud
1145 187 1286 216 Judaicum
1306 196 1437 223 prorsus,
1471 190 1521 218 hoc
1552 192 1709 225 etlmicuui,
1733 199 1766 220 ac

145 241 292 268 multorum
306 242 417 267 deorum
432 238 533 265 cultum
551 237 685 264 redolens.

180 285 218 313 3'.
239 284 335 311 Σκοπῶ
355 284 384 311 δὲ
400 284 521 315 κακεῖνο,
541 283 588 310 καὶ
611 282 675 314 ἴσως
691 283 741 309 οὐκ
755 282 934 314 ἀπαιδεύτως,

1018 280 1069 310 ’1Χ.
1083 281 1151 315 Quin
1173 281 1225 308 hoc
1241 288 1358 317 quoque,
1373 289 1423 309 nec
1439 282 1535 310 inscite
1551 282 1667 312 fortasse
1686 289 1768 318 atque

144 332 206 359 οὐδὲ
226 330 349 366 ἀμαθῶς,
369 329 436 356 ἀλλὰ
453 329 499 356 καὶ
516 329 575 355 λίαν
595 329 817 363 ὲπεσκεμμένως,
834 329 875 355 ὅτι
894 329 935 355 σοὶ

147 377 196 412 μὲν
213 375 333 406 κίνδυνος
346 374 407 400 οὐδὲ
430 371 470 406 εἷς
492 373 620 408 γεννητὸν
639 374 775 407 είσάγοντι
799 374 844 400 τὸν
859 373 934 400 Υίόν.

146 420 184 448 Ub
199 422 252 456 γὰρ
265 419 302 455 μὴ
318 419 392 455 πάθῃ
402 427 428 445 τι
446 419 548 453 γεννῶν
565 420 579 445 ὁ
589 418 734 454 ἁγέννητος
748 418 801 445 τῶν
815 427 935 454 σωματι-

147 466 203 494 κῶν
218 475 248 493 τε
265 466 311 492 καὶ
322 465 432 495 ὑλικῶν,
448 465 488 492 ὅτι
501 465 567 500 μηδὲ
586 463 674 500 σῶμα,
689 465 736 490 καὶ
749 464 827 491 τοῦτο
841 466 867 491 αἱ
879 474 935 491 κοι-

147 513 191 541 ναὶ
215 512 278 546 περὶ
302 511 368 537 Θεοῦ
393 510 603 546 παραχωροῦσιν
628 510 784 546 ὑπολήψεις,
808 510 887 537 Ὥστε
909 510 935 537 τί

147 557 305 593 φοϐούμεθα
323 556 404 591 φόϐον
423 553 454 583 οὗ
478 556 515 592 μὴ
534 555 591 582 ἐστι
607 556 697 590 φόϐος,
720 555 766 582 καὶ
783 555 935 592 ἀσεϐοῦμεν

147 601 283 636 διακενῆς,
300 601 314 627 ὃ
329 600 361 636 δὴ
377 601 502 635 λέγεται;
526 599 602 635 Ἐμοὶ
612 599 640 626 δὲ
657 600 780 632 κίνδυνος
796 600 936 636 ζημιωθῆ-

146 657 190 675 vat
208 647 332 681 θεύτητα.
355 647 379 673 εἰ
399 646 429 673 τὸ
454 645 556 680 κτίσμα
578 646 791 682 παραδεχοίμην.
825 646 862 672 Οὐ
882 647 936 682 γὰρ

147 693 214 724 Θεὸς
231 693 261 719 τὸ
276 691 445 727 κτιζόμενον,
472 690 533 716 οὐδὲ
553 690 711 717 δεσποτικὸν
729 691 761 716 τὸ
782 690 934 725 ὁμόδουλον,

146 738 198 766 κᾶν
224 737 258 764 τὰ
279 737 376 772 πρῶτα
398 737 514 771 φέρηται
533 735 654 767 δουλείας
673 735 720 762 καὶ
740 735 865 767 κτίσεως,
888 736 937 762 καὶ

146 783 225 810 τοῦτο
243 783 322 818 μόνον
342 780 596 817 φιλανθρωπεύηται
622 780 808 817 ὑϐριζόμενον.
832 781 861 808 '0
882 781 936 817 γὰρ

146 830 195 865 τῆς
211 828 389 864 ὀφειλομένης
408 827 566 863 ἀποστερῶν
583 829 675 862 τιμῆς,
694 828 724 853 οὐ
747 827 848 863 μᾶλλον
868 828 937 863 τιμᾷ

146 875 185 911 τῷ
199 874 337 910 διδομένῳ,
351 873 368 909 ἢ
384 873 510 908 ἀτιμάζει
529 873 569 908 τῷ
584 873 777 909 ἀφαιρουμένῳ
792 872 859 909 (11),
884 873 937 900 κᾶν

147 920 329 956 προσποίησιν
345 918 394 954 ἔχῃ
408 918 466 954 (12)
478 918 562 954 τιμῆς
577 918 608 945 τὸ
623 918 763 954 γινόμενον
777 918 845 952 (15).

986 328 1112 363 imperite
1124 347 1132 360 ,
1144 328 1191 354 sed
1205 335 1335 362 perquam
1348 328 1428 354 etiam
1445 328 1591 362 prudenter
1604 333 1632 356 et
1648 329 1767 357 circum-

986 377 1077 408 specte
1090 380 1194 400 mecum
1216 377 1311 407 reputo
1321 393 1328 404 ,
1339 373 1386 400 tibi
1402 373 1509 408 quidem
1526 374 1593 401 nihil
1607 375 1719 409 periculi
1732 383 1767 402 ex

985 425 1018 444 eo
1032 418 1174 445 imminere
1187 438 1195 450 ,
1213 418 1235 444 si
1251 417 1349 444 Filium
1372 419 1491 451 genitum
1520 421 1681 448 asserueris.
1708 419 1767 448 Non

985 463 1057 490 enim
1072 464 1217 490 verendum
1243 468 1305 497 est,
1324 471 1358 491 ne
1381 465 1515 498 ingenitus
1531 465 1632 501 aliquid
1654 474 1767 499 eorum,

986 516 1046 542 quae
1062 509 1223 543 corporibus
1243 516 1276 535 ac
1298 510 1418 537 materiae
1431 511 1615 543 conveniunt,
1634 510 1660 538 in
1683 510 1763 547 43],

987 554 1122 588 gignendo
1137 554 1264 588 patiatur,
1281 562 1340 581 cum
1358 563 1390 582 ne
1411 563 1510 590 corpus
1526 556 1634 590 quidem
1649 557 1684 584 sit
1697 577 1704 589 ,
1725 557 1769 584 id—

987 606 1040 633 que
1051 598 1092 625 vel
1107 606 1265 626 communes
1280 599 1345 634 ipsa!
1355 599 1387 626 de
1405 599 1460 627 Deo
1472 600 1596 626 notiones
1613 599 1692 628 facile
1708 607 1770 627 con-

986 644 1094 671 cedunt.
1115 642 1216 676 Quare.
1244 644 1307 678 quid
1328 643 1405 671 nobis
1424 645 1548 671 timorem
1565 644 1689 679 ﬁngimus
1703 663 1710 675 ,
1723 644 1770 671 tibi

987 697 1039 716 non
1056 694 1098 717 est
1119 690 1211 721 timor.
1230 697 1261 716 ac
1276 690 1335 716 sine
1349 697 1430 716 causa
1444 709 1452 723 ,
1470 695 1499 716 nt
1512 689 1591 724 vulgo
1609 689 1661 717 dici
1684 689 1769 723 solet,

987 735 1062 770 impii
1077 735 1238 762 suntus‘IAt
1254 743 1320 762 vero
1339 735 1404 762 mihi
1421 735 1569 770 periculum
1587 739 1629 762 cst
1641 753 1649 767 ,
1665 742 1698 762 ne
1712 735 1770 762 dei-

987 781 1051 808 tatis
1072 781 1208 816 jacturam
1235 781 1332 808 faciam
1352 800 1360 813 ,
1390 781 1414 808 si
1438 786 1591 809 creaturam
1622 781 1768 808 admisero.

987 826 1042 854 Nec
1061 827 1133 854 enim
1144 846 1151 859 ,
1168 827 1214 861 qui
1229 832 1349 859 creatur,
1364 827 1434 854 Deus
1447 832 1504 859 est;
1519 834 1569 854 nec
1593 827 1639 862 qui
1658 834 1769 855 conser-

987 880 1053 906 vus,
1070 874 1211 906 Dominus,
1222 873 1372 908 quamlibet
1384 873 1483 908 alioqui
1498 873 1599 907 primas
1620 873 1690 901 inter
1709 880 1770 901 ser-

987 926 1035 946 vos
1052 923 1079 945 et
1094 926 1137 945 res
1150 924 1255 946 creatas
1270 918 1351 951 ferat,
1365 923 1446 953 atque
1464 919 1515 945 hac
1525 926 1577 946 una
1591 918 1656 945 rein
1674 924 1771 946 contu-

147 967 228 994 melia
245 966 391 993 humanius
407 965 547 1000 aliquanto
562 969 702 992 tractetur.
717 964 785 991 Nam
807 965 852 999 qui
864 972 926 992 eum
947 965 1038 992 debito
1061 965 1165 993 honore
1197 965 1307 992 fraudat
1320 984 1328 998 ,
1365 972 1418 992 non
1446 964 1530 999 magis
1549 964 1637 999 ipsum
1652 984 1661 997 ,
1679 971 1727 999 per
1744 963 1771 991 id

148 1012 220 1047 quod
245 1011 362 1044 tribuit,
390 1011 494 1038 honore
512 1011 612 1043 allicit,
626 1018 706 1046 quam
732 1017 781 1045 per
797 1010 824 1039 id
837 1030 845 1044 ,
879 1011 953 1046 quod
973 1011 1071 1046 eripit,
1087 1011 1263 1047 ignominiam
1295 1011 1320 1039 ei
1343 1011 1427 1039 inurit
1439 1030 1447 1044 ,
1465 1015 1603 1045 utcunque
1620 1016 1706 1038 resea
1721 1009 1771 1037 hoc

149 1057 224 1084 noris
237 1057 356 1091 speciem
373 1060 402 1083 et
420 1056 560 1083 obtentum
575 1056 684 1083 haheat.

182 1102 211 1129 1'.
232 1102 287 1129 Kal.
306 1103 332 1129 εῐ
347 1111 387 1129 σοι
402 1102 548 1129 πλάττεται
561 1101 635 1138 πάθη
649 1103 715 1138 περὶ
732 1102 782 1138 τὴν
796 1103 933 1138 γέννησιν,

1020 1102 1055 1130 X.
1079 1102 1156 1136 Quod
1175 1102 1197 1129 si
1221 1101 1362 1137 paesiones
1384 1101 1457 1128 circa
1488 1101 1691 1136 generationem
1723 1101 1771 1129 tibi

148 1148 233 1183 κάμοὶ
246 1148 310 1184 περὶ
321 1148 369 1183 τὴν
387 1147 474 1174 κτίσιν
485 1156 492 1162 ·
506 1147 567 1174 οὐδὲ
583 1148 638 1184 γὰρ
655 1148 686 1174 τὸ
706 1147 864 1184 κτιξόμενον
879 1149 936 1184 (11)

149 1193 261 1226 ἀπαθῶς
283 1192 341 1220 οἶδα
362 1193 530 1229 κτιζόμενον.
546 1194 577 1220 Εἰ
590 1194 619 1220 δὲ
637 1194 674 1230 μὴ
690 1194 851 1230 γεγέννηται
865 1195 936 1222 κατὰ

150 1239 181 1266 σὲ
197 1239 262 1275 (15),
281 1239 348 1275 μηδὲ
361 1239 466 1266 ἐκτισαι
482 1239 552 1266 κατὰ
567 1239 612 1265 τὸν
625 1239 711 1276 ἁληθῆ
723 1240 801 1274 λόγον
818 1241 883 1277 (16),
898 1241 938 1268 δέ·

149 1285 193 1317 ξαι
205 1285 251 1312 τοῦ
265 1285 344 1320 λόγου
360 1293 401 1312 σοι
413 1285 443 1312 τὸ
454 1285 623 1320 λειπόμενον,
641 1287 655 1312 ὁ
666 1286 764 1322 μικροῦ
778 1287 808 1313 τὸ
822 1287 879 1314 ἴσον
893 1287 937 1313 λέ-

148 1338 208 1364 γειν
219 1330 325 1366 τολμῶν
340 1330 384 1357 διὰ
396 1330 446 1366 τῆς
456 1330 640 1366 προσηγορίας
651 1331 698 1358 τοῦ
713 1331 860 1367 κτίσματος
867 1332 890 1367 (1
898 1332 935 1367 7).

148 1376 196 1403 Σοὶ
213 1376 261 1411 μὲν
277 1373 322 1402 οὖν
332 1376 407 1402 οὐδὲν
424 1375 640 1412 ἀνεπιχείρητον,
653 1376 715 1403 οὐδὲ
729 1377 880 1413 ἁτόλμητον
899 1377 937 1413 τῷ

148 1421 228 1457 κακῷ
243 1421 377 1457 βραϐευτῇ
399 1422 445 1448 καὶ
465 1421 588 1457 διαιτητῇ
609 1422 659 1457 τῆς
677 1422 802 1458 θεότητος
815 1431 821 1437 ·
837 1422 868 1449 οὐ
882 1423 936 1460 γὰρ

150 1465 222 1502 εἶχες
246 1467 334 1500 ἄλλως
353 1467 514 1504 εὐδοκιμεῖν,
540 1469 557 1504 ἢ
583 1469 692 1505 μακρὰν
713 1469 851 1497 ἐκϐάλλων
871 1470 937 1498 Θεὸν

149 1513 315 1546 δεσποτείας,
333 1514 426 1550 ὥσπερ
440 1513 556 1541 ἐνταῦθα
568 1516 592 1541 oi
605 1515 760 1550 τυραννικοὶ
770 1515 815 1542 τὸν
826 1516 935 1552 τρόπον,

150 1557 198 1584 καὶ
219 1558 402 1585 πλεονεκτικοὶ
419 1560 484 1592 τοὺς
504 1559 723 1596 ἀσθενεστέρους.
743 1560 813 1595 Ἐγὼ
830 1561 858 1588 δὲ
874 1562 937 1597 μίαν

151 1605 252 1639 φωνὴν,
269 1605 318 1640 τὴν
334 1605 417 1640 αὐτὴν
429 1605 475 1632 καὶ
489 1605 620 1640 σύντομον
632 1605 793 1641 φθέγξομαι.
805 1606 889 1643 Τριὰς
900 1607 938 1640 ὡς

150 1649 259 1685 ἀληθῶς
283 1651 299 1686 ἡ
318 1650 412 1686 Τριὰς,
430 1650 547 1685 ἀδελφοί.
563 1651 648 1687 Τριὰς
666 1651 705 1684 δὲ,
726 1652 756 1678 οὐ
768 1653 937 1688 πραγμάτων

149 1695 251 1722 ἀνίσων
265 1695 319 1731 (18)
335 1696 522 1732 ἁπαρίθμησις
539 1697 567 1732 (ἢ
587 1697 614 1724 τί
636 1697 746 1730 κωλύει,
764 1699 811 1725 καὶ
827 1699 936 1732 δεκάδα,

150 1742 199 1767 καὶ
212 1741 385 1773 ἑκατοντάδα,
401 1742 448 1768 καὶ
461 1742 578 1778 μυριάδα
596 1743 740 1778 ὀνομάζειν
764 1743 833 1779 μετὰ
844 1744 938 1770 τοσού-

988 1149 1086 1184 fingis,
1110 1155 1162 1182 ego
1187 1154 1294 1182 quoque
1316 1147 1387 1174 idem
1413 1147 1485 1174 circa
1513 1147 1680 1175 creationem
1703 1147 1769 1175 mihi

988 1194 1099 1229 fingam.
1116 1192 1185 1220 Nam
1208 1200 1242 1220 ne
1269 1193 1295 1219 id
1323 1191 1452 1226 quidem,
1473 1192 1546 1227 quod
1564 1197 1683 1225 creatur,
1703 1192 1772 1220 citra

986 1240 1140 1274 passionem
1159 1243 1279 1266 creatur.
1307 1237 1383 1271 Quod
1414 1238 1436 1265 si
1457 1246 1506 1265 nec
1535 1239 1642 1273 genitus
1668 1243 1771 1270 est,ut

989 1285 1047 1320 ipse
1058 1284 1143 1311 sentis
1156 1304 1163 1316 ,
1180 1291 1231 1311 nec
1245 1289 1352 1311 creatus
1363 1302 1372 1316 ,
1387 1283 1458 1318 quod
1471 1283 1571 1311 veritas
1582 1284 1683 1315 sentit,
1699 1283 1771 1318 quod

990 1330 1038 1357 tibi
1053 1329 1186 1364 reliquum
1202 1334 1263 1361 est,
1285 1329 1377 1364 accipe
1387 1349 1395 1361 ,
1410 1328 1457 1363 qui
1468 1335 1516 1363 per
1525 1334 1656 1355 creatura:
1671 1335 1769 1355 nomen

987 1383 1020 1403 eo
1033 1380 1101 1411 pene
1117 1375 1237 1403 audacia:
1254 1375 1406 1409 prorumpis
1419 1394 1426 1408 ,
1452 1379 1481 1402 ut
1501 1374 1571 1402 idem
1587 1374 1671 1402 dicas.
1689 1375 1728 1401 Ac
1743 1379 1771 1401 tu

987 1422 1113 1456 quidem,
1133 1421 1203 1448 male
1230 1421 1339 1448 deitatis
1360 1421 1443 1454 judex
1468 1425 1549 1455 atque
1571 1420 1685 1454 arbiter,
1703 1420 1771 1447 nihil

987 1468 1150 1495 intentatum
1171 1467 1320 1502 relinquis,
1337 1467 1406 1494 nihil
1429 1475 1483 1494 non
1500 1468 1603 1499 audes;
1621 1475 1673 1494 non
1698 1467 1772 1494 enini

988 1513 1041 1541 alia
1059 1514 1166 1541 ratione
1182 1521 1279 1540 nomen
1300 1519 1376 1540 tuum
1401 1513 1541 1541 illustrare
1552 1517 1677 1547 poteras,
1691 1521 1771 1547 quam

989 1561 1011 1588 si
1025 1579 1033 1593 ,
1049 1564 1078 1587 ut
1090 1560 1136 1595 qui
1150 1560 1300 1595 tyrannicis
1310 1565 1374 1587 sunt
1385 1559 1518 1592 moribus,
1530 1564 1610 1594 atque
1623 1559 1656 1586 ad
1670 1559 1773 1587 alienas

988 1606 1134 1635 facultates
1149 1605 1305 1641 eripiendus
1331 1606 1458 1640 propensi
1472 1625 1480 1637 ,
1501 1605 1668 1633 infirmiores
1684 1605 1774 1633 homi-

988 1660 1047 1685 nes,
1063 1653 1156 1680 eodem
1176 1657 1203 1678 tu
1226 1659 1332 1686 quoque
1349 1652 1428 1679 modo
1453 1651 1534 1678 Deum
1554 1651 1588 1679 ab
1609 1652 1725 1686 imperio
1746 1657 1774 1679 et

989 1698 1174 1726 dominatione
1189 1697 1282 1732 procul
1296 1697 1481 1725 submoveres.
1501 1697 1557 1732 Ego
1571 1702 1678 1730 contra,
1691 1705 1773 1724 unam

989 1751 1082 1771 vocem
1095 1763 1102 1775 ,
1115 1751 1229 1778 eamque
1242 1744 1351 1770 brevem
1367 1747 1395 1770 et
1419 1743 1637 1777 compendiosam
1647 1763 1656 1776 ,
1672 1743 1771 1771 habeo.

149 1794 205 1813 των
221 1786 428 1823 συντιθεμένην;
450 1788 535 1815 πολλὰ
548 1788 603 1825 γὰρ
616 1789 649 1816 τὰ
663 1789 854 1825 ἀριθμούμενα
869 1790 935 1826 (19),

990 1789 1112 1817 Trinitas
1128 1797 1191 1816 vere
1203 1788 1323 1816 Trinitas
1342 1793 1384 1816 est
1399 1807 1407 1820 ,
1431 1787 1538 1815 fratres.
1557 1788 1678 1816 Trinitas
1693 1796 1773 1824 porro

149 1831 198 1858 καὶ
215 1831 300 1858 πλείω
317 1832 440 1868 τούτων),
458 1834 514 1860 ἀλλ’
533 1834 597 1860 ἴσων
616 1835 664 1861 καὶ
687 1835 826 1870 ὁμοτίμων
841 1835 937 1871 σύλλη-

149 1875 207 1911 ψις,
220 1876 332 1912 ἐνούσης
341 1877 391 1912 τῆς
399 1879 584 1914 προσηγορίας
594 1879 629 1905 τὰ
641 1880 766 1915 ἡνωμένα
778 1881 809 1908 ὲκ
820 1880 938 1915 φύσεως,

149 1921 199 1948 καὶ
214 1922 265 1949 οὐκ
284 1922 372 1959 ἐώσης
389 1924 567 1959 σκεδασθῆναι
584 1924 693 1961 ἀριθμῷ
713 1925 836 1962 λυομένῳ
848 1926 882 1953 τὰ
899 1926 937 1962 μὴ

151 1966 279 2002 λυόμενα.

991 1840 1044 1860 non
1062 1832 1234 1866 inzequalium
1256 1839 1345 1859 rerum
1367 1833 1535 1859 enumeratio
1550 1837 1593 1860 est
1607 1833 1682 1868 (quid
1699 1835 1772 1861 enim

989 1877 1090 1912 alioqui
1106 1877 1266 1912 prohibeat,
1280 1878 1355 1912 quin,
1369 1881 1396 1904 et
1409 1877 1550 1911 decadem,
1565 1883 1592 1906 et
1606 1880 1772 1914 centuriam,

988 1931 1022 1952 ac
1035 1923 1184 1959 myriadem
1201 1924 1382 1957 nominemus,
1399 1925 1422 1951 si
1438 1931 1499 1951 curn
1514 1929 1555 1952 tot
1565 1926 1687 1954 numeris
1695 1933 1772 1954 com-

985 1969 1122 2005 ponatur?
1135 1969 1218 1996 Multa
1228 1969 1328 2004 quippe
1338 1989 1346 2002 ,
1366 1970 1505 2005 multoque
1519 1970 1562 1998 his
1575 1971 1653 2006 plura
1678 1972 1705 1999 in
1721 1981 1773 1999 nu-

149 2020 257 2040 merum
282 2013 420 2048 cadunt);
443 2014 491 2042 sed
513 2014 654 2050 :equalium
668 2020 694 2042 et
709 2017 812 2044 honore
846 2016 950 2051 parium
971 2015 1141 2050 complexio,
1174 2022 1235 2042 cum
1261 2015 1363 2042 scilicet
1396 2023 1493 2043 nomen
1515 2023 1546 2044 ea
1560 2036 1568 2052 ,
1591 2025 1652 2052 quae
1677 2023 1774 2046 natura

153 2059 228 2085 unita
242 2063 321 2091 sunt,
347 2065 509 2092 connectat,
529 2068 578 2087 nec
591 2080 598 2092 ,
622 2068 683 2095 quae
706 2062 866 2090 solutionem
882 2063 1026 2095 nesciunt,
1041 2061 1176 2089 deﬂuente
1190 2068 1302 2089 numero
1321 2062 1446 2097 dissipari
1460 2063 1543 2090 sinat.

187 2104 238 2130 lA’.
251 2104 327 2131 Οὕτω
338 2105 500 2141 φρονοῦμεν,
513 2107 559 2133 καὶ
569 2106 654 2139 οὕτως
665 2107 771 2143 ἔχομεν,
783 2107 853 2135 ὥστε
863 2109 938 2141 ὅπως

153 2149 203 2184 μὲν
218 2149 273 2184 ἔχει
289 2150 344 2185 (90)
359 2151 444 2177 ταῦτα
457 2151 525 2188 πρὸς
536 2152 637 2188 ἄλληλα
651 2153 768 2188 σχέσεώς
779 2162 809 2181 τε
825 2155 872 2181 καὶ
890 2155 939 2181 τά-

154 2194 230 2227 ξεως,
244 2196 310 2231 αὐτῇ
324 2196 389 2232 μόνῃ
401 2198 433 2233 τῇ
447 2198 543 2233 Τριάδι
557 2200 707 2234 συγχωρεῖν
718 2200 827 2232 εἰδέναι,
840 2200 886 2227 καὶ
897 2198 938 2232 οἷς

150 2241 210 2278 ἂνὴ
223 2242 307 2278 Τριὰς
321 2244 482 2280 ἀποκαλύψῃ
494 2244 718 2280 κεκαθαρμένοις,
731 2244 816 2280 ἦνῦν,
831 2245 847 2281 ἤ
864 2246 941 2273 ὕστε-

154 2296 200 2322 ρον
210 2296 216 2303 ·
233 2287 310 2315 αὐτοὶ
327 2289 354 2315 δὲ
373 2289 436 2323 μίαν
453 2290 500 2315 καὶ
510 2289 559 2324 τὴν
573 2289 657 2325 αὐτὴν
672 2290 769 2317 εἰδέναι
783 2290 864 2324 φύσιν
880 2290 939 2316 Θεό-

152 2340 243 2367 τητος,
257 2334 378 2369 ἀνάρχῳ,
400 2335 447 2360 καὶ
462 2335 598 2370 γεννήσει,
614 2332 661 2361 ml.
685 2335 792 2371 προόδῳ
807 2335 940 2371 γνωριζο-

153 2379 250 2415 μένην,
263 2380 300 2411 ὡς
317 2379 355 2415 νῷ
370 2379 410 2415 τῷ
432 2381 461 2407 ὲν
481 2381 556 2416 ἡμῖν,
572 2381 619 2407 καὶ
639 2380 722 2416 λόγῳ,
746 2381 793 2408 καὶ
806 2381 940 2417 πνεύματι

1030 2108 1078 2136 Xl.
1091 2109 1136 2136 Sic
1146 2108 1289 2143 sentimus,
1305 2109 1346 2136 sic
1356 2109 1446 2136 animo
1460 2109 1549 2136 allecti
1563 2117 1668 2142 sumus,
1682 2110 1719 2138 ita
1737 2115 1775 2138 ta-

992 2162 1074 2188 men,
1093 2159 1140 2188 ut,
1165 2162 1246 2189 quam
1276 2154 1436 2182 relationem
1466 2161 1546 2190 atque
1572 2157 1693 2184 ordinem
1716 2158 1774 2186 haec

991 2198 1063 2226 inter
1076 2206 1106 2226 se
1130 2199 1265 2231 habeant,
1287 2198 1412 2226 Trinitati
1443 2200 1492 2234 ipsi
1519 2200 1588 2234 soli,
1603 2208 1635 2228 ac
1658 2206 1772 2236 purgata

990 2249 1082 2272 mente
1105 2245 1270 2279 hominibus,
1282 2245 1392 2279 quibus,
1415 2246 1458 2273 vel
1482 2247 1508 2273 in
1526 2246 1578 2274 hac
1600 2248 1653 2274 vita
1668 2267 1676 2280 ,
1689 2248 1730 2274 vcl
1745 2248 1774 2275 in

989 2296 1128 2326 posterum
1152 2291 1273 2319 Trinitas
1290 2292 1316 2319 id
1342 2291 1522 2327 patefecerit,
1540 2293 1706 2321 noscendum
1731 2301 1774 2321 re-

990 2336 1152 2371 linquamus.
1181 2337 1237 2365 Nos
1258 2343 1347 2365 autem
1372 2345 1452 2365 unam
1471 2343 1499 2366 et
1516 2339 1639 2366 eamdem
1663 2339 1773 2366 deitatis

990 2385 1118 2409 naturam
1139 2386 1289 2411 teneamus.
1311 2390 1371 2412 quae
1391 2390 1425 2411 ex
1440 2384 1566 2419 principii
1593 2389 1724 2419 experte,
1746 2389 1774 2411 et

189 2489 243 2526 (11)
268 2491 492 2526 Ἀφαιρουμένφ.
517 2492 602 2527 Re“.
623 2492 680 2525 bm,
702 2493 747 2524 hu,
771 2492 936 2528 ὑφαιρουμέ-

995 2529 1002 2532 _
1025 2493 1081 2529 (l6)
1101 2494 1182 2532 ιςᾳτὰ
1195 2495 1248 2532 τὸν
1259 2494 1357 2530 ἀληθῆ
1371 2496 1472 2530 λόγον.
1488 2496 1533 2524 Sic
1547 2497 1613 2532 Reg.
1629 2497 1673 2527 hu.
1688 2498 1771 2525 Coisl.

153 2533 168 2551 ν

153 2534 244 2630 ἓξὲξ-ἓ)
266 2561 348 2595 Tm“
376 2560 422 2588 Sic
445 2561 530 2596 Ριεςιςο
551 2561 607 2595 bm,
622 2561 668 2596 hu,
685 2567 709 2590 el
727 2563 774 2591 0r.
792 2562 818 2590 1.
835 2562 863 2590 In
881 2563 936 2595 ed.,

267 2631 483 2668 Τρχινόμενον.
500 2630 583 2668 coisl.
596 2631 621 2664 1,
639 2631 669 2659 τὸ
682 2632 829 2668 διδόμενον.

189 2665 243 2700 (id)
265 2665 340 2693 Οὐδέ
353 2667 409 2699 γὰρ
426 2665 460 2691 τὸ
477 2665 656 2701 κτιζόμενον.
680 2665 859 2695 (lonibellsius
874 2675 936 2695 ver-

152 2700 207 2727 tit:
229 2710 238 2726 ι
264 2701 339 2736 neiid
361 2701 466 2734 quidem
491 2700 561 2734 quod
581 2707 667 2732 creat,
693 2703 759 2729 citra
786 2703 936 2736 passionem

152 2740 236 2796 creat.
257 2744 266 2761 ι
292 2735 425 2762 Caeterum
442 2735 467 2762 id
483 2735 570 2763 fusius
588 2736 614 2763 in
629 2736 677 2763 Or.
702 2745 737 2765 xx
761 2736 801 2764 De
817 2738 938 2773 dogmate

152 2776 205 2803 exp
218 2775 313 2797 icatnr.

190 2804 444 2843 (15)]ξςγέννῃται
458 2805 534 2843 uate}
546 2805 598 2843 σέ..
609 2805 655 2833 Sic
670 2807 749 2837 codd.
763 2807 802 2835 Ita
819 2807 884 2843 legit
904 2815 936 2836 ac

153 2844 235 2867 vertit
250 2839 351 2867 Billius.
372 2839 450 2867 Deest
464 2840 535 2866 κατὰ
551 2840 580 2866 σέ
591 2840 619 2868 in
633 2843 676 2868 ed.

311 2887 446 2918 ΡΑτιιοι..
468 2887 526 2918 Gn.
544 2888 679 2920 XXXV.

989 2529 1099 2592 ahena.
1115 2529 1178 2557 Hau:
1193 2531 1289 2557 desunt
1310 2531 1335 2557 in
1356 2529 1432 2564 edit.,
1449 2533 1572 2567 quamvis
1584 2529 1599 2559 εἰ
1618 2530 1695 2560 Billio
1713 2534 1773 2561 red-

1010 2573 1015 2591 I
1048 2585 1055 2592 .

1010 2568 1081 2634 "(am
1099 2599 1278 2637 Κςίρματος,
1294 2600 1375 2628 Coisl.
1394 2601 1405 2627 1
1424 2601 1508 2634 addit,
1519 2603 1559 2629 ότι
1577 2602 1644 2637 μηδὲ
1658 2602 1721 2629 εἴδει
1733 2604 1773 2631 ἑνὶ

988 2634 1230 2694 ἰιατασκευάζεται,
1258 2644 1267 2660 ι
1293 2637 1365 2670 quod
1391 2643 1441 2663 nec
1463 2638 1508 2664 uni
1532 2634 1627 2665 farinae
1656 2639 1774 2665 instrun.

1001 2676 1042 2696 ur.
1061 2678 1070 2694 I

1024 2703 1080 2739 (18)
1105 2704 1238 2731 ἈνΙο-ων.
1254 2705 1370 2732 Billins:
1391 2715 1400 2731 ι
1420 2705 1596 2734 diversarum.
1613 2717 1623 2733 ι

1026 2739 1082 2778 (ω)
1100 2739 1142 2778 -Τὰ
1161 2739 1369 2778 ἀριᾷμούμξνα.
1401 2741 1446 2769 Sic
1475 2741 1559 2778 Ἆρες.
1587 2745 1642 2776 btn,
1669 2742 1716 2775 hu,
1746 2750 1772 2770 et

989 2772 1036 2801 0r.
1055 2772 1080 2801 l.
1100 2772 1263 2802 lteest’tdt’in
1281 2772 1344 2802 edit.

1025 2808 1082 2844 (ΞΟ)
1103 2809 1197 2844 Ἔχει.
1214 2811 1253 2837 lla
1265 2810 1329 2845 Reg.
1343 2811 1389 2845 hu,
1402 2816 1429 2840 et
1444 2811 1491 2839 0r.
1509 2812 1534 2840 l.
1549 2812 1613 2845 Alii,
1629 2812 1689 2850 ἔχῃ.

1615 2893 1652 2925 37
