  <div class='ocr_page' id='page_1' title='image "/cluster/home/n/w/nwhite01/storage/ocr_20150623/35/njp.32101077772554/595.png"; bbox 0 0 2060 3140; ppageno 0'>
   <div class='ocr_carea' id='block_1_1' title="bbox 273 153 341 183">
    <p class='ocr_par' dir='ltr' id='par_1_1' title="bbox 273 153 341 183">
     <span class='ocr_line' id='line_1_1' title="bbox 273 153 341 183; baseline -0.029 0"><span class='ocrx_word' id='word_1_1' title='bbox 273 153 341 183; x_wconf 76' lang='lat' dir='ltr'><strong>H65</strong></span> 
     </span>
    </p>
   </div>
   <div class='ocr_carea' id='block_1_2' title="bbox 863 149 1267 181">
    <p class='ocr_par' dir='ltr' id='par_1_2' title="bbox 863 149 1267 181">
     <span class='ocr_line' id='line_1_2' title="bbox 863 149 1267 181; baseline -0.005 -1"><span class='ocrx_word' id='word_1_2' title='bbox 863 153 891 180; x_wconf 89' lang='lat' dir='ltr'><strong>S.</strong></span> <span class='ocrx_word' id='word_1_3' title='bbox 912 150 1074 181; x_wconf 77' lang='lat' dir='ltr'><strong>CREGORII</strong></span> <span class='ocrx_word' id='word_1_4' title='bbox 1095 149 1267 180; x_wconf 77' lang='lat' dir='ltr'><strong>THEOLOGI</strong></span> 
     </span>
    </p>
   </div>
   <div class='ocr_carea' id='block_1_3' title="bbox 1814 147 1881 178">
    <p class='ocr_par' dir='ltr' id='par_1_3' title="bbox 1814 147 1881 178">
     <span class='ocr_line' id='line_1_3' title="bbox 1814 147 1881 178; baseline 0.03 -2"><span class='ocrx_word' id='word_1_5' title='bbox 1814 147 1881 178; x_wconf 67' lang='grc' dir='ltr'><strong>Πῦδ</strong></span> 
     </span>
    </p>
   </div>
   <div class='ocr_carea' id='block_1_4' title="bbox 273 201 1059 249">
    <p class='ocr_par' dir='ltr' id='par_1_4' title="bbox 273 209 1048 249">
     <span class='ocr_line' id='line_1_4' title="bbox 273 209 1048 249; baseline -0.003 -8"><span class='ocrx_word' id='word_1_6' title='bbox 273 211 460 249; x_wconf 69' lang='lat' dir='ltr'><strong>generatione,</strong></span> <span class='ocrx_word' id='word_1_7' title='bbox 474 214 500 238; x_wconf 82' lang='lat' dir='ltr'><strong>et</strong></span> <span class='ocrx_word' id='word_1_8' title='bbox 531 209 703 245; x_wconf 82' lang='lat' dir='ltr'><strong>processicne</strong></span> <span class='ocrx_word' id='word_1_9' title='bbox 722 211 888 245; x_wconf 79' lang='lat' dir='ltr'><strong>agnoscitur,</strong></span> <span class='ocrx_word' id='word_1_10' title='bbox 916 212 1048 246; x_wconf 89' lang='lat' dir='ltr'><strong>quemad-</strong></span> 
     </span>
    </p>
   </div>
   <div class='ocr_carea' id='block_1_5' title="bbox 1110 201 1882 249">
    <p class='ocr_par' dir='ltr' id='par_1_5' title="bbox 1111 207 1882 244">
     <span class='ocr_line' id='line_1_5' title="bbox 1111 207 1882 244; baseline -0.001 -8"><span class='ocrx_word' id='word_1_11' title='bbox 1111 211 1171 237; x_wconf 80' lang='grc' dir='ltr'>ὅσον</span> <span class='ocrx_word' id='word_1_12' title='bbox 1188 210 1295 236; x_wconf 75' lang='grc' dir='ltr'><strong>εἰκάσαι</strong></span> <span class='ocrx_word' id='word_1_13' title='bbox 1313 211 1368 240; x_wconf 73' lang='grc' dir='ltr'>τοῖς</span> <span class='ocrx_word' id='word_1_14' title='bbox 1383 209 1524 244; x_wconf 74' lang='grc' dir='ltr'><strong>ἀἰσθητοῖς</strong></span> <span class='ocrx_word' id='word_1_15' title='bbox 1547 208 1581 235; x_wconf 80' lang='grc' dir='ltr'>τὰ</span> <span class='ocrx_word' id='word_1_16' title='bbox 1595 207 1688 243; x_wconf 84' lang='grc' dir='ltr'>νοητὰ,</span> <span class='ocrx_word' id='word_1_17' title='bbox 1703 207 1752 234; x_wconf 77' lang='grc' dir='ltr'><strong>καὶ</strong></span> <span class='ocrx_word' id='word_1_18' title='bbox 1767 209 1820 239; x_wconf 81' lang='grc' dir='ltr'>τοῖς</span> <span class='ocrx_word' id='word_1_19' title='bbox 1838 217 1882 243; x_wconf 87' lang='grc' dir='ltr'>μι-</span> 
     </span>
    </p>
   </div>
   <div class='ocr_carea' id='block_1_6' title="bbox 273 255 1050 290">
    <p class='ocr_par' dir='ltr' id='par_1_6' title="bbox 273 255 1050 290">
     <span class='ocr_line' id='line_1_6' title="bbox 273 255 1050 290; baseline -0.003 -4"><span class='ocrx_word' id='word_1_20' title='bbox 273 257 380 286; x_wconf 87' lang='lat' dir='ltr'><strong>modum</strong></span> <span class='ocrx_word' id='word_1_21' title='bbox 398 255 423 283; x_wconf 88' lang='lat' dir='ltr'><strong>id</strong></span> <span class='ocrx_word' id='word_1_22' title='bbox 444 255 513 290; x_wconf 89' lang='lat' dir='ltr'><strong>quod</strong></span> <span class='ocrx_word' id='word_1_23' title='bbox 532 255 609 282; x_wconf 82' lang='lat' dir='ltr'><strong>nobis</strong></span> <span class='ocrx_word' id='word_1_24' title='bbox 622 256 690 282; x_wconf 85' lang='lat' dir='ltr'><strong>inest</strong></span> <span class='ocrx_word' id='word_1_25' title='bbox 704 274 712 286; x_wconf 85' lang='lat'><strong>,</strong></span> <span class='ocrx_word' id='word_1_26' title='bbox 727 260 832 288; x_wconf 90' lang='lat' dir='ltr'><strong>mente,</strong></span> <span class='ocrx_word' id='word_1_27' title='bbox 849 263 974 284; x_wconf 84' lang='lat' dir='ltr'><strong>sermone</strong></span> <span class='ocrx_word' id='word_1_28' title='bbox 987 277 996 290; x_wconf 84' lang='lat'><strong>,</strong></span> <span class='ocrx_word' id='word_1_29' title='bbox 1018 264 1050 284; x_wconf 88' lang='lat' dir='ltr'><strong>ac</strong></span> 
     </span>
    </p>
   </div>
   <div class='ocr_carea' id='block_1_7' title="bbox 273 300 1051 339">
    <p class='ocr_par' dir='ltr' id='par_1_7' title="bbox 273 300 1051 339">
     <span class='ocr_line' id='line_1_7' title="bbox 273 300 1051 339; baseline -0.004 -7"><span class='ocrx_word' id='word_1_30' title='bbox 273 303 369 339; x_wconf 88' lang='lat' dir='ltr'><strong>spiritu</strong></span> <span class='ocrx_word' id='word_1_31' title='bbox 379 301 459 338; x_wconf 58' lang='lat'><strong>532</strong></span> <span class='ocrx_word' id='word_1_32' title='bbox 474 300 630 336; x_wconf 77' lang='lat' dir='ltr'><strong>intelligitur</strong></span> <span class='ocrx_word' id='word_1_33' title='bbox 649 305 791 335; x_wconf 84' lang='lat' dir='ltr'><strong>(quantum</strong></span> <span class='ocrx_word' id='word_1_34' title='bbox 813 302 921 336; x_wconf 84' lang='lat' dir='ltr'><strong>quidem</strong></span> <span class='ocrx_word' id='word_1_35' title='bbox 937 310 970 329; x_wconf 81' lang='lat' dir='ltr'><strong>ex</strong></span> <span class='ocrx_word' id='word_1_36' title='bbox 986 310 1051 329; x_wconf 91' lang='lat' dir='ltr'><strong>sen-</strong></span> 
     </span>
    </p>
   </div>
   <div class='ocr_carea' id='block_1_8' title="bbox 273 344 1048 381">
    <p class='ocr_par' dir='ltr' id='par_1_8' title="bbox 273 344 1048 381">
     <span class='ocr_line' id='line_1_8' title="bbox 273 344 1048 381; baseline -0.001 -7"><span class='ocrx_word' id='word_1_37' title='bbox 273 346 406 377; x_wconf 89' lang='lat' dir='ltr'><strong>sibilibus,</strong></span> <span class='ocrx_word' id='word_1_38' title='bbox 421 352 465 376; x_wconf 87' lang='lat' dir='ltr'><strong>ea,</strong></span> <span class='ocrx_word' id='word_1_39' title='bbox 485 351 546 379; x_wconf 64' lang='lat' dir='ltr'><strong>quae</strong></span> <span class='ocrx_word' id='word_1_40' title='bbox 567 344 657 371; x_wconf 86' lang='lat' dir='ltr'><strong>animo</strong></span> <span class='ocrx_word' id='word_1_41' title='bbox 669 348 696 371; x_wconf 87' lang='lat' dir='ltr'><strong>et</strong></span> <span class='ocrx_word' id='word_1_42' title='bbox 720 345 826 372; x_wconf 79' lang='lat' dir='ltr'><strong>ratione</strong></span> <span class='ocrx_word' id='word_1_43' title='bbox 848 345 1048 381; x_wconf 76' lang='lat' dir='ltr'><strong>intelliguntur,</strong></span> 
     </span>
    </p>
   </div>
   <div class='ocr_carea' id='block_1_9' title="bbox 274 389 1051 426">
    <p class='ocr_par' dir='ltr' id='par_1_9' title="bbox 274 389 1051 426">
     <span class='ocr_line' id='line_1_9' title="bbox 274 389 1051 426; baseline -0.001 -7"><span class='ocrx_word' id='word_1_44' title='bbox 274 397 353 426; x_wconf 80' lang='lat' dir='ltr'><strong>alque</strong></span> <span class='ocrx_word' id='word_1_45' title='bbox 365 398 397 418; x_wconf 82' lang='lat' dir='ltr'><strong>ex</strong></span> <span class='ocrx_word' id='word_1_46' title='bbox 412 390 502 425; x_wconf 82' lang='lat' dir='ltr'><strong>parvis</strong></span> <span class='ocrx_word' id='word_1_47' title='bbox 514 390 630 417; x_wconf 79' lang='lat' dir='ltr'><strong>maxima</strong></span> <span class='ocrx_word' id='word_1_48' title='bbox 641 389 777 424; x_wconf 82' lang='lat' dir='ltr'><strong>conjicere</strong></span> <span class='ocrx_word' id='word_1_49' title='bbox 792 399 946 426; x_wconf 84' lang='lat' dir='ltr'><strong>possumus,</strong></span> <span class='ocrx_word' id='word_1_50' title='bbox 961 399 1051 426; x_wconf 90' lang='lat' dir='ltr'><strong>quan-</strong></span> 
     </span>
    </p>
   </div>
   <div class='ocr_carea' id='block_1_10' title="bbox 275 435 1048 473">
    <p class='ocr_par' dir='ltr' id='par_1_10' title="bbox 275 435 1048 473">
     <span class='ocr_line' id='line_1_10' title="bbox 275 435 1048 473; baseline -0.001 -8"><span class='ocrx_word' id='word_1_51' title='bbox 275 437 414 472; x_wconf 89' lang='lat' dir='ltr'><strong>doquidem</strong></span> <span class='ocrx_word' id='word_1_52' title='bbox 429 435 499 463; x_wconf 89' lang='lat' dir='ltr'><strong>nulla</strong></span> <span class='ocrx_word' id='word_1_53' title='bbox 523 436 611 470; x_wconf 81' lang='lat' dir='ltr'><strong>imago</strong></span> <span class='ocrx_word' id='word_1_54' title='bbox 633 436 775 463; x_wconf 86' lang='lat' dir='ltr'><strong>veritatem</strong></span> <span class='ocrx_word' id='word_1_55' title='bbox 799 437 907 471; x_wconf 84' lang='lat' dir='ltr'><strong>assequi</strong></span> <span class='ocrx_word' id='word_1_56' title='bbox 925 438 1023 473; x_wconf 86' lang='lat' dir='ltr'><strong>potest)</strong></span> <span class='ocrx_word' id='word_1_57' title='bbox 1040 457 1048 470; x_wconf 90' lang='lat'><strong>,</strong></span> 
     </span>
    </p>
   </div>
   <div class='ocr_carea' id='block_1_11' title="bbox 274 482 1052 519">
    <p class='ocr_par' dir='ltr' id='par_1_11' title="bbox 274 482 1052 519">
     <span class='ocr_line' id='line_1_11' title="bbox 274 482 1052 519; baseline -0.005 -7"><span class='ocrx_word' id='word_1_58' title='bbox 274 486 358 519; x_wconf 85' lang='lat' dir='ltr'><strong>ipsam</strong></span> <span class='ocrx_word' id='word_1_59' title='bbox 397 490 488 511; x_wconf 83' lang='lat' dir='ltr'><strong>secum</strong></span> <span class='ocrx_word' id='word_1_60' title='bbox 527 482 712 514; x_wconf 86' lang='lat' dir='ltr'><strong>concordem,</strong></span> <span class='ocrx_word' id='word_1_61' title='bbox 749 489 857 516; x_wconf 78' lang='lat' dir='ltr'><strong>semper</strong></span> <span class='ocrx_word' id='word_1_62' title='bbox 895 483 1020 509; x_wconf 80' lang='lat' dir='ltr'><strong>eamdem</strong></span> <span class='ocrx_word' id='word_1_63' title='bbox 1044 503 1052 515; x_wconf 86' lang='lat'><strong>,</strong></span> 
     </span>
    </p>
   </div>
   <div class='ocr_carea' id='block_1_12' title="bbox 275 528 1053 565">
    <p class='ocr_par' dir='ltr' id='par_1_12' title="bbox 275 528 1053 565">
     <span class='ocr_line' id='line_1_12' title="bbox 275 528 1053 565; baseline -0.004 -7"><span class='ocrx_word' id='word_1_64' title='bbox 275 537 382 565; x_wconf 83' lang='lat' dir='ltr'><strong>semper</strong></span> <span class='ocrx_word' id='word_1_65' title='bbox 405 529 553 565; x_wconf 89' lang='lat' dir='ltr'><strong>perfectam</strong></span> <span class='ocrx_word' id='word_1_66' title='bbox 564 548 572 562; x_wconf 89' lang='lat'><strong>,</strong></span> <span class='ocrx_word' id='word_1_67' title='bbox 598 528 749 563; x_wconf 79' lang='lat' dir='ltr'><strong>qualitatis,</strong></span> <span class='ocrx_word' id='word_1_68' title='bbox 764 529 934 563; x_wconf 81' lang='lat' dir='ltr'><strong>quantitatis,</strong></span> <span class='ocrx_word' id='word_1_69' title='bbox 950 532 1053 562; x_wconf 90' lang='lat' dir='ltr'><strong>tempo-</strong></span> 
     </span>
    </p>
   </div>
   <div class='ocr_carea' id='block_1_13' title="bbox 274 571 1054 611">
    <p class='ocr_par' dir='ltr' id='par_1_13' title="bbox 274 571 1054 611">
     <span class='ocr_line' id='line_1_13' title="bbox 274 571 1054 611; baseline -0.005 -7"><span class='ocrx_word' id='word_1_70' title='bbox 274 577 314 604; x_wconf 85' lang='lat' dir='ltr'><strong>ris</strong></span> <span class='ocrx_word' id='word_1_71' title='bbox 327 580 463 611; x_wconf 81' lang='lat' dir='ltr'><strong>expertem</strong></span> <span class='ocrx_word' id='word_1_72' title='bbox 474 595 482 607; x_wconf 87' lang='lat'><strong>,</strong></span> <span class='ocrx_word' id='word_1_73' title='bbox 495 571 644 602; x_wconf 80' lang='lat' dir='ltr'><strong>increatam</strong></span> <span class='ocrx_word' id='word_1_74' title='bbox 655 595 663 607; x_wconf 85' lang='lat'><strong>,</strong></span> <span class='ocrx_word' id='word_1_75' title='bbox 677 579 757 608; x_wconf 89' lang='lat' dir='ltr'><strong>atque</strong></span> <span class='ocrx_word' id='word_1_76' title='bbox 770 574 903 609; x_wconf 85' lang='lat' dir='ltr'><strong>ejusmodi</strong></span> <span class='ocrx_word' id='word_1_77' title='bbox 920 595 928 607; x_wconf 92' lang='lat'><strong>,</strong></span> <span class='ocrx_word' id='word_1_78' title='bbox 950 578 980 600; x_wconf 90' lang='lat' dir='ltr'><strong>nt</strong></span> <span class='ocrx_word' id='word_1_79' title='bbox 1004 581 1054 601; x_wconf 88' lang='lat' dir='ltr'><strong>nec</strong></span> 
     </span>
    </p>
   </div>
   <div class='ocr_carea' id='block_1_14' title="bbox 274 618 1053 656">
    <p class='ocr_par' dir='ltr' id='par_1_14' title="bbox 274 618 1053 656">
     <span class='ocr_line' id='line_1_14' title="bbox 274 618 1053 656; baseline -0.003 -9"><span class='ocrx_word' id='word_1_80' title='bbox 274 621 298 648; x_wconf 88' lang='lat' dir='ltr'><strong>ei</strong></span> <span class='ocrx_word' id='word_1_81' title='bbox 313 620 457 656; x_wconf 79' lang='lat' dir='ltr'><strong>quidquam</strong></span> <span class='ocrx_word' id='word_1_82' title='bbox 471 627 587 654; x_wconf 82' lang='lat' dir='ltr'><strong>unquam</strong></span> <span class='ocrx_word' id='word_1_83' title='bbox 602 618 733 650; x_wconf 75' lang='lat' dir='ltr'><strong>defuerit,</strong></span> <span class='ocrx_word' id='word_1_84' title='bbox 753 627 802 646; x_wconf 90' lang='lat' dir='ltr'><strong>nec</strong></span> <span class='ocrx_word' id='word_1_85' title='bbox 818 618 972 646; x_wconf 89' lang='lat' dir='ltr'><strong>defuturum</strong></span> <span class='ocrx_word' id='word_1_86' title='bbox 998 619 1053 650; x_wconf 84' lang='lat' dir='ltr'><strong>sit,</strong></span> 
     </span>
    </p>
   </div>
   <div class='ocr_carea' id='block_1_15' title="bbox 275 664 1055 700">
    <p class='ocr_par' dir='ltr' id='par_1_15' title="bbox 275 664 1055 700">
     <span class='ocr_line' id='line_1_15' title="bbox 275 664 1055 700; baseline -0.005 -7"><span class='ocrx_word' id='word_1_87' title='bbox 275 665 583 700; x_wconf 81' lang='lat' dir='ltr'><strong>incotnpreliensibilem,</strong></span> <span class='ocrx_word' id='word_1_88' title='bbox 597 671 733 699; x_wconf 84' lang='lat' dir='ltr'><strong>nunquam</strong></span> <span class='ocrx_word' id='word_1_89' title='bbox 748 671 777 690; x_wconf 87' lang='lat' dir='ltr'><strong>se</strong></span> <span class='ocrx_word' id='word_1_90' title='bbox 794 664 963 691; x_wconf 85' lang='lat' dir='ltr'><strong>deserentem</strong></span> <span class='ocrx_word' id='word_1_91' title='bbox 975 683 984 696; x_wconf 88' lang='lat'><strong>,</strong></span> <span class='ocrx_word' id='word_1_92' title='bbox 1004 671 1055 690; x_wconf 90' lang='lat' dir='ltr'><strong>nec</strong></span> 
     </span>
    </p>
   </div>
   <div class='ocr_carea' id='block_1_16' title="bbox 275 710 1050 742">
    <p class='ocr_par' dir='ltr' id='par_1_16' title="bbox 275 710 1050 742">
     <span class='ocr_line' id='line_1_16' title="bbox 275 710 1050 742; baseline -0.004 -2"><span class='ocrx_word' id='word_1_93' title='bbox 275 714 459 740; x_wconf 86' lang='lat' dir='ltr'><strong>desertnram:</strong></span> <span class='ocrx_word' id='word_1_94' title='bbox 474 712 544 739; x_wconf 83' lang='lat' dir='ltr'><strong>vitas</strong></span> <span class='ocrx_word' id='word_1_95' title='bbox 555 716 581 738; x_wconf 90' lang='lat' dir='ltr'><strong>et</strong></span> <span class='ocrx_word' id='word_1_96' title='bbox 592 711 684 742; x_wconf 85' lang='lat' dir='ltr'><strong>vitam,</strong></span> <span class='ocrx_word' id='word_1_97' title='bbox 696 711 796 738; x_wconf 87' lang='lat' dir='ltr'><strong>lumina</strong></span> <span class='ocrx_word' id='word_1_98' title='bbox 816 715 844 738; x_wconf 90' lang='lat' dir='ltr'><strong>et</strong></span> <span class='ocrx_word' id='word_1_99' title='bbox 860 711 965 742; x_wconf 88' lang='lat' dir='ltr'><strong>lumen,</strong></span> <span class='ocrx_word' id='word_1_100' title='bbox 980 710 1050 738; x_wconf 90' lang='lat' dir='ltr'><strong>bona</strong></span> 
     </span>
    </p>
   </div>
   <div class='ocr_carea' id='block_1_17' title="bbox 275 756 1053 793">
    <p class='ocr_par' dir='ltr' id='par_1_17' title="bbox 275 756 1053 793">
     <span class='ocr_line' id='line_1_17' title="bbox 275 756 1053 793; baseline -0.004 -7"><span class='ocrx_word' id='word_1_101' title='bbox 275 764 302 787; x_wconf 87' lang='lat' dir='ltr'><strong>et</strong></span> <span class='ocrx_word' id='word_1_102' title='bbox 320 759 418 786; x_wconf 87' lang='lat' dir='ltr'><strong>bonum</strong></span> <span class='ocrx_word' id='word_1_103' title='bbox 431 778 438 791; x_wconf 92' lang='lat'><strong>,</strong></span> <span class='ocrx_word' id='word_1_104' title='bbox 450 757 548 793; x_wconf 75' lang='lat' dir='ltr'><strong>glorias</strong></span> <span class='ocrx_word' id='word_1_105' title='bbox 561 761 588 784; x_wconf 88' lang='lat' dir='ltr'><strong>et</strong></span> <span class='ocrx_word' id='word_1_106' title='bbox 601 757 712 792; x_wconf 76' lang='lat' dir='ltr'><strong>gloriam</strong></span> <span class='ocrx_word' id='word_1_107' title='bbox 721 776 728 788; x_wconf 87' lang='lat'><strong>,</strong></span> <span class='ocrx_word' id='word_1_108' title='bbox 746 764 838 783; x_wconf 88' lang='lat' dir='ltr'><strong>verum</strong></span> <span class='ocrx_word' id='word_1_109' title='bbox 852 761 880 784; x_wconf 92' lang='lat' dir='ltr'><strong>et</strong></span> <span class='ocrx_word' id='word_1_110' title='bbox 900 756 1053 789; x_wconf 79' lang='lat' dir='ltr'><strong>veritatem,</strong></span> 
     </span>
    </p>
   </div>
   <div class='ocr_carea' id='block_1_18' title="bbox 276 801 1056 838">
    <p class='ocr_par' dir='ltr' id='par_1_18' title="bbox 276 801 1056 838">
     <span class='ocr_line' id='line_1_18' title="bbox 276 801 1056 838; baseline -0.004 -7"><span class='ocrx_word' id='word_1_111' title='bbox 276 812 307 831; x_wconf 89' lang='lat' dir='ltr'><strong>ac</strong></span> <span class='ocrx_word' id='word_1_112' title='bbox 318 803 443 838; x_wconf 89' lang='lat' dir='ltr'><strong>spiritum</strong></span> <span class='ocrx_word' id='word_1_113' title='bbox 455 802 578 830; x_wconf 82' lang='lat' dir='ltr'><strong>veritatis</strong></span> <span class='ocrx_word' id='word_1_114' title='bbox 592 822 600 834; x_wconf 87' lang='lat'><strong>,</strong></span> <span class='ocrx_word' id='word_1_115' title='bbox 625 807 717 829; x_wconf 88' lang='lat' dir='ltr'><strong>sancta</strong></span> <span class='ocrx_word' id='word_1_116' title='bbox 731 806 758 828; x_wconf 92' lang='lat' dir='ltr'><strong>et</strong></span> <span class='ocrx_word' id='word_1_117' title='bbox 770 802 913 837; x_wconf 85' lang='lat' dir='ltr'><strong>ipsammet</strong></span> <span class='ocrx_word' id='word_1_118' title='bbox 926 801 1056 828; x_wconf 81' lang='lat' dir='ltr'><strong>sanctita-</strong></span> 
     </span>
    </p>
   </div>
   <div class='ocr_carea' id='block_1_19' title="bbox 277 847 1055 882">
    <p class='ocr_par' dir='ltr' id='par_1_19' title="bbox 277 847 1055 882">
     <span class='ocr_line' id='line_1_19' title="bbox 277 847 1055 882; baseline -0.004 -5"><span class='ocrx_word' id='word_1_119' title='bbox 277 855 330 877; x_wconf 90' lang='lat' dir='ltr'><strong>tem</strong></span> <span class='ocrx_word' id='word_1_120' title='bbox 346 859 353 876; x_wconf 86' lang='lat'><strong>:</strong></span> <span class='ocrx_word' id='word_1_121' title='bbox 366 850 449 876; x_wconf 91' lang='lat' dir='ltr'><strong>Deum</strong></span> <span class='ocrx_word' id='word_1_122' title='bbox 464 848 684 882; x_wconf 85' lang='lat' dir='ltr'><strong>unumquodque,</strong></span> <span class='ocrx_word' id='word_1_123' title='bbox 698 848 720 874; x_wconf 89' lang='lat' dir='ltr'><strong>si</strong></span> <span class='ocrx_word' id='word_1_124' title='bbox 734 847 879 882; x_wconf 80' lang='lat' dir='ltr'><strong>separatim</strong></span> <span class='ocrx_word' id='word_1_125' title='bbox 898 847 1055 874; x_wconf 91' lang='lat' dir='ltr'><strong>considere-</strong></span> 
     </span>
    </p>
   </div>
   <div class='ocr_carea' id='block_1_20' title="bbox 1103 253 1886 293">
    <p class='ocr_par' dir='ltr' id='par_1_20' title="bbox 1103 253 1886 293">
     <span class='ocr_line' id='line_1_20' title="bbox 1103 253 1886 293; baseline -0.008 -9"><span class='ocrx_word' id='word_1_126' title='bbox 1103 259 1178 293; x_wconf 85' lang='grc' dir='ltr'><strong>κροῖς</strong></span> <span class='ocrx_word' id='word_1_127' title='bbox 1189 257 1223 283; x_wconf 80' lang='grc' dir='ltr'>τὰ</span> <span class='ocrx_word' id='word_1_128' title='bbox 1238 256 1364 291; x_wconf 78' lang='grc' dir='ltr'>μέγιστα,</span> <span class='ocrx_word' id='word_1_129' title='bbox 1375 255 1469 290; x_wconf 76' lang='grc' dir='ltr'>’ἐπειδὴ</span> <span class='ocrx_word' id='word_1_130' title='bbox 1484 254 1600 290; x_wconf 82' lang='grc' dir='ltr'>μηδεμία</span> <span class='ocrx_word' id='word_1_131' title='bbox 1614 253 1695 280; x_wconf 76' lang='grc' dir='ltr'>εἰκὼν</span> <span class='ocrx_word' id='word_1_132' title='bbox 1706 253 1801 287; x_wconf 78' lang='grc' dir='ltr'><strong>φθάνει</strong></span> <span class='ocrx_word' id='word_1_133' title='bbox 1817 253 1886 288; x_wconf 79' lang='grc' dir='ltr'>πρὸς</span> 
     </span>
    </p>
   </div>
   <div class='ocr_carea' id='block_1_21' title="bbox 1102 299 1884 338">
    <p class='ocr_par' dir='ltr' id='par_1_21' title="bbox 1102 299 1884 338">
     <span class='ocr_line' id='line_1_21' title="bbox 1102 299 1884 338; baseline -0.005 -9"><span class='ocrx_word' id='word_1_134' title='bbox 1102 303 1152 338; x_wconf 78' lang='grc' dir='ltr'><strong>τὴν</strong></span> <span class='ocrx_word' id='word_1_135' title='bbox 1168 302 1318 338; x_wconf 81' lang='grc' dir='ltr'>ἀλήθειαν),</span> <span class='ocrx_word' id='word_1_136' title='bbox 1335 300 1418 336; x_wconf 77' lang='grc' dir='ltr'>αὐτὴν</span> <span class='ocrx_word' id='word_1_137' title='bbox 1437 301 1519 335; x_wconf 78' lang='grc' dir='ltr'>ἑαυτῇ</span> <span class='ocrx_word' id='word_1_138' title='bbox 1541 299 1748 335; x_wconf 75' lang='grc' dir='ltr'>συμῦαὶνουσαν,</span> <span class='ocrx_word' id='word_1_139' title='bbox 1769 299 1812 325; x_wconf 77' lang='grc' dir='ltr'><strong>ἀεὶ</strong></span> <span class='ocrx_word' id='word_1_140' title='bbox 1835 299 1884 334; x_wconf 83' lang='grc' dir='ltr'>τὴν</span> 
     </span>
    </p>
   </div>
   <div class='ocr_carea' id='block_1_22' title="bbox 1103 345 1886 384">
    <p class='ocr_par' dir='ltr' id='par_1_22' title="bbox 1103 345 1886 384">
     <span class='ocr_line' id='line_1_22' title="bbox 1103 345 1886 384; baseline -0.006 -9"><span class='ocrx_word' id='word_1_141' title='bbox 1103 349 1197 384; x_wconf 80' lang='grc' dir='ltr'>αὐτὴν,</span> <span class='ocrx_word' id='word_1_142' title='bbox 1222 347 1265 375; x_wconf 78' lang='grc' dir='ltr'>ἀεὶ</span> <span class='ocrx_word' id='word_1_143' title='bbox 1285 347 1400 377; x_wconf 81' lang='grc' dir='ltr'>τελείαν,</span> <span class='ocrx_word' id='word_1_144' title='bbox 1417 347 1521 377; x_wconf 78' lang='grc' dir='ltr'>ἄποιον,</span> <span class='ocrx_word' id='word_1_145' title='bbox 1542 347 1652 377; x_wconf 69' lang='lat' dir='ltr'><strong>timo-0v,</strong></span> <span class='ocrx_word' id='word_1_146' title='bbox 1672 345 1793 380; x_wconf 80' lang='grc' dir='ltr'>ἄχρονον,</span> <span class='ocrx_word' id='word_1_147' title='bbox 1811 345 1886 370; x_wconf 84' lang='grc' dir='ltr'>ἄκτι-</span> 
     </span>
    </p>
   </div>
   <div class='ocr_carea' id='block_1_23' title="bbox 1104 390 1884 428">
    <p class='ocr_par' dir='ltr' id='par_1_23' title="bbox 1104 390 1884 428">
     <span class='ocr_line' id='line_1_23' title="bbox 1104 390 1884 428; baseline -0.006 -8"><span class='ocrx_word' id='word_1_148' title='bbox 1104 402 1176 425; x_wconf 85' lang='grc' dir='ltr'>στον,</span> <span class='ocrx_word' id='word_1_149' title='bbox 1199 393 1392 428; x_wconf 78' lang='grc' dir='ltr'><strong>ἀπερίληπτον,</strong></span> <span class='ocrx_word' id='word_1_150' title='bbox 1414 391 1510 417; x_wconf 77' lang='grc' dir='ltr'>οὔποτε</span> <span class='ocrx_word' id='word_1_151' title='bbox 1534 391 1678 417; x_wconf 87' lang='grc' dir='ltr'>λείπουσαν</span> <span class='ocrx_word' id='word_1_152' title='bbox 1703 390 1758 425; x_wconf 68' lang='grc'>(21)</span> <span class='ocrx_word' id='word_1_153' title='bbox 1775 390 1884 424; x_wconf 74' lang='grc' dir='ltr'>ἑαυτῆς,</span> 
     </span>
    </p>
   </div>
   <div class='ocr_carea' id='block_1_24' title="bbox 1103 434 1921 472">
    <p class='ocr_par' dir='ltr' id='par_1_24' title="bbox 1103 434 1921 472">
     <span class='ocr_line' id='line_1_24' title="bbox 1103 434 1921 472; baseline -0.007 -7"><span class='ocrx_word' id='word_1_154' title='bbox 1103 439 1165 465; x_wconf 71' lang='grc' dir='ltr'>οὔτε</span> <span class='ocrx_word' id='word_1_155' title='bbox 1176 439 1320 472; x_wconf 66' lang='grc' dir='ltr'>λείψουσαν</span> <span class='ocrx_word' id='word_1_156' title='bbox 1329 445 1336 451; x_wconf 85' lang='grc'><strong>’</strong></span> <span class='ocrx_word' id='word_1_157' title='bbox 1351 437 1423 469; x_wconf 79' lang='grc' dir='ltr'><strong>ζωὰς</strong></span> <span class='ocrx_word' id='word_1_158' title='bbox 1436 437 1482 464; x_wconf 71' lang='grc' dir='ltr'>καὶ</span> <span class='ocrx_word' id='word_1_159' title='bbox 1496 435 1579 471; x_wconf 74' lang='grc' dir='ltr'><strong>ζωὴν,</strong></span> <span class='ocrx_word' id='word_1_160' title='bbox 1593 435 1670 470; x_wconf 79' lang='grc' dir='ltr'>φῶτα</span> <span class='ocrx_word' id='word_1_161' title='bbox 1681 434 1727 462; x_wconf 70' lang='grc' dir='ltr'>καὶ</span> <span class='ocrx_word' id='word_1_162' title='bbox 1737 435 1804 468; x_wconf 71' lang='grc' dir='ltr'>φῶς,</span> <span class='ocrx_word' id='word_1_163' title='bbox 1819 435 1887 468; x_wconf 81' lang='grc' dir='ltr'><strong>ἀγα-</strong></span> <span class='ocrx_word' id='word_1_164' title='bbox 1916 443 1921 448; x_wconf 89' lang='grc'><strong>·</strong></span> 
     </span>
    </p>
   </div>
   <div class='ocr_carea' id='block_1_25' title="bbox 1104 480 1888 518">
    <p class='ocr_par' dir='ltr' id='par_1_25' title="bbox 1104 480 1888 518">
     <span class='ocr_line' id='line_1_25' title="bbox 1104 480 1888 518; baseline -0.008 -7"><span class='ocrx_word' id='word_1_165' title='bbox 1104 484 1138 511; x_wconf 81' lang='grc' dir='ltr'>Θά</span> <span class='ocrx_word' id='word_1_166' title='bbox 1155 485 1201 510; x_wconf 74' lang='grc' dir='ltr'><strong>καὶ</strong></span> <span class='ocrx_word' id='word_1_167' title='bbox 1217 483 1326 518; x_wconf 68' lang='grc' dir='ltr'>ἀγαθὸν,</span> <span class='ocrx_word' id='word_1_168' title='bbox 1345 483 1423 514; x_wconf 78' lang='grc' dir='ltr'><strong>δόξας</strong></span> <span class='ocrx_word' id='word_1_169' title='bbox 1443 482 1488 508; x_wconf 77' lang='grc' dir='ltr'><strong>καὶ</strong></span> <span class='ocrx_word' id='word_1_170' title='bbox 1506 482 1593 513; x_wconf 77' lang='grc' dir='ltr'>δόξαν,</span> <span class='ocrx_word' id='word_1_171' title='bbox 1611 480 1736 516; x_wconf 80' lang='grc' dir='ltr'>ἀληθινὸν</span> <span class='ocrx_word' id='word_1_172' title='bbox 1757 480 1804 506; x_wconf 75' lang='grc' dir='ltr'>καὶ</span> <span class='ocrx_word' id='word_1_173' title='bbox 1819 480 1888 513; x_wconf 79' lang='grc' dir='ltr'><strong>ἀλή-</strong></span> 
     </span>
    </p>
   </div>
   <div class='ocr_carea' id='block_1_26' title="bbox 1105 526 1889 564">
    <p class='ocr_par' dir='ltr' id='par_1_26' title="bbox 1105 526 1889 564">
     <span class='ocr_line' id='line_1_26' title="bbox 1105 526 1889 564; baseline -0.008 -7"><span class='ocrx_word' id='word_1_174' title='bbox 1105 531 1190 561; x_wconf 84' lang='grc' dir='ltr'>θειαν,</span> <span class='ocrx_word' id='word_1_175' title='bbox 1208 530 1254 556; x_wconf 75' lang='grc' dir='ltr'><strong>καὶ</strong></span> <span class='ocrx_word' id='word_1_176' title='bbox 1269 529 1375 564; x_wconf 82' lang='grc' dir='ltr'>πνεῦμα</span> <span class='ocrx_word' id='word_1_177' title='bbox 1388 528 1438 563; x_wconf 78' lang='grc' dir='ltr'><strong>τῆς</strong></span> <span class='ocrx_word' id='word_1_178' title='bbox 1454 528 1591 563; x_wconf 79' lang='grc' dir='ltr'><strong>ἀληθείας,</strong></span> <span class='ocrx_word' id='word_1_179' title='bbox 1605 527 1670 561; x_wconf 83' lang='grc' dir='ltr'>ἆγια</span> <span class='ocrx_word' id='word_1_180' title='bbox 1688 527 1734 553; x_wconf 73' lang='grc' dir='ltr'>καὶ</span> <span class='ocrx_word' id='word_1_181' title='bbox 1745 526 1889 559; x_wconf 79' lang='grc' dir='ltr'>αὺτοαγιό-</span> 
     </span>
    </p>
   </div>
   <div class='ocr_carea' id='block_1_27' title="bbox 1104 571 1890 612">
    <p class='ocr_par' dir='ltr' id='par_1_27' title="bbox 1104 571 1890 612">
     <span class='ocr_line' id='line_1_27' title="bbox 1104 571 1890 612; baseline -0.006 -10"><span class='ocrx_word' id='word_1_182' title='bbox 1104 585 1185 612; x_wconf 82' lang='grc' dir='ltr'>τητα·</span> <span class='ocrx_word' id='word_1_183' title='bbox 1201 575 1265 602; x_wconf 73' lang='grc' dir='ltr'>Θεὸν</span> <span class='ocrx_word' id='word_1_184' title='bbox 1281 575 1406 605; x_wconf 71' lang='grc' dir='ltr'>ἕκαστον,</span> <span class='ocrx_word' id='word_1_185' title='bbox 1418 574 1449 601; x_wconf 86' lang='grc' dir='ltr'>ἂν</span> <span class='ocrx_word' id='word_1_186' title='bbox 1466 573 1600 610; x_wconf 77' lang='grc' dir='ltr'>θεωρῆται</span> <span class='ocrx_word' id='word_1_187' title='bbox 1617 573 1705 608; x_wconf 79' lang='grc' dir='ltr'>μόνον,</span> <span class='ocrx_word' id='word_1_188' title='bbox 1720 572 1766 598; x_wconf 76' lang='grc' dir='ltr'>τοῦ</span> <span class='ocrx_word' id='word_1_189' title='bbox 1780 571 1826 598; x_wconf 72' lang='grc' dir='ltr'>νοῦ</span> <span class='ocrx_word' id='word_1_190' title='bbox 1839 581 1890 607; x_wconf 85' lang='grc' dir='ltr'><strong>χω-</strong></span> 
     </span>
    </p>
   </div>
   <div class='ocr_carea' id='block_1_28' title="bbox 1107 618 1889 658">
    <p class='ocr_par' dir='ltr' id='par_1_28' title="bbox 1107 618 1889 658">
     <span class='ocr_line' id='line_1_28' title="bbox 1107 618 1889 658; baseline -0.008 -9"><span class='ocrx_word' id='word_1_191' title='bbox 1107 622 1225 658; x_wconf 74' lang='grc' dir='ltr'>ρίζοντας</span> <span class='ocrx_word' id='word_1_192' title='bbox 1244 620 1279 647; x_wconf 79' lang='grc' dir='ltr'>τὰ</span> <span class='ocrx_word' id='word_1_193' title='bbox 1294 620 1446 656; x_wconf 85' lang='grc' dir='ltr'>ἀχώριστα·</span> <span class='ocrx_word' id='word_1_194' title='bbox 1465 620 1531 646; x_wconf 70' lang='grc' dir='ltr'><strong>Θεὺν</strong></span> <span class='ocrx_word' id='word_1_195' title='bbox 1549 620 1583 646; x_wconf 77' lang='grc' dir='ltr'>τὰ</span> <span class='ocrx_word' id='word_1_196' title='bbox 1596 619 1670 655; x_wconf 82' lang='grc' dir='ltr'>τρία,</span> <span class='ocrx_word' id='word_1_197' title='bbox 1691 619 1749 654; x_wconf 80' lang='grc' dir='ltr'>μετ’</span> <span class='ocrx_word' id='word_1_198' title='bbox 1767 618 1889 653; x_wconf 82' lang='grc' dir='ltr'><strong>ἀλλήλων</strong></span> 
     </span>
    </p>
   </div>
   <div class='ocr_carea' id='block_1_29' title="bbox 1106 663 1889 703">
    <p class='ocr_par' dir='ltr' id='par_1_29' title="bbox 1106 663 1889 703">
     <span class='ocr_line' id='line_1_29' title="bbox 1106 663 1889 703; baseline -0.006 -9"><span class='ocrx_word' id='word_1_199' title='bbox 1106 668 1236 703; x_wconf 79' lang='grc' dir='ltr'><strong>νοούμενα</strong></span> <span class='ocrx_word' id='word_1_200' title='bbox 1249 667 1289 702; x_wconf 81' lang='grc' dir='ltr'>τῷ</span> <span class='ocrx_word' id='word_1_201' title='bbox 1305 666 1394 701; x_wconf 85' lang='grc' dir='ltr'>ταυτῷ</span> <span class='ocrx_word' id='word_1_202' title='bbox 1416 666 1467 701; x_wconf 78' lang='grc' dir='ltr'><strong>τῆς</strong></span> <span class='ocrx_word' id='word_1_203' title='bbox 1487 667 1622 700; x_wconf 76' lang='grc' dir='ltr'><strong>κινήσεως</strong></span> <span class='ocrx_word' id='word_1_204' title='bbox 1640 665 1687 691; x_wconf 77' lang='grc' dir='ltr'>καὶ</span> <span class='ocrx_word' id='word_1_205' title='bbox 1700 665 1749 700; x_wconf 77' lang='grc' dir='ltr'><strong>τῆς</strong></span> <span class='ocrx_word' id='word_1_206' title='bbox 1764 663 1889 698; x_wconf 74' lang='grc' dir='ltr'><strong>φύσεως⁶</strong></span> 
     </span>
    </p>
   </div>
   <div class='ocr_carea' id='block_1_30' title="bbox 1105 709 1891 748">
    <p class='ocr_par' dir='ltr' id='par_1_30' title="bbox 1105 709 1891 748">
     <span class='ocr_line' id='line_1_30' title="bbox 1105 709 1891 748; baseline -0.006 -8"><span class='ocrx_word' id='word_1_207' title='bbox 1105 713 1166 740; x_wconf 76' lang='grc' dir='ltr'>οὔτε</span> <span class='ocrx_word' id='word_1_208' title='bbox 1178 713 1246 748; x_wconf 81' lang='grc' dir='ltr'>ὑπὲρ</span> <span class='ocrx_word' id='word_1_209' title='bbox 1263 713 1362 747; x_wconf 84' lang='grc' dir='ltr'>ἑαυτήν</span> <span class='ocrx_word' id='word_1_210' title='bbox 1377 721 1403 738; x_wconf 89' lang='grc' dir='ltr'><strong>τι</strong></span> <span class='ocrx_word' id='word_1_211' title='bbox 1416 711 1625 740; x_wconf 79' lang='grc' dir='ltr'>καταλιποῦσαν,</span> <span class='ocrx_word' id='word_1_212' title='bbox 1644 711 1660 745; x_wconf 87' lang='grc' dir='ltr'>ἢ</span> <span class='ocrx_word' id='word_1_213' title='bbox 1674 710 1831 745; x_wconf 76' lang='grc' dir='ltr'>ὑπερϐᾶσαν</span> <span class='ocrx_word' id='word_1_214' title='bbox 1843 709 1891 735; x_wconf 81' lang='grc' dir='ltr'><strong>ἆλ-</strong></span> 
     </span>
    </p>
   </div>
   <div class='ocr_carea' id='block_1_31' title="bbox 1106 755 1890 793">
    <p class='ocr_par' dir='ltr' id='par_1_31' title="bbox 1106 755 1890 793">
     <span class='ocr_line' id='line_1_31' title="bbox 1106 755 1890 793; baseline -0.005 -8"><span class='ocrx_word' id='word_1_215' title='bbox 1106 759 1136 785; x_wconf 89' lang='grc' dir='ltr'>λο</span> <span class='ocrx_word' id='word_1_216' title='bbox 1156 767 1198 785; x_wconf 77' lang='grc' dir='ltr'>τι·</span> <span class='ocrx_word' id='word_1_217' title='bbox 1223 758 1252 785; x_wconf 84' lang='grc' dir='ltr'>οὐ</span> <span class='ocrx_word' id='word_1_218' title='bbox 1270 757 1324 793; x_wconf 80' lang='grc' dir='ltr'>γὰρ</span> <span class='ocrx_word' id='word_1_219' title='bbox 1337 755 1386 792; x_wconf 82' lang='grc' dir='ltr'><strong>ἦν·</strong></span> <span class='ocrx_word' id='word_1_220' title='bbox 1404 756 1466 783; x_wconf 76' lang='grc' dir='ltr'>οὔτε</span> <span class='ocrx_word' id='word_1_221' title='bbox 1487 755 1546 792; x_wconf 79' lang='grc' dir='ltr'>μεθ’</span> <span class='ocrx_word' id='word_1_222' title='bbox 1563 757 1660 791; x_wconf 76' lang='grc' dir='ltr'>ἑαυτήν</span> <span class='ocrx_word' id='word_1_223' title='bbox 1672 765 1698 783; x_wconf 88' lang='grc' dir='ltr'><strong>τι</strong></span> <span class='ocrx_word' id='word_1_224' title='bbox 1713 755 1890 790; x_wconf 71' lang='grc' dir='ltr'>καταλείψου-</span> 
     </span>
    </p>
   </div>
   <div class='ocr_carea' id='block_1_32' title="bbox 1107 800 1890 840">
    <p class='ocr_par' dir='ltr' id='par_1_32' title="bbox 1107 800 1890 840">
     <span class='ocr_line' id='line_1_32' title="bbox 1107 800 1890 840; baseline -0.005 -8"><span class='ocrx_word' id='word_1_225' title='bbox 1107 814 1156 832; x_wconf 88' lang='grc' dir='ltr'>σαν</span> <span class='ocrx_word' id='word_1_226' title='bbox 1173 805 1241 839; x_wconf 71' lang='grc' dir='ltr'>(ΞΞ),</span> <span class='ocrx_word' id='word_1_227' title='bbox 1261 805 1278 840; x_wconf 82' lang='grc' dir='ltr'>ἢ</span> <span class='ocrx_word' id='word_1_228' title='bbox 1299 803 1540 839; x_wconf 77' lang='grc' dir='ltr'><strong>ὐπερὸησομένην·</strong></span> <span class='ocrx_word' id='word_1_229' title='bbox 1563 803 1612 830; x_wconf 80' lang='grc' dir='ltr'>οὐκ</span> <span class='ocrx_word' id='word_1_230' title='bbox 1638 802 1713 829; x_wconf 71' lang='grc' dir='ltr'>ἔσται</span> <span class='ocrx_word' id='word_1_231' title='bbox 1734 802 1804 837; x_wconf 71' lang='grc' dir='ltr'><strong>γάρ*</strong></span> <span class='ocrx_word' id='word_1_232' title='bbox 1827 800 1890 828; x_wconf 67' lang='grc' dir='ltr'>οὔτε</span> 
     </span>
    </p>
   </div>
   <div class='ocr_carea' id='block_1_33' title="bbox 1110 847 1892 886">
    <p class='ocr_par' dir='ltr' id='par_1_33' title="bbox 1110 847 1892 886">
     <span class='ocr_line' id='line_1_33' title="bbox 1110 847 1892 886; baseline -0.005 -9"><span class='ocrx_word' id='word_1_233' title='bbox 1110 851 1168 886; x_wconf 80' lang='grc' dir='ltr'>μεθ’</span> <span class='ocrx_word' id='word_1_234' title='bbox 1191 851 1289 885; x_wconf 77' lang='grc' dir='ltr'>ἑαυτῆς</span> <span class='ocrx_word' id='word_1_235' title='bbox 1311 858 1337 876; x_wconf 88' lang='grc' dir='ltr'><strong>τι</strong></span> <span class='ocrx_word' id='word_1_236' title='bbox 1366 849 1585 885; x_wconf 76' lang='grc' dir='ltr'>παραδεχομὲνην</span> <span class='ocrx_word' id='word_1_237' title='bbox 1610 849 1755 884; x_wconf 79' lang='grc' dir='ltr'><strong>ὁμότιμον·</strong></span> <span class='ocrx_word' id='word_1_238' title='bbox 1781 849 1812 874; x_wconf 87' lang='grc' dir='ltr'><strong>οὐ</strong></span> <span class='ocrx_word' id='word_1_239' title='bbox 1835 847 1892 883; x_wconf 79' lang='grc' dir='ltr'>γὰρ</span> 
     </span>
    </p>
   </div>
   <div class='ocr_carea' id='block_1_34' title="bbox 276 893 1059 931">
    <p class='ocr_par' dir='ltr' id='par_1_34' title="bbox 276 893 1052 927">
     <span class='ocr_line' id='line_1_34' title="bbox 276 893 1052 927; baseline -0.005 -5"><span class='ocrx_word' id='word_1_240' title='bbox 276 901 330 927; x_wconf 86' lang='lat' dir='ltr'><strong>tur,</strong></span> <span class='ocrx_word' id='word_1_241' title='bbox 351 899 439 922; x_wconf 87' lang='lat' dir='ltr'><strong>mente</strong></span> <span class='ocrx_word' id='word_1_242' title='bbox 453 893 596 926; x_wconf 85' lang='lat' dir='ltr'><strong>videlicet,</strong></span> <span class='ocrx_word' id='word_1_243' title='bbox 620 900 652 920; x_wconf 89' lang='lat' dir='ltr'><strong>ea</strong></span> <span class='ocrx_word' id='word_1_244' title='bbox 682 899 742 927; x_wconf 70' lang='lat' dir='ltr'><strong>quae</strong></span> <span class='ocrx_word' id='word_1_245' title='bbox 758 893 877 927; x_wconf 85' lang='lat' dir='ltr'><strong>separari</strong></span> <span class='ocrx_word' id='word_1_246' title='bbox 893 897 1052 926; x_wconf 84' lang='lat' dir='ltr'><strong>nequeunt,</strong></span> 
     </span>
    </p>
   </div>
   <div class='ocr_carea' id='block_1_35' title="bbox 1110 893 1891 931">
    <p class='ocr_par' dir='ltr' id='par_1_35' title="bbox 1110 893 1891 931">
     <span class='ocr_line' id='line_1_35' title="bbox 1110 893 1891 931; baseline -0.004 -9"><span class='ocrx_word' id='word_1_247' title='bbox 1110 896 1254 931; x_wconf 63' lang='grc' dir='ltr'>ἐφικνεῖται</span> <span class='ocrx_word' id='word_1_248' title='bbox 1280 904 1306 922; x_wconf 85' lang='grc' dir='ltr'><strong>τι</strong></span> <span class='ocrx_word' id='word_1_249' title='bbox 1328 896 1382 922; x_wconf 83' lang='grc' dir='ltr'>τῶν</span> <span class='ocrx_word' id='word_1_250' title='bbox 1405 895 1530 926; x_wconf 84' lang='grc' dir='ltr'>κτιστῶν,</span> <span class='ocrx_word' id='word_1_251' title='bbox 1552 894 1598 921; x_wconf 78' lang='grc' dir='ltr'>καὶ</span> <span class='ocrx_word' id='word_1_252' title='bbox 1623 894 1734 926; x_wconf 77' lang='grc' dir='ltr'><strong>δούλων,</strong></span> <span class='ocrx_word' id='word_1_253' title='bbox 1756 893 1803 919; x_wconf 79' lang='grc' dir='ltr'><strong>καὶ</strong></span> <span class='ocrx_word' id='word_1_254' title='bbox 1825 902 1891 928; x_wconf 87' lang='grc' dir='ltr'>μετ-</span> 
     </span>
    </p>
   </div>
   <div class='ocr_carea' id='block_1_36' title="bbox 277 936 1052 975">
    <p class='ocr_par' dir='ltr' id='par_1_36' title="bbox 277 936 1052 975">
     <span class='ocr_line' id='line_1_36' title="bbox 277 936 1052 975; baseline -0.005 -7"><span class='ocrx_word' id='word_1_255' title='bbox 277 944 418 975; x_wconf 84' lang='lat' dir='ltr'><strong>separante</strong></span> <span class='ocrx_word' id='word_1_256' title='bbox 431 946 439 965; x_wconf 88' lang='lat'><strong>:</strong></span> <span class='ocrx_word' id='word_1_257' title='bbox 452 939 534 966; x_wconf 88' lang='lat' dir='ltr'><strong>Deum</strong></span> <span class='ocrx_word' id='word_1_258' title='bbox 549 945 643 965; x_wconf 84' lang='lat' dir='ltr'><strong>rursus</strong></span> <span class='ocrx_word' id='word_1_259' title='bbox 653 937 710 965; x_wconf 58' lang='lat' dir='ltr'><strong>haec</strong></span> <span class='ocrx_word' id='word_1_260' title='bbox 725 937 775 964; x_wconf 89' lang='lat' dir='ltr'><strong>tria</strong></span> <span class='ocrx_word' id='word_1_261' title='bbox 788 957 796 970; x_wconf 86' lang='lat'><strong>,</strong></span> <span class='ocrx_word' id='word_1_262' title='bbox 809 937 833 964; x_wconf 90' lang='lat' dir='ltr'><strong>si</strong></span> <span class='ocrx_word' id='word_1_263' title='bbox 848 937 957 972; x_wconf 88' lang='lat' dir='ltr'><strong>quidem</strong></span> <span class='ocrx_word' id='word_1_264' title='bbox 971 936 1052 964; x_wconf 92' lang='lat' dir='ltr'><strong>simul</strong></span> 
     </span>
    </p>
   </div>
   <div class='ocr_carea' id='block_1_37' title="bbox 277 983 1056 1020">
    <p class='ocr_par' dir='ltr' id='par_1_37' title="bbox 277 983 1056 1020">
     <span class='ocr_line' id='line_1_37' title="bbox 277 983 1056 1020; baseline -0.005 -6"><span class='ocrx_word' id='word_1_265' title='bbox 277 985 470 1020; x_wconf 77' lang='lat' dir='ltr'><strong>intelligantur,</strong></span> <span class='ocrx_word' id='word_1_266' title='bbox 489 984 524 1011; x_wconf 91' lang='lat' dir='ltr'><strong>ob</strong></span> <span class='ocrx_word' id='word_1_267' title='bbox 541 983 664 1011; x_wconf 87' lang='lat' dir='ltr'><strong>eumdem</strong></span> <span class='ocrx_word' id='word_1_268' title='bbox 679 988 780 1010; x_wconf 90' lang='lat' dir='ltr'><strong>motum</strong></span> <span class='ocrx_word' id='word_1_269' title='bbox 791 988 819 1010; x_wconf 89' lang='lat' dir='ltr'><strong>et</strong></span> <span class='ocrx_word' id='word_1_270' title='bbox 836 983 957 1011; x_wconf 86' lang='lat' dir='ltr'><strong>eamdem</strong></span> <span class='ocrx_word' id='word_1_271' title='bbox 973 987 1056 1010; x_wconf 86' lang='lat' dir='ltr'><strong>natu-</strong></span> 
     </span>
    </p>
   </div>
   <div class='ocr_carea' id='block_1_38' title="bbox 277 1028 1054 1064">
    <p class='ocr_par' dir='ltr' id='par_1_38' title="bbox 277 1028 1054 1064">
     <span class='ocr_line' id='line_1_38' title="bbox 277 1028 1054 1064; baseline -0.003 -7"><span class='ocrx_word' id='word_1_272' title='bbox 277 1038 334 1057; x_wconf 89' lang='lat' dir='ltr'><strong>ram</strong></span> <span class='ocrx_word' id='word_1_273' title='bbox 351 1040 357 1057; x_wconf 91' lang='lat'>:</span> <span class='ocrx_word' id='word_1_274' title='bbox 372 1037 432 1057; x_wconf 84' lang='lat' dir='ltr'><strong>eam</strong></span> <span class='ocrx_word' id='word_1_275' title='bbox 449 1029 581 1056; x_wconf 86' lang='lat' dir='ltr'><strong>rationem</strong></span> <span class='ocrx_word' id='word_1_276' title='bbox 605 1028 747 1055; x_wconf 88' lang='lat' dir='ltr'><strong>habentem</strong></span> <span class='ocrx_word' id='word_1_277' title='bbox 761 1048 769 1060; x_wconf 85' lang='lat'><strong>,</strong></span> <span class='ocrx_word' id='word_1_278' title='bbox 785 1033 814 1055; x_wconf 87' lang='lat' dir='ltr'><strong>ut</strong></span> <span class='ocrx_word' id='word_1_279' title='bbox 839 1035 889 1056; x_wconf 89' lang='lat' dir='ltr'><strong>nec</strong></span> <span class='ocrx_word' id='word_1_280' title='bbox 915 1037 996 1064; x_wconf 86' lang='lat' dir='ltr'><strong>supra</strong></span> <span class='ocrx_word' id='word_1_281' title='bbox 1024 1037 1054 1058; x_wconf 75' lang='lat' dir='ltr'><strong>se</strong></span> 
     </span>
    </p>
   </div>
   <div class='ocr_carea' id='block_1_39' title="bbox 277 1074 1056 1111">
    <p class='ocr_par' dir='ltr' id='par_1_39' title="bbox 277 1074 1056 1111">
     <span class='ocr_line' id='line_1_39' title="bbox 277 1074 1056 1111; baseline 0 -8"><span class='ocrx_word' id='word_1_282' title='bbox 277 1077 422 1111; x_wconf 78' lang='lat' dir='ltr'><strong>quidquam</strong></span> <span class='ocrx_word' id='word_1_283' title='bbox 443 1075 598 1110; x_wconf 82' lang='lat' dir='ltr'><strong>reliquerit,</strong></span> <span class='ocrx_word' id='word_1_284' title='bbox 615 1079 661 1101; x_wconf 90' lang='lat' dir='ltr'><strong>aut</strong></span> <span class='ocrx_word' id='word_1_285' title='bbox 684 1074 754 1101; x_wconf 81' lang='lat' dir='ltr'><strong>aliud</strong></span> <span class='ocrx_word' id='word_1_286' title='bbox 769 1074 914 1109; x_wconf 83' lang='lat' dir='ltr'><strong>quidquam</strong></span> <span class='ocrx_word' id='word_1_287' title='bbox 943 1083 1056 1110; x_wconf 83' lang='lat' dir='ltr'><strong>supera-</strong></span> 
     </span>
    </p>
   </div>
   <div class='ocr_carea' id='block_1_40' title="bbox 277 1121 1059 1156">
    <p class='ocr_par' dir='ltr' id='par_1_40' title="bbox 277 1121 1059 1156">
     <span class='ocr_line' id='line_1_40' title="bbox 277 1121 1059 1156; baseline 0 -6"><span class='ocrx_word' id='word_1_288' title='bbox 277 1123 409 1155; x_wconf 87' lang='lat' dir='ltr'><strong>rit;nihil</strong></span> <span class='ocrx_word' id='word_1_289' title='bbox 420 1122 491 1149; x_wconf 88' lang='lat' dir='ltr'><strong>enim</strong></span> <span class='ocrx_word' id='word_1_290' title='bbox 505 1125 582 1148; x_wconf 85' lang='lat' dir='ltr'><strong>erat:</strong></span> <span class='ocrx_word' id='word_1_291' title='bbox 605 1129 655 1148; x_wconf 91' lang='lat' dir='ltr'><strong>nec</strong></span> <span class='ocrx_word' id='word_1_292' title='bbox 676 1128 770 1149; x_wconf 87' lang='lat' dir='ltr'><strong>rursus</strong></span> <span class='ocrx_word' id='word_1_293' title='bbox 783 1121 929 1156; x_wconf 83' lang='lat' dir='ltr'><strong>quidquam</strong></span> <span class='ocrx_word' id='word_1_294' title='bbox 949 1127 1010 1156; x_wconf 92' lang='lat' dir='ltr'><strong>post</strong></span> <span class='ocrx_word' id='word_1_295' title='bbox 1028 1129 1059 1150; x_wconf 86' lang='lat' dir='ltr'><strong>se</strong></span> 
     </span>
    </p>
   </div>
   <div class='ocr_carea' id='block_1_41' title="bbox 279 1165 1054 1200">
    <p class='ocr_par' dir='ltr' id='par_1_41' title="bbox 279 1165 1054 1200">
     <span class='ocr_line' id='line_1_41' title="bbox 279 1165 1054 1200; baseline 0.001 -7"><span class='ocrx_word' id='word_1_296' title='bbox 279 1166 405 1193; x_wconf 84' lang='lat' dir='ltr'><strong>relictura</strong></span> <span class='ocrx_word' id='word_1_297' title='bbox 423 1170 469 1192; x_wconf 90' lang='lat' dir='ltr'><strong>aut</strong></span> <span class='ocrx_word' id='word_1_298' title='bbox 494 1170 652 1200; x_wconf 88' lang='lat' dir='ltr'><strong>superatura</strong></span> <span class='ocrx_word' id='word_1_299' title='bbox 676 1166 731 1198; x_wconf 88' lang='lat' dir='ltr'><strong>sit;</strong></span> <span class='ocrx_word' id='word_1_300' title='bbox 748 1165 814 1192; x_wconf 91' lang='lat' dir='ltr'><strong>nihil</strong></span> <span class='ocrx_word' id='word_1_301' title='bbox 839 1166 911 1193; x_wconf 90' lang='lat' dir='ltr'><strong>enim</strong></span> <span class='ocrx_word' id='word_1_302' title='bbox 932 1166 1054 1194; x_wconf 89' lang='lat' dir='ltr'><strong>futurum</strong></span> 
     </span>
    </p>
   </div>
   <div class='ocr_carea' id='block_1_42' title="bbox 277 1211 1057 1246">
    <p class='ocr_par' dir='ltr' id='par_1_42' title="bbox 277 1211 1057 1246">
     <span class='ocr_line' id='line_1_42' title="bbox 277 1211 1057 1246; baseline 0.003 -8"><span class='ocrx_word' id='word_1_303' title='bbox 277 1216 318 1239; x_wconf 89' lang='lat' dir='ltr'><strong>est</strong></span> <span class='ocrx_word' id='word_1_304' title='bbox 334 1220 340 1238; x_wconf 96' lang='lat'>:</span> <span class='ocrx_word' id='word_1_305' title='bbox 364 1219 412 1238; x_wconf 88' lang='lat' dir='ltr'><strong>nec</strong></span> <span class='ocrx_word' id='word_1_306' title='bbox 429 1211 544 1246; x_wconf 88' lang='lat' dir='ltr'><strong>denique</strong></span> <span class='ocrx_word' id='word_1_307' title='bbox 557 1218 649 1238; x_wconf 84' lang='lat' dir='ltr'><strong>secum</strong></span> <span class='ocrx_word' id='word_1_308' title='bbox 673 1211 777 1246; x_wconf 88' lang='lat' dir='ltr'><strong>aliquid</strong></span> <span class='ocrx_word' id='word_1_309' title='bbox 792 1211 896 1246; x_wconf 64' lang='lat' dir='ltr'><strong>aequale</strong></span> <span class='ocrx_word' id='word_1_310' title='bbox 911 1213 1057 1246; x_wconf 80' lang='lat' dir='ltr'><strong>admittat;</strong></span> 
     </span>
    </p>
   </div>
   <div class='ocr_carea' id='block_1_43' title="bbox 279 1257 1057 1292">
    <p class='ocr_par' dir='ltr' id='par_1_43' title="bbox 279 1257 1057 1292">
     <span class='ocr_line' id='line_1_43' title="bbox 279 1257 1057 1292; baseline 0.004 -8"><span class='ocrx_word' id='word_1_311' title='bbox 279 1257 345 1284; x_wconf 79' lang='lat' dir='ltr'><strong>nihil</strong></span> <span class='ocrx_word' id='word_1_312' title='bbox 361 1258 432 1285; x_wconf 90' lang='lat' dir='ltr'><strong>enim</strong></span> <span class='ocrx_word' id='word_1_313' title='bbox 451 1262 491 1284; x_wconf 86' lang='lat' dir='ltr'><strong>est</strong></span> <span class='ocrx_word' id='word_1_314' title='bbox 508 1265 541 1285; x_wconf 85' lang='lat' dir='ltr'><strong>ex</strong></span> <span class='ocrx_word' id='word_1_315' title='bbox 552 1258 678 1285; x_wconf 90' lang='lat' dir='ltr'><strong>omnibus</strong></span> <span class='ocrx_word' id='word_1_316' title='bbox 693 1257 775 1285; x_wconf 86' lang='lat' dir='ltr'><strong>rebus</strong></span> <span class='ocrx_word' id='word_1_317' title='bbox 792 1258 902 1291; x_wconf 88' lang='lat' dir='ltr'><strong>creatis,</strong></span> <span class='ocrx_word' id='word_1_318' title='bbox 914 1263 942 1286; x_wconf 87' lang='lat' dir='ltr'><strong>et</strong></span> <span class='ocrx_word' id='word_1_319' title='bbox 957 1260 1057 1292; x_wconf 83' lang='lat' dir='ltr'><strong>servis,</strong></span> 
     </span>
    </p>
   </div>
   <div class='ocr_carea' id='block_1_44' title="bbox 278 1303 1059 1338">
    <p class='ocr_par' dir='ltr' id='par_1_44' title="bbox 278 1303 1059 1338">
     <span class='ocr_line' id='line_1_44' title="bbox 278 1303 1059 1338; baseline 0.005 -9"><span class='ocrx_word' id='word_1_320' title='bbox 278 1308 306 1330; x_wconf 90' lang='lat' dir='ltr'><strong>et</strong></span> <span class='ocrx_word' id='word_1_321' title='bbox 318 1303 550 1338; x_wconf 82' lang='lat' dir='ltr'><strong>participantibus,</strong></span> <span class='ocrx_word' id='word_1_322' title='bbox 565 1311 595 1330; x_wconf 92' lang='lat' dir='ltr'><strong>ac</strong></span> <span class='ocrx_word' id='word_1_323' title='bbox 610 1303 834 1337; x_wconf 86' lang='lat' dir='ltr'><strong>circumscriptis,</strong></span> <span class='ocrx_word' id='word_1_324' title='bbox 853 1304 924 1338; x_wconf 92' lang='lat' dir='ltr'><strong>quod</strong></span> <span class='ocrx_word' id='word_1_325' title='bbox 949 1306 1059 1333; x_wconf 89' lang='lat' dir='ltr'><strong>increa-</strong></span> 
     </span>
    </p>
   </div>
   <div class='ocr_carea' id='block_1_45' title="bbox 279 1349 1059 1385">
    <p class='ocr_par' dir='ltr' id='par_1_45' title="bbox 279 1349 1059 1385">
     <span class='ocr_line' id='line_1_45' title="bbox 279 1349 1059 1385; baseline 0.001 -9"><span class='ocrx_word' id='word_1_326' title='bbox 279 1353 334 1376; x_wconf 90' lang='lat' dir='ltr'><strong>tam</strong></span> <span class='ocrx_word' id='word_1_327' title='bbox 348 1349 439 1381; x_wconf 88' lang='lat' dir='ltr'><strong>illam,</strong></span> <span class='ocrx_word' id='word_1_328' title='bbox 465 1353 493 1376; x_wconf 89' lang='lat' dir='ltr'><strong>et</strong></span> <span class='ocrx_word' id='word_1_329' title='bbox 519 1349 655 1375; x_wconf 87' lang='lat' dir='ltr'><strong>dominam</strong></span> <span class='ocrx_word' id='word_1_330' title='bbox 668 1369 675 1381; x_wconf 96' lang='lat'><strong>,</strong></span> <span class='ocrx_word' id='word_1_331' title='bbox 695 1353 722 1376; x_wconf 89' lang='lat' dir='ltr'><strong>et</strong></span> <span class='ocrx_word' id='word_1_332' title='bbox 745 1349 935 1383; x_wconf 85' lang='lat' dir='ltr'><strong>participatam</strong></span> <span class='ocrx_word' id='word_1_333' title='bbox 950 1370 958 1382; x_wconf 84' lang='lat'><strong>,</strong></span> <span class='ocrx_word' id='word_1_334' title='bbox 976 1356 1059 1385; x_wconf 89' lang='lat' dir='ltr'><strong>atque</strong></span> 
     </span>
    </p>
   </div>
   <div class='ocr_carea' id='block_1_46' title="bbox 279 1393 1060 1431">
    <p class='ocr_par' dir='ltr' id='par_1_46' title="bbox 279 1393 1060 1431">
     <span class='ocr_line' id='line_1_46' title="bbox 279 1393 1060 1431; baseline 0.003 -10"><span class='ocrx_word' id='word_1_335' title='bbox 279 1394 411 1422; x_wconf 89' lang='lat' dir='ltr'><strong>infinitam</strong></span> <span class='ocrx_word' id='word_1_336' title='bbox 436 1399 559 1421; x_wconf 89' lang='lat' dir='ltr'><strong>naturam</strong></span> <span class='ocrx_word' id='word_1_337' title='bbox 580 1399 750 1428; x_wconf 86' lang='lat' dir='ltr'><strong>asseqnatur.</strong></span> <span class='ocrx_word' id='word_1_338' title='bbox 777 1393 875 1421; x_wconf 84' lang='lat' dir='ltr'><strong>Verum</strong></span> <span class='ocrx_word' id='word_1_339' title='bbox 904 1395 957 1422; x_wconf 87' lang='lat' dir='ltr'><strong>alia</strong></span> <span class='ocrx_word' id='word_1_340' title='bbox 982 1395 1060 1431; x_wconf 80' lang='lat' dir='ltr'><strong>longo</strong></span> 
     </span>
    </p>
   </div>
   <div class='ocr_carea' id='block_1_47' title="bbox 1108 938 1893 977">
    <p class='ocr_par' dir='ltr' id='par_1_47' title="bbox 1108 938 1893 977">
     <span class='ocr_line' id='line_1_47' title="bbox 1108 938 1893 977; baseline -0.005 -9"><span class='ocrx_word' id='word_1_341' title='bbox 1108 942 1233 977; x_wconf 85' lang='grc' dir='ltr'>εχόντων,</span> <span class='ocrx_word' id='word_1_342' title='bbox 1249 941 1295 968; x_wconf 76' lang='grc' dir='ltr'><strong>καὶ</strong></span> <span class='ocrx_word' id='word_1_343' title='bbox 1307 940 1501 976; x_wconf 76' lang='grc' dir='ltr'>περιγραπτῶν</span> <span class='ocrx_word' id='word_1_344' title='bbox 1513 940 1562 974; x_wconf 81' lang='grc' dir='ltr'><strong>τῆς</strong></span> <span class='ocrx_word' id='word_1_345' title='bbox 1576 939 1715 970; x_wconf 82' lang='grc' dir='ltr'>ἀκτίστου,</span> <span class='ocrx_word' id='word_1_346' title='bbox 1735 939 1781 965; x_wconf 74' lang='grc' dir='ltr'>καὶ</span> <span class='ocrx_word' id='word_1_347' title='bbox 1795 938 1893 964; x_wconf 79' lang='grc' dir='ltr'>δεσπο-</span> 
     </span>
    </p>
   </div>
   <div class='ocr_carea' id='block_1_48' title="bbox 1109 982 1890 1022">
    <p class='ocr_par' dir='ltr' id='par_1_48' title="bbox 1109 982 1890 1022">
     <span class='ocr_line' id='line_1_48' title="bbox 1109 982 1890 1022; baseline -0.008 -8"><span class='ocrx_word' id='word_1_348' title='bbox 1109 987 1198 1022; x_wconf 85' lang='grc' dir='ltr'>τικῆς,</span> <span class='ocrx_word' id='word_1_349' title='bbox 1210 987 1257 1015; x_wconf 70' lang='grc' dir='ltr'>καὶ</span> <span class='ocrx_word' id='word_1_350' title='bbox 1274 985 1476 1022; x_wconf 81' lang='grc' dir='ltr'>μεταληπτικῆς</span> <span class='ocrx_word' id='word_1_351' title='bbox 1491 985 1559 1021; x_wconf 70' lang='grc'>(25),</span> <span class='ocrx_word' id='word_1_352' title='bbox 1573 985 1622 1011; x_wconf 76' lang='grc' dir='ltr'>καὶ</span> <span class='ocrx_word' id='word_1_353' title='bbox 1642 984 1755 1019; x_wconf 80' lang='grc' dir='ltr'>ἀπείρου</span> <span class='ocrx_word' id='word_1_354' title='bbox 1773 982 1890 1017; x_wconf 80' lang='grc' dir='ltr'><strong>φύσεως.</strong></span> 
     </span>
    </p>
   </div>
   <div class='ocr_carea' id='block_1_49' title="bbox 1110 1028 1892 1068">
    <p class='ocr_par' dir='ltr' id='par_1_49' title="bbox 1110 1028 1892 1068">
     <span class='ocr_line' id='line_1_49' title="bbox 1110 1028 1892 1068; baseline -0.008 -8"><span class='ocrx_word' id='word_1_355' title='bbox 1110 1034 1151 1060; x_wconf 82' lang='grc' dir='ltr'><strong>Τὰ</strong></span> <span class='ocrx_word' id='word_1_356' title='bbox 1169 1033 1218 1068; x_wconf 80' lang='grc' dir='ltr'><strong>μὲν</strong></span> <span class='ocrx_word' id='word_1_357' title='bbox 1230 1033 1283 1067; x_wconf 87' lang='grc' dir='ltr'><strong>γὰρ</strong></span> <span class='ocrx_word' id='word_1_358' title='bbox 1297 1033 1383 1067; x_wconf 78' lang='grc' dir='ltr'>πάντη</span> <span class='ocrx_word' id='word_1_359' title='bbox 1399 1031 1502 1067; x_wconf 68' lang='grc' dir='ltr'>πόρρω,</span> <span class='ocrx_word' id='word_1_360' title='bbox 1513 1031 1547 1058; x_wconf 83' lang='grc' dir='ltr'>τὰ</span> <span class='ocrx_word' id='word_1_361' title='bbox 1561 1030 1589 1057; x_wconf 76' lang='grc' dir='ltr'><strong>δὲ</strong></span> <span class='ocrx_word' id='word_1_362' title='bbox 1606 1029 1696 1062; x_wconf 72' lang='grc' dir='ltr'>ποσῶς</span> <span class='ocrx_word' id='word_1_363' title='bbox 1709 1028 1892 1065; x_wconf 74' lang='grc' dir='ltr'><strong>πλησιάζοντα</strong></span> 
     </span>
    </p>
   </div>
   <div class='ocr_carea' id='block_1_50' title="bbox 1111 1075 1893 1115">
    <p class='ocr_par' dir='ltr' id='par_1_50' title="bbox 1111 1075 1893 1115">
     <span class='ocr_line' id='line_1_50' title="bbox 1111 1075 1893 1115; baseline -0.008 -8"><span class='ocrx_word' id='word_1_364' title='bbox 1111 1081 1158 1108; x_wconf 76' lang='grc' dir='ltr'><strong>καὶ</strong></span> <span class='ocrx_word' id='word_1_365' title='bbox 1173 1080 1355 1115; x_wconf 83' lang='grc' dir='ltr'>πλησιάσοντα</span> <span class='ocrx_word' id='word_1_366' title='bbox 1368 1087 1374 1094; x_wconf 92' lang='grc'>·</span> <span class='ocrx_word' id='word_1_367' title='bbox 1390 1078 1437 1106; x_wconf 79' lang='grc' dir='ltr'>καὶ</span> <span class='ocrx_word' id='word_1_368' title='bbox 1454 1077 1531 1105; x_wconf 82' lang='grc' dir='ltr'>τοῦτο</span> <span class='ocrx_word' id='word_1_369' title='bbox 1545 1078 1574 1104; x_wconf 87' lang='grc' dir='ltr'><strong>οὺ</strong></span> <span class='ocrx_word' id='word_1_370' title='bbox 1590 1075 1679 1111; x_wconf 66' lang='lat' dir='ltr'><strong>(ptio-et,</strong></span> <span class='ocrx_word' id='word_1_371' title='bbox 1692 1076 1759 1103; x_wconf 78' lang='grc' dir='ltr'>ἀλλὰ</span> <span class='ocrx_word' id='word_1_372' title='bbox 1777 1075 1893 1111; x_wconf 86' lang='grc' dir='ltr'>μεταλή-</span> 
     </span>
    </p>
   </div>
   <div class='ocr_carea' id='block_1_51' title="bbox 1110 1122 1893 1161">
    <p class='ocr_par' dir='ltr' id='par_1_51' title="bbox 1110 1122 1893 1161">
     <span class='ocr_line' id='line_1_51' title="bbox 1110 1122 1893 1161; baseline -0.005 -9"><span class='ocrx_word' id='word_1_373' title='bbox 1110 1126 1168 1161; x_wconf 77' lang='grc' dir='ltr'>ψει,</span> <span class='ocrx_word' id='word_1_374' title='bbox 1191 1126 1238 1152; x_wconf 71' lang='grc' dir='ltr'><strong>κα)¹</strong></span> <span class='ocrx_word' id='word_1_375' title='bbox 1255 1125 1366 1160; x_wconf 81' lang='grc' dir='ltr'>πηνίκα,</span> <span class='ocrx_word' id='word_1_376' title='bbox 1384 1124 1448 1151; x_wconf 81' lang='grc' dir='ltr'>ὅταν</span> <span class='ocrx_word' id='word_1_377' title='bbox 1465 1123 1495 1150; x_wconf 82' lang='grc' dir='ltr'>τὺ</span> <span class='ocrx_word' id='word_1_378' title='bbox 1520 1123 1659 1149; x_wconf 78' lang='grc' dir='ltr'>δουλεῦσαι</span> <span class='ocrx_word' id='word_1_379' title='bbox 1674 1122 1730 1158; x_wconf 70' lang='grc'>(24)</span> <span class='ocrx_word' id='word_1_380' title='bbox 1746 1122 1834 1153; x_wconf 78' lang='grc' dir='ltr'>καλῶς</span> <span class='ocrx_word' id='word_1_381' title='bbox 1857 1122 1893 1156; x_wconf 85' lang='grc' dir='ltr'>τῇ</span> 
     </span>
    </p>
   </div>
   <div class='ocr_carea' id='block_1_52' title="bbox 1110 1166 1894 1208">
    <p class='ocr_par' dir='ltr' id='par_1_52' title="bbox 1110 1166 1894 1208">
     <span class='ocr_line' id='line_1_52' title="bbox 1110 1166 1894 1208; baseline -0.008 -9"><span class='ocrx_word' id='word_1_382' title='bbox 1110 1171 1215 1208; x_wconf 85' lang='grc' dir='ltr'>Τριάδι,</span> <span class='ocrx_word' id='word_1_383' title='bbox 1234 1171 1302 1207; x_wconf 77' lang='grc' dir='ltr'>ὑπὲρ</span> <span class='ocrx_word' id='word_1_384' title='bbox 1328 1170 1377 1206; x_wconf 78' lang='grc' dir='ltr'>τὴν</span> <span class='ocrx_word' id='word_1_385' title='bbox 1394 1169 1512 1196; x_wconf 84' lang='grc' dir='ltr'>δουλείαν</span> <span class='ocrx_word' id='word_1_386' title='bbox 1534 1166 1662 1204; x_wconf 68' lang='grc' dir='ltr'>γένηταιυ</span> <span class='ocrx_word' id='word_1_387' title='bbox 1688 1168 1766 1203; x_wconf 81' lang='grc' dir='ltr'>εἴπερ</span> <span class='ocrx_word' id='word_1_388' title='bbox 1790 1168 1827 1203; x_wconf 82' lang='grc' dir='ltr'><strong>μὴ</strong></span> <span class='ocrx_word' id='word_1_389' title='bbox 1845 1167 1894 1193; x_wconf 69' lang='grc' dir='ltr'><strong>καὶ</strong></span> 
     </span>
    </p>
   </div>
   <div class='ocr_carea' id='block_1_53' title="bbox 1107 1212 1895 1251">
    <p class='ocr_par' dir='ltr' id='par_1_53' title="bbox 1107 1212 1895 1251">
     <span class='ocr_line' id='line_1_53' title="bbox 1107 1212 1895 1251; baseline -0.008 -7"><span class='ocrx_word' id='word_1_390' title='bbox 1107 1217 1186 1244; x_wconf 84' lang='grc' dir='ltr'>τοῦτο</span> <span class='ocrx_word' id='word_1_391' title='bbox 1200 1217 1266 1244; x_wconf 75' lang='grc' dir='ltr'>αὐτὸ</span> <span class='ocrx_word' id='word_1_392' title='bbox 1278 1218 1295 1251; x_wconf 83' lang='grc' dir='ltr'>ἡ</span> <span class='ocrx_word' id='word_1_393' title='bbox 1308 1215 1447 1250; x_wconf 77' lang='grc' dir='ltr'>ἐλευθερία</span> <span class='ocrx_word' id='word_1_394' title='bbox 1458 1214 1506 1241; x_wconf 70' lang='grc' dir='ltr'>καὶ</span> <span class='ocrx_word' id='word_1_395' title='bbox 1520 1215 1535 1250; x_wconf 90' lang='grc' dir='ltr'><strong>ή</strong></span> <span class='ocrx_word' id='word_1_396' title='bbox 1557 1213 1677 1249; x_wconf 80' lang='grc' dir='ltr'>βασιλεία</span> <span class='ocrx_word' id='word_1_397' title='bbox 1693 1213 1759 1248; x_wconf 68' lang='grc'>(25),</span> <span class='ocrx_word' id='word_1_398' title='bbox 1780 1212 1810 1239; x_wconf 81' lang='grc' dir='ltr'>τὸ</span> <span class='ocrx_word' id='word_1_399' title='bbox 1823 1212 1895 1246; x_wconf 84' lang='grc' dir='ltr'><strong>γνῶ-</strong></span> 
     </span>
    </p>
   </div>
   <div class='ocr_carea' id='block_1_54' title="bbox 1107 1258 1894 1296">
    <p class='ocr_par' dir='ltr' id='par_1_54' title="bbox 1107 1258 1894 1296">
     <span class='ocr_line' id='line_1_54' title="bbox 1107 1258 1894 1296; baseline -0.008 -6"><span class='ocrx_word' id='word_1_400' title='bbox 1107 1272 1151 1291; x_wconf 89' lang='grc' dir='ltr'><strong>ναι</strong></span> <span class='ocrx_word' id='word_1_401' title='bbox 1169 1263 1259 1294; x_wconf 82' lang='grc' dir='ltr'>καλῶς</span> <span class='ocrx_word' id='word_1_402' title='bbox 1275 1262 1444 1293; x_wconf 80' lang='grc' dir='ltr'><strong>δεσποτείαν,</strong></span> <span class='ocrx_word' id='word_1_403' title='bbox 1461 1260 1529 1287; x_wconf 78' lang='grc' dir='ltr'><strong>ἀλλὰ</strong></span> <span class='ocrx_word' id='word_1_404' title='bbox 1546 1260 1582 1295; x_wconf 84' lang='grc' dir='ltr'><strong>μὴ</strong></span> <span class='ocrx_word' id='word_1_405' title='bbox 1593 1259 1687 1296; x_wconf 87' lang='grc' dir='ltr'>φύρειν</span> <span class='ocrx_word' id='word_1_406' title='bbox 1703 1259 1738 1286; x_wconf 80' lang='grc' dir='ltr'>τὰ</span> <span class='ocrx_word' id='word_1_407' title='bbox 1752 1258 1894 1290; x_wconf 77' lang='grc' dir='ltr'><strong>διεστῶτα,</strong></span> 
     </span>
    </p>
   </div>
   <div class='ocr_carea' id='block_1_55' title="bbox 1107 1303 1896 1342">
    <p class='ocr_par' dir='ltr' id='par_1_55' title="bbox 1107 1303 1896 1342">
     <span class='ocr_line' id='line_1_55' title="bbox 1107 1303 1896 1342; baseline -0.009 -7"><span class='ocrx_word' id='word_1_408' title='bbox 1107 1309 1153 1335; x_wconf 85' lang='grc' dir='ltr'>νοῦ</span> <span class='ocrx_word' id='word_1_409' title='bbox 1168 1308 1351 1342; x_wconf 81' lang='grc' dir='ltr'>ταπεινότητι.</span> <span class='ocrx_word' id='word_1_410' title='bbox 1362 1305 1409 1338; x_wconf 79' lang='grc' dir='ltr'><strong>Οἷς</strong></span> <span class='ocrx_word' id='word_1_411' title='bbox 1423 1306 1451 1332; x_wconf 83' lang='grc' dir='ltr'><strong>δὲ</strong></span> <span class='ocrx_word' id='word_1_412' title='bbox 1466 1306 1496 1332; x_wconf 75' lang='grc' dir='ltr'>τὸ</span> <span class='ocrx_word' id='word_1_413' title='bbox 1512 1305 1652 1332; x_wconf 71' lang='grc' dir='ltr'>δουλεῦσαι</span> <span class='ocrx_word' id='word_1_414' title='bbox 1668 1304 1803 1335; x_wconf 75' lang='grc' dir='ltr'>τοσοῦτον,</span> <span class='ocrx_word' id='word_1_415' title='bbox 1815 1303 1896 1338; x_wconf 65' lang='grc' dir='ltr'>τηλία</span> 
     </span>
    </p>
   </div>
   <div class='ocr_carea' id='block_1_56' title="bbox 1109 1349 1895 1389">
    <p class='ocr_par' dir='ltr' id='par_1_56' title="bbox 1109 1349 1895 1389">
     <span class='ocr_line' id='line_1_56' title="bbox 1109 1349 1895 1389; baseline -0.008 -8"><span class='ocrx_word' id='word_1_416' title='bbox 1109 1363 1144 1389; x_wconf 86' lang='grc' dir='ltr'>κη</span> <span class='ocrx_word' id='word_1_417' title='bbox 1160 1353 1260 1380; x_wconf 85' lang='grc' dir='ltr'>τούτων</span> <span class='ocrx_word' id='word_1_418' title='bbox 1277 1355 1294 1388; x_wconf 76' lang='grc' dir='ltr'>ἡ</span> <span class='ocrx_word' id='word_1_419' title='bbox 1309 1352 1469 1384; x_wconf 84' lang='grc' dir='ltr'>δεσποτεία;</span> <span class='ocrx_word' id='word_1_420' title='bbox 1491 1351 1537 1377; x_wconf 78' lang='grc' dir='ltr'>καὶ</span> <span class='ocrx_word' id='word_1_421' title='bbox 1559 1351 1583 1377; x_wconf 78' lang='grc' dir='ltr'>εἰ</span> <span class='ocrx_word' id='word_1_422' title='bbox 1599 1351 1629 1377; x_wconf 75' lang='grc' dir='ltr'>τὸ</span> <span class='ocrx_word' id='word_1_423' title='bbox 1646 1350 1746 1385; x_wconf 85' lang='grc' dir='ltr'>γνῶναι</span> <span class='ocrx_word' id='word_1_424' title='bbox 1760 1349 1895 1385; x_wconf 84' lang='grc' dir='ltr'>μακαριό-</span> 
     </span>
    </p>
   </div>
   <div class='ocr_carea' id='block_1_57' title="bbox 1110 1397 1631 1435">
    <p class='ocr_par' dir='ltr' id='par_1_57' title="bbox 1110 1397 1631 1435">
     <span class='ocr_line' id='line_1_57' title="bbox 1110 1397 1631 1435; baseline -0.006 -9"><span class='ocrx_word' id='word_1_425' title='bbox 1110 1408 1160 1434; x_wconf 84' lang='grc' dir='ltr'><strong>της</strong></span> <span class='ocrx_word' id='word_1_426' title='bbox 1171 1399 1236 1435; x_wconf 71' lang='grc'>(26),</span> <span class='ocrx_word' id='word_1_427' title='bbox 1250 1399 1361 1434; x_wconf 80' lang='grc' dir='ltr'>πηλίκον</span> <span class='ocrx_word' id='word_1_428' title='bbox 1375 1398 1405 1424; x_wconf 85' lang='grc' dir='ltr'>τὺ</span> <span class='ocrx_word' id='word_1_429' title='bbox 1417 1397 1631 1432; x_wconf 75' lang='grc' dir='ltr'>γινωσκόμενον;</span> 
     </span>
    </p>
   </div>
   <div class='ocr_carea' id='block_1_58' title="bbox 278 1441 1059 1482">
    <p class='ocr_par' dir='ltr' id='par_1_58' title="bbox 278 1441 1059 1479">
     <span class='ocr_line' id='line_1_58' title="bbox 278 1441 1059 1479; baseline 0.006 -11"><span class='ocrx_word' id='word_1_430' title='bbox 278 1449 389 1476; x_wconf 85' lang='lat' dir='ltr'><strong>prorsus</strong></span> <span class='ocrx_word' id='word_1_431' title='bbox 400 1442 433 1468; x_wconf 91' lang='lat' dir='ltr'><strong>ab</strong></span> <span class='ocrx_word' id='word_1_432' title='bbox 443 1449 475 1469; x_wconf 88' lang='lat' dir='ltr'><strong>ea</strong></span> <span class='ocrx_word' id='word_1_433' title='bbox 496 1442 636 1468; x_wconf 80' lang='lat' dir='ltr'><strong>intervallo</strong></span> <span class='ocrx_word' id='word_1_434' title='bbox 651 1442 770 1473; x_wconf 87' lang='lat' dir='ltr'><strong>distant,</strong></span> <span class='ocrx_word' id='word_1_435' title='bbox 808 1441 858 1468; x_wconf 88' lang='lat' dir='ltr'><strong>alia</strong></span> <span class='ocrx_word' id='word_1_436' title='bbox 881 1443 992 1477; x_wconf 86' lang='lat' dir='ltr'><strong>propius</strong></span> <span class='ocrx_word' id='word_1_437' title='bbox 1010 1453 1059 1479; x_wconf 83' lang='lat' dir='ltr'><strong>quo</strong></span> 
     </span>
    </p>
   </div>
   <div class='ocr_carea' id='block_1_59' title="bbox 1110 1441 1895 1482">
    <p class='ocr_par' dir='ltr' id='par_1_59' title="bbox 1110 1447 1895 1482">
     <span class='ocr_line' id='line_1_59' title="bbox 1110 1447 1895 1482; baseline -0.005 -8"><span class='ocrx_word' id='word_1_438' title='bbox 1110 1448 1206 1475; x_wconf 87' lang='lat' dir='ltr'><strong>ntnodo</strong></span> <span class='ocrx_word' id='word_1_439' title='bbox 1220 1448 1252 1474; x_wconf 81' lang='lat' dir='ltr'><strong>ad</strong></span> <span class='ocrx_word' id='word_1_440' title='bbox 1268 1455 1326 1474; x_wconf 89' lang='lat' dir='ltr'><strong>eam</strong></span> <span class='ocrx_word' id='word_1_441' title='bbox 1341 1447 1485 1477; x_wconf 76' lang='lat' dir='ltr'><strong>accedunt,</strong></span> <span class='ocrx_word' id='word_1_442' title='bbox 1521 1450 1601 1480; x_wconf 86' lang='lat' dir='ltr'><strong>atque</strong></span> <span class='ocrx_word' id='word_1_443' title='bbox 1633 1452 1774 1472; x_wconf 85' lang='lat' dir='ltr'><strong>accessura</strong></span> <span class='ocrx_word' id='word_1_444' title='bbox 1810 1447 1895 1482; x_wconf 73' lang='lat' dir='ltr'><strong>sunt;</strong></span> 
     </span>
    </p>
   </div>
   <div class='ocr_carea' id='block_1_60' title="bbox 280 1487 1896 1526">
    <p class='ocr_par' dir='ltr' id='par_1_60' title="bbox 280 1487 1896 1526">
     <span class='ocr_line' id='line_1_60' title="bbox 280 1487 1896 1526; baseline 0.001 -13"><span class='ocrx_word' id='word_1_445' title='bbox 280 1488 360 1522; x_wconf 85' lang='lat' dir='ltr'><strong>idque</strong></span> <span class='ocrx_word' id='word_1_446' title='bbox 374 1494 425 1513; x_wconf 91' lang='lat' dir='ltr'><strong>non</strong></span> <span class='ocrx_word' id='word_1_447' title='bbox 441 1488 466 1514; x_wconf 86' lang='lat' dir='ltr'><strong>vi</strong></span> <span class='ocrx_word' id='word_1_448' title='bbox 483 1492 607 1518; x_wconf 74' lang='lat' dir='ltr'><strong>naturre,</strong></span> <span class='ocrx_word' id='word_1_449' title='bbox 641 1487 688 1514; x_wconf 83' lang='lat' dir='ltr'><strong>sed</strong></span> <span class='ocrx_word' id='word_1_450' title='bbox 717 1487 827 1521; x_wconf 71' lang='lat' dir='ltr'><strong>gratiae,</strong></span> <span class='ocrx_word' id='word_1_451' title='bbox 860 1495 955 1523; x_wconf 85' lang='lat' dir='ltr'><strong>nempe</strong></span> <span class='ocrx_word' id='word_1_452' title='bbox 985 1497 1046 1517; x_wconf 93' lang='lat' dir='ltr'><strong>cum</strong></span> <span class='ocrx_word' id='word_1_453' title='bbox 1077 1493 1193 1520; x_wconf 88' lang='lat' dir='ltr'><strong>servitus</strong></span> <span class='ocrx_word' id='word_1_454' title='bbox 1222 1493 1346 1520; x_wconf 85' lang='lat' dir='ltr'><strong>Trinitati</strong></span> <span class='ocrx_word' id='word_1_455' title='bbox 1371 1497 1442 1519; x_wconf 90' lang='lat' dir='ltr'><strong>recte</strong></span> <span class='ocrx_word' id='word_1_456' title='bbox 1468 1492 1605 1526; x_wconf 66' lang='lat' dir='ltr'><strong>praestita,</strong></span> <span class='ocrx_word' id='word_1_457' title='bbox 1633 1498 1713 1526; x_wconf 81' lang='lat' dir='ltr'><strong>supra</strong></span> <span class='ocrx_word' id='word_1_458' title='bbox 1738 1489 1896 1517; x_wconf 87' lang='lat' dir='ltr'><strong>servitutem</strong></span> 
     </span>
    </p>
   </div>
   <div class='ocr_carea' id='block_1_61' title="bbox 282 1533 1896 1573">
    <p class='ocr_par' dir='ltr' id='par_1_61' title="bbox 282 1533 1896 1573">
     <span class='ocr_line' id='line_1_61' title="bbox 282 1533 1896 1573; baseline 0.001 -13"><span class='ocrx_word' id='word_1_459' title='bbox 282 1540 395 1560; x_wconf 80' lang='lat' dir='ltr'><strong>assurre</strong></span> <span class='ocrx_word' id='word_1_460' title='bbox 411 1533 481 1560; x_wconf 91' lang='lat' dir='ltr'><strong>erit:</strong></span> <span class='ocrx_word' id='word_1_461' title='bbox 501 1533 552 1560; x_wconf 89' lang='lat' dir='ltr'><strong>nisi</strong></span> <span class='ocrx_word' id='word_1_462' title='bbox 568 1537 657 1559; x_wconf 86' lang='lat' dir='ltr'><strong>tamen</strong></span> <span class='ocrx_word' id='word_1_463' title='bbox 686 1533 738 1560; x_wconf 82' lang='lat' dir='ltr'><strong>hoc</strong></span> <span class='ocrx_word' id='word_1_464' title='bbox 752 1541 859 1568; x_wconf 90' lang='lat' dir='ltr'><strong>quoque</strong></span> <span class='ocrx_word' id='word_1_465' title='bbox 880 1535 967 1569; x_wconf 84' lang='lat' dir='ltr'><strong>ipsum</strong></span> <span class='ocrx_word' id='word_1_466' title='bbox 988 1536 1098 1565; x_wconf 84' lang='lat' dir='ltr'><strong>libertas</strong></span> <span class='ocrx_word' id='word_1_467' title='bbox 1117 1544 1144 1566; x_wconf 88' lang='lat' dir='ltr'><strong>et</strong></span> <span class='ocrx_word' id='word_1_468' title='bbox 1156 1547 1265 1573; x_wconf 81' lang='lat' dir='ltr'><strong>regnum</strong></span> <span class='ocrx_word' id='word_1_469' title='bbox 1278 1544 1318 1565; x_wconf 84' lang='lat' dir='ltr'><strong>est</strong></span> <span class='ocrx_word' id='word_1_470' title='bbox 1330 1557 1336 1570; x_wconf 91' lang='lat'><strong>,</strong></span> <span class='ocrx_word' id='word_1_471' title='bbox 1350 1539 1557 1566; x_wconf 88' lang='lat' dir='ltr'><strong>dominationem</strong></span> <span class='ocrx_word' id='word_1_472' title='bbox 1575 1538 1657 1572; x_wconf 84' lang='lat' dir='ltr'><strong>probe</strong></span> <span class='ocrx_word' id='word_1_473' title='bbox 1675 1543 1830 1572; x_wconf 78' lang='lat' dir='ltr'><strong>agnoscere,</strong></span> <span class='ocrx_word' id='word_1_474' title='bbox 1846 1543 1896 1562; x_wconf 71' lang='lat' dir='ltr'><strong>nec</strong></span> 
     </span>
    </p>
   </div>
   <div class='ocr_carea' id='block_1_62' title="bbox 281 1577 1896 1617">
    <p class='ocr_par' dir='ltr' id='par_1_62' title="bbox 281 1577 1896 1617">
     <span class='ocr_line' id='line_1_62' title="bbox 281 1577 1896 1617; baseline 0 -11"><span class='ocrx_word' id='word_1_475' title='bbox 281 1587 332 1610; x_wconf 84' lang='lat' dir='ltr'><strong>ea,</strong></span> <span class='ocrx_word' id='word_1_476' title='bbox 356 1586 415 1612; x_wconf 71' lang='lat' dir='ltr'><strong>qua:</strong></span> <span class='ocrx_word' id='word_1_477' title='bbox 437 1578 507 1604; x_wconf 87' lang='lat' dir='ltr'><strong>inter</strong></span> <span class='ocrx_word' id='word_1_478' title='bbox 543 1585 572 1604; x_wconf 85' lang='lat' dir='ltr'><strong>se</strong></span> <span class='ocrx_word' id='word_1_479' title='bbox 596 1577 720 1604; x_wconf 83' lang='lat' dir='ltr'><strong>distincta</strong></span> <span class='ocrx_word' id='word_1_480' title='bbox 750 1583 828 1610; x_wconf 87' lang='lat' dir='ltr'><strong>sunt,</strong></span> <span class='ocrx_word' id='word_1_481' title='bbox 863 1586 910 1613; x_wconf 89' lang='lat' dir='ltr'><strong>per</strong></span> <span class='ocrx_word' id='word_1_482' title='bbox 941 1581 1023 1608; x_wconf 84' lang='lat' dir='ltr'><strong>animi</strong></span> <span class='ocrx_word' id='word_1_483' title='bbox 1050 1583 1227 1617; x_wconf 87' lang='lat' dir='ltr'><strong>abjectionem</strong></span> <span class='ocrx_word' id='word_1_484' title='bbox 1260 1583 1423 1610; x_wconf 86' lang='lat' dir='ltr'><strong>confundere</strong></span> <span class='ocrx_word' id='word_1_485' title='bbox 1443 1591 1475 1610; x_wconf 85' lang='lat' dir='ltr'><strong>ac</strong></span> <span class='ocrx_word' id='word_1_486' title='bbox 1496 1583 1667 1617; x_wconf 87' lang='lat' dir='ltr'><strong>permiscere.</strong></span> <span class='ocrx_word' id='word_1_487' title='bbox 1689 1581 1772 1608; x_wconf 87' lang='lat' dir='ltr'><strong>Porro</strong></span> <span class='ocrx_word' id='word_1_488' title='bbox 1796 1582 1896 1615; x_wconf 82' lang='lat' dir='ltr'><strong>quilms</strong></span> 
     </span>
    </p>
   </div>
   <div class='ocr_carea' id='block_1_63' title="bbox 281 1620 1894 1660">
    <p class='ocr_par' dir='ltr' id='par_1_63' title="bbox 281 1620 1894 1660">
     <span class='ocr_line' id='line_1_63' title="bbox 281 1620 1894 1660; baseline 0.002 -11"><span class='ocrx_word' id='word_1_489' title='bbox 281 1627 404 1654; x_wconf 86' lang='lat' dir='ltr'><strong>tantum,</strong></span> <span class='ocrx_word' id='word_1_490' title='bbox 425 1626 532 1655; x_wconf 86' lang='lat' dir='ltr'><strong>tamque</strong></span> <span class='ocrx_word' id='word_1_491' title='bbox 564 1620 740 1648; x_wconf 86' lang='lat' dir='ltr'><strong>honoriﬁcum</strong></span> <span class='ocrx_word' id='word_1_492' title='bbox 762 1626 805 1649; x_wconf 92' lang='lat' dir='ltr'><strong>est</strong></span> <span class='ocrx_word' id='word_1_493' title='bbox 830 1623 976 1657; x_wconf 79' lang='lat' dir='ltr'><strong>serviisse,</strong></span> <span class='ocrx_word' id='word_1_494' title='bbox 994 1630 1091 1660; x_wconf 88' lang='lat' dir='ltr'><strong>quanta</strong></span> <span class='ocrx_word' id='word_1_495' title='bbox 1113 1628 1218 1654; x_wconf 88' lang='lat' dir='ltr'><strong>tandem</strong></span> <span class='ocrx_word' id='word_1_496' title='bbox 1246 1627 1341 1655; x_wconf 84' lang='lat' dir='ltr'><strong>horum</strong></span> <span class='ocrx_word' id='word_1_497' title='bbox 1364 1627 1512 1655; x_wconf 82' lang='lat' dir='ltr'><strong>dominatio</strong></span> <span class='ocrx_word' id='word_1_498' title='bbox 1536 1629 1668 1655; x_wconf 89' lang='lat' dir='ltr'><strong>censenda</strong></span> <span class='ocrx_word' id='word_1_499' title='bbox 1691 1629 1757 1654; x_wconf 54' lang='lat' dir='ltr'><strong>estin</strong></span> <span class='ocrx_word' id='word_1_500' title='bbox 1783 1626 1816 1654; x_wconf 86' lang='lat' dir='ltr'><strong>Et</strong></span> <span class='ocrx_word' id='word_1_501' title='bbox 1833 1635 1894 1653; x_wconf 89' lang='lat' dir='ltr'><strong>cum</strong></span> 
     </span>
    </p>
   </div>
   <div class='ocr_carea' id='block_1_64' title="bbox 281 1668 1423 1709">
    <p class='ocr_par' dir='ltr' id='par_1_64' title="bbox 281 1668 1423 1709">
     <span class='ocr_line' id='line_1_64' title="bbox 281 1668 1423 1709; baseline 0.004 -12"><span class='ocrx_word' id='word_1_502' title='bbox 281 1669 400 1703; x_wconf 75' lang='lat' dir='ltr'><strong>cognitio</strong></span> <span class='ocrx_word' id='word_1_503' title='bbox 413 1669 471 1704; x_wconf 90' lang='lat' dir='ltr'><strong>ipsa</strong></span> <span class='ocrx_word' id='word_1_504' title='bbox 485 1668 622 1695; x_wconf 87' lang='lat' dir='ltr'><strong>beatitudo</strong></span> <span class='ocrx_word' id='word_1_505' title='bbox 639 1670 693 1702; x_wconf 84' lang='lat' dir='ltr'><strong>sit,</strong></span> <span class='ocrx_word' id='word_1_506' title='bbox 707 1674 853 1704; x_wconf 87' lang='lat' dir='ltr'><strong>quantum,</strong></span> <span class='ocrx_word' id='word_1_507' title='bbox 870 1678 970 1705; x_wconf 81' lang='lat' dir='ltr'><strong>quaeso,</strong></span> <span class='ocrx_word' id='word_1_508' title='bbox 988 1671 1054 1699; x_wconf 91' lang='lat' dir='ltr'><strong>illud</strong></span> <span class='ocrx_word' id='word_1_509' title='bbox 1071 1677 1128 1705; x_wconf 88' lang='lat' dir='ltr'><strong>est,</strong></span> <span class='ocrx_word' id='word_1_510' title='bbox 1145 1674 1215 1708; x_wconf 91' lang='lat' dir='ltr'><strong>quod</strong></span> <span class='ocrx_word' id='word_1_511' title='bbox 1232 1675 1423 1709; x_wconf 71' lang='lat' dir='ltr'><strong>cognoscitur?</strong></span> 
     </span>
    </p>
   </div>
   <div class='ocr_carea' id='block_1_65' title="bbox 317 1716 1097 1754">
    <p class='ocr_par' dir='ltr' id='par_1_65' title="bbox 317 1716 1097 1754">
     <span class='ocr_line' id='line_1_65' title="bbox 317 1716 1097 1754; baseline 0.005 -11"><span class='ocrx_word' id='word_1_512' title='bbox 317 1716 374 1744; x_wconf 81' lang='lat' dir='ltr'><strong>XII.</strong></span> <span class='ocrx_word' id='word_1_513' title='bbox 393 1716 449 1744; x_wconf 88' lang='lat' dir='ltr'><strong>lloc</strong></span> <span class='ocrx_word' id='word_1_514' title='bbox 463 1717 540 1744; x_wconf 78' lang='lat' dir='ltr'><strong>nobis</strong></span> <span class='ocrx_word' id='word_1_515' title='bbox 568 1725 692 1752; x_wconf 78' lang='lat' dir='ltr'><strong>magnum</strong></span> <span class='ocrx_word' id='word_1_516' title='bbox 717 1717 779 1745; x_wconf 89' lang='lat' dir='ltr'><strong>illud</strong></span> <span class='ocrx_word' id='word_1_517' title='bbox 805 1720 963 1754; x_wconf 86' lang='lat' dir='ltr'><strong>mysterium</strong></span> <span class='ocrx_word' id='word_1_518' title='bbox 982 1720 1039 1747; x_wconf 85' lang='lat' dir='ltr'><strong>vult</strong></span> <span class='ocrx_word' id='word_1_519' title='bbox 1053 1730 1061 1754; x_wconf 86' lang='lat'><strong>;</strong></span> <span class='ocrx_word' id='word_1_520' title='bbox 1076 1724 1097 1753; x_wconf 74' lang='grc' dir='ltr'><strong>ρ</strong></span> 
     </span>
    </p>
   </div>
   <div class='ocr_carea' id='block_1_66' title="bbox 282 1762 1064 1799">
    <p class='ocr_par' dir='ltr' id='par_1_66' title="bbox 282 1762 1064 1799">
     <span class='ocr_line' id='line_1_66' title="bbox 282 1762 1064 1799; baseline 0.003 -9"><span class='ocrx_word' id='word_1_521' title='bbox 282 1763 333 1790; x_wconf 85' lang='lat' dir='ltr'><strong>hoc</strong></span> <span class='ocrx_word' id='word_1_522' title='bbox 345 1768 435 1790; x_wconf 89' lang='lat' dir='ltr'><strong>nostra</strong></span> <span class='ocrx_word' id='word_1_523' title='bbox 446 1762 472 1789; x_wconf 92' lang='lat' dir='ltr'><strong>in</strong></span> <span class='ocrx_word' id='word_1_524' title='bbox 487 1762 594 1790; x_wconf 85' lang='lat' dir='ltr'><strong>Patrem</strong></span> <span class='ocrx_word' id='word_1_525' title='bbox 611 1782 618 1794; x_wconf 91' lang='lat'><strong>,</strong></span> <span class='ocrx_word' id='word_1_526' title='bbox 634 1768 661 1790; x_wconf 89' lang='lat' dir='ltr'><strong>et</strong></span> <span class='ocrx_word' id='word_1_527' title='bbox 679 1763 776 1790; x_wconf 86' lang='lat' dir='ltr'><strong>Filium</strong></span> <span class='ocrx_word' id='word_1_528' title='bbox 787 1784 795 1797; x_wconf 88' lang='lat'><strong>,</strong></span> <span class='ocrx_word' id='word_1_529' title='bbox 808 1769 835 1791; x_wconf 86' lang='lat' dir='ltr'><strong>et</strong></span> <span class='ocrx_word' id='word_1_530' title='bbox 853 1764 984 1799; x_wconf 87' lang='lat' dir='ltr'><strong>Spiritum</strong></span> <span class='ocrx_word' id='word_1_531' title='bbox 1001 1773 1064 1792; x_wconf 87' lang='lat' dir='ltr'><strong>san-</strong></span> 
     </span>
    </p>
   </div>
   <div class='ocr_carea' id='block_1_67' title="bbox 283 1809 1062 1846">
    <p class='ocr_par' dir='ltr' id='par_1_67' title="bbox 283 1809 1062 1846">
     <span class='ocr_line' id='line_1_67' title="bbox 283 1809 1062 1846; baseline 0.004 -10"><span class='ocrx_word' id='word_1_532' title='bbox 283 1815 355 1836; x_wconf 88' lang='lat' dir='ltr'><strong>ctum</strong></span> <span class='ocrx_word' id='word_1_533' title='bbox 368 1829 376 1840; x_wconf 83' lang='lat'><strong>,</strong></span> <span class='ocrx_word' id='word_1_534' title='bbox 389 1816 420 1836; x_wconf 88' lang='lat' dir='ltr'><strong>ac</strong></span> <span class='ocrx_word' id='word_1_535' title='bbox 440 1815 582 1835; x_wconf 82' lang='lat' dir='ltr'><strong>commune</strong></span> <span class='ocrx_word' id='word_1_536' title='bbox 600 1815 696 1836; x_wconf 90' lang='lat' dir='ltr'><strong>nomen</strong></span> <span class='ocrx_word' id='word_1_537' title='bbox 709 1828 717 1840; x_wconf 91' lang='lat'><strong>,</strong></span> <span class='ocrx_word' id='word_1_538' title='bbox 737 1809 803 1837; x_wconf 86' lang='lat' dir='ltr'><strong>fides</strong></span> <span class='ocrx_word' id='word_1_539' title='bbox 827 1815 854 1837; x_wconf 86' lang='lat' dir='ltr'><strong>et</strong></span> <span class='ocrx_word' id='word_1_540' title='bbox 877 1812 1062 1846; x_wconf 78' lang='lat' dir='ltr'><strong>regeneratio,</strong></span> 
     </span>
    </p>
   </div>
   <div class='ocr_carea' id='block_1_68' title="bbox 283 1855 1064 1890">
    <p class='ocr_par' dir='ltr' id='par_1_68' title="bbox 283 1855 1064 1890">
     <span class='ocr_line' id='line_1_68' title="bbox 283 1855 1064 1890; baseline 0.004 -8"><span class='ocrx_word' id='word_1_541' title='bbox 283 1856 378 1883; x_wconf 68' lang='lat' dir='ltr'><strong>atheiaa</strong></span> <span class='ocrx_word' id='word_1_542' title='bbox 394 1855 526 1890; x_wconf 88' lang='lat' dir='ltr'><strong>abjuratio</strong></span> <span class='ocrx_word' id='word_1_543' title='bbox 551 1859 580 1882; x_wconf 90' lang='lat' dir='ltr'><strong>et</strong></span> <span class='ocrx_word' id='word_1_544' title='bbox 609 1855 717 1882; x_wconf 88' lang='lat' dir='ltr'><strong>deitatis</strong></span> <span class='ocrx_word' id='word_1_545' title='bbox 747 1857 892 1885; x_wconf 87' lang='lat' dir='ltr'><strong>confessio.</strong></span> <span class='ocrx_word' id='word_1_546' title='bbox 917 1857 984 1884; x_wconf 88' lang='lat' dir='ltr'><strong>Nam</strong></span> <span class='ocrx_word' id='word_1_547' title='bbox 1011 1859 1064 1885; x_wconf 87' lang='lat' dir='ltr'><strong>hoc</strong></span> 
     </span>
    </p>
   </div>
   <div class='ocr_carea' id='block_1_69' title="bbox 283 1900 1064 1938">
    <p class='ocr_par' dir='ltr' id='par_1_69' title="bbox 283 1900 1064 1938">
     <span class='ocr_line' id='line_1_69' title="bbox 283 1900 1064 1938; baseline 0.003 -10"><span class='ocrx_word' id='word_1_548' title='bbox 283 1908 425 1928; x_wconf 69' lang='lat' dir='ltr'><strong>commune</strong></span> <span class='ocrx_word' id='word_1_549' title='bbox 439 1900 501 1928; x_wconf 90' lang='lat' dir='ltr'><strong>illud</strong></span> <span class='ocrx_word' id='word_1_550' title='bbox 516 1908 612 1928; x_wconf 89' lang='lat' dir='ltr'><strong>nomen</strong></span> <span class='ocrx_word' id='word_1_551' title='bbox 629 1906 681 1928; x_wconf 89' lang='lat' dir='ltr'><strong>est.</strong></span> <span class='ocrx_word' id='word_1_552' title='bbox 702 1901 836 1935; x_wconf 84' lang='lat' dir='ltr'><strong>Quocirca</strong></span> <span class='ocrx_word' id='word_1_553' title='bbox 858 1903 939 1930; x_wconf 88' lang='lat' dir='ltr'><strong>trimn</strong></span> <span class='ocrx_word' id='word_1_554' title='bbox 963 1903 1064 1938; x_wconf 87' lang='lat' dir='ltr'><strong>aliquid</strong></span> 
     </span>
    </p>
   </div>
   <div class='ocr_carea' id='block_1_70' title="bbox 283 1949 1064 1985">
    <p class='ocr_par' dir='ltr' id='par_1_70' title="bbox 283 1949 1064 1985">
     <span class='ocr_line' id='line_1_70' title="bbox 283 1949 1064 1985; baseline 0.004 -11"><span class='ocrx_word' id='word_1_555' title='bbox 283 1952 472 1979; x_wconf 86' lang='lat' dir='ltr'><strong>contemnere.</strong></span> <span class='ocrx_word' id='word_1_556' title='bbox 501 1951 546 1975; x_wconf 88' lang='lat' dir='ltr'><strong>aut</strong></span> <span class='ocrx_word' id='word_1_557' title='bbox 572 1955 715 1982; x_wconf 82' lang='lat' dir='ltr'><strong>separare,</strong></span> <span class='ocrx_word' id='word_1_558' title='bbox 742 1949 942 1976; x_wconf 89' lang='lat' dir='ltr'><strong>confessionem</strong></span> <span class='ocrx_word' id='word_1_559' title='bbox 979 1951 1064 1985; x_wconf 87' lang='lat' dir='ltr'><strong>ipsam</strong></span> 
     </span>
    </p>
   </div>
   <div class='ocr_carea' id='block_1_71' title="bbox 284 1994 1065 2028">
    <p class='ocr_par' dir='ltr' id='par_1_71' title="bbox 284 1994 1065 2028">
     <span class='ocr_line' id='line_1_71' title="bbox 284 1994 1065 2028; baseline 0 -6"><span class='ocrx_word' id='word_1_560' title='bbox 284 2000 455 2022; x_wconf 83' lang='lat' dir='ltr'><strong>contemnere</strong></span> <span class='ocrx_word' id='word_1_561' title='bbox 469 1999 528 2027; x_wconf 89' lang='lat' dir='ltr'><strong>est,</strong></span> <span class='ocrx_word' id='word_1_562' title='bbox 541 1994 594 2021; x_wconf 87' lang='lat' dir='ltr'><strong>hoc</strong></span> <span class='ocrx_word' id='word_1_563' title='bbox 618 1997 678 2026; x_wconf 87' lang='lat' dir='ltr'><strong>est,</strong></span> <span class='ocrx_word' id='word_1_564' title='bbox 695 1994 928 2028; x_wconf 81' lang='lat' dir='ltr'><strong>regenerationem</strong></span> <span class='ocrx_word' id='word_1_565' title='bbox 939 2014 947 2026; x_wconf 94' lang='lat'><strong>,</strong></span> <span class='ocrx_word' id='word_1_566' title='bbox 965 1995 1065 2022; x_wconf 87' lang='lat' dir='ltr'><strong>divini-</strong></span> 
     </span>
    </p>
   </div>
   <div class='ocr_carea' id='block_1_72' title="bbox 284 2038 1066 2074">
    <p class='ocr_par' dir='ltr' id='par_1_72' title="bbox 284 2038 1066 2074">
     <span class='ocr_line' id='line_1_72' title="bbox 284 2038 1066 2074; baseline -0.001 -6"><span class='ocrx_word' id='word_1_567' title='bbox 284 2046 385 2073; x_wconf 85' lang='lat' dir='ltr'><strong>tatem,</strong></span> <span class='ocrx_word' id='word_1_568' title='bbox 399 2040 594 2067; x_wconf 89' lang='lat' dir='ltr'><strong>deilicationem</strong></span> <span class='ocrx_word' id='word_1_569' title='bbox 607 2059 614 2071; x_wconf 92' lang='lat'><strong>,</strong></span> <span class='ocrx_word' id='word_1_570' title='bbox 628 2046 717 2074; x_wconf 89' lang='lat' dir='ltr'><strong>spem.</strong></span> <span class='ocrx_word' id='word_1_571' title='bbox 732 2038 825 2066; x_wconf 84' lang='lat' dir='ltr'><strong>Videte</strong></span> <span class='ocrx_word' id='word_1_572' title='bbox 842 2039 932 2074; x_wconf 88' lang='lat' dir='ltr'><strong>qualia</strong></span> <span class='ocrx_word' id='word_1_573' title='bbox 948 2039 1066 2074; x_wconf 85' lang='lat' dir='ltr'><strong>Spiritus</strong></span> 
     </span>
    </p>
   </div>
   <div class='ocr_carea' id='block_1_73' title="bbox 284 2085 1067 2120">
    <p class='ocr_par' dir='ltr' id='par_1_73' title="bbox 284 2085 1067 2120">
     <span class='ocr_line' id='line_1_73' title="bbox 284 2085 1067 2120; baseline 0.001 -7"><span class='ocrx_word' id='word_1_574' title='bbox 284 2086 377 2120; x_wconf 82' lang='lat' dir='ltr'><strong>nobis,</strong></span> <span class='ocrx_word' id='word_1_575' title='bbox 394 2093 455 2113; x_wconf 91' lang='lat' dir='ltr'><strong>cum</strong></span> <span class='ocrx_word' id='word_1_576' title='bbox 470 2086 552 2113; x_wconf 87' lang='lat' dir='ltr'><strong>Deum</strong></span> <span class='ocrx_word' id='word_1_577' title='bbox 568 2085 654 2120; x_wconf 90' lang='lat' dir='ltr'><strong>ipsum</strong></span> <span class='ocrx_word' id='word_1_578' title='bbox 673 2085 862 2120; x_wconf 58' lang='lat' dir='ltr'><strong>praedicamus,</strong></span> <span class='ocrx_word' id='word_1_579' title='bbox 878 2085 1023 2120; x_wconf 74' lang='lat' dir='ltr'><strong>largiatur;</strong></span> <span class='ocrx_word' id='word_1_580' title='bbox 1039 2091 1067 2114; x_wconf 90' lang='lat' dir='ltr'><strong>et</strong></span> 
     </span>
    </p>
   </div>
   <div class='ocr_carea' id='block_1_74' title="bbox 284 2131 1066 2166">
    <p class='ocr_par' dir='ltr' id='par_1_74' title="bbox 284 2131 1066 2166">
     <span class='ocr_line' id='line_1_74' title="bbox 284 2131 1066 2166; baseline 0.001 -8"><span class='ocrx_word' id='word_1_581' title='bbox 284 2132 383 2166; x_wconf 89' lang='lat' dir='ltr'><strong>quibus</strong></span> <span class='ocrx_word' id='word_1_582' title='bbox 396 2132 476 2159; x_wconf 89' lang='lat' dir='ltr'><strong>rebus</strong></span> <span class='ocrx_word' id='word_1_583' title='bbox 490 2139 538 2159; x_wconf 91' lang='lat' dir='ltr'><strong>nos</strong></span> <span class='ocrx_word' id='word_1_584' title='bbox 561 2131 684 2164; x_wconf 87' lang='lat' dir='ltr'><strong>mulctet,</strong></span> <span class='ocrx_word' id='word_1_585' title='bbox 709 2139 768 2158; x_wconf 89' lang='lat' dir='ltr'><strong>cum</strong></span> <span class='ocrx_word' id='word_1_586' title='bbox 784 2132 921 2165; x_wconf 87' lang='lat' dir='ltr'><strong>spernitur</strong></span> <span class='ocrx_word' id='word_1_587' title='bbox 933 2139 964 2158; x_wconf 91' lang='lat' dir='ltr'><strong>ac</strong></span> <span class='ocrx_word' id='word_1_588' title='bbox 978 2132 1066 2165; x_wconf 71' lang='lat' dir='ltr'><strong>rejici-</strong></span> 
     </span>
    </p>
   </div>
   <div class='ocr_carea' id='block_1_75' title="bbox 285 2177 1064 2214">
    <p class='ocr_par' dir='ltr' id='par_1_75' title="bbox 285 2177 1064 2214">
     <span class='ocr_line' id='line_1_75' title="bbox 285 2177 1064 2214; baseline 0 -10"><span class='ocrx_word' id='word_1_589' title='bbox 285 2184 339 2205; x_wconf 85' lang='lat' dir='ltr'><strong>tur.</strong></span> <span class='ocrx_word' id='word_1_590' title='bbox 354 2178 429 2205; x_wconf 83' lang='lat' dir='ltr'><strong>Mitto</strong></span> <span class='ocrx_word' id='word_1_591' title='bbox 449 2178 519 2205; x_wconf 91' lang='lat' dir='ltr'><strong>enim</strong></span> <span class='ocrx_word' id='word_1_592' title='bbox 534 2178 626 2205; x_wconf 88' lang='lat' dir='ltr'><strong>dicere</strong></span> <span class='ocrx_word' id='word_1_593' title='bbox 640 2183 770 2204; x_wconf 90' lang='lat' dir='ltr'><strong>terrorem</strong></span> <span class='ocrx_word' id='word_1_594' title='bbox 793 2183 873 2212; x_wconf 87' lang='lat' dir='ltr'><strong>atque</strong></span> <span class='ocrx_word' id='word_1_595' title='bbox 884 2177 964 2214; x_wconf 61' lang='grc'><strong>433</strong></span> <span class='ocrx_word' id='word_1_596' title='bbox 980 2178 1064 2211; x_wconf 88' lang='lat' dir='ltr'><strong>iram,</strong></span> 
     </span>
    </p>
   </div>
   <div class='ocr_carea' id='block_1_76' title="bbox 285 2223 1067 2258">
    <p class='ocr_par' dir='ltr' id='par_1_76' title="bbox 285 2223 1067 2258">
     <span class='ocr_line' id='line_1_76' title="bbox 285 2223 1067 2258; baseline -0.001 -7"><span class='ocrx_word' id='word_1_597' title='bbox 285 2232 361 2258; x_wconf 57' lang='lat' dir='ltr'><strong>cuius</strong></span> <span class='ocrx_word' id='word_1_598' title='bbox 375 2224 454 2250; x_wconf 67' lang='lat' dir='ltr'><strong>minae</strong></span> <span class='ocrx_word' id='word_1_599' title='bbox 471 2232 522 2251; x_wconf 90' lang='lat' dir='ltr'><strong>non</strong></span> <span class='ocrx_word' id='word_1_600' title='bbox 539 2224 565 2250; x_wconf 93' lang='lat' dir='ltr'><strong>in</strong></span> <span class='ocrx_word' id='word_1_601' title='bbox 589 2223 724 2256; x_wconf 90' lang='lat' dir='ltr'><strong>cultores,</strong></span> <span class='ocrx_word' id='word_1_602' title='bbox 749 2224 796 2250; x_wconf 88' lang='lat' dir='ltr'><strong>sed</strong></span> <span class='ocrx_word' id='word_1_603' title='bbox 818 2224 845 2250; x_wconf 91' lang='lat' dir='ltr'><strong>in</strong></span> <span class='ocrx_word' id='word_1_604' title='bbox 868 2228 1067 2258; x_wconf 89' lang='lat' dir='ltr'><strong>contemptores</strong></span> 
     </span>
    </p>
   </div>
   <div class='ocr_carea' id='block_1_77' title="bbox 284 2270 1066 2304">
    <p class='ocr_par' dir='ltr' id='par_1_77' title="bbox 284 2270 1066 2304">
     <span class='ocr_line' id='line_1_77' title="bbox 284 2270 1066 2304; baseline -0.001 -7"><span class='ocrx_word' id='word_1_605' title='bbox 284 2271 469 2297; x_wconf 90' lang='lat' dir='ltr'><strong>intenduntur.</strong></span> <span class='ocrx_word' id='word_1_606' title='bbox 485 2270 572 2304; x_wconf 84' lang='lat' dir='ltr'><strong>Atque</strong></span> <span class='ocrx_word' id='word_1_607' title='bbox 587 2270 644 2297; x_wconf 72' lang='lat' dir='ltr'><strong>lucc</strong></span> <span class='ocrx_word' id='word_1_608' title='bbox 657 2270 733 2297; x_wconf 84' lang='lat' dir='ltr'><strong>nobis</strong></span> <span class='ocrx_word' id='word_1_609' title='bbox 747 2270 780 2296; x_wconf 86' lang='lat' dir='ltr'><strong>ad</strong></span> <span class='ocrx_word' id='word_1_610' title='bbox 799 2277 848 2297; x_wconf 90' lang='lat' dir='ltr'><strong>vos</strong></span> <span class='ocrx_word' id='word_1_611' title='bbox 860 2270 990 2301; x_wconf 86' lang='lat' dir='ltr'><strong>breviter,</strong></span> <span class='ocrx_word' id='word_1_612' title='bbox 1014 2277 1066 2297; x_wconf 92' lang='lat' dir='ltr'><strong>non</strong></span> 
     </span>
    </p>
   </div>
   <div class='ocr_carea' id='block_1_78' title="bbox 285 2314 1065 2351">
    <p class='ocr_par' dir='ltr' id='par_1_78' title="bbox 285 2314 1065 2351">
     <span class='ocr_line' id='line_1_78' title="bbox 285 2314 1065 2351; baseline -0.003 -8"><span class='ocrx_word' id='word_1_613' title='bbox 285 2316 457 2351; x_wconf 86' lang='lat' dir='ltr'><strong>disputandi,</strong></span> <span class='ocrx_word' id='word_1_614' title='bbox 472 2316 520 2343; x_wconf 88' lang='lat' dir='ltr'><strong>sed</strong></span> <span class='ocrx_word' id='word_1_615' title='bbox 544 2316 657 2343; x_wconf 82' lang='lat' dir='ltr'><strong>docendi</strong></span> <span class='ocrx_word' id='word_1_616' title='bbox 677 2316 777 2348; x_wconf 87' lang='lat' dir='ltr'><strong>modo;</strong></span> <span class='ocrx_word' id='word_1_617' title='bbox 795 2323 848 2343; x_wconf 87' lang='lat' dir='ltr'><strong>non</strong></span> <span class='ocrx_word' id='word_1_618' title='bbox 878 2314 1065 2346; x_wconf 84' lang='lat' dir='ltr'><strong>Aristotelico,</strong></span> 
     </span>
    </p>
   </div>
   <div class='ocr_carea' id='block_1_79' title="bbox 285 2361 1064 2396">
    <p class='ocr_par' dir='ltr' id='par_1_79' title="bbox 285 2361 1064 2396">
     <span class='ocr_line' id='line_1_79' title="bbox 285 2361 1064 2396; baseline -0.003 -7"><span class='ocrx_word' id='word_1_619' title='bbox 285 2362 331 2389; x_wconf 84' lang='lat' dir='ltr'><strong>sed</strong></span> <span class='ocrx_word' id='word_1_620' title='bbox 349 2362 511 2395; x_wconf 80' lang='lat' dir='ltr'><strong>piscatorio;</strong></span> <span class='ocrx_word' id='word_1_621' title='bbox 535 2369 589 2388; x_wconf 89' lang='lat' dir='ltr'><strong>non</strong></span> <span class='ocrx_word' id='word_1_622' title='bbox 612 2361 733 2396; x_wconf 89' lang='lat' dir='ltr'><strong>improbe</strong></span> <span class='ocrx_word' id='word_1_623' title='bbox 752 2368 784 2388; x_wconf 90' lang='lat' dir='ltr'><strong>ac</strong></span> <span class='ocrx_word' id='word_1_624' title='bbox 805 2361 970 2388; x_wconf 88' lang='lat' dir='ltr'><strong>veteratorie</strong></span> <span class='ocrx_word' id='word_1_625' title='bbox 986 2383 992 2394; x_wconf 82' lang='lat'><strong>,</strong></span> <span class='ocrx_word' id='word_1_626' title='bbox 1018 2361 1064 2387; x_wconf 85' lang='lat' dir='ltr'><strong>sed</strong></span> 
     </span>
    </p>
   </div>
   <div class='ocr_carea' id='block_1_80' title="bbox 1148 1719 1897 1758">
    <p class='ocr_par' dir='ltr' id='par_1_80' title="bbox 1148 1719 1897 1758">
     <span class='ocr_line' id='line_1_80' title="bbox 1148 1719 1897 1758; baseline -0.003 -10"><span class='ocrx_word' id='word_1_627' title='bbox 1148 1721 1198 1749; x_wconf 90' lang='lat' dir='ltr'><strong>lB&#39;.</strong></span> <span class='ocrx_word' id='word_1_628' title='bbox 1215 1722 1300 1749; x_wconf 83' lang='grc' dir='ltr'>Τοῦτο</span> <span class='ocrx_word' id='word_1_629' title='bbox 1310 1723 1375 1758; x_wconf 81' lang='grc' dir='ltr'>ἡμῖν</span> <span class='ocrx_word' id='word_1_630' title='bbox 1391 1723 1420 1749; x_wconf 81' lang='grc' dir='ltr'>τὸ</span> <span class='ocrx_word' id='word_1_631' title='bbox 1435 1723 1505 1758; x_wconf 77' lang='grc' dir='ltr'>μέγα</span> <span class='ocrx_word' id='word_1_632' title='bbox 1517 1721 1666 1758; x_wconf 78' lang='grc' dir='ltr'>μυστήριον</span> <span class='ocrx_word' id='word_1_633' title='bbox 1680 1720 1819 1755; x_wconf 83' lang='grc' dir='ltr'>βούλεται·</span> <span class='ocrx_word' id='word_1_634' title='bbox 1835 1719 1897 1747; x_wconf 83' lang='grc' dir='ltr'><strong>τοῦ-</strong></span> 
     </span>
    </p>
   </div>
   <div class='ocr_carea' id='block_1_81' title="bbox 1114 1766 1900 1805">
    <p class='ocr_par' dir='ltr' id='par_1_81' title="bbox 1114 1766 1900 1805">
     <span class='ocr_line' id='line_1_81' title="bbox 1114 1766 1900 1805; baseline -0.001 -11"><span class='ocrx_word' id='word_1_635' title='bbox 1114 1776 1153 1800; x_wconf 86' lang='grc' dir='ltr'>το,</span> <span class='ocrx_word' id='word_1_636' title='bbox 1166 1769 1183 1804; x_wconf 81' lang='grc' dir='ltr'>ἡ</span> <span class='ocrx_word' id='word_1_637' title='bbox 1204 1769 1244 1800; x_wconf 80' lang='grc' dir='ltr'>είς</span> <span class='ocrx_word' id='word_1_638' title='bbox 1266 1769 1384 1805; x_wconf 78' lang='grc' dir='ltr'><strong>Πατέρα,</strong></span> <span class='ocrx_word' id='word_1_639' title='bbox 1407 1769 1454 1795; x_wconf 77' lang='grc' dir='ltr'>καὶ</span> <span class='ocrx_word' id='word_1_640' title='bbox 1475 1769 1548 1801; x_wconf 82' lang='grc' dir='ltr'>Υἱὸν,</span> <span class='ocrx_word' id='word_1_641' title='bbox 1564 1768 1610 1794; x_wconf 80' lang='grc' dir='ltr'><strong>καὶ</strong></span> <span class='ocrx_word' id='word_1_642' title='bbox 1624 1768 1698 1802; x_wconf 81' lang='grc' dir='ltr'>ἆγιον</span> <span class='ocrx_word' id='word_1_643' title='bbox 1712 1767 1832 1802; x_wconf 80' lang='grc' dir='ltr'><strong>Πνεῦμα,</strong></span> <span class='ocrx_word' id='word_1_644' title='bbox 1850 1766 1900 1794; x_wconf 75' lang='grc' dir='ltr'><strong>καὶ</strong></span> 
     </span>
    </p>
   </div>
   <div class='ocr_carea' id='block_1_82' title="bbox 1113 1814 1899 1850">
    <p class='ocr_par' dir='ltr' id='par_1_82' title="bbox 1113 1814 1899 1850">
     <span class='ocr_line' id='line_1_82' title="bbox 1113 1814 1899 1850; baseline -0.003 -10"><span class='ocrx_word' id='word_1_645' title='bbox 1113 1814 1144 1840; x_wconf 72' lang='grc' dir='ltr'>τὸ</span> <span class='ocrx_word' id='word_1_646' title='bbox 1170 1814 1257 1841; x_wconf 79' lang='grc' dir='ltr'>κοινὸν</span> <span class='ocrx_word' id='word_1_647' title='bbox 1278 1815 1372 1850; x_wconf 75' lang='grc' dir='ltr'>ὄνομα,</span> <span class='ocrx_word' id='word_1_648' title='bbox 1391 1815 1481 1846; x_wconf 81' lang='grc' dir='ltr'>πίστις</span> <span class='ocrx_word' id='word_1_649' title='bbox 1504 1815 1551 1842; x_wconf 81' lang='grc' dir='ltr'>καὶ</span> <span class='ocrx_word' id='word_1_650' title='bbox 1574 1815 1760 1848; x_wconf 70' lang='grc' dir='ltr'><strong>ἁναγέννησις,</strong></span> <span class='ocrx_word' id='word_1_651' title='bbox 1785 1814 1899 1848; x_wconf 74' lang='grc' dir='ltr'><strong>ἄρνησις</strong></span> 
     </span>
    </p>
   </div>
   <div class='ocr_carea' id='block_1_83' title="bbox 1114 1857 1900 1896">
    <p class='ocr_par' dir='ltr' id='par_1_83' title="bbox 1114 1857 1900 1896">
     <span class='ocr_line' id='line_1_83' title="bbox 1114 1857 1900 1896; baseline -0.003 -10"><span class='ocrx_word' id='word_1_652' title='bbox 1114 1860 1208 1892; x_wconf 78' lang='grc' dir='ltr'>ἁοεῖας</span> <span class='ocrx_word' id='word_1_653' title='bbox 1223 1860 1279 1896; x_wconf 65' lang='grc'>(27)</span> <span class='ocrx_word' id='word_1_654' title='bbox 1302 1861 1349 1887; x_wconf 73' lang='grc' dir='ltr'>καὶ</span> <span class='ocrx_word' id='word_1_655' title='bbox 1372 1860 1500 1896; x_wconf 80' lang='grc' dir='ltr'><strong>ὁμολογία</strong></span> <span class='ocrx_word' id='word_1_656' title='bbox 1530 1860 1662 1895; x_wconf 70' lang='grc' dir='ltr'>θεότητος,</span> <span class='ocrx_word' id='word_1_657' title='bbox 1693 1859 1777 1885; x_wconf 71' lang='grc' dir='ltr'>Τοῦτο</span> <span class='ocrx_word' id='word_1_658' title='bbox 1799 1858 1852 1894; x_wconf 75' lang='grc' dir='ltr'><strong>γὰρ</strong></span> <span class='ocrx_word' id='word_1_659' title='bbox 1867 1857 1900 1884; x_wconf 74' lang='grc' dir='ltr'>τὸ</span> 
     </span>
    </p>
   </div>
   <div class='ocr_carea' id='block_1_84' title="bbox 1115 1904 1901 1940">
    <p class='ocr_par' dir='ltr' id='par_1_84' title="bbox 1115 1904 1901 1940">
     <span class='ocr_line' id='line_1_84' title="bbox 1115 1904 1901 1940; baseline -0.001 -9"><span class='ocrx_word' id='word_1_660' title='bbox 1115 1905 1203 1931; x_wconf 81' lang='grc' dir='ltr'>κοινὸν</span> <span class='ocrx_word' id='word_1_661' title='bbox 1231 1906 1325 1940; x_wconf 83' lang='grc' dir='ltr'>ὖνομα.</span> <span class='ocrx_word' id='word_1_662' title='bbox 1341 1906 1422 1932; x_wconf 80' lang='grc' dir='ltr'>Ὥστε</span> <span class='ocrx_word' id='word_1_663' title='bbox 1445 1906 1475 1932; x_wconf 84' lang='grc' dir='ltr'>τὸ</span> <span class='ocrx_word' id='word_1_664' title='bbox 1496 1905 1638 1940; x_wconf 78' lang='grc' dir='ltr'>ἀτιμάζειν</span> <span class='ocrx_word' id='word_1_665' title='bbox 1658 1913 1685 1931; x_wconf 87' lang='grc' dir='ltr'><strong>τι</strong></span> <span class='ocrx_word' id='word_1_666' title='bbox 1705 1904 1758 1931; x_wconf 83' lang='grc' dir='ltr'><strong>τῶν</strong></span> <span class='ocrx_word' id='word_1_667' title='bbox 1781 1904 1864 1940; x_wconf 80' lang='grc' dir='ltr'>τριῶν</span> <span class='ocrx_word' id='word_1_668' title='bbox 1880 1904 1901 1940; x_wconf 72' lang='grc' dir='ltr'><strong>ἦ</strong></span> 
     </span>
    </p>
   </div>
   <div class='ocr_carea' id='block_1_85' title="bbox 1115 1949 1899 1987">
    <p class='ocr_par' dir='ltr' id='par_1_85' title="bbox 1115 1949 1899 1987">
     <span class='ocr_line' id='line_1_85' title="bbox 1115 1949 1899 1987; baseline -0.004 -9"><span class='ocrx_word' id='word_1_669' title='bbox 1115 1951 1250 1986; x_wconf 80' lang='grc' dir='ltr'>χωρίζειν,</span> <span class='ocrx_word' id='word_1_670' title='bbox 1266 1952 1407 1987; x_wconf 77' lang='grc' dir='ltr'>ἀτιμάζειν</span> <span class='ocrx_word' id='word_1_671' title='bbox 1425 1952 1482 1978; x_wconf 70' lang='grc' dir='ltr'>ἐστὶ</span> <span class='ocrx_word' id='word_1_672' title='bbox 1496 1951 1545 1986; x_wconf 82' lang='grc' dir='ltr'><strong>τὴν</strong></span> <span class='ocrx_word' id='word_1_673' title='bbox 1559 1951 1712 1986; x_wconf 78' lang='grc' dir='ltr'>ὁμολογίαν,</span> <span class='ocrx_word' id='word_1_674' title='bbox 1729 1950 1758 1976; x_wconf 72' lang='grc' dir='ltr'>τὸ</span> <span class='ocrx_word' id='word_1_675' title='bbox 1774 1950 1823 1985; x_wconf 82' lang='grc' dir='ltr'>μὲν</span> <span class='ocrx_word' id='word_1_676' title='bbox 1849 1949 1899 1985; x_wconf 81' lang='grc' dir='ltr'>τὴν</span> 
     </span>
    </p>
   </div>
   <div class='ocr_carea' id='block_1_86' title="bbox 1115 1994 1899 2031">
    <p class='ocr_par' dir='ltr' id='par_1_86' title="bbox 1115 1994 1899 2031">
     <span class='ocr_line' id='line_1_86' title="bbox 1115 1994 1899 2031; baseline -0.003 -9"><span class='ocrx_word' id='word_1_677' title='bbox 1115 1996 1301 2030; x_wconf 84' lang='grc' dir='ltr'><strong>ἀναγὲννησιν,</strong></span> <span class='ocrx_word' id='word_1_678' title='bbox 1321 1996 1352 2022; x_wconf 77' lang='grc' dir='ltr'>τὸ</span> <span class='ocrx_word' id='word_1_679' title='bbox 1364 1996 1392 2022; x_wconf 82' lang='grc' dir='ltr'><strong>δὲ</strong></span> <span class='ocrx_word' id='word_1_680' title='bbox 1411 1995 1459 2031; x_wconf 80' lang='grc' dir='ltr'>τὴν</span> <span class='ocrx_word' id='word_1_681' title='bbox 1474 1995 1585 2031; x_wconf 79' lang='grc' dir='ltr'>ῦεότητα</span> <span class='ocrx_word' id='word_1_682' title='bbox 1595 2004 1602 2011; x_wconf 93' lang='grc'><strong>·</strong></span> <span class='ocrx_word' id='word_1_683' title='bbox 1617 1996 1647 2021; x_wconf 84' lang='grc' dir='ltr'>τὸ</span> <span class='ocrx_word' id='word_1_684' title='bbox 1661 1995 1710 2030; x_wconf 77' lang='grc' dir='ltr'>μὲν</span> <span class='ocrx_word' id='word_1_685' title='bbox 1725 1995 1773 2030; x_wconf 80' lang='grc' dir='ltr'><strong>τὴν</strong></span> <span class='ocrx_word' id='word_1_686' title='bbox 1790 1994 1899 2025; x_wconf 85' lang='grc' dir='ltr'>θέωσιν,</span> 
     </span>
    </p>
   </div>
   <div class='ocr_carea' id='block_1_87' title="bbox 1115 2038 1901 2077">
    <p class='ocr_par' dir='ltr' id='par_1_87' title="bbox 1115 2038 1901 2077">
     <span class='ocr_line' id='line_1_87' title="bbox 1115 2038 1901 2077; baseline -0.001 -10"><span class='ocrx_word' id='word_1_687' title='bbox 1115 2041 1146 2068; x_wconf 73' lang='grc' dir='ltr'>τὸ</span> <span class='ocrx_word' id='word_1_688' title='bbox 1169 2041 1198 2067; x_wconf 72' lang='grc' dir='ltr'><strong>δὲ</strong></span> <span class='ocrx_word' id='word_1_689' title='bbox 1221 2041 1269 2076; x_wconf 84' lang='grc' dir='ltr'>τὴν</span> <span class='ocrx_word' id='word_1_690' title='bbox 1298 2042 1401 2069; x_wconf 76' lang='grc' dir='ltr'>ἐλπίδα.</span> <span class='ocrx_word' id='word_1_691' title='bbox 1437 2042 1531 2077; x_wconf 76' lang='grc' dir='ltr'>Ὁρᾶτε</span> <span class='ocrx_word' id='word_1_692' title='bbox 1555 2038 1598 2067; x_wconf 73' lang='grc' dir='ltr'><strong>οἷα</strong></span> <span class='ocrx_word' id='word_1_693' title='bbox 1622 2041 1761 2076; x_wconf 76' lang='grc' dir='ltr'>χαρίζεται</span> <span class='ocrx_word' id='word_1_694' title='bbox 1784 2041 1849 2075; x_wconf 85' lang='grc' dir='ltr'>ἡμῖν</span> <span class='ocrx_word' id='word_1_695' title='bbox 1869 2039 1901 2066; x_wconf 76' lang='grc' dir='ltr'>τὸ</span> 
     </span>
    </p>
   </div>
   <div class='ocr_carea' id='block_1_88' title="bbox 1116 2084 1899 2121">
    <p class='ocr_par' dir='ltr' id='par_1_88' title="bbox 1116 2084 1899 2121">
     <span class='ocr_line' id='line_1_88' title="bbox 1116 2084 1899 2121; baseline 0.001 -10"><span class='ocrx_word' id='word_1_696' title='bbox 1116 2085 1227 2121; x_wconf 83' lang='grc' dir='ltr'>Πνεῦμα</span> <span class='ocrx_word' id='word_1_697' title='bbox 1241 2085 1457 2120; x_wconf 74' lang='grc' dir='ltr'>θεολογοὺμενον,</span> <span class='ocrx_word' id='word_1_698' title='bbox 1476 2088 1522 2113; x_wconf 74' lang='grc' dir='ltr'>καὶ</span> <span class='ocrx_word' id='word_1_699' title='bbox 1538 2084 1581 2112; x_wconf 75' lang='grc' dir='ltr'><strong>οἷα</strong></span> <span class='ocrx_word' id='word_1_700' title='bbox 1596 2086 1690 2121; x_wconf 76' lang='grc' dir='ltr'>ζημιοῖ</span> <span class='ocrx_word' id='word_1_701' title='bbox 1707 2085 1899 2120; x_wconf 80' lang='grc' dir='ltr'>ἁθετούμενον.</span> 
     </span>
    </p>
   </div>
   <div class='ocr_carea' id='block_1_89' title="bbox 1123 2131 1900 2167">
    <p class='ocr_par' dir='ltr' id='par_1_89' title="bbox 1123 2131 1900 2167">
     <span class='ocr_line' id='line_1_89' title="bbox 1123 2131 1900 2167; baseline 0 -11"><span class='ocrx_word' id='word_1_702' title='bbox 1123 2131 1174 2156; x_wconf 89' lang='grc' dir='ltr'>Ἐῶ</span> <span class='ocrx_word' id='word_1_703' title='bbox 1191 2131 1246 2166; x_wconf 84' lang='grc' dir='ltr'><strong>γὰρ</strong></span> <span class='ocrx_word' id='word_1_704' title='bbox 1258 2131 1345 2166; x_wconf 74' lang='grc' dir='ltr'>λέγειν</span> <span class='ocrx_word' id='word_1_705' title='bbox 1360 2133 1404 2158; x_wconf 82' lang='grc' dir='ltr'>τὸν</span> <span class='ocrx_word' id='word_1_706' title='bbox 1421 2132 1512 2166; x_wconf 73' lang='grc' dir='ltr'>φόϐον,</span> <span class='ocrx_word' id='word_1_707' title='bbox 1529 2132 1576 2158; x_wconf 72' lang='grc' dir='ltr'><strong>καὶ</strong></span> <span class='ocrx_word' id='word_1_708' title='bbox 1589 2131 1638 2167; x_wconf 79' lang='grc' dir='ltr'><strong>τὴν</strong></span> <span class='ocrx_word' id='word_1_709' title='bbox 1651 2131 1836 2167; x_wconf 81' lang='grc' dir='ltr'>ὴπειλημένην</span> <span class='ocrx_word' id='word_1_710' title='bbox 1851 2132 1900 2167; x_wconf 87' lang='grc' dir='ltr'><strong>ὁρ-</strong></span> 
     </span>
    </p>
   </div>
   <div class='ocr_carea' id='block_1_90' title="bbox 1116 2175 1902 2213">
    <p class='ocr_par' dir='ltr' id='par_1_90' title="bbox 1116 2175 1902 2213">
     <span class='ocr_line' id='line_1_90' title="bbox 1116 2175 1902 2213; baseline 0.004 -12"><span class='ocrx_word' id='word_1_711' title='bbox 1116 2175 1177 2210; x_wconf 83' lang='grc' dir='ltr'>γὴν,</span> <span class='ocrx_word' id='word_1_712' title='bbox 1191 2177 1220 2202; x_wconf 82' lang='grc' dir='ltr'>οὐ</span> <span class='ocrx_word' id='word_1_713' title='bbox 1237 2177 1292 2208; x_wconf 84' lang='grc' dir='ltr'>τοῖς</span> <span class='ocrx_word' id='word_1_714' title='bbox 1307 2177 1431 2212; x_wconf 76' lang='grc' dir='ltr'>τιμῶσιν,</span> <span class='ocrx_word' id='word_1_715' title='bbox 1452 2177 1520 2203; x_wconf 69' lang='grc' dir='ltr'>ἀλλὰ</span> <span class='ocrx_word' id='word_1_716' title='bbox 1535 2179 1590 2209; x_wconf 79' lang='grc' dir='ltr'>τοῖς</span> <span class='ocrx_word' id='word_1_717' title='bbox 1608 2177 1792 2213; x_wconf 74' lang='grc' dir='ltr'>ἀτιμάζουσιν.</span> <span class='ocrx_word' id='word_1_718' title='bbox 1806 2178 1902 2204; x_wconf 80' lang='grc' dir='ltr'>Ταῦτα</span> 
     </span>
    </p>
   </div>
   <div class='ocr_carea' id='block_1_91' title="bbox 1117 2222 1902 2260">
    <p class='ocr_par' dir='ltr' id='par_1_91' title="bbox 1117 2222 1902 2260">
     <span class='ocr_line' id='line_1_91' title="bbox 1117 2222 1902 2260; baseline 0.005 -12"><span class='ocrx_word' id='word_1_719' title='bbox 1117 2222 1154 2254; x_wconf 83' lang='grc' dir='ltr'>ὡς</span> <span class='ocrx_word' id='word_1_720' title='bbox 1169 2224 1197 2249; x_wconf 83' lang='grc' dir='ltr'><strong>ὲν</strong></span> <span class='ocrx_word' id='word_1_721' title='bbox 1214 2222 1326 2258; x_wconf 83' lang='grc' dir='ltr'>βραχέσι</span> <span class='ocrx_word' id='word_1_722' title='bbox 1342 2224 1552 2259; x_wconf 67' lang='grc' dir='ltr'>πεφιλοσόφηται</span> <span class='ocrx_word' id='word_1_723' title='bbox 1568 2225 1635 2259; x_wconf 82' lang='grc' dir='ltr'>πρὸς</span> <span class='ocrx_word' id='word_1_724' title='bbox 1649 2225 1720 2259; x_wconf 71' lang='grc' dir='ltr'><strong>ὑμᾶς</strong></span> <span class='ocrx_word' id='word_1_725' title='bbox 1731 2224 1787 2259; x_wconf 70' lang='grc'>(28)</span> <span class='ocrx_word' id='word_1_726' title='bbox 1801 2224 1902 2260; x_wconf 82' lang='grc' dir='ltr'>δογμα-</span> 
     </span>
    </p>
   </div>
   <div class='ocr_carea' id='block_1_92' title="bbox 1116 2268 1902 2304">
    <p class='ocr_par' dir='ltr' id='par_1_92' title="bbox 1116 2268 1902 2304">
     <span class='ocr_line' id='line_1_92' title="bbox 1116 2268 1902 2304; baseline 0.004 -10"><span class='ocrx_word' id='word_1_727' title='bbox 1116 2268 1210 2300; x_wconf 84' lang='grc' dir='ltr'>τικῶς.</span> <span class='ocrx_word' id='word_1_728' title='bbox 1224 2269 1280 2295; x_wconf 74' lang='grc' dir='ltr'><strong>ἀλλ’</strong></span> <span class='ocrx_word' id='word_1_729' title='bbox 1297 2269 1346 2295; x_wconf 79' lang='grc' dir='ltr'><strong>οὐκ</strong></span> <span class='ocrx_word' id='word_1_730' title='bbox 1367 2270 1544 2304; x_wconf 77' lang='grc' dir='ltr'>ἁντιλογικῶς</span> <span class='ocrx_word' id='word_1_731' title='bbox 1556 2278 1562 2283; x_wconf 88' lang='grc'>·</span> <span class='ocrx_word' id='word_1_732' title='bbox 1581 2271 1751 2303; x_wconf 78' lang='grc' dir='ltr'>ἁλιευτικῶς,</span> <span class='ocrx_word' id='word_1_733' title='bbox 1777 2270 1834 2297; x_wconf 80' lang='grc' dir='ltr'><strong>ἀλλ’</strong></span> <span class='ocrx_word' id='word_1_734' title='bbox 1849 2272 1902 2298; x_wconf 75' lang='grc' dir='ltr'>οὐκ</span> 
     </span>
    </p>
   </div>
   <div class='ocr_carea' id='block_1_93' title="bbox 1123 2315 1902 2352">
    <p class='ocr_par' dir='ltr' id='par_1_93' title="bbox 1123 2315 1902 2352">
     <span class='ocr_line' id='line_1_93' title="bbox 1123 2315 1902 2352; baseline 0.001 -11"><span class='ocrx_word' id='word_1_735' title='bbox 1123 2315 1357 2350; x_wconf 79' lang='grc' dir='ltr'>Ἀριστοτελικῶς’</span> <span class='ocrx_word' id='word_1_736' title='bbox 1375 2317 1574 2350; x_wconf 82' lang='grc' dir='ltr'>πνευματικῶς,</span> <span class='ocrx_word' id='word_1_737' title='bbox 1588 2317 1645 2342; x_wconf 75' lang='grc' dir='ltr'><strong>ἀλλ’</strong></span> <span class='ocrx_word' id='word_1_738' title='bbox 1660 2317 1690 2343; x_wconf 79' lang='grc' dir='ltr'><strong>οὐ</strong></span> <span class='ocrx_word' id='word_1_739' title='bbox 1706 2325 1902 2352; x_wconf 81' lang='grc' dir='ltr'>κακοπραγμο-</span> 
     </span>
    </p>
   </div>
   <div class='ocr_carea' id='block_1_94' title="bbox 1117 2361 1901 2397">
    <p class='ocr_par' dir='ltr' id='par_1_94' title="bbox 1117 2361 1901 2397">
     <span class='ocr_line' id='line_1_94' title="bbox 1117 2361 1901 2397; baseline 0 -10"><span class='ocrx_word' id='word_1_740' title='bbox 1117 2361 1199 2392; x_wconf 85' lang='grc' dir='ltr'>νικῶς</span> <span class='ocrx_word' id='word_1_741' title='bbox 1209 2369 1215 2376; x_wconf 89' lang='grc'><strong>·</strong></span> <span class='ocrx_word' id='word_1_742' title='bbox 1242 2361 1485 2397; x_wconf 73' lang='grc' dir='ltr'>ἐκκλησιαστικῶς,</span> <span class='ocrx_word' id='word_1_743' title='bbox 1502 2362 1558 2388; x_wconf 76' lang='grc' dir='ltr'><strong>ἀλλ’</strong></span> <span class='ocrx_word' id='word_1_744' title='bbox 1570 2363 1620 2388; x_wconf 69' lang='grc' dir='ltr'>οὐκ</span> <span class='ocrx_word' id='word_1_745' title='bbox 1634 2363 1782 2397; x_wconf 55' lang='grc' dir='ltr'>ἀγοραίως</span> <span class='ocrx_word' id='word_1_746' title='bbox 1803 2362 1901 2396; x_wconf 68' lang='grc' dir='ltr'>ὠφελί-</span> 
     </span>
    </p>
   </div>
   <div class='ocr_carea' id='block_1_95' title="bbox 285 2398 1059 2443">
    <p class='ocr_par' dir='ltr' id='par_1_95' title="bbox 285 2406 1059 2441">
     <span class='ocr_line' id='line_1_95' title="bbox 285 2406 1059 2441; baseline -0.003 -7"><span class='ocrx_word' id='word_1_747' title='bbox 285 2407 477 2441; x_wconf 82' lang='lat' dir='ltr'><strong>spiritualiter;</strong></span> <span class='ocrx_word' id='word_1_748' title='bbox 494 2414 547 2434; x_wconf 89' lang='lat' dir='ltr'><strong>non</strong></span> <span class='ocrx_word' id='word_1_749' title='bbox 563 2406 778 2434; x_wconf 76' lang='lat' dir='ltr'><strong>circumforaneo</strong></span> <span class='ocrx_word' id='word_1_750' title='bbox 790 2426 798 2439; x_wconf 88' lang='lat'><strong>,</strong></span> <span class='ocrx_word' id='word_1_751' title='bbox 816 2406 864 2434; x_wconf 88' lang='lat' dir='ltr'><strong>sed</strong></span> <span class='ocrx_word' id='word_1_752' title='bbox 888 2406 1059 2434; x_wconf 89' lang='lat' dir='ltr'><strong>concionato-</strong></span> 
     </span>
    </p>
   </div>
   <div class='ocr_carea' id='block_1_96' title="bbox 1110 2398 1901 2443">
    <p class='ocr_par' dir='ltr' id='par_1_96' title="bbox 1121 2407 1901 2443">
     <span class='ocr_line' id='line_1_96' title="bbox 1121 2407 1901 2443; baseline 0.001 -10"><span class='ocrx_word' id='word_1_753' title='bbox 1121 2416 1188 2442; x_wconf 79' lang='grc' dir='ltr'>μως,</span> <span class='ocrx_word' id='word_1_754' title='bbox 1201 2407 1258 2434; x_wconf 83' lang='grc' dir='ltr'><strong>ἀλλ’</strong></span> <span class='ocrx_word' id='word_1_755' title='bbox 1275 2408 1324 2434; x_wconf 84' lang='grc' dir='ltr'><strong>οὐκ</strong></span> <span class='ocrx_word' id='word_1_756' title='bbox 1342 2407 1529 2439; x_wconf 73' lang='grc' dir='ltr'>ἐπιδεικτικῶς</span> <span class='ocrx_word' id='word_1_757' title='bbox 1540 2415 1546 2422; x_wconf 89' lang='grc'><strong><em>“</em></strong></span> <span class='ocrx_word' id='word_1_758' title='bbox 1562 2408 1604 2434; x_wconf 79' lang='grc' dir='ltr'><strong>ἵνα</strong></span> <span class='ocrx_word' id='word_1_759' title='bbox 1617 2408 1702 2442; x_wconf 81' lang='grc' dir='ltr'>γνῶτε</span> <span class='ocrx_word' id='word_1_760' title='bbox 1713 2409 1743 2434; x_wconf 82' lang='grc' dir='ltr'><strong>τὸ</strong></span> <span class='ocrx_word' id='word_1_761' title='bbox 1756 2408 1821 2435; x_wconf 77' lang='grc' dir='ltr'>αὐτὸ</span> <span class='ocrx_word' id='word_1_762' title='bbox 1835 2417 1901 2443; x_wconf 77' lang='grc' dir='ltr'>φρο-</span> 
     </span>
    </p>
   </div>
   <div class='ocr_carea' id='block_1_97' title="bbox 285 2452 1066 2485">
    <p class='ocr_par' dir='ltr' id='par_1_97' title="bbox 285 2452 1066 2485">
     <span class='ocr_line' id='line_1_97' title="bbox 285 2452 1066 2485; baseline -0.001 -5"><span class='ocrx_word' id='word_1_763' title='bbox 285 2454 324 2480; x_wconf 93' lang='lat' dir='ltr'><strong>rie</strong></span> <span class='ocrx_word' id='word_1_764' title='bbox 337 2458 363 2481; x_wconf 89' lang='lat' dir='ltr'><strong>et</strong></span> <span class='ocrx_word' id='word_1_765' title='bbox 377 2453 574 2485; x_wconf 75' lang='lat' dir='ltr'><strong>ecclesiastica;</strong></span> <span class='ocrx_word' id='word_1_766' title='bbox 595 2460 647 2481; x_wconf 93' lang='lat' dir='ltr'><strong>non</strong></span> <span class='ocrx_word' id='word_1_767' title='bbox 666 2453 698 2480; x_wconf 91' lang='lat' dir='ltr'><strong>ad</strong></span> <span class='ocrx_word' id='word_1_768' title='bbox 715 2453 922 2481; x_wconf 86' lang='lat' dir='ltr'><strong>ostentationem</strong></span> <span class='ocrx_word' id='word_1_769' title='bbox 932 2473 939 2485; x_wconf 93' lang='lat'><strong>,</strong></span> <span class='ocrx_word' id='word_1_770' title='bbox 953 2452 1000 2479; x_wconf 89' lang='lat' dir='ltr'><strong>sed</strong></span> <span class='ocrx_word' id='word_1_771' title='bbox 1013 2453 1066 2480; x_wconf 89' lang='lat' dir='ltr'><strong>uti-</strong></span> 
     </span>
    </p>
   </div>
   <div class='ocr_carea' id='block_1_98' title="bbox 321 2521 1065 2559">
    <p class='ocr_par' dir='ltr' id='par_1_98' title="bbox 321 2521 1065 2559">
     <span class='ocr_line' id='line_1_98' title="bbox 321 2521 1065 2559; baseline -0.004 -9"><span class='ocrx_word' id='word_1_772' title='bbox 321 2523 375 2559; x_wconf 72' lang='grc'>(21)</span> <span class='ocrx_word' id='word_1_773' title='bbox 397 2523 510 2550; x_wconf 77' lang='grc' dir='ltr'>Οῡποτε</span> <span class='ocrx_word' id='word_1_774' title='bbox 522 2523 699 2559; x_wconf 75' lang='grc' dir='ltr'>λείποι-σαν,</span> <span class='ocrx_word' id='word_1_775' title='bbox 732 2527 784 2549; x_wconf 86' lang='lat' dir='ltr'><strong>etc.</strong></span> <span class='ocrx_word' id='word_1_776' title='bbox 811 2531 820 2547; x_wconf 71' lang='grc' dir='ltr'><strong>ι</strong></span> <span class='ocrx_word' id='word_1_777' title='bbox 843 2521 907 2555; x_wconf 62' lang='lat' dir='ltr'><strong>Quae</strong></span> <span class='ocrx_word' id='word_1_778' title='bbox 927 2521 978 2548; x_wconf 86' lang='lat' dir='ltr'><strong>sibi</strong></span> <span class='ocrx_word' id='word_1_779' title='bbox 995 2528 1065 2547; x_wconf 87' lang='lat' dir='ltr'><strong>nun-</strong></span> 
     </span>
    </p>
   </div>
   <div class='ocr_carea' id='block_1_99' title="bbox 285 2558 774 2593">
    <p class='ocr_par' dir='ltr' id='par_1_99' title="bbox 285 2558 774 2593">
     <span class='ocr_line' id='line_1_99' title="bbox 285 2558 774 2593; baseline -0.006 -8"><span class='ocrx_word' id='word_1_780' title='bbox 285 2558 370 2593; x_wconf 79' lang='lat' dir='ltr'><strong>quam</strong></span> <span class='ocrx_word' id='word_1_781' title='bbox 384 2559 476 2589; x_wconf 87' lang='lat' dir='ltr'><strong>defuit,</strong></span> <span class='ocrx_word' id='word_1_782' title='bbox 494 2565 542 2584; x_wconf 87' lang='lat' dir='ltr'><strong>nec</strong></span> <span class='ocrx_word' id='word_1_783' title='bbox 557 2558 681 2593; x_wconf 73' lang='lat' dir='ltr'><strong>defutura</strong></span> <span class='ocrx_word' id='word_1_784' title='bbox 692 2562 744 2593; x_wconf 61' lang='lat' dir='ltr'><strong>est.</strong></span> <span class='ocrx_word' id='word_1_785' title='bbox 766 2567 774 2582; x_wconf 85' lang='lat' dir='ltr'><strong>I</strong></span> 
     </span>
    </p>
   </div>
   <div class='ocr_carea' id='block_1_100' title="bbox 321 2590 1066 2629">
    <p class='ocr_par' dir='ltr' id='par_1_100' title="bbox 321 2590 1066 2629">
     <span class='ocr_line' id='line_1_100' title="bbox 321 2590 1066 2629; baseline -0.004 -9"><span class='ocrx_word' id='word_1_786' title='bbox 321 2593 376 2629; x_wconf 73' lang='grc'>(22)</span> <span class='ocrx_word' id='word_1_787' title='bbox 391 2593 650 2629; x_wconf 51' lang='lat' dir='ltr'><strong>[fatalem-operata</strong></span> <span class='ocrx_word' id='word_1_788' title='bbox 666 2592 715 2629; x_wconf 59' lang='lat' dir='ltr'><strong>Sic</strong></span> <span class='ocrx_word' id='word_1_789' title='bbox 727 2591 792 2629; x_wconf 67' lang='lat' dir='ltr'><strong>Reg.</strong></span> <span class='ocrx_word' id='word_1_790' title='bbox 809 2591 855 2629; x_wconf 71' lang='lat' dir='ltr'><strong>hu,</strong></span> <span class='ocrx_word' id='word_1_791' title='bbox 869 2595 896 2629; x_wconf 84' lang='lat' dir='ltr'><strong>e_t</strong></span> <span class='ocrx_word' id='word_1_792' title='bbox 917 2590 963 2618; x_wconf 91' lang='lat' dir='ltr'><strong>0r.</strong></span> <span class='ocrx_word' id='word_1_793' title='bbox 980 2591 1007 2617; x_wconf 81' lang='grc'><strong>1.</strong></span> <span class='ocrx_word' id='word_1_794' title='bbox 1021 2590 1066 2617; x_wconf 89' lang='lat' dir='ltr'><strong>Sic</strong></span> 
     </span>
    </p>
   </div>
   <div class='ocr_carea' id='block_1_101' title="bbox 285 2626 1002 2663">
    <p class='ocr_par' dir='ltr' id='par_1_101' title="bbox 285 2626 1002 2663">
     <span class='ocr_line' id='line_1_101' title="bbox 285 2626 1002 2663; baseline -0.006 -8"><span class='ocrx_word' id='word_1_795' title='bbox 285 2626 349 2663; x_wconf 63' lang='lat' dir='ltr'><strong>legit.</strong></span> <span class='ocrx_word' id='word_1_796' title='bbox 362 2626 389 2655; x_wconf 81' lang='lat' dir='ltr'><strong>et</strong></span> <span class='ocrx_word' id='word_1_797' title='bbox 404 2629 536 2662; x_wconf 83' lang='lat' dir='ltr'><strong>expressit</strong></span> <span class='ocrx_word' id='word_1_798' title='bbox 550 2627 695 2663; x_wconf 17' lang='lat' dir='ltr'><strong>Billiiustlrn</strong></span> <span class='ocrx_word' id='word_1_799' title='bbox 707 2626 1002 2663; x_wconf 21' lang='lat' dir='ltr'><strong>etl.,rxara.)telnou§aw.</strong></span> 
     </span>
    </p>
   </div>
   <div class='ocr_carea' id='block_1_102' title="bbox 321 2659 1064 2698">
    <p class='ocr_par' dir='ltr' id='par_1_102' title="bbox 321 2659 1064 2698">
     <span class='ocr_line' id='line_1_102' title="bbox 321 2659 1064 2698; baseline -0.005 -8"><span class='ocrx_word' id='word_1_800' title='bbox 321 2663 377 2698; x_wconf 72' lang='lat'><strong>(25)</strong></span> <span class='ocrx_word' id='word_1_801' title='bbox 390 2659 634 2698; x_wconf 19' lang='lat' dir='ltr'><strong>VMs-talnntmﬁg.</strong></span> <span class='ocrx_word' id='word_1_802' title='bbox 648 2662 698 2698; x_wconf 17' lang='lat' dir='ltr'><strong>Sic,</strong></span> <span class='ocrx_word' id='word_1_803' title='bbox 708 2662 828 2698; x_wconf 71' lang='lat' dir='ltr'><strong>plerique</strong></span> <span class='ocrx_word' id='word_1_804' title='bbox 838 2662 915 2698; x_wconf 79' lang='lat' dir='ltr'><strong>codd.</strong></span> <span class='ocrx_word' id='word_1_805' title='bbox 938 2661 1002 2694; x_wconf 74' lang='lat' dir='ltr'><strong>Reg.</strong></span> <span class='ocrx_word' id='word_1_806' title='bbox 1017 2659 1064 2698; x_wconf 66' lang='lat' dir='ltr'><strong>itu,</strong></span> 
     </span>
    </p>
   </div>
   <div class='ocr_carea' id='block_1_103' title="bbox 285 2695 1066 2732">
    <p class='ocr_par' dir='ltr' id='par_1_103' title="bbox 285 2695 1066 2732">
     <span class='ocr_line' id='line_1_103' title="bbox 285 2695 1066 2732; baseline -0.005 -8"><span class='ocrx_word' id='word_1_807' title='bbox 285 2695 410 2731; x_wconf 41' lang='lat' dir='ltr'><strong>Coislii,</strong></span> <span class='ocrx_word' id='word_1_808' title='bbox 432 2697 478 2726; x_wconf 91' lang='lat' dir='ltr'><strong>Or.</strong></span> <span class='ocrx_word' id='word_1_809' title='bbox 497 2695 523 2730; x_wconf 39' lang='lat' dir='ltr'><strong>l&#39;,</strong></span> <span class='ocrx_word' id='word_1_810' title='bbox 549 2697 730 2732; x_wconf 81' lang='grc' dir='ltr'>μεταληπτῆς.</span> <span class='ocrx_word' id='word_1_811' title='bbox 749 2696 777 2722; x_wconf 86' lang='lat' dir='ltr'><strong>ln</strong></span> <span class='ocrx_word' id='word_1_812' title='bbox 792 2697 854 2723; x_wconf 81' lang='lat' dir='ltr'><strong>Par.</strong></span> <span class='ocrx_word' id='word_1_813' title='bbox 870 2696 926 2728; x_wconf 86' lang='lat' dir='ltr'><strong>ed.,</strong></span> <span class='ocrx_word' id='word_1_814' title='bbox 949 2695 1066 2730; x_wconf 83' lang='grc' dir='ltr'>μεταλυ-</span> 
     </span>
    </p>
   </div>
   <div class='ocr_carea' id='block_1_104' title="bbox 286 2706 574 2768">
    <p class='ocr_par' dir='ltr' id='par_1_104' title="bbox 286 2706 574 2768">
     <span class='ocr_line' id='line_1_104' title="bbox 286 2706 574 2731; baseline -0.007 -7"><span class='ocrx_word' id='word_1_815' title='bbox 286 2706 368 2725; x_wconf 74' lang='grc' dir='ltr'>ιιοιει.</span> <span class='ocrx_word' id='word_1_816' title='bbox 383 2706 410 2731; x_wconf 80' lang='lat' dir='ltr'><strong>z,</strong></span> <span class='ocrx_word' id='word_1_817' title='bbox 432 2706 478 2726; x_wconf 87' lang='lat' dir='ltr'><strong>ur.</strong></span> <span class='ocrx_word' id='word_1_818' title='bbox 497 2706 523 2730; x_wconf 75' lang='grc' dir='ltr'><strong>ιι,</strong></span> <span class='ocrx_word' id='word_1_819' title='bbox 570 2707 574 2722; x_wconf 76' lang='grc' dir='ltr'><strong>ι</strong></span> 
     </span>
     <span class='ocr_line' id='line_1_105' title="bbox 286 2706 574 2768; baseline -0.003 -9"><span class='ocrx_word' id='word_1_820' title='bbox 286 2733 396 2768; x_wconf 68' lang='grc' dir='ltr'>σιτικῆς,</span> <span class='ocrx_word' id='word_1_821' title='bbox 413 2706 574 2768; x_wconf 52' lang='grc' dir='ltr'><strong>[ωεηᾱοεθῗ.</strong></span> 
     </span>
    </p>
   </div>
   <div class='ocr_carea' id='block_1_105' title="bbox 286 2764 1066 2828">
    <p class='ocr_par' dir='ltr' id='par_1_105' title="bbox 286 2764 1066 2828">
     <span class='ocr_line' id='line_1_106' title="bbox 286 2764 1066 2828; baseline -0.006 -33"><span class='ocrx_word' id='word_1_822' title='bbox 286 2764 435 2828; x_wconf 74' lang='grc' dir='ltr'><strong>Τὸ</strong></span> <span class='ocrx_word' id='word_1_823' title='bbox 453 2764 624 2794; x_wconf 73' lang='grc' dir='ltr'>δουλεῦσαι.</span> <span class='ocrx_word' id='word_1_824' title='bbox 640 2767 704 2802; x_wconf 80' lang='lat' dir='ltr'><strong>Reg.</strong></span> <span class='ocrx_word' id='word_1_825' title='bbox 722 2767 770 2799; x_wconf 84' lang='lat' dir='ltr'><strong>hu,</strong></span> <span class='ocrx_word' id='word_1_826' title='bbox 786 2771 813 2794; x_wconf 89' lang='lat' dir='ltr'><strong>et</strong></span> <span class='ocrx_word' id='word_1_827' title='bbox 836 2765 882 2793; x_wconf 86' lang='lat' dir='ltr'><strong>0r.</strong></span> <span class='ocrx_word' id='word_1_828' title='bbox 902 2766 927 2798; x_wconf 78' lang='lat' dir='ltr'><strong>l,</strong></span> <span class='ocrx_word' id='word_1_829' title='bbox 946 2764 985 2800; x_wconf 87' lang='grc' dir='ltr'>τῷ</span> <span class='ocrx_word' id='word_1_830' title='bbox 1006 2764 1066 2791; x_wconf 83' lang='grc' dir='ltr'><strong>δου-</strong></span> 
     </span>
    </p>
   </div>
   <div class='ocr_carea' id='block_1_106' title="bbox 318 2811 389 2829">
    <p class='ocr_par' dir='ltr' id='par_1_106' title="bbox 318 2811 389 2829">
     <span class='ocr_line' id='line_1_107' title="bbox 318 2811 389 2829; baseline 0 -1"><span class='ocrx_word' id='word_1_831' title='bbox 318 2811 389 2829; x_wconf 77' lang='grc' dir='ltr'>υσαι.</span> 
     </span>
    </p>
   </div>
   <div class='ocr_carea' id='block_1_107' title="bbox 305 2835 1067 2898">
    <p class='ocr_par' dir='ltr' id='par_1_107' title="bbox 305 2835 1067 2898">
     <span class='ocr_line' id='line_1_108' title="bbox 305 2835 1067 2898; baseline -0.004 -33"><span class='ocrx_word' id='word_1_832' title='bbox 305 2838 379 2898; x_wconf 42' lang='lat' dir='ltr'><strong>data?)</strong></span> <span class='ocrx_word' id='word_1_833' title='bbox 396 2837 450 2865; x_wconf 57' lang='lat' dir='ltr'><strong>Kat</strong></span> <span class='ocrx_word' id='word_1_834' title='bbox 477 2838 497 2871; x_wconf 70' lang='grc' dir='ltr'>ἡ</span> <span class='ocrx_word' id='word_1_835' title='bbox 509 2838 662 2870; x_wconf 75' lang='grc' dir='ltr'>βασιλεία.</span> <span class='ocrx_word' id='word_1_836' title='bbox 681 2837 726 2866; x_wconf 89' lang='lat' dir='ltr'><strong>Sic</strong></span> <span class='ocrx_word' id='word_1_837' title='bbox 751 2837 815 2872; x_wconf 76' lang='lat' dir='ltr'><strong>Reg.</strong></span> <span class='ocrx_word' id='word_1_838' title='bbox 839 2837 884 2864; x_wconf 85' lang='lat' dir='ltr'><strong>bu.</strong></span> <span class='ocrx_word' id='word_1_839' title='bbox 903 2836 983 2864; x_wconf 83' lang='lat' dir='ltr'><strong>Deest</strong></span> <span class='ocrx_word' id='word_1_840' title='bbox 1006 2836 1022 2870; x_wconf 89' lang='grc' dir='ltr'>ὴ</span> <span class='ocrx_word' id='word_1_841' title='bbox 1040 2835 1067 2862; x_wconf 93' lang='lat' dir='ltr'><strong>in</strong></span> 
     </span>
    </p>
   </div>
   <div class='ocr_carea' id='block_1_108' title="bbox 288 2876 354 2901">
    <p class='ocr_par' dir='ltr' id='par_1_108' title="bbox 288 2876 354 2901">
     <span class='ocr_line' id='line_1_109' title="bbox 288 2876 354 2901; baseline 0 -2"><span class='ocrx_word' id='word_1_842' title='bbox 288 2876 354 2901; x_wconf 70' lang='grc' dir='ltr'>εαιι.</span> 
     </span>
    </p>
   </div>
   <div class='ocr_carea' id='block_1_109' title="bbox 1119 2452 1901 2488">
    <p class='ocr_par' dir='ltr' id='par_1_109' title="bbox 1119 2452 1901 2488">
     <span class='ocr_line' id='line_1_110' title="bbox 1119 2452 1901 2488; baseline 0.001 -10"><span class='ocrx_word' id='word_1_843' title='bbox 1119 2452 1230 2484; x_wconf 79' lang='grc' dir='ltr'>νοῦντας</span> <span class='ocrx_word' id='word_1_844' title='bbox 1243 2453 1326 2488; x_wconf 80' lang='grc' dir='ltr'>ἡμᾶς,</span> <span class='ocrx_word' id='word_1_845' title='bbox 1338 2453 1362 2479; x_wconf 76' lang='grc' dir='ltr'>οἱ</span> <span class='ocrx_word' id='word_1_846' title='bbox 1378 2452 1437 2478; x_wconf 85' lang='grc' dir='ltr'>καθ’</span> <span class='ocrx_word' id='word_1_847' title='bbox 1454 2452 1531 2487; x_wconf 84' lang='grc' dir='ltr'>ἡμῶν</span> <span class='ocrx_word' id='word_1_848' title='bbox 1545 2452 1772 2488; x_wconf 77' lang='grc' dir='ltr'>δημηγοροῦντες,</span> <span class='ocrx_word' id='word_1_849' title='bbox 1785 2453 1832 2479; x_wconf 73' lang='grc' dir='ltr'>καὶ</span> <span class='ocrx_word' id='word_1_850' title='bbox 1848 2461 1901 2479; x_wconf 78' lang='grc' dir='ltr'>πα-</span> 
     </span>
    </p>
   </div>
   <div class='ocr_carea' id='block_1_110' title="bbox 1149 2516 1902 2555">
    <p class='ocr_par' dir='ltr' id='par_1_110' title="bbox 1149 2516 1902 2555">
     <span class='ocr_line' id='line_1_111' title="bbox 1149 2516 1902 2555; baseline -0.005 -8"><span class='ocrx_word' id='word_1_851' title='bbox 1149 2520 1204 2555; x_wconf 74' lang='grc'>(26)</span> <span class='ocrx_word' id='word_1_852' title='bbox 1223 2520 1255 2546; x_wconf 86' lang='lat' dir='ltr'><strong>El</strong></span> <span class='ocrx_word' id='word_1_853' title='bbox 1269 2520 1301 2547; x_wconf 82' lang='grc' dir='ltr'>τὸ</span> <span class='ocrx_word' id='word_1_854' title='bbox 1319 2519 1428 2555; x_wconf 70' lang='grc' dir='ltr'><strong>γνῶναι</strong></span> <span class='ocrx_word' id='word_1_855' title='bbox 1448 2518 1707 2555; x_wconf 35' lang='grc' dir='ltr'>μακαριότηςμοιε.</span> <span class='ocrx_word' id='word_1_856' title='bbox 1721 2516 1902 2555; x_wconf 64' lang='grc' dir='ltr'><strong>ᾼίιυᾱὶιϐτοο</strong></span> 
     </span>
    </p>
   </div>
   <div class='ocr_carea' id='block_1_111' title="bbox 1114 2552 1901 2590">
    <p class='ocr_par' dir='ltr' id='par_1_111' title="bbox 1114 2552 1901 2590">
     <span class='ocr_line' id='line_1_112' title="bbox 1114 2552 1901 2590; baseline -0.006 -9"><span class='ocrx_word' id='word_1_857' title='bbox 1114 2552 1205 2590; x_wconf 68' lang='lat' dir='ltr'><strong>got-ius</strong></span> <span class='ocrx_word' id='word_1_858' title='bbox 1219 2556 1251 2581; x_wconf 87' lang='lat' dir='ltr'><strong>atl</strong></span> <span class='ocrx_word' id='word_1_859' title='bbox 1265 2552 1542 2582; x_wconf 22' lang='lat' dir='ltr'><strong>limc&#39;Joannisvverb’a</strong></span> <span class='ocrx_word' id='word_1_860' title='bbox 1562 2561 1627 2584; x_wconf 81' lang='lat' dir='ltr'><strong>xm,</strong></span> <span class='ocrx_word' id='word_1_861' title='bbox 1643 2553 1660 2580; x_wconf 71' lang='grc' dir='ltr'>ὅ</span> <span class='ocrx_word' id='word_1_862' title='bbox 1673 2561 1708 2590; x_wconf 49' lang='lat' dir='ltr'><strong>at</strong></span> <span class='ocrx_word' id='word_1_863' title='bbox 1727 2552 1788 2590; x_wconf 70' lang='lat' dir='ltr'><strong>“th</strong></span> <span class='ocrx_word' id='word_1_864' title='bbox 1796 2558 1837 2579; x_wconf 88' lang='lat' dir='ltr'><strong>est</strong></span> <span class='ocrx_word' id='word_1_865' title='bbox 1851 2560 1901 2578; x_wconf 87' lang='lat' dir='ltr'><strong>an-</strong></span> 
     </span>
    </p>
   </div>
   <div class='ocr_carea' id='block_1_112' title="bbox 1116 2587 1926 2622">
    <p class='ocr_par' dir='ltr' id='par_1_112' title="bbox 1116 2587 1926 2622">
     <span class='ocr_line' id='line_1_113' title="bbox 1116 2587 1926 2622; baseline -0.006 -4"><span class='ocrx_word' id='word_1_866' title='bbox 1116 2587 1169 2618; x_wconf 62' lang='lat' dir='ltr'><strong>iem</strong></span> <span class='ocrx_word' id='word_1_867' title='bbox 1185 2591 1236 2616; x_wconf 86' lang='lat' dir='ltr'><strong>vita</strong></span> <span class='ocrx_word' id='word_1_868' title='bbox 1252 2595 1363 2622; x_wconf 61' lang='lat' dir='ltr'><strong>aeterna,</strong></span> <span class='ocrx_word' id='word_1_869' title='bbox 1380 2595 1409 2617; x_wconf 89' lang='lat' dir='ltr'><strong>ut</strong></span> <span class='ocrx_word' id='word_1_870' title='bbox 1420 2594 1584 2622; x_wconf 67' lang='lat' dir='ltr'><strong>cognoscant</strong></span> <span class='ocrx_word' id='word_1_871' title='bbox 1607 2593 1632 2615; x_wconf 87' lang='lat' dir='ltr'><strong>te</strong></span> <span class='ocrx_word' id='word_1_872' title='bbox 1654 2587 1739 2614; x_wconf 89' lang='lat' dir='ltr'><strong>solum</strong></span> <span class='ocrx_word' id='word_1_873' title='bbox 1758 2587 1840 2613; x_wconf 86' lang='lat' dir='ltr'><strong>Deum</strong></span> <span class='ocrx_word' id='word_1_874' title='bbox 1857 2594 1903 2613; x_wconf 74' lang='grc' dir='ltr'><strong>νο-</strong></span> <span class='ocrx_word' id='word_1_875' title='bbox 1920 2596 1926 2606; x_wconf 74' lang='grc' dir='ltr'><strong>ι</strong></span> 
     </span>
    </p>
   </div>
   <div class='ocr_carea' id='block_1_113' title="bbox 1114 2622 1901 2659">
    <p class='ocr_par' dir='ltr' id='par_1_113' title="bbox 1114 2622 1901 2659">
     <span class='ocr_line' id='line_1_114' title="bbox 1114 2622 1901 2659; baseline -0.005 -8"><span class='ocrx_word' id='word_1_876' title='bbox 1114 2633 1192 2657; x_wconf 90' lang='lat' dir='ltr'><strong>rum,</strong></span> <span class='ocrx_word' id='word_1_877' title='bbox 1213 2630 1241 2651; x_wconf 88' lang='lat' dir='ltr'><strong>et</strong></span> <span class='ocrx_word' id='word_1_878' title='bbox 1267 2632 1346 2659; x_wconf 89' lang='lat' dir='ltr'><strong>quem</strong></span> <span class='ocrx_word' id='word_1_879' title='bbox 1370 2625 1465 2652; x_wconf 84' lang='lat' dir='ltr'><strong>misisti</strong></span> <span class='ocrx_word' id='word_1_880' title='bbox 1490 2624 1579 2652; x_wconf 84' lang='lat' dir='ltr'><strong>Jesum</strong></span> <span class='ocrx_word' id='word_1_881' title='bbox 1601 2623 1749 2659; x_wconf 63' lang='lat' dir='ltr'><strong>Christum,</strong></span> <span class='ocrx_word' id='word_1_882' title='bbox 1772 2631 1781 2647; x_wconf 72' lang='grc' dir='ltr'><strong>ι</strong></span> <span class='ocrx_word' id='word_1_883' title='bbox 1797 2622 1824 2648; x_wconf 94' lang='lat' dir='ltr'><strong>in</strong></span> <span class='ocrx_word' id='word_1_884' title='bbox 1847 2629 1901 2659; x_wconf 73' lang='lat' dir='ltr'><strong>qua</strong></span> 
     </span>
    </p>
   </div>
   <div class='ocr_carea' id='block_1_114' title="bbox 1114 2657 1901 2694">
    <p class='ocr_par' dir='ltr' id='par_1_114' title="bbox 1114 2657 1901 2694">
     <span class='ocr_line' id='line_1_115' title="bbox 1114 2657 1901 2694; baseline -0.005 -8"><span class='ocrx_word' id='word_1_885' title='bbox 1114 2657 1282 2694; x_wconf 69' lang='lat' dir='ltr'><strong>cognitione</strong></span> <span class='ocrx_word' id='word_1_886' title='bbox 1295 2659 1418 2686; x_wconf 84' lang='lat' dir='ltr'><strong>consistit</strong></span> <span class='ocrx_word' id='word_1_887' title='bbox 1443 2665 1515 2687; x_wconf 89' lang='lat' dir='ltr'><strong>certe</strong></span> <span class='ocrx_word' id='word_1_888' title='bbox 1542 2666 1605 2685; x_wconf 80' lang='lat' dir='ltr'><strong>vera</strong></span> <span class='ocrx_word' id='word_1_889' title='bbox 1626 2657 1772 2689; x_wconf 83' lang='lat' dir='ltr'><strong>beatitudo,</strong></span> <span class='ocrx_word' id='word_1_890' title='bbox 1792 2664 1852 2690; x_wconf 71' lang='lat' dir='ltr'><strong>quae</strong></span> <span class='ocrx_word' id='word_1_891' title='bbox 1874 2657 1901 2682; x_wconf 87' lang='lat' dir='ltr'><strong>in</strong></span> 
     </span>
    </p>
   </div>
   <div class='ocr_carea' id='block_1_115' title="bbox 1117 2695 1445 2728">
    <p class='ocr_par' dir='ltr' id='par_1_115' title="bbox 1117 2695 1445 2728">
     <span class='ocr_line' id='line_1_116' title="bbox 1117 2695 1445 2728; baseline -0.009 -6"><span class='ocrx_word' id='word_1_892' title='bbox 1117 2699 1215 2722; x_wconf 70' lang='lat' dir='ltr'><strong>aeterna</strong></span> <span class='ocrx_word' id='word_1_893' title='bbox 1231 2695 1283 2720; x_wconf 86' lang='lat' dir='ltr'><strong>vita</strong></span> <span class='ocrx_word' id='word_1_894' title='bbox 1302 2695 1445 2728; x_wconf 89' lang='lat' dir='ltr'><strong>reperitur.</strong></span> 
     </span>
    </p>
   </div>
   <div class='ocr_carea' id='block_1_116' title="bbox 1155 2727 1900 2764">
    <p class='ocr_par' dir='ltr' id='par_1_116' title="bbox 1155 2727 1900 2764">
     <span class='ocr_line' id='line_1_117' title="bbox 1155 2727 1900 2764; baseline -0.003 -10"><span class='ocrx_word' id='word_1_895' title='bbox 1155 2728 1210 2764; x_wconf 70' lang='lat'><strong>(27)</strong></span> <span class='ocrx_word' id='word_1_896' title='bbox 1232 2727 1370 2763; x_wconf 67' lang='grc' dir='ltr'><strong>Ἀρνηάις</strong></span> <span class='ocrx_word' id='word_1_897' title='bbox 1392 2729 1502 2760; x_wconf 79' lang='grc' dir='ltr'><strong>ἀθεΐας.</strong></span> <span class='ocrx_word' id='word_1_898' title='bbox 1522 2736 1532 2753; x_wconf 81' lang='lat' dir='ltr'><strong>t</strong></span> <span class='ocrx_word' id='word_1_899' title='bbox 1547 2727 1686 2762; x_wconf 82' lang='lat' dir='ltr'><strong>Abjuratio</strong></span> <span class='ocrx_word' id='word_1_900' title='bbox 1707 2727 1812 2758; x_wconf 76' lang='lat' dir='ltr'><strong>atheite,</strong></span> <span class='ocrx_word' id='word_1_901' title='bbox 1840 2733 1900 2757; x_wconf 90' lang='lat' dir='ltr'><strong>seu,</strong></span> 
     </span>
    </p>
   </div>
   <div class='ocr_carea' id='block_1_117' title="bbox 1120 2764 1581 2798">
    <p class='ocr_par' dir='ltr' id='par_1_117' title="bbox 1120 2764 1581 2798">
     <span class='ocr_line' id='line_1_118' title="bbox 1120 2764 1581 2798; baseline -0.007 -7"><span class='ocrx_word' id='word_1_902' title='bbox 1120 2765 1275 2796; x_wconf 70' lang='lat' dir='ltr'><strong>impietatis,</strong></span> <span class='ocrx_word' id='word_1_903' title='bbox 1292 2771 1343 2798; x_wconf 88' lang='lat' dir='ltr'><strong>qua</strong></span> <span class='ocrx_word' id='word_1_904' title='bbox 1357 2764 1426 2790; x_wconf 89' lang='lat' dir='ltr'><strong>Dens</strong></span> <span class='ocrx_word' id='word_1_905' title='bbox 1441 2764 1551 2790; x_wconf 88' lang='lat' dir='ltr'><strong>tollitur.</strong></span> <span class='ocrx_word' id='word_1_906' title='bbox 1572 2772 1581 2788; x_wconf 79' lang='grc' dir='ltr'><strong>ι</strong></span> 
     </span>
    </p>
   </div>
   <div class='ocr_carea' id='block_1_118' title="bbox 1155 2794 1905 2833">
    <p class='ocr_par' dir='ltr' id='par_1_118' title="bbox 1155 2794 1905 2833">
     <span class='ocr_line' id='line_1_119' title="bbox 1155 2794 1905 2833; baseline -0.004 -9"><span class='ocrx_word' id='word_1_907' title='bbox 1155 2794 1210 2833; x_wconf 59' lang='grc'>(23)</span> <span class='ocrx_word' id='word_1_908' title='bbox 1229 2794 1470 2833; x_wconf 61' lang='grc' dir='ltr'>Πεςριξλοσόφηται</span> <span class='ocrx_word' id='word_1_909' title='bbox 1495 2797 1569 2832; x_wconf 75' lang='grc' dir='ltr'><em>πρὸς</em></span> <span class='ocrx_word' id='word_1_910' title='bbox 1589 2797 1676 2832; x_wconf 79' lang='grc' dir='ltr'><strong>ὑμᾶς.</strong></span> <span class='ocrx_word' id='word_1_911' title='bbox 1691 2795 1752 2824; x_wconf 69' lang='grc' dir='ltr'>ΠίΒο</span> <span class='ocrx_word' id='word_1_912' title='bbox 1765 2794 1905 2823; x_wconf 74' lang='lat' dir='ltr'><strong>desuutiu</strong></span> 
     </span>
    </p>
   </div>
   <div class='ocr_carea' id='block_1_119' title="bbox 1122 2833 1418 2877">
    <p class='ocr_par' dir='ltr' id='par_1_119' title="bbox 1122 2833 1418 2877">
     <span class='ocr_line' id='line_1_120' title="bbox 1122 2833 1418 2877; baseline -0.003 -16"><span class='ocrx_word' id='word_1_913' title='bbox 1122 2833 1188 2869; x_wconf 77' lang='lat' dir='ltr'><strong>Reg.</strong></span> <span class='ocrx_word' id='word_1_914' title='bbox 1201 2837 1255 2868; x_wconf 85' lang='lat' dir='ltr'><strong>bm,</strong></span> <span class='ocrx_word' id='word_1_915' title='bbox 1269 2839 1294 2861; x_wconf 89' lang='lat' dir='ltr'><strong>et</strong></span> <span class='ocrx_word' id='word_1_916' title='bbox 1305 2833 1352 2860; x_wconf 85' lang='lat' dir='ltr'><strong>0r.</strong></span> <span class='ocrx_word' id='word_1_917' title='bbox 1367 2834 1418 2877; x_wconf 44' lang='grc' dir='ltr'><strong>1η.</strong></span> 
     </span>
    </p>
   </div>
  </div>
