2060 3140
249 202 317 230 1171

850 200 879 229 S.
900 201 1065 229 GREGORII
1085 201 1261 230 THEOLOGI-

1802 204 1829 230 tl
1837 204 1875 230 ΤΞ

249 263 330 298 idque
350 269 399 290 vos
421 261 492 297 passi
523 261 598 295 estis,
617 261 664 296 qui
688 268 751 288 eum
771 262 890 289 omnimu
917 263 1033 290 maxime

1091 263 1165 295 Δαςί
1182 263 1228 290 καὶ
1247 263 1326 298 ὑμεῖς
1342 264 1500 299 ἠνέσχεσθε,
1525 266 1548 291 oi
1568 264 1674 292 πάντων
1704 264 1802 300 μᾶλλον
1825 264 1869 290 τὸν

248 309 396 342 SuSpicitis,
426 308 576 342 annuisque
603 307 749 334 honoribus
774 315 806 335 ac
831 308 945 340 publicis
970 316 1034 336 con-

250 356 376 382 ventibus
390 353 546 382 celebratis.
563 353 647 389 4,38
663 354 824 389 Cyprianus,
845 353 966 388 inquam,
988 362 1034 381 cu-

253 407 307 436 lus,
321 400 363 427 vel
377 400 484 427 etiamsi
497 399 594 434 alioqui
605 399 748 427 oblivionis
760 399 825 426 vitio
840 399 1035 431 laboraremus,

249 446 406 474 meminisse
423 450 511 472 tamen
537 452 646 473 necesse
663 445 767 478 fuerat;
790 445 923 480 siquidem
939 445 1034 479 optimi

250 493 420 528 potissimum
442 492 493 519 viri
510 492 639 519 memoria
659 491 764 519 colendi
779 496 854 524 sunt,
868 492 953 526 iique,
968 499 1035 525 quo-

249 546 310 566 rum
325 538 480 565 meminisse
499 545 552 565 non
566 538 645 565 ntodo
658 538 731 572 pium
745 542 796 570 est,
815 537 861 564 sed
874 537 954 564 etiam
971 537 1036 563 utile

249 592 282 612 ac
298 584 476 612 fructuosum.
500 584 598 611 Verum
621 583 672 610 hoc
697 583 817 610 debitum
847 590 908 610 cuttt
942 583 1037 609 fenore

250 631 448 662 dissolvamus;
475 630 498 657 si
526 634 614 657 tamen
629 637 708 664 pares
723 630 761 656 rei
787 629 929 656 facultates
954 629 1036 656 habe-

250 684 322 709 mus,
337 683 368 703 ac
388 683 442 703 non
474 683 564 703 rerum
581 676 701 702 omnium
728 679 848 709 egestate
872 679 899 702 et
924 674 1037 709 penuria

249 723 448 750 conflictamur.
475 721 552 755 Quod
580 721 603 748 si
625 721 708 748 etiam
738 720 880 748 admodum
906 727 1036 754 pauperes

249 767 434 801 inveniamur,
447 774 500 794 non
517 766 621 798 dubito,
638 766 702 801 quin
721 766 762 792 vir
779 765 834 796 ille,
850 770 879 791 ut
898 766 925 792 in
947 766 1035 792 omni-

251 814 302 841 bus
320 814 400 840 rebus
415 812 500 840 animi
524 812 708 846 magnitudine
729 819 761 838 ac
782 811 910 838 modestia
938 811 1036 845 pradi-

251 865 306 892 tus,
322 865 378 887 tum
395 864 493 887 nostra!
512 866 608 890 morae,
633 862 688 885 tum
708 857 812 892 inopiae,
836 857 914 884 facile
933 857 968 884 sit
993 865 1036 884 ve-

250 906 324 933 niam
340 905 467 936 daturus;
487 904 566 931 modo
581 905 632 930 hoc
644 903 751 930 nomine
774 903 875 937 gratias
895 902 949 929 Deo
968 910 1035 937 aga-

1088 309 1171 344 ἄνδρα
1183 309 1377 344 θαυμάζοντες,
1390 311 1436 336 καὶ
1446 312 1505 342 ταῖς
1519 311 1552 336 δι’
1565 310 1640 342 ἔτους
1651 311 1785 345 τιμῶντες
1799 311 1872 336 exs?-

1088 363 1132 381 νον
1142 356 1234 390 τιμαῖς
1248 363 1278 381 τε
1298 355 1344 381 καὶ
1359 356 1528 391 πανηγύρεσι
1541 365 1547 371 ·
1571 356 1728 391 Κυπριανὺς
1746 356 1812 390 (49),
1827 353 1870 388 οὗ,

1088 400 1135 427 καὶ
1164 401 1220 431 τοῖς
1249 399 1332 427 τᾶλλα
1356 401 1530 436 ὲπιλήσμοσι,
1548 401 1702 436 μεμνῆσθαι
1719 401 1773 428 τῶν
1788 403 1871 436 ἀναγ-

1089 447 1185 473 καίων·
1212 446 1291 482 εἴπρ
1312 447 1366 474 τῶν
1387 448 1504 483 ἀρίστων
1525 448 1641 484 μάλιστα
1662 449 1871 483 μνημονευτέον,

1089 494 1136 519 καὶ
1149 489 1186 519 ὧν
1210 493 1240 519 τί)
1263 493 1415 528 μεμνῆσθαι
1438 494 1510 520 ὅσιόν
1526 503 1555 521 τε
1571 494 1638 529 ὁμοῦ
1657 495 1704 520 καὶ
1723 494 1870 530 ὠφέλιμον.

1095 536 1165 565 Ἀλλ’
1177 539 1319 574 ἀποδῶμεν
1337 541 1384 566 σὺν
1395 540 1467 575 τόκῳ
1480 541 1510 566 τὺ
1523 541 1612 575 χρέος,
1634 540 1667 567 ἂν
1682 541 1735 576 ἄρα
1747 540 1872 567 τοσοῦτον

1089 586 1268 621 εὐποροῦντες
1281 585 1335 621 (50)
1352 587 1491 621 φανῶμεν,
1505 587 1573 612 ἀλλὰ
1590 587 1626 621 μὴ
1642 587 1730 613 πάντα
1741 583 1816 621 ὧμεν
1829 587 1872 611 ὲν-

1089 632 1158 664 δεεῖς
1172 641 1202 658 τε
1224 632 1271 658 καὶ
1289 632 1410 667 πένητες.
1424 633 1473 658 Ἂν
1489 632 1519 658 δὲ
1531 633 1578 659 καὶ
1595 633 1654 659 λίαν
1672 632 1801 667 πένητες,
1824 630 1871 658 οἷδ’

1089 679 1129 704 ὅτι
1144 677 1327 711 συγγνώσεται
1339 679 1403 713 ἡμῖν
1419 678 1526 713 καὶτῆς
1542 678 1730 714 ὑπερημερίας
1742 677 1809 713 (Si),
1825 678 1873 704 καὶ

1089 724 1139 757 τῆς
1156 723 1260 756 πενίας,
1271 724 1333 750 ἐπεὶ
1347 725 1394 750 καὶ
1409 725 1497 751 πάντα
1512 725 1697 759 μεγαλόψυχος
1714 726 1728 750 ὁ
1744 724 1812 760 ἀνὴρ
1825 725 1872 751 καὶ

1090 769 1233 803 φιλόσοφος
1243 778 1249 784 ·
1269 770 1347 804 μόνον
1363 769 1406 800 ἂν,
1420 770 1460 796 ὅτι
1479 770 1516 805 μὴ
1532 770 1753 806 διέφυγενιήμᾶς,
1768 771 1875 805 εὐχαρι-

1090 815 1244 849 στήσωμεν.
1258 815 1505 850 Εὑχαριττήσωμεν
1520 816 1577 851 (52)
1590 816 1618 842 δέ
1629 823 1636 830 ·
1657 816 1704 842 καὶ
1719 815 1774 851 γὰρ
1788 816 1877 847 ἄξιον..

1097 859 1123 884 ’Λ
1129 859 1222 893 ρκτέον
1241 859 1269 885 δὲ
1287 859 1383 892 οὕτως,
1398 860 1436 890 ὡς
1451 861 1491 892 είς
1507 861 1588 887 καλὸν
1608 861 1671 896 ὑμῖν
1687 862 1878 896 ὲπανὴκομεν,.

1091 906 1136 931 καὶ
1153 905 1244 937 καλοῖς
1265 906 1374 941 μέτροις
1395 906 1474 938 Θεοῦ,
1488 907 1534 933 τοῦ
1550 907 1638 933 πάντα
1653 907 1682 933 ὲν
1701 907 1813 942 σταθμῷ
1826 907 1875 933 καὶ.

251 960 323 984 mus,
337 951 408 986 quod
422 951 551 978 memoria
568 950 650 984 ipsius
667 957 699 976 ex
713 950 810 976 animis
833 950 933 975 nostris
951 949 1035 976 haud-

1091 951 1179 986 μέτρῳ
1201 952 1365 986 διορίζοντος
1383 961 1413 978 τε
1427 953 1473 978 καὶ
1487 952 1678 985 διευθύνοντος,
1698 954 1729 979 ἐκ
1744 954 1793 987 τῆς
1807 953 1875 987 ἠσυ-

249 1005 384 1034 quaquam
407 996 539 1032 eﬂugerit.
556 996 625 1023 Vere
653 996 754 1030 gratias
780 995 834 1022 Deo
851 1002 962 1029 agamus
984 1004 991 1022 :
1012 996 1036 1022 id

249 1045 323 1072 enim
338 1051 443 1079 aequum
461 1048 523 1076 est;
544 1047 624 1077 atque
642 1048 671 1069 ut
690 1042 754 1070 hinc
773 1042 878 1069 initium
897 1043 1036 1073 ducamus,

250 1098 332 1126 quam
357 1089 508 1121 commode,
534 1088 707 1123 pulchrisque
737 1088 783 1115 Dei
811 1088 964 1120 mensuris,
991 1088 1036 1122 qui

1091 997 1151 1031 χίας
1172 997 1218 1023 ἐπὶ
1239 998 1284 1024 τον
1305 998 1394 1032 λόγον,
1417 999 1449 1025 ὲκ
1471 999 1521 1034 τῆς
1540 999 1744 1035 φιλομάρτυροςς
1759 999 1814 1035 (55)
1828 1000 1878 1025 ἐπὶ·

1092 1041 1243 1078 μάρτυρας,
1260 1043 1292 1070 ὲκ
1304 1043 1356 1078 τῆς
1371 1044 1531 1080 σωματικῆς
1542 1044 1660 1076 ἀνέσεως
1668 1045 1717 1071 ὲπὶτ
1728 1045 1776 1080 τὴν
1794 1053 1876 1071 πνευ-

1092 1089 1209 1124 ματικὴν
1222 1090 1352 1117 ἐπίασιν.

250 1137 342 1163 ouantia
359 1142 419 1163 cum
436 1135 554 1169 pondere
577 1139 604 1162 et
638 1141 765 1161 mensura
788 1133 931 1161 constituit
952 1141 983 1161 ac
1018 1135 1175 1163 moderatur
1202 1136 1235 1168 “,
1255 1137 1288 1163 ad
1323 1144 1372 1163 vos
1398 1136 1537 1168 rediimus.
1557 1143 1572 1162 a
1599 1137 1706 1163 silentio
1729 1141 1756 1164 et
1780 1137 1874 1163 solitu-

250 1183 313 1209 dine
330 1181 363 1208 ad
378 1188 542 1213 sermonem,
559 1189 575 1208 ει
610 1185 760 1216 martyrum
786 1181 906 1207 studiosa
922 1180 956 1206 ad
979 1184 1125 1215 martyres,
1151 1190 1166 1208 a
1204 1189 1334 1211 corporea
1373 1182 1538 1209 relaxatione
1561 1184 1594 1209 ad
1624 1183 1779 1217 spirituales
1808 1191 1875 1218 epu-

249 1229 304 1256 Ias!

286 1275 319 1303 ll.
338 1275 563 1303 Desiderabamus
585 1282 643 1306 vos,
667 1282 683 1302 ο
705 1274 763 1304 lilii.
782 1279 809 1301 et
834 1273 891 1308 pari
912 1273 1042 1300 desiderii

251 1322 348 1349 affectu
362 1329 376 1348 a
388 1321 468 1349 vobis
483 1321 693 1355 expetebantur;
709 1321 734 1347 id
747 1320 818 1347 enim
843 1319 908 1346 ntihi
925 1327 1039 1353 persua-

251 1369 313 1395 deo.
327 1367 422 1401 Videte
436 1367 543 1402 paterni
559 1367 641 1394 anitni
664 1367 830 1398 candorem;
855 1373 916 1392 nam
930 1370 957 1392 et
968 1364 1039 1399 quod

251 1421 344 1441 meum
359 1418 403 1441 est
419 1420 512 1444 narro,
529 1417 556 1440 et
570 1417 660 1440 vestro
685 1419 748 1446 erga
765 1419 809 1438 me
833 1411 937 1438 aﬂ‘ectui
963 1411 1039 1438 testi-

250 1459 372 1486 monium
389 1459 506 1493 przebeo,
523 1461 603 1492 atque
620 1458 749 1484 hactenus
770 1458 842 1485 inter
866 1464 916 1484 nos
936 1456 1038 1490 disjun-

251 1506 299 1537 cli,
316 1509 346 1532 ut
358 1504 521 1532 desiderium
547 1508 668 1530 nostrum
686 1503 812 1536 utrinque
835 1508 990 1536 agnoscere,
1006 1508 1039 1528 ac

251 1550 311 1584 ipsa
325 1550 444 1576 locorum
460 1548 588 1575 distantia
600 1552 628 1574 ct
646 1546 797 1578 intervallo,
811 1547 1036 1581 quemadmodum

251 1583 371 1630 pictores
388 1594 503 1626 tabulas,
526 1593 667 1628 explorare
686 1600 838 1627 possemus,
857 1599 950 1619 rursus
972 1599 1038 1619 cou-
1053 1583 1075 1611 (ἶ

251 1641 385 1668 venimus.
410 1640 498 1674 Quam
514 1648 627 1674 magnus
644 1639 779 1667 memoria
806 1638 891 1666 fomes
918 1642 969 1669 est,
997 1637 1038 1665 vel

251 1687 345 1714 brevis
371 1686 522 1714 amicorum
544 1685 715 1713 familiaritas
746 1689 772 1712 et
800 1684 976 1715 consuetudo,
1005 1683 1039 1710 iis

254 1733 349 1766 utique
364 1732 410 1766 qui
437 1731 558 1758 moribus
584 1735 647 1758 sunt
675 1730 708 1757 ad
734 1729 877 1756 amandum
901 1729 1037 1764 propensi,

253 1778 354 1812 quique
373 1777 420 1805 Dei
439 1785 502 1812 erga
517 1784 602 1813 genus
620 1777 767 1804 humanum
786 1783 905 1802 amorem
931 1775 1040 1802 imitan-

252 1825 314 1851 tur!
330 1823 426 1857 Quidni
438 1829 540 1857 autent,
556 1831 616 1851 cum
629 1822 742 1855 Christi,
757 1822 803 1856 qui
818 1826 928 1856 propter
943 1829 992 1848 nos
1004 1822 1038 1848 ad

253 1871 370 1897 formam
390 1877 476 1904 usque
502 1869 628 1897 servilem
657 1869 775 1903 seipsum
794 1868 952 1900 exinauivit,
973 1872 1000 1894 et
1023 1875 1037 1894 a

256 1914 413 1941 caelestibus
427 1913 528 1941 alienos
543 1917 570 1941 et
589 1914 746 1948 peregrinos
762 1913 795 1940 ad
812 1921 842 1940 se
856 1913 975 1947 collegit,
998 1912 1039 1940 di-

254 1960 374 1994 scipulos
398 1967 446 1988 nos
462 1961 646 1994 profiteantur,
671 1959 776 1994 quidni,
802 1959 921 1993 inquam,
948 1962 1040 1985 ututuo

1128 1273 1164 1298 [ν.
1193 1271 1357 1307 Ἐποθοῦμεν
1374 1271 1456 1307 ὑμᾶς,
1470 1268 1492 1297 ὦ
1505 1271 1595 1302 τέκνα,
1614 1271 1659 1297 καὶ
1677 1271 1882 1306 ἀντεποθούμε-

1092 1318 1126 1345 ϐα
1147 1319 1203 1350 τοῖς
1221 1318 1288 1349 ἴσοις
1311 1317 1422 1353 μέτροις
1443 1317 1515 1351 (54)·
1541 1317 1669 1351 πείθομαι
1691 1316 1754 1351 γάρ.
1779 1316 1876 1343 Ὀοᾶτε

1091 1365 1194 1399 πατρὸς
1207 1364 1430 1399 εὐγνωμοσύνην
1449 1364 1494 1390 κα)⁸
1504 1363 1534 1389 τὸ
1551 1363 1668 1398 ἐμαυτοῦ
1684 1363 1764 1396 λέγω,
1780 1364 1827 1390 καὶ
1845 1364 1877 1389 τὸ

1091 1410 1222 1446 ὑμέτερον
1235 1410 1375 1446 μαρτυρῶ,
1391 1410 1437 1436 καὶ
1449 1409 1573 1436 τοσοῦτον
1585 1408 1785 1443 διαζευχθέντες
1795 1409 1877 1443 ἀλλή-

1091 1456 1154 1487 λων,
1169 1457 1231 1482 ὅσον
1244 1455 1288 1483 τὸν
1303 1455 1383 1482 πόθον
1400 1455 1532 1491 γνωρίσαι
1543 1454 1590 1481 καὶ
1602 1454 1746 1490 δοκιμάσαι
1763 1457 1795 1491 τῇ
1811 1456 1872 1482 ἀπο

1092 1503 1195 1534 στάσει,
1208 1501 1332 1537 καθάπερ
1348 1502 1372 1528 οἱ
1385 1500 1523 1537 ζωγράφοι
1540 1501 1594 1537 (55)
1609 1502 1671 1532 τοὺς
1686 1501 1810 1534 πίνακας,
1828 1503 1875 1528 πά-

1090 1549 1132 1574 λιν
1150 1548 1326 1583 συνήλθομεν.
1354 1547 1398 1578 Ὠς
1418 1547 1488 1582 μέγα
1509 1547 1618 1582 μνήμης
1633 1546 1796 1582 ἑμπύρευμα
1808 1546 1882 1581 (56),.

1092 1594 1139 1620 καὶ
1158 1593 1272 1629 βραχεῖα
1291 1593 1419 1629 συνήθεια
1437 1593 1521 1627 φίλων
1537 1592 1604 1626 (57),
1620 1594 1677 1624 τοῖς
1690 1601 1717 1619 τε
1739 1594 1876 1628 ἀγαπητι-

1093 1641 1150 1671 κοῖς
1161 1640 1206 1666 τὸν
1217 1639 1325 1675 τρόπον,
1341 1639 1386 1666 καὶ
1395 1639 1462 1666 Θεοῦ
1476 1639 1649 1674 μιμουμένοις
1659 1639 1875 1674 φιλανθρωπίαν-ἓ

1094 1685 1156 1717 Πῶς
1170 1685 1198 1711 δὲ
1215 1685 1265 1712 οὐκ
1278 1685 1436 1720 ἐμέλλομεν,
1451 1686 1475 1711 oi
1491 1686 1608 1721 Χριστοῦ
1627 1685 1755 1721 μαθηταὶ,
1773 1685 1820 1711 τοῦ
1835 1694 1878 1711 κε-

1093 1730 1224 1762 νωθέντος
1244 1731 1276 1757 δι’
1294 1732 1367 1766 ἡμᾶς
1387 1731 1466 1767 μέχρι
1478 1732 1571 1758 δούλου
1590 1732 1706 1767 μορφῆς,
1725 1732 1771 1758 καὶ
1786 1732 1879 1763 ξένους

1092 1776 1171 1807 δντας
1187 1776 1240 1803 τῶν
1253 1777 1384 1812 οὗρανίων
1397 1777 1464 1812 πρὸς
1481 1777 1575 1804 ἐαυτδν
1592 1777 1797 1812 συναγαγόντος,
1812 1777 1877 1803 ἀνθ-

1093 1821 1201 1854 ἐξεσθαί
1226 1830 1256 1848 τε
1278 1823 1324 1849 καὶ
1349 1822 1519 1857 περιέξεσθαι
1536 1823 1668 1858 ἀλλήλων,
1686 1823 1732 1849 καὶ
1749 1823 1878 1858 τηρήσειν

1090 1867 1139 1903 τὴν
1154 1869 1271 1903 ἑνότητα
1283 1867 1330 1894 τοῦ
1353 1868 1506 1903 πνεύματος
1523 1869 1552 1895 ὲν
1566 1868 1757 1903 τῷ-συνδεσμῷ
1776 1869 1825 1903 τῆς
1837 1869 1878 1896 5!,-

1093 1914 1186 1949 ρήνης.
1210 1914 1228 1950 ἢ
1242 1915 1324 1949 νόμου
1347 1915 1393 1940 καὶ
1415 1914 1561 1949 προφητῶν
1574 1915 1631 1940 ἐστι
1648 1915 1805 1949 μυστήριον,
1828 1914 1878 1940 εἴτ’

1090 1957 1137 1986 οὖν
1153 1960 1209 1995 (58)
1224 1960 1368 1994 κεφάλαιον
1378 1967 1386 1992 ;

255 2005 356 2031 amoris
369 2004 508 2039 complexu
523 2004 594 2032 inter
607 2011 657 2031 nos
676 2004 853 2036 basreremus,
878 2003 1043 2037 spiritusuue
1063 2004 1191 2032 unitatem
1213 2006 1237 2031 in
1257 2006 1364 2032 vinculo
1383 2005 1456 2033 oacis
1472 2006 1504 2038 ",
1529 2013 1588 2040 qua:
1606 2005 1673 2041 legis
1703 2011 1730 2033 et
1764 2013 1880 2041 propna-

253 2055 342 2077 tarum
356 2050 525 2082 mvsterium,
543 2056 589 2077 seu
605 2053 687 2083 eaput
701 2053 752 2082 est,
775 2048 968 2076 servaremus?

291 2097 335 2123 Ill.
353 2095 412 2124 1am
427 2096 510 2131 igitur
523 2096 574 2123 hoc
590 2104 672 2123 unum
687 2101 714 2123 et
735 2095 852 2130 primum
880 2094 1041 2122 beneficium

255 2141 399 2174 habemus,
422 2141 493 2175 quod
513 2141 565 2176 ipsi
595 2148 674 2175 quam
705 2141 845 2168 celerrime
875 2140 911 2167 ad
935 2144 1042 2167 mutuos

256 2187 398 2221 amplexus
423 2188 602 2216 accurrimus.
625 2187 718 2223 Neque
742 2188 814 2215 enim
843 2187 917 2215 zelus
937 2194 1041 2215 moram

1128 2095 1164 2122 I".
1186 2096 1238 2122 Ἒν
1252 2095 1302 2131 μὲν
1319 2095 1350 2131 δὴ
1367 2095 1445 2122 τοῦτο
1456 2095 1504 2130 τῆς
1518 2095 1675 2130 εὐεργεσίας
1695 2095 1742 2121 καὶ
1758 2095 1877 2130 πρῶτον,

1095 2142 1126 2168 τὸ
1138 2142 1174 2174 ὡς
1189 2142 1303 2176 τάχιστα
1322 2142 1503 2176 προσδραμεῖν
1514 2140 1639 2176 ἀλλήλοις
1653 2140 1700 2167 καὶ
1713 2140 1880 2176 περιπτύξαν-

1096 2187 1167 2213 σθαι.
1182 2187 1248 2213 Οὐδὲ
1261 2186 1315 2222 γὰρ
1329 2186 1406 2222 φέρει
1418 2186 1466 2221 τὴν
1478 2185 1610 2221 ἀναϐολὴν
1624 2187 1638 2213 ὁ
1655 2186 1734 2220 ζῆλος
1745 2194 1752 2200 ·
1764 2186 1810 2212 καὶ
1823 2186 1880 2221 βίος

255 2234 374 2268 patitur;
395 2235 530 2269 totiusque
560 2234 622 2261 vita:
652 2235 738 2262 instar
766 2238 810 2262 est.
833 2234 915 2261 unius
929 2233 1039 2261 dieculae

1094 2233 1154 2265 ὅλος
1165 2233 1255 2269 ἡμέρα
1270 2233 1319 2268 μία
1333 2233 1390 2264 τοῖς
1405 2231 1479 2267 πόθῳ
1490 2232 1649 2267 κάμνουσιν.
1661 2231 1791 2267 Δεύτερον
1807 2231 1847 2264 δὲ,
1865 2231 1880 2258 ὃ

293 2304 315 2320 ¹¹
329 2303 394 2338 Sap.
408 2311 447 2336 ιι,
466 2303 508 2330 2i.
552 2304 573 2319 ”
588 2303 685 2338 Ephes.
701 2312 738 2336 tv,
753 2304 782 2331 5.

256 2384 442 2420 κωμιαστικος
457 2385 497 2416 εἰς
510 2385 573 2415 τοὺς
588 2385 680 2418 ἁγίους
692 2385 849 2420 Κυπριανὸν
865 2386 912 2412 καὶ
933 2386 1042 2412 Ίουστί-

257 2428 306 2455 νην
318 2419 381 2451 τοὺς
393 2419 554 2453 φιλοσόφους
564 2420 611 2446 καὶ
624 2419 778 2455 μάρτυρας·
795 2430 805 2446 ‹
820 2421 917 2455 Oratio,
925 2421 1043 2448 funebris

256 2454 288 2482 et
308 2454 471 2490 pauegyrica
494 2455 520 2481 in
538 2460 645 2481 smtctos
666 2454 832 2490 Cyprianum
858 2461 886 2482 et
904 2454 1040 2482 Justitiam

257 2489 431 2524 philosophos
447 2495 473 2516 et
487 2494 655 2524 martyresnt
673 2489 735 2517 Par.
748 2498 754 2515 :
774 2490 820 2521 Εἰς
833 2489 878 2516 τὸν
892 2490 969 2524 ἅγιον
985 2491 1042 2516 Κυ-

258 2523 381 2561 ἓπριανρν.
401 2523 507 2561 Nicetas
522 2525 548 2550 in
562 2523 706 2561 Comment.
721 2532 731 2551 :
741 2525 817 2551 Μετὰ
827 2525 893 2561 γοῦν
905 2525 967 2559 μίαν
978 2525 1044 2561 ἡμέ-

259 2558 308 2594 ραν
318 2559 366 2595 τῆς
387 2558 435 2585 τοῦ
464 2559 600 2594 μάρτυρος
625 2559 734 2594 μν¹μης
755 2558 1043 2595 παραγενόμενος,”’τὸ

259 2593 346 2626 παρὸν
361 2595 400 2626 εἰς
412 2583 491 2620 αὐτον
507 2594 642 2626 ἐγκώμιον
653 2567 807 2626 ὲτὲεφώνησε
819 2601 827 2610 ν
843 2603 854 2621 ι
868 2595 1001 2622 Postridie
1016 2596 1043 2622 il-

257 2593 350 2629 έπαρὺν
361 2595 400 2626 εἰς
412 2593 491 2620 αὑτὸν
504 2593 642 2628 ἐγκώμιον
653 2593 807 2628 ὲξεφώνησὲ
819 2601 827 2610 ν
838 2593 854 2621 γι
868 2593 1001 2622 Postridie
1016 2596 1044 2622 il-

257 2628 310 2664 lius
322 2629 386 2662 diei,
398 2637 452 2663 quo
465 2630 590 2664 martyris
606 2629 826 2656 commemoratio
850 2630 980 2657 celebrari
999 2638 1044 2657 so-

257 2663 340 2697 lebat,
357 2672 420 2691 rure
438 2663 572 2698 reversus,
594 2665 663 2692 hunc
678 2665 704 2691 in
721 2665 804 2698 ipsius
817 2665 922 2692 laudent
939 2666 1041 2692 oratio-

258 2706 319 2725 nem
336 2698 439 2727 habuit.
451 2709 460 2725 t
1007 2722 1012 2727 .

294 2734 352 2770 (49}
371 2735 550 2768 Κυπριανός.
576 2734 621 2762 Sic
639 2734 707 2770 Reg.
727 2735 773 2770 pb,
794 2734 877 2763 Coisl.
896 2734 923 2768 ‘2,
946 2739 999 2762 etc.
1017 2735 1042 2762 In

259 2768 313 2797 ed..
327 2769 492 2804 Κυπριανόν.

297 2803 351 2843 (ῥο)
369 2804 588 2843 ξὺποροῦνζες.
605 2804 650 2843 Sic
663 2804 825 2843 Κρίξῳ-οφ,
839 2805 886 2843 pb2
897 2805 979 2832 Coisl.
992 2805 1002 2832 l
1018 2811 1044 2843 et

258 2837 288 2868 2,
304 2838 364 2865 Bas.
377 2839 414 2866 lla
428 2837 509 2867 etiam
525 2840 630 2867 videtur
644 2837 741 2875 legisse
758 2837 862 2867 Billius.
877 2839 908 2867 lu
925 2842 968 2868 ed.
1000 2841 1043 2868 εὑ-

260 2881 431 2908 φρονουντες.

299 2907 357 2938 (δυ
390 2910 598 2944 Υπερημειπίας.
617 2910 902 2940 (Prorrastinatiouis.
925 2921 934 2937 ι

1131 2385 1186 2419 (52)
1207 2385 1492 2420 Εὐχαριστήσωμεν.
1510 2384 1588 2412 Deest
1605 2385 1630 2412 in
1644 2385 1764 2419 pluribus
1775 2385 1852 2412 cod'd.

1132 2421 1188 2456 (55)
1208 2421 1438 2455 Φιλομάρτυρος.
1459 2420 1535 2448 Piam
1555 2421 1699 2455 quamdam
1728 2426 1879 2449 matronam

1096 2455 1247 2490 intelligere
1259 2458 1364 2483 videtur
1378 2456 1534 2490 Gregorius.

1132 2491 1187 2525 (54)
1211 2491 1273 2524 Τοῖς
1284 2493 1357 2524 [σοις
1370 2491 1497 2525 μέτροις.
1510 2490 1571 2517 llaec
1582 2490 1677 2517 desunt
1689 2491 1714 2517 in
1725 2490 1809 2526 Regg.
1822 2491 1879 2524 bm,

1095 2525 1141 2560 ph.
1161 2526 1233 2558 Par.,
1252 2529 1408 2559 ueterisque
1427 2526 1544 2552 melioris
1558 2530 1627 2552 nolet
1641 2526 1719 2552 codd.

1133 2561 1187 2597 (55)
1209 2561 1345 2594 Καθάπερ
1360 2562 1387 2597 vl
1398 2560 1549 2595 ζωγράφοι.
1568 2569 1577 2585 ι
1590 2559 1633 2597 θυι
1649 2561 1775 2597 pictores,
1791 2560 1880 2596 inquit

1097 2595 1214 2628 Nic-etas,
1230 2604 1262 2623 ex
1277 2596 1416 2622 intervallo
1431 2596 1535 2623 tabulas
1546 2595 1640 2622 melius
1652 2595 1881 2630 perspiciuttt,’at-

1097 2638 1150 2664 que
1172 2632 1336 2665 expendunt,
1361 2639 1441 2664 quatit
1470 2632 1492 2658 si
1516 2630 1624 2665 propius
1646 2631 1815 2658 intueantur:
1839 2631 1881 2658 sic

1098 2671 1205 2693 mutuus
1220 2673 1295 2692 amor
1305 2665 1472 2699 seiunctione
1484 2665 1590 2697 melius,
1603 2672 1684 2700 quam
1697 2670 1827 2699 perpetua
1840 2667 1881 2693 vi-

1098 2706 1130 2727 ta:
1146 2701 1340 2727 consuetudine
1355 2701 1519 2734 exploratur.
1538 2710 1547 2725 ι

1134 2735 1190 2770 (56)
1213 2735 1413 2776 ςΕμπύρευμα.
1447 2736 1545 2770 Regius
1576 2734 1669 2771 Cypr.,
1697 2735 1878 2770 ἑμτιόρευμα,

1100 2779 1110 2796 ι
1130 2775 1285 2802 negotiatio.
1307 2780 1316 2796 ι

1097 2840 1112 2866 λ
1133 2805 1190 2846 (5?)
1210 2805 1357 2867 ξγυνήθεια
1380 2805 1487 2839 φίλων.
1513 2804 1558 2833 Sic
1582 2805 1649 2840 Reg.
1677 2813 1702 2833 a.
1729 2805 1809 2833 Deest
1835 2805 1879 2839 φι-

1114 2849 1152 2866 ων
1166 2849 1192 2866 lll
1205 2848 1220 2867 e
1241 2860 1247 2866 .

1114 2849 1152 2866 ων
1166 2849 1192 2866 Ill
1205 2848 1247 2867 eo.

1134 2876 1190 2910 (58)
1211 2875 1393 2910 Μυστήριον,
1410 2875 1462 2903 εἴτ’
1475 2872 1547 2911 οὖνζ
1556 2875 1618 2902 Haec
1632 2876 1728 2903 desunt
1747 2876 1772 2901 in
1793 2875 1878 2911 Regg.

1098 2919 1124 2944 a,
1142 2919 1166 2945 ς,
1183 2911 1210 2946 d,
1227 2913 1280 2941 btu.
1296 2912 1376 2940 Coisl.
1392 2911 1420 2945 2,
1431 2911 1477 2940 ()t'.
1495 2911 1521 2944 1,
1534 2910 1608 2945 Pan,
1625 2911 1789 2944 Uxou.,elc.
