  <div class='ocr_page' id='page_1' title='image "/cluster/home/n/w/nwhite01/storage/ocr_20150623/35/njp.32101077772554/600.png"; bbox 0 0 2060 3140; ppageno 0'>
   <div class='ocr_carea' id='block_1_1' title="bbox 168 181 240 211">
    <p class='ocr_par' dir='ltr' id='par_1_1' title="bbox 168 181 240 211">
     <span class='ocr_line' id='line_1_1' title="bbox 168 181 240 211; baseline -0.028 -1"><span class='ocrx_word' id='word_1_1' title='bbox 168 181 240 211; x_wconf 72' lang='grc'><strong>1175</strong></span> 
     </span>
    </p>
   </div>
   <div class='ocr_carea' id='block_1_2' title="bbox 597 182 1352 215">
    <p class='ocr_par' dir='ltr' id='par_1_2' title="bbox 597 182 1352 215">
     <span class='ocr_line' id='line_1_2' title="bbox 597 182 1352 215; baseline 0.003 -5"><span class='ocrx_word' id='word_1_2' title='bbox 597 182 727 212; x_wconf 76' lang='lat' dir='ltr'><strong>ORATIO</strong></span> <span class='ocrx_word' id='word_1_3' title='bbox 747 183 840 212; x_wconf 72' lang='lat' dir='ltr'><strong>XXIV.</strong></span> <span class='ocrx_word' id='word_1_4' title='bbox 861 199 896 206; x_wconf 88' lang='lat'><strong>-—-</strong></span> <span class='ocrx_word' id='word_1_5' title='bbox 917 184 950 212; x_wconf 84' lang='lat' dir='ltr'><strong>IN</strong></span> <span class='ocrx_word' id='word_1_6' title='bbox 969 182 1109 214; x_wconf 74' lang='lat' dir='ltr'><strong>LAUDEM</strong></span> <span class='ocrx_word' id='word_1_7' title='bbox 1132 186 1162 215; x_wconf 84' lang='lat' dir='ltr'><strong>S.</strong></span> <span class='ocrx_word' id='word_1_8' title='bbox 1181 185 1352 214; x_wconf 73' lang='lat' dir='ltr'><strong>CYPRIAM.</strong></span> 
     </span>
    </p>
   </div>
   <div class='ocr_carea' id='block_1_3' title="bbox 1720 184 1790 212">
    <p class='ocr_par' dir='ltr' id='par_1_3' title="bbox 1720 184 1790 212">
     <span class='ocr_line' id='line_1_3' title="bbox 1720 184 1790 212; baseline 0.014 -1"><span class='ocrx_word' id='word_1_9' title='bbox 1720 184 1790 212; x_wconf 59' lang='lat' dir='ltr'><strong>H74</strong></span> 
     </span>
    </p>
   </div>
   <div class='ocr_carea' id='block_1_4' title="bbox 168 242 947 281">
    <p class='ocr_par' dir='ltr' id='par_1_4' title="bbox 168 242 947 281">
     <span class='ocr_line' id='line_1_4' title="bbox 168 242 947 281; baseline 0.001 -11"><span class='ocrx_word' id='word_1_10' title='bbox 168 243 215 270; x_wconf 75' lang='grc' dir='ltr'>καὶ</span> <span class='ocrx_word' id='word_1_11' title='bbox 231 242 367 277; x_wconf 81' lang='grc' dir='ltr'>μέγιστον,</span> <span class='ocrx_word' id='word_1_12' title='bbox 377 243 407 270; x_wconf 82' lang='grc' dir='ltr'>τὸ</span> <span class='ocrx_word' id='word_1_13' title='bbox 421 243 459 279; x_wconf 85' lang='grc' dir='ltr'>μὴ</span> <span class='ocrx_word' id='word_1_14' title='bbox 466 243 579 272; x_wconf 79' lang='grc' dir='ltr'><strong>κατόπιν</strong></span> <span class='ocrx_word' id='word_1_15' title='bbox 589 244 644 280; x_wconf 69' lang='grc'><strong>(59)</strong></span> <span class='ocrx_word' id='word_1_16' title='bbox 653 245 749 280; x_wconf 82' lang='grc' dir='ltr'><strong>ἑορτῆς</strong></span> <span class='ocrx_word' id='word_1_17' title='bbox 756 245 879 280; x_wconf 80' lang='grc' dir='ltr'><strong>δραμεῖν,</strong></span> <span class='ocrx_word' id='word_1_18' title='bbox 890 246 947 281; x_wconf 69' lang='grc' dir='ltr'>μηδὶ</span> 
     </span>
    </p>
   </div>
   <div class='ocr_carea' id='block_1_5' title="bbox 1000 242 1789 281">
    <p class='ocr_par' dir='ltr' id='par_1_5' title="bbox 1009 244 1789 281">
     <span class='ocr_line' id='line_1_5' title="bbox 1009 244 1789 281; baseline -0.003 -8"><span class='ocrx_word' id='word_1_19' title='bbox 1009 247 1126 281; x_wconf 86' lang='lat' dir='ltr'><strong>spatium</strong></span> <span class='ocrx_word' id='word_1_20' title='bbox 1151 247 1285 275; x_wconf 79' lang='lat' dir='ltr'><strong>desiderio</strong></span> <span class='ocrx_word' id='word_1_21' title='bbox 1299 245 1493 273; x_wconf 75' lang='lat' dir='ltr'><strong>laborantibus.</strong></span> <span class='ocrx_word' id='word_1_22' title='bbox 1511 244 1630 272; x_wconf 80' lang='lat' dir='ltr'><strong>Alterum</strong></span> <span class='ocrx_word' id='word_1_23' title='bbox 1644 247 1694 278; x_wconf 87' lang='lat' dir='ltr'><strong>cst,</strong></span> <span class='ocrx_word' id='word_1_24' title='bbox 1709 244 1789 278; x_wconf 80' lang='lat' dir='ltr'><strong>idque</strong></span> 
     </span>
    </p>
   </div>
   <div class='ocr_carea' id='block_1_6' title="bbox 169 288 953 326">
    <p class='ocr_par' dir='ltr' id='par_1_6' title="bbox 169 288 953 326">
     <span class='ocr_line' id='line_1_6' title="bbox 169 288 953 326; baseline 0.005 -12"><span class='ocrx_word' id='word_1_25' title='bbox 169 288 317 324; x_wconf 88' lang='grc' dir='ltr'>μαρτύρων</span> <span class='ocrx_word' id='word_1_26' title='bbox 340 290 532 324; x_wconf 80' lang='grc' dir='ltr'>μυσταγωγίας</span> <span class='ocrx_word' id='word_1_27' title='bbox 551 290 758 326; x_wconf 79' lang='grc' dir='ltr'><strong>ἀπολειφθῆναι,</strong></span> <span class='ocrx_word' id='word_1_28' title='bbox 777 292 822 317; x_wconf 73' lang='grc' dir='ltr'>καὶ</span> <span class='ocrx_word' id='word_1_29' title='bbox 842 291 892 325; x_wconf 87' lang='grc' dir='ltr'>τῆς</span> <span class='ocrx_word' id='word_1_30' title='bbox 909 293 953 318; x_wconf 79' lang='grc' dir='ltr'><strong>ὲν-</strong></span> 
     </span>
    </p>
   </div>
   <div class='ocr_carea' id='block_1_7' title="bbox 167 334 951 372">
    <p class='ocr_par' dir='ltr' id='par_1_7' title="bbox 167 334 951 372">
     <span class='ocr_line' id='line_1_7' title="bbox 167 334 951 372; baseline 0.004 -12"><span class='ocrx_word' id='word_1_31' title='bbox 167 334 262 361; x_wconf 81' lang='grc' dir='ltr'>τεῦθεν</span> <span class='ocrx_word' id='word_1_32' title='bbox 281 335 458 370; x_wconf 82' lang='grc' dir='ltr'><strong>ἐγγινομένης</strong></span> <span class='ocrx_word' id='word_1_33' title='bbox 479 337 544 371; x_wconf 86' lang='grc' dir='ltr'>ἡμῖν</span> <span class='ocrx_word' id='word_1_34' title='bbox 563 337 668 372; x_wconf 79' lang='grc' dir='ltr'>τρυφῆς</span> <span class='ocrx_word' id='word_1_35' title='bbox 681 345 710 362; x_wconf 81' lang='grc' dir='ltr'><strong>τε</strong></span> <span class='ocrx_word' id='word_1_36' title='bbox 726 336 771 363; x_wconf 73' lang='grc' dir='ltr'>καὶ</span> <span class='ocrx_word' id='word_1_37' title='bbox 784 336 911 371; x_wconf 76' lang='grc' dir='ltr'><strong>ἀναψύξει</strong></span> <span class='ocrx_word' id='word_1_38' title='bbox 927 345 951 368; x_wconf 84' lang='grc' dir='ltr'>ς.</span> 
     </span>
    </p>
   </div>
   <div class='ocr_carea' id='block_1_8' title="bbox 174 380 952 417">
    <p class='ocr_par' dir='ltr' id='par_1_8' title="bbox 174 380 952 417">
     <span class='ocr_line' id='line_1_8' title="bbox 174 380 952 417; baseline 0.003 -10"><span class='ocrx_word' id='word_1_39' title='bbox 174 381 244 416; x_wconf 84' lang='grc' dir='ltr'><strong>Ἐγὼ</strong></span> <span class='ocrx_word' id='word_1_40' title='bbox 256 381 309 417; x_wconf 88' lang='grc' dir='ltr'><strong>γὰρ</strong></span> <span class='ocrx_word' id='word_1_41' title='bbox 324 381 406 408; x_wconf 76' lang='grc' dir='ltr'>τᾶλλα</span> <span class='ocrx_word' id='word_1_42' title='bbox 422 381 470 416; x_wconf 82' lang='grc' dir='ltr'>μὲν</span> <span class='ocrx_word' id='word_1_43' title='bbox 485 382 606 417; x_wconf 86' lang='grc' dir='ltr'>ὁμολογῶ</span> <span class='ocrx_word' id='word_1_44' title='bbox 618 382 718 414; x_wconf 84' lang='grc' dir='ltr'>παντὸς</span> <span class='ocrx_word' id='word_1_45' title='bbox 735 380 805 408; x_wconf 83' lang='grc' dir='ltr'>εἶναι</span> <span class='ocrx_word' id='word_1_46' title='bbox 823 382 952 409; x_wconf 85' lang='grc' dir='ltr'>νωθέστε-</span> 
     </span>
    </p>
   </div>
   <div class='ocr_carea' id='block_1_9' title="bbox 168 425 951 464">
    <p class='ocr_par' dir='ltr' id='par_1_9' title="bbox 168 425 951 464">
     <span class='ocr_line' id='line_1_9' title="bbox 168 425 951 464; baseline 0.001 -11"><span class='ocrx_word' id='word_1_47' title='bbox 168 435 214 463; x_wconf 84' lang='grc' dir='ltr'><strong>ρος</strong></span> <span class='ocrx_word' id='word_1_48' title='bbox 224 435 230 441; x_wconf 88' lang='grc'><strong>·</strong></span> <span class='ocrx_word' id='word_1_49' title='bbox 245 427 292 454; x_wconf 74' lang='grc' dir='ltr'>καὶ</span> <span class='ocrx_word' id='word_1_50' title='bbox 313 428 399 454; x_wconf 78' lang='grc' dir='ltr'>πάντα</span> <span class='ocrx_word' id='word_1_51' title='bbox 415 427 496 454; x_wconf 81' lang='grc' dir='ltr'>πόθον</span> <span class='ocrx_word' id='word_1_52' title='bbox 512 428 712 464; x_wconf 80' lang='grc' dir='ltr'>ἀπεσεισάμην,</span> <span class='ocrx_word' id='word_1_53' title='bbox 729 428 776 462; x_wconf 84' lang='grc' dir='ltr'><strong>ἀφ’</strong></span> <span class='ocrx_word' id='word_1_54' title='bbox 795 425 825 454; x_wconf 72' lang='grc' dir='ltr'>οὗ</span> <span class='ocrx_word' id='word_1_55' title='bbox 841 428 951 464; x_wconf 79' lang='grc' dir='ltr'><strong>Χριστῷ</strong></span> 
     </span>
    </p>
   </div>
   <div class='ocr_carea' id='block_1_10' title="bbox 169 472 952 509">
    <p class='ocr_par' dir='ltr' id='par_1_10' title="bbox 169 472 952 509">
     <span class='ocr_line' id='line_1_10' title="bbox 169 472 952 509; baseline 0.003 -11"><span class='ocrx_word' id='word_1_56' title='bbox 169 472 367 508; x_wconf 77' lang='grc' dir='ltr'><strong>συνεταξάμην,</strong></span> <span class='ocrx_word' id='word_1_57' title='bbox 392 473 438 499; x_wconf 74' lang='grc' dir='ltr'>καὶ</span> <span class='ocrx_word' id='word_1_58' title='bbox 455 473 529 499; x_wconf 77' lang='grc' dir='ltr'>οὐδὲν</span> <span class='ocrx_word' id='word_1_59' title='bbox 548 474 620 509; x_wconf 79' lang='grc' dir='ltr'>αἱρεῖ</span> <span class='ocrx_word' id='word_1_60' title='bbox 637 482 670 508; x_wconf 88' lang='grc' dir='ltr'><strong>με</strong></span> <span class='ocrx_word' id='word_1_61' title='bbox 693 473 746 499; x_wconf 86' lang='grc' dir='ltr'><strong>τῶν</strong></span> <span class='ocrx_word' id='word_1_62' title='bbox 773 473 822 500; x_wconf 76' lang='grc' dir='ltr'>ὅσα</span> <span class='ocrx_word' id='word_1_63' title='bbox 847 473 952 508; x_wconf 81' lang='grc' dir='ltr'>τερπνὰ</span> 
     </span>
    </p>
   </div>
   <div class='ocr_carea' id='block_1_11' title="bbox 167 517 951 553">
    <p class='ocr_par' dir='ltr' id='par_1_11' title="bbox 167 517 951 553">
     <span class='ocr_line' id='line_1_11' title="bbox 167 517 951 553; baseline 0.001 -10"><span class='ocrx_word' id='word_1_64' title='bbox 167 519 223 548; x_wconf 80' lang='grc' dir='ltr'>τοῖς</span> <span class='ocrx_word' id='word_1_65' title='bbox 237 517 326 549; x_wconf 80' lang='grc' dir='ltr'>ἄλλοις</span> <span class='ocrx_word' id='word_1_66' title='bbox 343 518 390 543; x_wconf 81' lang='grc' dir='ltr'>καὶ</span> <span class='ocrx_word' id='word_1_67' title='bbox 411 517 647 553; x_wconf 83' lang='grc' dir='ltr'>περισπούδαστα·</span> <span class='ocrx_word' id='word_1_68' title='bbox 666 518 697 544; x_wconf 86' lang='grc' dir='ltr'>οὐ</span> <span class='ocrx_word' id='word_1_69' title='bbox 715 517 827 549; x_wconf 85' lang='grc' dir='ltr'>πλοῦτος</span> <span class='ocrx_word' id='word_1_70' title='bbox 849 518 863 543; x_wconf 84' lang='grc' dir='ltr'><strong>ὁ</strong></span> <span class='ocrx_word' id='word_1_71' title='bbox 877 517 951 544; x_wconf 82' lang='grc' dir='ltr'>κάτω</span> 
     </span>
    </p>
   </div>
   <div class='ocr_carea' id='block_1_12' title="bbox 168 563 950 600">
    <p class='ocr_par' dir='ltr' id='par_1_12' title="bbox 168 563 950 600">
     <span class='ocr_line' id='line_1_12' title="bbox 168 563 950 600; baseline 0.001 -11"><span class='ocrx_word' id='word_1_72' title='bbox 168 563 317 598; x_wconf 80' lang='grc' dir='ltr'><strong>συρόμενος</strong></span> <span class='ocrx_word' id='word_1_73' title='bbox 340 564 385 590; x_wconf 77' lang='grc' dir='ltr'>καὶ</span> <span class='ocrx_word' id='word_1_74' title='bbox 411 564 651 600; x_wconf 81' lang='grc' dir='ltr'>περιτρεπόμενος,</span> <span class='ocrx_word' id='word_1_75' title='bbox 670 563 701 590; x_wconf 82' lang='grc' dir='ltr'>οὐ</span> <span class='ocrx_word' id='word_1_76' title='bbox 717 563 834 599; x_wconf 78' lang='grc' dir='ltr'>γαστρὸς</span> <span class='ocrx_word' id='word_1_77' title='bbox 849 563 950 598; x_wconf 82' lang='grc' dir='ltr'>ἡδοναὶ,</span> 
     </span>
    </p>
   </div>
   <div class='ocr_carea' id='block_1_13' title="bbox 167 608 951 645">
    <p class='ocr_par' dir='ltr' id='par_1_13' title="bbox 167 608 951 645">
     <span class='ocr_line' id='line_1_13' title="bbox 167 608 951 645; baseline 0.001 -11"><span class='ocrx_word' id='word_1_78' title='bbox 167 608 215 635; x_wconf 76' lang='grc' dir='ltr'>καὶ</span> <span class='ocrx_word' id='word_1_79' title='bbox 235 608 315 644; x_wconf 82' lang='grc' dir='ltr'>κόρος</span> <span class='ocrx_word' id='word_1_80' title='bbox 331 610 422 645; x_wconf 84' lang='grc' dir='ltr'>πατὴρ</span> <span class='ocrx_word' id='word_1_81' title='bbox 440 609 554 645; x_wconf 79' lang='grc' dir='ltr'>ὕϐρεως,</span> <span class='ocrx_word' id='word_1_82' title='bbox 571 610 621 636; x_wconf 81' lang='grc' dir='ltr'>οὐκ</span> <span class='ocrx_word' id='word_1_83' title='bbox 638 609 720 644; x_wconf 79' lang='grc' dir='ltr'>ἐσθὴς</span> <span class='ocrx_word' id='word_1_84' title='bbox 739 609 846 644; x_wconf 87' lang='grc' dir='ltr'>μαλακή</span> <span class='ocrx_word' id='word_1_85' title='bbox 862 617 891 635; x_wconf 91' lang='grc' dir='ltr'><strong>τε</strong></span> <span class='ocrx_word' id='word_1_86' title='bbox 904 609 951 635; x_wconf 80' lang='grc' dir='ltr'>καὶ</span> 
     </span>
    </p>
   </div>
   <div class='ocr_carea' id='block_1_14' title="bbox 166 655 950 690">
    <p class='ocr_par' dir='ltr' id='par_1_14' title="bbox 166 655 950 690">
     <span class='ocr_line' id='line_1_14' title="bbox 166 655 950 690; baseline 0.001 -10"><span class='ocrx_word' id='word_1_87' title='bbox 166 655 358 690; x_wconf 66' lang='grc' dir='ltr'>περιρρέουσα,</span> <span class='ocrx_word' id='word_1_88' title='bbox 382 655 412 681; x_wconf 90' lang='grc' dir='ltr'>οὺ</span> <span class='ocrx_word' id='word_1_89' title='bbox 431 655 512 682; x_wconf 86' lang='grc' dir='ltr'>λίθων</span> <span class='ocrx_word' id='word_1_90' title='bbox 539 655 673 689; x_wconf 83' lang='grc' dir='ltr'>διαύγειαι</span> <span class='ocrx_word' id='word_1_91' title='bbox 695 655 743 681; x_wconf 74' lang='grc' dir='ltr'>καὶ</span> <span class='ocrx_word' id='word_1_92' title='bbox 760 655 881 690; x_wconf 83' lang='grc' dir='ltr'>χάριτες,</span> <span class='ocrx_word' id='word_1_93' title='bbox 900 655 950 681; x_wconf 81' lang='grc' dir='ltr'><strong>οὐχ</strong></span> 
     </span>
    </p>
   </div>
   <div class='ocr_carea' id='block_1_15' title="bbox 165 697 951 735">
    <p class='ocr_par' dir='ltr' id='par_1_15' title="bbox 165 697 951 735">
     <span class='ocr_line' id='line_1_15' title="bbox 165 697 951 735; baseline 0.003 -12"><span class='ocrx_word' id='word_1_94' title='bbox 165 697 235 732; x_wconf 77' lang='grc' dir='ltr'>ἀκοὴ</span> <span class='ocrx_word' id='word_1_95' title='bbox 245 699 420 734; x_wconf 85' lang='grc' dir='ltr'>γοητεύουσα,</span> <span class='ocrx_word' id='word_1_96' title='bbox 431 699 481 726; x_wconf 73' lang='grc' dir='ltr'><strong>οὑκ</strong></span> <span class='ocrx_word' id='word_1_97' title='bbox 493 698 626 734; x_wconf 74' lang='grc' dir='ltr'><strong>ὄσφρησις</strong></span> <span class='ocrx_word' id='word_1_98' title='bbox 637 699 830 734; x_wconf 83' lang='grc' dir='ltr'>ὲκθηλύνουσα,</span> <span class='ocrx_word' id='word_1_99' title='bbox 843 700 873 726; x_wconf 83' lang='grc' dir='ltr'>οὑ</span> <span class='ocrx_word' id='word_1_100' title='bbox 888 699 951 735; x_wconf 88' lang='grc' dir='ltr'>κρό-</span> 
     </span>
    </p>
   </div>
   <div class='ocr_carea' id='block_1_16' title="bbox 166 741 950 780">
    <p class='ocr_par' dir='ltr' id='par_1_16' title="bbox 166 741 950 780">
     <span class='ocr_line' id='line_1_16' title="bbox 166 741 950 780; baseline 0.003 -11"><span class='ocrx_word' id='word_1_101' title='bbox 166 751 207 769; x_wconf 85' lang='grc' dir='ltr'><strong>τοι</strong></span> <span class='ocrx_word' id='word_1_102' title='bbox 223 743 315 779; x_wconf 83' lang='grc' dir='ltr'>δήμων</span> <span class='ocrx_word' id='word_1_103' title='bbox 332 743 379 770; x_wconf 71' lang='grc' dir='ltr'><strong>καὶ</strong></span> <span class='ocrx_word' id='word_1_104' title='bbox 400 743 521 780; x_wconf 82' lang='grc' dir='ltr'><strong>θεάτρων</strong></span> <span class='ocrx_word' id='word_1_105' title='bbox 542 745 726 779; x_wconf 82' lang='grc' dir='ltr'>ὲκμαίνοντες,</span> <span class='ocrx_word' id='word_1_106' title='bbox 742 741 780 771; x_wconf 81' lang='grc' dir='ltr'>ὧν</span> <span class='ocrx_word' id='word_1_107' title='bbox 797 745 879 771; x_wconf 82' lang='grc' dir='ltr'>πάλαι</span> <span class='ocrx_word' id='word_1_108' title='bbox 894 746 950 777; x_wconf 88' lang='grc' dir='ltr'>τοῖς</span> 
     </span>
    </p>
   </div>
   <div class='ocr_carea' id='block_1_17' title="bbox 168 788 950 827">
    <p class='ocr_par' dir='ltr' id='par_1_17' title="bbox 168 788 950 827">
     <span class='ocr_line' id='line_1_17' title="bbox 168 788 950 827; baseline 0.005 -13"><span class='ocrx_word' id='word_1_109' title='bbox 168 788 338 824; x_wconf 82' lang='grc' dir='ltr'>βουλομένοις</span> <span class='ocrx_word' id='word_1_110' title='bbox 355 790 608 826; x_wconf 69' lang='grc' dir='ltr'><strong>παρεχωρήσαμεν·</strong></span> <span class='ocrx_word' id='word_1_111' title='bbox 624 791 672 826; x_wconf 71' lang='grc' dir='ltr'><strong>οὑχ</strong></span> <span class='ocrx_word' id='word_1_112' title='bbox 695 791 744 817; x_wconf 82' lang='grc' dir='ltr'>ὅσα</span> <span class='ocrx_word' id='word_1_113' title='bbox 764 791 814 826; x_wconf 83' lang='grc' dir='ltr'>τῆς</span> <span class='ocrx_word' id='word_1_114' title='bbox 839 790 950 827; x_wconf 81' lang='grc' dir='ltr'><strong>πρώτης</strong></span> 
     </span>
    </p>
   </div>
   <div class='ocr_carea' id='block_1_18' title="bbox 165 834 950 872">
    <p class='ocr_par' dir='ltr' id='par_1_18' title="bbox 165 834 950 872">
     <span class='ocr_line' id='line_1_18' title="bbox 165 834 950 872; baseline 0.004 -12"><span class='ocrx_word' id='word_1_115' title='bbox 165 834 284 868; x_wconf 81' lang='grc' dir='ltr'><strong>γεύσεως</strong></span> <span class='ocrx_word' id='word_1_116' title='bbox 302 835 356 870; x_wconf 80' lang='grc'><strong>(60)</strong></span> <span class='ocrx_word' id='word_1_117' title='bbox 372 835 460 871; x_wconf 76' lang='grc' dir='ltr'>ἡμῶν,</span> <span class='ocrx_word' id='word_1_118' title='bbox 474 835 504 867; x_wconf 79' lang='grc' dir='ltr'>ἐξ</span> <span class='ocrx_word' id='word_1_119' title='bbox 517 834 551 871; x_wconf 79' lang='grc' dir='ltr'>ἧς</span> <span class='ocrx_word' id='word_1_120' title='bbox 565 836 756 872; x_wconf 80' lang='grc' dir='ltr'>ἀπολώλαμεν,</span> <span class='ocrx_word' id='word_1_121' title='bbox 772 836 886 870; x_wconf 78' lang='grc' dir='ltr'>ἔκγονα·</span> <span class='ocrx_word' id='word_1_122' title='bbox 903 836 950 863; x_wconf 82' lang='grc' dir='ltr'><strong>ἀλ-</strong></span> 
     </span>
    </p>
   </div>
   <div class='ocr_carea' id='block_1_19' title="bbox 165 880 949 918">
    <p class='ocr_par' dir='ltr' id='par_1_19' title="bbox 165 880 949 918">
     <span class='ocr_line' id='line_1_19' title="bbox 165 880 949 918; baseline 0.003 -11"><span class='ocrx_word' id='word_1_123' title='bbox 165 880 200 907; x_wconf 82' lang='grc' dir='ltr'>λὰ</span> <span class='ocrx_word' id='word_1_124' title='bbox 210 881 255 907; x_wconf 79' lang='grc' dir='ltr'>καὶ</span> <span class='ocrx_word' id='word_1_125' title='bbox 268 881 368 917; x_wconf 83' lang='grc' dir='ltr'>πολλὴν</span> <span class='ocrx_word' id='word_1_126' title='bbox 380 882 506 918; x_wconf 83' lang='grc' dir='ltr'>εὐήθειαν</span> <span class='ocrx_word' id='word_1_127' title='bbox 517 882 714 916; x_wconf 80' lang='grc' dir='ltr'>καταγινώσκω</span> <span class='ocrx_word' id='word_1_128' title='bbox 724 882 777 909; x_wconf 82' lang='grc' dir='ltr'><strong>τῶν</strong></span> <span class='ocrx_word' id='word_1_129' title='bbox 792 883 949 918; x_wconf 80' lang='grc' dir='ltr'>κρατεῖσθαι</span> 
     </span>
    </p>
   </div>
   <div class='ocr_carea' id='block_1_20' title="bbox 1008 288 1789 327">
    <p class='ocr_par' dir='ltr' id='par_1_20' title="bbox 1008 288 1789 327">
     <span class='ocr_line' id='line_1_20' title="bbox 1008 288 1789 327; baseline -0.005 -8"><span class='ocrx_word' id='word_1_130' title='bbox 1008 293 1165 324; x_wconf 85' lang='lat' dir='ltr'><strong>maximum,</strong></span> <span class='ocrx_word' id='word_1_131' title='bbox 1179 292 1249 327; x_wconf 90' lang='lat' dir='ltr'><strong>quod</strong></span> <span class='ocrx_word' id='word_1_132' title='bbox 1265 300 1318 319; x_wconf 93' lang='lat' dir='ltr'><strong>non</strong></span> <span class='ocrx_word' id='word_1_133' title='bbox 1333 295 1395 326; x_wconf 89' lang='lat' dir='ltr'><strong>post</strong></span> <span class='ocrx_word' id='word_1_134' title='bbox 1411 291 1507 318; x_wconf 87' lang='lat' dir='ltr'><strong>festum</strong></span> <span class='ocrx_word' id='word_1_135' title='bbox 1522 290 1694 321; x_wconf 88' lang='lat' dir='ltr'><strong>accessimus,</strong></span> <span class='ocrx_word' id='word_1_136' title='bbox 1707 288 1789 325; x_wconf 64' lang='grc'><strong>439</strong></span> 
     </span>
    </p>
   </div>
   <div class='ocr_carea' id='block_1_21' title="bbox 1008 336 1789 372">
    <p class='ocr_par' dir='ltr' id='par_1_21' title="bbox 1008 336 1789 372">
     <span class='ocr_line' id='line_1_21' title="bbox 1008 336 1789 372; baseline -0.005 -7"><span class='ocrx_word' id='word_1_137' title='bbox 1008 337 1169 372; x_wconf 87' lang='lat' dir='ltr'><strong>seriusque,</strong></span> <span class='ocrx_word' id='word_1_138' title='bbox 1199 345 1280 372; x_wconf 85' lang='lat' dir='ltr'><strong>quam</strong></span> <span class='ocrx_word' id='word_1_139' title='bbox 1311 341 1341 364; x_wconf 87' lang='lat' dir='ltr'><strong>ut</strong></span> <span class='ocrx_word' id='word_1_140' title='bbox 1368 343 1517 371; x_wconf 86' lang='lat' dir='ltr'><strong>martyrum</strong></span> <span class='ocrx_word' id='word_1_141' title='bbox 1549 336 1634 363; x_wconf 89' lang='lat' dir='ltr'><strong>sacris</strong></span> <span class='ocrx_word' id='word_1_142' title='bbox 1659 336 1789 362; x_wconf 77' lang='lat' dir='ltr'><strong>interesse</strong></span> 
     </span>
    </p>
   </div>
   <div class='ocr_carea' id='block_1_22' title="bbox 1007 379 1789 418">
    <p class='ocr_par' dir='ltr' id='par_1_22' title="bbox 1007 379 1789 418">
     <span class='ocr_line' id='line_1_22' title="bbox 1007 379 1789 418; baseline -0.006 -8"><span class='ocrx_word' id='word_1_143' title='bbox 1007 390 1150 418; x_wconf 84' lang='lat' dir='ltr'><strong>queamus,</strong></span> <span class='ocrx_word' id='word_1_144' title='bbox 1177 390 1264 417; x_wconf 90' lang='lat' dir='ltr'><strong>eoque</strong></span> <span class='ocrx_word' id='word_1_145' title='bbox 1289 382 1487 409; x_wconf 88' lang='lat' dir='ltr'><strong>oblectamento</strong></span> <span class='ocrx_word' id='word_1_146' title='bbox 1507 380 1644 415; x_wconf 81' lang='lat' dir='ltr'><strong>animique</strong></span> <span class='ocrx_word' id='word_1_147' title='bbox 1666 379 1789 414; x_wconf 81' lang='lat' dir='ltr'><strong>jucutnli-</strong></span> 
     </span>
    </p>
   </div>
   <div class='ocr_carea' id='block_1_23' title="bbox 1008 424 1789 462">
    <p class='ocr_par' dir='ltr' id='par_1_23' title="bbox 1008 424 1789 462">
     <span class='ocr_line' id='line_1_23' title="bbox 1008 424 1789 462; baseline -0.006 -7"><span class='ocrx_word' id='word_1_148' title='bbox 1008 433 1062 455; x_wconf 88' lang='lat' dir='ltr'><strong>tate</strong></span> <span class='ocrx_word' id='word_1_149' title='bbox 1077 428 1139 461; x_wconf 78' lang='lat' dir='ltr'><strong>frui,</strong></span> <span class='ocrx_word' id='word_1_150' title='bbox 1157 435 1218 462; x_wconf 72' lang='lat' dir='ltr'><strong>quae</strong></span> <span class='ocrx_word' id='word_1_151' title='bbox 1234 428 1296 455; x_wconf 88' lang='lat' dir='ltr'><strong>hinc</strong></span> <span class='ocrx_word' id='word_1_152' title='bbox 1313 427 1391 454; x_wconf 89' lang='lat' dir='ltr'><strong>nobis</strong></span> <span class='ocrx_word' id='word_1_153' title='bbox 1407 430 1588 460; x_wconf 75' lang='lat' dir='ltr'><strong>comparatur.</strong></span> <span class='ocrx_word' id='word_1_154' title='bbox 1605 424 1670 451; x_wconf 82' lang='lat' dir='ltr'><strong>Nam</strong></span> <span class='ocrx_word' id='word_1_155' title='bbox 1685 424 1789 451; x_wconf 70' lang='lat' dir='ltr'><strong>caeteris</strong></span> 
     </span>
    </p>
   </div>
   <div class='ocr_carea' id='block_1_24' title="bbox 1007 471 1789 508">
    <p class='ocr_par' dir='ltr' id='par_1_24' title="bbox 1007 471 1789 508">
     <span class='ocr_line' id='line_1_24' title="bbox 1007 471 1789 508; baseline -0.005 -8"><span class='ocrx_word' id='word_1_156' title='bbox 1007 474 1117 508; x_wconf 88' lang='lat' dir='ltr'><strong>quidem</strong></span> <span class='ocrx_word' id='word_1_157' title='bbox 1133 473 1160 501; x_wconf 89' lang='lat' dir='ltr'><strong>in</strong></span> <span class='ocrx_word' id='word_1_158' title='bbox 1175 474 1255 501; x_wconf 83' lang='lat' dir='ltr'><strong>rebus</strong></span> <span class='ocrx_word' id='word_1_159' title='bbox 1269 480 1312 500; x_wconf 87' lang='lat' dir='ltr'><strong>me</strong></span> <span class='ocrx_word' id='word_1_160' title='bbox 1326 474 1420 508; x_wconf 84' lang='lat' dir='ltr'><strong>quovis</strong></span> <span class='ocrx_word' id='word_1_161' title='bbox 1442 472 1549 499; x_wconf 84' lang='lat' dir='ltr'><strong>homine</strong></span> <span class='ocrx_word' id='word_1_162' title='bbox 1563 471 1713 506; x_wconf 76' lang='lat' dir='ltr'><strong>segniorem</strong></span> <span class='ocrx_word' id='word_1_163' title='bbox 1728 476 1789 496; x_wconf 76' lang='lat' dir='ltr'><strong>esse</strong></span> 
     </span>
    </p>
   </div>
   <div class='ocr_carea' id='block_1_25' title="bbox 1005 515 1785 553">
    <p class='ocr_par' dir='ltr' id='par_1_25' title="bbox 1005 515 1785 553">
     <span class='ocr_line' id='line_1_25' title="bbox 1005 515 1785 553; baseline -0.008 -6"><span class='ocrx_word' id='word_1_164' title='bbox 1005 527 1058 547; x_wconf 91' lang='lat' dir='ltr'><strong>nou</strong></span> <span class='ocrx_word' id='word_1_165' title='bbox 1080 520 1203 553; x_wconf 86' lang='lat' dir='ltr'><strong>inlicior;</strong></span> <span class='ocrx_word' id='word_1_166' title='bbox 1223 527 1330 547; x_wconf 90' lang='lat' dir='ltr'><strong>omnem</strong></span> <span class='ocrx_word' id='word_1_167' title='bbox 1348 520 1419 546; x_wconf 88' lang='lat' dir='ltr'><strong>enim</strong></span> <span class='ocrx_word' id='word_1_168' title='bbox 1444 517 1615 552; x_wconf 87' lang='lat' dir='ltr'><strong>cupiditatem</strong></span> <span class='ocrx_word' id='word_1_169' title='bbox 1639 515 1733 550; x_wconf 80' lang='lat' dir='ltr'><strong>abieci,</strong></span> <span class='ocrx_word' id='word_1_170' title='bbox 1751 523 1785 542; x_wconf 84' lang='lat' dir='ltr'><strong>ex</strong></span> 
     </span>
    </p>
   </div>
   <div class='ocr_carea' id='block_1_26' title="bbox 1005 561 1784 599">
    <p class='ocr_par' dir='ltr' id='par_1_26' title="bbox 1005 561 1784 599">
     <span class='ocr_line' id='line_1_26' title="bbox 1005 561 1784 599; baseline -0.006 -8"><span class='ocrx_word' id='word_1_171' title='bbox 1005 572 1059 599; x_wconf 90' lang='lat' dir='ltr'><strong>quo</strong></span> <span class='ocrx_word' id='word_1_172' title='bbox 1077 564 1186 592; x_wconf 80' lang='lat' dir='ltr'><strong>Christo</strong></span> <span class='ocrx_word' id='word_1_173' title='bbox 1204 571 1300 592; x_wconf 88' lang='lat' dir='ltr'><strong>nomen</strong></span> <span class='ocrx_word' id='word_1_174' title='bbox 1316 564 1388 596; x_wconf 89' lang='lat' dir='ltr'><strong>dedi,</strong></span> <span class='ocrx_word' id='word_1_175' title='bbox 1405 570 1491 598; x_wconf 87' lang='lat' dir='ltr'><strong>neque</strong></span> <span class='ocrx_word' id='word_1_176' title='bbox 1504 570 1535 590; x_wconf 81' lang='lat' dir='ltr'><strong>ex</strong></span> <span class='ocrx_word' id='word_1_177' title='bbox 1549 562 1675 590; x_wconf 90' lang='lat' dir='ltr'><strong>omnibus</strong></span> <span class='ocrx_word' id='word_1_178' title='bbox 1693 561 1784 593; x_wconf 84' lang='lat' dir='ltr'><strong>rebus,</strong></span> 
     </span>
    </p>
   </div>
   <div class='ocr_carea' id='block_1_27' title="bbox 1005 605 1786 644">
    <p class='ocr_par' dir='ltr' id='par_1_27' title="bbox 1005 605 1786 644">
     <span class='ocr_line' id='line_1_27' title="bbox 1005 605 1786 644; baseline -0.006 -7"><span class='ocrx_word' id='word_1_179' title='bbox 1005 617 1066 644; x_wconf 74' lang='lat' dir='ltr'><strong>qute</strong></span> <span class='ocrx_word' id='word_1_180' title='bbox 1083 610 1143 637; x_wconf 87' lang='lat' dir='ltr'><strong>aliis</strong></span> <span class='ocrx_word' id='word_1_181' title='bbox 1156 609 1282 644; x_wconf 63' lang='lat' dir='ltr'><strong>jucunda</strong></span> <span class='ocrx_word' id='word_1_182' title='bbox 1305 613 1386 643; x_wconf 90' lang='lat' dir='ltr'><strong>atque</strong></span> <span class='ocrx_word' id='word_1_183' title='bbox 1400 608 1557 643; x_wconf 65' lang='lat' dir='ltr'><strong>expetendae</strong></span> <span class='ocrx_word' id='word_1_184' title='bbox 1581 606 1664 634; x_wconf 88' lang='lat' dir='ltr'><strong>videri</strong></span> <span class='ocrx_word' id='word_1_185' title='bbox 1690 605 1786 637; x_wconf 83' lang='lat' dir='ltr'><strong>solent,</strong></span> 
     </span>
    </p>
   </div>
   <div class='ocr_carea' id='block_1_28' title="bbox 1006 650 1786 687">
    <p class='ocr_par' dir='ltr' id='par_1_28' title="bbox 1006 650 1786 687">
     <span class='ocr_line' id='line_1_28' title="bbox 1006 650 1786 687; baseline -0.005 -7"><span class='ocrx_word' id='word_1_186' title='bbox 1006 654 1057 680; x_wconf 88' lang='lat' dir='ltr'><strong>ulla</strong></span> <span class='ocrx_word' id='word_1_187' title='bbox 1080 658 1190 687; x_wconf 85' lang='lat' dir='ltr'><strong>teneor;</strong></span> <span class='ocrx_word' id='word_1_188' title='bbox 1208 661 1260 680; x_wconf 87' lang='lat' dir='ltr'><strong>tton</strong></span> <span class='ocrx_word' id='word_1_189' title='bbox 1277 653 1372 687; x_wconf 90' lang='lat' dir='ltr'><strong>opibus</strong></span> <span class='ocrx_word' id='word_1_190' title='bbox 1385 659 1444 686; x_wconf 60' lang='lat' dir='ltr'><strong>quae</strong></span> <span class='ocrx_word' id='word_1_191' title='bbox 1460 652 1537 678; x_wconf 62' lang='lat' dir='ltr'><strong>ﬂuxae</strong></span> <span class='ocrx_word' id='word_1_192' title='bbox 1551 655 1579 678; x_wconf 86' lang='lat' dir='ltr'><strong>et</strong></span> <span class='ocrx_word' id='word_1_193' title='bbox 1593 650 1701 677; x_wconf 60' lang='lat' dir='ltr'><strong>caduca!</strong></span> <span class='ocrx_word' id='word_1_194' title='bbox 1714 654 1786 680; x_wconf 87' lang='lat' dir='ltr'><strong>sunt,</strong></span> 
     </span>
    </p>
   </div>
   <div class='ocr_carea' id='block_1_29' title="bbox 1005 695 1787 732">
    <p class='ocr_par' dir='ltr' id='par_1_29' title="bbox 1005 695 1787 732">
     <span class='ocr_line' id='line_1_29' title="bbox 1005 695 1787 732; baseline -0.006 -6"><span class='ocrx_word' id='word_1_195' title='bbox 1005 706 1038 726; x_wconf 87' lang='lat' dir='ltr'><strong>ac</strong></span> <span class='ocrx_word' id='word_1_196' title='bbox 1057 707 1164 726; x_wconf 79' lang='lat' dir='ltr'><strong>sursum</strong></span> <span class='ocrx_word' id='word_1_197' title='bbox 1182 698 1365 732; x_wconf 84' lang='lat' dir='ltr'><strong>deorsumque</strong></span> <span class='ocrx_word' id='word_1_198' title='bbox 1377 698 1530 729; x_wconf 71' lang='lat' dir='ltr'><strong>volvuntur,</strong></span> <span class='ocrx_word' id='word_1_199' title='bbox 1548 705 1600 724; x_wconf 84' lang='lat' dir='ltr'><strong>non</strong></span> <span class='ocrx_word' id='word_1_200' title='bbox 1617 695 1717 723; x_wconf 77' lang='lat' dir='ltr'><strong>ventris</strong></span> <span class='ocrx_word' id='word_1_201' title='bbox 1740 702 1787 722; x_wconf 90' lang='lat' dir='ltr'><strong>vo-</strong></span> 
     </span>
    </p>
   </div>
   <div class='ocr_carea' id='block_1_30' title="bbox 1004 740 1785 779">
    <p class='ocr_par' dir='ltr' id='par_1_30' title="bbox 1004 740 1785 779">
     <span class='ocr_line' id='line_1_30' title="bbox 1004 740 1785 779; baseline -0.006 -9"><span class='ocrx_word' id='word_1_202' title='bbox 1004 743 1161 779; x_wconf 86' lang='lat' dir='ltr'><strong>luptatibus,</strong></span> <span class='ocrx_word' id='word_1_203' title='bbox 1179 751 1232 770; x_wconf 94' lang='lat' dir='ltr'><strong>non</strong></span> <span class='ocrx_word' id='word_1_204' title='bbox 1244 744 1395 775; x_wconf 81' lang='lat' dir='ltr'><strong>saturitate,</strong></span> <span class='ocrx_word' id='word_1_205' title='bbox 1415 749 1474 776; x_wconf 66' lang='lat' dir='ltr'><strong>qum</strong></span> <span class='ocrx_word' id='word_1_206' title='bbox 1485 741 1622 768; x_wconf 83' lang='lat' dir='ltr'><strong>libidinem</strong></span> <span class='ocrx_word' id='word_1_207' title='bbox 1635 740 1716 775; x_wconf 83' lang='lat' dir='ltr'><strong>parit,</strong></span> <span class='ocrx_word' id='word_1_208' title='bbox 1732 747 1785 766; x_wconf 90' lang='lat' dir='ltr'><strong>non</strong></span> 
     </span>
    </p>
   </div>
   <div class='ocr_carea' id='block_1_31' title="bbox 1005 785 1786 822">
    <p class='ocr_par' dir='ltr' id='par_1_31' title="bbox 1005 785 1786 822">
     <span class='ocr_line' id='line_1_31' title="bbox 1005 785 1786 822; baseline -0.009 -4"><span class='ocrx_word' id='word_1_209' title='bbox 1005 796 1080 820; x_wconf 85' lang='lat' dir='ltr'><strong>veste</strong></span> <span class='ocrx_word' id='word_1_210' title='bbox 1093 791 1169 819; x_wconf 88' lang='lat' dir='ltr'><strong>molli</strong></span> <span class='ocrx_word' id='word_1_211' title='bbox 1184 795 1212 818; x_wconf 89' lang='lat' dir='ltr'><strong>et</strong></span> <span class='ocrx_word' id='word_1_212' title='bbox 1233 790 1381 822; x_wconf 84' lang='lat' dir='ltr'><strong>dilllueute,</strong></span> <span class='ocrx_word' id='word_1_213' title='bbox 1392 797 1444 816; x_wconf 93' lang='lat' dir='ltr'><strong>non</strong></span> <span class='ocrx_word' id='word_1_214' title='bbox 1461 795 1626 822; x_wconf 72' lang='lat' dir='ltr'><strong>gemmarum</strong></span> <span class='ocrx_word' id='word_1_215' title='bbox 1644 785 1786 821; x_wconf 82' lang='lat' dir='ltr'><strong>splendore</strong></span> 
     </span>
    </p>
   </div>
   <div class='ocr_carea' id='block_1_32' title="bbox 1003 832 1784 872">
    <p class='ocr_par' dir='ltr' id='par_1_32' title="bbox 1003 832 1784 872">
     <span class='ocr_line' id='line_1_32' title="bbox 1003 832 1784 872; baseline -0.009 -7"><span class='ocrx_word' id='word_1_216' title='bbox 1003 842 1030 866; x_wconf 92' lang='lat' dir='ltr'><strong>et</strong></span> <span class='ocrx_word' id='word_1_217' title='bbox 1053 838 1151 872; x_wconf 74' lang='lat' dir='ltr'><strong>gratia,</strong></span> <span class='ocrx_word' id='word_1_218' title='bbox 1178 844 1232 864; x_wconf 88' lang='lat' dir='ltr'><strong>non</strong></span> <span class='ocrx_word' id='word_1_219' title='bbox 1257 835 1349 863; x_wconf 92' lang='lat' dir='ltr'><strong>auditu</strong></span> <span class='ocrx_word' id='word_1_220' title='bbox 1376 835 1525 870; x_wconf 67' lang='lat' dir='ltr'><strong>praestigias</strong></span> <span class='ocrx_word' id='word_1_221' title='bbox 1547 832 1713 865; x_wconf 76' lang='lat' dir='ltr'><strong>olfundeute,</strong></span> <span class='ocrx_word' id='word_1_222' title='bbox 1732 839 1784 858; x_wconf 90' lang='lat' dir='ltr'><strong>non</strong></span> 
     </span>
    </p>
   </div>
   <div class='ocr_carea' id='block_1_33' title="bbox 1002 877 1786 915">
    <p class='ocr_par' dir='ltr' id='par_1_33' title="bbox 1002 877 1786 915">
     <span class='ocr_line' id='line_1_33' title="bbox 1002 877 1786 915; baseline -0.009 -4"><span class='ocrx_word' id='word_1_223' title='bbox 1002 883 1101 911; x_wconf 80' lang='lat' dir='ltr'><strong>olfactu</strong></span> <span class='ocrx_word' id='word_1_224' title='bbox 1118 883 1236 910; x_wconf 87' lang='lat' dir='ltr'><strong>anitnum</strong></span> <span class='ocrx_word' id='word_1_225' title='bbox 1265 881 1448 914; x_wconf 69' lang='lat' dir='ltr'><strong>ell‘eminante,</strong></span> <span class='ocrx_word' id='word_1_226' title='bbox 1464 888 1515 907; x_wconf 90' lang='lat' dir='ltr'><strong>non</strong></span> <span class='ocrx_word' id='word_1_227' title='bbox 1540 879 1612 915; x_wconf 72' lang='lat' dir='ltr'><strong>vulgi</strong></span> <span class='ocrx_word' id='word_1_228' title='bbox 1630 886 1662 906; x_wconf 88' lang='lat' dir='ltr'><strong>ac</strong></span> <span class='ocrx_word' id='word_1_229' title='bbox 1688 877 1786 905; x_wconf 87' lang='lat' dir='ltr'><strong>theatri</strong></span> 
     </span>
    </p>
   </div>
   <div class='ocr_carea' id='block_1_34' title="bbox 165 924 947 964">
    <p class='ocr_par' dir='ltr' id='par_1_34' title="bbox 165 926 945 964">
     <span class='ocr_line' id='line_1_34' title="bbox 165 926 945 964; baseline 0.004 -11"><span class='ocrx_word' id='word_1_230' title='bbox 165 926 270 959; x_wconf 83' lang='grc' dir='ltr'>τούτοις</span> <span class='ocrx_word' id='word_1_231' title='bbox 283 928 465 962; x_wconf 82' lang='grc' dir='ltr'>ἀνεχομένων,</span> <span class='ocrx_word' id='word_1_232' title='bbox 483 929 530 955; x_wconf 76' lang='grc' dir='ltr'>καὶ</span> <span class='ocrx_word' id='word_1_233' title='bbox 551 929 581 955; x_wconf 81' lang='grc' dir='ltr'>τὸ</span> <span class='ocrx_word' id='word_1_234' title='bbox 602 929 652 964; x_wconf 76' lang='grc' dir='ltr'>τῆς</span> <span class='ocrx_word' id='word_1_235' title='bbox 667 928 754 964; x_wconf 74' lang='grc' dir='ltr'>ψυχῆς</span> <span class='ocrx_word' id='word_1_236' title='bbox 771 929 880 964; x_wconf 77' lang='grc' dir='ltr'>εὐγενὲς</span> <span class='ocrx_word' id='word_1_237' title='bbox 892 929 945 957; x_wconf 86' lang='grc' dir='ltr'>δια-</span> 
     </span>
    </p>
   </div>
   <div class='ocr_carea' id='block_1_35' title="bbox 1000 924 1786 964">
    <p class='ocr_par' dir='ltr' id='par_1_35' title="bbox 1003 924 1786 963">
     <span class='ocr_line' id='line_1_35' title="bbox 1003 924 1786 963; baseline -0.008 -8"><span class='ocrx_word' id='word_1_238' title='bbox 1003 928 1157 963; x_wconf 77' lang='lat' dir='ltr'><strong>plausibus,</strong></span> <span class='ocrx_word' id='word_1_239' title='bbox 1183 927 1229 962; x_wconf 90' lang='lat' dir='ltr'><strong>qui</strong></span> <span class='ocrx_word' id='word_1_240' title='bbox 1258 927 1375 954; x_wconf 89' lang='lat' dir='ltr'><strong>furorem</strong></span> <span class='ocrx_word' id='word_1_241' title='bbox 1390 927 1518 958; x_wconf 81' lang='lat' dir='ltr'><strong>excitant,</strong></span> <span class='ocrx_word' id='word_1_242' title='bbox 1537 932 1604 960; x_wconf 88' lang='lat' dir='ltr'><strong>quos</strong></span> <span class='ocrx_word' id='word_1_243' title='bbox 1627 924 1786 959; x_wconf 84' lang='lat' dir='ltr'><strong>jampridem</strong></span> 
     </span>
    </p>
   </div>
   <div class='ocr_carea' id='block_1_36' title="bbox 165 973 949 1011">
    <p class='ocr_par' dir='ltr' id='par_1_36' title="bbox 165 973 949 1011">
     <span class='ocr_line' id='line_1_36' title="bbox 165 973 949 1011; baseline 0.004 -12"><span class='ocrx_word' id='word_1_244' title='bbox 165 973 288 1009; x_wconf 78' lang='grc' dir='ltr'>φθείρειν</span> <span class='ocrx_word' id='word_1_245' title='bbox 301 975 333 1009; x_wconf 83' lang='grc' dir='ltr'><strong>τῇ</strong></span> <span class='ocrx_word' id='word_1_246' title='bbox 345 974 408 1009; x_wconf 72' lang='grc' dir='ltr'>περὶ</span> <span class='ocrx_word' id='word_1_247' title='bbox 419 974 505 1002; x_wconf 81' lang='grc' dir='ltr'>ταῦτα</span> <span class='ocrx_word' id='word_1_248' title='bbox 519 976 730 1011; x_wconf 71' lang='grc' dir='ltr'>μικροπρεπεῐᾳ,</span> <span class='ocrx_word' id='word_1_249' title='bbox 741 976 787 1002; x_wconf 77' lang='grc' dir='ltr'>καὶ</span> <span class='ocrx_word' id='word_1_250' title='bbox 801 976 838 1008; x_wconf 86' lang='grc' dir='ltr'>ὡς</span> <span class='ocrx_word' id='word_1_251' title='bbox 850 975 949 1003; x_wconf 80' lang='grc' dir='ltr'>ἑστῶσι</span> 
     </span>
    </p>
   </div>
   <div class='ocr_carea' id='block_1_37' title="bbox 165 1018 950 1055">
    <p class='ocr_par' dir='ltr' id='par_1_37' title="bbox 165 1018 950 1055">
     <span class='ocr_line' id='line_1_37' title="bbox 165 1018 950 1055; baseline 0.004 -10"><span class='ocrx_word' id='word_1_252' title='bbox 165 1018 383 1054; x_wconf 78' lang='grc' dir='ltr'>προστιθεμένων</span> <span class='ocrx_word' id='word_1_253' title='bbox 409 1022 465 1052; x_wconf 88' lang='grc' dir='ltr'>τοῖς</span> <span class='ocrx_word' id='word_1_254' title='bbox 495 1020 650 1055; x_wconf 78' lang='grc' dir='ltr'>φεύγουσιν.</span> <span class='ocrx_word' id='word_1_255' title='bbox 684 1022 803 1048; x_wconf 82' lang='grc' dir='ltr'>Ἐκείνου</span> <span class='ocrx_word' id='word_1_256' title='bbox 835 1022 863 1048; x_wconf 83' lang='grc' dir='ltr'><strong>δὲ</strong></span> <span class='ocrx_word' id='word_1_257' title='bbox 890 1021 950 1048; x_wconf 83' lang='grc' dir='ltr'>λίαν</span> 
     </span>
    </p>
   </div>
   <div class='ocr_carea' id='block_1_38' title="bbox 163 1064 949 1102">
    <p class='ocr_par' dir='ltr' id='par_1_38' title="bbox 163 1064 949 1102">
     <span class='ocr_line' id='line_1_38' title="bbox 163 1064 949 1102; baseline 0.004 -12"><span class='ocrx_word' id='word_1_258' title='bbox 163 1064 309 1099; x_wconf 79' lang='grc' dir='ltr'><strong>ἀπλήστως</strong></span> <span class='ocrx_word' id='word_1_259' title='bbox 323 1064 376 1100; x_wconf 77' lang='grc' dir='ltr'><strong>ἔχω</strong></span> <span class='ocrx_word' id='word_1_260' title='bbox 391 1066 438 1092; x_wconf 77' lang='grc' dir='ltr'>καὶ</span> <span class='ocrx_word' id='word_1_261' title='bbox 452 1066 626 1102; x_wconf 76' lang='grc' dir='ltr'>περιέχομαι,</span> <span class='ocrx_word' id='word_1_262' title='bbox 641 1066 744 1093; x_wconf 78' lang='grc' dir='ltr'>καὶτοῦ</span> <span class='ocrx_word' id='word_1_263' title='bbox 756 1067 857 1098; x_wconf 74' lang='grc' dir='ltr'>πάθους</span> <span class='ocrx_word' id='word_1_264' title='bbox 868 1068 949 1102; x_wconf 79' lang='grc' dir='ltr'>ἐμαυ-</span> 
     </span>
    </p>
   </div>
   <div class='ocr_carea' id='block_1_39' title="bbox 163 1110 949 1150">
    <p class='ocr_par' dir='ltr' id='par_1_39' title="bbox 163 1110 949 1150">
     <span class='ocr_line' id='line_1_39' title="bbox 163 1110 949 1150; baseline 0.004 -13"><span class='ocrx_word' id='word_1_265' title='bbox 163 1110 209 1137; x_wconf 70' lang='grc' dir='ltr'>τὸν</span> <span class='ocrx_word' id='word_1_266' title='bbox 220 1111 402 1147; x_wconf 75' lang='grc' dir='ltr'>ἀποδέχομαι·</span> <span class='ocrx_word' id='word_1_267' title='bbox 421 1112 564 1149; x_wconf 82' lang='grc' dir='ltr'>μαρτύρων</span> <span class='ocrx_word' id='word_1_268' title='bbox 579 1114 670 1148; x_wconf 86' lang='grc' dir='ltr'>τιμαῖς</span> <span class='ocrx_word' id='word_1_269' title='bbox 688 1113 880 1150; x_wconf 80' lang='grc' dir='ltr'>ἐπιτέρπομαι,</span> <span class='ocrx_word' id='word_1_270' title='bbox 901 1113 949 1140; x_wconf 69' lang='grc' dir='ltr'>καὶ</span> 
     </span>
    </p>
   </div>
   <div class='ocr_carea' id='block_1_40' title="bbox 162 1153 947 1196">
    <p class='ocr_par' dir='ltr' id='par_1_40' title="bbox 162 1153 947 1196">
     <span class='ocr_line' id='line_1_40' title="bbox 162 1153 947 1196; baseline 0.004 -13"><span class='ocrx_word' id='word_1_271' title='bbox 162 1157 286 1192; x_wconf 85' lang='grc' dir='ltr'>ἀθλητῶν</span> <span class='ocrx_word' id='word_1_272' title='bbox 312 1158 424 1192; x_wconf 84' lang='grc' dir='ltr'>αἵμασιν</span> <span class='ocrx_word' id='word_1_273' title='bbox 446 1153 650 1194; x_wconf 72' lang='grc' dir='ltr'>ἓπαγάλλομαι·</span> <span class='ocrx_word' id='word_1_274' title='bbox 677 1160 724 1187; x_wconf 82' lang='grc' dir='ltr'>καὶ</span> <span class='ocrx_word' id='word_1_275' title='bbox 746 1159 832 1186; x_wconf 83' lang='grc' dir='ltr'>ἄλλων</span> <span class='ocrx_word' id='word_1_276' title='bbox 851 1160 901 1196; x_wconf 79' lang='grc' dir='ltr'>μὲν</span> <span class='ocrx_word' id='word_1_277' title='bbox 923 1161 947 1186; x_wconf 83' lang='lat' dir='ltr'><strong>oi</strong></span> 
     </span>
    </p>
   </div>
   <div class='ocr_carea' id='block_1_41' title="bbox 162 1202 948 1240">
    <p class='ocr_par' dir='ltr' id='par_1_41' title="bbox 162 1202 948 1240">
     <span class='ocr_line' id='line_1_41' title="bbox 162 1202 948 1240; baseline 0.003 -11"><span class='ocrx_word' id='word_1_278' title='bbox 162 1202 239 1230; x_wconf 84' lang='grc' dir='ltr'>ἆθλοι</span> <span class='ocrx_word' id='word_1_279' title='bbox 257 1204 304 1230; x_wconf 74' lang='grc' dir='ltr'>καὶ</span> <span class='ocrx_word' id='word_1_280' title='bbox 319 1204 349 1231; x_wconf 78' lang='grc' dir='ltr'>τὸ</span> <span class='ocrx_word' id='word_1_281' title='bbox 363 1206 482 1240; x_wconf 85' lang='grc' dir='ltr'>κρατεῖν,</span> <span class='ocrx_word' id='word_1_282' title='bbox 500 1206 561 1240; x_wconf 73' lang='grc' dir='ltr'>ἐμοὶ</span> <span class='ocrx_word' id='word_1_283' title='bbox 580 1205 608 1231; x_wconf 81' lang='grc' dir='ltr'><strong>δὲ</strong></span> <span class='ocrx_word' id='word_1_284' title='bbox 617 1205 647 1231; x_wconf 81' lang='grc' dir='ltr'><strong>-οῐ</strong></span> <span class='ocrx_word' id='word_1_285' title='bbox 660 1205 796 1240; x_wconf 81' lang='grc' dir='ltr'>στέφανοι.</span> <span class='ocrx_word' id='word_1_286' title='bbox 816 1205 948 1232; x_wconf 82' lang='grc' dir='ltr'>Τοσοῦτον</span> 
     </span>
    </p>
   </div>
   <div class='ocr_carea' id='block_1_42' title="bbox 162 1248 948 1286">
    <p class='ocr_par' dir='ltr' id='par_1_42' title="bbox 162 1248 948 1286">
     <span class='ocr_line' id='line_1_42' title="bbox 162 1248 948 1286; baseline 0.003 -12"><span class='ocrx_word' id='word_1_287' title='bbox 162 1248 332 1284; x_wconf 81' lang='grc' dir='ltr'>προαρπάζω</span> <span class='ocrx_word' id='word_1_288' title='bbox 344 1248 392 1284; x_wconf 84' lang='grc' dir='ltr'>τὴν</span> <span class='ocrx_word' id='word_1_289' title='bbox 406 1250 556 1285; x_wconf 80' lang='grc' dir='ltr'>εὐκοσμίαν</span> <span class='ocrx_word' id='word_1_290' title='bbox 570 1249 637 1286; x_wconf 81' lang='grc'>(61),</span> <span class='ocrx_word' id='word_1_291' title='bbox 653 1250 700 1276; x_wconf 87' lang='grc' dir='ltr'><strong>καί</strong></span> <span class='ocrx_word' id='word_1_292' title='bbox 725 1249 811 1281; x_wconf 77' lang='grc' dir='ltr'>οὕτως</span> <span class='ocrx_word' id='word_1_293' title='bbox 837 1249 948 1276; x_wconf 72' lang='grc' dir='ltr'>οἰκειοῦ-</span> 
     </span>
    </p>
   </div>
   <div class='ocr_carea' id='block_1_43' title="bbox 162 1294 496 1331">
    <p class='ocr_par' dir='ltr' id='par_1_43' title="bbox 162 1294 496 1331">
     <span class='ocr_line' id='line_1_43' title="bbox 162 1294 496 1331; baseline 0.006 -11"><span class='ocrx_word' id='word_1_294' title='bbox 162 1302 212 1329; x_wconf 88' lang='grc' dir='ltr'><strong>μαι</strong></span> <span class='ocrx_word' id='word_1_295' title='bbox 227 1294 261 1321; x_wconf 82' lang='grc' dir='ltr'><strong>τὰ</strong></span> <span class='ocrx_word' id='word_1_296' title='bbox 275 1294 473 1331; x_wconf 80' lang='grc' dir='ltr'>κατορθώματα</span> <span class='ocrx_word' id='word_1_297' title='bbox 489 1296 496 1322; x_wconf 80' lang='grc' dir='ltr'><strong>ι</strong></span> 
     </span>
    </p>
   </div>
   <div class='ocr_carea' id='block_1_44' title="bbox 1002 969 1787 1007">
    <p class='ocr_par' dir='ltr' id='par_1_44' title="bbox 1002 969 1787 1007">
     <span class='ocr_line' id='line_1_44' title="bbox 1002 969 1787 1007; baseline -0.009 -7"><span class='ocrx_word' id='word_1_298' title='bbox 1002 973 1048 1005; x_wconf 84' lang='lat' dir='ltr'><strong>iis,</strong></span> <span class='ocrx_word' id='word_1_299' title='bbox 1068 973 1113 1007; x_wconf 87' lang='lat' dir='ltr'><strong>qui</strong></span> <span class='ocrx_word' id='word_1_300' title='bbox 1129 971 1188 1007; x_wconf 88' lang='lat' dir='ltr'><strong>ejus</strong></span> <span class='ocrx_word' id='word_1_301' title='bbox 1207 973 1245 1000; x_wconf 87' lang='lat' dir='ltr'><strong>rei</strong></span> <span class='ocrx_word' id='word_1_302' title='bbox 1260 972 1395 1000; x_wconf 87' lang='lat' dir='ltr'><strong>desiderio</strong></span> <span class='ocrx_word' id='word_1_303' title='bbox 1418 971 1579 1004; x_wconf 68' lang='lat' dir='ltr'><strong>adiciuntur,</strong></span> <span class='ocrx_word' id='word_1_304' title='bbox 1596 969 1668 997; x_wconf 83' lang='lat' dir='ltr'><strong>haud</strong></span> <span class='ocrx_word' id='word_1_305' title='bbox 1691 975 1787 1004; x_wconf 53' lang='lat' dir='ltr'><strong>gravas</strong></span> 
     </span>
    </p>
   </div>
   <div class='ocr_carea' id='block_1_45' title="bbox 1004 1015 1787 1052">
    <p class='ocr_par' dir='ltr' id='par_1_45' title="bbox 1004 1015 1787 1052">
     <span class='ocr_line' id='line_1_45' title="bbox 1004 1015 1787 1052; baseline -0.008 -7"><span class='ocrx_word' id='word_1_306' title='bbox 1004 1018 1051 1045; x_wconf 92' lang='lat' dir='ltr'><strong>tim</strong></span> <span class='ocrx_word' id='word_1_307' title='bbox 1066 1017 1233 1052; x_wconf 81' lang='lat' dir='ltr'><strong>reliquimus,</strong></span> <span class='ocrx_word' id='word_1_308' title='bbox 1252 1024 1304 1044; x_wconf 92' lang='lat' dir='ltr'><strong>non</strong></span> <span class='ocrx_word' id='word_1_309' title='bbox 1330 1017 1446 1050; x_wconf 87' lang='lat' dir='ltr'><strong>denique</strong></span> <span class='ocrx_word' id='word_1_310' title='bbox 1471 1016 1513 1043; x_wconf 85' lang='lat' dir='ltr'><strong>bis</strong></span> <span class='ocrx_word' id='word_1_311' title='bbox 1529 1015 1654 1043; x_wconf 89' lang='lat' dir='ltr'><strong>omnibus</strong></span> <span class='ocrx_word' id='word_1_312' title='bbox 1668 1020 1728 1048; x_wconf 64' lang='lat' dir='ltr'><strong>qua:</strong></span> <span class='ocrx_word' id='word_1_313' title='bbox 1753 1019 1787 1039; x_wconf 80' lang='lat' dir='ltr'><strong>ex</strong></span> 
     </span>
    </p>
   </div>
   <div class='ocr_carea' id='block_1_46' title="bbox 1002 1058 1788 1099">
    <p class='ocr_par' dir='ltr' id='par_1_46' title="bbox 1002 1058 1788 1099">
     <span class='ocr_line' id='line_1_46' title="bbox 1002 1058 1788 1099; baseline -0.008 -9"><span class='ocrx_word' id='word_1_314' title='bbox 1002 1063 1090 1099; x_wconf 89' lang='lat' dir='ltr'><strong>pritno</strong></span> <span class='ocrx_word' id='word_1_315' title='bbox 1107 1062 1153 1090; x_wconf 91' lang='lat' dir='ltr'><strong>illo</strong></span> <span class='ocrx_word' id='word_1_316' title='bbox 1171 1068 1261 1097; x_wconf 83' lang='lat' dir='ltr'><strong>gustu,</strong></span> <span class='ocrx_word' id='word_1_317' title='bbox 1281 1063 1326 1096; x_wconf 87' lang='lat' dir='ltr'><strong>qui</strong></span> <span class='ocrx_word' id='word_1_318' title='bbox 1343 1062 1420 1089; x_wconf 90' lang='lat' dir='ltr'><strong>nobis</strong></span> <span class='ocrx_word' id='word_1_319' title='bbox 1435 1061 1572 1089; x_wconf 84' lang='lat' dir='ltr'><strong>interitum</strong></span> <span class='ocrx_word' id='word_1_320' title='bbox 1585 1059 1687 1092; x_wconf 85' lang='lat' dir='ltr'><strong>attulit,</strong></span> <span class='ocrx_word' id='word_1_321' title='bbox 1709 1058 1788 1093; x_wconf 79' lang='lat' dir='ltr'><strong>origi-</strong></span> 
     </span>
    </p>
   </div>
   <div class='ocr_carea' id='block_1_47' title="bbox 1002 1104 1787 1143">
    <p class='ocr_par' dir='ltr' id='par_1_47' title="bbox 1002 1104 1787 1143">
     <span class='ocr_line' id='line_1_47' title="bbox 1002 1104 1787 1143; baseline -0.008 -6"><span class='ocrx_word' id='word_1_322' title='bbox 1002 1117 1063 1138; x_wconf 87' lang='lat' dir='ltr'><strong>nem</strong></span> <span class='ocrx_word' id='word_1_323' title='bbox 1083 1113 1225 1137; x_wconf 77' lang='lat' dir='ltr'><strong>traxerunt</strong></span> <span class='ocrx_word' id='word_1_324' title='bbox 1241 1116 1248 1135; x_wconf 92' lang='lat'>:</span> <span class='ocrx_word' id='word_1_325' title='bbox 1270 1108 1336 1143; x_wconf 92' lang='lat' dir='ltr'><strong>quin</strong></span> <span class='ocrx_word' id='word_1_326' title='bbox 1353 1109 1442 1143; x_wconf 87' lang='lat' dir='ltr'><strong>potius</strong></span> <span class='ocrx_word' id='word_1_327' title='bbox 1456 1114 1552 1141; x_wconf 80' lang='lat' dir='ltr'><strong>magna</strong></span> <span class='ocrx_word' id='word_1_328' title='bbox 1565 1113 1611 1134; x_wconf 88' lang='lat' dir='ltr'><strong>eos</strong></span> <span class='ocrx_word' id='word_1_329' title='bbox 1637 1106 1664 1133; x_wconf 90' lang='lat' dir='ltr'><strong>in</strong></span> <span class='ocrx_word' id='word_1_330' title='bbox 1684 1104 1787 1132; x_wconf 83' lang='lat' dir='ltr'><strong>stolidi-</strong></span> 
     </span>
    </p>
   </div>
   <div class='ocr_carea' id='block_1_48' title="bbox 1004 1151 1788 1188">
    <p class='ocr_par' dir='ltr' id='par_1_48' title="bbox 1004 1151 1788 1188">
     <span class='ocr_line' id='line_1_48' title="bbox 1004 1151 1788 1188; baseline -0.003 -6"><span class='ocrx_word' id='word_1_331' title='bbox 1004 1160 1058 1182; x_wconf 84' lang='lat' dir='ltr'><strong>tate</strong></span> <span class='ocrx_word' id='word_1_332' title='bbox 1077 1155 1181 1182; x_wconf 89' lang='lat' dir='ltr'><strong>versari</strong></span> <span class='ocrx_word' id='word_1_333' title='bbox 1196 1154 1334 1186; x_wconf 78' lang='lat' dir='ltr'><strong>existimo,</strong></span> <span class='ocrx_word' id='word_1_334' title='bbox 1352 1153 1396 1188; x_wconf 90' lang='lat' dir='ltr'><strong>qui</strong></span> <span class='ocrx_word' id='word_1_335' title='bbox 1410 1153 1444 1180; x_wconf 89' lang='lat' dir='ltr'><strong>ab</strong></span> <span class='ocrx_word' id='word_1_336' title='bbox 1459 1151 1611 1187; x_wconf 88' lang='lat' dir='ltr'><strong>hujusmodi</strong></span> <span class='ocrx_word' id='word_1_337' title='bbox 1629 1151 1707 1179; x_wconf 80' lang='lat' dir='ltr'><strong>rebus</strong></span> <span class='ocrx_word' id='word_1_338' title='bbox 1727 1156 1788 1180; x_wconf 63' lang='lat' dir='ltr'><strong>sese</strong></span> 
     </span>
    </p>
   </div>
   <div class='ocr_carea' id='block_1_49' title="bbox 1001 1197 1787 1236">
    <p class='ocr_par' dir='ltr' id='par_1_49' title="bbox 1001 1197 1787 1236">
     <span class='ocr_line' id='line_1_49' title="bbox 1001 1197 1787 1236; baseline -0.004 -8"><span class='ocrx_word' id='word_1_339' title='bbox 1001 1201 1072 1229; x_wconf 85' lang='lat' dir='ltr'><strong>vinci</strong></span> <span class='ocrx_word' id='word_1_340' title='bbox 1093 1201 1244 1236; x_wconf 88' lang='lat' dir='ltr'><strong>patiuntur,</strong></span> <span class='ocrx_word' id='word_1_341' title='bbox 1257 1207 1290 1227; x_wconf 87' lang='lat' dir='ltr'><strong>ac</strong></span> <span class='ocrx_word' id='word_1_342' title='bbox 1307 1199 1352 1227; x_wconf 87' lang='lat' dir='ltr'><strong>vili</strong></span> <span class='ocrx_word' id='word_1_343' title='bbox 1368 1203 1395 1226; x_wconf 88' lang='lat' dir='ltr'><strong>et</strong></span> <span class='ocrx_word' id='word_1_344' title='bbox 1424 1198 1531 1227; x_wconf 87' lang='lat' dir='ltr'><strong>sordido</strong></span> <span class='ocrx_word' id='word_1_345' title='bbox 1545 1197 1617 1226; x_wconf 84' lang='lat' dir='ltr'><strong>circa</strong></span> <span class='ocrx_word' id='word_1_346' title='bbox 1639 1207 1686 1227; x_wconf 87' lang='lat' dir='ltr'><strong>eas</strong></span> <span class='ocrx_word' id='word_1_347' title='bbox 1699 1199 1787 1226; x_wconf 86' lang='lat' dir='ltr'><strong>studio</strong></span> 
     </span>
    </p>
   </div>
   <div class='ocr_carea' id='block_1_50' title="bbox 1001 1245 1786 1280">
    <p class='ocr_par' dir='ltr' id='par_1_50' title="bbox 1001 1245 1786 1280">
     <span class='ocr_line' id='line_1_50' title="bbox 1001 1245 1786 1280; baseline -0.005 -5"><span class='ocrx_word' id='word_1_348' title='bbox 1001 1247 1170 1276; x_wconf 85' lang='lat' dir='ltr'><strong>nobilitatem</strong></span> <span class='ocrx_word' id='word_1_349' title='bbox 1189 1247 1287 1274; x_wconf 74' lang='lat' dir='ltr'><strong>anima:</strong></span> <span class='ocrx_word' id='word_1_350' title='bbox 1304 1246 1436 1278; x_wconf 85' lang='lat' dir='ltr'><strong>inliciunt,</strong></span> <span class='ocrx_word' id='word_1_351' title='bbox 1446 1245 1580 1280; x_wconf 82' lang='lat' dir='ltr'><strong>ﬂuxisque</strong></span> <span class='ocrx_word' id='word_1_352' title='bbox 1593 1251 1620 1272; x_wconf 89' lang='lat' dir='ltr'><strong>et</strong></span> <span class='ocrx_word' id='word_1_353' title='bbox 1635 1245 1786 1280; x_wconf 79' lang='lat' dir='ltr'><strong>fugacibus,</strong></span> 
     </span>
    </p>
   </div>
   <div class='ocr_carea' id='block_1_51' title="bbox 999 1291 1786 1329">
    <p class='ocr_par' dir='ltr' id='par_1_51' title="bbox 999 1291 1786 1329">
     <span class='ocr_line' id='line_1_51' title="bbox 999 1291 1786 1329; baseline -0.006 -7"><span class='ocrx_word' id='word_1_354' title='bbox 999 1295 1079 1329; x_wconf 86' lang='lat' dir='ltr'><strong>quasi</strong></span> <span class='ocrx_word' id='word_1_355' title='bbox 1107 1294 1192 1322; x_wconf 86' lang='lat' dir='ltr'><strong>certis</strong></span> <span class='ocrx_word' id='word_1_356' title='bbox 1211 1298 1238 1321; x_wconf 91' lang='lat' dir='ltr'><strong>et</strong></span> <span class='ocrx_word' id='word_1_357' title='bbox 1259 1293 1410 1326; x_wconf 83' lang='lat' dir='ltr'><strong>stabilibus,</strong></span> <span class='ocrx_word' id='word_1_358' title='bbox 1427 1297 1497 1320; x_wconf 87' lang='lat' dir='ltr'><strong>totos</strong></span> <span class='ocrx_word' id='word_1_359' title='bbox 1521 1299 1551 1320; x_wconf 84' lang='lat' dir='ltr'><strong>se</strong></span> <span class='ocrx_word' id='word_1_360' title='bbox 1570 1292 1706 1319; x_wconf 88' lang='lat' dir='ltr'><strong>addicunt.</strong></span> <span class='ocrx_word' id='word_1_361' title='bbox 1730 1291 1786 1317; x_wconf 88' lang='lat' dir='ltr'><strong>Hu-</strong></span> 
     </span>
    </p>
   </div>
   <div class='ocr_carea' id='block_1_52' title="bbox 157 1337 1786 1376">
    <p class='ocr_par' dir='ltr' id='par_1_52' title="bbox 157 1337 1786 1376">
     <span class='ocr_line' id='line_1_52' title="bbox 157 1337 1786 1376; baseline -0.002 -10"><span class='ocrx_word' id='word_1_362' title='bbox 157 1338 204 1373; x_wconf 73' lang='lat' dir='ltr'><strong>jus</strong></span> <span class='ocrx_word' id='word_1_363' title='bbox 219 1347 282 1367; x_wconf 89' lang='lat' dir='ltr'><strong>vero</strong></span> <span class='ocrx_word' id='word_1_364' title='bbox 301 1340 338 1367; x_wconf 87' lang='lat' dir='ltr'><strong>rei</strong></span> <span class='ocrx_word' id='word_1_365' title='bbox 360 1339 513 1376; x_wconf 76' lang='lat' dir='ltr'><strong>inexplebili</strong></span> <span class='ocrx_word' id='word_1_366' title='bbox 539 1340 655 1375; x_wconf 89' lang='lat' dir='ltr'><strong>quadam</strong></span> <span class='ocrx_word' id='word_1_367' title='bbox 686 1341 816 1368; x_wconf 78' lang='lat' dir='ltr'><strong>aviditate</strong></span> <span class='ocrx_word' id='word_1_368' title='bbox 847 1346 951 1373; x_wconf 87' lang='lat' dir='ltr'><strong>teneor,</strong></span> <span class='ocrx_word' id='word_1_369' title='bbox 972 1347 1021 1367; x_wconf 86' lang='lat' dir='ltr'><strong>nec</strong></span> <span class='ocrx_word' id='word_1_370' title='bbox 1038 1340 1072 1366; x_wconf 87' lang='lat' dir='ltr'><strong>ab</strong></span> <span class='ocrx_word' id='word_1_371' title='bbox 1103 1347 1134 1366; x_wconf 86' lang='lat' dir='ltr'><strong>ea</strong></span> <span class='ocrx_word' id='word_1_372' title='bbox 1164 1346 1280 1374; x_wconf 83' lang='lat' dir='ltr'><strong>unquam</strong></span> <span class='ocrx_word' id='word_1_373' title='bbox 1306 1338 1395 1366; x_wconf 89' lang='lat' dir='ltr'><strong>divelli</strong></span> <span class='ocrx_word' id='word_1_374' title='bbox 1419 1346 1539 1374; x_wconf 85' lang='lat' dir='ltr'><strong>possum,</strong></span> <span class='ocrx_word' id='word_1_375' title='bbox 1559 1338 1680 1373; x_wconf 85' lang='lat' dir='ltr'><strong>mihique</strong></span> <span class='ocrx_word' id='word_1_376' title='bbox 1705 1337 1786 1364; x_wconf 77' lang='lat' dir='ltr'><strong>etiam</strong></span> 
     </span>
    </p>
   </div>
   <div class='ocr_carea' id='block_1_53' title="bbox 159 1385 1786 1424">
    <p class='ocr_par' dir='ltr' id='par_1_53' title="bbox 159 1385 1786 1424">
     <span class='ocr_line' id='line_1_53' title="bbox 159 1385 1786 1424; baseline -0.002 -10"><span class='ocrx_word' id='word_1_377' title='bbox 159 1386 233 1414; x_wconf 83' lang='lat' dir='ltr'><strong>ltunc</strong></span> <span class='ocrx_word' id='word_1_378' title='bbox 255 1387 379 1415; x_wconf 70' lang='lat' dir='ltr'><strong>allectum</strong></span> <span class='ocrx_word' id='word_1_379' title='bbox 396 1389 486 1416; x_wconf 87' lang='lat' dir='ltr'><strong>inesse</strong></span> <span class='ocrx_word' id='word_1_380' title='bbox 518 1388 596 1416; x_wconf 79' lang='lat' dir='ltr'><strong>facile</strong></span> <span class='ocrx_word' id='word_1_381' title='bbox 614 1389 718 1422; x_wconf 85' lang='lat' dir='ltr'><strong>patior;</strong></span> <span class='ocrx_word' id='word_1_382' title='bbox 749 1393 898 1424; x_wconf 81' lang='lat' dir='ltr'><strong>martyrum</strong></span> <span class='ocrx_word' id='word_1_383' title='bbox 935 1388 1085 1416; x_wconf 87' lang='lat' dir='ltr'><strong>honoribus</strong></span> <span class='ocrx_word' id='word_1_384' title='bbox 1116 1387 1256 1419; x_wconf 81' lang='lat' dir='ltr'><strong>oblector,</strong></span> <span class='ocrx_word' id='word_1_385' title='bbox 1273 1386 1392 1422; x_wconf 74' lang='lat' dir='ltr'><strong>pugilum</strong></span> <span class='ocrx_word' id='word_1_386' title='bbox 1407 1387 1550 1414; x_wconf 85' lang='lat' dir='ltr'><strong>cruoribus</strong></span> <span class='ocrx_word' id='word_1_387' title='bbox 1566 1385 1687 1417; x_wconf 75' lang='lat' dir='ltr'><strong>exsulto;</strong></span> <span class='ocrx_word' id='word_1_388' title='bbox 1705 1389 1786 1418; x_wconf 87' lang='lat' dir='ltr'><strong>atque</strong></span> 
     </span>
    </p>
   </div>
   <div class='ocr_carea' id='block_1_54' title="bbox 159 1431 1786 1469">
    <p class='ocr_par' dir='ltr' id='par_1_54' title="bbox 159 1431 1786 1469">
     <span class='ocr_line' id='line_1_54' title="bbox 159 1431 1786 1469; baseline -0.001 -10"><span class='ocrx_word' id='word_1_389' title='bbox 159 1433 275 1460; x_wconf 86' lang='lat' dir='ltr'><strong>aliorum</strong></span> <span class='ocrx_word' id='word_1_390' title='bbox 292 1434 399 1468; x_wconf 81' lang='lat' dir='ltr'><strong>quidem</strong></span> <span class='ocrx_word' id='word_1_391' title='bbox 419 1435 567 1461; x_wconf 84' lang='lat' dir='ltr'><strong>certamina</strong></span> <span class='ocrx_word' id='word_1_392' title='bbox 582 1440 608 1462; x_wconf 87' lang='lat' dir='ltr'><strong>et</strong></span> <span class='ocrx_word' id='word_1_393' title='bbox 620 1435 741 1462; x_wconf 74' lang='lat' dir='ltr'><strong>victoria:</strong></span> <span class='ocrx_word' id='word_1_394' title='bbox 756 1439 830 1467; x_wconf 87' lang='lat' dir='ltr'><strong>sunt.</strong></span> <span class='ocrx_word' id='word_1_395' title='bbox 847 1441 954 1462; x_wconf 64' lang='lat' dir='ltr'><strong>corona:</strong></span> <span class='ocrx_word' id='word_1_396' title='bbox 974 1439 1064 1461; x_wconf 85' lang='lat' dir='ltr'><strong>autem</strong></span> <span class='ocrx_word' id='word_1_397' title='bbox 1083 1442 1158 1462; x_wconf 80' lang='lat' dir='ltr'><strong>meae.</strong></span> <span class='ocrx_word' id='word_1_398' title='bbox 1193 1434 1284 1469; x_wconf 82' lang='lat' dir='ltr'><strong>Usque</strong></span> <span class='ocrx_word' id='word_1_399' title='bbox 1307 1441 1340 1461; x_wconf 89' lang='lat' dir='ltr'><strong>eo</strong></span> <span class='ocrx_word' id='word_1_400' title='bbox 1369 1433 1480 1469; x_wconf 78' lang='lat' dir='ltr'><strong>gloriam</strong></span> <span class='ocrx_word' id='word_1_401' title='bbox 1511 1432 1581 1460; x_wconf 86' lang='lat' dir='ltr'><strong>banc</strong></span> <span class='ocrx_word' id='word_1_402' title='bbox 1607 1431 1741 1467; x_wconf 64' lang='lat' dir='ltr'><strong>praeripio,</strong></span> <span class='ocrx_word' id='word_1_403' title='bbox 1758 1435 1786 1459; x_wconf 74' lang='lat' dir='ltr'><strong>et</strong></span> 
     </span>
    </p>
   </div>
   <div class='ocr_carea' id='block_1_55' title="bbox 159 1481 765 1515">
    <p class='ocr_par' dir='ltr' id='par_1_55' title="bbox 159 1481 765 1515">
     <span class='ocr_line' id='line_1_55' title="bbox 159 1481 765 1515; baseline 0.007 -9"><span class='ocrx_word' id='word_1_404' title='bbox 159 1486 255 1506; x_wconf 86' lang='lat' dir='ltr'><strong>eorum</strong></span> <span class='ocrx_word' id='word_1_405' title='bbox 269 1481 374 1515; x_wconf 73' lang='lat' dir='ltr'><strong>egregia</strong></span> <span class='ocrx_word' id='word_1_406' title='bbox 391 1481 511 1509; x_wconf 82' lang='lat' dir='ltr'><strong>facinora</strong></span> <span class='ocrx_word' id='word_1_407' title='bbox 530 1490 589 1509; x_wconf 88' lang='lat' dir='ltr'><strong>mea</strong></span> <span class='ocrx_word' id='word_1_408' title='bbox 605 1489 665 1510; x_wconf 84' lang='lat' dir='ltr'><strong>esse</strong></span> <span class='ocrx_word' id='word_1_409' title='bbox 682 1483 765 1510; x_wconf 88' lang='lat' dir='ltr'><strong>duco!</strong></span> 
     </span>
    </p>
   </div>
   <div class='ocr_carea' id='block_1_56' title="bbox 195 1524 947 1566">
    <p class='ocr_par' dir='ltr' id='par_1_56' title="bbox 195 1527 947 1566">
     <span class='ocr_line' id='line_1_56' title="bbox 195 1527 947 1566; baseline 0.007 -14"><span class='ocrx_word' id='word_1_410' title='bbox 195 1527 231 1553; x_wconf 80' lang='lat' dir='ltr'><strong>A&#39;.</strong></span> <span class='ocrx_word' id='word_1_411' title='bbox 247 1527 316 1554; x_wconf 82' lang='grc' dir='ltr'>Πᾶσι</span> <span class='ocrx_word' id='word_1_412' title='bbox 326 1527 376 1563; x_wconf 80' lang='grc' dir='ltr'>μὲν</span> <span class='ocrx_word' id='word_1_413' title='bbox 389 1527 422 1563; x_wconf 85' lang='grc' dir='ltr'><strong>δὴ</strong></span> <span class='ocrx_word' id='word_1_414' title='bbox 437 1529 554 1564; x_wconf 86' lang='grc' dir='ltr'>μάρτυσι</span> <span class='ocrx_word' id='word_1_415' title='bbox 567 1531 794 1566; x_wconf 76' lang='grc' dir='ltr'>πανηγυριστέον,</span> <span class='ocrx_word' id='word_1_416' title='bbox 810 1531 856 1557; x_wconf 70' lang='grc' dir='ltr'>καὶ</span> <span class='ocrx_word' id='word_1_417' title='bbox 865 1531 947 1557; x_wconf 76' lang='grc' dir='ltr'>πᾶσιν</span> 
     </span>
    </p>
   </div>
   <div class='ocr_carea' id='block_1_57' title="bbox 1000 1524 1786 1566">
    <p class='ocr_par' dir='ltr' id='par_1_57' title="bbox 1036 1524 1786 1562">
     <span class='ocr_line' id='line_1_57' title="bbox 1036 1524 1786 1562; baseline -0.004 -7"><span class='ocrx_word' id='word_1_418' title='bbox 1036 1528 1084 1555; x_wconf 84' lang='lat' dir='ltr'><strong>IV.</strong></span> <span class='ocrx_word' id='word_1_419' title='bbox 1115 1526 1241 1554; x_wconf 91' lang='lat' dir='ltr'><strong>Omnium</strong></span> <span class='ocrx_word' id='word_1_420' title='bbox 1259 1527 1367 1562; x_wconf 83' lang='lat' dir='ltr'><strong>quiuem</strong></span> <span class='ocrx_word' id='word_1_421' title='bbox 1396 1531 1542 1562; x_wconf 84' lang='lat' dir='ltr'><strong>martyrum</strong></span> <span class='ocrx_word' id='word_1_422' title='bbox 1562 1525 1689 1553; x_wconf 85' lang='lat' dir='ltr'><strong>memoria</strong></span> <span class='ocrx_word' id='word_1_423' title='bbox 1715 1524 1786 1552; x_wconf 88' lang='lat' dir='ltr'><strong>cele-</strong></span> 
     </span>
    </p>
   </div>
   <div class='ocr_carea' id='block_1_58' title="bbox 157 1573 946 1612">
    <p class='ocr_par' dir='ltr' id='par_1_58' title="bbox 157 1573 946 1612">
     <span class='ocr_line' id='line_1_58' title="bbox 157 1573 946 1612; baseline 0.005 -13"><span class='ocrx_word' id='word_1_424' title='bbox 157 1573 296 1600; x_wconf 62' lang='grc' dir='ltr'>ἀνιοικτέον</span> <span class='ocrx_word' id='word_1_425' title='bbox 308 1574 424 1609; x_wconf 80' lang='grc' dir='ltr'>ἑτοίμως</span> <span class='ocrx_word' id='word_1_426' title='bbox 438 1575 484 1601; x_wconf 78' lang='grc' dir='ltr'>καὶ</span> <span class='ocrx_word' id='word_1_427' title='bbox 502 1575 638 1609; x_wconf 87' lang='grc' dir='ltr'>γλῶσσαν,</span> <span class='ocrx_word' id='word_1_428' title='bbox 657 1577 704 1603; x_wconf 75' lang='grc' dir='ltr'>καὶ</span> <span class='ocrx_word' id='word_1_429' title='bbox 721 1575 816 1612; x_wconf 83' lang='grc' dir='ltr'>ἀκοὴν.</span> <span class='ocrx_word' id='word_1_430' title='bbox 829 1577 876 1603; x_wconf 76' lang='grc' dir='ltr'>καὶ</span> <span class='ocrx_word' id='word_1_431' title='bbox 889 1576 946 1603; x_wconf 72' lang='grc' dir='ltr'><strong>διά.-</strong></span> 
     </span>
    </p>
   </div>
   <div class='ocr_carea' id='block_1_59' title="bbox 157 1618 948 1657">
    <p class='ocr_par' dir='ltr' id='par_1_59' title="bbox 157 1618 948 1657">
     <span class='ocr_line' id='line_1_59' title="bbox 157 1618 948 1657; baseline 0.006 -14"><span class='ocrx_word' id='word_1_432' title='bbox 157 1625 242 1649; x_wconf 83' lang='grc' dir='ltr'>νοιαν,</span> <span class='ocrx_word' id='word_1_433' title='bbox 266 1619 313 1645; x_wconf 62' lang='grc' dir='ltr'><strong>καὶ⁵</strong></span> <span class='ocrx_word' id='word_1_434' title='bbox 338 1618 466 1652; x_wconf 84' lang='grc' dir='ltr'>λέγοντάς</span> <span class='ocrx_word' id='word_1_435' title='bbox 484 1627 510 1646; x_wconf 82' lang='grc' dir='ltr'><strong>τι</strong></span> <span class='ocrx_word' id='word_1_436' title='bbox 526 1620 675 1656; x_wconf 77' lang='grc' dir='ltr'>προθύμως</span> <span class='ocrx_word' id='word_1_437' title='bbox 700 1621 765 1657; x_wconf 76' lang='grc' dir='ltr'>περὶ</span> <span class='ocrx_word' id='word_1_438' title='bbox 781 1622 871 1648; x_wconf 82' lang='grc' dir='ltr'>αὐτῶν</span> <span class='ocrx_word' id='word_1_439' title='bbox 900 1622 948 1648; x_wconf 75' lang='grc' dir='ltr'>καὶ</span> 
     </span>
    </p>
   </div>
   <div class='ocr_carea' id='block_1_60' title="bbox 157 1663 947 1702">
    <p class='ocr_par' dir='ltr' id='par_1_60' title="bbox 157 1663 947 1702">
     <span class='ocr_line' id='line_1_60' title="bbox 157 1663 947 1702; baseline 0.006 -13"><span class='ocrx_word' id='word_1_440' title='bbox 157 1663 317 1696; x_wconf 83' lang='grc' dir='ltr'>ἀκούοντας,</span> <span class='ocrx_word' id='word_1_441' title='bbox 333 1665 381 1691; x_wconf 79' lang='grc' dir='ltr'><strong>καὶ</strong></span> <span class='ocrx_word' id='word_1_442' title='bbox 396 1665 485 1691; x_wconf 85' lang='grc' dir='ltr'>πάντα</span> <span class='ocrx_word' id='word_1_443' title='bbox 509 1665 612 1693; x_wconf 76' lang='grc' dir='ltr'>ἐλάττω</span> <span class='ocrx_word' id='word_1_444' title='bbox 629 1666 788 1701; x_wconf 80' lang='grc' dir='ltr'>νομίζοντας</span> <span class='ocrx_word' id='word_1_445' title='bbox 809 1667 859 1702; x_wconf 87' lang='grc' dir='ltr'>τῆς</span> <span class='ocrx_word' id='word_1_446' title='bbox 875 1667 947 1693; x_wconf 81' lang='grc' dir='ltr'>ὲκεί-</span> 
     </span>
    </p>
   </div>
   <div class='ocr_carea' id='block_1_61' title="bbox 157 1709 947 1747">
    <p class='ocr_par' dir='ltr' id='par_1_61' title="bbox 157 1709 947 1747">
     <span class='ocr_line' id='line_1_61' title="bbox 157 1709 947 1747; baseline 0.003 -11"><span class='ocrx_word' id='word_1_447' title='bbox 157 1718 211 1736; x_wconf 88' lang='grc' dir='ltr'><strong>νων</strong></span> <span class='ocrx_word' id='word_1_448' title='bbox 224 1709 374 1745; x_wconf 81' lang='grc' dir='ltr'>ἀθλήσεως.</span> <span class='ocrx_word' id='word_1_449' title='bbox 389 1711 445 1737; x_wconf 79' lang='grc' dir='ltr'>Καὶ</span> <span class='ocrx_word' id='word_1_450' title='bbox 461 1711 517 1746; x_wconf 78' lang='grc' dir='ltr'><strong>γὰρ</strong></span> <span class='ocrx_word' id='word_1_451' title='bbox 531 1711 617 1743; x_wconf 75' lang='grc' dir='ltr'>οὕτως</span> <span class='ocrx_word' id='word_1_452' title='bbox 641 1711 708 1747; x_wconf 71' lang='grc' dir='ltr'>ἔχει,</span> <span class='ocrx_word' id='word_1_453' title='bbox 734 1712 838 1738; x_wconf 84' lang='grc' dir='ltr'>πολλῶν</span> <span class='ocrx_word' id='word_1_454' title='bbox 863 1712 947 1738; x_wconf 78' lang='grc' dir='ltr'>όντων</span> 
     </span>
    </p>
   </div>
   <div class='ocr_carea' id='block_1_62' title="bbox 156 1755 947 1792">
    <p class='ocr_par' dir='ltr' id='par_1_62' title="bbox 156 1755 947 1792">
     <span class='ocr_line' id='line_1_62' title="bbox 156 1755 947 1792; baseline 0.004 -10"><span class='ocrx_word' id='word_1_455' title='bbox 156 1756 224 1790; x_wconf 76' lang='grc' dir='ltr'>ἡμῖν</span> <span class='ocrx_word' id='word_1_456' title='bbox 247 1756 287 1787; x_wconf 74' lang='grc' dir='ltr'>εἰς</span> <span class='ocrx_word' id='word_1_457' title='bbox 302 1755 412 1791; x_wconf 76' lang='grc' dir='ltr'>όδηγιαν</span> <span class='ocrx_word' id='word_1_458' title='bbox 436 1755 482 1782; x_wconf 79' lang='grc' dir='ltr'><strong>τοῦ</strong></span> <span class='ocrx_word' id='word_1_459' title='bbox 508 1756 662 1792; x_wconf 84' lang='grc' dir='ltr'>κρείττονος</span> <span class='ocrx_word' id='word_1_460' title='bbox 688 1757 755 1791; x_wconf 76' lang='lat'><strong>(6‘2),</strong></span> <span class='ocrx_word' id='word_1_461' title='bbox 779 1758 824 1784; x_wconf 81' lang='grc' dir='ltr'><strong>καὶ</strong></span> <span class='ocrx_word' id='word_1_462' title='bbox 842 1758 947 1786; x_wconf 83' lang='grc' dir='ltr'>πολλῶν</span> 
     </span>
    </p>
   </div>
   <div class='ocr_carea' id='block_1_63' title="bbox 155 1798 946 1838">
    <p class='ocr_par' dir='ltr' id='par_1_63' title="bbox 155 1798 946 1838">
     <span class='ocr_line' id='line_1_63' title="bbox 155 1798 946 1838; baseline 0.006 -13"><span class='ocrx_word' id='word_1_463' title='bbox 155 1798 211 1826; x_wconf 77' lang='grc' dir='ltr'>σιῶν</span> <span class='ocrx_word' id='word_1_464' title='bbox 231 1799 299 1835; x_wconf 79' lang='grc' dir='ltr'>πρὸς</span> <span class='ocrx_word' id='word_1_465' title='bbox 314 1800 414 1835; x_wconf 83' lang='grc' dir='ltr'>ἀρετὴν</span> <span class='ocrx_word' id='word_1_466' title='bbox 440 1800 643 1836; x_wconf 79' lang='grc' dir='ltr'>παιδευμάτων,</span> <span class='ocrx_word' id='word_1_467' title='bbox 663 1801 825 1838; x_wconf 75' lang='grc' dir='ltr'>λόγου.(63),</span> <span class='ocrx_word' id='word_1_468' title='bbox 852 1803 946 1838; x_wconf 84' lang='grc' dir='ltr'>νόμου,</span> 
     </span>
    </p>
   </div>
   <div class='ocr_carea' id='block_1_64' title="bbox 155 1845 948 1885">
    <p class='ocr_par' dir='ltr' id='par_1_64' title="bbox 155 1845 948 1885">
     <span class='ocr_line' id='line_1_64' title="bbox 155 1845 948 1885; baseline 0.006 -14"><span class='ocrx_word' id='word_1_469' title='bbox 155 1845 317 1881; x_wconf 78' lang='grc' dir='ltr'>προφητῶν,</span> <span class='ocrx_word' id='word_1_470' title='bbox 346 1846 513 1880; x_wconf 81' lang='grc' dir='ltr'>ἀποστόλων,</span> <span class='ocrx_word' id='word_1_471' title='bbox 535 1847 624 1874; x_wconf 74' lang='grc' dir='ltr'>αὐτῶν</span> <span class='ocrx_word' id='word_1_472' title='bbox 642 1848 695 1875; x_wconf 86' lang='grc' dir='ltr'><strong>τῶν</strong></span> <span class='ocrx_word' id='word_1_473' title='bbox 717 1848 835 1884; x_wconf 81' lang='grc' dir='ltr'>Χριστοῦ</span> <span class='ocrx_word' id='word_1_474' title='bbox 859 1849 948 1885; x_wconf 89' lang='grc' dir='ltr'>παθη-</span> 
     </span>
    </p>
   </div>
   <div class='ocr_carea' id='block_1_65' title="bbox 157 1891 947 1929">
    <p class='ocr_par' dir='ltr' id='par_1_65' title="bbox 157 1891 947 1929">
     <span class='ocr_line' id='line_1_65' title="bbox 157 1891 947 1929; baseline 0.004 -11"><span class='ocrx_word' id='word_1_475' title='bbox 157 1892 262 1926; x_wconf 85' lang='grc' dir='ltr'>μάτων,</span> <span class='ocrx_word' id='word_1_476' title='bbox 272 1891 319 1918; x_wconf 84' lang='grc' dir='ltr'>τοῦ</span> <span class='ocrx_word' id='word_1_477' title='bbox 340 1891 449 1928; x_wconf 80' lang='grc' dir='ltr'>πρώτου</span> <span class='ocrx_word' id='word_1_478' title='bbox 469 1893 606 1928; x_wconf 81' lang='grc' dir='ltr'>μάρτυρος</span> <span class='ocrx_word' id='word_1_479' title='bbox 620 1893 666 1920; x_wconf 71' lang='grc' dir='ltr'><strong>ἐπὶ</strong></span> <span class='ocrx_word' id='word_1_480' title='bbox 677 1894 723 1920; x_wconf 76' lang='grc' dir='ltr'><strong>τὸν</strong></span> <span class='ocrx_word' id='word_1_481' title='bbox 736 1894 850 1929; x_wconf 81' lang='grc' dir='ltr'>σταυρὸν</span> <span class='ocrx_word' id='word_1_482' title='bbox 869 1894 947 1921; x_wconf 82' lang='grc' dir='ltr'>ἀνελ-</span> 
     </span>
    </p>
   </div>
   <div class='ocr_carea' id='block_1_66' title="bbox 157 1937 946 1977">
    <p class='ocr_par' dir='ltr' id='par_1_66' title="bbox 157 1937 946 1977">
     <span class='ocr_line' id='line_1_66' title="bbox 157 1937 946 1977; baseline 0.005 -13"><span class='ocrx_word' id='word_1_483' title='bbox 157 1937 260 1970; x_wconf 81' lang='grc' dir='ltr'>θόντος,</span> <span class='ocrx_word' id='word_1_484' title='bbox 277 1938 350 1973; x_wconf 80' lang='grc' dir='ltr'><strong>κάμὲ</strong></span> <span class='ocrx_word' id='word_1_485' title='bbox 362 1939 568 1972; x_wconf 81' lang='grc' dir='ltr'>συναγαγόντος,</span> <span class='ocrx_word' id='word_1_486' title='bbox 581 1939 625 1966; x_wconf 77' lang='grc' dir='ltr'>ἵνα</span> <span class='ocrx_word' id='word_1_487' title='bbox 636 1938 799 1976; x_wconf 74' lang='grc' dir='ltr'>προσηλὼσῃ</span> <span class='ocrx_word' id='word_1_488' title='bbox 814 1940 863 1976; x_wconf 82' lang='grc' dir='ltr'>τὴν</span> <span class='ocrx_word' id='word_1_489' title='bbox 876 1941 946 1977; x_wconf 80' lang='grc' dir='ltr'>ἐμὴν</span> 
     </span>
    </p>
   </div>
   <div class='ocr_carea' id='block_1_67' title="bbox 156 1983 946 2021">
    <p class='ocr_par' dir='ltr' id='par_1_67' title="bbox 156 1983 946 2021">
     <span class='ocr_line' id='line_1_67' title="bbox 156 1983 946 2021; baseline 0.006 -12"><span class='ocrx_word' id='word_1_490' title='bbox 156 1983 306 2018; x_wconf 79' lang='grc' dir='ltr'>ἁμαρτίαν,</span> <span class='ocrx_word' id='word_1_491' title='bbox 333 1984 437 2010; x_wconf 78' lang='grc' dir='ltr'>καὶτὸν</span> <span class='ocrx_word' id='word_1_492' title='bbox 457 1984 517 2019; x_wconf 74' lang='grc' dir='ltr'>ὅφιν</span> <span class='ocrx_word' id='word_1_493' title='bbox 542 1984 724 2021; x_wconf 73' lang='grc' dir='ltr'>θριαμϐεύσῃ,</span> <span class='ocrx_word' id='word_1_494' title='bbox 751 1986 799 2013; x_wconf 83' lang='grc' dir='ltr'>καὶ</span> <span class='ocrx_word' id='word_1_495' title='bbox 822 1986 852 2013; x_wconf 85' lang='grc' dir='ltr'><strong>τὺ</strong></span> <span class='ocrx_word' id='word_1_496' title='bbox 867 1986 946 2020; x_wconf 81' lang='grc' dir='ltr'>ξύλον</span> 
     </span>
    </p>
   </div>
   <div class='ocr_carea' id='block_1_68' title="bbox 157 2029 945 2068">
    <p class='ocr_par' dir='ltr' id='par_1_68' title="bbox 157 2029 945 2068">
     <span class='ocr_line' id='line_1_68' title="bbox 157 2029 945 2068; baseline 0.006 -13"><span class='ocrx_word' id='word_1_497' title='bbox 157 2029 269 2066; x_wconf 83' lang='grc' dir='ltr'>ἁγιάσῃ,</span> <span class='ocrx_word' id='word_1_498' title='bbox 283 2030 332 2056; x_wconf 73' lang='grc' dir='ltr'>καὶ</span> <span class='ocrx_word' id='word_1_499' title='bbox 344 2029 394 2066; x_wconf 84' lang='grc' dir='ltr'>τὴν</span> <span class='ocrx_word' id='word_1_500' title='bbox 406 2030 502 2066; x_wconf 83' lang='grc' dir='ltr'>ἡδονὴν</span> <span class='ocrx_word' id='word_1_501' title='bbox 516 2031 625 2067; x_wconf 81' lang='grc' dir='ltr'>νικήσῃ,</span> <span class='ocrx_word' id='word_1_502' title='bbox 643 2032 691 2058; x_wconf 79' lang='grc' dir='ltr'>καὶ</span> <span class='ocrx_word' id='word_1_503' title='bbox 708 2031 755 2058; x_wconf 86' lang='grc' dir='ltr'><strong>τὺν</strong></span> <span class='ocrx_word' id='word_1_504' title='bbox 779 2032 864 2068; x_wconf 79' lang='grc' dir='ltr'><strong>Ἀδὰμ</strong></span> <span class='ocrx_word' id='word_1_505' title='bbox 878 2033 945 2060; x_wconf 83' lang='grc' dir='ltr'>ἀνα-</span> 
     </span>
    </p>
   </div>
   <div class='ocr_carea' id='block_1_69' title="bbox 158 2073 944 2114">
    <p class='ocr_par' dir='ltr' id='par_1_69' title="bbox 158 2073 944 2114">
     <span class='ocr_line' id='line_1_69' title="bbox 158 2073 944 2114; baseline 0.006 -14"><span class='ocrx_word' id='word_1_506' title='bbox 158 2073 245 2110; x_wconf 84' lang='grc' dir='ltr'>σώσῃ,</span> <span class='ocrx_word' id='word_1_507' title='bbox 260 2075 308 2101; x_wconf 78' lang='grc' dir='ltr'><strong>καὶ</strong></span> <span class='ocrx_word' id='word_1_508' title='bbox 323 2075 373 2111; x_wconf 82' lang='grc' dir='ltr'><strong>τὴν</strong></span> <span class='ocrx_word' id='word_1_509' title='bbox 397 2076 489 2103; x_wconf 80' lang='grc' dir='ltr'>εἰκόνα</span> <span class='ocrx_word' id='word_1_510' title='bbox 505 2077 641 2103; x_wconf 78' lang='grc' dir='ltr'>πεσοῦσαν</span> <span class='ocrx_word' id='word_1_511' title='bbox 655 2077 864 2114; x_wconf 81' lang='grc' dir='ltr'>ἀνακαλέσηται·</span> <span class='ocrx_word' id='word_1_512' title='bbox 882 2087 944 2105; x_wconf 82' lang='grc' dir='ltr'>τοσ-</span> 
     </span>
    </p>
   </div>
   <div class='ocr_carea' id='block_1_70' title="bbox 155 2118 945 2161">
    <p class='ocr_par' dir='ltr' id='par_1_70' title="bbox 155 2118 945 2161">
     <span class='ocr_line' id='line_1_70' title="bbox 155 2118 945 2161; baseline 0.009 -16"><span class='ocrx_word' id='word_1_513' title='bbox 155 2118 242 2145; x_wconf 87' lang='grc' dir='ltr'>ούτων</span> <span class='ocrx_word' id='word_1_514' title='bbox 254 2119 338 2147; x_wconf 76' lang='grc' dir='ltr'>ὄντων</span> <span class='ocrx_word' id='word_1_515' title='bbox 353 2121 418 2156; x_wconf 85' lang='grc' dir='ltr'>ἡμῖν</span> <span class='ocrx_word' id='word_1_516' title='bbox 431 2122 478 2148; x_wconf 84' lang='grc' dir='ltr'>καὶ</span> <span class='ocrx_word' id='word_1_517' title='bbox 491 2121 629 2156; x_wconf 75' lang='grc' dir='ltr'>τοιούτων,</span> <span class='ocrx_word' id='word_1_518' title='bbox 649 2123 725 2150; x_wconf 77' lang='grc' dir='ltr'>οὐδὲν</span> <span class='ocrx_word' id='word_1_519' title='bbox 748 2123 858 2151; x_wconf 75' lang='grc' dir='ltr'>ἔλαττον</span> <span class='ocrx_word' id='word_1_520' title='bbox 878 2126 945 2161; x_wconf 84' lang='grc' dir='ltr'>ἡμῖν</span> 
     </span>
    </p>
   </div>
   <div class='ocr_carea' id='block_1_71' title="bbox 156 2165 945 2206">
    <p class='ocr_par' dir='ltr' id='par_1_71' title="bbox 156 2165 945 2206">
     <span class='ocr_line' id='line_1_71' title="bbox 156 2165 945 2206; baseline 0.008 -15"><span class='ocrx_word' id='word_1_521' title='bbox 156 2166 197 2196; x_wconf 84' lang='grc' dir='ltr'><strong>εἰς</strong></span> <span class='ocrx_word' id='word_1_522' title='bbox 211 2165 400 2200; x_wconf 84' lang='grc' dir='ltr'>παιδαγωγίαν</span> <span class='ocrx_word' id='word_1_523' title='bbox 425 2167 481 2203; x_wconf 72' lang='grc'><strong>(64)</strong></span> <span class='ocrx_word' id='word_1_524' title='bbox 509 2169 533 2194; x_wconf 88' lang='grc' dir='ltr'>οἱ</span> <span class='ocrx_word' id='word_1_525' title='bbox 560 2168 708 2204; x_wconf 86' lang='grc' dir='ltr'>μάρτυρες,</span> <span class='ocrx_word' id='word_1_526' title='bbox 731 2169 945 2206; x_wconf 82' lang='grc' dir='ltr'>ὁλοκαυτώματα</span> 
     </span>
    </p>
   </div>
   <div class='ocr_carea' id='block_1_72' title="bbox 1000 1573 1786 1608">
    <p class='ocr_par' dir='ltr' id='par_1_72' title="bbox 1000 1573 1786 1608">
     <span class='ocr_line' id='line_1_72' title="bbox 1000 1573 1786 1608; baseline -0.005 -6"><span class='ocrx_word' id='word_1_527' title='bbox 1000 1574 1103 1602; x_wconf 86' lang='lat' dir='ltr'><strong>branda</strong></span> <span class='ocrx_word' id='word_1_528' title='bbox 1117 1578 1169 1606; x_wconf 86' lang='lat' dir='ltr'><strong>est,</strong></span> <span class='ocrx_word' id='word_1_529' title='bbox 1197 1573 1386 1607; x_wconf 87' lang='lat' dir='ltr'><strong>omnibusque,</strong></span> <span class='ocrx_word' id='word_1_530' title='bbox 1412 1578 1439 1599; x_wconf 88' lang='lat' dir='ltr'><strong>et</strong></span> <span class='ocrx_word' id='word_1_531' title='bbox 1462 1573 1568 1608; x_wconf 75' lang='lat' dir='ltr'><strong>linguae.</strong></span> <span class='ocrx_word' id='word_1_532' title='bbox 1596 1576 1624 1599; x_wconf 91' lang='lat' dir='ltr'><strong>et</strong></span> <span class='ocrx_word' id='word_1_533' title='bbox 1642 1579 1730 1603; x_wconf 84' lang='lat' dir='ltr'><strong>aures,</strong></span> <span class='ocrx_word' id='word_1_534' title='bbox 1758 1576 1786 1598; x_wconf 86' lang='lat' dir='ltr'><strong>et</strong></span> 
     </span>
    </p>
   </div>
   <div class='ocr_carea' id='block_1_73' title="bbox 1000 1617 1785 1654">
    <p class='ocr_par' dir='ltr' id='par_1_73' title="bbox 1000 1617 1785 1654">
     <span class='ocr_line' id='line_1_73' title="bbox 1000 1617 1785 1654; baseline -0.003 -8"><span class='ocrx_word' id='word_1_535' title='bbox 1000 1624 1106 1647; x_wconf 82' lang='lat' dir='ltr'><strong>mentes</strong></span> <span class='ocrx_word' id='word_1_536' title='bbox 1118 1623 1244 1654; x_wconf 86' lang='lat' dir='ltr'><strong>prompte</strong></span> <span class='ocrx_word' id='word_1_537' title='bbox 1267 1619 1429 1653; x_wconf 70' lang='lat' dir='ltr'><strong>aperiendae,</strong></span> <span class='ocrx_word' id='word_1_538' title='bbox 1448 1624 1476 1646; x_wconf 90' lang='lat' dir='ltr'><strong>ut</strong></span> <span class='ocrx_word' id='word_1_539' title='bbox 1489 1620 1522 1646; x_wconf 90' lang='lat' dir='ltr'><strong>de</strong></span> <span class='ocrx_word' id='word_1_540' title='bbox 1537 1625 1631 1646; x_wconf 90' lang='lat' dir='ltr'><strong>eorum</strong></span> <span class='ocrx_word' id='word_1_541' title='bbox 1661 1617 1785 1644; x_wconf 90' lang='lat' dir='ltr'><strong>laudibus</strong></span> 
     </span>
    </p>
   </div>
   <div class='ocr_carea' id='block_1_74' title="bbox 1000 1664 1786 1701">
    <p class='ocr_par' dir='ltr' id='par_1_74' title="bbox 1000 1664 1786 1701">
     <span class='ocr_line' id='line_1_74' title="bbox 1000 1664 1786 1701; baseline -0.001 -9"><span class='ocrx_word' id='word_1_542' title='bbox 1000 1666 1117 1694; x_wconf 79' lang='lat' dir='ltr'><strong>libenter</strong></span> <span class='ocrx_word' id='word_1_543' title='bbox 1135 1666 1236 1701; x_wconf 83' lang='lat' dir='ltr'><strong>aliquid</strong></span> <span class='ocrx_word' id='word_1_544' title='bbox 1265 1666 1386 1693; x_wconf 89' lang='lat' dir='ltr'><strong>dicamus</strong></span> <span class='ocrx_word' id='word_1_545' title='bbox 1415 1669 1442 1692; x_wconf 88' lang='lat' dir='ltr'><strong>et</strong></span> <span class='ocrx_word' id='word_1_546' title='bbox 1462 1665 1613 1697; x_wconf 86' lang='lat' dir='ltr'><strong>audiamus,</strong></span> <span class='ocrx_word' id='word_1_547' title='bbox 1640 1664 1786 1698; x_wconf 84' lang='lat' dir='ltr'><strong>omniaque</strong></span> 
     </span>
    </p>
   </div>
   <div class='ocr_carea' id='block_1_75' title="bbox 999 1710 1784 1740">
    <p class='ocr_par' dir='ltr' id='par_1_75' title="bbox 999 1710 1784 1740">
     <span class='ocr_line' id='line_1_75' title="bbox 999 1710 1784 1740; baseline -0.004 -1"><span class='ocrx_word' id='word_1_548' title='bbox 999 1713 1052 1739; x_wconf 91' lang='lat' dir='ltr'><strong>alia</strong></span> <span class='ocrx_word' id='word_1_549' title='bbox 1071 1719 1166 1740; x_wconf 90' lang='lat' dir='ltr'><strong>eorum</strong></span> <span class='ocrx_word' id='word_1_550' title='bbox 1177 1712 1372 1739; x_wconf 81' lang='lat' dir='ltr'><strong>certaminibus</strong></span> <span class='ocrx_word' id='word_1_551' title='bbox 1395 1710 1522 1738; x_wconf 87' lang='lat' dir='ltr'><strong>inferiora</strong></span> <span class='ocrx_word' id='word_1_552' title='bbox 1536 1717 1596 1738; x_wconf 82' lang='lat' dir='ltr'><strong>esse</strong></span> <span class='ocrx_word' id='word_1_553' title='bbox 1613 1716 1784 1737; x_wconf 83' lang='lat' dir='ltr'><strong>censeamus.</strong></span> 
     </span>
    </p>
   </div>
   <div class='ocr_carea' id='block_1_76' title="bbox 998 1755 1785 1786">
    <p class='ocr_par' dir='ltr' id='par_1_76' title="bbox 998 1755 1785 1786">
     <span class='ocr_line' id='line_1_76' title="bbox 998 1755 1785 1786; baseline -0.008 0"><span class='ocrx_word' id='word_1_554' title='bbox 998 1758 1065 1786; x_wconf 79' lang='lat' dir='ltr'><strong>Nam</strong></span> <span class='ocrx_word' id='word_1_555' title='bbox 1084 1765 1147 1785; x_wconf 89' lang='lat' dir='ltr'><strong>cum</strong></span> <span class='ocrx_word' id='word_1_556' title='bbox 1166 1757 1250 1784; x_wconf 86' lang='lat' dir='ltr'><strong>multa</strong></span> <span class='ocrx_word' id='word_1_557' title='bbox 1271 1764 1320 1784; x_wconf 83' lang='lat' dir='ltr'><strong>nos</strong></span> <span class='ocrx_word' id='word_1_558' title='bbox 1336 1757 1368 1784; x_wconf 87' lang='lat' dir='ltr'><strong>ad</strong></span> <span class='ocrx_word' id='word_1_559' title='bbox 1381 1757 1501 1784; x_wconf 85' lang='lat' dir='ltr'><strong>melioris</strong></span> <span class='ocrx_word' id='word_1_560' title='bbox 1519 1757 1582 1783; x_wconf 63' lang='lat' dir='ltr'><strong>vita:</strong></span> <span class='ocrx_word' id='word_1_561' title='bbox 1602 1756 1720 1783; x_wconf 85' lang='lat' dir='ltr'><strong>studium</strong></span> <span class='ocrx_word' id='word_1_562' title='bbox 1736 1755 1785 1782; x_wconf 91' lang='lat' dir='ltr'><strong>du-</strong></span> 
     </span>
    </p>
   </div>
   <div class='ocr_carea' id='block_1_77' title="bbox 998 1801 1784 1838">
    <p class='ocr_par' dir='ltr' id='par_1_77' title="bbox 998 1801 1784 1838">
     <span class='ocr_line' id='line_1_77' title="bbox 998 1801 1784 1838; baseline -0.005 -7"><span class='ocrx_word' id='word_1_563' title='bbox 998 1808 1071 1836; x_wconf 80' lang='lat' dir='ltr'><strong>cant.</strong></span> <span class='ocrx_word' id='word_1_564' title='bbox 1085 1807 1167 1838; x_wconf 88' lang='lat' dir='ltr'><strong>atque</strong></span> <span class='ocrx_word' id='word_1_565' title='bbox 1182 1803 1215 1830; x_wconf 87' lang='lat' dir='ltr'><strong>ad</strong></span> <span class='ocrx_word' id='word_1_566' title='bbox 1234 1803 1362 1830; x_wconf 88' lang='lat' dir='ltr'><strong>virtutem</strong></span> <span class='ocrx_word' id='word_1_567' title='bbox 1379 1803 1514 1834; x_wconf 88' lang='lat' dir='ltr'><strong>erudiant,</strong></span> <span class='ocrx_word' id='word_1_568' title='bbox 1539 1802 1617 1834; x_wconf 85' lang='lat' dir='ltr'><strong>ratio,</strong></span> <span class='ocrx_word' id='word_1_569' title='bbox 1643 1801 1697 1832; x_wconf 82' lang='lat' dir='ltr'><strong>lex,</strong></span> <span class='ocrx_word' id='word_1_570' title='bbox 1723 1807 1784 1835; x_wconf 52' lang='lat' dir='ltr'><strong>pro:</strong></span> 
     </span>
    </p>
   </div>
   <div class='ocr_carea' id='block_1_78' title="bbox 997 1847 1783 1886">
    <p class='ocr_par' dir='ltr' id='par_1_78' title="bbox 997 1847 1783 1886">
     <span class='ocr_line' id='line_1_78' title="bbox 997 1847 1783 1886; baseline -0.008 -8"><span class='ocrx_word' id='word_1_571' title='bbox 997 1850 1096 1886; x_wconf 71' lang='lat' dir='ltr'><strong>phetse,</strong></span> <span class='ocrx_word' id='word_1_572' title='bbox 1111 1849 1239 1885; x_wconf 83' lang='lat' dir='ltr'><strong>apostoli,</strong></span> <span class='ocrx_word' id='word_1_573' title='bbox 1252 1849 1352 1876; x_wconf 79' lang='lat' dir='ltr'><strong>Christi</strong></span> <span class='ocrx_word' id='word_1_574' title='bbox 1370 1848 1516 1882; x_wconf 86' lang='lat' dir='ltr'><strong>cruciatus,</strong></span> <span class='ocrx_word' id='word_1_575' title='bbox 1535 1847 1646 1879; x_wconf 86' lang='lat' dir='ltr'><strong>Christi,</strong></span> <span class='ocrx_word' id='word_1_576' title='bbox 1664 1848 1783 1882; x_wconf 86' lang='lat' dir='ltr'><strong>inquam,</strong></span> 
     </span>
    </p>
   </div>
   <div class='ocr_carea' id='block_1_79' title="bbox 997 1893 1784 1931">
    <p class='ocr_par' dir='ltr' id='par_1_79' title="bbox 997 1893 1784 1931">
     <span class='ocr_line' id='line_1_79' title="bbox 997 1893 1784 1931; baseline -0.006 -8"><span class='ocrx_word' id='word_1_577' title='bbox 997 1896 1078 1931; x_wconf 88' lang='lat' dir='ltr'><strong>primi</strong></span> <span class='ocrx_word' id='word_1_578' title='bbox 1092 1895 1233 1930; x_wconf 86' lang='lat' dir='ltr'><strong>martyris,</strong></span> <span class='ocrx_word' id='word_1_579' title='bbox 1247 1894 1292 1928; x_wconf 89' lang='lat' dir='ltr'><strong>qui</strong></span> <span class='ocrx_word' id='word_1_580' title='bbox 1306 1901 1415 1922; x_wconf 87' lang='lat' dir='ltr'><strong>crucem</strong></span> <span class='ocrx_word' id='word_1_581' title='bbox 1436 1893 1604 1925; x_wconf 83' lang='lat' dir='ltr'><strong>conscendit,</strong></span> <span class='ocrx_word' id='word_1_582' title='bbox 1620 1899 1715 1927; x_wconf 85' lang='lat' dir='ltr'><strong>meque</strong></span> <span class='ocrx_word' id='word_1_583' title='bbox 1738 1898 1784 1918; x_wconf 84' lang='lat' dir='ltr'><strong>se-</strong></span> 
     </span>
    </p>
   </div>
   <div class='ocr_carea' id='block_1_80' title="bbox 997 1936 1785 1975">
    <p class='ocr_par' dir='ltr' id='par_1_80' title="bbox 997 1936 1785 1975">
     <span class='ocr_line' id='line_1_80' title="bbox 997 1936 1785 1975; baseline -0.005 -7"><span class='ocrx_word' id='word_1_584' title='bbox 997 1949 1059 1969; x_wconf 85' lang='lat' dir='ltr'><strong>cum</strong></span> <span class='ocrx_word' id='word_1_585' title='bbox 1087 1941 1176 1973; x_wconf 76' lang='lat' dir='ltr'><strong>duxit,</strong></span> <span class='ocrx_word' id='word_1_586' title='bbox 1202 1945 1232 1967; x_wconf 91' lang='lat' dir='ltr'><strong>ut</strong></span> <span class='ocrx_word' id='word_1_587' title='bbox 1253 1945 1393 1975; x_wconf 87' lang='lat' dir='ltr'><strong>peccatum</strong></span> <span class='ocrx_word' id='word_1_588' title='bbox 1415 1947 1504 1966; x_wconf 91' lang='lat' dir='ltr'><strong>meum</strong></span> <span class='ocrx_word' id='word_1_589' title='bbox 1534 1938 1663 1973; x_wconf 80' lang='lat' dir='ltr'><strong>alligeret,</strong></span> <span class='ocrx_word' id='word_1_590' title='bbox 1697 1941 1720 1964; x_wconf 87' lang='lat' dir='ltr'><strong>et</strong></span> <span class='ocrx_word' id='word_1_591' title='bbox 1750 1936 1785 1964; x_wconf 87' lang='lat' dir='ltr'><strong>de</strong></span> 
     </span>
    </p>
   </div>
   <div class='ocr_carea' id='block_1_81' title="bbox 996 1982 1782 2021">
    <p class='ocr_par' dir='ltr' id='par_1_81' title="bbox 996 1982 1782 2021">
     <span class='ocr_line' id='line_1_81' title="bbox 996 1982 1782 2021; baseline -0.008 -6"><span class='ocrx_word' id='word_1_592' title='bbox 996 1991 1125 2021; x_wconf 85' lang='lat' dir='ltr'><strong>serpente</strong></span> <span class='ocrx_word' id='word_1_593' title='bbox 1141 1986 1332 2021; x_wconf 87' lang='lat' dir='ltr'><strong>triumpharet,</strong></span> <span class='ocrx_word' id='word_1_594' title='bbox 1348 1991 1376 2013; x_wconf 87' lang='lat' dir='ltr'><strong>et</strong></span> <span class='ocrx_word' id='word_1_595' title='bbox 1387 1985 1557 2013; x_wconf 80' lang='lat' dir='ltr'><strong>sanctitatem</strong></span> <span class='ocrx_word' id='word_1_596' title='bbox 1575 1985 1647 2020; x_wconf 69' lang='lat' dir='ltr'><strong>ligno</strong></span> <span class='ocrx_word' id='word_1_597' title='bbox 1663 1982 1782 2014; x_wconf 69' lang='lat' dir='ltr'><strong>aﬂ‘erret,</strong></span> 
     </span>
    </p>
   </div>
   <div class='ocr_carea' id='block_1_82' title="bbox 997 2029 1785 2068">
    <p class='ocr_par' dir='ltr' id='par_1_82' title="bbox 997 2029 1785 2068">
     <span class='ocr_line' id='line_1_82' title="bbox 997 2029 1785 2068; baseline -0.008 -7"><span class='ocrx_word' id='word_1_598' title='bbox 997 2037 1028 2061; x_wconf 76' lang='grc' dir='ltr'>ει·</span> <span class='ocrx_word' id='word_1_599' title='bbox 1041 2034 1206 2068; x_wconf 82' lang='lat' dir='ltr'><strong>voluptatem</strong></span> <span class='ocrx_word' id='word_1_600' title='bbox 1222 2034 1352 2065; x_wconf 79' lang='lat' dir='ltr'><strong>vinceret,</strong></span> <span class='ocrx_word' id='word_1_601' title='bbox 1368 2037 1395 2059; x_wconf 88' lang='lat' dir='ltr'><strong>et</strong></span> <span class='ocrx_word' id='word_1_602' title='bbox 1411 2032 1543 2059; x_wconf 82' lang='lat' dir='ltr'><strong>Adamum</strong></span> <span class='ocrx_word' id='word_1_603' title='bbox 1569 2031 1663 2066; x_wconf 61' lang='lat' dir='ltr'><strong>prima!</strong></span> <span class='ocrx_word' id='word_1_604' title='bbox 1681 2029 1785 2057; x_wconf 83' lang='lat' dir='ltr'><strong>incolu-</strong></span> 
     </span>
    </p>
   </div>
   <div class='ocr_carea' id='block_1_83' title="bbox 997 2074 1784 2112">
    <p class='ocr_par' dir='ltr' id='par_1_83' title="bbox 997 2074 1784 2112">
     <span class='ocr_line' id='line_1_83' title="bbox 997 2074 1784 2112; baseline -0.008 -6"><span class='ocrx_word' id='word_1_605' title='bbox 997 2079 1086 2106; x_wconf 76' lang='lat' dir='ltr'><strong>mitati</strong></span> <span class='ocrx_word' id='word_1_606' title='bbox 1102 2079 1270 2110; x_wconf 86' lang='lat' dir='ltr'><strong>restitueret,</strong></span> <span class='ocrx_word' id='word_1_607' title='bbox 1282 2085 1313 2105; x_wconf 89' lang='lat' dir='ltr'><strong>ac</strong></span> <span class='ocrx_word' id='word_1_608' title='bbox 1331 2077 1481 2112; x_wconf 87' lang='lat' dir='ltr'><strong>prolapsam</strong></span> <span class='ocrx_word' id='word_1_609' title='bbox 1506 2076 1650 2111; x_wconf 73' lang='lat' dir='ltr'><strong>imaginem</strong></span> <span class='ocrx_word' id='word_1_610' title='bbox 1668 2074 1784 2109; x_wconf 74' lang='lat' dir='ltr'><strong>erigeret</strong></span> 
     </span>
    </p>
   </div>
   <div class='ocr_carea' id='block_1_84' title="bbox 995 2121 1784 2159">
    <p class='ocr_par' dir='ltr' id='par_1_84' title="bbox 995 2121 1784 2159">
     <span class='ocr_line' id='line_1_84' title="bbox 995 2121 1784 2159; baseline -0.006 -7"><span class='ocrx_word' id='word_1_611' title='bbox 995 2130 1077 2159; x_wconf 77' lang='lat' dir='ltr'><strong>atque</strong></span> <span class='ocrx_word' id='word_1_612' title='bbox 1089 2125 1268 2152; x_wconf 79' lang='lat' dir='ltr'><strong>instauraret:</strong></span> <span class='ocrx_word' id='word_1_613' title='bbox 1282 2131 1344 2151; x_wconf 91' lang='lat' dir='ltr'><strong>cum</strong></span> <span class='ocrx_word' id='word_1_614' title='bbox 1359 2128 1407 2156; x_wconf 91' lang='lat' dir='ltr'><strong>tot,</strong></span> <span class='ocrx_word' id='word_1_615' title='bbox 1416 2123 1536 2157; x_wconf 86' lang='lat' dir='ltr'><strong>inquam,</strong></span> <span class='ocrx_word' id='word_1_616' title='bbox 1546 2126 1673 2156; x_wconf 88' lang='lat' dir='ltr'><strong>tantaque</strong></span> <span class='ocrx_word' id='word_1_617' title='bbox 1683 2121 1784 2157; x_wconf 56' lang='lat' dir='ltr'><strong>baltea.</strong></span> 
     </span>
    </p>
   </div>
   <div class='ocr_carea' id='block_1_85' title="bbox 998 2165 1782 2202">
    <p class='ocr_par' dir='ltr' id='par_1_85' title="bbox 998 2165 1782 2202">
     <span class='ocr_line' id='line_1_85' title="bbox 998 2165 1782 2202; baseline -0.006 -5"><span class='ocrx_word' id='word_1_618' title='bbox 998 2178 1067 2202; x_wconf 85' lang='lat' dir='ltr'><strong>mus,</strong></span> <span class='ocrx_word' id='word_1_619' title='bbox 1083 2177 1136 2197; x_wconf 93' lang='lat' dir='ltr'><strong>non</strong></span> <span class='ocrx_word' id='word_1_620' title='bbox 1151 2171 1239 2197; x_wconf 90' lang='lat' dir='ltr'><strong>minus</strong></span> <span class='ocrx_word' id='word_1_621' title='bbox 1269 2173 1358 2196; x_wconf 87' lang='lat' dir='ltr'><strong>tamen</strong></span> <span class='ocrx_word' id='word_1_622' title='bbox 1388 2168 1421 2195; x_wconf 89' lang='lat' dir='ltr'><strong>ad</strong></span> <span class='ocrx_word' id='word_1_623' title='bbox 1437 2167 1518 2194; x_wconf 83' lang='lat' dir='ltr'><strong>vitam</strong></span> <span class='ocrx_word' id='word_1_624' title='bbox 1544 2171 1616 2194; x_wconf 87' lang='lat' dir='ltr'><strong>recte</strong></span> <span class='ocrx_word' id='word_1_625' title='bbox 1638 2165 1782 2193; x_wconf 84' lang='lat' dir='ltr'><strong>instituen-</strong></span> 
     </span>
    </p>
   </div>
   <div class='ocr_carea' id='block_1_86' title="bbox 156 2209 947 2249">
    <p class='ocr_par' dir='ltr' id='par_1_86' title="bbox 156 2209 942 2249">
     <span class='ocr_line' id='line_1_86' title="bbox 156 2209 942 2249; baseline 0.004 -13"><span class='ocrx_word' id='word_1_626' title='bbox 156 2209 263 2244; x_wconf 80' lang='grc' dir='ltr'>λογικὰ,</span> <span class='ocrx_word' id='word_1_627' title='bbox 282 2210 390 2245; x_wconf 82' lang='grc' dir='ltr'>θύματα</span> <span class='ocrx_word' id='word_1_628' title='bbox 403 2211 504 2243; x_wconf 81' lang='grc' dir='ltr'>τέλεια,</span> <span class='ocrx_word' id='word_1_629' title='bbox 519 2212 673 2248; x_wconf 75' lang='grc' dir='ltr'>προσφοραὶ</span> <span class='ocrx_word' id='word_1_630' title='bbox 691 2213 795 2245; x_wconf 81' lang='grc' dir='ltr'>δεκταὶ,</span> <span class='ocrx_word' id='word_1_631' title='bbox 811 2213 860 2248; x_wconf 87' lang='grc' dir='ltr'>τῆς</span> <span class='ocrx_word' id='word_1_632' title='bbox 875 2213 942 2249; x_wconf 86' lang='grc' dir='ltr'>ἀλη-</span> 
     </span>
    </p>
   </div>
   <div class='ocr_carea' id='block_1_87' title="bbox 1000 2209 1782 2249">
    <p class='ocr_par' dir='ltr' id='par_1_87' title="bbox 1000 2211 1782 2249">
     <span class='ocr_line' id='line_1_87' title="bbox 1000 2211 1782 2249; baseline -0.008 -5"><span class='ocrx_word' id='word_1_633' title='bbox 1000 2217 1056 2244; x_wconf 80' lang='lat' dir='ltr'><strong>tlam</strong></span> <span class='ocrx_word' id='word_1_634' title='bbox 1075 2215 1154 2244; x_wconf 89' lang='lat' dir='ltr'><strong>nobis</strong></span> <span class='ocrx_word' id='word_1_635' title='bbox 1178 2215 1302 2242; x_wconf 89' lang='lat' dir='ltr'><strong>utilitatis</strong></span> <span class='ocrx_word' id='word_1_636' title='bbox 1319 2214 1433 2241; x_wconf 81' lang='lat' dir='ltr'><strong>afferunt</strong></span> <span class='ocrx_word' id='word_1_637' title='bbox 1458 2218 1602 2249; x_wconf 87' lang='lat' dir='ltr'><strong>martyres,</strong></span> <span class='ocrx_word' id='word_1_638' title='bbox 1628 2212 1685 2239; x_wconf 69' lang='lat' dir='ltr'><strong>haec</strong></span> <span class='ocrx_word' id='word_1_639' title='bbox 1708 2211 1782 2238; x_wconf 78' lang='lat' dir='ltr'><strong>holo-</strong></span> 
     </span>
    </p>
   </div>
   <div class='ocr_carea' id='block_1_88' title="bbox 157 2256 941 2294">
    <p class='ocr_par' dir='ltr' id='par_1_88' title="bbox 157 2256 941 2294">
     <span class='ocr_line' id='line_1_88' title="bbox 157 2256 941 2294; baseline 0.005 -12"><span class='ocrx_word' id='word_1_640' title='bbox 157 2256 232 2289; x_wconf 77' lang='grc' dir='ltr'>θείας</span> <span class='ocrx_word' id='word_1_641' title='bbox 245 2256 422 2292; x_wconf 79' lang='grc' dir='ltr'>κηρύγματα,</span> <span class='ocrx_word' id='word_1_642' title='bbox 437 2258 484 2284; x_wconf 80' lang='grc' dir='ltr'><strong>τοῦ</strong></span> <span class='ocrx_word' id='word_1_643' title='bbox 504 2258 619 2293; x_wconf 78' lang='grc' dir='ltr'>ψεύδους</span> <span class='ocrx_word' id='word_1_644' title='bbox 634 2259 846 2294; x_wconf 83' lang='grc' dir='ltr'>στηλιτεύματα,</span> <span class='ocrx_word' id='word_1_645' title='bbox 859 2259 941 2294; x_wconf 84' lang='grc' dir='ltr'>νόμου</span> 
     </span>
    </p>
   </div>
   <div class='ocr_carea' id='block_1_89' title="bbox 157 2303 943 2340">
    <p class='ocr_par' dir='ltr' id='par_1_89' title="bbox 157 2303 943 2340">
     <span class='ocr_line' id='line_1_89' title="bbox 157 2303 943 2340; baseline 0.004 -11"><span class='ocrx_word' id='word_1_646' title='bbox 157 2303 362 2339; x_wconf 79' lang='grc' dir='ltr'>συμπλήρωσις,</span> <span class='ocrx_word' id='word_1_647' title='bbox 376 2303 422 2331; x_wconf 83' lang='grc' dir='ltr'>τοῦ</span> <span class='ocrx_word' id='word_1_648' title='bbox 434 2313 466 2338; x_wconf 90' lang='grc' dir='ltr'><strong>γε</strong></span> <span class='ocrx_word' id='word_1_649' title='bbox 477 2305 666 2340; x_wconf 75' lang='grc' dir='ltr'>πνευματικῶς</span> <span class='ocrx_word' id='word_1_650' title='bbox 675 2305 829 2340; x_wconf 79' lang='grc' dir='ltr'>νοουμένου,</span> <span class='ocrx_word' id='word_1_651' title='bbox 839 2305 943 2340; x_wconf 81' lang='grc' dir='ltr'>πλάνης</span> 
     </span>
    </p>
   </div>
   <div class='ocr_carea' id='block_1_90' title="bbox 156 2348 940 2386">
    <p class='ocr_par' dir='ltr' id='par_1_90' title="bbox 156 2348 940 2386">
     <span class='ocr_line' id='line_1_90' title="bbox 156 2348 940 2386; baseline 0.003 -11"><span class='ocrx_word' id='word_1_652' title='bbox 156 2348 313 2380; x_wconf 79' lang='grc' dir='ltr'>κατάλυσις,</span> <span class='ocrx_word' id='word_1_653' title='bbox 329 2349 428 2381; x_wconf 88' lang='grc' dir='ltr'>κακίας</span> <span class='ocrx_word' id='word_1_654' title='bbox 443 2349 571 2385; x_wconf 82' lang='grc' dir='ltr'>διωγμὸς,</span> <span class='ocrx_word' id='word_1_655' title='bbox 588 2351 725 2386; x_wconf 66' lang='grc' dir='ltr'>ἁμαρτίας</span> <span class='ocrx_word' id='word_1_656' title='bbox 738 2351 940 2386; x_wconf 71' lang='grc' dir='ltr'>κατακλυσμὸς,</span> 
     </span>
    </p>
   </div>
   <div class='ocr_carea' id='block_1_91' title="bbox 157 2396 434 2432">
    <p class='ocr_par' dir='ltr' id='par_1_91' title="bbox 157 2396 434 2432">
     <span class='ocr_line' id='line_1_91' title="bbox 157 2396 434 2432; baseline 0.004 -8"><span class='ocrx_word' id='word_1_657' title='bbox 157 2396 260 2432; x_wconf 81' lang='grc' dir='ltr'>κόσμου</span> <span class='ocrx_word' id='word_1_658' title='bbox 275 2396 434 2432; x_wconf 82' lang='grc' dir='ltr'>καθάρσιον,</span> 
     </span>
    </p>
   </div>
   <div class='ocr_carea' id='block_1_92' title="bbox 194 2488 943 2526">
    <p class='ocr_par' dir='ltr' id='par_1_92' title="bbox 194 2488 943 2526">
     <span class='ocr_line' id='line_1_92' title="bbox 194 2488 943 2526; baseline 0.005 -12"><span class='ocrx_word' id='word_1_659' title='bbox 194 2488 230 2516; x_wconf 82' lang='grc' dir='ltr'><strong>Ε’.</strong></span> <span class='ocrx_word' id='word_1_660' title='bbox 244 2488 280 2515; x_wconf 82' lang='grc' dir='ltr'>Σὺ</span> <span class='ocrx_word' id='word_1_661' title='bbox 305 2489 334 2516; x_wconf 82' lang='grc' dir='ltr'><strong>δέ</strong></span> <span class='ocrx_word' id='word_1_662' title='bbox 350 2498 405 2524; x_wconf 88' lang='grc' dir='ltr'>μοι,</span> <span class='ocrx_word' id='word_1_663' title='bbox 427 2489 578 2525; x_wconf 76' lang='grc' dir='ltr'>Κυπριανὲ.</span> <span class='ocrx_word' id='word_1_664' title='bbox 593 2489 624 2516; x_wconf 76' lang='grc' dir='ltr'><strong>τὸ</strong></span> <span class='ocrx_word' id='word_1_665' title='bbox 638 2490 800 2525; x_wconf 78' lang='grc' dir='ltr'>τιμιώτατόν</span> <span class='ocrx_word' id='word_1_666' title='bbox 825 2499 868 2526; x_wconf 91' lang='grc' dir='ltr'><strong>μοι</strong></span> <span class='ocrx_word' id='word_1_667' title='bbox 896 2491 943 2518; x_wconf 81' lang='grc' dir='ltr'>καὶ</span> 
     </span>
    </p>
   </div>
   <div class='ocr_carea' id='block_1_93' title="bbox 152 2534 942 2572">
    <p class='ocr_par' dir='ltr' id='par_1_93' title="bbox 152 2534 942 2572">
     <span class='ocr_line' id='line_1_93' title="bbox 152 2534 942 2572; baseline 0.005 -12"><span class='ocrx_word' id='word_1_668' title='bbox 152 2534 273 2568; x_wconf 57' lang='grc' dir='ltr'>,πρᾶγμα</span> <span class='ocrx_word' id='word_1_669' title='bbox 286 2535 332 2561; x_wconf 77' lang='grc' dir='ltr'><strong>καὶ</strong></span> <span class='ocrx_word' id='word_1_670' title='bbox 341 2535 434 2570; x_wconf 72' lang='grc' dir='ltr'>ὄνομα.</span> <span class='ocrx_word' id='word_1_671' title='bbox 450 2535 530 2562; x_wconf 84' lang='grc' dir='ltr'>πλέον</span> <span class='ocrx_word' id='word_1_672' title='bbox 545 2535 561 2570; x_wconf 80' lang='grc' dir='ltr'>ἢ</span> <span class='ocrx_word' id='word_1_673' title='bbox 574 2536 644 2562; x_wconf 82' lang='grc' dir='ltr'>κατὰ</span> <span class='ocrx_word' id='word_1_674' title='bbox 658 2537 720 2568; x_wconf 85' lang='grc' dir='ltr'>τοὺς</span> <span class='ocrx_word' id='word_1_675' title='bbox 734 2537 830 2568; x_wconf 78' lang='grc' dir='ltr'>ἄλλους</span> <span class='ocrx_word' id='word_1_676' title='bbox 839 2536 942 2572; x_wconf 79' lang='grc' dir='ltr'>μάρτυ-</span> 
     </span>
    </p>
   </div>
   <div class='ocr_carea' id='block_1_94' title="bbox 149 2579 938 2626">
    <p class='ocr_par' dir='ltr' id='par_1_94' title="bbox 149 2579 938 2626">
     <span class='ocr_line' id='line_1_94' title="bbox 149 2579 938 2626; baseline 0.005 -20"><span class='ocrx_word' id='word_1_677' title='bbox 149 2586 208 2626; x_wconf 34' lang='grc' dir='ltr'>ςρας</span> <span class='ocrx_word' id='word_1_678' title='bbox 221 2579 329 2615; x_wconf 79' lang='grc' dir='ltr'>(φθόνος</span> <span class='ocrx_word' id='word_1_679' title='bbox 339 2581 393 2617; x_wconf 79' lang='grc' dir='ltr'>γὰρ</span> <span class='ocrx_word' id='word_1_680' title='bbox 406 2581 493 2613; x_wconf 72' lang='grc' dir='ltr'>οὐδεὶς</span> <span class='ocrx_word' id='word_1_681' title='bbox 507 2582 584 2618; x_wconf 78' lang='grc' dir='ltr'>παρὰ</span> <span class='ocrx_word' id='word_1_682' title='bbox 613 2583 758 2618; x_wconf 83' lang='grc' dir='ltr'>μαρτύρων</span> <span class='ocrx_word' id='word_1_683' title='bbox 784 2583 938 2619; x_wconf 73' lang='grc' dir='ltr'>μάρτυσιν)’</span> 
     </span>
    </p>
   </div>
   <div class='ocr_carea' id='block_1_95' title="bbox 191 2683 939 2720">
    <p class='ocr_par' dir='ltr' id='par_1_95' title="bbox 191 2683 939 2720">
     <span class='ocr_line' id='line_1_95' title="bbox 191 2683 939 2720; baseline 0.005 -10"><span class='ocrx_word' id='word_1_684' title='bbox 191 2683 248 2718; x_wconf 83' lang='grc'><strong>(59)</strong></span> <span class='ocrx_word' id='word_1_685' title='bbox 269 2683 305 2711; x_wconf 80' lang='grc' dir='ltr'><strong>Τὸ</strong></span> <span class='ocrx_word' id='word_1_686' title='bbox 323 2685 366 2719; x_wconf 80' lang='grc' dir='ltr'>μὴ</span> <span class='ocrx_word' id='word_1_687' title='bbox 385 2686 521 2717; x_wconf 74' lang='grc' dir='ltr'>κατόπιν,</span> <span class='ocrx_word' id='word_1_688' title='bbox 534 2690 587 2713; x_wconf 92' lang='lat' dir='ltr'><strong>etc.</strong></span> <span class='ocrx_word' id='word_1_689' title='bbox 610 2685 667 2713; x_wconf 81' lang='lat' dir='ltr'><strong>Hoc</strong></span> <span class='ocrx_word' id='word_1_690' title='bbox 685 2686 828 2720; x_wconf 85' lang='lat' dir='ltr'><strong>proverbio</strong></span> <span class='ocrx_word' id='word_1_691' title='bbox 844 2691 939 2714; x_wconf 77' lang='lat' dir='ltr'><strong>notan-</strong></span> 
     </span>
    </p>
   </div>
   <div class='ocr_carea' id='block_1_96' title="bbox 157 2720 792 2754">
    <p class='ocr_par' dir='ltr' id='par_1_96' title="bbox 157 2720 792 2754">
     <span class='ocr_line' id='line_1_96' title="bbox 157 2720 792 2754; baseline 0.003 -8"><span class='ocrx_word' id='word_1_692' title='bbox 157 2720 269 2754; x_wconf 64' lang='lat' dir='ltr'><strong>tur,qul</strong></span> <span class='ocrx_word' id='word_1_693' title='bbox 283 2720 370 2747; x_wconf 83' lang='lat' dir='ltr'><strong>serius</strong></span> <span class='ocrx_word' id='word_1_694' title='bbox 381 2721 414 2747; x_wconf 87' lang='lat' dir='ltr'><strong>ad</strong></span> <span class='ocrx_word' id='word_1_695' title='bbox 435 2728 489 2746; x_wconf 84' lang='lat' dir='ltr'><strong>rem</strong></span> <span class='ocrx_word' id='word_1_696' title='bbox 505 2720 620 2754; x_wconf 84' lang='lat' dir='ltr'><strong>aliquam</strong></span> <span class='ocrx_word' id='word_1_697' title='bbox 636 2727 792 2748; x_wconf 88' lang='lat' dir='ltr'><strong>occurrunt.</strong></span> 
     </span>
    </p>
   </div>
   <div class='ocr_carea' id='block_1_97' title="bbox 190 2753 940 2794">
    <p class='ocr_par' dir='ltr' id='par_1_97' title="bbox 190 2753 940 2794">
     <span class='ocr_line' id='line_1_97' title="bbox 190 2753 940 2794; baseline 0.003 -14"><span class='ocrx_word' id='word_1_698' title='bbox 190 2753 247 2794; x_wconf 73' lang='grc' dir='ltr'><strong>(θο)</strong></span> <span class='ocrx_word' id='word_1_699' title='bbox 260 2754 524 2794; x_wconf 39' lang='grc' dir='ltr'>Γεύσεωςλῖοῷηί,</span> <span class='ocrx_word' id='word_1_700' title='bbox 537 2753 666 2794; x_wconf 57' lang='grc' dir='ltr'>ἑεὺσεως,</span> <span class='ocrx_word' id='word_1_701' title='bbox 679 2756 940 2794; x_wconf 52' lang='lat' dir='ltr'><strong>«primaﬂugioneu</strong></span> 
     </span>
    </p>
   </div>
   <div class='ocr_carea' id='block_1_98' title="bbox 157 2788 938 2829">
    <p class='ocr_par' dir='ltr' id='par_1_98' title="bbox 157 2788 938 2829">
     <span class='ocr_line' id='line_1_98' title="bbox 157 2788 938 2829; baseline 0.005 -15"><span class='ocrx_word' id='word_1_702' title='bbox 157 2788 283 2829; x_wconf 76' lang='lat' dir='ltr'><strong>nimirum</strong></span> <span class='ocrx_word' id='word_1_703' title='bbox 297 2795 413 2829; x_wconf 72' lang='lat' dir='ltr'><strong>peccato</strong></span> <span class='ocrx_word' id='word_1_704' title='bbox 429 2788 565 2825; x_wconf 68' lang='lat' dir='ltr'><strong>originali,</strong></span> <span class='ocrx_word' id='word_1_705' title='bbox 575 2798 609 2818; x_wconf 80' lang='lat' dir='ltr'><strong>ex</strong></span> <span class='ocrx_word' id='word_1_706' title='bbox 623 2798 677 2825; x_wconf 89' lang='lat' dir='ltr'><strong>quo</strong></span> <span class='ocrx_word' id='word_1_707' title='bbox 686 2788 725 2818; x_wconf 74' lang='lat' dir='ltr'><strong>tot</strong></span> <span class='ocrx_word' id='word_1_708' title='bbox 738 2791 808 2819; x_wconf 92' lang='lat' dir='ltr'><strong>mala</strong></span> <span class='ocrx_word' id='word_1_709' title='bbox 826 2791 938 2824; x_wconf 80' lang='lat' dir='ltr'><strong>ﬂuxere,</strong></span> 
     </span>
    </p>
   </div>
   <div class='ocr_carea' id='block_1_99' title="bbox 157 2823 450 2858">
    <p class='ocr_par' dir='ltr' id='par_1_99' title="bbox 157 2823 450 2858">
     <span class='ocr_line' id='line_1_99' title="bbox 157 2823 450 2858; baseline 0.007 -9"><span class='ocrx_word' id='word_1_710' title='bbox 157 2823 289 2858; x_wconf 82' lang='lat' dir='ltr'><strong>terrisque</strong></span> <span class='ocrx_word' id='word_1_711' title='bbox 297 2823 450 2852; x_wconf 87' lang='lat' dir='ltr'><strong>incubuere.</strong></span> 
     </span>
    </p>
   </div>
   <div class='ocr_carea' id='block_1_100' title="bbox 170 2858 943 2900">
    <p class='ocr_par' dir='ltr' id='par_1_100' title="bbox 170 2858 943 2900">
     <span class='ocr_line' id='line_1_100' title="bbox 170 2858 943 2900; baseline 0.006 -15"><span class='ocrx_word' id='word_1_712' title='bbox 170 2858 445 2900; x_wconf 54' lang='lat' dir='ltr'><strong>‘(_(_5l)lit&#39;moo&#39;ylar.</strong></span> <span class='ocrx_word' id='word_1_713' title='bbox 473 2859 559 2900; x_wconf 52' lang='grc' dir='ltr'>ξομε.</span> <span class='ocrx_word' id='word_1_714' title='bbox 583 2868 607 2892; x_wconf 80' lang='lat' dir='ltr'><strong>a,</strong></span> <span class='ocrx_word' id='word_1_715' title='bbox 630 2869 654 2893; x_wconf 80' lang='grc' dir='ltr'><strong>ο,</strong></span> <span class='ocrx_word' id='word_1_716' title='bbox 677 2862 705 2895; x_wconf 88' lang='lat' dir='ltr'><strong>d,</strong></span> <span class='ocrx_word' id='word_1_717' title='bbox 723 2861 779 2895; x_wconf 88' lang='lat' dir='ltr'><strong>bm,</strong></span> <span class='ocrx_word' id='word_1_718' title='bbox 803 2862 943 2890; x_wconf 82' lang='lat' dir='ltr'><strong>duodecim</strong></span> 
     </span>
    </p>
   </div>
   <div class='ocr_carea' id='block_1_101' title="bbox 156 2893 580 2928">
    <p class='ocr_par' dir='ltr' id='par_1_101' title="bbox 156 2893 580 2928">
     <span class='ocr_line' id='line_1_101' title="bbox 156 2893 580 2928; baseline 0.007 -8"><span class='ocrx_word' id='word_1_719' title='bbox 156 2893 245 2927; x_wconf 74' lang='lat' dir='ltr'><strong>Colb.,</strong></span> <span class='ocrx_word' id='word_1_720' title='bbox 265 2893 311 2922; x_wconf 88' lang='lat' dir='ltr'><strong>0r.</strong></span> <span class='ocrx_word' id='word_1_721' title='bbox 328 2896 352 2928; x_wconf 82' lang='lat'><strong>1,</strong></span> <span class='ocrx_word' id='word_1_722' title='bbox 371 2899 436 2927; x_wconf 83' lang='lat' dir='ltr'><strong>etc.,</strong></span> <span class='ocrx_word' id='word_1_723' title='bbox 452 2893 580 2928; x_wconf 72' lang='grc' dir='ltr'>ευδοξίαν.</span> 
     </span>
    </p>
   </div>
   <div class='ocr_carea' id='block_1_102' title="bbox 999 2256 1782 2296">
    <p class='ocr_par' dir='ltr' id='par_1_102' title="bbox 999 2256 1782 2296">
     <span class='ocr_line' id='line_1_102' title="bbox 999 2256 1782 2296; baseline -0.009 -6"><span class='ocrx_word' id='word_1_724' title='bbox 999 2267 1093 2290; x_wconf 86' lang='lat' dir='ltr'><strong>causta</strong></span> <span class='ocrx_word' id='word_1_725' title='bbox 1114 2262 1218 2289; x_wconf 91' lang='lat' dir='ltr'><strong>ratione</strong></span> <span class='ocrx_word' id='word_1_726' title='bbox 1245 2260 1368 2296; x_wconf 61' lang='lat' dir='ltr'><strong>prmdila,</strong></span> <span class='ocrx_word' id='word_1_727' title='bbox 1396 2259 1512 2286; x_wconf 73' lang='lat' dir='ltr'><strong>victima:</strong></span> <span class='ocrx_word' id='word_1_728' title='bbox 1543 2257 1680 2293; x_wconf 64' lang='lat' dir='ltr'><strong>perfectae,</strong></span> <span class='ocrx_word' id='word_1_729' title='bbox 1707 2256 1782 2284; x_wconf 87' lang='lat' dir='ltr'><strong>obla-</strong></span> 
     </span>
    </p>
   </div>
   <div class='ocr_carea' id='block_1_103' title="bbox 997 2302 1779 2341">
    <p class='ocr_par' dir='ltr' id='par_1_103' title="bbox 997 2302 1779 2341">
     <span class='ocr_line' id='line_1_103' title="bbox 997 2302 1779 2341; baseline -0.01 -6"><span class='ocrx_word' id='word_1_730' title='bbox 997 2309 1084 2336; x_wconf 85' lang='lat' dir='ltr'><strong>tiones</strong></span> <span class='ocrx_word' id='word_1_731' title='bbox 1101 2307 1157 2334; x_wconf 86' lang='lat' dir='ltr'><strong>Deo</strong></span> <span class='ocrx_word' id='word_1_732' title='bbox 1182 2311 1265 2341; x_wconf 74' lang='lat' dir='ltr'><strong>graue</strong></span> <span class='ocrx_word' id='word_1_733' title='bbox 1286 2310 1314 2333; x_wconf 87' lang='lat' dir='ltr'><strong>et</strong></span> <span class='ocrx_word' id='word_1_734' title='bbox 1341 2310 1468 2339; x_wconf 68' lang='lat' dir='ltr'><strong>acceptae,</strong></span> <span class='ocrx_word' id='word_1_735' title='bbox 1489 2303 1610 2331; x_wconf 80' lang='lat' dir='ltr'><strong>veritatis</strong></span> <span class='ocrx_word' id='word_1_736' title='bbox 1637 2302 1779 2337; x_wconf 62' lang='lat' dir='ltr'><strong>praeconia,</strong></span> 
     </span>
    </p>
   </div>
   <div class='ocr_carea' id='block_1_104' title="bbox 996 2346 1780 2388">
    <p class='ocr_par' dir='ltr' id='par_1_104' title="bbox 996 2346 1780 2388">
     <span class='ocr_line' id='line_1_104' title="bbox 996 2346 1780 2388; baseline -0.011 -7"><span class='ocrx_word' id='word_1_737' title='bbox 996 2353 1130 2381; x_wconf 86' lang='lat' dir='ltr'><strong>mendacii</strong></span> <span class='ocrx_word' id='word_1_738' title='bbox 1148 2351 1230 2388; x_wconf 67' lang='grc'><strong>440</strong></span> <span class='ocrx_word' id='word_1_739' title='bbox 1249 2351 1454 2386; x_wconf 80' lang='lat' dir='ltr'><strong>proscissiones,</strong></span> <span class='ocrx_word' id='word_1_740' title='bbox 1469 2350 1546 2384; x_wconf 82' lang='lat' dir='ltr'><strong>legis,</strong></span> <span class='ocrx_word' id='word_1_741' title='bbox 1566 2355 1626 2383; x_wconf 74' lang='lat' dir='ltr'><strong>quae</strong></span> <span class='ocrx_word' id='word_1_742' title='bbox 1648 2346 1780 2382; x_wconf 78' lang='lat' dir='ltr'><strong>spirituali</strong></span> 
     </span>
    </p>
   </div>
   <div class='ocr_carea' id='block_1_105' title="bbox 996 2392 1779 2432">
    <p class='ocr_par' dir='ltr' id='par_1_105' title="bbox 996 2392 1779 2432">
     <span class='ocr_line' id='line_1_105' title="bbox 996 2392 1779 2432; baseline -0.011 -5"><span class='ocrx_word' id='word_1_743' title='bbox 996 2400 1077 2427; x_wconf 88' lang='lat' dir='ltr'><strong>modo</strong></span> <span class='ocrx_word' id='word_1_744' title='bbox 1103 2398 1271 2431; x_wconf 72' lang='lat' dir='ltr'><strong>intelligitur,</strong></span> <span class='ocrx_word' id='word_1_745' title='bbox 1288 2396 1416 2432; x_wconf 79' lang='lat' dir='ltr'><strong>expletio,</strong></span> <span class='ocrx_word' id='word_1_746' title='bbox 1429 2395 1529 2423; x_wconf 87' lang='lat' dir='ltr'><strong>erroris</strong></span> <span class='ocrx_word' id='word_1_747' title='bbox 1548 2393 1694 2429; x_wconf 81' lang='lat' dir='ltr'><strong>oppressio,</strong></span> <span class='ocrx_word' id='word_1_748' title='bbox 1722 2392 1779 2419; x_wconf 83' lang='lat' dir='ltr'><strong>vitii</strong></span> 
     </span>
    </p>
   </div>
   <div class='ocr_carea' id='block_1_106' title="bbox 992 2440 1691 2478">
    <p class='ocr_par' dir='ltr' id='par_1_106' title="bbox 992 2440 1691 2478">
     <span class='ocr_line' id='line_1_106' title="bbox 992 2440 1691 2478; baseline -0.01 -5"><span class='ocrx_word' id='word_1_749' title='bbox 992 2445 1147 2478; x_wconf 83' lang='lat' dir='ltr'><strong>insectatio,</strong></span> <span class='ocrx_word' id='word_1_750' title='bbox 1165 2444 1269 2478; x_wconf 75' lang='lat' dir='ltr'><strong>peccati</strong></span> <span class='ocrx_word' id='word_1_751' title='bbox 1286 2443 1426 2476; x_wconf 83' lang='lat' dir='ltr'><strong>diluvium,</strong></span> <span class='ocrx_word' id='word_1_752' title='bbox 1443 2442 1534 2469; x_wconf 83' lang='lat' dir='ltr'><strong>mundi</strong></span> <span class='ocrx_word' id='word_1_753' title='bbox 1556 2440 1691 2468; x_wconf 82' lang='lat' dir='ltr'><strong>lustratio.</strong></span> 
     </span>
    </p>
   </div>
   <div class='ocr_carea' id='block_1_107' title="bbox 1034 2486 1779 2525">
    <p class='ocr_par' dir='ltr' id='par_1_107' title="bbox 1034 2486 1779 2525">
     <span class='ocr_line' id='line_1_107' title="bbox 1034 2486 1779 2525; baseline -0.007 -7"><span class='ocrx_word' id='word_1_754' title='bbox 1034 2491 1065 2518; x_wconf 69' lang='grc' dir='ltr'><strong>Υ.</strong></span> <span class='ocrx_word' id='word_1_755' title='bbox 1080 2491 1149 2518; x_wconf 89' lang='lat' dir='ltr'><strong>Tum</strong></span> <span class='ocrx_word' id='word_1_756' title='bbox 1163 2495 1190 2517; x_wconf 88' lang='lat' dir='ltr'><strong>tu</strong></span> <span class='ocrx_word' id='word_1_757' title='bbox 1205 2489 1283 2522; x_wconf 81' lang='lat' dir='ltr'><strong>milii,</strong></span> <span class='ocrx_word' id='word_1_758' title='bbox 1300 2489 1442 2525; x_wconf 83' lang='lat' dir='ltr'><strong>Cypriane,</strong></span> <span class='ocrx_word' id='word_1_759' title='bbox 1457 2493 1484 2516; x_wconf 89' lang='lat' dir='ltr'><strong>et</strong></span> <span class='ocrx_word' id='word_1_760' title='bbox 1497 2495 1524 2516; x_wconf 88' lang='lat' dir='ltr'><strong>re</strong></span> <span class='ocrx_word' id='word_1_761' title='bbox 1535 2493 1563 2516; x_wconf 89' lang='lat' dir='ltr'><strong>et</strong></span> <span class='ocrx_word' id='word_1_762' title='bbox 1584 2487 1693 2515; x_wconf 89' lang='lat' dir='ltr'><strong>nomine</strong></span> <span class='ocrx_word' id='word_1_763' title='bbox 1711 2486 1779 2514; x_wconf 79' lang='lat' dir='ltr'><strong>cha-</strong></span> 
     </span>
    </p>
   </div>
   <div class='ocr_carea' id='block_1_108' title="bbox 995 2533 1779 2572">
    <p class='ocr_par' dir='ltr' id='par_1_108' title="bbox 995 2533 1779 2572">
     <span class='ocr_line' id='line_1_108' title="bbox 995 2533 1779 2572; baseline -0.009 -6"><span class='ocrx_word' id='word_1_764' title='bbox 995 2538 1113 2570; x_wconf 83' lang='lat' dir='ltr'><strong>rissime.</strong></span> <span class='ocrx_word' id='word_1_765' title='bbox 1138 2544 1219 2572; x_wconf 82' lang='lat' dir='ltr'><strong>supra</strong></span> <span class='ocrx_word' id='word_1_766' title='bbox 1243 2541 1355 2564; x_wconf 64' lang='lat' dir='ltr'><strong>caeteros</strong></span> <span class='ocrx_word' id='word_1_767' title='bbox 1382 2541 1514 2570; x_wconf 81' lang='lat' dir='ltr'><strong>martyres</strong></span> <span class='ocrx_word' id='word_1_768' title='bbox 1540 2533 1715 2562; x_wconf 83' lang='lat' dir='ltr'><strong>celebrandus</strong></span> <span class='ocrx_word' id='word_1_769' title='bbox 1733 2540 1779 2560; x_wconf 52' lang='lat' dir='ltr'><strong>oc-</strong></span> 
     </span>
    </p>
   </div>
   <div class='ocr_carea' id='block_1_109' title="bbox 993 2582 1778 2618">
    <p class='ocr_par' dir='ltr' id='par_1_109' title="bbox 993 2582 1778 2618">
     <span class='ocr_line' id='line_1_109' title="bbox 993 2582 1778 2618; baseline -0.008 -7"><span class='ocrx_word' id='word_1_770' title='bbox 993 2584 1082 2611; x_wconf 86' lang='lat' dir='ltr'><strong>curris</strong></span> <span class='ocrx_word' id='word_1_771' title='bbox 1096 2587 1158 2618; x_wconf 86' lang='lat' dir='ltr'><strong>(nec</strong></span> <span class='ocrx_word' id='word_1_772' title='bbox 1174 2582 1247 2610; x_wconf 88' lang='lat' dir='ltr'><strong>enim</strong></span> <span class='ocrx_word' id='word_1_773' title='bbox 1265 2582 1410 2609; x_wconf 77' lang='lat' dir='ltr'><strong>verendum</strong></span> <span class='ocrx_word' id='word_1_774' title='bbox 1434 2586 1487 2612; x_wconf 84' lang='lat' dir='ltr'><strong>est,</strong></span> <span class='ocrx_word' id='word_1_775' title='bbox 1502 2588 1536 2607; x_wconf 88' lang='lat' dir='ltr'><strong>ne</strong></span> <span class='ocrx_word' id='word_1_776' title='bbox 1555 2583 1687 2614; x_wconf 84' lang='lat' dir='ltr'><strong>martyres</strong></span> <span class='ocrx_word' id='word_1_777' title='bbox 1706 2586 1778 2606; x_wconf 84' lang='lat' dir='ltr'><strong>mar-</strong></span> 
     </span>
    </p>
   </div>
   <div class='ocr_carea' id='block_1_110' title="bbox 1029 2684 1777 2722">
    <p class='ocr_par' dir='ltr' id='par_1_110' title="bbox 1029 2684 1777 2722">
     <span class='ocr_line' id='line_1_110' title="bbox 1029 2684 1777 2722; baseline -0.003 -9"><span class='ocrx_word' id='word_1_778' title='bbox 1029 2686 1084 2722; x_wconf 75' lang='grc'><strong>(62)</strong></span> <span class='ocrx_word' id='word_1_779' title='bbox 1102 2687 1152 2720; x_wconf 79' lang='grc' dir='ltr'>Εις</span> <span class='ocrx_word' id='word_1_780' title='bbox 1167 2686 1296 2722; x_wconf 20' lang='grc' dir='ltr'><strong>ὁδηγιανν</strong></span> <span class='ocrx_word' id='word_1_781' title='bbox 1307 2686 1361 2713; x_wconf 83' lang='grc' dir='ltr'>τοῦ</span> <span class='ocrx_word' id='word_1_782' title='bbox 1377 2685 1556 2720; x_wconf 76' lang='grc' dir='ltr'>κρείττονος.</span> <span class='ocrx_word' id='word_1_783' title='bbox 1563 2693 1584 2722; x_wconf 59' lang='grc' dir='ltr'>-ε</span> <span class='ocrx_word' id='word_1_784' title='bbox 1595 2685 1659 2717; x_wconf 80' lang='lat' dir='ltr'><strong>Qua:</strong></span> <span class='ocrx_word' id='word_1_785' title='bbox 1674 2691 1724 2711; x_wconf 84' lang='lat' dir='ltr'><strong>nos</strong></span> <span class='ocrx_word' id='word_1_786' title='bbox 1742 2684 1777 2711; x_wconf 83' lang='lat' dir='ltr'><strong>ad</strong></span> 
     </span>
    </p>
   </div>
   <div class='ocr_carea' id='block_1_111' title="bbox 994 2717 1775 2755">
    <p class='ocr_par' dir='ltr' id='par_1_111' title="bbox 994 2717 1775 2755">
     <span class='ocr_line' id='line_1_111' title="bbox 994 2717 1775 2755; baseline 0 -8"><span class='ocrx_word' id='word_1_787' title='bbox 994 2717 1080 2749; x_wconf 74' lang='lat' dir='ltr'><strong>Deum</strong></span> <span class='ocrx_word' id='word_1_788' title='bbox 1096 2717 1235 2755; x_wconf 71' lang='lat' dir='ltr'><strong>vitamque</strong></span> <span class='ocrx_word' id='word_1_789' title='bbox 1248 2717 1515 2749; x_wconf 32' lang='lat' dir='ltr'><strong>melioredeucant.</strong></span> <span class='ocrx_word' id='word_1_790' title='bbox 1535 2729 1543 2744; x_wconf 80' lang='grc' dir='ltr'><strong>ι</strong></span> <span class='ocrx_word' id='word_1_791' title='bbox 1563 2717 1713 2754; x_wconf 88' lang='lat' dir='ltr'><strong>Utrumque</strong></span> <span class='ocrx_word' id='word_1_792' title='bbox 1729 2727 1775 2747; x_wconf 84' lang='lat' dir='ltr'><strong>so-</strong></span> 
     </span>
    </p>
   </div>
   <div class='ocr_carea' id='block_1_112' title="bbox 992 2756 1230 2792">
    <p class='ocr_par' dir='ltr' id='par_1_112' title="bbox 992 2756 1230 2792">
     <span class='ocr_line' id='line_1_112' title="bbox 992 2756 1230 2792; baseline 0 -8"><span class='ocrx_word' id='word_1_793' title='bbox 992 2761 1050 2792; x_wconf 80' lang='lat' dir='ltr'><strong>nat</strong></span> <span class='ocrx_word' id='word_1_794' title='bbox 1060 2764 1113 2784; x_wconf 77' lang='lat' dir='ltr'><strong>vox</strong></span> <span class='ocrx_word' id='word_1_795' title='bbox 1125 2756 1230 2792; x_wconf 60' lang='grc' dir='ltr'><strong>ὁδηγίοιΞ</strong></span> 
     </span>
    </p>
   </div>
   <div class='ocr_carea' id='block_1_113' title="bbox 1029 2790 1443 2861">
    <p class='ocr_par' dir='ltr' id='par_1_113' title="bbox 1029 2790 1443 2861">
     <span class='ocr_line' id='line_1_113' title="bbox 1029 2790 1443 2861; baseline 0 -43"><span class='ocrx_word' id='word_1_796' title='bbox 1029 2791 1085 2861; x_wconf 47' lang='grc' dir='ltr'>ἓϐδ)</span> <span class='ocrx_word' id='word_1_797' title='bbox 1098 2790 1204 2826; x_wconf 69' lang='grc' dir='ltr'>Λόγοι).</span> <span class='ocrx_word' id='word_1_798' title='bbox 1221 2791 1300 2818; x_wconf 86' lang='lat' dir='ltr'><strong>Deest</strong></span> <span class='ocrx_word' id='word_1_799' title='bbox 1314 2790 1340 2818; x_wconf 94' lang='lat' dir='ltr'><strong>in</strong></span> <span class='ocrx_word' id='word_1_800' title='bbox 1356 2790 1443 2832; x_wconf 77' lang='lat' dir='ltr'><strong>Oxon.</strong></span> 
     </span>
     <span class='ocr_line' id='line_1_114' title="bbox 1041 2826 1443 2861; baseline 0 -7"><span class='ocrx_word' id='word_1_801' title='bbox 1041 2826 1310 2861; x_wconf 71' lang='grc' dir='ltr'><strong>64)Παιδαγωγίαν.</strong></span> <span class='ocrx_word' id='word_1_802' title='bbox 1334 2835 1344 2851; x_wconf 71' lang='grc' dir='ltr'><strong>ι</strong></span> <span class='ocrx_word' id='word_1_803' title='bbox 1365 2827 1406 2854; x_wconf 82' lang='lat' dir='ltr'><strong>Ad</strong></span> <span class='ocrx_word' id='word_1_804' title='bbox 1423 2834 1443 2854; x_wconf 81' lang='lat' dir='ltr'><strong>tl</strong></span> 
     </span>
    </p>
   </div>
   <div class='ocr_carea' id='block_1_114' title="bbox 1041 2824 1777 2862">
    <p class='ocr_par' dir='ltr' id='par_1_114' title="bbox 1041 2824 1777 2862">
     <span class='ocr_line' id='line_1_115' title="bbox 1041 2824 1777 2862; baseline -0.003 -8"><span class='ocrx_word' id='word_1_805' title='bbox 1041 2824 1085 2862; x_wconf 79' lang='grc'><strong>64)</strong></span> <span class='ocrx_word' id='word_1_806' title='bbox 1096 2824 1310 2862; x_wconf 72' lang='grc' dir='ltr'><strong>Παὶδαγωτίαν.</strong></span> <span class='ocrx_word' id='word_1_807' title='bbox 1334 2835 1344 2851; x_wconf 74' lang='grc' dir='ltr'><strong>ι</strong></span> <span class='ocrx_word' id='word_1_808' title='bbox 1365 2827 1406 2854; x_wconf 83' lang='lat' dir='ltr'><strong>Ad</strong></span> <span class='ocrx_word' id='word_1_809' title='bbox 1423 2826 1630 2859; x_wconf 85' lang='lat' dir='ltr'><strong>instttuttonem,</strong></span> <span class='ocrx_word' id='word_1_810' title='bbox 1648 2834 1659 2852; x_wconf 75' lang='grc' dir='ltr'><strong>ι</strong></span> <span class='ocrx_word' id='word_1_811' title='bbox 1672 2824 1777 2853; x_wconf 81' lang='lat' dir='ltr'><strong>scilicet</strong></span> 
     </span>
    </p>
   </div>
   <div class='ocr_carea' id='block_1_115' title="bbox 994 2862 1357 2897">
    <p class='ocr_par' dir='ltr' id='par_1_115' title="bbox 994 2862 1357 2897">
     <span class='ocr_line' id='line_1_116' title="bbox 994 2862 1357 2897; baseline -0.003 -7"><span class='ocrx_word' id='word_1_812' title='bbox 994 2867 1049 2890; x_wconf 87' lang='lat' dir='ltr'><strong>tam</strong></span> <span class='ocrx_word' id='word_1_813' title='bbox 1066 2862 1125 2890; x_wconf 89' lang='lat' dir='ltr'><strong>lidei</strong></span> <span class='ocrx_word' id='word_1_814' title='bbox 1141 2870 1221 2897; x_wconf 89' lang='lat' dir='ltr'><strong>quam</strong></span> <span class='ocrx_word' id='word_1_815' title='bbox 1243 2869 1357 2889; x_wconf 84' lang='lat' dir='ltr'><strong>morum.</strong></span> 
     </span>
    </p>
   </div>
  </div>
