2060 3140
260 196 330 226 1175

860 198 889 225 S.
909 196 1077 226 GREGORII
1095 195 1268 225 THEOLOGI

1811 195 1882 222 “76

261 258 367 293 tyribus
396 257 558 294 invideant),
583 263 664 293 atque
681 263 710 286 et
735 258 834 287 virtute
850 264 896 286 tua
921 260 1049 293 majorem

1105 259 1150 286 καὶ
1164 257 1211 285 σοῦ
1225 257 1406 297 διαφερόντως
1420 255 1543 292 ἥττημαί
1553 264 1584 283 τε
1602 255 1653 290 τῆς
1666 255 1775 291 ἀρετῆς,
1790 255 1837 281 καὶ
1847 255 1882 290 τῇ

259 304 288 331 in
309 303 417 330 modum
434 303 547 336 allicior,
565 308 593 331 et
606 305 735 331 memoria
745 312 863 337 recreor,
875 312 907 333 ac
918 313 972 341 prae
982 313 1047 341 gau-

260 349 305 375 dio
326 349 402 383 quasi
431 349 586 384 lymphatos
601 349 684 382 feror,
701 355 727 378 et
741 351 938 385 quodammodo
958 351 985 378 in
999 359 1047 378 eo-

261 394 320 421 dem
335 400 421 421 teeum
436 395 567 430 martyrio
579 403 682 427 versor,
694 395 931 431 dimicationisque
956 396 1048 424 socius

260 444 288 465 et
304 440 439 473 particeps
452 447 524 471 sum,
539 448 570 467 ac
595 445 669 468 totus
681 441 715 468 ad
727 445 754 468 te
779 446 888 468 transeo
904 449 912 468 :
931 442 988 473 sive
1005 449 1048 470 me

261 484 310 511 tibi
322 485 443 512 doctrina
460 490 487 512 et
500 485 654 520 eloquentia
678 487 814 518 conciliet,
837 494 890 521 qua
914 492 941 514 tu
973 492 1048 514 tanto

260 528 379 563 reliquos
393 530 521 557 mortales
544 531 677 560 anteibas.
694 535 796 565 quanto
812 532 919 559 ratione
934 533 1047 566 praedita

261 573 348 601 brutis
373 575 556 603 animantibus
574 581 702 610 prmstant
724 577 766 613 (lit
787 578 870 611 enim,
888 579 979 606 nescio
994 587 1048 613 quo

261 626 350 656 pacto,
366 626 405 654 ut,
423 629 475 649 non
491 622 581 649 minus
595 623 664 650 inter
677 630 736 656 eos,
749 623 796 658 qui
807 616 889 651 studii
908 624 1047 659 cujusdam

262 671 343 701 atque
373 667 489 695 instituti
521 669 629 695 nomine
647 669 719 696 inter
743 677 773 697 se
802 670 950 704 conjuncti,
967 678 1048 705 quam

263 712 308 746 qui
332 711 471 741 afﬁnitatis
489 718 516 741 et
537 715 781 749 consanguinitatis
804 715 912 743 vinculo
936 716 1006 743 inter
1019 723 1049 744 se

263 757 379 784 devincti
396 763 470 791 sunt,
491 766 568 786 amor
595 760 759 794 coalescat);
780 761 837 787 sive
859 761 884 788 id
903 761 1048 796 repentinae

262 807 289 828 et
307 803 460 831 admirabili
475 805 617 832 mutationi
630 811 692 838 tum,
707 813 767 840 quis
779 807 833 834 vim
858 814 966 835 onmem
991 815 1050 835 ora-

264 849 345 876 tionls
360 851 478 882 excedit,
501 852 630 887 omnique
652 853 777 887 exemplo
802 854 974 888 praestantior
996 859 1048 887 est,

263 894 394 929 assignari
411 895 518 923 debeat.
541 895 608 924 Nam
630 897 670 924 sol
688 898 770 925 etiam
792 903 852 932 post
870 899 978 933 nubem,
995 907 1048 935 qua

1101 304 1196 340 μνήμῃ
1207 295 1382 337 κουφίζομαι,
1394 302 1442 328 καὶ
1455 301 1550 337 ὥσπερ
1560 300 1653 332 ἔνθους
1674 299 1719 334 ὑφ’
1734 299 1829 336 ἡδονῆς
1839 295 1887 333 γίέ

1098 357 1190 383 νομαι,
1204 348 1252 375 καί
1267 356 1328 375 τινα
1343 348 1442 383 τρόπον
1459 346 1565 382 σύνειμι
1576 355 1606 373 τε
1620 347 1654 381 τῇ
1675 345 1821 382 μαρτυρίᾳ,
1834 345 1884 372 καὶ

1099 395 1219 423 κοινωνῶ
1237 396 1287 431 τῆς
1309 395 1459 431 ἀθλήσεως,
1481 395 1528 422 καὶ
1543 394 1601 426 ὅλος
1618 394 1674 430 (65)
1687 393 1754 429 πρὸς
1774 394 1804 419 σε
1820 401 1883 428 μετ-

1098 444 1256 478 ανίσταμαι·
1270 442 1340 477 τάχα
1356 442 1404 477 μὲν
1418 441 1463 467 διὰ
1470 440 1517 476 τὴν
1527 439 1581 466 τῶν
1595 439 1680 473 λόγων
1689 435 1884 470 οίκείωσιν,οἷς

1098 489 1224 517 τοσοῦτον
1239 488 1293 515 τῶν
1307 488 1394 516 ἄλλων
1417 486 1554 523 ἐκράτεις,
1577 486 1638 512 ὅσον
1652 485 1686 512 τὰ
1712 484 1809 518 λογικὰ
1833 484 1883 518 τῆς

1099 534 1197 568 ἀλόγου
1219 532 1327 568 φύσεως
1354 531 1566 567 (συνεισέρχεται
1582 530 1647 566 γὰρ,
1672 530 1722 556 οὐκ
1738 527 1784 556 οἷδ’
1797 529 1887 569 ὅπως,¹

1100 579 1210 615 φίλτρον
1227 580 1282 611 τοῖς
1298 578 1369 607 κατά
1383 586 1410 604 τι
1427 576 1648 611 συναπτομένοις,
1669 576 1718 610 οὐχ
1731 572 1811 610 ἦττον
1822 575 1884 606 τοῖς

1099 625 1201 656 λοιποῖς
1211 624 1380 660 πράγμασιν,
1390 623 1407 658 ἢ
1419 624 1476 654 τοῖς
1491 622 1555 658 περὶ
1570 621 1727 656 ἀγχιστείαν
1746 620 1883 655 αἴματος)’

1099 671 1170 706 τάχα
1187 670 1217 697 δὲ
1233 670 1277 697 διὰ
1290 670 1321 696 τὸ
1334 669 1385 704 τῆς
1401 668 1552 704 μεταϐολῆς
1581 667 1677 702 ἁθρόον
1688 675 1718 692 τε
1734 666 1780 692 καὶ
1794 665 1889 700 παρά-⁵

1099 716 1185 748 δοξον,
1210 715 1226 742 ὅ
1243 716 1366 752 κρεῖττον
1397 715 1453 749 (66)
1480 714 1559 748 λόγου
1582 713 1630 740 καὶ
1653 712 1882 748 παραδείγματος.

1107 761 1181 788 Ἐπεὶ
1193 762 1280 796 γλυκὺ
1298 761 1348 796 μὲν
1369 760 1444 796 ἥλιος
1465 759 1534 796 μετὰ
1547 759 1636 794 νέφος,
1655 755 1678 792 ᾧ
1691 758 1759 790 τέως
1771 766 1885 784 συνεκα-

1099 807 1224 835 λύπτετο·
1236 807 1348 842 γλύκιον
1361 807 1389 835 δὲ
1398 807 1429 834 τὸ
1440 807 1500 843 ἔαρ,
1513 807 1555 833 ὅτι
1573 807 1642 841 μετὰ
1664 805 1796 840 χειμῶνος
1818 813 1892 838 κατ-

1099 855 1207 889 ήφειαψ
1237 853 1318 889 ἡδίων
1342 853 1371 880 δὲ
1400 852 1530 888 μειδιῶσα
1552 852 1673 887 γαλήνη,
1692 851 1739 878 καὶ
1765 850 1887 884 θάλασσα

1101 898 1267 934 ήπλωμένη,
1298 899 1345 925 καὶ
1369 899 1431 930 ταῖς
1458 898 1556 929 ἀκταῖς
1584 896 1789 932 προσπαίζουσι
1815 895 1887 932 μετὰ

263 938 339 971 prius
354 939 550 973 obducebatur,
563 940 707 975 jucundior
717 942 865 975 illucescit;
887 948 913 971 et
927 952 975 971 ver
988 949 1049 980 post

1105 945 1260 981 πνευμάτων
1271 945 1375 977 στάσιν,
1390 945 1437 971 καὶ
1447 944 1576 972 ὠδίνοντα
1590 943 1645 979 (67)
1659 942 1780 978 κύματα.

263 984 362 1014 hiemis
384 987 520 1016 tristitiam
540 988 643 1017 dulcius
662 994 722 1023 est;
761 991 872 1018 suavior
903 992 984 1019 etiam
1020 998 1131 1030 apparet
1167 993 1257 1021 ridens
1283 992 1474 1026 tranquillitas,
1491 996 1519 1020 et
1536 999 1685 1026 expansum
1707 997 1740 1018 ac
1762 994 1891 1025 pacatum,

263 1041 350 1068 mare,
363 1043 439 1068 cum,
456 1041 517 1071 post
531 1041 674 1065 ventorum
689 1039 846 1071 tumultum,
861 1043 888 1068 et
906 1045 1085 1070 tumescentes
1099 1040 1207 1079 tinctus,
1225 1040 1362 1068 littoribus
1374 1040 1477 1067 alludit.

299 1079 344 1111 Vl.
360 1081 409 1109 llic
430 1081 589 1117 Cyprianus,
613 1091 630 1111 ο
646 1084 696 1111 viri
721 1084 762 1120 (ut
779 1090 806 1113 et
820 1086 866 1120 qui
890 1086 985 1118 nostis,
1015 1093 1050 1119 ex

264 1126 322 1161 ipsa
342 1128 600 1156 commemoratione
625 1129 754 1164 majorem
769 1130 934 1165 voluptatem
958 1131 1049 1166 capia—

263 1172 311 1202 tis.
322 1176 350 1199 et
363 1172 408 1206 qui
429 1173 568 1208 ignoratis,
591 1174 731 1202 historiam
747 1177 868 1203 omnium
895 1181 1049 1204 nostrarum

264 1217 485 1251 pulcherrimam,
499 1226 641 1248 commune
653 1220 869 1248 Christianorum
899 1222 992 1253 decus,
1008 1227 1050 1249 at-

264 1271 317 1298 que
329 1269 519 1292 ornamentum
533 1265 672 1300 discatis),
687 1267 741 1298 hic.
757 1267 1050 1302 inquam,Cyprianus,

266 1316 393 1344 magnum
411 1311 547 1344 quondam
574 1311 842 1347 Carthaginensium,
865 1321 937 1340 nunc
961 1317 1050 1347 autem

266 1357 350 1384 totius
362 1357 438 1385 orbis
451 1365 561 1391 nomen,
581 1358 677 1393 opibus
693 1361 867 1394 conspicuus,
883 1360 1002 1395 potentia
1018 1359 1050 1387 il-

266 1402 371 1435 lustris,
387 1410 486 1438 genere
499 1404 589 1432 clarus
606 1405 750 1439 (siquidem
763 1406 910 1433 maximum
924 1406 1051 1433 nobilita-

267 1448 304 1476 tis
316 1453 505 1483 argumentum
517 1455 571 1482 est,
587 1456 740 1478 senatorem
754 1459 827 1491 esse,
841 1452 1052 1487 primariamtu

267 1502 293 1521 tn
309 1501 342 1522 eo
355 1495 449 1522 ordine
459 1496 549 1524 sedem
566 1497 711 1532 obtinere).
723 1497 771 1531 llos
783 1498 943 1533 juvenlutis,
959 1497 1051 1525 elabo-

267 1545 354 1567 ratum
382 1545 485 1568 natum
514 1549 603 1576 opus,
633 1543 764 1570 doctrina:
788 1543 966 1578 principatus,
995 1548 1050 1573 tam

268 1586 474 1622 philosophice,
493 1595 573 1625 quam
588 1588 706 1623 cujusvis
719 1589 831 1616 alterius
849 1589 955 1622 generis
969 1588 1051 1615 disci-

268 1631 356 1666 plinae,
374 1632 454 1667 idque
471 1640 635 1669 quacunque
658 1639 735 1669 parte
758 1642 806 1662 cas
823 1639 945 1669 spectare
962 1633 1053 1661 volue-

267 1677 324 1710 ris;
344 1678 413 1705 adeo
428 1683 458 1705 ut
469 1679 495 1706 in
507 1686 552 1712 eo,
563 1684 592 1708 et
602 1680 738 1707 variarum
760 1680 858 1707 artium
874 1679 992 1715 cognitio
1006 1679 1053 1706 mi-

1139 1088 1184 1121 ς’.
1198 1082 1282 1118 Οὗτος
1292 1085 1460 1121 Κυπριανὸς,
1474 1084 1497 1112 ὦ
1507 1084 1602 1120 ἄνδρες
1615 1084 1670 1120 (ἵνα
1681 1084 1706 1111 οἱ
1718 1083 1768 1119 μὲν
1775 1083 1892 1122 εἰδότες,¹

1104 1133 1195 1169 ἡδίους
1208 1132 1324 1169 γένησθε
1337 1131 1393 1168 (68)
1413 1133 1446 1167 τῇ
1459 1131 1620 1167 ὑπομνήσει,
1638 1130 1663 1156 oi
1678 1130 1708 1157 δὲ
1717 1128 1894 1169 ἀγνοοῦντες..

1105 1179 1210 1215 μάθητε
1226 1178 1256 1205 τὸ
1270 1177 1412 1204 κάλλιστον
1428 1177 1482 1203 τῶν
1496 1176 1635 1212 ἡμετέρων
1645 1176 1832 1211 διηγημάτων,
1841 1175 1895 1214 καὶ¹

1103 1225 1153 1260 τὴν
1163 1223 1254 1260 κοινὴν
1268 1223 1438 1258 Χριστιανῶν
1457 1222 1632 1258 φιλοτιμίαν),
1644 1219 1720 1253 οὗτος
1736 1222 1847 1254 ἐκεῖνος,
1858 1222 1890 1248 τὸ

1106 1271 1177 1306 μέγα
1192 1270 1256 1296 ποτε
1271 1269 1463 1305 Καρχηδονίων
1480 1269 1575 1302 ὄνομα,
1596 1267 1642 1295 νῦν
1653 1268 1682 1294 δὲ
1693 1268 1743 1302 τῆς
1761 1267 1889 1302 οίκουμὲ-

1104 1324 1153 1350 νης
1173 1315 1294 1351 ἁπάσης,
1325 1315 1340 1341 ὁ
1370 1314 1477 1350 πλούτῳ
1502 1314 1664 1350 περιφανὴς,
1685 1314 1732 1340 καὶ
1747 1312 1895 1349 δυναστείᾳ⁵

1106 1361 1295 1397 περίϐλεπτος,
1314 1360 1362 1387 καὶ
1374 1359 1449 1394 γένει
1461 1358 1600 1395 γνώριμος
1614 1359 1651 1395 (εί
1662 1367 1693 1393 γε
1709 1359 1834 1394 μέγιστον
1849 1360 1891 1390 είς

1105 1407 1244 1441 εὐγενείας
1254 1407 1403 1440 ἀπόδειξιν,
1424 1405 1577 1441 συγκλήτου
1588 1405 1685 1440 βουλῆς
1701 1405 1830 1440 μετουσία
1844 1405 1892 1431 καὶ

1105 1452 1256 1487 προεδρία),
1273 1452 1304 1478 τὸ
1323 1451 1375 1486 τῆς
1394 1451 1520 1486 νεότητος
1542 1450 1631 1482 ἄνθος,
1655 1450 1687 1476 τὸ
1709 1450 1760 1485 τῆς
1783 1450 1892 1484 φύσεως

1105 1498 1216 1533 ἄγαλμα
1241 1497 1308 1534 (69),
1336 1497 1367 1524 τὸ
1380 1497 1434 1524 τῶν
1464 1496 1551 1531 λόγων
1568 1497 1679 1531 κράτος,
1697 1496 1750 1522 τῶν
1771 1504 1801 1522 τε
1821 1496 1893 1523 κατά

1105 1541 1272 1576 φιλοσοφίαν,
1290 1542 1337 1568 καὶ
1348 1542 1405 1569 ὅσοι
1419 1541 1469 1576 τῆς
1483 1541 1565 1575 ἄλλης
1575 1540 1751 1573 παιδεύσεως,
1768 1541 1816 1568 καὶ
1829 1542 1897 1575 τού-ἓ

1105 1595 1158 1615 των
1173 1587 1188 1614 ὃ
1204 1587 1293 1622 βούλει
1309 1587 1401 1623 μέρος
1421 1586 1459 1619 ὡς
1479 1586 1578 1622 μᾶλλον
1590 1586 1639 1622 μὲν
1652 1587 1682 1613 τὸ
1699 1586 1819 1623 ποικίλον
1830 1587 1847 1622 ἦ
1861 1586 1898 1624 τὸΓ

1105 1633 1189 1669 ἄκρον
1198 1634 1226 1660 ὲν
1237 1633 1344 1669 ἑκάστῳ
1357 1632 1556 1669 θαυμάζεσθαι,
1565 1632 1663 1668 μᾶλλον
1679 1632 1744 1659 δὲτὸ
1750 1632 1894 1668 εὐδόκιμον

1105 1680 1134 1706 ὲν
1141 1679 1247 1715 ἑκάστῳ
1254 1679 1305 1714 τῆς
1310 1687 1344 1706 πε
1348 1679 1374 1715 ρὶ
1380 1679 1469 1706 πάντα
1479 1677 1544 1706 πολυ
1549 1679 1646 1714 μαθίας
1653 1678 1718 1714 (70)·
1727 1679 1755 1716 ἢ,
1762 1679 1805 1706 ἵνα
1813 1678 1899 1714 διέλω,

268 1724 380 1752 rabilior
397 1731 481 1759 esset,
495 1733 576 1761 quam
592 1726 759 1761 singulamm
784 1731 877 1756 exacta
893 1731 920 1754 et
936 1726 1051 1761 perlecta

1107 1724 1284 1760 σαφέστερον,
1298 1723 1352 1751 τῶν
1374 1723 1424 1759 μὲν
1439 1723 1480 1758 τῷ
1498 1722 1625 1758 ποικίλῳ,
1643 1722 1697 1749 τῶν
1711 1721 1786 1757 δὲτῷ
1804 1722 1897 1759 ἄκρῳἲ

268 1770 392 1804 scientia,
411 1776 440 1800 et
457 1780 550 1800 rursus
576 1773 742 1808 singularum
767 1772 901 1807 exquisita
918 1777 946 1800 et
968 1772 1055 1800 modis

1109 1771 1166 1798 ἐστι
1189 1771 1219 1805 δὲ
1242 1767 1280 1798 ὧν
1300 1769 1481 1806 ἀμφοτέροις,
1498 1770 1565 1797 πᾶσι
1591 1769 1620 1796 δὲ
1644 1769 1752 1796 πάντων
1770 1767 1894 1803 ἐκράτει.

269 1819 393 1851 omnibus
428 1819 550 1847 absoluta
596 1821 735 1861 perceptio
770 1820 830 1855 plus
862 1819 1050 1848 admirationis
1075 1819 1199 1851 haberet,
1224 1826 1307 1854 quam
1338 1818 1472 1845 variarum
1498 1817 1596 1844 artium
1623 1815 1735 1844 collecta
1758 1815 1894 1844 scientia:

269 1865 322 1898 vel,
337 1871 366 1894 ut
380 1867 508 1901 apertiori
531 1868 704 1896 distinctione
733 1869 790 1903 haec
815 1868 965 1903 explicem,
996 1867 1063 1895 alios
1091 1866 1243 1902 multiplici,
1273 1866 1342 1894 alios
1367 1865 1499 1901 profunda
1519 1871 1609 1892 rerum
1636 1863 1801 1899 cognitione,
1826 1862 1895 1890 alios

269 1918 384 1949 utraque
398 1914 487 1948 laude,
501 1923 597 1943 omnes
613 1921 701 1944 autem
718 1917 830 1944 omnino
851 1921 1001 1952 superaret.

304 1960 384 1997 441
405 1961 460 1990 Vll.
487 1963 527 1998 Ac
555 1964 733 1997 eruditionem
767 1965 876 1999 quidem
907 1965 970 1992 libri
1000 1963 1052 1999 ipsi

271 2011 413 2041 testantur,
440 2016 508 2044 quos
535 2009 579 2037 ille
606 2011 761 2045 complures~
776 2016 804 2038 et
830 2010 981 2038 luculentus
1004 2017 1055 2045 pro

270 2053 350 2081 nobis
365 2054 537 2088 conscripsit,
552 2060 727 2090 posteaquam
745 2056 801 2089 Dei,
812 2056 857 2091 qui
876 2056 965 2084 omnia
977 2055 1051 2086 facit,

269 2104 299 2126 et
316 2103 402 2126 mutat
414 2099 448 2131 Ψ,
471 2099 646 2135 benignitate,
659 2101 808 2128 doctrinam
823 2109 899 2137 suam
913 2101 940 2128 in
957 2100 1054 2128 melius

271 2144 420 2178 transtulit,
434 2150 515 2181 atque
529 2146 703 2174 stoliditatem
721 2147 818 2180 rationi
838 2147 962 2181 subjecit.
977 2146 1056 2179 Quaa-

270 2197 334 2218 nam
362 2196 452 2219 autem
472 2193 535 2220 hinc
553 2193 618 2220 mihi
645 2193 701 2228 jam
721 2193 819 2227 dicenti
845 2193 912 2230 ratio
942 2192 1057 2225 tenenda

271 2236 320 2269 ait,
334 2240 362 2263 et
378 2243 432 2271 quo
451 2244 496 2264 me
511 2241 625 2270 vertam,
643 2238 721 2273 plane
741 2238 859 2266 incertus
870 2245 940 2265 sum.
955 2237 1058 2265 Vereor

273 2282 357 2315 enim,
376 2290 411 2310 ne
425 2282 506 2311 nimis
525 2283 632 2318 longum
653 2291 685 2312 ac
702 2292 812 2319 prorsus
837 2284 1056 2319 intempestivum

273 2334 426 2355 sermonem
450 2327 574 2361 habeam,
599 2329 621 2357 si
638 2329 765 2364 Cypriani
780 2330 871 2358 omnia
889 2336 1056 2361 commemo-

273 2372 359 2400 randa
375 2380 535 2408 suscepcro;
558 2380 586 2403 et
606 2380 718 2409 rursus,
741 2384 776 2404 ne
799 2377 917 2404 maximo
935 2383 991 2409 eos,
1011 2374 1057 2410 qui

273 2418 388 2452 adsunt,
412 2419 574 2448 detrimento
588 2421 731 2454 mulctem,
755 2422 778 2449 si
804 2421 868 2458 quid
892 2421 1055 2456 praeteriero.

1141 1962 1178 1988 Z'.
1203 1959 1264 1986 Τῶν
1289 1958 1339 1994 μὲν
1359 1954 1405 1984 οὖν
1421 1956 1510 1990 λόγων
1538 1955 1587 1982 καὶ
1603 1955 1627 1981 οἱ
1644 1954 1719 1989 λόγοι
1737 1961 1897 1989 μαρτυρες,

1105 2008 1152 2039 οὓς
1165 2005 1279 2037 πολλοὺς
1293 2003 1341 2031 καὶ
1355 2002 1500 2038 λαμπροὺς
1516 2002 1619 2032 ἐκεῖνος
1634 2000 1703 2036 ὑπὲρ
1717 1999 1797 2035 ἡμῶν
1814 2007 1895 2026 κατε-

1107 2053 1214 2083 ϐάλετο,
1230 2050 1322 2085 ἐπειδή
1340 2057 1372 2083 γε
1388 2048 1537 2084 μετήνεγκε
1552 2046 1620 2074 Θεοῦ
1637 2045 1827 2081 φιλανθρωπία
1846 2043 1897 2080 τὴ»

1108 2098 1258 2127 παίδευσιν,
1274 2095 1321 2122 τοῦ
1345 2094 1484 2125 ποιοῦντος
1503 2093 1538 2119 τὰ
1554 2092 1643 2119 πάντα
1654 2091 1702 2118 καὶ
1727 2090 1895 2126 μετασκευά-

1108 2143 1210 2176 ζοντος,
1231 2141 1300 2177 πρὸς
1314 2140 1346 2167 τὸ
1361 2140 1463 2175 βέλτιον
1478 2139 1545 2174 (7i),
1563 2139 1609 2165 καὶ
1632 2137 1672 2172 τῷ
1684 2137 1756 2172 λόγῳ
1769 2136 1819 2173 τὴν
1831 2135 1896 2163 ἁλοο

1109 2189 1172 2224 γίαν
1186 2187 1328 2215 ὑπέκλινεν
1338 2194 1345 2201 ⁸
1363 2186 1394 2212 τὸ
1406 2185 1434 2212 δὲ
1452 2184 1592 2216 ἐντεῦθεν,
1608 2183 1658 2210 οὐκ
1673 2180 1721 2209 οἷδ’
1738 2183 1812 2214 ὅπως
1829 2182 1898 2225 χρή-ι

1109 2243 1199 2270 σωμαι
1217 2234 1284 2269 (72),
1297 2232 1336 2269 τῷ
1350 2232 1420 2267 λόγῳ
1440 2231 1487 2258 καὶ
1500 2231 1541 2262 τίς
1559 2230 1696 2266 γένωμαι·
1711 2229 1770 2261 πῶς
1787 2229 1835 2264 μὲν
1858 2227 1898 2264 μὴ

1111 2282 1216 2318 μακρὸν
1237 2279 1370 2307 ἀτωτείνω
1384 2278 1472 2312 λόγον.
1489 2277 1537 2304 καὶ
1554 2276 1694 2307 παντελῶς
1707 2275 1759 2309 ἐξω
1771 2275 1817 2301 τοῦ
1835 2283 1897 2301 και-

1111 2327 1170 2364 ροῦ,
1183 2327 1292 2354 πάντων
1305 2324 1359 2352 τῶν
1371 2322 1530 2360 Κυπριανοῦ
1547 2321 1729 2358 μεμνημένος·
1743 2320 1801 2352 πῶς
1816 2319 1844 2346 δὲ
1857 2319 1898 2355 μὴ

1109 2368 1144 2401 τὰ
1162 2372 1278 2408 μέγιστα
1299 2369 1430 2406 ζημιώσω
1444 2370 1507 2400 τοὺς
1527 2368 1664 2403 παρόντας
1679 2369 1735 2398 τοῖς
1750 2366 1895 2401 σιωπωμέ-

1111 2427 1176 2451 νοις.
1189 2418 1237 2445 Ἰν“
1251 2414 1298 2444 οὖν
1315 2416 1401 2452 μέσην
1415 2415 1516 2450 βαδίσω
1531 2415 1579 2442 τοῦ
1592 2412 1700 2449 καιροῦ,
1716 2412 1763 2439 καὶ
1780 2411 1827 2438 τοῦ
1844 2411 1897 2439 πό‹

275 2463 311 2492 Ut
329 2464 410 2499 igitur
421 2465 539 2493 mediutn
556 2467 710 2502 quemdam,
735 2467 808 2502 inter
824 2467 954 2502 temporis
969 2466 1051 2494 brevi‘

1112 2465 1159 2492 θου
1173 2465 1227 2491 τῶν
1246 2463 1409 2498 ἀκουόντων,
1431 2461 1504 2488 οὕτω
1521 2469 1567 2497 μοι
1583 2460 1656 2487 δοκεῖ
1671 2459 1798 2494 ποιητέον¹
1808 2457 1877 2485 εἶναι
1887 2466 1896 2473 -

312 2520 335 2537 ¹⁶
348 2521 429 2550 Amos
443 2529 468 2555 v,
482 2521 508 2548 8.

313 2587 369 2624 (65)
385 2588 487 2622 ”ολος.
503 2589 531 2616 In
544 2590 687 2619 nonnullis.
705 2590 783 2622 ὅλως.

314 2624 371 2659 (66)
394 2625 428 2650 Ὃ
442 2624 585 2658 κρεῖττον.
611 2625 656 2653 Sic
672 2625 754 2660 Regg.
771 2633 798 2657 a,
812 2632 840 2658 c,
861 2625 889 2657 d,
902 2625 949 2660 ph,
967 2629 1020 2652 etc.
1036 2623 1064 2650 In

278 2659 340 2695 ed,
351 2660 492 2695 κρείττων.

316 2693 376 2729 (67)
394 2694 556 2722 Ὠδινοντα.
581 2694 715 2723 lnterores
731 2695 837 2723 videtur
852 2695 960 2730 legisse,
983 2693 1066 2722 οίδαί-

280 2737 369 2756 νοντα.

384 2764 529 2804 [ἐπίπαιζε.
543 2764 636 2804 Savi_|.,
650 2765 782 2804 γένοισθε.
869 2801 875 2804 _
912 2800 928 2804 __
1029 2798 1046 2804 ﬂ

329 2799 372 2833 69)
391 2799 449 2833 Τῆς
464 2800 584 2835 φύσεως
595 2800 723 2835 ἀῃαλμα.
744 2800 891 2828 Vernacula
911 2800 1002 2835 lingua
1021 2799 1058 2826 di-

282 2832 368 2861 cimus
382 2842 389 2860 z
401 2843 411 2859 ι
425 2832 709 2863 ίέΙὶεί-ιγωιιντεόέίκ
725 2840 830 2863 nature.
845 2845 855 2861 ι

316 2868 373 2904 (70)
403 2870 603 2902 Πονίυμαθίας.
630 2870 675 2897 Sic
703 2871 792 2904 plures
819 2870 896 2898 codd.
919 2870 947 2897 ln
976 2869 1059 2904 Regg.

282 2910 314 2945 ς,
335 2903 368 2938 d,
390 2904 453 2939 bm,
473 2904 524 2940 ph,
551 2903 743 2941 πολυμαθείας.
759 2906 787 2934 lu
802 2905 862 2940 ed.,
881 2903 1057 2942 φιλομαθίᾱς,

1117 2595 1126 2610 ι
1148 2583 1266 2612 discendi
1284 2583 1452 2620 cupiditasfr»
1572 2614 1590 2620 __
1654 2615 1660 2620 _
1750 2614 1756 2620 _
1846 2613 1863 2620 ﬂ

1151 2619 1207 2655 (Ἡ)
1223 2613 1362 2655 ΔΠρὸςξτὸ
1386 2617 1520 2655 βέλτιον,
1547 2624 1557 2641 t
1572 2614 1725 2655 pttctrinam
1803 2613 1899 2654 melius

1116 2648 1289 2689 tra‘nst’ulitln
1299 2648 1355 2689 ’δίο
1370 2650 1740 2689 verteudum_existimamus._
1752 2648 1814 2676 Hzcc
1824 2649 1899 2689 enim

1114 2689 1196 2726 verba
1235 2688 1376 2726 rgierituus
1411 2686 1444 2713 ad
1474 2686 1634 2726 μετήνεγκε,
1671 2684 1742 2726 quod
1770 2684 1900 2726 superius

1115 2724 1223 2758 legitur.
1250 2722 1344 2758 Billius
1368 2727 1458 2758 autem
1475 2720 1637 2758 :ea'relcrt
1666 2720 1698 2746 ad
1728 2720 1900 2754 μετασκευά-

1115 2756 1218 2791 ςοντος,
1238 2757 1361 2792 quamvis
1376 2757 1402 2783 in
1415 2756 1542 2792 propheta
1558 2756 1640 2782 Amos
1661 2762 1715 2781 non
1742 2758 1899 2787 occurrant,

1113 2799 1141 2822 et
1157 2793 1252 2824 reddit,
1270 2801 1279 2818 t
1297 2797 1377 2826 atque
1394 2793 1418 2819 in
1432 2792 1527 2818 melius
1542 2795 1721 2826 commutat.)

1149 2828 1206 2863 (72)
1228 2822 1396 2862 Χρήσωὶιαι.
1419 2826 1501 2861 Regg.
1518 2826 1546 2858 d,
1575 2826 1621 2860 ph.
1636 2830 1663 2853 et
1689 2824 1734 2853 Or.
1767 2822 1800 2856 l,
1830 2831 1900 2860 χρη-

1114 2872 1205 2900 σομαι.
