  <div class='ocr_page' id='page_1' title='image "/cluster/home/n/w/nwhite01/storage/ocr_20150623/35/njp.32101077772554/602.png"; bbox 0 0 2060 3140; ppageno 0'>
   <div class='ocr_carea' id='block_1_1' title="bbox 202 192 270 231">
    <p class='ocr_par' dir='ltr' id='par_1_1' title="bbox 202 192 270 231">
     <span class='ocr_line' id='line_1_1' title="bbox 202 192 270 231; baseline -0.029 -11"><span class='ocrx_word' id='word_1_1' title='bbox 202 192 270 231; x_wconf 74' lang='lat' dir='ltr'><strong>tm</strong></span> 
     </span>
    </p>
   </div>
   <div class='ocr_carea' id='block_1_2' title="bbox 623 188 1380 222">
    <p class='ocr_par' dir='ltr' id='par_1_2' title="bbox 623 188 1380 222">
     <span class='ocr_line' id='line_1_2' title="bbox 623 188 1380 222; baseline -0.003 -4"><span class='ocrx_word' id='word_1_2' title='bbox 623 190 752 218; x_wconf 76' lang='lat' dir='ltr'><strong>ORATIO</strong></span> <span class='ocrx_word' id='word_1_3' title='bbox 770 190 866 222; x_wconf 73' lang='lat' dir='ltr'><strong>XXIV.</strong></span> <span class='ocrx_word' id='word_1_4' title='bbox 888 204 921 210; x_wconf 84' lang='lat'><strong>-—</strong></span> <span class='ocrx_word' id='word_1_5' title='bbox 940 190 973 217; x_wconf 74' lang='lat' dir='ltr'><strong>IN</strong></span> <span class='ocrx_word' id='word_1_6' title='bbox 995 189 1137 218; x_wconf 77' lang='lat' dir='ltr'><strong>LAUDEM</strong></span> <span class='ocrx_word' id='word_1_7' title='bbox 1157 190 1188 218; x_wconf 88' lang='lat' dir='ltr'><strong>S.</strong></span> <span class='ocrx_word' id='word_1_8' title='bbox 1207 188 1380 218; x_wconf 75' lang='lat' dir='ltr'><strong>CYPRIANL</strong></span> 
     </span>
    </p>
   </div>
   <div class='ocr_carea' id='block_1_3' title="bbox 1751 193 1820 222">
    <p class='ocr_par' dir='ltr' id='par_1_3' title="bbox 1751 193 1820 222">
     <span class='ocr_line' id='line_1_3' title="bbox 1751 193 1820 222; baseline 0.014 -1"><span class='ocrx_word' id='word_1_9' title='bbox 1751 193 1765 221; x_wconf 79' lang='grc' dir='ltr'><strong><em>ι</em></strong></span> <span class='ocrx_word' id='word_1_10' title='bbox 1771 193 1820 222; x_wconf 75' lang='grc' dir='ltr'><strong>ι78</strong></span> 
     </span>
    </p>
   </div>
   <div class='ocr_carea' id='block_1_4' title="bbox 199 240 987 284">
    <p class='ocr_par' dir='ltr' id='par_1_4' title="bbox 199 247 983 284">
     <span class='ocr_line' id='line_1_4' title="bbox 199 247 983 284; baseline -0.003 -8"><span class='ocrx_word' id='word_1_11' title='bbox 199 248 235 277; x_wconf 74' lang='grc' dir='ltr'>τὰ</span> <span class='ocrx_word' id='word_1_12' title='bbox 251 249 300 284; x_wconf 80' lang='grc' dir='ltr'><strong>μὲν</strong></span> <span class='ocrx_word' id='word_1_13' title='bbox 316 247 384 274; x_wconf 78' lang='grc' dir='ltr'>ἄλλα</span> <span class='ocrx_word' id='word_1_14' title='bbox 397 247 523 283; x_wconf 78' lang='grc' dir='ltr'>παρεῖναι</span> <span class='ocrx_word' id='word_1_15' title='bbox 539 248 595 279; x_wconf 82' lang='grc' dir='ltr'>τοῖς</span> <span class='ocrx_word' id='word_1_16' title='bbox 609 247 722 279; x_wconf 67' lang='grc' dir='ltr'>εἰδόσιν,</span> <span class='ocrx_word' id='word_1_17' title='bbox 738 247 905 274; x_wconf 74' lang='grc' dir='ltr'><strong>ἐκδιδάσκειν</strong></span> <span class='ocrx_word' id='word_1_18' title='bbox 920 248 983 279; x_wconf 70' lang='grc' dir='ltr'>τοὺς</span> 
     </span>
    </p>
   </div>
   <div class='ocr_carea' id='block_1_5' title="bbox 1041 240 1819 284">
    <p class='ocr_par' dir='ltr' id='par_1_5' title="bbox 1041 240 1819 284">
     <span class='ocr_line' id='line_1_5' title="bbox 1041 240 1819 284; baseline 0.001 -10"><span class='ocrx_word' id='word_1_19' title='bbox 1041 251 1115 274; x_wconf 77' lang='lat' dir='ltr'><strong>atem</strong></span> <span class='ocrx_word' id='word_1_20' title='bbox 1131 250 1159 274; x_wconf 85' lang='lat' dir='ltr'><strong>et</strong></span> <span class='ocrx_word' id='word_1_21' title='bbox 1187 246 1338 273; x_wconf 89' lang='lat' dir='ltr'><strong>auditorum</strong></span> <span class='ocrx_word' id='word_1_22' title='bbox 1364 245 1551 284; x_wconf 67' lang='lat' dir='ltr'><strong>cupiditatem,</strong></span> <span class='ocrx_word' id='word_1_23' title='bbox 1572 240 1679 277; x_wconf 79' lang='lat' dir='ltr'><strong>cursum</strong></span> <span class='ocrx_word' id='word_1_24' title='bbox 1703 251 1819 282; x_wconf 87' lang='lat' dir='ltr'><strong>teneam,</strong></span> 
     </span>
    </p>
   </div>
   <div class='ocr_carea' id='block_1_6' title="bbox 199 292 984 330">
    <p class='ocr_par' dir='ltr' id='par_1_6' title="bbox 199 292 984 330">
     <span class='ocr_line' id='line_1_6' title="bbox 199 292 984 330; baseline 0 -10"><span class='ocrx_word' id='word_1_25' title='bbox 199 293 372 329; x_wconf 77' lang='grc' dir='ltr'>ἀγνοοῦντας,</span> <span class='ocrx_word' id='word_1_26' title='bbox 394 293 471 329; x_wconf 76' lang='grc' dir='ltr'>εἴπερ</span> <span class='ocrx_word' id='word_1_27' title='bbox 488 292 541 319; x_wconf 86' lang='grc' dir='ltr'>εισί</span> <span class='ocrx_word' id='word_1_28' title='bbox 555 300 637 324; x_wconf 83' lang='grc' dir='ltr'>τινες,</span> <span class='ocrx_word' id='word_1_29' title='bbox 656 293 688 319; x_wconf 81' lang='grc' dir='ltr'><strong>ἵν’</strong></span> <span class='ocrx_word' id='word_1_30' title='bbox 704 293 854 329; x_wconf 79' lang='grc' dir='ltr'>ἀμφότεροι</span> <span class='ocrx_word' id='word_1_31' title='bbox 875 294 984 330; x_wconf 74' lang='grc' dir='ltr'>εὐεργε-</span> 
     </span>
    </p>
   </div>
   <div class='ocr_carea' id='block_1_7' title="bbox 200 336 984 372">
    <p class='ocr_par' dir='ltr' id='par_1_7' title="bbox 200 336 984 372">
     <span class='ocr_line' id='line_1_7' title="bbox 200 336 984 372; baseline 0.003 -8"><span class='ocrx_word' id='word_1_32' title='bbox 200 338 300 364; x_wconf 85' lang='grc' dir='ltr'>τῶνται</span> <span class='ocrx_word' id='word_1_33' title='bbox 322 337 432 372; x_wconf 84' lang='grc' dir='ltr'>ὁμοίως,</span> <span class='ocrx_word' id='word_1_34' title='bbox 448 337 494 363; x_wconf 76' lang='grc' dir='ltr'>καὶ</span> <span class='ocrx_word' id='word_1_35' title='bbox 512 337 536 363; x_wconf 79' lang='grc' dir='ltr'>οἱ</span> <span class='ocrx_word' id='word_1_36' title='bbox 550 336 721 370; x_wconf 73' lang='grc' dir='ltr'><strong>διδάσκοντες</strong></span> <span class='ocrx_word' id='word_1_37' title='bbox 740 338 774 366; x_wconf 78' lang='grc' dir='ltr'><strong>τὰ</strong></span> <span class='ocrx_word' id='word_1_38' title='bbox 792 339 897 366; x_wconf 86' lang='grc' dir='ltr'>ἐκείνου</span> <span class='ocrx_word' id='word_1_39' title='bbox 908 358 915 371; x_wconf 84' lang='grc'><strong>,</strong></span> <span class='ocrx_word' id='word_1_40' title='bbox 937 340 984 366; x_wconf 77' lang='grc' dir='ltr'>καὶ</span> 
     </span>
    </p>
   </div>
   <div class='ocr_carea' id='block_1_8' title="bbox 199 382 984 419">
    <p class='ocr_par' dir='ltr' id='par_1_8' title="bbox 199 382 984 419">
     <span class='ocr_line' id='line_1_8' title="bbox 199 382 984 419; baseline 0.001 -9"><span class='ocrx_word' id='word_1_41' title='bbox 199 384 224 410; x_wconf 78' lang='grc' dir='ltr'>οἱ</span> <span class='ocrx_word' id='word_1_42' title='bbox 245 382 425 419; x_wconf 76' lang='grc' dir='ltr'><strong>μανθάνοντες</strong></span> <span class='ocrx_word' id='word_1_43' title='bbox 445 383 557 418; x_wconf 80' lang='grc' dir='ltr'>(ἐπειδὴ</span> <span class='ocrx_word' id='word_1_44' title='bbox 575 384 622 409; x_wconf 73' lang='grc' dir='ltr'>καὶ</span> <span class='ocrx_word' id='word_1_45' title='bbox 643 383 674 410; x_wconf 81' lang='grc' dir='ltr'>τὸ</span> <span class='ocrx_word' id='word_1_46' title='bbox 694 384 848 419; x_wconf 84' lang='grc' dir='ltr'>μεμνῆσθαι</span> <span class='ocrx_word' id='word_1_47' title='bbox 869 384 915 411; x_wconf 84' lang='grc' dir='ltr'>τοῦ</span> <span class='ocrx_word' id='word_1_48' title='bbox 936 386 984 411; x_wconf 87' lang='grc' dir='ltr'><strong>ἀν-</strong></span> 
     </span>
    </p>
   </div>
   <div class='ocr_carea' id='block_1_9' title="bbox 200 427 983 466">
    <p class='ocr_par' dir='ltr' id='par_1_9' title="bbox 200 427 983 466">
     <span class='ocr_line' id='line_1_9' title="bbox 200 427 983 466; baseline 0.005 -13"><span class='ocrx_word' id='word_1_49' title='bbox 200 428 277 464; x_wconf 71' lang='grc' dir='ltr'>δρὸς,</span> <span class='ocrx_word' id='word_1_50' title='bbox 293 427 444 463; x_wconf 75' lang='grc' dir='ltr'>ἁγιασμὸς,</span> <span class='ocrx_word' id='word_1_51' title='bbox 461 428 508 454; x_wconf 79' lang='grc' dir='ltr'>καὶ</span> <span class='ocrx_word' id='word_1_52' title='bbox 529 428 655 463; x_wconf 77' lang='grc' dir='ltr'>μέγιστον</span> <span class='ocrx_word' id='word_1_53' title='bbox 675 429 714 461; x_wconf 79' lang='grc' dir='ltr'><strong>εἰς</strong></span> <span class='ocrx_word' id='word_1_54' title='bbox 734 430 904 466; x_wconf 82' lang='grc' dir='ltr'>παράκλησιν</span> <span class='ocrx_word' id='word_1_55' title='bbox 919 431 983 466; x_wconf 83' lang='grc' dir='ltr'>ἀρε-</span> 
     </span>
    </p>
   </div>
   <div class='ocr_carea' id='block_1_10' title="bbox 199 473 983 511">
    <p class='ocr_par' dir='ltr' id='par_1_10' title="bbox 199 473 983 511">
     <span class='ocr_line' id='line_1_10' title="bbox 199 473 983 511; baseline 0.004 -12"><span class='ocrx_word' id='word_1_56' title='bbox 199 474 248 508; x_wconf 81' lang='grc' dir='ltr'>τῆς</span> <span class='ocrx_word' id='word_1_57' title='bbox 263 474 277 499; x_wconf 85' lang='grc' dir='ltr'><em>ὁ</em></span> <span class='ocrx_word' id='word_1_58' title='bbox 293 473 371 506; x_wconf 85' lang='grc' dir='ltr'>λόγος</span> <span class='ocrx_word' id='word_1_59' title='bbox 383 474 403 507; x_wconf 90' lang='grc'><strong>)·</strong></span> <span class='ocrx_word' id='word_1_60' title='bbox 417 473 476 505; x_wconf 73' lang='grc' dir='ltr'><strong>ἑνὸς</strong></span> <span class='ocrx_word' id='word_1_61' title='bbox 490 473 517 499; x_wconf 75' lang='grc' dir='ltr'>δὲ</span> <span class='ocrx_word' id='word_1_62' title='bbox 528 474 544 509; x_wconf 90' lang='grc' dir='ltr'>ἢ</span> <span class='ocrx_word' id='word_1_63' title='bbox 557 474 602 500; x_wconf 88' lang='grc' dir='ltr'>δύο</span> <span class='ocrx_word' id='word_1_64' title='bbox 616 474 669 501; x_wconf 85' lang='grc' dir='ltr'><strong>τῶν</strong></span> <span class='ocrx_word' id='word_1_65' title='bbox 682 475 786 502; x_wconf 78' lang='grc' dir='ltr'>ἐκείνου</span> <span class='ocrx_word' id='word_1_66' title='bbox 801 475 845 502; x_wconf 86' lang='grc' dir='ltr'>διὰ</span> <span class='ocrx_word' id='word_1_67' title='bbox 861 476 983 511; x_wconf 83' lang='grc' dir='ltr'><strong>βραχέων</strong></span> 
     </span>
    </p>
   </div>
   <div class='ocr_carea' id='block_1_11' title="bbox 199 517 986 555">
    <p class='ocr_par' dir='ltr' id='par_1_11' title="bbox 199 517 986 555">
     <span class='ocr_line' id='line_1_11' title="bbox 199 517 986 555; baseline 0.004 -12"><span class='ocrx_word' id='word_1_68' title='bbox 199 517 410 555; x_wconf 58' lang='grc' dir='ltr'>ἐπιμνησθῆναι,</span> <span class='ocrx_word' id='word_1_69' title='bbox 428 517 474 544; x_wconf 72' lang='grc' dir='ltr'>καὶ</span> <span class='ocrx_word' id='word_1_70' title='bbox 486 517 588 550; x_wconf 76' lang='grc' dir='ltr'>τούτων</span> <span class='ocrx_word' id='word_1_71' title='bbox 602 519 651 545; x_wconf 82' lang='grc' dir='ltr'>ὅσα</span> <span class='ocrx_word' id='word_1_72' title='bbox 665 518 731 554; x_wconf 63' lang='grc' dir='ltr'>μηδὲ</span> <span class='ocrx_word' id='word_1_73' title='bbox 747 519 899 555; x_wconf 80' lang='grc' dir='ltr'><strong>βουλομένῳ</strong></span> <span class='ocrx_word' id='word_1_74' title='bbox 916 528 986 555; x_wconf 84' lang='grc' dir='ltr'>παρ-</span> 
     </span>
    </p>
   </div>
   <div class='ocr_carea' id='block_1_12' title="bbox 200 558 961 590">
    <p class='ocr_par' dir='ltr' id='par_1_12' title="bbox 200 558 961 590">
     <span class='ocr_line' id='line_1_12' title="bbox 200 558 961 590; baseline -0.001 0"><span class='ocrx_word' id='word_1_75' title='bbox 200 563 287 590; x_wconf 81' lang='grc' dir='ltr'>ελθεῖν</span> <span class='ocrx_word' id='word_1_76' title='bbox 302 564 423 590; x_wconf 83' lang='grc' dir='ltr'>δυνατόν.</span> <span class='ocrx_word' id='word_1_77' title='bbox 959 558 961 560; x_wconf 56' lang='grc'><em>’</em></span> 
     </span>
    </p>
   </div>
   <div class='ocr_carea' id='block_1_13' title="bbox 1035 292 1824 328">
    <p class='ocr_par' dir='ltr' id='par_1_13' title="bbox 1035 292 1824 328">
     <span class='ocr_line' id='line_1_13' title="bbox 1035 292 1824 328; baseline 0.001 -8"><span class='ocrx_word' id='word_1_78' title='bbox 1035 294 1094 320; x_wconf 65' lang='lat' dir='ltr'><strong>hinc</strong></span> <span class='ocrx_word' id='word_1_79' title='bbox 1119 292 1183 320; x_wconf 86' lang='lat' dir='ltr'><strong>mihi</strong></span> <span class='ocrx_word' id='word_1_80' title='bbox 1213 293 1329 319; x_wconf 90' lang='lat' dir='ltr'><strong>ineunda</strong></span> <span class='ocrx_word' id='word_1_81' title='bbox 1354 292 1423 319; x_wconf 89' lang='lat' dir='ltr'><strong>ratio</strong></span> <span class='ocrx_word' id='word_1_82' title='bbox 1450 292 1684 320; x_wconf 70' lang='lat' dir='ltr'><strong>videtur-:caatera</strong></span> <span class='ocrx_word' id='word_1_83' title='bbox 1713 294 1824 328; x_wconf 41' lang='lat' dir='ltr'><strong>quidem,</strong></span> 
     </span>
    </p>
   </div>
   <div class='ocr_carea' id='block_1_14' title="bbox 1039 337 1820 374">
    <p class='ocr_par' dir='ltr' id='par_1_14' title="bbox 1039 337 1820 374">
     <span class='ocr_line' id='line_1_14' title="bbox 1039 337 1820 374; baseline 0.003 -10"><span class='ocrx_word' id='word_1_84' title='bbox 1039 338 1188 365; x_wconf 80' lang='lat' dir='ltr'><strong>scientibus</strong></span> <span class='ocrx_word' id='word_1_85' title='bbox 1204 338 1366 372; x_wconf 89' lang='lat' dir='ltr'><strong>relinquam,</strong></span> <span class='ocrx_word' id='word_1_86' title='bbox 1382 342 1411 364; x_wconf 86' lang='grc' dir='ltr'>ιιι</span> <span class='ocrx_word' id='word_1_87' title='bbox 1426 337 1471 369; x_wconf 88' lang='lat' dir='ltr'><strong>iis,</strong></span> <span class='ocrx_word' id='word_1_88' title='bbox 1487 338 1533 372; x_wconf 90' lang='lat' dir='ltr'><strong>qui</strong></span> <span class='ocrx_word' id='word_1_89' title='bbox 1548 345 1578 364; x_wconf 87' lang='lat' dir='ltr'><strong>ea</strong></span> <span class='ocrx_word' id='word_1_90' title='bbox 1592 338 1724 372; x_wconf 89' lang='lat' dir='ltr'><strong>ignorant,</strong></span> <span class='ocrx_word' id='word_1_91' title='bbox 1737 339 1758 366; x_wconf 85' lang='lat' dir='ltr'><strong>si</strong></span> <span class='ocrx_word' id='word_1_92' title='bbox 1774 340 1820 374; x_wconf 91' lang='lat' dir='ltr'><strong>qui</strong></span> 
     </span>
    </p>
   </div>
   <div class='ocr_carea' id='block_1_15' title="bbox 1037 383 1821 419">
    <p class='ocr_par' dir='ltr' id='par_1_15' title="bbox 1037 383 1821 419">
     <span class='ocr_line' id='line_1_15' title="bbox 1037 383 1821 419; baseline 0.003 -9"><span class='ocrx_word' id='word_1_93' title='bbox 1037 389 1126 412; x_wconf 87' lang='lat' dir='ltr'><strong>tamen</strong></span> <span class='ocrx_word' id='word_1_94' title='bbox 1147 383 1214 410; x_wconf 88' lang='lat' dir='ltr'><strong>tales</strong></span> <span class='ocrx_word' id='word_1_95' title='bbox 1225 388 1299 417; x_wconf 82' lang='lat' dir='ltr'><strong>sunt,</strong></span> <span class='ocrx_word' id='word_1_96' title='bbox 1319 387 1466 418; x_wconf 81' lang='lat' dir='ltr'><strong>exponam,</strong></span> <span class='ocrx_word' id='word_1_97' title='bbox 1482 388 1562 418; x_wconf 90' lang='lat' dir='ltr'><strong>atque</strong></span> <span class='ocrx_word' id='word_1_98' title='bbox 1580 391 1613 415; x_wconf 69' lang='lat' dir='ltr'><strong>ex</strong></span> <span class='ocrx_word' id='word_1_99' title='bbox 1625 391 1656 410; x_wconf 88' lang='lat' dir='ltr'><strong>ea</strong></span> <span class='ocrx_word' id='word_1_100' title='bbox 1675 392 1705 411; x_wconf 89' lang='lat' dir='ltr'><strong>re</strong></span> <span class='ocrx_word' id='word_1_101' title='bbox 1715 385 1821 419; x_wconf 92' lang='lat' dir='ltr'><strong>utrique</strong></span> 
     </span>
    </p>
   </div>
   <div class='ocr_carea' id='block_1_16' title="bbox 1036 429 1819 463">
    <p class='ocr_par' dir='ltr' id='par_1_16' title="bbox 1036 429 1819 463">
     <span class='ocr_line' id='line_1_16' title="bbox 1036 429 1819 463; baseline -0.001 -6"><span class='ocrx_word' id='word_1_102' title='bbox 1036 438 1128 462; x_wconf 87' lang='lat' dir='ltr'><strong>parem</strong></span> <span class='ocrx_word' id='word_1_103' title='bbox 1157 429 1297 456; x_wconf 90' lang='lat' dir='ltr'><strong>utilitatem</strong></span> <span class='ocrx_word' id='word_1_104' title='bbox 1324 429 1450 463; x_wconf 78' lang='lat' dir='ltr'><strong>capiant,</strong></span> <span class='ocrx_word' id='word_1_105' title='bbox 1481 433 1536 456; x_wconf 90' lang='lat' dir='ltr'><strong>tum</strong></span> <span class='ocrx_word' id='word_1_106' title='bbox 1552 429 1596 463; x_wconf 90' lang='lat' dir='ltr'><strong>qui</strong></span> <span class='ocrx_word' id='word_1_107' title='bbox 1619 429 1691 456; x_wconf 87' lang='lat' dir='ltr'><strong>illius</strong></span> <span class='ocrx_word' id='word_1_108' title='bbox 1705 430 1819 457; x_wconf 84' lang='lat' dir='ltr'><strong>virtutes</strong></span> 
     </span>
    </p>
   </div>
   <div class='ocr_carea' id='block_1_17' title="bbox 1037 473 1822 510">
    <p class='ocr_par' dir='ltr' id='par_1_17' title="bbox 1037 473 1822 510">
     <span class='ocr_line' id='line_1_17' title="bbox 1037 473 1822 510; baseline -0.001 -9"><span class='ocrx_word' id='word_1_109' title='bbox 1037 475 1145 505; x_wconf 88' lang='lat' dir='ltr'><strong>docent,</strong></span> <span class='ocrx_word' id='word_1_110' title='bbox 1178 478 1233 503; x_wconf 89' lang='lat' dir='ltr'><strong>tum</strong></span> <span class='ocrx_word' id='word_1_111' title='bbox 1249 473 1295 508; x_wconf 91' lang='lat' dir='ltr'><strong>qui</strong></span> <span class='ocrx_word' id='word_1_112' title='bbox 1319 474 1461 500; x_wconf 76' lang='lat' dir='ltr'><strong>addiscunt</strong></span> <span class='ocrx_word' id='word_1_113' title='bbox 1487 473 1719 509; x_wconf 72' lang='lat' dir='ltr'><strong>(quandoquidem</strong></span> <span class='ocrx_word' id='word_1_114' title='bbox 1742 475 1822 510; x_wconf 68' lang='lat' dir='ltr'><strong>hujus</strong></span> 
     </span>
    </p>
   </div>
   <div class='ocr_carea' id='block_1_18' title="bbox 1037 519 1820 554">
    <p class='ocr_par' dir='ltr' id='par_1_18' title="bbox 1037 519 1820 554">
     <span class='ocr_line' id='line_1_18' title="bbox 1037 519 1820 554; baseline 0.001 -8"><span class='ocrx_word' id='word_1_115' title='bbox 1037 526 1144 554; x_wconf 87' lang='lat' dir='ltr'><strong>quoque</strong></span> <span class='ocrx_word' id='word_1_116' title='bbox 1157 519 1206 546; x_wconf 85' lang='lat' dir='ltr'><strong>viri</strong></span> <span class='ocrx_word' id='word_1_117' title='bbox 1231 519 1272 546; x_wconf 84' lang='lat' dir='ltr'><strong>vel</strong></span> <span class='ocrx_word' id='word_1_118' title='bbox 1297 519 1353 546; x_wconf 91' lang='lat' dir='ltr'><strong>sola</strong></span> <span class='ocrx_word' id='word_1_119' title='bbox 1371 520 1525 546; x_wconf 78' lang='lat' dir='ltr'><strong>recordatio</strong></span> <span class='ocrx_word' id='word_1_120' title='bbox 1540 520 1684 548; x_wconf 74' lang='lat' dir='ltr'><strong>sanctitate</strong></span> <span class='ocrx_word' id='word_1_121' title='bbox 1703 519 1820 547; x_wconf 87' lang='lat' dir='ltr'><strong>anintam</strong></span> 
     </span>
    </p>
   </div>
   <div class='ocr_carea' id='block_1_19' title="bbox 1039 565 1820 602">
    <p class='ocr_par' dir='ltr' id='par_1_19' title="bbox 1039 565 1820 602">
     <span class='ocr_line' id='line_1_19' title="bbox 1039 565 1820 602; baseline 0 -10"><span class='ocrx_word' id='word_1_122' title='bbox 1039 566 1145 597; x_wconf 84' lang='lat' dir='ltr'><strong>imbuit,</strong></span> <span class='ocrx_word' id='word_1_123' title='bbox 1161 565 1362 602; x_wconf 79' lang='lat' dir='ltr'><strong>maximumque</strong></span> <span class='ocrx_word' id='word_1_124' title='bbox 1392 565 1496 599; x_wconf 86' lang='lat' dir='ltr'><strong>pondus</strong></span> <span class='ocrx_word' id='word_1_125' title='bbox 1516 566 1549 592; x_wconf 86' lang='lat' dir='ltr'><strong>ad</strong></span> <span class='ocrx_word' id='word_1_126' title='bbox 1571 567 1742 594; x_wconf 78' lang='lat' dir='ltr'><strong>excitandum</strong></span> <span class='ocrx_word' id='word_1_127' title='bbox 1765 568 1820 594; x_wconf 88' lang='lat' dir='ltr'><strong>vir-</strong></span> 
     </span>
    </p>
   </div>
   <div class='ocr_carea' id='block_1_20' title="bbox 202 609 1822 647">
    <p class='ocr_par' dir='ltr' id='par_1_20' title="bbox 202 609 1822 647">
     <span class='ocr_line' id='line_1_20' title="bbox 202 609 1822 647; baseline 0.001 -11"><span class='ocrx_word' id='word_1_128' title='bbox 202 610 266 636; x_wconf 90' lang='lat' dir='ltr'><strong>tutis</strong></span> <span class='ocrx_word' id='word_1_129' title='bbox 292 609 409 637; x_wconf 89' lang='lat' dir='ltr'><strong>studiutn</strong></span> <span class='ocrx_word' id='word_1_130' title='bbox 436 610 517 638; x_wconf 80' lang='lat' dir='ltr'><strong>habet</strong></span> <span class='ocrx_word' id='word_1_131' title='bbox 542 610 666 645; x_wconf 81' lang='lat' dir='ltr'><strong>oratio);</strong></span> <span class='ocrx_word' id='word_1_132' title='bbox 695 618 745 645; x_wconf 88' lang='lat' dir='ltr'><strong>ego</strong></span> <span class='ocrx_word' id='word_1_133' title='bbox 769 618 833 639; x_wconf 85' lang='lat' dir='ltr'><strong>vero</strong></span> <span class='ocrx_word' id='word_1_134' title='bbox 872 619 905 639; x_wconf 86' lang='lat' dir='ltr'><strong>ex</strong></span> <span class='ocrx_word' id='word_1_135' title='bbox 941 611 1014 641; x_wconf 85' lang='lat' dir='ltr'><strong>illius</strong></span> <span class='ocrx_word' id='word_1_136' title='bbox 1043 612 1123 638; x_wconf 78' lang='lat' dir='ltr'><strong>rebus</strong></span> <span class='ocrx_word' id='word_1_137' title='bbox 1148 619 1230 637; x_wconf 89' lang='lat' dir='ltr'><strong>unum</strong></span> <span class='ocrx_word' id='word_1_138' title='bbox 1250 615 1298 637; x_wconf 87' lang='lat' dir='ltr'><strong>aut</strong></span> <span class='ocrx_word' id='word_1_139' title='bbox 1326 610 1441 637; x_wconf 80' lang='lat' dir='ltr'><strong>alterum</strong></span> <span class='ocrx_word' id='word_1_140' title='bbox 1457 610 1576 638; x_wconf 85' lang='lat' dir='ltr'><strong>breviter</strong></span> <span class='ocrx_word' id='word_1_141' title='bbox 1598 618 1739 646; x_wconf 80' lang='lat' dir='ltr'><strong>exponam,</strong></span> <span class='ocrx_word' id='word_1_142' title='bbox 1762 619 1822 647; x_wconf 66' lang='lat' dir='ltr'><strong>qua;</strong></span> 
     </span>
    </p>
   </div>
   <div class='ocr_carea' id='block_1_21' title="bbox 200 654 1422 697">
    <p class='ocr_par' dir='ltr' id='par_1_21' title="bbox 200 654 1422 697">
     <span class='ocr_line' id='line_1_21' title="bbox 200 654 1422 697; baseline 0.002 -16"><span class='ocrx_word' id='word_1_143' title='bbox 200 656 281 682; x_wconf 89' lang='lat' dir='ltr'><strong>etiam</strong></span> <span class='ocrx_word' id='word_1_144' title='bbox 298 654 376 689; x_wconf 82' lang='lat' dir='ltr'><strong>hujus</strong></span> <span class='ocrx_word' id='word_1_145' title='bbox 389 656 496 690; x_wconf 81' lang='lat' dir='ltr'><strong>generis</strong></span> <span class='ocrx_word' id='word_1_146' title='bbox 511 661 586 688; x_wconf 82' lang='lat' dir='ltr'><strong>sunt,</strong></span> <span class='ocrx_word' id='word_1_147' title='bbox 602 661 630 683; x_wconf 90' lang='lat' dir='ltr'><strong>ut</strong></span> <span class='ocrx_word' id='word_1_148' title='bbox 643 664 686 690; x_wconf 84' lang='lat' dir='ltr'><strong>ea,</strong></span> <span class='ocrx_word' id='word_1_149' title='bbox 703 665 737 683; x_wconf 90' lang='lat' dir='ltr'><strong>ne</strong></span> <span class='ocrx_word' id='word_1_150' title='bbox 750 657 773 684; x_wconf 94' lang='lat' dir='ltr'><strong>si</strong></span> <span class='ocrx_word' id='word_1_151' title='bbox 790 657 907 697; x_wconf 78' lang='lat' dir='ltr'><strong>maxime</strong></span> <span class='ocrx_word' id='word_1_152' title='bbox 921 658 1028 692; x_wconf 87' lang='lat' dir='ltr'><strong>quidem</strong></span> <span class='ocrx_word' id='word_1_153' title='bbox 1046 658 1138 689; x_wconf 82' lang='lat' dir='ltr'><strong>velim,</strong></span> <span class='ocrx_word' id='word_1_154' title='bbox 1159 657 1299 692; x_wconf 74' lang='lat' dir='ltr'><strong>pneterire</strong></span> <span class='ocrx_word' id='word_1_155' title='bbox 1313 664 1422 691; x_wconf 87' lang='lat' dir='ltr'><strong>queam.</strong></span> 
     </span>
    </p>
   </div>
   <div class='ocr_carea' id='block_1_22' title="bbox 235 702 986 740">
    <p class='ocr_par' dir='ltr' id='par_1_22' title="bbox 235 702 986 740">
     <span class='ocr_line' id='line_1_22' title="bbox 235 702 986 740; baseline 0.004 -11"><span class='ocrx_word' id='word_1_156' title='bbox 235 703 276 730; x_wconf 83' lang='lat' dir='ltr'><strong>H’.</strong></span> <span class='ocrx_word' id='word_1_157' title='bbox 293 702 491 738; x_wconf 89' lang='grc' dir='ltr'>Μνησθήσομαι</span> <span class='ocrx_word' id='word_1_158' title='bbox 507 703 536 730; x_wconf 80' lang='grc' dir='ltr'>δὲ</span> <span class='ocrx_word' id='word_1_159' title='bbox 551 703 598 731; x_wconf 84' lang='grc' dir='ltr'><strong>τοῦ</strong></span> <span class='ocrx_word' id='word_1_160' title='bbox 615 704 747 740; x_wconf 77' lang='grc' dir='ltr'><strong>προτέρου</strong></span> <span class='ocrx_word' id='word_1_161' title='bbox 772 704 830 740; x_wconf 85' lang='grc' dir='ltr'>βίου</span> <span class='ocrx_word' id='word_1_162' title='bbox 840 725 848 738; x_wconf 87' lang='grc'><strong>,</strong></span> <span class='ocrx_word' id='word_1_163' title='bbox 865 705 913 732; x_wconf 74' lang='grc' dir='ltr'>καὶ</span> <span class='ocrx_word' id='word_1_164' title='bbox 926 706 986 740; x_wconf 86' lang='grc' dir='ltr'>ἥτις</span> 
     </span>
    </p>
   </div>
   <div class='ocr_carea' id='block_1_23' title="bbox 199 748 985 786">
    <p class='ocr_par' dir='ltr' id='par_1_23' title="bbox 199 748 985 786">
     <span class='ocr_line' id='line_1_23' title="bbox 199 748 985 786; baseline 0.005 -12"><span class='ocrx_word' id='word_1_165' title='bbox 199 748 275 784; x_wconf 87' lang='grc' dir='ltr'>αὐτῷ</span> <span class='ocrx_word' id='word_1_166' title='bbox 291 748 386 783; x_wconf 82' lang='grc' dir='ltr'>γέγονε</span> <span class='ocrx_word' id='word_1_167' title='bbox 401 749 537 785; x_wconf 82' lang='grc' dir='ltr'><strong>σωτηρίας</strong></span> <span class='ocrx_word' id='word_1_168' title='bbox 551 750 620 782; x_wconf 78' lang='grc' dir='ltr'>ὁδὸς,</span> <span class='ocrx_word' id='word_1_169' title='bbox 636 751 683 777; x_wconf 72' lang='grc' dir='ltr'><strong>κα)¹</strong></span> <span class='ocrx_word' id='word_1_170' title='bbox 697 751 740 782; x_wconf 87' lang='grc' dir='ltr'><strong>τίς</strong></span> <span class='ocrx_word' id='word_1_171' title='bbox 756 751 773 786; x_wconf 83' lang='grc' dir='ltr'>ἡ</span> <span class='ocrx_word' id='word_1_172' title='bbox 787 751 895 786; x_wconf 76' lang='grc' dir='ltr'>κλῆσις,</span> <span class='ocrx_word' id='word_1_173' title='bbox 907 751 954 778; x_wconf 74' lang='grc' dir='ltr'>καὶ</span> <span class='ocrx_word' id='word_1_174' title='bbox 968 751 985 786; x_wconf 86' lang='grc' dir='ltr'>ὴ</span> 
     </span>
    </p>
   </div>
   <div class='ocr_carea' id='block_1_24' title="bbox 201 793 986 832">
    <p class='ocr_par' dir='ltr' id='par_1_24' title="bbox 201 793 986 832">
     <span class='ocr_line' id='line_1_24' title="bbox 201 793 986 832; baseline 0.004 -13"><span class='ocrx_word' id='word_1_175' title='bbox 201 793 270 829; x_wconf 78' lang='grc' dir='ltr'>πρὸς</span> <span class='ocrx_word' id='word_1_176' title='bbox 293 794 323 820; x_wconf 82' lang='grc' dir='ltr'>τὸ</span> <span class='ocrx_word' id='word_1_177' title='bbox 341 795 464 830; x_wconf 86' lang='grc' dir='ltr'>κρεῖττον</span> <span class='ocrx_word' id='word_1_178' title='bbox 487 795 642 830; x_wconf 78' lang='grc' dir='ltr'><strong>μετάθεσις.</strong></span> <span class='ocrx_word' id='word_1_179' title='bbox 671 796 774 823; x_wconf 82' lang='grc' dir='ltr'>Ἐκεῖνο</span> <span class='ocrx_word' id='word_1_180' title='bbox 798 797 848 832; x_wconf 83' lang='grc' dir='ltr'><strong>μέν</strong></span> <span class='ocrx_word' id='word_1_181' title='bbox 868 805 901 830; x_wconf 87' lang='grc' dir='ltr'><strong>γε</strong></span> <span class='ocrx_word' id='word_1_182' title='bbox 927 796 986 823; x_wconf 82' lang='grc' dir='ltr'>λίαν</span> 
     </span>
    </p>
   </div>
   <div class='ocr_carea' id='block_1_25' title="bbox 200 839 986 878">
    <p class='ocr_par' dir='ltr' id='par_1_25' title="bbox 200 839 986 878">
     <span class='ocr_line' id='line_1_25' title="bbox 200 839 986 878; baseline 0.005 -12"><span class='ocrx_word' id='word_1_183' title='bbox 200 839 312 874; x_wconf 79' lang='grc' dir='ltr'>ἀγεννὲς</span> <span class='ocrx_word' id='word_1_184' title='bbox 331 841 378 867; x_wconf 81' lang='grc' dir='ltr'>καὶ</span> <span class='ocrx_word' id='word_1_185' title='bbox 395 841 561 877; x_wconf 72' lang='grc' dir='ltr'><strong>μικρόψυχον</strong></span> <span class='ocrx_word' id='word_1_186' title='bbox 571 861 578 874; x_wconf 85' lang='grc'><strong>,</strong></span> <span class='ocrx_word' id='word_1_187' title='bbox 595 841 698 869; x_wconf 75' lang='grc' dir='ltr'>οἴεσθαι</span> <span class='ocrx_word' id='word_1_188' title='bbox 713 842 925 878; x_wconf 73' lang='grc' dir='ltr'>καθυϐρίζεσθαι</span> <span class='ocrx_word' id='word_1_189' title='bbox 941 843 986 870; x_wconf 78' lang='grc' dir='ltr'>τὸν</span> 
     </span>
    </p>
   </div>
   <div class='ocr_carea' id='block_1_26' title="bbox 1076 703 1828 740">
    <p class='ocr_par' dir='ltr' id='par_1_26' title="bbox 1076 703 1828 740">
     <span class='ocr_line' id='line_1_26' title="bbox 1076 703 1828 740; baseline 0 -10"><span class='ocrx_word' id='word_1_190' title='bbox 1076 705 1140 732; x_wconf 84' lang='lat' dir='ltr'><strong>Vlll.</strong></span> <span class='ocrx_word' id='word_1_191' title='bbox 1162 705 1252 732; x_wconf 88' lang='lat' dir='ltr'><strong>Dicam</strong></span> <span class='ocrx_word' id='word_1_192' title='bbox 1277 712 1367 740; x_wconf 90' lang='lat' dir='ltr'><strong>porro,</strong></span> <span class='ocrx_word' id='word_1_193' title='bbox 1384 711 1444 738; x_wconf 76' lang='lat' dir='ltr'><strong>qum</strong></span> <span class='ocrx_word' id='word_1_194' title='bbox 1460 703 1558 738; x_wconf 90' lang='lat' dir='ltr'><strong>prioris</strong></span> <span class='ocrx_word' id='word_1_195' title='bbox 1574 704 1660 738; x_wconf 91' lang='lat' dir='ltr'><strong>ipsius</strong></span> <span class='ocrx_word' id='word_1_196' title='bbox 1678 704 1739 731; x_wconf 63' lang='lat' dir='ltr'><strong>vitae</strong></span> <span class='ocrx_word' id='word_1_197' title='bbox 1754 704 1828 735; x_wconf 63' lang='lat' dir='ltr'><strong>ratio,</strong></span> 
     </span>
    </p>
   </div>
   <div class='ocr_carea' id='block_1_27' title="bbox 1039 750 1824 786">
    <p class='ocr_par' dir='ltr' id='par_1_27' title="bbox 1039 750 1824 786">
     <span class='ocr_line' id='line_1_27' title="bbox 1039 750 1824 786; baseline -0.003 -8"><span class='ocrx_word' id='word_1_198' title='bbox 1039 751 1131 784; x_wconf 90' lang='lat' dir='ltr'><strong>fuerit,</strong></span> <span class='ocrx_word' id='word_1_199' title='bbox 1143 758 1202 785; x_wconf 74' lang='lat' dir='ltr'><strong>quae</strong></span> <span class='ocrx_word' id='word_1_200' title='bbox 1218 750 1314 781; x_wconf 80' lang='lat' dir='ltr'><strong>salutis</strong></span> <span class='ocrx_word' id='word_1_201' title='bbox 1330 751 1383 782; x_wconf 85' lang='lat' dir='ltr'><strong>via,</strong></span> <span class='ocrx_word' id='word_1_202' title='bbox 1399 757 1461 786; x_wconf 67' lang='lat' dir='ltr'><strong>quae</strong></span> <span class='ocrx_word' id='word_1_203' title='bbox 1475 750 1590 782; x_wconf 85' lang='lat' dir='ltr'><strong>vocatio,</strong></span> <span class='ocrx_word' id='word_1_204' title='bbox 1614 758 1674 784; x_wconf 60' lang='lat' dir='ltr'><strong>qua:</strong></span> <span class='ocrx_word' id='word_1_205' title='bbox 1689 750 1715 778; x_wconf 91' lang='lat' dir='ltr'><strong>in</strong></span> <span class='ocrx_word' id='word_1_206' title='bbox 1731 750 1824 777; x_wconf 91' lang='lat' dir='ltr'><strong>melio-</strong></span> 
     </span>
    </p>
   </div>
   <div class='ocr_carea' id='block_1_28' title="bbox 1039 797 1822 832">
    <p class='ocr_par' dir='ltr' id='par_1_28' title="bbox 1039 797 1822 832">
     <span class='ocr_line' id='line_1_28' title="bbox 1039 797 1822 832; baseline 0 -7"><span class='ocrx_word' id='word_1_207' title='bbox 1039 805 1096 825; x_wconf 87' lang='lat' dir='ltr'><strong>rem</strong></span> <span class='ocrx_word' id='word_1_208' title='bbox 1114 798 1176 825; x_wconf 63' lang='lat' dir='ltr'><strong>vita:</strong></span> <span class='ocrx_word' id='word_1_209' title='bbox 1190 802 1289 828; x_wconf 84' lang='lat' dir='ltr'><strong>statum</strong></span> <span class='ocrx_word' id='word_1_210' title='bbox 1308 798 1433 825; x_wconf 92' lang='lat' dir='ltr'><strong>mutatio.</strong></span> <span class='ocrx_word' id='word_1_211' title='bbox 1461 797 1591 832; x_wconf 87' lang='lat' dir='ltr'><strong>Equidem</strong></span> <span class='ocrx_word' id='word_1_212' title='bbox 1609 805 1656 825; x_wconf 89' lang='lat' dir='ltr'><strong>eos</strong></span> <span class='ocrx_word' id='word_1_213' title='bbox 1679 798 1822 825; x_wconf 85' lang='lat' dir='ltr'><strong>admodum</strong></span> 
     </span>
    </p>
   </div>
   <div class='ocr_carea' id='block_1_29' title="bbox 1040 842 1825 878">
    <p class='ocr_par' dir='ltr' id='par_1_29' title="bbox 1040 842 1825 878">
     <span class='ocr_line' id='line_1_29' title="bbox 1040 842 1825 878; baseline -0.003 -8"><span class='ocrx_word' id='word_1_214' title='bbox 1040 843 1129 878; x_wconf 79' lang='lat' dir='ltr'><strong>ignavi</strong></span> <span class='ocrx_word' id='word_1_215' title='bbox 1148 848 1229 877; x_wconf 85' lang='lat' dir='ltr'><strong>atque</strong></span> <span class='ocrx_word' id='word_1_216' title='bbox 1244 843 1340 877; x_wconf 86' lang='lat' dir='ltr'><strong>abjocti</strong></span> <span class='ocrx_word' id='word_1_217' title='bbox 1357 843 1440 872; x_wconf 83' lang='lat' dir='ltr'><strong>animi</strong></span> <span class='ocrx_word' id='word_1_218' title='bbox 1456 850 1519 870; x_wconf 86' lang='lat' dir='ltr'><strong>esse</strong></span> <span class='ocrx_word' id='word_1_219' title='bbox 1533 843 1669 875; x_wconf 86' lang='lat' dir='ltr'><strong>existimo,</strong></span> <span class='ocrx_word' id='word_1_220' title='bbox 1690 842 1735 877; x_wconf 91' lang='lat' dir='ltr'><strong>qui</strong></span> <span class='ocrx_word' id='word_1_221' title='bbox 1753 849 1825 868; x_wconf 90' lang='lat' dir='ltr'><strong>mar-</strong></span> 
     </span>
    </p>
   </div>
   <div class='ocr_carea' id='block_1_30' title="bbox 200 885 987 926">
    <p class='ocr_par' dir='ltr' id='par_1_30' title="bbox 200 885 987 926">
     <span class='ocr_line' id='line_1_30' title="bbox 200 885 987 926; baseline 0.004 -14"><span class='ocrx_word' id='word_1_222' title='bbox 200 885 319 923; x_wconf 75' lang='grc' dir='ltr'>ᾁθλητὴν</span> <span class='ocrx_word' id='word_1_223' title='bbox 335 887 368 921; x_wconf 82' lang='grc' dir='ltr'><strong>τῇ</strong></span> <span class='ocrx_word' id='word_1_224' title='bbox 385 887 479 926; x_wconf 76' lang='grc' dir='ltr'>μνήμῃ</span> <span class='ocrx_word' id='word_1_225' title='bbox 494 887 547 914; x_wconf 87' lang='grc' dir='ltr'><strong>τῶν</strong></span> <span class='ocrx_word' id='word_1_226' title='bbox 562 888 736 924; x_wconf 82' lang='grc' dir='ltr'>σκαιοτέρων.</span> <span class='ocrx_word' id='word_1_227' title='bbox 761 889 836 915; x_wconf 75' lang='grc' dir='ltr'>Ἐπεὶ</span> <span class='ocrx_word' id='word_1_228' title='bbox 855 888 925 915; x_wconf 79' lang='grc' dir='ltr'>οὕτω</span> <span class='ocrx_word' id='word_1_229' title='bbox 941 889 987 915; x_wconf 61' lang='lat' dir='ltr'><strong>rei.</strong></span> 
     </span>
    </p>
   </div>
   <div class='ocr_carea' id='block_1_31' title="bbox 1041 885 1830 926">
    <p class='ocr_par' dir='ltr' id='par_1_31' title="bbox 1041 886 1830 924">
     <span class='ocr_line' id='line_1_31' title="bbox 1041 886 1830 924; baseline -0.005 -8"><span class='ocrx_word' id='word_1_230' title='bbox 1041 889 1104 924; x_wconf 78' lang='lat' dir='ltr'><strong>Iyri,</strong></span> <span class='ocrx_word' id='word_1_231' title='bbox 1131 896 1220 916; x_wconf 89' lang='lat' dir='ltr'><strong>rerum</strong></span> <span class='ocrx_word' id='word_1_232' title='bbox 1247 888 1337 915; x_wconf 90' lang='lat' dir='ltr'><strong>minus</strong></span> <span class='ocrx_word' id='word_1_233' title='bbox 1359 887 1533 921; x_wconf 78' lang='lat' dir='ltr'><strong>laudabilium</strong></span> <span class='ocrx_word' id='word_1_234' title='bbox 1558 886 1830 923; x_wconf 59' lang='lat' dir='ltr'><strong>commemoratione,</strong></span> 
     </span>
    </p>
   </div>
   <div class='ocr_carea' id='block_1_32' title="bbox 200 931 987 968">
    <p class='ocr_par' dir='ltr' id='par_1_32' title="bbox 200 931 987 968">
     <span class='ocr_line' id='line_1_32' title="bbox 200 931 987 968; baseline 0.001 -9"><span class='ocrx_word' id='word_1_235' title='bbox 200 931 307 963; x_wconf 80' lang='grc' dir='ltr'><strong>Παῦλος</strong></span> <span class='ocrx_word' id='word_1_236' title='bbox 324 932 390 967; x_wconf 81' lang='grc' dir='ltr'>ἡμῖν</span> <span class='ocrx_word' id='word_1_237' title='bbox 407 932 457 959; x_wconf 82' lang='grc' dir='ltr'>οὐκ</span> <span class='ocrx_word' id='word_1_238' title='bbox 478 933 617 965; x_wconf 72' lang='grc' dir='ltr'><strong>ἐπαινετὸς</strong></span> <span class='ocrx_word' id='word_1_239' title='bbox 632 934 645 960; x_wconf 81' lang='grc' dir='ltr'>ὁ</span> <span class='ocrx_word' id='word_1_240' title='bbox 664 933 760 968; x_wconf 80' lang='grc' dir='ltr'><strong>μέγας,</strong></span> <span class='ocrx_word' id='word_1_241' title='bbox 783 933 830 960; x_wconf 79' lang='grc' dir='ltr'>καὶ</span> <span class='ocrx_word' id='word_1_242' title='bbox 847 933 987 966; x_wconf 84' lang='grc' dir='ltr'>Ματθαῖος</span> 
     </span>
    </p>
   </div>
   <div class='ocr_carea' id='block_1_33' title="bbox 199 977 985 1015">
    <p class='ocr_par' dir='ltr' id='par_1_33' title="bbox 199 977 985 1015">
     <span class='ocr_line' id='line_1_33' title="bbox 199 977 985 1015; baseline 0.003 -11"><span class='ocrx_word' id='word_1_243' title='bbox 199 979 214 1010; x_wconf 72' lang='grc' dir='ltr'><strong>ό</strong></span> <span class='ocrx_word' id='word_1_244' title='bbox 227 977 346 1013; x_wconf 80' lang='grc' dir='ltr'><strong>τελώνης</strong></span> <span class='ocrx_word' id='word_1_245' title='bbox 361 979 389 1005; x_wconf 77' lang='grc' dir='ltr'><strong>ἐν</strong></span> <span class='ocrx_word' id='word_1_246' title='bbox 405 980 461 1010; x_wconf 86' lang='grc' dir='ltr'>τοῖς</span> <span class='ocrx_word' id='word_1_247' title='bbox 483 978 632 1012; x_wconf 63' lang='grc' dir='ltr'>κακίστοις,</span> <span class='ocrx_word' id='word_1_248' title='bbox 649 981 697 1006; x_wconf 64' lang='grc' dir='ltr'><strong>καὶ¹</strong></span> <span class='ocrx_word' id='word_1_249' title='bbox 711 980 866 1015; x_wconf 82' lang='grc' dir='ltr'>Κυπριανὸς</span> <span class='ocrx_word' id='word_1_250' title='bbox 886 980 967 1012; x_wconf 83' lang='grc' dir='ltr'>αὑτός</span> <span class='ocrx_word' id='word_1_251' title='bbox 978 989 985 995; x_wconf 84' lang='grc'>·</span> 
     </span>
    </p>
   </div>
   <div class='ocr_carea' id='block_1_34' title="bbox 199 1023 988 1062">
    <p class='ocr_par' dir='ltr' id='par_1_34' title="bbox 199 1023 988 1062">
     <span class='ocr_line' id='line_1_34' title="bbox 199 1023 988 1062; baseline 0.004 -12"><span class='ocrx_word' id='word_1_252' title='bbox 199 1023 214 1053; x_wconf 70' lang='grc' dir='ltr'>ὁ</span> <span class='ocrx_word' id='word_1_253' title='bbox 227 1024 275 1060; x_wconf 80' lang='grc' dir='ltr'><strong>μὲν</strong></span> <span class='ocrx_word' id='word_1_254' title='bbox 286 1024 341 1051; x_wconf 86' lang='grc' dir='ltr'>τῶν</span> <span class='ocrx_word' id='word_1_255' title='bbox 352 1025 491 1061; x_wconf 78' lang='grc' dir='ltr'><strong>προτέρων</strong></span> <span class='ocrx_word' id='word_1_256' title='bbox 502 1025 600 1052; x_wconf 73' lang='grc' dir='ltr'>ἑαυτοῦ</span> <span class='ocrx_word' id='word_1_257' title='bbox 610 1026 736 1062; x_wconf 85' lang='grc' dir='ltr'><strong>διωγμῶν</strong></span> <span class='ocrx_word' id='word_1_258' title='bbox 750 1026 931 1062; x_wconf 81' lang='grc' dir='ltr'><strong>μεμνημένος,</strong></span> <span class='ocrx_word' id='word_1_259' title='bbox 942 1027 988 1053; x_wconf 72' lang='grc' dir='ltr'>καὶ</span> 
     </span>
    </p>
   </div>
   <div class='ocr_carea' id='block_1_35' title="bbox 199 1070 987 1108">
    <p class='ocr_par' dir='ltr' id='par_1_35' title="bbox 199 1070 987 1108">
     <span class='ocr_line' id='line_1_35' title="bbox 199 1070 987 1108; baseline 0.005 -13"><span class='ocrx_word' id='word_1_260' title='bbox 199 1070 249 1105; x_wconf 84' lang='grc' dir='ltr'>τῆς</span> <span class='ocrx_word' id='word_1_261' title='bbox 277 1070 324 1096; x_wconf 83' lang='grc' dir='ltr'><strong>τοῦ</strong></span> <span class='ocrx_word' id='word_1_262' title='bbox 349 1070 431 1104; x_wconf 78' lang='grc' dir='ltr'>ζήλου</span> <span class='ocrx_word' id='word_1_263' title='bbox 461 1071 648 1106; x_wconf 84' lang='grc' dir='ltr'>μεταθέσεως,</span> <span class='ocrx_word' id='word_1_264' title='bbox 677 1072 710 1098; x_wconf 81' lang='grc' dir='ltr'><strong>ἵν’</strong></span> <span class='ocrx_word' id='word_1_265' title='bbox 727 1073 760 1098; x_wconf 81' lang='grc' dir='ltr'>ὲκ</span> <span class='ocrx_word' id='word_1_266' title='bbox 776 1072 824 1101; x_wconf 75' lang='grc' dir='ltr'>τοῦ</span> <span class='ocrx_word' id='word_1_267' title='bbox 846 1073 987 1108; x_wconf 86' lang='grc' dir='ltr'>παραλλή-</span> 
     </span>
    </p>
   </div>
   <div class='ocr_carea' id='block_1_36' title="bbox 199 1116 988 1156">
    <p class='ocr_par' dir='ltr' id='par_1_36' title="bbox 199 1116 988 1156">
     <span class='ocr_line' id='line_1_36' title="bbox 199 1116 988 1156; baseline 0.004 -14"><span class='ocrx_word' id='word_1_268' title='bbox 199 1116 246 1143; x_wconf 87' lang='grc' dir='ltr'><strong>λου</strong></span> <span class='ocrx_word' id='word_1_269' title='bbox 272 1116 328 1151; x_wconf 76' lang='grc'><strong>(75)</strong></span> <span class='ocrx_word' id='word_1_270' title='bbox 357 1116 457 1151; x_wconf 81' lang='grc' dir='ltr'>μᾶλλον</span> <span class='ocrx_word' id='word_1_271' title='bbox 481 1116 582 1156; x_wconf 74' lang='grc' dir='ltr'>δοξάσῃ</span> <span class='ocrx_word' id='word_1_272' title='bbox 600 1117 646 1144; x_wconf 81' lang='grc' dir='ltr'>τὸν</span> <span class='ocrx_word' id='word_1_273' title='bbox 671 1118 834 1153; x_wconf 77' lang='grc' dir='ltr'>εὐεργέτην·</span> <span class='ocrx_word' id='word_1_274' title='bbox 861 1119 876 1145; x_wconf 85' lang='grc' dir='ltr'><em>ὁ</em></span> <span class='ocrx_word' id='word_1_275' title='bbox 891 1118 921 1145; x_wconf 82' lang='grc' dir='ltr'>δὲ</span> <span class='ocrx_word' id='word_1_276' title='bbox 942 1118 988 1145; x_wconf 85' lang='grc' dir='ltr'>τὸν</span> 
     </span>
    </p>
   </div>
   <div class='ocr_carea' id='block_1_37' title="bbox 203 1162 989 1201">
    <p class='ocr_par' dir='ltr' id='par_1_37' title="bbox 203 1162 989 1201">
     <span class='ocr_line' id='line_1_37' title="bbox 203 1162 989 1201; baseline 0.004 -12"><span class='ocrx_word' id='word_1_277' title='bbox 203 1162 340 1197; x_wconf 74' lang='grc' dir='ltr'><strong>Τελὼνην</strong></span> <span class='ocrx_word' id='word_1_278' title='bbox 358 1163 446 1198; x_wconf 78' lang='grc' dir='ltr'>ἑαυτῷ</span> <span class='ocrx_word' id='word_1_279' title='bbox 465 1164 620 1200; x_wconf 75' lang='grc' dir='ltr'>προστιθεὶς</span> <span class='ocrx_word' id='word_1_280' title='bbox 635 1166 663 1191; x_wconf 82' lang='grc' dir='ltr'><strong>ὲν</strong></span> <span class='ocrx_word' id='word_1_281' title='bbox 678 1166 712 1200; x_wconf 81' lang='grc' dir='ltr'>τῇ</span> <span class='ocrx_word' id='word_1_282' title='bbox 724 1165 778 1191; x_wconf 85' lang='grc' dir='ltr'><strong>τῶν</strong></span> <span class='ocrx_word' id='word_1_283' title='bbox 794 1165 921 1201; x_wconf 84' lang='grc' dir='ltr'><strong>μαθητῶν</strong></span> <span class='ocrx_word' id='word_1_284' title='bbox 936 1167 989 1192; x_wconf 82' lang='grc' dir='ltr'><strong>ὰπ-</strong></span> 
     </span>
    </p>
   </div>
   <div class='ocr_carea' id='block_1_38' title="bbox 199 1209 988 1247">
    <p class='ocr_par' dir='ltr' id='par_1_38' title="bbox 199 1209 988 1247">
     <span class='ocr_line' id='line_1_38' title="bbox 199 1209 988 1247; baseline 0.004 -12"><span class='ocrx_word' id='word_1_285' title='bbox 199 1209 358 1245; x_wconf 79' lang='grc' dir='ltr'>ᾳριθμήσει,</span> <span class='ocrx_word' id='word_1_286' title='bbox 368 1209 461 1245; x_wconf 83' lang='grc' dir='ltr'>ὥσπερ</span> <span class='ocrx_word' id='word_1_287' title='bbox 473 1210 536 1236; x_wconf 81' lang='grc' dir='ltr'>ἄλλο</span> <span class='ocrx_word' id='word_1_288' title='bbox 549 1219 576 1237; x_wconf 83' lang='grc' dir='ltr'><strong>τι</strong></span> <span class='ocrx_word' id='word_1_289' title='bbox 590 1211 644 1237; x_wconf 83' lang='grc' dir='ltr'><strong>τῶν</strong></span> <span class='ocrx_word' id='word_1_290' title='bbox 658 1210 755 1246; x_wconf 78' lang='grc' dir='ltr'>τιμίων</span> <span class='ocrx_word' id='word_1_291' title='bbox 769 1211 903 1247; x_wconf 87' lang='grc' dir='ltr'>ὲπίσημον</span> <span class='ocrx_word' id='word_1_292' title='bbox 912 1220 920 1227; x_wconf 90' lang='grc'><strong>·</strong></span> <span class='ocrx_word' id='word_1_293' title='bbox 935 1213 950 1238; x_wconf 82' lang='grc' dir='ltr'>ὀ</span> <span class='ocrx_word' id='word_1_294' title='bbox 960 1213 988 1238; x_wconf 80' lang='grc' dir='ltr'>δὲ</span> 
     </span>
    </p>
   </div>
   <div class='ocr_carea' id='block_1_39' title="bbox 200 1255 987 1293">
    <p class='ocr_par' dir='ltr' id='par_1_39' title="bbox 200 1255 987 1293">
     <span class='ocr_line' id='line_1_39' title="bbox 200 1255 987 1293; baseline 0.004 -12"><span class='ocrx_word' id='word_1_295' title='bbox 200 1255 248 1282; x_wconf 72' lang='grc' dir='ltr'>καὶ</span> <span class='ocrx_word' id='word_1_296' title='bbox 272 1255 371 1290; x_wconf 82' lang='grc' dir='ltr'>μακρῷ</span> <span class='ocrx_word' id='word_1_297' title='bbox 391 1256 463 1291; x_wconf 76' lang='grc' dir='ltr'>λόγῳ</span> <span class='ocrx_word' id='word_1_298' title='bbox 480 1256 644 1292; x_wconf 81' lang='grc' dir='ltr'>στηλιτεύων</span> <span class='ocrx_word' id='word_1_299' title='bbox 667 1257 717 1292; x_wconf 84' lang='grc' dir='ltr'><strong>τὴν</strong></span> <span class='ocrx_word' id='word_1_300' title='bbox 733 1257 868 1293; x_wconf 83' lang='grc' dir='ltr'>προτέραν</span> <span class='ocrx_word' id='word_1_301' title='bbox 890 1257 987 1284; x_wconf 77' lang='grc' dir='ltr'>ἑαυτοῦ</span> 
     </span>
    </p>
   </div>
   <div class='ocr_carea' id='block_1_40' title="bbox 200 1299 988 1339">
    <p class='ocr_par' dir='ltr' id='par_1_40' title="bbox 200 1299 988 1339">
     <span class='ocr_line' id='line_1_40' title="bbox 200 1299 988 1339; baseline 0.005 -13"><span class='ocrx_word' id='word_1_302' title='bbox 200 1299 310 1337; x_wconf 77' lang='grc' dir='ltr'>κακίαν,</span> <span class='ocrx_word' id='word_1_303' title='bbox 328 1301 372 1328; x_wconf 79' lang='grc' dir='ltr'>ἵνα</span> <span class='ocrx_word' id='word_1_304' title='bbox 390 1301 438 1327; x_wconf 81' lang='grc' dir='ltr'>καὶ</span> <span class='ocrx_word' id='word_1_305' title='bbox 450 1301 530 1328; x_wconf 82' lang='grc' dir='ltr'>τοῦτο</span> <span class='ocrx_word' id='word_1_306' title='bbox 550 1301 610 1337; x_wconf 89' lang='grc' dir='ltr'><strong>Θεῴ</strong></span> <span class='ocrx_word' id='word_1_307' title='bbox 636 1304 852 1338; x_wconf 78' lang='grc' dir='ltr'>καρποφορήσῃ,</span> <span class='ocrx_word' id='word_1_308' title='bbox 872 1304 922 1339; x_wconf 81' lang='grc' dir='ltr'>τὴν</span> <span class='ocrx_word' id='word_1_309' title='bbox 943 1304 988 1336; x_wconf 76' lang='grc' dir='ltr'><strong>ἐξ-</strong></span> 
     </span>
    </p>
   </div>
   <div class='ocr_carea' id='block_1_41' title="bbox 199 1345 988 1385">
    <p class='ocr_par' dir='ltr' id='par_1_41' title="bbox 199 1345 988 1385">
     <span class='ocr_line' id='line_1_41' title="bbox 199 1345 988 1385; baseline 0.006 -14"><span class='ocrx_word' id='word_1_310' title='bbox 199 1345 356 1380; x_wconf 82' lang='grc' dir='ltr'>αγόρευσιν,</span> <span class='ocrx_word' id='word_1_311' title='bbox 371 1346 419 1372; x_wconf 79' lang='grc' dir='ltr'>καὶ</span> <span class='ocrx_word' id='word_1_312' title='bbox 431 1346 538 1379; x_wconf 82' lang='grc' dir='ltr'>πολλοῖς</span> <span class='ocrx_word' id='word_1_313' title='bbox 547 1347 605 1379; x_wconf 74' lang='grc' dir='ltr'>ὁδὸς</span> <span class='ocrx_word' id='word_1_314' title='bbox 614 1347 726 1383; x_wconf 69' lang='grc' dir='ltr'>γένηται</span> <span class='ocrx_word' id='word_1_315' title='bbox 740 1349 789 1384; x_wconf 86' lang='grc' dir='ltr'><strong>τῆς</strong></span> <span class='ocrx_word' id='word_1_316' title='bbox 803 1349 988 1385; x_wconf 77' lang='grc' dir='ltr'><strong>χρηστοτέρας</strong></span> 
     </span>
    </p>
   </div>
   <div class='ocr_carea' id='block_1_42' title="bbox 199 1390 988 1432">
    <p class='ocr_par' dir='ltr' id='par_1_42' title="bbox 199 1390 988 1432">
     <span class='ocr_line' id='line_1_42' title="bbox 199 1390 988 1432; baseline 0.008 -16"><span class='ocrx_word' id='word_1_317' title='bbox 199 1390 308 1427; x_wconf 62' lang='grc' dir='ltr'>ᾄλπίδος</span> <span class='ocrx_word' id='word_1_318' title='bbox 322 1392 376 1419; x_wconf 82' lang='grc' dir='ltr'><strong>τῶν</strong></span> <span class='ocrx_word' id='word_1_319' title='bbox 396 1393 451 1419; x_wconf 86' lang='grc' dir='ltr'><strong>ἀπὸ</strong></span> <span class='ocrx_word' id='word_1_320' title='bbox 473 1393 572 1425; x_wconf 78' lang='grc' dir='ltr'>κακίας</span> <span class='ocrx_word' id='word_1_321' title='bbox 597 1393 824 1429; x_wconf 69' lang='grc' dir='ltr'>ἐπιστρεφόντων.</span> <span class='ocrx_word' id='word_1_322' title='bbox 844 1394 891 1427; x_wconf 84' lang='grc' dir='ltr'><strong>Τίς</strong></span> <span class='ocrx_word' id='word_1_323' title='bbox 907 1394 953 1422; x_wconf 80' lang='grc' dir='ltr'>οὖν</span> <span class='ocrx_word' id='word_1_324' title='bbox 971 1396 988 1432; x_wconf 79' lang='grc' dir='ltr'><strong>ἡ</strong></span> 
     </span>
    </p>
   </div>
   <div class='ocr_carea' id='block_1_43' title="bbox 200 1437 986 1476">
    <p class='ocr_par' dir='ltr' id='par_1_43' title="bbox 200 1437 986 1476">
     <span class='ocr_line' id='line_1_43' title="bbox 200 1437 986 1476; baseline 0.008 -14"><span class='ocrx_word' id='word_1_325' title='bbox 200 1437 300 1470; x_wconf 76' lang='grc' dir='ltr'>κακία,</span> <span class='ocrx_word' id='word_1_326' title='bbox 323 1439 370 1464; x_wconf 72' lang='grc' dir='ltr'>καὶ</span> <span class='ocrx_word' id='word_1_327' title='bbox 388 1439 514 1465; x_wconf 76' lang='grc' dir='ltr'><strong>σκοπεῖτε</strong></span> <span class='ocrx_word' id='word_1_328' title='bbox 526 1458 533 1470; x_wconf 90' lang='grc'><strong>,</strong></span> <span class='ocrx_word' id='word_1_329' title='bbox 551 1440 601 1474; x_wconf 80' lang='grc' dir='ltr'>ὅση</span> <span class='ocrx_word' id='word_1_330' title='bbox 624 1440 669 1466; x_wconf 74' lang='grc' dir='ltr'>καὶ</span> <span class='ocrx_word' id='word_1_331' title='bbox 687 1440 769 1476; x_wconf 79' lang='grc' dir='ltr'>ἡλίκη</span> <span class='ocrx_word' id='word_1_332' title='bbox 795 1441 826 1467; x_wconf 84' lang='grc' dir='ltr'>τὸ</span> <span class='ocrx_word' id='word_1_333' title='bbox 853 1441 967 1476; x_wconf 85' lang='grc' dir='ltr'>μέγεθος</span> <span class='ocrx_word' id='word_1_334' title='bbox 979 1450 986 1456; x_wconf 82' lang='lat'><strong>&#39;</strong></span> 
     </span>
    </p>
   </div>
   <div class='ocr_carea' id='block_1_44' title="bbox 187 1477 989 1523">
    <p class='ocr_par' dir='ltr' id='par_1_44' title="bbox 187 1477 989 1523">
     <span class='ocr_line' id='line_1_44' title="bbox 187 1477 989 1523; baseline 0.006 -14"><span class='ocrx_word' id='word_1_335' title='bbox 187 1477 343 1522; x_wconf 31' lang='grc' dir='ltr'>*Δαιμόνων</span> <span class='ocrx_word' id='word_1_336' title='bbox 363 1482 397 1520; x_wconf 84' lang='grc' dir='ltr'><strong>ἦν</strong></span> <span class='ocrx_word' id='word_1_337' title='bbox 414 1484 594 1521; x_wconf 77' lang='grc' dir='ltr'><strong>θεραπευτής,</strong></span> <span class='ocrx_word' id='word_1_338' title='bbox 609 1487 624 1512; x_wconf 88' lang='grc' dir='ltr'><strong>ὀ</strong></span> <span class='ocrx_word' id='word_1_339' title='bbox 637 1486 756 1522; x_wconf 79' lang='grc' dir='ltr'>Χριστοῦ</span> <span class='ocrx_word' id='word_1_340' title='bbox 773 1487 895 1523; x_wconf 79' lang='grc' dir='ltr'>μαθητὴς</span> <span class='ocrx_word' id='word_1_341' title='bbox 911 1487 989 1514; x_wconf 74' lang='grc' dir='ltr'>ὔστε-</span> 
     </span>
    </p>
   </div>
   <div class='ocr_carea' id='block_1_45' title="bbox 166 1530 988 1578">
    <p class='ocr_par' dir='ltr' id='par_1_45' title="bbox 166 1530 988 1578">
     <span class='ocr_line' id='line_1_45' title="bbox 166 1530 988 1578; baseline 0.005 -22"><span class='ocrx_word' id='word_1_342' title='bbox 166 1530 167 1578; x_wconf 36' lang='lat'>}</span> <span class='ocrx_word' id='word_1_343' title='bbox 202 1539 266 1578; x_wconf 84' lang='grc' dir='ltr'>ρον·</span> <span class='ocrx_word' id='word_1_344' title='bbox 282 1531 329 1558; x_wconf 76' lang='lat' dir='ltr'><strong>xa‘t</strong></span> <span class='ocrx_word' id='word_1_345' title='bbox 344 1530 461 1567; x_wconf 85' lang='grc' dir='ltr'>διώκτης</span> <span class='ocrx_word' id='word_1_346' title='bbox 476 1533 649 1569; x_wconf 77' lang='grc' dir='ltr'>πικρότατος,</span> <span class='ocrx_word' id='word_1_347' title='bbox 664 1534 678 1559; x_wconf 84' lang='grc' dir='ltr'>ὁ</span> <span class='ocrx_word' id='word_1_348' title='bbox 693 1533 779 1569; x_wconf 80' lang='grc' dir='ltr'>μέγας</span> <span class='ocrx_word' id='word_1_349' title='bbox 797 1535 846 1569; x_wconf 80' lang='grc' dir='ltr'>τῆς</span> <span class='ocrx_word' id='word_1_350' title='bbox 861 1534 988 1570; x_wconf 80' lang='grc' dir='ltr'>ἀληθείας</span> 
     </span>
    </p>
   </div>
   <div class='ocr_carea' id='block_1_46' title="bbox 1037 931 1825 962">
    <p class='ocr_par' dir='ltr' id='par_1_46' title="bbox 1037 931 1825 962">
     <span class='ocr_line' id='line_1_46' title="bbox 1037 931 1825 962; baseline -0.005 0"><span class='ocrx_word' id='word_1_351' title='bbox 1037 935 1231 962; x_wconf 84' lang='lat' dir='ltr'><strong>contumeliam</strong></span> <span class='ocrx_word' id='word_1_352' title='bbox 1249 934 1344 962; x_wconf 88' lang='lat' dir='ltr'><strong>inferri</strong></span> <span class='ocrx_word' id='word_1_353' title='bbox 1360 935 1538 961; x_wconf 86' lang='lat' dir='ltr'><strong>arbitrantur.</strong></span> <span class='ocrx_word' id='word_1_354' title='bbox 1565 933 1621 960; x_wconf 79' lang='lat' dir='ltr'><strong>Hac</strong></span> <span class='ocrx_word' id='word_1_355' title='bbox 1634 933 1704 960; x_wconf 87' lang='lat' dir='ltr'><strong>enim</strong></span> <span class='ocrx_word' id='word_1_356' title='bbox 1722 931 1825 959; x_wconf 75' lang='lat' dir='ltr'><strong>ratione</strong></span> 
     </span>
    </p>
   </div>
   <div class='ocr_carea' id='block_1_47' title="bbox 1038 976 1825 1015">
    <p class='ocr_par' dir='ltr' id='par_1_47' title="bbox 1038 976 1825 1015">
     <span class='ocr_line' id='line_1_47' title="bbox 1038 976 1825 1015; baseline -0.005 -8"><span class='ocrx_word' id='word_1_357' title='bbox 1038 987 1088 1008; x_wconf 89' lang='lat' dir='ltr'><strong>nec</strong></span> <span class='ocrx_word' id='word_1_358' title='bbox 1100 987 1212 1015; x_wconf 81' lang='lat' dir='ltr'><strong>magnus</strong></span> <span class='ocrx_word' id='word_1_359' title='bbox 1228 981 1286 1015; x_wconf 87' lang='lat' dir='ltr'><strong>ipse</strong></span> <span class='ocrx_word' id='word_1_360' title='bbox 1301 980 1398 1007; x_wconf 80' lang='lat' dir='ltr'><strong>Paulus</strong></span> <span class='ocrx_word' id='word_1_361' title='bbox 1414 979 1519 1006; x_wconf 86' lang='lat' dir='ltr'><strong>laudem</strong></span> <span class='ocrx_word' id='word_1_362' title='bbox 1534 983 1680 1010; x_wconf 90' lang='lat' dir='ltr'><strong>mereatur,</strong></span> <span class='ocrx_word' id='word_1_363' title='bbox 1705 982 1733 1005; x_wconf 90' lang='lat' dir='ltr'><strong>et</strong></span> <span class='ocrx_word' id='word_1_364' title='bbox 1756 976 1825 1004; x_wconf 80' lang='lat' dir='ltr'><strong>Mat-</strong></span> 
     </span>
    </p>
   </div>
   <div class='ocr_carea' id='block_1_48' title="bbox 1039 1022 1825 1061">
    <p class='ocr_par' dir='ltr' id='par_1_48' title="bbox 1039 1022 1825 1061">
     <span class='ocr_line' id='line_1_48' title="bbox 1039 1022 1825 1061; baseline -0.005 -8"><span class='ocrx_word' id='word_1_365' title='bbox 1039 1027 1125 1055; x_wconf 70' lang='lat' dir='ltr'><strong>thzeus</strong></span> <span class='ocrx_word' id='word_1_366' title='bbox 1152 1026 1311 1061; x_wconf 87' lang='lat' dir='ltr'><strong>publicanus</strong></span> <span class='ocrx_word' id='word_1_367' title='bbox 1336 1026 1363 1052; x_wconf 91' lang='lat' dir='ltr'><strong>in</strong></span> <span class='ocrx_word' id='word_1_368' title='bbox 1389 1025 1658 1053; x_wconf 87' lang='lat' dir='ltr'><strong>sceleratissimorum</strong></span> <span class='ocrx_word' id='word_1_369' title='bbox 1685 1022 1825 1050; x_wconf 90' lang='lat' dir='ltr'><strong>hominum</strong></span> 
     </span>
    </p>
   </div>
   <div class='ocr_carea' id='block_1_49' title="bbox 1039 1065 1826 1104">
    <p class='ocr_par' dir='ltr' id='par_1_49' title="bbox 1039 1065 1826 1104">
     <span class='ocr_line' id='line_1_49' title="bbox 1039 1065 1826 1104; baseline -0.004 -6"><span class='ocrx_word' id='word_1_370' title='bbox 1039 1079 1150 1099; x_wconf 90' lang='lat' dir='ltr'><strong>numero</strong></span> <span class='ocrx_word' id='word_1_371' title='bbox 1168 1071 1305 1100; x_wconf 86' lang='lat' dir='ltr'><strong>habendus</strong></span> <span class='ocrx_word' id='word_1_372' title='bbox 1320 1072 1410 1103; x_wconf 85' lang='lat' dir='ltr'><strong>fuerit.</strong></span> <span class='ocrx_word' id='word_1_373' title='bbox 1436 1065 1470 1098; x_wconf 85' lang='lat' dir='ltr'><strong>ac</strong></span> <span class='ocrx_word' id='word_1_374' title='bbox 1494 1075 1588 1098; x_wconf 89' lang='lat' dir='ltr'><strong>noster</strong></span> <span class='ocrx_word' id='word_1_375' title='bbox 1612 1070 1694 1097; x_wconf 83' lang='lat' dir='ltr'><strong>etiam</strong></span> <span class='ocrx_word' id='word_1_376' title='bbox 1715 1069 1826 1104; x_wconf 81' lang='lat' dir='ltr'><strong>Cypria-</strong></span> 
     </span>
    </p>
   </div>
   <div class='ocr_carea' id='block_1_50' title="bbox 1039 1113 1826 1150">
    <p class='ocr_par' dir='ltr' id='par_1_50' title="bbox 1039 1113 1826 1150">
     <span class='ocr_line' id='line_1_50' title="bbox 1039 1113 1826 1150; baseline -0.005 -6"><span class='ocrx_word' id='word_1_377' title='bbox 1039 1125 1100 1148; x_wconf 86' lang='lat' dir='ltr'><strong>nus.</strong></span> <span class='ocrx_word' id='word_1_378' title='bbox 1126 1116 1172 1145; x_wconf 85' lang='lat' dir='ltr'><strong>llle</strong></span> <span class='ocrx_word' id='word_1_379' title='bbox 1189 1117 1296 1150; x_wconf 88' lang='lat' dir='ltr'><strong>quidem</strong></span> <span class='ocrx_word' id='word_1_380' title='bbox 1322 1116 1495 1150; x_wconf 85' lang='lat' dir='ltr'><strong>pristinarum</strong></span> <span class='ocrx_word' id='word_1_381' title='bbox 1525 1122 1634 1145; x_wconf 82' lang='lat' dir='ltr'><strong>suarum</strong></span> <span class='ocrx_word' id='word_1_382' title='bbox 1663 1113 1826 1148; x_wconf 86' lang='lat' dir='ltr'><strong>persecutio-</strong></span> 
     </span>
    </p>
   </div>
   <div class='ocr_carea' id='block_1_51' title="bbox 1040 1158 1829 1193">
    <p class='ocr_par' dir='ltr' id='par_1_51' title="bbox 1040 1158 1829 1193">
     <span class='ocr_line' id='line_1_51' title="bbox 1040 1158 1829 1193; baseline -0.003 -5"><span class='ocrx_word' id='word_1_383' title='bbox 1040 1169 1114 1193; x_wconf 89' lang='lat' dir='ltr'><strong>num,</strong></span> <span class='ocrx_word' id='word_1_384' title='bbox 1132 1166 1159 1188; x_wconf 91' lang='lat' dir='ltr'><strong>et</strong></span> <span class='ocrx_word' id='word_1_385' title='bbox 1173 1162 1266 1188; x_wconf 90' lang='lat' dir='ltr'><strong>mutati</strong></span> <span class='ocrx_word' id='word_1_386' title='bbox 1281 1161 1332 1189; x_wconf 83' lang='lat' dir='ltr'><strong>zeli</strong></span> <span class='ocrx_word' id='word_1_387' title='bbox 1349 1163 1513 1188; x_wconf 81' lang='lat' dir='ltr'><strong>mentionem</strong></span> <span class='ocrx_word' id='word_1_388' title='bbox 1528 1160 1592 1187; x_wconf 81' lang='lat' dir='ltr'><strong>facit</strong></span> <span class='ocrx_word' id='word_1_389' title='bbox 1611 1159 1644 1192; x_wconf 82' lang='grc'><strong>¹⁸,</strong></span> <span class='ocrx_word' id='word_1_390' title='bbox 1659 1164 1688 1186; x_wconf 85' lang='grc' dir='ltr'><strong>ιιι</strong></span> <span class='ocrx_word' id='word_1_391' title='bbox 1700 1158 1829 1186; x_wconf 80' lang='lat' dir='ltr'><strong>videlicet</strong></span> 
     </span>
    </p>
   </div>
   <div class='ocr_carea' id='block_1_52' title="bbox 1038 1205 1831 1242">
    <p class='ocr_par' dir='ltr' id='par_1_52' title="bbox 1038 1205 1831 1242">
     <span class='ocr_line' id='line_1_52' title="bbox 1038 1205 1831 1242; baseline -0.005 -7"><span class='ocrx_word' id='word_1_392' title='bbox 1038 1215 1070 1235; x_wconf 74' lang='lat' dir='ltr'><strong>ex</strong></span> <span class='ocrx_word' id='word_1_393' title='bbox 1098 1208 1239 1242; x_wconf 85' lang='lat' dir='ltr'><strong>utriusque</strong></span> <span class='ocrx_word' id='word_1_394' title='bbox 1263 1207 1408 1235; x_wconf 85' lang='lat' dir='ltr'><strong>collatione</strong></span> <span class='ocrx_word' id='word_1_395' title='bbox 1435 1206 1482 1235; x_wconf 86' lang='lat' dir='ltr'><strong>Dei</strong></span> <span class='ocrx_word' id='word_1_396' title='bbox 1507 1205 1716 1234; x_wconf 83' lang='lat' dir='ltr'><strong>beneﬁcentiam</strong></span> <span class='ocrx_word' id='word_1_397' title='bbox 1741 1205 1831 1239; x_wconf 76' lang='lat' dir='ltr'><strong>magis</strong></span> 
     </span>
    </p>
   </div>
   <div class='ocr_carea' id='block_1_53' title="bbox 1038 1251 1828 1287">
    <p class='ocr_par' dir='ltr' id='par_1_53' title="bbox 1038 1251 1828 1287">
     <span class='ocr_line' id='line_1_53' title="bbox 1038 1251 1828 1287; baseline -0.005 -6"><span class='ocrx_word' id='word_1_398' title='bbox 1038 1253 1212 1282; x_wconf 87' lang='lat' dir='ltr'><strong>concelebret</strong></span> <span class='ocrx_word' id='word_1_399' title='bbox 1231 1263 1237 1280; x_wconf 88' lang='lat'><strong>:</strong></span> <span class='ocrx_word' id='word_1_400' title='bbox 1257 1253 1326 1279; x_wconf 84' lang='lat' dir='ltr'><strong>alter</strong></span> <span class='ocrx_word' id='word_1_401' title='bbox 1342 1260 1407 1280; x_wconf 85' lang='lat' dir='ltr'><strong>vero</strong></span> <span class='ocrx_word' id='word_1_402' title='bbox 1422 1252 1449 1280; x_wconf 94' lang='lat' dir='ltr'><strong>in</strong></span> <span class='ocrx_word' id='word_1_403' title='bbox 1464 1251 1661 1287; x_wconf 88' lang='lat' dir='ltr'><strong>discipulorum</strong></span> <span class='ocrx_word' id='word_1_404' title='bbox 1686 1257 1828 1278; x_wconf 84' lang='lat' dir='ltr'><strong>enumera-</strong></span> 
     </span>
    </p>
   </div>
   <div class='ocr_carea' id='block_1_54' title="bbox 1039 1296 1834 1333">
    <p class='ocr_par' dir='ltr' id='par_1_54' title="bbox 1039 1296 1834 1333">
     <span class='ocr_line' id='line_1_54' title="bbox 1039 1296 1834 1333; baseline -0.005 -7"><span class='ocrx_word' id='word_1_405' title='bbox 1039 1299 1112 1326; x_wconf 87' lang='lat' dir='ltr'><strong>tione</strong></span> <span class='ocrx_word' id='word_1_406' title='bbox 1138 1298 1190 1326; x_wconf 87' lang='lat' dir='ltr'><strong>sibi</strong></span> <span class='ocrx_word' id='word_1_407' title='bbox 1220 1299 1270 1333; x_wconf 86' lang='lat' dir='ltr'><strong>ipsi</strong></span> <span class='ocrx_word' id='word_1_408' title='bbox 1297 1297 1436 1325; x_wconf 84' lang='lat' dir='ltr'><strong>Publicani</strong></span> <span class='ocrx_word' id='word_1_409' title='bbox 1463 1303 1682 1332; x_wconf 85' lang='lat' dir='ltr'><strong>cognomentum,</strong></span> <span class='ocrx_word' id='word_1_410' title='bbox 1715 1296 1834 1331; x_wconf 65' lang='lat' dir='ltr'><strong>perinde,</strong></span> 
     </span>
    </p>
   </div>
   <div class='ocr_carea' id='block_1_55' title="bbox 1039 1343 1826 1380">
    <p class='ocr_par' dir='ltr' id='par_1_55' title="bbox 1039 1343 1826 1380">
     <span class='ocr_line' id='line_1_55' title="bbox 1039 1343 1826 1380; baseline -0.005 -8"><span class='ocrx_word' id='word_1_411' title='bbox 1039 1350 1120 1380; x_wconf 85' lang='lat' dir='ltr'><strong>atque</strong></span> <span class='ocrx_word' id='word_1_412' title='bbox 1145 1345 1216 1371; x_wconf 91' lang='lat' dir='ltr'><strong>aliud</strong></span> <span class='ocrx_word' id='word_1_413' title='bbox 1240 1344 1374 1377; x_wconf 88' lang='lat' dir='ltr'><strong>quoddam</strong></span> <span class='ocrx_word' id='word_1_414' title='bbox 1396 1344 1544 1375; x_wconf 88' lang='lat' dir='ltr'><strong>nobilitatis</strong></span> <span class='ocrx_word' id='word_1_415' title='bbox 1570 1343 1674 1378; x_wconf 78' lang='lat' dir='ltr'><strong>insigne</strong></span> <span class='ocrx_word' id='word_1_416' title='bbox 1697 1347 1724 1369; x_wconf 91' lang='lat' dir='ltr'><strong>et</strong></span> <span class='ocrx_word' id='word_1_417' title='bbox 1744 1349 1826 1368; x_wconf 81' lang='lat' dir='ltr'><strong>orna-</strong></span> 
     </span>
    </p>
   </div>
   <div class='ocr_carea' id='block_1_56' title="bbox 1039 1391 1829 1429">
    <p class='ocr_par' dir='ltr' id='par_1_56' title="bbox 1039 1391 1829 1429">
     <span class='ocr_line' id='line_1_56' title="bbox 1039 1391 1829 1429; baseline -0.004 -8"><span class='ocrx_word' id='word_1_418' title='bbox 1039 1399 1169 1425; x_wconf 86' lang='lat' dir='ltr'><strong>mentum,</strong></span> <span class='ocrx_word' id='word_1_419' title='bbox 1192 1394 1314 1429; x_wconf 81' lang='lat' dir='ltr'><strong>adjungit</strong></span> <span class='ocrx_word' id='word_1_420' title='bbox 1330 1394 1368 1426; x_wconf 84' lang='lat'>“;</span> <span class='ocrx_word' id='word_1_421' title='bbox 1397 1393 1440 1420; x_wconf 90' lang='lat' dir='ltr'><strong>hic</strong></span> <span class='ocrx_word' id='word_1_422' title='bbox 1464 1393 1581 1427; x_wconf 91' lang='lat' dir='ltr'><strong>denique</strong></span> <span class='ocrx_word' id='word_1_423' title='bbox 1605 1391 1752 1426; x_wconf 87' lang='lat' dir='ltr'><strong>superioris</strong></span> <span class='ocrx_word' id='word_1_424' title='bbox 1767 1391 1829 1418; x_wconf 60' lang='lat' dir='ltr'><strong>vita!</strong></span> 
     </span>
    </p>
   </div>
   <div class='ocr_carea' id='block_1_57' title="bbox 1040 1436 1829 1474">
    <p class='ocr_par' dir='ltr' id='par_1_57' title="bbox 1040 1436 1829 1474">
     <span class='ocr_line' id='line_1_57' title="bbox 1040 1436 1829 1474; baseline -0.006 -7"><span class='ocrx_word' id='word_1_425' title='bbox 1040 1440 1229 1474; x_wconf 84' lang='lat' dir='ltr'><strong>turpitudinem</strong></span> <span class='ocrx_word' id='word_1_426' title='bbox 1252 1439 1330 1474; x_wconf 80' lang='lat' dir='ltr'><strong>longa</strong></span> <span class='ocrx_word' id='word_1_427' title='bbox 1352 1439 1476 1465; x_wconf 81' lang='lat' dir='ltr'><strong>oratiOue</strong></span> <span class='ocrx_word' id='word_1_428' title='bbox 1500 1438 1668 1473; x_wconf 85' lang='lat' dir='ltr'><strong>proscindit,</strong></span> <span class='ocrx_word' id='word_1_429' title='bbox 1692 1441 1720 1462; x_wconf 92' lang='lat' dir='ltr'><strong>ut</strong></span> <span class='ocrx_word' id='word_1_430' title='bbox 1738 1436 1829 1471; x_wconf 41' lang='lat' dir='ltr'><strong>ipsam.</strong></span> 
     </span>
    </p>
   </div>
   <div class='ocr_carea' id='block_1_58' title="bbox 1039 1482 1828 1521">
    <p class='ocr_par' dir='ltr' id='par_1_58' title="bbox 1039 1482 1828 1521">
     <span class='ocr_line' id='line_1_58' title="bbox 1039 1482 1828 1521; baseline -0.005 -8"><span class='ocrx_word' id='word_1_431' title='bbox 1039 1494 1148 1521; x_wconf 86' lang='lat' dir='ltr'><strong>quoque</strong></span> <span class='ocrx_word' id='word_1_432' title='bbox 1173 1485 1305 1513; x_wconf 87' lang='lat' dir='ltr'><strong>scelerum</strong></span> <span class='ocrx_word' id='word_1_433' title='bbox 1323 1484 1520 1512; x_wconf 81' lang='lat' dir='ltr'><strong>confessionem</strong></span> <span class='ocrx_word' id='word_1_434' title='bbox 1545 1484 1598 1511; x_wconf 90' lang='lat' dir='ltr'><strong>Deo</strong></span> <span class='ocrx_word' id='word_1_435' title='bbox 1626 1483 1745 1510; x_wconf 84' lang='lat' dir='ltr'><strong>muneris</strong></span> <span class='ocrx_word' id='word_1_436' title='bbox 1769 1482 1828 1510; x_wconf 90' lang='lat' dir='ltr'><strong>loco</strong></span> 
     </span>
    </p>
   </div>
   <div class='ocr_carea' id='block_1_59' title="bbox 1039 1527 1829 1565">
    <p class='ocr_par' dir='ltr' id='par_1_59' title="bbox 1039 1527 1829 1565">
     <span class='ocr_line' id='line_1_59' title="bbox 1039 1527 1829 1565; baseline -0.005 -7"><span class='ocrx_word' id='word_1_437' title='bbox 1039 1531 1147 1564; x_wconf 78' lang='lat' dir='ltr'><strong>offerat,</strong></span> <span class='ocrx_word' id='word_1_438' title='bbox 1171 1538 1203 1558; x_wconf 88' lang='lat' dir='ltr'><strong>ac</strong></span> <span class='ocrx_word' id='word_1_439' title='bbox 1229 1530 1320 1558; x_wconf 86' lang='lat' dir='ltr'><strong>multis</strong></span> <span class='ocrx_word' id='word_1_440' title='bbox 1334 1537 1439 1561; x_wconf 91' lang='lat' dir='ltr'><strong>eorum,</strong></span> <span class='ocrx_word' id='word_1_441' title='bbox 1467 1530 1512 1565; x_wconf 93' lang='lat' dir='ltr'><strong>qui</strong></span> <span class='ocrx_word' id='word_1_442' title='bbox 1527 1530 1561 1556; x_wconf 84' lang='lat' dir='ltr'><strong>ab</strong></span> <span class='ocrx_word' id='word_1_443' title='bbox 1576 1529 1696 1564; x_wconf 87' lang='lat' dir='ltr'><strong>improba</strong></span> <span class='ocrx_word' id='word_1_444' title='bbox 1711 1533 1738 1555; x_wconf 90' lang='lat' dir='ltr'><strong>et</strong></span> <span class='ocrx_word' id='word_1_445' title='bbox 1752 1527 1829 1561; x_wconf 71' lang='lat' dir='ltr'><strong>flagi-</strong></span> 
     </span>
    </p>
   </div>
   <div class='ocr_carea' id='block_1_60' title="bbox 166 1572 987 1616">
    <p class='ocr_par' dir='ltr' id='par_1_60' title="bbox 166 1572 987 1616">
     <span class='ocr_line' id='line_1_60' title="bbox 166 1572 987 1616; baseline 0.005 -13"><span class='ocrx_word' id='word_1_446' title='bbox 166 1572 176 1594; x_wconf 47' lang='grc' dir='ltr'>ἕ</span> <span class='ocrx_word' id='word_1_447' title='bbox 201 1573 369 1613; x_wconf 79' lang='grc' dir='ltr'>ἀγωνιστής·</span> <span class='ocrx_word' id='word_1_448' title='bbox 387 1578 432 1604; x_wconf 80' lang='grc' dir='ltr'>καὶ</span> <span class='ocrx_word' id='word_1_449' title='bbox 446 1578 517 1614; x_wconf 87' lang='grc' dir='ltr'>λόγῳ</span> <span class='ocrx_word' id='word_1_450' title='bbox 537 1579 584 1606; x_wconf 80' lang='grc' dir='ltr'><strong>καὶ</strong></span> <span class='ocrx_word' id='word_1_451' title='bbox 599 1578 673 1615; x_wconf 79' lang='grc' dir='ltr'>ἔργῳ</span> <span class='ocrx_word' id='word_1_452' title='bbox 686 1580 830 1615; x_wconf 82' lang='grc' dir='ltr'>ταράσσων</span> <span class='ocrx_word' id='word_1_453' title='bbox 846 1580 896 1615; x_wconf 83' lang='grc' dir='ltr'><strong>τὴν</strong></span> <span class='ocrx_word' id='word_1_454' title='bbox 918 1581 987 1616; x_wconf 81' lang='grc' dir='ltr'>ἡμε-</span> 
     </span>
    </p>
   </div>
   <div class='ocr_carea' id='block_1_61' title="bbox 1041 1572 1826 1616">
    <p class='ocr_par' dir='ltr' id='par_1_61' title="bbox 1042 1575 1826 1608">
     <span class='ocr_line' id='line_1_61' title="bbox 1042 1575 1826 1608; baseline -0.004 -3"><span class='ocrx_word' id='word_1_455' title='bbox 1042 1579 1109 1606; x_wconf 90' lang='lat' dir='ltr'><strong>tiosa</strong></span> <span class='ocrx_word' id='word_1_456' title='bbox 1124 1578 1231 1606; x_wconf 86' lang='lat' dir='ltr'><strong>vivendi</strong></span> <span class='ocrx_word' id='word_1_457' title='bbox 1257 1577 1360 1605; x_wconf 89' lang='lat' dir='ltr'><strong>ratione</strong></span> <span class='ocrx_word' id='word_1_458' title='bbox 1373 1577 1493 1604; x_wconf 88' lang='lat' dir='ltr'><strong>animum</strong></span> <span class='ocrx_word' id='word_1_459' title='bbox 1515 1579 1653 1608; x_wconf 86' lang='lat' dir='ltr'><strong>revocant,</strong></span> <span class='ocrx_word' id='word_1_460' title='bbox 1676 1576 1709 1602; x_wconf 90' lang='lat' dir='ltr'><strong>ad</strong></span> <span class='ocrx_word' id='word_1_461' title='bbox 1731 1575 1826 1603; x_wconf 82' lang='lat' dir='ltr'><strong>melius</strong></span> 
     </span>
    </p>
   </div>
   <div class='ocr_carea' id='block_1_62' title="bbox 201 1623 987 1662">
    <p class='ocr_par' dir='ltr' id='par_1_62' title="bbox 201 1623 987 1662">
     <span class='ocr_line' id='line_1_62' title="bbox 201 1623 987 1662; baseline 0.005 -13"><span class='ocrx_word' id='word_1_462' title='bbox 201 1623 283 1659; x_wconf 84' lang='grc' dir='ltr'>τέραν</span> <span class='ocrx_word' id='word_1_463' title='bbox 303 1623 378 1656; x_wconf 80' lang='grc' dir='ltr'>ὁδὸν,</span> <span class='ocrx_word' id='word_1_464' title='bbox 395 1624 439 1651; x_wconf 74' lang='grc' dir='ltr'><strong>διὰ</strong></span> <span class='ocrx_word' id='word_1_465' title='bbox 463 1625 493 1651; x_wconf 83' lang='grc' dir='ltr'>τὸ</span> <span class='ocrx_word' id='word_1_466' title='bbox 516 1626 544 1651; x_wconf 81' lang='grc' dir='ltr'><strong>ὲν</strong></span> <span class='ocrx_word' id='word_1_467' title='bbox 560 1626 725 1661; x_wconf 81' lang='grc' dir='ltr'>ἀμφοτέροις</span> <span class='ocrx_word' id='word_1_468' title='bbox 744 1627 843 1662; x_wconf 80' lang='grc' dir='ltr'>κράτος</span> <span class='ocrx_word' id='word_1_469' title='bbox 855 1646 862 1655; x_wconf 84' lang='grc'><strong>.</strong></span> <span class='ocrx_word' id='word_1_470' title='bbox 881 1627 895 1653; x_wconf 86' lang='grc' dir='ltr'>ὁ</span> <span class='ocrx_word' id='word_1_471' title='bbox 918 1626 987 1662; x_wconf 81' lang='grc' dir='ltr'>κρά-</span> 
     </span>
    </p>
   </div>
   <div class='ocr_carea' id='block_1_63' title="bbox 200 1671 990 1707">
    <p class='ocr_par' dir='ltr' id='par_1_63' title="bbox 200 1671 990 1707">
     <span class='ocr_line' id='line_1_63' title="bbox 200 1671 990 1707; baseline 0.005 -12"><span class='ocrx_word' id='word_1_472' title='bbox 200 1677 291 1701; x_wconf 88' lang='grc' dir='ltr'>τιστος</span> <span class='ocrx_word' id='word_1_473' title='bbox 307 1671 450 1706; x_wconf 81' lang='grc' dir='ltr'>ἀμφότερα</span> <span class='ocrx_word' id='word_1_474' title='bbox 470 1671 538 1706; x_wconf 86' lang='grc' dir='ltr'>μετὰ</span> <span class='ocrx_word' id='word_1_475' title='bbox 552 1671 630 1698; x_wconf 84' lang='grc' dir='ltr'>τοῦτο</span> <span class='ocrx_word' id='word_1_476' title='bbox 646 1672 829 1707; x_wconf 81' lang='grc' dir='ltr'>Χριστιανοῖς.</span> <span class='ocrx_word' id='word_1_477' title='bbox 844 1672 928 1699; x_wconf 70' lang='grc' dir='ltr'>Ὅσον</span> <span class='ocrx_word' id='word_1_478' title='bbox 938 1675 990 1698; x_wconf 62' lang='grc' dir='ltr'>καὶ</span> 
     </span>
    </p>
   </div>
   <div class='ocr_carea' id='block_1_64' title="bbox 200 1714 990 1753">
    <p class='ocr_par' dir='ltr' id='par_1_64' title="bbox 200 1714 990 1753">
     <span class='ocr_line' id='line_1_64' title="bbox 200 1714 990 1753; baseline 0.004 -12"><span class='ocrx_word' id='word_1_479' title='bbox 200 1714 248 1741; x_wconf 76' lang='grc' dir='ltr'><strong>κὺν</strong></span> <span class='ocrx_word' id='word_1_480' title='bbox 269 1716 316 1742; x_wconf 85' lang='grc' dir='ltr'>καὶ</span> <span class='ocrx_word' id='word_1_481' title='bbox 343 1717 455 1750; x_wconf 80' lang='grc' dir='ltr'>γοητεία</span> <span class='ocrx_word' id='word_1_482' title='bbox 474 1716 580 1748; x_wconf 82' lang='grc' dir='ltr'>τούτοις</span> <span class='ocrx_word' id='word_1_483' title='bbox 596 1717 814 1753; x_wconf 75' lang='grc' dir='ltr'>προστιθεμένη,</span> <span class='ocrx_word' id='word_1_484' title='bbox 837 1718 893 1745; x_wconf 87' lang='grc' dir='ltr'><strong>τῶν</strong></span> <span class='ocrx_word' id='word_1_485' title='bbox 917 1719 990 1744; x_wconf 76' lang='grc' dir='ltr'>ὲκεί-</span> 
     </span>
    </p>
   </div>
   <div class='ocr_carea' id='block_1_65' title="bbox 201 1760 991 1800">
    <p class='ocr_par' dir='ltr' id='par_1_65' title="bbox 201 1760 991 1800">
     <span class='ocr_line' id='line_1_65' title="bbox 201 1760 991 1800; baseline 0.005 -14"><span class='ocrx_word' id='word_1_486' title='bbox 201 1769 247 1789; x_wconf 88' lang='grc' dir='ltr'><strong>νου</strong></span> <span class='ocrx_word' id='word_1_487' title='bbox 275 1760 331 1795; x_wconf 70' lang='grc'><strong>(74)</strong></span> <span class='ocrx_word' id='word_1_488' title='bbox 359 1761 388 1788; x_wconf 76' lang='grc' dir='ltr'>τὸ</span> <span class='ocrx_word' id='word_1_489' title='bbox 421 1762 649 1798; x_wconf 73' lang='grc' dir='ltr'>γνωριμώτατονῐ</span> <span class='ocrx_word' id='word_1_490' title='bbox 681 1763 736 1798; x_wconf 79' lang='grc' dir='ltr'><strong>ὅσῳ</strong></span> <span class='ocrx_word' id='word_1_491' title='bbox 765 1763 915 1800; x_wconf 81' lang='grc' dir='ltr'>δεινότερον</span> <span class='ocrx_word' id='word_1_492' title='bbox 944 1765 991 1790; x_wconf 77' lang='grc' dir='ltr'>καὶ</span> 
     </span>
    </p>
   </div>
   <div class='ocr_carea' id='block_1_66' title="bbox 201 1806 991 1847">
    <p class='ocr_par' dir='ltr' id='par_1_66' title="bbox 201 1806 991 1847">
     <span class='ocr_line' id='line_1_66' title="bbox 201 1806 991 1847; baseline 0.005 -15"><span class='ocrx_word' id='word_1_493' title='bbox 201 1806 339 1841; x_wconf 83' lang='grc' dir='ltr'>ἀπληστία</span> <span class='ocrx_word' id='word_1_494' title='bbox 355 1806 480 1842; x_wconf 82' lang='grc' dir='ltr'>σώματος</span> <span class='ocrx_word' id='word_1_495' title='bbox 489 1829 498 1847; x_wconf 84' lang='grc'><strong>,</strong></span> <span class='ocrx_word' id='word_1_496' title='bbox 510 1809 527 1844; x_wconf 75' lang='grc' dir='ltr'><strong>ἢ</strong></span> <span class='ocrx_word' id='word_1_497' title='bbox 548 1809 593 1835; x_wconf 76' lang='grc' dir='ltr'>καὶ</span> <span class='ocrx_word' id='word_1_498' title='bbox 607 1809 669 1840; x_wconf 77' lang='grc' dir='ltr'>τοὺς</span> <span class='ocrx_word' id='word_1_499' title='bbox 683 1809 767 1836; x_wconf 83' lang='grc' dir='ltr'>τᾶλλα</span> <span class='ocrx_word' id='word_1_500' title='bbox 783 1810 881 1844; x_wconf 77' lang='grc' dir='ltr'>σοφοὺς</span> <span class='ocrx_word' id='word_1_501' title='bbox 893 1809 991 1845; x_wconf 81' lang='grc' dir='ltr'>ἐκμαί-</span> 
     </span>
    </p>
   </div>
   <div class='ocr_carea' id='block_1_67' title="bbox 201 1853 991 1891">
    <p class='ocr_par' dir='ltr' id='par_1_67' title="bbox 201 1853 991 1891">
     <span class='ocr_line' id='line_1_67' title="bbox 201 1853 991 1891; baseline 0.003 -11"><span class='ocrx_word' id='word_1_502' title='bbox 201 1861 258 1880; x_wconf 88' lang='grc' dir='ltr'>νειν</span> <span class='ocrx_word' id='word_1_503' title='bbox 280 1853 400 1886; x_wconf 80' lang='grc' dir='ltr'>δύναται,</span> <span class='ocrx_word' id='word_1_504' title='bbox 429 1855 476 1882; x_wconf 75' lang='grc' dir='ltr'>καὶ</span> <span class='ocrx_word' id='word_1_505' title='bbox 494 1857 584 1891; x_wconf 87' lang='grc' dir='ltr'>χεῖρον</span> <span class='ocrx_word' id='word_1_506' title='bbox 612 1857 719 1891; x_wconf 84' lang='grc' dir='ltr'>φρονεῖν</span> <span class='ocrx_word' id='word_1_507' title='bbox 743 1855 877 1890; x_wconf 80' lang='grc' dir='ltr'>βιάζεται,</span> <span class='ocrx_word' id='word_1_508' title='bbox 906 1856 991 1883; x_wconf 80' lang='grc' dir='ltr'>καθά-</span> 
     </span>
    </p>
   </div>
   <div class='ocr_carea' id='block_1_68' title="bbox 201 1898 975 1934">
    <p class='ocr_par' dir='ltr' id='par_1_68' title="bbox 201 1898 975 1934">
     <span class='ocr_line' id='line_1_68' title="bbox 201 1898 975 1934; baseline 0.001 -10"><span class='ocrx_word' id='word_1_509' title='bbox 201 1906 256 1934; x_wconf 86' lang='grc' dir='ltr'>περ</span> <span class='ocrx_word' id='word_1_510' title='bbox 272 1898 402 1934; x_wconf 77' lang='grc' dir='ltr'>ὐὸριστὴς</span> <span class='ocrx_word' id='word_1_511' title='bbox 420 1899 519 1931; x_wconf 82' lang='grc' dir='ltr'>πῶλος,</span> <span class='ocrx_word' id='word_1_512' title='bbox 536 1899 582 1926; x_wconf 84' lang='grc' dir='ltr'>τὸν</span> <span class='ocrx_word' id='word_1_513' title='bbox 596 1898 725 1934; x_wconf 82' lang='grc' dir='ltr'>λογισμὸν</span> <span class='ocrx_word' id='word_1_514' title='bbox 745 1899 975 1934; x_wconf 75' lang='grc' dir='ltr'>συναρπάζουσαῑ</span> 
     </span>
    </p>
   </div>
   <div class='ocr_carea' id='block_1_69' title="bbox 1042 1622 1828 1660">
    <p class='ocr_par' dir='ltr' id='par_1_69' title="bbox 1042 1622 1828 1660">
     <span class='ocr_line' id='line_1_69' title="bbox 1042 1622 1828 1660; baseline -0.006 -7"><span class='ocrx_word' id='word_1_515' title='bbox 1042 1625 1204 1660; x_wconf 82' lang='lat' dir='ltr'><strong>sperandum</strong></span> <span class='ocrx_word' id='word_1_516' title='bbox 1221 1624 1263 1651; x_wconf 90' lang='lat' dir='ltr'><strong>via</strong></span> <span class='ocrx_word' id='word_1_517' title='bbox 1275 1624 1400 1652; x_wconf 77' lang='lat' dir='ltr'><strong>exsistat.</strong></span> <span class='ocrx_word' id='word_1_518' title='bbox 1416 1623 1480 1656; x_wconf 75' lang='lat' dir='ltr'><strong>Qua:</strong></span> <span class='ocrx_word' id='word_1_519' title='bbox 1492 1622 1574 1657; x_wconf 80' lang='lat' dir='ltr'><strong>igitur</strong></span> <span class='ocrx_word' id='word_1_520' title='bbox 1587 1622 1657 1650; x_wconf 88' lang='lat' dir='ltr'><strong>illius</strong></span> <span class='ocrx_word' id='word_1_521' title='bbox 1669 1622 1828 1657; x_wconf 82' lang='lat' dir='ltr'><strong>improbitas</strong></span> 
     </span>
    </p>
   </div>
   <div class='ocr_carea' id='block_1_70' title="bbox 1042 1668 1828 1705">
    <p class='ocr_par' dir='ltr' id='par_1_70' title="bbox 1042 1668 1828 1705">
     <span class='ocr_line' id='line_1_70' title="bbox 1042 1668 1828 1705; baseline -0.005 -7"><span class='ocrx_word' id='word_1_522' title='bbox 1042 1671 1134 1702; x_wconf 88' lang='lat' dir='ltr'><strong>fuerit,</strong></span> <span class='ocrx_word' id='word_1_523' title='bbox 1151 1677 1285 1705; x_wconf 87' lang='lat' dir='ltr'><strong>quamque</strong></span> <span class='ocrx_word' id='word_1_524' title='bbox 1300 1677 1396 1705; x_wconf 83' lang='lat' dir='ltr'><strong>magna</strong></span> <span class='ocrx_word' id='word_1_525' title='bbox 1411 1674 1438 1697; x_wconf 92' lang='lat' dir='ltr'><strong>et</strong></span> <span class='ocrx_word' id='word_1_526' title='bbox 1463 1668 1564 1703; x_wconf 78' lang='lat' dir='ltr'><strong>gravis,</strong></span> <span class='ocrx_word' id='word_1_527' title='bbox 1589 1668 1732 1702; x_wconf 79' lang='lat' dir='ltr'><strong>expendite</strong></span> <span class='ocrx_word' id='word_1_528' title='bbox 1749 1677 1756 1695; x_wconf 87' lang='lat'>:</span> <span class='ocrx_word' id='word_1_529' title='bbox 1771 1669 1828 1694; x_wconf 69' lang='lat' dir='ltr'><strong>Da:-</strong></span> 
     </span>
    </p>
   </div>
   <div class='ocr_carea' id='block_1_71' title="bbox 1044 1713 1829 1750">
    <p class='ocr_par' dir='ltr' id='par_1_71' title="bbox 1044 1713 1829 1750">
     <span class='ocr_line' id='line_1_71' title="bbox 1044 1713 1829 1750; baseline -0.006 -6"><span class='ocrx_word' id='word_1_530' title='bbox 1044 1725 1151 1745; x_wconf 84' lang='lat' dir='ltr'><strong>nionutn</strong></span> <span class='ocrx_word' id='word_1_531' title='bbox 1172 1717 1259 1744; x_wconf 89' lang='lat' dir='ltr'><strong>cultor</strong></span> <span class='ocrx_word' id='word_1_532' title='bbox 1289 1721 1360 1748; x_wconf 85' lang='lat' dir='ltr'><strong>erat,</strong></span> <span class='ocrx_word' id='word_1_533' title='bbox 1377 1716 1421 1750; x_wconf 91' lang='lat' dir='ltr'><strong>qui</strong></span> <span class='ocrx_word' id='word_1_534' title='bbox 1448 1715 1548 1742; x_wconf 85' lang='lat' dir='ltr'><strong>Christi</strong></span> <span class='ocrx_word' id='word_1_535' title='bbox 1574 1719 1666 1749; x_wconf 89' lang='lat' dir='ltr'><strong>postea</strong></span> <span class='ocrx_word' id='word_1_536' title='bbox 1681 1713 1829 1747; x_wconf 83' lang='lat' dir='ltr'><strong>discipulus</strong></span> 
     </span>
    </p>
   </div>
   <div class='ocr_carea' id='block_1_72' title="bbox 1045 1759 1828 1796">
    <p class='ocr_par' dir='ltr' id='par_1_72' title="bbox 1045 1759 1828 1796">
     <span class='ocr_line' id='line_1_72' title="bbox 1045 1759 1828 1796; baseline -0.005 -6"><span class='ocrx_word' id='word_1_537' title='bbox 1045 1763 1095 1790; x_wconf 88' lang='lat' dir='ltr'><strong>fuit</strong></span> <span class='ocrx_word' id='word_1_538' title='bbox 1110 1771 1117 1790; x_wconf 89' lang='lat'><strong>:</strong></span> <span class='ocrx_word' id='word_1_539' title='bbox 1135 1767 1161 1790; x_wconf 92' lang='lat' dir='ltr'><strong>et</strong></span> <span class='ocrx_word' id='word_1_540' title='bbox 1179 1767 1337 1796; x_wconf 80' lang='lat' dir='ltr'><strong>persecutor</strong></span> <span class='ocrx_word' id='word_1_541' title='bbox 1352 1761 1554 1793; x_wconf 86' lang='lat' dir='ltr'><strong>acerbissimus,</strong></span> <span class='ocrx_word' id='word_1_542' title='bbox 1571 1761 1615 1795; x_wconf 89' lang='lat' dir='ltr'><strong>qui</strong></span> <span class='ocrx_word' id='word_1_543' title='bbox 1631 1765 1723 1795; x_wconf 81' lang='lat' dir='ltr'><strong>postea</strong></span> <span class='ocrx_word' id='word_1_544' title='bbox 1746 1759 1828 1796; x_wconf 64' lang='lat' dir='ltr'><strong>M2</strong></span> 
     </span>
    </p>
   </div>
   <div class='ocr_carea' id='block_1_73' title="bbox 1045 1807 1827 1844">
    <p class='ocr_par' dir='ltr' id='par_1_73' title="bbox 1045 1807 1827 1844">
     <span class='ocr_line' id='line_1_73' title="bbox 1045 1807 1827 1844; baseline -0.005 -8"><span class='ocrx_word' id='word_1_545' title='bbox 1045 1817 1157 1844; x_wconf 77' lang='lat' dir='ltr'><strong>magnus</strong></span> <span class='ocrx_word' id='word_1_546' title='bbox 1174 1808 1297 1835; x_wconf 84' lang='lat' dir='ltr'><strong>veritatis</strong></span> <span class='ocrx_word' id='word_1_547' title='bbox 1311 1812 1493 1843; x_wconf 75' lang='lat' dir='ltr'><strong>propugnator</strong></span> <span class='ocrx_word' id='word_1_548' title='bbox 1507 1807 1629 1839; x_wconf 76' lang='lat' dir='ltr'><strong>exstitit;</strong></span> <span class='ocrx_word' id='word_1_549' title='bbox 1654 1811 1681 1833; x_wconf 89' lang='lat' dir='ltr'><strong>et</strong></span> <span class='ocrx_word' id='word_1_550' title='bbox 1701 1807 1784 1833; x_wconf 76' lang='lat' dir='ltr'><strong>verba</strong></span> <span class='ocrx_word' id='word_1_551' title='bbox 1799 1810 1827 1832; x_wconf 91' lang='lat' dir='ltr'><strong>et</strong></span> 
     </span>
    </p>
   </div>
   <div class='ocr_carea' id='block_1_74' title="bbox 1044 1852 1828 1889">
    <p class='ocr_par' dir='ltr' id='par_1_74' title="bbox 1044 1852 1828 1889">
     <span class='ocr_line' id='line_1_74' title="bbox 1044 1852 1828 1889; baseline -0.006 -7"><span class='ocrx_word' id='word_1_552' title='bbox 1044 1862 1137 1889; x_wconf 87' lang='lat' dir='ltr'><strong>opere,</strong></span> <span class='ocrx_word' id='word_1_553' title='bbox 1164 1859 1256 1889; x_wconf 90' lang='lat' dir='ltr'><strong>utpote</strong></span> <span class='ocrx_word' id='word_1_554' title='bbox 1280 1854 1307 1880; x_wconf 92' lang='lat' dir='ltr'><strong>in</strong></span> <span class='ocrx_word' id='word_1_555' title='bbox 1336 1859 1450 1887; x_wconf 88' lang='lat' dir='ltr'><strong>utroque</strong></span> <span class='ocrx_word' id='word_1_556' title='bbox 1479 1852 1596 1888; x_wconf 84' lang='lat' dir='ltr'><strong>pollens,</strong></span> <span class='ocrx_word' id='word_1_557' title='bbox 1622 1852 1692 1879; x_wconf 88' lang='lat' dir='ltr'><strong>viam</strong></span> <span class='ocrx_word' id='word_1_558' title='bbox 1708 1856 1828 1878; x_wconf 89' lang='lat' dir='ltr'><strong>nostram</strong></span> 
     </span>
    </p>
   </div>
   <div class='ocr_carea' id='block_1_75' title="bbox 1045 1897 1828 1935">
    <p class='ocr_par' dir='ltr' id='par_1_75' title="bbox 1045 1897 1828 1935">
     <span class='ocr_line' id='line_1_75' title="bbox 1045 1897 1828 1935; baseline -0.003 -9"><span class='ocrx_word' id='word_1_559' title='bbox 1045 1900 1181 1933; x_wconf 87' lang='lat' dir='ltr'><strong>turbabat,</strong></span> <span class='ocrx_word' id='word_1_560' title='bbox 1202 1899 1247 1934; x_wconf 91' lang='lat' dir='ltr'><strong>qui</strong></span> <span class='ocrx_word' id='word_1_561' title='bbox 1264 1905 1358 1935; x_wconf 84' lang='lat' dir='ltr'><strong>postea</strong></span> <span class='ocrx_word' id='word_1_562' title='bbox 1374 1904 1489 1933; x_wconf 88' lang='lat' dir='ltr'><strong>atraque</strong></span> <span class='ocrx_word' id='word_1_563' title='bbox 1505 1906 1534 1925; x_wconf 91' lang='lat' dir='ltr'><strong>re</strong></span> <span class='ocrx_word' id='word_1_564' title='bbox 1550 1899 1733 1934; x_wconf 58' lang='lat' dir='ltr'><strong>peregregiam</strong></span> <span class='ocrx_word' id='word_1_565' title='bbox 1747 1897 1828 1925; x_wconf 87' lang='lat' dir='ltr'><strong>Chri-</strong></span> 
     </span>
    </p>
   </div>
   <div class='ocr_carea' id='block_1_76' title="bbox 202 1938 1828 1981">
    <p class='ocr_par' dir='ltr' id='par_1_76' title="bbox 202 1938 1828 1981">
     <span class='ocr_line' id='line_1_76' title="bbox 202 1938 1828 1981; baseline 0.001 -11"><span class='ocrx_word' id='word_1_566' title='bbox 202 1943 300 1971; x_wconf 81' lang='lat' dir='ltr'><strong>stianis</strong></span> <span class='ocrx_word' id='word_1_567' title='bbox 310 1952 420 1979; x_wconf 84' lang='lat' dir='ltr'><strong>operam</strong></span> <span class='ocrx_word' id='word_1_568' title='bbox 440 1944 523 1977; x_wconf 81' lang='lat' dir='ltr'><strong>dedit.</strong></span> <span class='ocrx_word' id='word_1_569' title='bbox 534 1945 593 1973; x_wconf 86' lang='lat' dir='ltr'><strong>Jam</strong></span> <span class='ocrx_word' id='word_1_570' title='bbox 609 1950 727 1980; x_wconf 89' lang='lat' dir='ltr'><strong>quantus</strong></span> <span class='ocrx_word' id='word_1_571' title='bbox 745 1953 778 1972; x_wconf 81' lang='lat' dir='ltr'><strong>ex</strong></span> <span class='ocrx_word' id='word_1_572' title='bbox 794 1950 851 1972; x_wconf 90' lang='lat' dir='ltr'><strong>arte</strong></span> <span class='ocrx_word' id='word_1_573' title='bbox 869 1947 983 1981; x_wconf 83' lang='lat' dir='ltr'><strong>magica,</strong></span> <span class='ocrx_word' id='word_1_574' title='bbox 1005 1954 1019 1972; x_wconf 88' lang='lat' dir='ltr'><strong>a</strong></span> <span class='ocrx_word' id='word_1_575' title='bbox 1040 1938 1092 1980; x_wconf 66' lang='lat' dir='ltr'><strong>q&#39;ua</strong></span> <span class='ocrx_word' id='word_1_576' title='bbox 1114 1946 1283 1980; x_wconf 86' lang='lat' dir='ltr'><strong>potissimum</strong></span> <span class='ocrx_word' id='word_1_577' title='bbox 1298 1945 1331 1972; x_wconf 88' lang='lat' dir='ltr'><strong>ad</strong></span> <span class='ocrx_word' id='word_1_578' title='bbox 1347 1945 1486 1975; x_wconf 87' lang='lat' dir='ltr'><strong>hominum</strong></span> <span class='ocrx_word' id='word_1_579' title='bbox 1524 1943 1622 1970; x_wconf 80' lang='lat' dir='ltr'><strong>fatuam</strong></span> <span class='ocrx_word' id='word_1_580' title='bbox 1657 1947 1828 1978; x_wconf 85' lang='lat' dir='ltr'><strong>pervenerat.</strong></span> 
     </span>
    </p>
   </div>
   <div class='ocr_carea' id='block_1_77' title="bbox 203 1988 1829 2026">
    <p class='ocr_par' dir='ltr' id='par_1_77' title="bbox 203 1988 1829 2026">
     <span class='ocr_line' id='line_1_77' title="bbox 203 1988 1829 2026; baseline -0.001 -9"><span class='ocrx_word' id='word_1_581' title='bbox 203 1990 266 2018; x_wconf 92' lang='lat' dir='ltr'><strong>huic</strong></span> <span class='ocrx_word' id='word_1_582' title='bbox 285 1990 356 2018; x_wconf 88' lang='lat' dir='ltr'><strong>malo</strong></span> <span class='ocrx_word' id='word_1_583' title='bbox 368 1990 493 2018; x_wconf 85' lang='lat' dir='ltr'><strong>cumulus</strong></span> <span class='ocrx_word' id='word_1_584' title='bbox 527 1990 688 2018; x_wconf 86' lang='lat' dir='ltr'><strong>accedebat!</strong></span> <span class='ocrx_word' id='word_1_585' title='bbox 715 1995 846 2026; x_wconf 85' lang='lat' dir='ltr'><strong>quantum</strong></span> <span class='ocrx_word' id='word_1_586' title='bbox 875 1992 940 2018; x_wconf 87' lang='lat' dir='ltr'><strong>item</strong></span> <span class='ocrx_word' id='word_1_587' title='bbox 978 1991 1035 2018; x_wconf 68' lang='lat' dir='ltr'><strong>hinc</strong></span> <span class='ocrx_word' id='word_1_588' title='bbox 1065 1990 1179 2017; x_wconf 88' lang='lat' dir='ltr'><strong>crimina</strong></span> <span class='ocrx_word' id='word_1_589' title='bbox 1213 1989 1393 2025; x_wconf 77' lang='lat' dir='ltr'><strong>exaggerabat</strong></span> <span class='ocrx_word' id='word_1_590' title='bbox 1418 1989 1547 2023; x_wconf 80' lang='lat' dir='ltr'><strong>.corporis</strong></span> <span class='ocrx_word' id='word_1_591' title='bbox 1575 1988 1781 2023; x_wconf 84' lang='lat' dir='ltr'><strong>intemperantia</strong></span> <span class='ocrx_word' id='word_1_592' title='bbox 1801 1991 1829 2015; x_wconf 85' lang='lat' dir='ltr'><strong>et</strong></span> 
     </span>
    </p>
   </div>
   <div class='ocr_carea' id='block_1_78' title="bbox 203 2035 1826 2072">
    <p class='ocr_par' dir='ltr' id='par_1_78' title="bbox 203 2035 1826 2072">
     <span class='ocr_line' id='line_1_78' title="bbox 203 2035 1826 2072; baseline -0.001 -8"><span class='ocrx_word' id='word_1_593' title='bbox 203 2036 296 2069; x_wconf 88' lang='lat' dir='ltr'><strong>libido,</strong></span> <span class='ocrx_word' id='word_1_594' title='bbox 308 2044 368 2070; x_wconf 79' lang='lat' dir='ltr'><strong>quze</strong></span> <span class='ocrx_word' id='word_1_595' title='bbox 380 2041 481 2065; x_wconf 90' lang='lat' dir='ltr'><strong>tantam</strong></span> <span class='ocrx_word' id='word_1_596' title='bbox 494 2037 547 2064; x_wconf 85' lang='lat' dir='ltr'><strong>vim</strong></span> <span class='ocrx_word' id='word_1_597' title='bbox 564 2036 655 2069; x_wconf 82' lang='lat' dir='ltr'><strong>habet,</strong></span> <span class='ocrx_word' id='word_1_598' title='bbox 669 2041 698 2071; x_wconf 75' lang='lat' dir='ltr'><strong>ut</strong></span> <span class='ocrx_word' id='word_1_599' title='bbox 729 2038 890 2072; x_wconf 91' lang='lat' dir='ltr'><strong>quandoque</strong></span> <span class='ocrx_word' id='word_1_600' title='bbox 923 2037 1060 2072; x_wconf 86' lang='lat' dir='ltr'><strong>sapientes</strong></span> <span class='ocrx_word' id='word_1_601' title='bbox 1084 2037 1167 2064; x_wconf 85' lang='lat' dir='ltr'><strong>etiam</strong></span> <span class='ocrx_word' id='word_1_602' title='bbox 1201 2037 1274 2063; x_wconf 88' lang='lat' dir='ltr'><strong>viros</strong></span> <span class='ocrx_word' id='word_1_603' title='bbox 1290 2036 1382 2064; x_wconf 90' lang='lat' dir='ltr'><strong>furore</strong></span> <span class='ocrx_word' id='word_1_604' title='bbox 1398 2036 1506 2068; x_wconf 77' lang='lat' dir='ltr'><strong>alliciat,</strong></span> <span class='ocrx_word' id='word_1_605' title='bbox 1532 2035 1705 2070; x_wconf 83' lang='lat' dir='ltr'><strong>deteriusque</strong></span> <span class='ocrx_word' id='word_1_606' title='bbox 1724 2036 1826 2064; x_wconf 87' lang='lat' dir='ltr'><strong>sentire</strong></span> 
     </span>
    </p>
   </div>
   <div class='ocr_carea' id='block_1_79' title="bbox 203 2082 1302 2118">
    <p class='ocr_par' dir='ltr' id='par_1_79' title="bbox 203 2082 1302 2118">
     <span class='ocr_line' id='line_1_79' title="bbox 203 2082 1302 2118; baseline 0 -8"><span class='ocrx_word' id='word_1_607' title='bbox 203 2089 290 2118; x_wconf 82' lang='lat' dir='ltr'><strong>cogat,</strong></span> <span class='ocrx_word' id='word_1_608' title='bbox 305 2083 410 2118; x_wconf 89' lang='lat' dir='ltr'><strong>equulei</strong></span> <span class='ocrx_word' id='word_1_609' title='bbox 427 2082 571 2117; x_wconf 84' lang='lat' dir='ltr'><strong>petulantis</strong></span> <span class='ocrx_word' id='word_1_610' title='bbox 584 2088 611 2110; x_wconf 89' lang='lat' dir='ltr'><strong>et</strong></span> <span class='ocrx_word' id='word_1_611' title='bbox 628 2083 749 2110; x_wconf 89' lang='lat' dir='ltr'><strong>indomiti</strong></span> <span class='ocrx_word' id='word_1_612' title='bbox 776 2091 851 2111; x_wconf 93' lang='lat' dir='ltr'><strong>more</strong></span> <span class='ocrx_word' id='word_1_613' title='bbox 864 2104 871 2116; x_wconf 90' lang='lat'><strong>,</strong></span> <span class='ocrx_word' id='word_1_614' title='bbox 897 2084 1028 2110; x_wconf 89' lang='lat' dir='ltr'><strong>rationem</strong></span> <span class='ocrx_word' id='word_1_615' title='bbox 1045 2091 1136 2111; x_wconf 87' lang='lat' dir='ltr'><strong>secum</strong></span> <span class='ocrx_word' id='word_1_616' title='bbox 1151 2083 1302 2117; x_wconf 81' lang='lat' dir='ltr'><strong>arripiens!</strong></span> 
     </span>
    </p>
   </div>
   <div class='ocr_carea' id='block_1_80' title="bbox 239 2128 987 2164">
    <p class='ocr_par' dir='ltr' id='par_1_80' title="bbox 239 2128 987 2164">
     <span class='ocr_line' id='line_1_80' title="bbox 239 2128 987 2164; baseline -0.001 -8"><span class='ocrx_word' id='word_1_617' title='bbox 239 2129 278 2156; x_wconf 77' lang='lat'><strong>9&#39;.</strong></span> <span class='ocrx_word' id='word_1_618' title='bbox 293 2129 375 2156; x_wconf 81' lang='grc' dir='ltr'>’Ἡκει</span> <span class='ocrx_word' id='word_1_619' title='bbox 391 2129 420 2156; x_wconf 84' lang='grc' dir='ltr'>δὲ</span> <span class='ocrx_word' id='word_1_620' title='bbox 434 2128 500 2164; x_wconf 84' lang='grc' dir='ltr'>ἡμῖν</span> <span class='ocrx_word' id='word_1_621' title='bbox 517 2129 561 2155; x_wconf 75' lang='grc' dir='ltr'><strong>ἐπ’</strong></span> <span class='ocrx_word' id='word_1_622' title='bbox 577 2128 642 2157; x_wconf 76' lang='grc' dir='ltr'>αὐτὸ</span> <span class='ocrx_word' id='word_1_623' title='bbox 663 2129 693 2156; x_wconf 82' lang='grc' dir='ltr'>τὸ</span> <span class='ocrx_word' id='word_1_624' title='bbox 712 2129 858 2163; x_wconf 73' lang='grc' dir='ltr'>κεφάλαιον</span> <span class='ocrx_word' id='word_1_625' title='bbox 872 2130 886 2156; x_wconf 88' lang='grc' dir='ltr'>ὁ</span> <span class='ocrx_word' id='word_1_626' title='bbox 899 2129 987 2163; x_wconf 78' lang='grc' dir='ltr'>λόγος.</span> 
     </span>
    </p>
   </div>
   <div class='ocr_carea' id='block_1_81' title="bbox 204 2175 990 2212">
    <p class='ocr_par' dir='ltr' id='par_1_81' title="bbox 204 2175 990 2212">
     <span class='ocr_line' id='line_1_81' title="bbox 204 2175 990 2212; baseline -0.003 -9"><span class='ocrx_word' id='word_1_627' title='bbox 204 2176 260 2203; x_wconf 75' lang='grc' dir='ltr'><strong>Καὶ</strong></span> <span class='ocrx_word' id='word_1_628' title='bbox 281 2175 317 2212; x_wconf 84' lang='grc' dir='ltr'>μὴ</span> <span class='ocrx_word' id='word_1_629' title='bbox 332 2176 400 2212; x_wconf 68' lang='grc' dir='ltr'>πρὸς</span> <span class='ocrx_word' id='word_1_630' title='bbox 418 2175 453 2203; x_wconf 81' lang='grc' dir='ltr'>τὰ</span> <span class='ocrx_word' id='word_1_631' title='bbox 472 2175 569 2212; x_wconf 82' lang='grc' dir='ltr'>πρῶτά</span> <span class='ocrx_word' id='word_1_632' title='bbox 591 2184 633 2207; x_wconf 87' lang='grc' dir='ltr'><strong>τις</strong></span> <span class='ocrx_word' id='word_1_633' title='bbox 652 2176 724 2211; x_wconf 73' lang='grc' dir='ltr'><strong>ὀρῶν</strong></span> <span class='ocrx_word' id='word_1_634' title='bbox 742 2175 913 2212; x_wconf 81' lang='grc' dir='ltr'>Κυπριανοῦ,</span> <span class='ocrx_word' id='word_1_635' title='bbox 931 2177 990 2208; x_wconf 81' lang='grc' dir='ltr'>ταῖς</span> 
     </span>
    </p>
   </div>
   <div class='ocr_carea' id='block_1_82' title="bbox 205 2219 988 2256">
    <p class='ocr_par' dir='ltr' id='par_1_82' title="bbox 205 2219 988 2256">
     <span class='ocr_line' id='line_1_82' title="bbox 205 2219 988 2256; baseline 0.001 -10"><span class='ocrx_word' id='word_1_636' title='bbox 205 2219 312 2255; x_wconf 73' lang='grc' dir='ltr'>ἡδοναῖς</span> <span class='ocrx_word' id='word_1_637' title='bbox 331 2219 445 2253; x_wconf 81' lang='grc' dir='ltr'>ὲφιέτω”</span> <span class='ocrx_word' id='word_1_638' title='bbox 462 2221 518 2251; x_wconf 84' lang='grc' dir='ltr'>τοῖς</span> <span class='ocrx_word' id='word_1_639' title='bbox 541 2219 569 2246; x_wconf 85' lang='grc' dir='ltr'>δὲ</span> <span class='ocrx_word' id='word_1_640' title='bbox 585 2219 749 2256; x_wconf 79' lang='grc' dir='ltr'>τελευταίοις</span> <span class='ocrx_word' id='word_1_641' title='bbox 770 2220 988 2256; x_wconf 78' lang='grc' dir='ltr'>σωφρονιζέσθω.</span> 
     </span>
    </p>
   </div>
   <div class='ocr_carea' id='block_1_83' title="bbox 189 2256 989 2312">
    <p class='ocr_par' dir='ltr' id='par_1_83' title="bbox 189 2256 989 2312">
     <span class='ocr_line' id='line_1_83' title="bbox 189 2256 989 2312; baseline -0.001 -19"><span class='ocrx_word' id='word_1_642' title='bbox 189 2256 341 2312; x_wconf 44' lang='grc' dir='ltr'>ίίΠαρθένος</span> <span class='ocrx_word' id='word_1_643' title='bbox 354 2275 396 2298; x_wconf 88' lang='grc' dir='ltr'><strong>τις</strong></span> <span class='ocrx_word' id='word_1_644' title='bbox 412 2263 445 2301; x_wconf 81' lang='grc' dir='ltr'>ἦν</span> <span class='ocrx_word' id='word_1_645' title='bbox 462 2265 518 2301; x_wconf 77' lang='grc'><strong>(75)</strong></span> <span class='ocrx_word' id='word_1_646' title='bbox 535 2265 589 2291; x_wconf 81' lang='grc' dir='ltr'>τῶν</span> <span class='ocrx_word' id='word_1_647' title='bbox 601 2265 781 2305; x_wconf 58' lang='grc' dir='ltr'>εὐπατρίδων,</span> <span class='ocrx_word' id='word_1_648' title='bbox 797 2266 844 2292; x_wconf 82' lang='grc' dir='ltr'>καὶ</span> <span class='ocrx_word' id='word_1_649' title='bbox 858 2256 989 2301; x_wconf 81' lang='grc' dir='ltr'>κοσμίων.</span> 
     </span>
    </p>
   </div>
   <div class='ocr_carea' id='block_1_84' title="bbox 186 2317 190 2336">
    <p class='ocr_par' dir='ltr' id='par_1_84' title="bbox 186 2317 190 2336">
     <span class='ocr_line' id='line_1_84' title="bbox 186 2317 190 2336; baseline 0 0"><span class='ocrx_word' id='word_1_650' title='bbox 186 2317 190 2336; x_wconf 80' lang='lat' dir='ltr'><em>I</em></span> 
     </span>
    </p>
   </div>
   <div class='ocr_carea' id='block_1_85' title="bbox 241 2353 727 2388">
    <p class='ocr_par' dir='ltr' id='par_1_85' title="bbox 241 2353 727 2388">
     <span class='ocr_line' id='line_1_85' title="bbox 241 2353 727 2388; baseline 0 -7"><span class='ocrx_word' id='word_1_651' title='bbox 241 2354 263 2370; x_wconf 83' lang='lat'>”</span> <span class='ocrx_word' id='word_1_652' title='bbox 278 2353 289 2381; x_wconf 91' lang='grc' dir='ltr'><strong>ι</strong></span> <span class='ocrx_word' id='word_1_653' title='bbox 303 2353 374 2382; x_wconf 86' lang='lat' dir='ltr'><strong>Tim.</strong></span> <span class='ocrx_word' id='word_1_654' title='bbox 393 2353 471 2388; x_wconf 69' lang='lat' dir='ltr'><strong>t,15.</strong></span> <span class='ocrx_word' id='word_1_655' title='bbox 510 2354 532 2370; x_wconf 85' lang='grc'><strong>¹⁸</strong></span> <span class='ocrx_word' id='word_1_656' title='bbox 546 2353 640 2382; x_wconf 83' lang='lat' dir='ltr'><strong>Matth.</strong></span> <span class='ocrx_word' id='word_1_657' title='bbox 657 2362 686 2388; x_wconf 68' lang='grc' dir='ltr'>ι,</span> <span class='ocrx_word' id='word_1_658' title='bbox 700 2353 727 2381; x_wconf 81' lang='lat'><strong>5.</strong></span> 
     </span>
    </p>
   </div>
   <div class='ocr_carea' id='block_1_86' title="bbox 1078 2128 1828 2164">
    <p class='ocr_par' dir='ltr' id='par_1_86' title="bbox 1078 2128 1828 2164">
     <span class='ocr_line' id='line_1_86' title="bbox 1078 2128 1828 2164; baseline 0.001 -9"><span class='ocrx_word' id='word_1_659' title='bbox 1078 2128 1123 2155; x_wconf 78' lang='lat' dir='ltr'><strong>IX.</strong></span> <span class='ocrx_word' id='word_1_660' title='bbox 1140 2129 1180 2156; x_wconf 83' lang='lat' dir='ltr'><strong>Ad</strong></span> <span class='ocrx_word' id='word_1_661' title='bbox 1197 2129 1283 2163; x_wconf 87' lang='lat' dir='ltr'><strong>ipsum</strong></span> <span class='ocrx_word' id='word_1_662' title='bbox 1306 2132 1396 2155; x_wconf 88' lang='lat' dir='ltr'><strong>autem</strong></span> <span class='ocrx_word' id='word_1_663' title='bbox 1419 2128 1475 2163; x_wconf 87' lang='lat' dir='ltr'><strong>jam</strong></span> <span class='ocrx_word' id='word_1_664' title='bbox 1500 2129 1561 2156; x_wconf 86' lang='lat' dir='ltr'><strong>mali</strong></span> <span class='ocrx_word' id='word_1_665' title='bbox 1577 2133 1659 2164; x_wconf 91' lang='lat' dir='ltr'><strong>caput</strong></span> <span class='ocrx_word' id='word_1_666' title='bbox 1676 2136 1704 2156; x_wconf 88' lang='lat' dir='ltr'><strong>se</strong></span> <span class='ocrx_word' id='word_1_667' title='bbox 1721 2128 1828 2156; x_wconf 81' lang='lat' dir='ltr'><strong>confert</strong></span> 
     </span>
    </p>
   </div>
   <div class='ocr_carea' id='block_1_87' title="bbox 1043 2174 1828 2211">
    <p class='ocr_par' dir='ltr' id='par_1_87' title="bbox 1043 2174 1828 2211">
     <span class='ocr_line' id='line_1_87' title="bbox 1043 2174 1828 2211; baseline 0 -10"><span class='ocrx_word' id='word_1_668' title='bbox 1043 2175 1141 2201; x_wconf 86' lang='lat' dir='ltr'><strong>oratio.</strong></span> <span class='ocrx_word' id='word_1_669' title='bbox 1165 2174 1221 2201; x_wconf 86' lang='lat' dir='ltr'><strong>Nec</strong></span> <span class='ocrx_word' id='word_1_670' title='bbox 1249 2182 1314 2202; x_wconf 90' lang='lat' dir='ltr'><strong>vero</strong></span> <span class='ocrx_word' id='word_1_671' title='bbox 1340 2174 1482 2209; x_wconf 88' lang='lat' dir='ltr'><strong>quisquam</strong></span> <span class='ocrx_word' id='word_1_672' title='bbox 1506 2175 1607 2208; x_wconf 84' lang='lat' dir='ltr'><strong>primas</strong></span> <span class='ocrx_word' id='word_1_673' title='bbox 1622 2175 1684 2202; x_wconf 69' lang='lat' dir='ltr'><strong>vita:</strong></span> <span class='ocrx_word' id='word_1_674' title='bbox 1700 2175 1828 2211; x_wconf 73' lang='lat' dir='ltr'><strong>Cypriani</strong></span> 
     </span>
    </p>
   </div>
   <div class='ocr_carea' id='block_1_88' title="bbox 1044 2220 1826 2256">
    <p class='ocr_par' dir='ltr' id='par_1_88' title="bbox 1044 2220 1826 2256">
     <span class='ocr_line' id='line_1_88' title="bbox 1044 2220 1826 2256; baseline -0.001 -8"><span class='ocrx_word' id='word_1_675' title='bbox 1044 2226 1135 2256; x_wconf 85' lang='lat' dir='ltr'><strong>partes</strong></span> <span class='ocrx_word' id='word_1_676' title='bbox 1149 2221 1265 2253; x_wconf 92' lang='lat' dir='ltr'><strong>intuens,</strong></span> <span class='ocrx_word' id='word_1_677' title='bbox 1285 2220 1466 2256; x_wconf 85' lang='lat' dir='ltr'><strong>voluptatibus</strong></span> <span class='ocrx_word' id='word_1_678' title='bbox 1485 2221 1640 2255; x_wconf 81' lang='lat' dir='ltr'><strong>indulgeat;</strong></span> <span class='ocrx_word' id='word_1_679' title='bbox 1658 2229 1750 2248; x_wconf 85' lang='lat' dir='ltr'><strong>verum</strong></span> <span class='ocrx_word' id='word_1_680' title='bbox 1764 2221 1826 2248; x_wconf 79' lang='lat' dir='ltr'><strong>ulti-</strong></span> 
     </span>
    </p>
   </div>
   <div class='ocr_carea' id='block_1_89' title="bbox 1044 2267 1830 2302">
    <p class='ocr_par' dir='ltr' id='par_1_89' title="bbox 1044 2267 1830 2302">
     <span class='ocr_line' id='line_1_89' title="bbox 1044 2267 1830 2302; baseline -0.001 -7"><span class='ocrx_word' id='word_1_681' title='bbox 1044 2267 1096 2301; x_wconf 84' lang='lat' dir='ltr'><strong>tuis</strong></span> <span class='ocrx_word' id='word_1_682' title='bbox 1112 2267 1146 2295; x_wconf 85' lang='lat' dir='ltr'><strong>ad</strong></span> <span class='ocrx_word' id='word_1_683' title='bbox 1170 2267 1327 2302; x_wconf 87' lang='lat' dir='ltr'><strong>pudicitiam</strong></span> <span class='ocrx_word' id='word_1_684' title='bbox 1353 2273 1503 2295; x_wconf 87' lang='lat' dir='ltr'><strong>revocetur.</strong></span> <span class='ocrx_word' id='word_1_685' title='bbox 1531 2267 1611 2302; x_wconf 78' lang='lat' dir='ltr'><strong>Virgo</strong></span> <span class='ocrx_word' id='word_1_686' title='bbox 1628 2267 1749 2302; x_wconf 68' lang='lat' dir='ltr'><strong>qumdam</strong></span> <span class='ocrx_word' id='word_1_687' title='bbox 1771 2271 1830 2294; x_wconf 84' lang='lat' dir='ltr'><strong>erat</strong></span> 
     </span>
    </p>
   </div>
   <div class='ocr_carea' id='block_1_90' title="bbox 241 2452 987 2491">
    <p class='ocr_par' dir='ltr' id='par_1_90' title="bbox 241 2452 987 2491">
     <span class='ocr_line' id='line_1_90' title="bbox 241 2452 987 2491; baseline 0.001 -10"><span class='ocrx_word' id='word_1_688' title='bbox 241 2453 297 2491; x_wconf 76' lang='lat'><strong>(73)</strong></span> <span class='ocrx_word' id='word_1_689' title='bbox 311 2452 524 2491; x_wconf 52' lang='grc' dir='ltr'><strong>Πᾳρςιεμήλου.</strong></span> <span class='ocrx_word' id='word_1_690' title='bbox 535 2453 580 2481; x_wconf 86' lang='lat' dir='ltr'><strong>Sic</strong></span> <span class='ocrx_word' id='word_1_691' title='bbox 592 2453 675 2490; x_wconf 75' lang='lat' dir='ltr'><strong>ltegg.</strong></span> <span class='ocrx_word' id='word_1_692' title='bbox 689 2453 746 2487; x_wconf 89' lang='lat' dir='ltr'><strong>bm,</strong></span> <span class='ocrx_word' id='word_1_693' title='bbox 764 2454 811 2489; x_wconf 84' lang='lat' dir='ltr'><strong>ph.</strong></span> <span class='ocrx_word' id='word_1_694' title='bbox 824 2454 852 2482; x_wconf 87' lang='lat' dir='ltr'><strong>In</strong></span> <span class='ocrx_word' id='word_1_695' title='bbox 867 2455 911 2485; x_wconf 81' lang='lat' dir='ltr'><strong>ed.</strong></span> <span class='ocrx_word' id='word_1_696' title='bbox 923 2454 987 2482; x_wconf 89' lang='lat' dir='ltr'><strong>divi-</strong></span> 
     </span>
    </p>
   </div>
   <div class='ocr_carea' id='block_1_91' title="bbox 1041 2452 1830 2491">
    <p class='ocr_par' dir='ltr' id='par_1_91' title="bbox 1042 2453 1830 2491">
     <span class='ocr_line' id='line_1_91' title="bbox 1042 2453 1830 2491; baseline -0.001 -10"><span class='ocrx_word' id='word_1_697' title='bbox 1042 2455 1095 2481; x_wconf 84' lang='grc' dir='ltr'><strong>δων</strong></span> <span class='ocrx_word' id='word_1_698' title='bbox 1112 2455 1158 2481; x_wconf 82' lang='grc' dir='ltr'>καὶ</span> <span class='ocrx_word' id='word_1_699' title='bbox 1169 2454 1527 2491; x_wconf 33' lang='grc' dir='ltr'>κοσμιωπιμεὺπρεπὴςμὲν</span> <span class='ocrx_word' id='word_1_700' title='bbox 1546 2454 1595 2491; x_wconf 82' lang='grc' dir='ltr'>τὴν</span> <span class='ocrx_word' id='word_1_701' title='bbox 1612 2454 1686 2491; x_wconf 81' lang='grc' dir='ltr'>ὦραν</span> <span class='ocrx_word' id='word_1_702' title='bbox 1710 2453 1756 2480; x_wconf 81' lang='grc' dir='ltr'><strong>τοῦ</strong></span> 
     </span>
    </p>
   </div>
   <div class='ocr_carea' id='block_1_92' title="bbox 203 2488 482 2524">
    <p class='ocr_par' dir='ltr' id='par_1_92' title="bbox 203 2488 482 2524">
     <span class='ocr_line' id='line_1_92' title="bbox 203 2488 482 2524; baseline -0.018 -5"><span class='ocrx_word' id='word_1_703' title='bbox 203 2488 266 2523; x_wconf 70' lang='lat' dir='ltr'><strong>sim,</strong></span> <span class='ocrx_word' id='word_1_704' title='bbox 282 2488 482 2524; x_wconf 48' lang='grc' dir='ltr'>παρξάλλήλου.</span> 
     </span>
    </p>
   </div>
   <div class='ocr_carea' id='block_1_93' title="bbox 241 2523 989 2560">
    <p class='ocr_par' dir='ltr' id='par_1_93' title="bbox 241 2523 989 2560">
     <span class='ocr_line' id='line_1_93' title="bbox 241 2523 989 2560; baseline 0 -9"><span class='ocrx_word' id='word_1_705' title='bbox 241 2525 296 2560; x_wconf 65' lang='lat' dir='ltr'><strong>(7A)</strong></span> <span class='ocrx_word' id='word_1_706' title='bbox 318 2523 380 2551; x_wconf 76' lang='grc' dir='ltr'><strong>Τῶν</strong></span> <span class='ocrx_word' id='word_1_707' title='bbox 392 2524 521 2555; x_wconf 82' lang='grc' dir='ltr'>ἐκείνου,</span> <span class='ocrx_word' id='word_1_708' title='bbox 545 2527 596 2560; x_wconf 79' lang='lat' dir='ltr'><strong>etc.</strong></span> <span class='ocrx_word' id='word_1_709' title='bbox 616 2523 804 2560; x_wconf 75' lang='lat' dir='ltr'><strong>_Combelisius</strong></span> <span class='ocrx_word' id='word_1_710' title='bbox 826 2524 865 2551; x_wconf 81' lang='lat' dir='ltr'><strong>sic</strong></span> <span class='ocrx_word' id='word_1_711' title='bbox 887 2524 989 2551; x_wconf 90' lang='lat' dir='ltr'><strong>vertit:</strong></span> 
     </span>
    </p>
   </div>
   <div class='ocr_carea' id='block_1_94' title="bbox 208 2558 991 2594">
    <p class='ocr_par' dir='ltr' id='par_1_94' title="bbox 208 2558 991 2594">
     <span class='ocr_line' id='line_1_94' title="bbox 208 2558 991 2594; baseline -0.001 -7"><span class='ocrx_word' id='word_1_712' title='bbox 208 2570 218 2587; x_wconf 73' lang='grc' dir='ltr'><strong>ί</strong></span> <span class='ocrx_word' id='word_1_713' title='bbox 233 2558 410 2594; x_wconf 67' lang='grc' dir='ltr'>Ᾱτδιῐηιείοπι,</span> <span class='ocrx_word' id='word_1_714' title='bbox 422 2567 474 2592; x_wconf 89' lang='lat' dir='ltr'><strong>qua</strong></span> <span class='ocrx_word' id='word_1_715' title='bbox 486 2558 642 2594; x_wconf 82' lang='lat' dir='ltr'><strong>tnaxiineiu</strong></span> <span class='ocrx_word' id='word_1_716' title='bbox 661 2559 782 2586; x_wconf 88' lang='lat' dir='ltr'><strong>notitiam</strong></span> <span class='ocrx_word' id='word_1_717' title='bbox 797 2560 935 2587; x_wconf 90' lang='lat' dir='ltr'><strong>hominum</strong></span> <span class='ocrx_word' id='word_1_718' title='bbox 948 2567 991 2586; x_wconf 88' lang='lat' dir='ltr'><strong>ve-</strong></span> 
     </span>
    </p>
   </div>
   <div class='ocr_carea' id='block_1_95' title="bbox 206 2593 986 2629">
    <p class='ocr_par' dir='ltr' id='par_1_95' title="bbox 206 2593 986 2629">
     <span class='ocr_line' id='line_1_95' title="bbox 206 2593 986 2629; baseline -0.001 -7"><span class='ocrx_word' id='word_1_719' title='bbox 206 2599 294 2627; x_wconf 90' lang='lat' dir='ltr'><strong>nerat,</strong></span> <span class='ocrx_word' id='word_1_720' title='bbox 313 2593 414 2629; x_wconf 87' lang='lat' dir='ltr'><strong>quanto</strong></span> <span class='ocrx_word' id='word_1_721' title='bbox 431 2594 456 2620; x_wconf 92' lang='lat' dir='ltr'><strong>in</strong></span> <span class='ocrx_word' id='word_1_722' title='bbox 471 2593 530 2627; x_wconf 85' lang='lat' dir='ltr'><strong>ejus</strong></span> <span class='ocrx_word' id='word_1_723' title='bbox 549 2593 631 2629; x_wconf 73' lang='lat' dir='ltr'><strong>malis</strong></span> <span class='ocrx_word' id='word_1_724' title='bbox 644 2594 701 2621; x_wconf 61' lang='lat' dir='ltr'><strong>hate</strong></span> <span class='ocrx_word' id='word_1_725' title='bbox 718 2595 818 2628; x_wconf 77' lang='lat' dir='ltr'><strong>prunas</strong></span> <span class='ocrx_word' id='word_1_726' title='bbox 832 2594 960 2621; x_wconf 88' lang='lat' dir='ltr'><strong>tenebat?</strong></span> <span class='ocrx_word' id='word_1_727' title='bbox 977 2604 986 2621; x_wconf 85' lang='grc'><strong>›</strong></span> 
     </span>
    </p>
   </div>
   <div class='ocr_carea' id='block_1_96' title="bbox 206 2628 990 2665">
    <p class='ocr_par' dir='ltr' id='par_1_96' title="bbox 206 2628 990 2665">
     <span class='ocr_line' id='line_1_96' title="bbox 206 2628 990 2665; baseline -0.001 -9"><span class='ocrx_word' id='word_1_728' title='bbox 206 2629 342 2664; x_wconf 86' lang='lat' dir='ltr'><strong>Improbat</strong></span> <span class='ocrx_word' id='word_1_729' title='bbox 355 2628 602 2665; x_wconf 82' lang='lat' dir='ltr'><strong>interpretationem</strong></span> <span class='ocrx_word' id='word_1_730' title='bbox 620 2628 698 2659; x_wconf 85' lang='lat' dir='ltr'><strong>Biltii,</strong></span> <span class='ocrx_word' id='word_1_731' title='bbox 713 2629 756 2663; x_wconf 88' lang='lat' dir='ltr'><strong>qui</strong></span> <span class='ocrx_word' id='word_1_732' title='bbox 769 2630 823 2664; x_wconf 77' lang='grc' dir='ltr'><strong>ὅσῳ</strong></span> <span class='ocrx_word' id='word_1_733' title='bbox 840 2629 990 2665; x_wconf 81' lang='grc' dir='ltr'>δεινότερον</span> 
     </span>
    </p>
   </div>
   <div class='ocr_carea' id='block_1_97' title="bbox 205 2663 989 2699">
    <p class='ocr_par' dir='ltr' id='par_1_97' title="bbox 205 2663 989 2699">
     <span class='ocr_line' id='line_1_97' title="bbox 205 2663 989 2699; baseline -0.003 -7"><span class='ocrx_word' id='word_1_734' title='bbox 205 2663 292 2699; x_wconf 78' lang='lat' dir='ltr'><strong>jungit</strong></span> <span class='ocrx_word' id='word_1_735' title='bbox 303 2672 370 2699; x_wconf 33' lang='lat' dir='ltr'><strong>cum&quot;</strong></span> <span class='ocrx_word' id='word_1_736' title='bbox 388 2665 429 2691; x_wconf 88' lang='lat' dir='ltr'><strong>bis</strong></span> <span class='ocrx_word' id='word_1_737' title='bbox 442 2663 531 2690; x_wconf 86' lang='lat' dir='ltr'><strong>verbis</strong></span> <span class='ocrx_word' id='word_1_738' title='bbox 541 2671 601 2698; x_wconf 66' lang='lat' dir='ltr'><strong>qua:</strong></span> <span class='ocrx_word' id='word_1_739' title='bbox 614 2669 774 2697; x_wconf 80' lang='lat' dir='ltr'><strong>sequuntur,</strong></span> <span class='ocrx_word' id='word_1_740' title='bbox 790 2664 838 2691; x_wconf 79' lang='grc' dir='ltr'>καὶ</span> <span class='ocrx_word' id='word_1_741' title='bbox 853 2663 989 2699; x_wconf 74' lang='grc' dir='ltr'>ἀπληστία</span> 
     </span>
    </p>
   </div>
   <div class='ocr_carea' id='block_1_98' title="bbox 208 2698 990 2734">
    <p class='ocr_par' dir='ltr' id='par_1_98' title="bbox 208 2698 990 2734">
     <span class='ocr_line' id='line_1_98' title="bbox 208 2698 990 2734; baseline -0.003 -7"><span class='ocrx_word' id='word_1_742' title='bbox 208 2699 343 2734; x_wconf 88' lang='grc' dir='ltr'>σώματος.</span> <span class='ocrx_word' id='word_1_743' title='bbox 358 2698 385 2726; x_wconf 92' lang='lat' dir='ltr'><strong>Si</strong></span> <span class='ocrx_word' id='word_1_744' title='bbox 402 2699 562 2734; x_wconf 81' lang='lat' dir='ltr'><strong>admittatur</strong></span> <span class='ocrx_word' id='word_1_745' title='bbox 573 2699 726 2726; x_wconf 68' lang='lat' dir='ltr'><strong>tiombetisii</strong></span> <span class='ocrx_word' id='word_1_746' title='bbox 740 2698 939 2734; x_wconf 80' lang='lat' dir='ltr'><strong>interpretatio,</strong></span> <span class='ocrx_word' id='word_1_747' title='bbox 951 2701 990 2726; x_wconf 90' lang='lat' dir='ltr'><strong>sic</strong></span> 
     </span>
    </p>
   </div>
   <div class='ocr_carea' id='block_1_99' title="bbox 209 2733 991 2768">
    <p class='ocr_par' dir='ltr' id='par_1_99' title="bbox 209 2733 991 2768">
     <span class='ocr_line' id='line_1_99' title="bbox 209 2733 991 2768; baseline -0.003 -7"><span class='ocrx_word' id='word_1_748' title='bbox 209 2733 255 2762; x_wconf 85' lang='lat' dir='ltr'><strong>his</strong></span> <span class='ocrx_word' id='word_1_749' title='bbox 266 2734 525 2768; x_wconf 86' lang='lat' dir='ltr'><strong>iuterpunctiouilms</strong></span> <span class='ocrx_word' id='word_1_750' title='bbox 537 2733 724 2768; x_wconf 80' lang='lat' dir='ltr'><strong>distinguenda</strong></span> <span class='ocrx_word' id='word_1_751' title='bbox 735 2734 786 2760; x_wconf 89' lang='lat' dir='ltr'><strong>erit</strong></span> <span class='ocrx_word' id='word_1_752' title='bbox 794 2733 900 2768; x_wconf 86' lang='lat' dir='ltr'><strong>phrasis</strong></span> <span class='ocrx_word' id='word_1_753' title='bbox 911 2743 918 2761; x_wconf 88' lang='lat'><strong>:</strong></span> <span class='ocrx_word' id='word_1_754' title='bbox 931 2734 991 2760; x_wconf 86' lang='grc' dir='ltr'><strong>Τῶν</strong></span> 
     </span>
    </p>
   </div>
   <div class='ocr_carea' id='block_1_100' title="bbox 208 2768 993 2804">
    <p class='ocr_par' dir='ltr' id='par_1_100' title="bbox 208 2768 993 2804">
     <span class='ocr_line' id='line_1_100' title="bbox 208 2768 993 2804; baseline -0.001 -8"><span class='ocrx_word' id='word_1_755' title='bbox 208 2768 311 2796; x_wconf 75' lang='grc' dir='ltr'>ἐκείνου</span> <span class='ocrx_word' id='word_1_756' title='bbox 326 2769 357 2795; x_wconf 82' lang='grc' dir='ltr'><strong>τὺ</strong></span> <span class='ocrx_word' id='word_1_757' title='bbox 371 2768 592 2804; x_wconf 82' lang='grc' dir='ltr'>γνωριμώτατον,</span> <span class='ocrx_word' id='word_1_758' title='bbox 613 2768 668 2804; x_wconf 82' lang='grc' dir='ltr'><strong>ὅσῳ</strong></span> <span class='ocrx_word' id='word_1_759' title='bbox 690 2768 856 2804; x_wconf 86' lang='grc' dir='ltr'>δεινότερον;</span> <span class='ocrx_word' id='word_1_760' title='bbox 875 2770 891 2804; x_wconf 87' lang='grc' dir='ltr'>ὴ</span> <span class='ocrx_word' id='word_1_761' title='bbox 906 2769 993 2804; x_wconf 83' lang='grc' dir='ltr'>ἀπλη-</span> 
     </span>
    </p>
   </div>
   <div class='ocr_carea' id='block_1_101' title="bbox 209 2804 993 2838">
    <p class='ocr_par' dir='ltr' id='par_1_101' title="bbox 209 2804 993 2838">
     <span class='ocr_line' id='line_1_101' title="bbox 209 2804 993 2838; baseline -0.001 -7"><span class='ocrx_word' id='word_1_762' title='bbox 209 2804 281 2836; x_wconf 85' lang='grc' dir='ltr'>στία,</span> <span class='ocrx_word' id='word_1_763' title='bbox 295 2809 366 2831; x_wconf 88' lang='lat' dir='ltr'><strong>etc.:</strong></span> <span class='ocrx_word' id='word_1_764' title='bbox 382 2813 391 2829; x_wconf 77' lang='grc' dir='ltr'><strong>ι</strong></span> <span class='ocrx_word' id='word_1_765' title='bbox 408 2805 464 2837; x_wconf 75' lang='lat' dir='ltr'><strong>Qua</strong></span> <span class='ocrx_word' id='word_1_766' title='bbox 479 2809 536 2830; x_wconf 84' lang='lat' dir='ltr'><strong>arte</strong></span> <span class='ocrx_word' id='word_1_767' title='bbox 550 2805 686 2836; x_wconf 87' lang='lat' dir='ltr'><strong>etnotior,</strong></span> <span class='ocrx_word' id='word_1_768' title='bbox 701 2810 844 2838; x_wconf 84' lang='lat' dir='ltr'><strong>et.quauto</strong></span> <span class='ocrx_word' id='word_1_769' title='bbox 861 2807 895 2831; x_wconf 83' lang='lat' dir='ltr'><strong>ad</strong></span> <span class='ocrx_word' id='word_1_770' title='bbox 905 2805 993 2832; x_wconf 76' lang='lat' dir='ltr'><strong>scelus</strong></span> 
     </span>
    </p>
   </div>
   <div class='ocr_carea' id='block_1_102' title="bbox 208 2837 884 2868">
    <p class='ocr_par' dir='ltr' id='par_1_102' title="bbox 208 2837 884 2868">
     <span class='ocr_line' id='line_1_102' title="bbox 208 2837 884 2868; baseline 0 -2"><span class='ocrx_word' id='word_1_771' title='bbox 208 2838 372 2866; x_wconf 78' lang='lat' dir='ltr'><strong>immanior?</strong></span> <span class='ocrx_word' id='word_1_772' title='bbox 385 2839 425 2865; x_wconf 75' lang='lat' dir='ltr'><strong>Ad</strong></span> <span class='ocrx_word' id='word_1_773' title='bbox 443 2839 498 2866; x_wconf 71' lang='lat' dir='ltr'><strong>haac</strong></span> <span class='ocrx_word' id='word_1_774' title='bbox 514 2839 595 2866; x_wconf 91' lang='lat' dir='ltr'><strong>libido</strong></span> <span class='ocrx_word' id='word_1_775' title='bbox 608 2837 813 2868; x_wconf 46' lang='lat' dir='ltr'><strong>insatiabilis.)</strong></span> <span class='ocrx_word' id='word_1_776' title='bbox 831 2844 884 2866; x_wconf 84' lang='lat' dir='ltr'><strong>etc.</strong></span> 
     </span>
    </p>
   </div>
   <div class='ocr_carea' id='block_1_103' title="bbox 244 2871 990 2908">
    <p class='ocr_par' dir='ltr' id='par_1_103' title="bbox 244 2871 990 2908">
     <span class='ocr_line' id='line_1_103' title="bbox 244 2871 990 2908; baseline -0.001 -8"><span class='ocrx_word' id='word_1_777' title='bbox 244 2873 301 2908; x_wconf 84' lang='grc'><strong>(75)</strong></span> <span class='ocrx_word' id='word_1_778' title='bbox 316 2873 465 2908; x_wconf 78' lang='grc' dir='ltr'>Παρθένος</span> <span class='ocrx_word' id='word_1_779' title='bbox 479 2882 523 2906; x_wconf 79' lang='grc' dir='ltr'><strong>τις</strong></span> <span class='ocrx_word' id='word_1_780' title='bbox 536 2871 646 2908; x_wconf 55' lang='lat' dir='ltr'><strong>ﬁnale.</strong></span> <span class='ocrx_word' id='word_1_781' title='bbox 663 2874 692 2900; x_wconf 87' lang='lat' dir='ltr'><strong>in</strong></span> <span class='ocrx_word' id='word_1_782' title='bbox 709 2874 791 2901; x_wconf 79' lang='lat' dir='ltr'><strong>Coisl.</strong></span> <span class='ocrx_word' id='word_1_783' title='bbox 806 2875 816 2901; x_wconf 82' lang='grc'><strong>1</strong></span> <span class='ocrx_word' id='word_1_784' title='bbox 835 2879 862 2900; x_wconf 84' lang='lat' dir='ltr'><strong>et</strong></span> <span class='ocrx_word' id='word_1_785' title='bbox 873 2873 990 2905; x_wconf 68' lang='lat' dir='ltr'><strong>Hervag,</strong></span> 
     </span>
    </p>
   </div>
   <div class='ocr_carea' id='block_1_104' title="bbox 208 2908 991 2945">
    <p class='ocr_par' dir='ltr' id='par_1_104' title="bbox 208 2908 991 2945">
     <span class='ocr_line' id='line_1_104' title="bbox 208 2908 991 2945; baseline -0.001 -9"><span class='ocrx_word' id='word_1_786' title='bbox 208 2908 251 2936; x_wconf 83' lang='lat' dir='ltr'><strong>ed.</strong></span> <span class='ocrx_word' id='word_1_787' title='bbox 264 2909 303 2936; x_wconf 85' lang='lat' dir='ltr'><strong>sic</strong></span> <span class='ocrx_word' id='word_1_788' title='bbox 314 2909 420 2936; x_wconf 80' lang='lat' dir='ltr'><strong>additur</strong></span> <span class='ocrx_word' id='word_1_789' title='bbox 435 2916 442 2934; x_wconf 86' lang='lat'>:</span> <span class='ocrx_word' id='word_1_790' title='bbox 457 2909 556 2936; x_wconf 78' lang='grc' dir='ltr'>Καλλει</span> <span class='ocrx_word' id='word_1_791' title='bbox 574 2908 761 2944; x_wconf 70' lang='grc' dir='ltr'>περίϐλεπτος,</span> <span class='ocrx_word' id='word_1_792' title='bbox 785 2909 840 2935; x_wconf 85' lang='grc' dir='ltr'>τῶν</span> <span class='ocrx_word' id='word_1_793' title='bbox 852 2909 991 2945; x_wconf 71' lang='grc' dir='ltr'>εὐπατρί-</span> 
     </span>
    </p>
   </div>
   <div class='ocr_carea' id='block_1_105' title="bbox 1047 2489 1828 2525">
    <p class='ocr_par' dir='ltr' id='par_1_105' title="bbox 1047 2489 1828 2525">
     <span class='ocr_line' id='line_1_105' title="bbox 1047 2489 1828 2525; baseline 0 -10"><span class='ocrx_word' id='word_1_794' title='bbox 1047 2498 1141 2525; x_wconf 82' lang='grc' dir='ltr'>ματος.</span> <span class='ocrx_word' id='word_1_795' title='bbox 1166 2489 1272 2525; x_wconf 76' lang='grc' dir='ltr'>ζηλῳτὴ</span> <span class='ocrx_word' id='word_1_796' title='bbox 1300 2489 1328 2516; x_wconf 74' lang='grc' dir='ltr'>δὲ</span> <span class='ocrx_word' id='word_1_797' title='bbox 1346 2489 1399 2525; x_wconf 5' lang='grc' dir='ltr'>,τον</span> <span class='ocrx_word' id='word_1_798' title='bbox 1427 2489 1536 2523; x_wconf 73' lang='grc' dir='ltr'>τρόπον·</span> <span class='ocrx_word' id='word_1_799' title='bbox 1563 2489 1612 2525; x_wconf 81' lang='grc' dir='ltr'><strong>τὴν</strong></span> <span class='ocrx_word' id='word_1_800' title='bbox 1642 2489 1696 2524; x_wconf 79' lang='grc' dir='ltr'><strong>γὰρ</strong></span> <span class='ocrx_word' id='word_1_801' title='bbox 1723 2489 1828 2524; x_wconf 67' lang='grc' dir='ltr'>μορφὴν</span> 
     </span>
    </p>
   </div>
   <div class='ocr_carea' id='block_1_106' title="bbox 1043 2522 1828 2560">
    <p class='ocr_par' dir='ltr' id='par_1_106' title="bbox 1043 2522 1828 2560">
     <span class='ocr_line' id='line_1_106' title="bbox 1043 2522 1828 2560; baseline -0.001 -9"><span class='ocrx_word' id='word_1_802' title='bbox 1043 2522 1200 2559; x_wconf 78' lang='grc' dir='ltr'>ἀξιέραστος</span> <span class='ocrx_word' id='word_1_803' title='bbox 1216 2522 1323 2560; x_wconf 71' lang='grc' dir='ltr'>ἦν,’καὶ</span> <span class='ocrx_word' id='word_1_804' title='bbox 1337 2524 1425 2560; x_wconf 80' lang='grc' dir='ltr'>ψυχῆς</span> <span class='ocrx_word' id='word_1_805' title='bbox 1435 2522 1533 2560; x_wconf 74' lang='grc' dir='ltr'>ἀρετὴν</span> <span class='ocrx_word' id='word_1_806' title='bbox 1547 2522 1728 2560; x_wconf 50' lang='grc' dir='ltr'>ἀξιᾶγαστοςς</span> <span class='ocrx_word' id='word_1_807' title='bbox 1738 2522 1828 2550; x_wconf 75' lang='grc' dir='ltr'>Ταῦτα.</span> 
     </span>
    </p>
   </div>
   <div class='ocr_carea' id='block_1_107' title="bbox 1042 2559 1827 2601">
    <p class='ocr_par' dir='ltr' id='par_1_107' title="bbox 1042 2559 1827 2601">
     <span class='ocr_line' id='line_1_107' title="bbox 1042 2559 1827 2601; baseline -0.001 -15"><span class='ocrx_word' id='word_1_808' title='bbox 1042 2560 1097 2601; x_wconf 68' lang='grc' dir='ltr'><strong>γὰρ</strong></span> <span class='ocrx_word' id='word_1_809' title='bbox 1117 2560 1134 2594; x_wconf 87' lang='grc' dir='ltr'>ἠ</span> <span class='ocrx_word' id='word_1_810' title='bbox 1150 2559 1232 2601; x_wconf 78' lang='grc' dir='ltr'>φήμη</span> <span class='ocrx_word' id='word_1_811' title='bbox 1244 2559 1460 2601; x_wconf 46' lang='grc' dir='ltr'>διηγγελλει⁷καὶ⁷</span> <span class='ocrx_word' id='word_1_812' title='bbox 1475 2560 1520 2601; x_wconf 73' lang='grc' dir='ltr'><strong>τὸν</strong></span> <span class='ocrx_word' id='word_1_813' title='bbox 1532 2560 1639 2601; x_wconf 57' lang='grc' dir='ltr'>νεανίας(</span> <span class='ocrx_word' id='word_1_814' title='bbox 1656 2559 1827 2601; x_wconf 60' lang='grc' dir='ltr'>ἐξέπληττεν,</span> 
     </span>
    </p>
   </div>
   <div class='ocr_carea' id='block_1_108' title="bbox 1042 2594 1828 2630">
    <p class='ocr_par' dir='ltr' id='par_1_108' title="bbox 1042 2594 1828 2630">
     <span class='ocr_line' id='line_1_108' title="bbox 1042 2594 1828 2630; baseline -0.001 -9"><span class='ocrx_word' id='word_1_815' title='bbox 1042 2594 1147 2630; x_wconf 85' lang='grc' dir='ltr'>ὁρῶντα</span> <span class='ocrx_word' id='word_1_816' title='bbox 1163 2595 1212 2630; x_wconf 82' lang='grc' dir='ltr'>μὲν</span> <span class='ocrx_word' id='word_1_817' title='bbox 1223 2594 1321 2625; x_wconf 77' lang='grc' dir='ltr'>κάλλος</span> <span class='ocrx_word' id='word_1_818' title='bbox 1335 2594 1461 2626; x_wconf 78' lang='grc' dir='ltr'>ἐξαίσιον,</span> <span class='ocrx_word' id='word_1_819' title='bbox 1475 2595 1607 2621; x_wconf 83' lang='grc' dir='ltr'>ἀκούοντα</span> <span class='ocrx_word' id='word_1_820' title='bbox 1614 2594 1642 2620; x_wconf 80' lang='grc' dir='ltr'>δὲ</span> <span class='ocrx_word' id='word_1_821' title='bbox 1652 2594 1750 2629; x_wconf 77' lang='grc' dir='ltr'>τρόπον</span> <span class='ocrx_word' id='word_1_822' title='bbox 1765 2594 1828 2630; x_wconf 56' lang='lat' dir='ltr'><strong>squi-</strong></span> 
     </span>
    </p>
   </div>
   <div class='ocr_carea' id='block_1_109' title="bbox 1045 2628 1825 2665">
    <p class='ocr_par' dir='ltr' id='par_1_109' title="bbox 1045 2628 1825 2665">
     <span class='ocr_line' id='line_1_109' title="bbox 1045 2628 1825 2665; baseline 0 -9"><span class='ocrx_word' id='word_1_823' title='bbox 1045 2628 1146 2665; x_wconf 79' lang='grc' dir='ltr'>μιλλον.</span> <span class='ocrx_word' id='word_1_824' title='bbox 1163 2628 1305 2661; x_wconf 56' lang='lat' dir='ltr'><strong>&quot;Amnis-:5,</strong></span> <span class='ocrx_word' id='word_1_825' title='bbox 1321 2630 1459 2665; x_wconf 76' lang='grc' dir='ltr'>παρθένοι.</span> <span class='ocrx_word' id='word_1_826' title='bbox 1473 2634 1525 2656; x_wconf 88' lang='lat' dir='ltr'><strong>etc.</strong></span> <span class='ocrx_word' id='word_1_827' title='bbox 1544 2637 1551 2655; x_wconf 86' lang='lat'><strong>:</strong></span> <span class='ocrx_word' id='word_1_828' title='bbox 1567 2639 1576 2655; x_wconf 72' lang='grc' dir='ltr'><strong>ι</strong></span> <span class='ocrx_word' id='word_1_829' title='bbox 1602 2628 1682 2663; x_wconf 82' lang='lat' dir='ltr'><strong>Virgo</strong></span> <span class='ocrx_word' id='word_1_830' title='bbox 1703 2628 1825 2662; x_wconf 66' lang='lat' dir='ltr'><strong>quaedam</strong></span> 
     </span>
    </p>
   </div>
   <div class='ocr_carea' id='block_1_110' title="bbox 1043 2664 1828 2699">
    <p class='ocr_par' dir='ltr' id='par_1_110' title="bbox 1043 2664 1828 2699">
     <span class='ocr_line' id='line_1_110' title="bbox 1043 2664 1828 2699; baseline -0.004 -7"><span class='ocrx_word' id='word_1_831' title='bbox 1043 2671 1104 2692; x_wconf 86' lang='lat' dir='ltr'><strong>erat</strong></span> <span class='ocrx_word' id='word_1_832' title='bbox 1120 2665 1318 2699; x_wconf 85' lang='lat' dir='ltr'><strong>pulchritudine</strong></span> <span class='ocrx_word' id='word_1_833' title='bbox 1329 2664 1470 2699; x_wconf 55' lang='grc' dir='ltr'>ειιςυιιοτθ</span> <span class='ocrx_word' id='word_1_834' title='bbox 1480 2665 1603 2699; x_wconf 79' lang='lat' dir='ltr'><strong>insignis,</strong></span> <span class='ocrx_word' id='word_1_835' title='bbox 1615 2664 1741 2698; x_wconf 84' lang='lat' dir='ltr'><strong>ingenua,</strong></span> <span class='ocrx_word' id='word_1_836' title='bbox 1757 2671 1828 2698; x_wconf 61' lang='lat' dir='ltr'><strong>prte-</strong></span> 
     </span>
    </p>
   </div>
   <div class='ocr_carea' id='block_1_111' title="bbox 1044 2699 1826 2733">
    <p class='ocr_par' dir='ltr' id='par_1_111' title="bbox 1044 2699 1826 2733">
     <span class='ocr_line' id='line_1_111' title="bbox 1044 2699 1826 2733; baseline -0.001 -8"><span class='ocrx_word' id='word_1_837' title='bbox 1044 2702 1127 2727; x_wconf 84' lang='lat' dir='ltr'><strong>stanti</strong></span> <span class='ocrx_word' id='word_1_838' title='bbox 1137 2700 1259 2733; x_wconf 88' lang='lat' dir='ltr'><strong>corporis</strong></span> <span class='ocrx_word' id='word_1_839' title='bbox 1273 2699 1369 2731; x_wconf 87' lang='lat' dir='ltr'><strong>forma,</strong></span> <span class='ocrx_word' id='word_1_840' title='bbox 1387 2700 1422 2726; x_wconf 87' lang='lat' dir='ltr'><strong>ob</strong></span> <span class='ocrx_word' id='word_1_841' title='bbox 1437 2707 1541 2726; x_wconf 91' lang='lat' dir='ltr'><strong>morum</strong></span> <span class='ocrx_word' id='word_1_842' title='bbox 1557 2699 1744 2726; x_wconf 85' lang='lat' dir='ltr'><strong>excellentiam</strong></span> <span class='ocrx_word' id='word_1_843' title='bbox 1763 2699 1826 2725; x_wconf 90' lang='lat' dir='ltr'><strong>imi-</strong></span> 
     </span>
    </p>
   </div>
   <div class='ocr_carea' id='block_1_112' title="bbox 1047 2733 1829 2769">
    <p class='ocr_par' dir='ltr' id='par_1_112' title="bbox 1047 2733 1829 2769">
     <span class='ocr_line' id='line_1_112' title="bbox 1047 2733 1829 2769; baseline -0.001 -8"><span class='ocrx_word' id='word_1_844' title='bbox 1047 2735 1147 2762; x_wconf 85' lang='lat' dir='ltr'><strong>tatione</strong></span> <span class='ocrx_word' id='word_1_845' title='bbox 1157 2735 1247 2769; x_wconf 80' lang='lat' dir='ltr'><strong>digna.</strong></span> <span class='ocrx_word' id='word_1_846' title='bbox 1268 2734 1365 2761; x_wconf 85' lang='lat' dir='ltr'><strong>Forma</strong></span> <span class='ocrx_word' id='word_1_847' title='bbox 1379 2741 1494 2768; x_wconf 89' lang='lat' dir='ltr'><strong>namque</strong></span> <span class='ocrx_word' id='word_1_848' title='bbox 1505 2738 1573 2769; x_wconf 12' lang='lat' dir='ltr'><strong>ierat</strong></span> <span class='ocrx_word' id='word_1_849' title='bbox 1587 2733 1721 2764; x_wconf 71' lang='lat' dir='ltr'><strong>mutabilis,</strong></span> <span class='ocrx_word' id='word_1_850' title='bbox 1743 2734 1829 2764; x_wconf 74' lang='lat' dir='ltr'><strong>animi</strong></span> 
     </span>
    </p>
   </div>
   <div class='ocr_carea' id='block_1_113' title="bbox 1045 2768 1828 2803">
    <p class='ocr_par' dir='ltr' id='par_1_113' title="bbox 1045 2768 1828 2803">
     <span class='ocr_line' id='line_1_113' title="bbox 1045 2768 1828 2803; baseline -0.001 -7"><span class='ocrx_word' id='word_1_851' title='bbox 1045 2775 1133 2797; x_wconf 83' lang='lat' dir='ltr'><strong>autent</strong></span> <span class='ocrx_word' id='word_1_852' title='bbox 1149 2768 1247 2796; x_wconf 86' lang='lat' dir='ltr'><strong>virtute</strong></span> <span class='ocrx_word' id='word_1_853' title='bbox 1269 2769 1345 2803; x_wconf 77' lang='lat' dir='ltr'><strong>longe</strong></span> <span class='ocrx_word' id='word_1_854' title='bbox 1372 2768 1563 2796; x_wconf 83' lang='lat' dir='ltr'><strong>admirabilior.</strong></span> <span class='ocrx_word' id='word_1_855' title='bbox 1588 2769 1650 2795; x_wconf 62' lang='lat' dir='ltr'><strong>llaic</strong></span> <span class='ocrx_word' id='word_1_856' title='bbox 1668 2769 1737 2794; x_wconf 81' lang='lat' dir='ltr'><strong>fama</strong></span> <span class='ocrx_word' id='word_1_857' title='bbox 1758 2776 1828 2795; x_wconf 85' lang='lat' dir='ltr'><strong>nun-</strong></span> 
     </span>
    </p>
   </div>
   <div class='ocr_carea' id='block_1_114' title="bbox 1047 2803 1829 2837">
    <p class='ocr_par' dir='ltr' id='par_1_114' title="bbox 1047 2803 1829 2837">
     <span class='ocr_line' id='line_1_114' title="bbox 1047 2803 1829 2837; baseline 0.003 -7"><span class='ocrx_word' id='word_1_858' title='bbox 1047 2805 1138 2832; x_wconf 83' lang='lat' dir='ltr'><strong>tiabat.</strong></span> <span class='ocrx_word' id='word_1_859' title='bbox 1171 2803 1318 2831; x_wconf 80' lang='lat' dir='ltr'><strong>Confestim</strong></span> <span class='ocrx_word' id='word_1_860' title='bbox 1340 2803 1466 2837; x_wconf 86' lang='lat' dir='ltr'><strong>juvenem</strong></span> <span class='ocrx_word' id='word_1_861' title='bbox 1490 2804 1632 2835; x_wconf 73' lang='lat' dir='ltr'><strong>sauciavit,</strong></span> <span class='ocrx_word' id='word_1_862' title='bbox 1649 2803 1694 2837; x_wconf 91' lang='lat' dir='ltr'><strong>qui</strong></span> <span class='ocrx_word' id='word_1_863' title='bbox 1714 2803 1829 2832; x_wconf 86' lang='lat' dir='ltr'><strong>fortnam</strong></span> 
     </span>
    </p>
   </div>
   <div class='ocr_carea' id='block_1_115' title="bbox 1046 2838 1829 2874">
    <p class='ocr_par' dir='ltr' id='par_1_115' title="bbox 1046 2838 1829 2874">
     <span class='ocr_line' id='line_1_115' title="bbox 1046 2838 1829 2874; baseline -0.005 -8"><span class='ocrx_word' id='word_1_864' title='bbox 1046 2840 1110 2866; x_wconf 87' lang='lat' dir='ltr'><strong>nulli</strong></span> <span class='ocrx_word' id='word_1_865' title='bbox 1128 2847 1218 2874; x_wconf 88' lang='lat' dir='ltr'><strong>parem</strong></span> <span class='ocrx_word' id='word_1_866' title='bbox 1232 2839 1431 2873; x_wconf 77' lang='lat' dir='ltr'><strong>conspiciebat;</strong></span> <span class='ocrx_word' id='word_1_867' title='bbox 1447 2845 1536 2865; x_wconf 86' lang='lat' dir='ltr'><strong>verum</strong></span> <span class='ocrx_word' id='word_1_868' title='bbox 1556 2847 1617 2865; x_wconf 87' lang='lat' dir='ltr'><strong>cum</strong></span> <span class='ocrx_word' id='word_1_869' title='bbox 1639 2838 1749 2873; x_wconf 76' lang='lat' dir='ltr'><strong>paribus</strong></span> <span class='ocrx_word' id='word_1_870' title='bbox 1763 2847 1829 2865; x_wconf 66' lang='lat' dir='ltr'><strong>con.</strong></span> 
     </span>
    </p>
   </div>
   <div class='ocr_carea' id='block_1_116' title="bbox 1043 2873 1809 2909">
    <p class='ocr_par' dir='ltr' id='par_1_116' title="bbox 1043 2873 1809 2909">
     <span class='ocr_line' id='line_1_116' title="bbox 1043 2873 1809 2909; baseline -0.003 -7"><span class='ocrx_word' id='word_1_871' title='bbox 1043 2874 1162 2909; x_wconf 77' lang='lat' dir='ltr'><strong>junctam</strong></span> <span class='ocrx_word' id='word_1_872' title='bbox 1177 2874 1298 2902; x_wconf 80' lang='lat' dir='ltr'><strong>moribus</strong></span> <span class='ocrx_word' id='word_1_873' title='bbox 1314 2873 1449 2901; x_wconf 90' lang='lat' dir='ltr'><strong>audiebat.</strong></span> <span class='ocrx_word' id='word_1_874' title='bbox 1464 2874 1569 2908; x_wconf 72' lang='lat' dir='ltr'><strong>Audite,</strong></span> <span class='ocrx_word' id='word_1_875' title='bbox 1587 2874 1714 2909; x_wconf 81' lang='lat' dir='ltr'><strong>virgines,</strong></span> <span class='ocrx_word' id='word_1_876' title='bbox 1731 2882 1741 2900; x_wconf 66' lang='grc' dir='ltr'><em>θ</em></span> <span class='ocrx_word' id='word_1_877' title='bbox 1757 2879 1809 2901; x_wconf 89' lang='lat' dir='ltr'><strong>etc.</strong></span> 
     </span>
    </p>
   </div>
  </div>
