2060 3140
235 184 304 212 M79

833 189 863 216 S.
886 186 1048 216 GREGORII
1068 185 1238 214 THEOLOGI

1783 187 1848 215 “80
1874 216 1877 219 ,

236 242 351 276 patricio
369 249 469 277 genere
484 247 555 273 nata,
571 243 743 277 honestisque
756 245 878 272 moribus
895 245 1017 279 praedita.

1080 243 1216 274 Ἀκούετε,
1242 241 1380 277 παρθένοι,
1404 242 1450 268 καὶ
1475 243 1689 277 συναγάλλεσοε,
1706 244 1803 279 μᾶλλον
1821 245 1849 271 δὲ
1878 236 1879 270 ι

234 288 342 319 Audite.
368 288 496 322 virgines,
519 296 551 315 ac
574 289 652 315 simul
679 290 825 324 exsultate,
854 291 908 316 imo
932 291 1014 318 etiam

234 341 401 367 quaecunque
422 334 575 366 pudicitiam
593 334 618 361 in
633 335 817 367 matrimonio,
833 341 863 363 et
879 337 1014 370 pudicitia:

235 383 356 406 amantes
373 378 476 406 colitis:
498 387 559 406 nam
573 381 694 412 utrisque
709 382 842 408 communi
856 387 1017 409 ornamento

235 429 276 450 est
295 424 345 451 ista
361 424 490 452 narratio.
521 424 601 459 Virgo
621 426 676 452 lure
694 425 778 453 forma
801 432 862 454 erat
889 435 1015 462 perquam

234 469 338 496 liberali
361 473 389 496 et
410 470 528 505 egregia.
545 471 659 498 Accinat
675 471 738 499 huic
751 473 890 500 nobiscum
907 473 990 500 David
1008 482 1016 500 -.

235 514 327 541 Omnis
353 515 436 548 gloria
461 516 525 549 ﬁlia:
544 517 610 551 regis
631 517 663 542 ab
684 518 754 544 intus
772 518 805 550 ",
832 525 896 545 vera
917 518 1015 546 Christi

233 568 344 593 sponsa.
363 561 537 596 pulchritudo
555 563 703 594 recondita,
728 564 786 590 viva
804 568 904 597 statua,
931 565 1017 592 dona-

234 606 304 632 rium
320 607 466 641 sacrilegas
489 616 585 634 manus
605 616 657 635 non
676 614 809 640 metuens.
829 610 920 637 latium
945 611 1018 638 inac-

235 658 352 683 cessum.
384 652 479 680 hortus
500 653 660 684 conclusus.
696 655 757 682 fons
782 656 904 688 signatus
931 656 955 672 ⁸³
978 658 1019 688 (ιιι

234 697 365 725 Salomon.
377 706 484 733 quoque
500 699 600 732 aliquid
624 701 674 734 ipsi
696 701 823 733 accinat),
847 701 896 728 soli
912 701 1018 728 Christo

232 748 349 770 servata.
368 743 478 778 Magnus
505 744 663 780 Cyprianus,
692 747 772 777 unde,
797 751 827 773 et
848 754 902 780 quo
921 747 1010 780 modo.

235 788 305 814 haud
321 788 387 820 scio,
412 789 491 823 hujus
514 790 627 824 virginis
648 791 720 817 omni
741 798 774 817 ex
792 795 866 824 parte
883 795 958 822 tute,
985 798 1018 818 ac

234 841 338 861 morum
361 835 494 868 gravitate
511 836 629 869 prmdita:
647 843 740 863 amore
757 841 854 871 captus
869 841 920 864 est.
949 833 1016 864 Nam

233 885 363 912 procaces
386 885 414 906 et
437 879 508 906 avidi
532 880 613 912 oculi,
636 887 667 907 ea
684 881 776 913 etiam,
795 888 855 915 qua:
884 881 1017 916 attingere

1069 289 1116 315 καὶ
1128 289 1182 315 τῶν
1204 288 1256 314 ὑπὸ
1277 287 1357 322 ζυγὸν
1381 289 1441 314 ὅσαι
1462 288 1598 324 σώφρονές
1623 298 1652 316 τε
1675 290 1722 316 καὶ
1738 290 1850 324 φιλοσώ-

1069 343 1165 370 φρονες
1184 334 1239 369 (76)
1251 342 1257 348 ⁸
1274 333 1362 360 κοινὸν
1376 334 1430 369 γὰρ
1448 334 1614 370 ἀμφοτέραις
1629 335 1808 370 καλλώπισμα
1820 336 1850 363 τὸ
1875 332 1879 362 ί

1067 380 1197 414 διήγημα.
1222 379 1276 405 Καὶ
1301 379 1318 414 ἡ
1347 379 1481 414 παρθένος
1499 379 1567 414 καλὴ
1591 380 1629 415 τῷ
1653 381 1717 407 εῖδει
1733 381 1848 417 σφόδρα·

1068 425 1225 460 προσᾳδὲτω
1241 425 1326 461 ταύτῃ
1346 425 1405 460 μεθ⁴
1420 425 1499 460 ἡμῶν
1511 426 1526 451 ὁ
1541 425 1611 458 θεῖος
1625 427 1714 458 Δαϐὶδ,
1730 427 1815 454 Πᾶσα
1828 429 1848 461 ἠ

1067 471 1153 503 δόξω,
1171 470 1274 504 λέγων,
1291 470 1346 504 τῆς
1365 471 1509 505 θυγατρὸς
1525 471 1577 498 τοῦ
1597 472 1750 504 βασιλέως
1773 473 1848 500 ἐσω-

1068 517 1138 545 θεν.
1170 515 1261 550 νύμφη
1290 515 1406 550 Χριστοῦ
1439 516 1555 551 γνησία,
1584 516 1681 548 κάλλος
1709 517 1848 550 ἀπόθετον,

1067 560 1176 596 ἄγαλμα
1193 561 1323 596 ἔμψυχον,
1346 560 1474 596 ἀνάθημα
1495 561 1592 589 ἄσυλον
1603 581 1610 594 ,
1630 562 1744 597 τέμενος
1757 563 1851 589 ἀνεπί-

1069 603 1164 634 ϐατον,
1189 604 1274 638 κῆπος
1302 605 1511 639 κεκλεισμένος,
1542 607 1617 641 πηγὴ
1646 607 1849 643 ἐσφραγισμένη

1069 650 1078 684 (
1089 649 1243 685 προσᾳδὲτω
1256 650 1309 685 γάρ
1322 659 1348 677 τι
1364 651 1411 677 καὶ
1428 650 1552 685 Σολομὼν
1562 652 1582 685 ).
1598 653 1670 687 μόνῳ
1682 653 1791 688 Χριστῷ
1803 662 1852 688 τη-

1070 697 1198 731 ρουμένη.
1216 697 1324 733 Ταύτης
1342 698 1356 723 ὁ
1378 698 1466 733 μέγας
1485 699 1542 734 ἥλω
1557 701 1722 735 Κυπριανδς,
1737 701 1785 727 οὐκ
1801 699 1849 728 οἶδ’

1067 741 1133 768 ὅθεν
1142 742 1187 768 καὶ
1200 742 1283 774 ὅπως,
1294 742 1344 776 τῆς
1356 743 1444 770 πάντα
1454 744 1590 778 ἀσφαλοῦς
1600 746 1646 772 καὶ
1659 746 1773 780 κοσμίας
1783 746 1850 781 (77).

1069 786 1191 813 Ψαύουσι
1204 787 1258 823 γὰρ
1275 787 1410 822 ὀφθαλμοὶ
1424 788 1508 824 λίχνοι
1521 791 1567 816 καὶ
1579 791 1632 816 τῶν
1646 791 1805 825 ἀψαύστων,
1822 793 1852 819 τὺ

1069 830 1279 866 προχειρότατον
1293 831 1417 865 ὀργάνων
1433 833 1489 867 (78)
1506 834 1553 860 καὶ
1569 833 1782 869 ἀπληστότατον.
1799 835 1852 861 Καὶ

1067 877 1117 910 οὐχ
1128 877 1185 911 ἥλω
1201 876 1288 912 μόνον,
1300 877 1367 903 ἀλλὰ
1382 878 1428 903 καὶ
1439 878 1545 913 ἐπείρα.
1563 879 1594 904 Ὢ
1605 879 1656 914 τῆς
1668 879 1793 914 εὐηθείας
1802 901 1809 911 ,
1828 881 1853 906 εί

235 923 311 951 nefas
336 928 399 956 est,
427 925 580 958 attingunt,
617 932 749 959 organum
776 933 872 959 nempe
898 926 1017 953 omnium

1073 922 1171 957 ταύτην
1196 922 1320 958 συλήσειν
1337 923 1434 957 ἧλπιζε
1446 943 1453 954 ,
1470 924 1570 958 μᾶλλον
1591 924 1619 950 δὲ
1643 924 1693 958 τῆς
1710 925 1854 959 ἀναισχυν-

235 969 465 1002 promptissimum
494 974 574 1003 atque
607 970 802 997 avidissimum.
833 970 887 997 Nec
915 975 1017 997 tantum

235 1019 331 1048 captus
355 1019 408 1047 est.
425 1016 472 1042 sed
495 1015 556 1050 ejus
572 1023 680 1049 quoque
699 1016 856 1050 pudicitiam
885 1016 1016 1044 tentabat.

236 1058 258 1085 0
272 1059 436 1091 singularem
451 1060 592 1087 stultitiam
603 1060 616 1093 ,⁸
628 1061 650 1087 si
666 1061 775 1095 quidem
791 1061 910 1088 futurum
926 1069 1019 1095 spera-

236 1103 293 1134 bat,
309 1107 337 1130 ut
348 1111 408 1130 eam
434 1105 580 1139 diriperet,
596 1105 637 1131 vel
652 1106 749 1139 potius.
764 1113 781 1133 ο
795 1106 929 1140 ingentem
946 1106 1018 1134 illius

236 1148 447 1182 impudentiam,
475 1150 520 1184 qui
544 1158 588 1177 res
612 1150 768 1184 huiusmodi
787 1151 914 1183 audebat.
939 1157 1020 1186 atque

237 1194 270 1220 ad
293 1194 445 1222 audendum
459 1196 629 1230 impellebat!
651 1197 697 1224 ille
713 1197 793 1223 etiam
812 1197 838 1224 in
865 1198 1019 1232 paradisum

236 1239 366 1266 adversus
388 1247 460 1272 eum,
477 1240 522 1274 qui
550 1241 653 1274 primus
677 1239 778 1267 edictus
803 1244 860 1273 est,
889 1240 922 1267 ab
941 1240 1019 1267 initio

237 1285 345 1319 irrepsit
358 1285 397 1312 "z
412 1290 439 1312 et
459 1286 562 1313 medius
580 1286 650 1313 inter
662 1285 771 1321 angelos
785 1290 848 1318 stat,
875 1285 972 1312 Jobum
987 1285 1021 1312 ad

236 1331 383 1358 cruciatum
410 1331 558 1365 deposcens
589 1332 633 1358 “:
651 1339 682 1358 ac
707 1337 844 1366 postremo
878 1331 1020 1358 Dominum

239 1376 336 1410 ipsum,
366 1377 412 1411 qui
438 1385 500 1403 eum
523 1384 707 1411 oppressurus
719 1381 746 1403 et
769 1382 856 1404 morte
875 1376 1019 1404 aﬂ'ccturus

236 1427 308 1453 erat,
325 1421 425 1448 adoriri
442 1429 494 1448 non
511 1421 627 1454 dubitat,
643 1422 732 1456 eique,
742 1421 787 1456 qui
802 1421 866 1449 nulli
879 1422 1019 1449 tentatioui

238 1467 371 1494 obnoxius
396 1472 448 1498 est,
482 1467 659 1494 tentationem
679 1467 804 1494 admovet
831 1467 853 1483 "
882 1468 1025 1502 (quoniam

1071 967 1132 998 τίας
1158 966 1204 993 τοῦ
1221 967 1255 993 τὰ
1278 967 1391 995 τοιαῦτα
1405 968 1557 1003 τολμῶντος
1571 977 1599 994 τε
1615 969 1663 995 καὶ
1679 969 1778 1004 τολμᾷν
1795 969 1855 995 πεί-

1071 1011 1163 1044 θοντος
1177 1013 1183 1038 l
1206 1013 1323 1045 Ἐκεῖνος
1335 1014 1382 1040 κα).
1397 1015 1437 1046 είς
1460 1014 1505 1040 τὸν
1523 1015 1683 1050 παράδεισον
1705 1016 1751 1042 ἀπ’
1766 1015 1854 1050 ἀρχῆς

1070 1058 1172 1092 παρέδυ
1187 1058 1242 1093 (79)
1256 1060 1327 1086 κατὰ
1342 1059 1388 1086 τοῦ
1403 1059 1511 1094 πρώτου
1525 1060 1698 1095 πλάσματος·
1715 1061 1761 1087 καὶ
1774 1061 1855 1095 μέσος

1069 1103 1191 1136 ἀγγέλων
1207 1103 1314 1130 ἵσταται
1329 1104 1374 1130 τὸν
1399 1104 1458 1130 Ἰὼϐ
1473 1103 1636 1139 ἐξαιτήσωψ
1651 1105 1698 1132 καὶ
1717 1105 1748 1131 τὸ
1763 1106 1856 1131 τελευ-

1069 1151 1154 1180 ταῖον.
1172 1151 1230 1176 κατ’
1245 1150 1327 1177 αὐτοῦ
1343 1151 1430 1186 τολμᾷ
1449 1151 1496 1178 τοῦ
1511 1152 1645 1178 Δεσπότου
1655 1172 1662 1184 ,
1677 1152 1724 1178 τοῦ
1739 1152 1857 1178 καταλύ-

1070 1203 1161 1227 σοντος
1181 1195 1235 1230 (80)
1258 1196 1342 1223 αὑτὸν
1366 1198 1412 1224 καὶ
1439 1196 1659 1229 θανατώσοντος,
1687 1198 1733 1224 καὶ⁵
1759 1199 1856 1232 πεῖραν

1069 1241 1201 1275 προσάγει
1214 1240 1253 1276 τῷ
1263 1241 1420 1276 ἀπειράστῳ
1434 1241 1539 1277 (ἐπειδὴ
1559 1241 1682 1276 δεύτερον
1704 1242 1789 1276 ’Δδὰμ
1802 1240 1855 1268 εἶδε

1071 1286 1118 1312 τοῦ
1141 1286 1209 1312 Θεοῦ
1235 1287 1265 1313 τὸ
1288 1287 1474 1322 φαινόμενον),
1489 1288 1528 1323 ὡς
1554 1288 1600 1314 καὶ
1618 1288 1712 1314 τοῦτον
1736 1296 1858 1315 καταπα-

1069 1331 1179 1358 λαίσων.
1198 1332 1303 1366 Ἢγνόει
1315 1332 1379 1368 γὰρ.
1392 1333 1432 1359 ὅτι
1445 1330 1632 1368 περιπεσεῖται
1645 1333 1761 1368 θεὸτητι,
1774 1341 1859 1367 προσ-

1070 1377 1181 1412 δραμὼν
1201 1377 1399 1412 ἀνθρωπύτητι.
1417 1378 1448 1403 Τί
1464 1376 1510 1404 οὖν
1525 1377 1693 1412 θαυμαστὸν.
1715 1379 1738 1404 εί
1754 1378 1800 1403 καὶ
1813 1377 1857 1404 διὰ

1075 1421 1235 1457 Κυπριανοῦ
1249 1423 1376 1457 πειρᾶται
1397 1422 1446 1457 τῆς
1462 1421 1543 1456 ἁγίας
1560 1423 1615 1457 (8t)
1629 1422 1728 1457 ψυχῆς.
1747 1422 1795 1448 καὶ
1809 1421 1857 1448 τοῦ

1073 1467 1212 1501 ἀνεπάφου
1226 1466 1351 1502 σώματος
1359 1476 1367 1500 ;

239 1512 531 1542 alterum,iue1terua
548 1512 592 1539 Dei
611 1512 690 1543 facie.
723 1511 812 1547 443
845 1511 976 1539 Adamum
1010 1512 1148 1547 videbat),
1167 1512 1243 1547 quasi
1275 1513 1361 1547 ipsum
1383 1520 1489 1548 quoque
1507 1518 1691 1548 superaturus.
1718 1512 1860 1541 Nesciebat

239 1558 309 1585 enim
327 1558 384 1585 l'ore
405 1563 434 1584 ut
454 1559 646 1586 humanitatem
667 1566 829 1594 aggressus,
855 1559 881 1585 in
908 1559 1072 1585 divinitatem
1090 1558 1309 1592 incideret.Quid
1341 1559 1420 1594 igitur
1437 1560 1544 1592 mirum,
1559 1559 1580 1587 si
1614 1559 1671 1593 ipse
1701 1559 1781 1586 etiam
1811 1566 1860 1593 per

239 1603 401 1638 Cyprianum
418 1609 537 1631 sanctam
551 1604 679 1636 animam,
693 1604 912 1638 atqueintactum
926 1611 1022 1637 corpus
1042 1603 1212 1638 aggreditur?

280 1647 313 1675 Χ.
335 1648 468 1675 Caeterum
498 1648 554 1681 ipse
577 1648 683 1682 quidem
711 1655 771 1675 eam
796 1647 971 1678 sollicitabat,
992 1655 1020 1674 ac

1110 1649 1136 1674 l’.
1153 1647 1225 1683 Πλὴν
1240 1649 1259 1674 ὁ.
1278 1649 1327 1683 μὲν
1343 1648 1440 1684 ἐπείρα
1450 1669 1458 1680 .
1471 1649 1518 1675 καὶ
1533 1648 1687 1684 προαγωγῷ
1701 1649 1809 1684 χρῆται,
1827 1649 1859 1675 οὗ

240 1701 288 1728 pro
304 1693 409 1725 lenone,
433 1701 485 1720 non
510 1693 596 1720 vetula
616 1693 731 1727 quadam
750 1693 907 1720 muliercula
924 1693 956 1719 ad
972 1692 1020 1719 hu-

1076 1693 1178 1728 γυναίῳ
1200 1694 1252 1720 τινὶ
1278 1693 1384 1728 παλαιῷ
1408 1694 1462 1720 τῶν
1485 1695 1552 1730 πρὸς
1576 1695 1662 1720 ταῦτα
1689 1694 1859 1728 ἐπιτηδείων,

238 1739 355 1772 jusmodi
369 1746 412 1766 res
429 1738 536 1770 idonea,
550 1738 597 1766 sed
609 1740 730 1766 daemone
739 1738 867 1772 quodam,
878 1745 1020 1772 corporqu

1077 1739 1144 1765 ἀλλὰ
1167 1739 1301 1774 δαιμόνων
1320 1740 1374 1766 τινὶ
1395 1740 1450 1766 τῶν
1474 1740 1670 1775 φιλοσωμάτων
1691 1741 1737 1766 καὶ
1753 1740 1860 1774 φιληδό-

240 1791 273 1811 ac
290 1783 434 1818 voluptatis
447 1789 565 1814 amante.
593 1785 688 1810 utitur.
704 1783 828 1810 Rebelles
843 1783 976 1816 siquidem
997 1787 1024 1809 et

241 1830 339 1857 invida;
354 1834 500 1864 potestates
512 1831 544 1857 ad
553 1829 677 1856 obeunda
692 1828 770 1861 hujus
783 1829 890 1864 generis
904 1829 1024 1855 ministe-

242 1876 282 1902 ria
295 1875 397 1902 celeres
413 1881 474 1902 esse
490 1875 586 1906 solent.
604 1875 702 1902 multos
722 1874 849 1901 nimirum
870 1873 954 1900 ruinae
970 1880 1025 1900 suae

241 1921 328 1948 socios
357 1926 515 1955 quaerentes.
544 1920 629 1955 Hujus
655 1927 735 1954 porro
757 1918 883 1946 lenocinii
911 1925 1024 1951 merces,

241 1966 359 1993 victimae
381 1971 408 1993 et
423 1966 551 1993 libamina
567 1970 655 1995 erant.
671 1964 837 1999 allinitasque
849 1971 892 1996 ea,
908 1971 967 1998 quae
978 1971 1026 1997 per

243 2012 401 2047 sanguinem
425 2017 453 2039 et
478 2011 673 2039 sacriﬁciorum
690 2011 812 2038 nidorem
835 2017 896 2037 cum
910 2016 942 2036 eo
958 2016 1026 2036 con-

243 2057 370 2085 trahitur.
390 2056 481 2084 Talem
505 2057 577 2084 enim
593 2057 626 2084 iis
651 2055 802 2084 mercedem
825 2055 904 2089 pendi
918 2059 1025 2089 oporte-

244 2104 302 2136 bat,
317 2103 363 2138 qui
375 2102 528 2136 huiusmodi
545 2102 673 2129 beneﬁcia
689 2101 878 2133 contulissent.
891 2100 924 2126 At
939 2099 1025 2134 puella

243 2149 324 2176 simul
340 2154 422 2182 atque
441 2148 539 2175 malum
552 2147 695 2181 persensit,
710 2152 738 2173 et
757 2146 871 2173 insidias
896 2145 1027 2172 intellexit

245 2195 336 2228 (purae
363 2193 463 2220 etenim
492 2201 525 2220 ac
544 2193 642 2220 divina:
667 2193 765 2219 animae
791 2191 890 2218 diaboli
917 2191 1027 2218 technas

245 2239 387 2267 celerrime
405 2238 626 2273 deprehendunt,
644 2237 791 2272 quamlibet
813 2236 913 2270 alioqui
940 2235 1027 2262 versi-

245 2284 322 2319 pelli:
347 2284 392 2311 ille
417 2284 464 2316 sit,
491 2289 571 2317 atque
594 2283 621 2310 in
642 2282 783 2310 conatibus
801 2281 857 2308 suis
881 2281 972 2307 varius
996 2287 1027 2307 ac

1075 1792 1128 1810 νων
1138 1792 1145 1799 ·
1160 1784 1252 1820 ἐπειδὴ
1267 1786 1373 1819 ταχεῖαι
1392 1785 1459 1820 πρὸς
1473 1785 1521 1820 τὴν
1541 1785 1595 1811 τῶν
1611 1785 1739 1812 τοιούτων
1756 1785 1859 1820 ὑπηρε-

1077 1830 1137 1859 σίαν
1151 1831 1179 1856 at
1199 1831 1377 1857 ἀποστατικαὶ
1391 1831 1522 1866 δυνάμεις
1535 1831 1581 1858 καὶ
1595 1831 1732 1866 φθονεραὶ,
1747 1831 1860 1862 πολλοὺς

1077 1875 1222 1906 κοινωνοὺς
1237 1875 1365 1910 ζητοῦσαι
1379 1875 1426 1902 τοῦ
1439 1875 1594 1911 πτώματος.
1609 1876 1664 1903 Καὶ
1676 1877 1690 1903 ὁ
1704 1876 1798 1911 μισθὸς
1811 1876 1860 1911 τῆς

1077 1920 1267 1955 προαγωγίας,
1289 1921 1380 1948 Θυσίαι
1396 1930 1425 1948 τε
1446 1921 1494 1948 καὶ
1513 1921 1568 1955 (82)
1584 1921 1704 1954 σπονδαὶ,
1729 1922 1776 1948 καὶ
1791 1923 1807 1956 ἡ
1827 1921 1860 1948 δι’

1078 1965 1202 2000 αἱμάτων
1219 1966 1265 1992 καὶ
1286 1966 1398 2001 κνίσω-ης
1416 1967 1567 1998 οἰκείωσιςα
1587 1967 1721 1999 τοιούτους
1741 1967 1794 2003 γὰρ
1808 1967 1861 1994 ἔδει

1078 2010 1191 2045 μισθοὺς
1210 2008 1352 2043 εἶναιτοῖς
1373 2012 1407 2038 τὰ
1426 2012 1537 2038 τοιαῦτα
1551 2013 1750 2047 χαριζομένοις.
1778 2012 1809 2038 'H
1830 2012 1860 2038 δὲ

1077 2055 1114 2087 ὡς
1130 2055 1227 2092 ᾔσθετο
1239 2056 1286 2082 τοῦ
1303 2056 1399 2089 κακοῦ,
1415 2058 1462 2083 καὶ
1475 2058 1523 2093 τὴν
1543 2058 1687 2093 ἐπιϐουλὴν
1706 2058 1775 2091 ἐγνω
1797 2058 1861 2092 (τα-

1079 2102 1192 2137 χύτεραι
1209 2101 1262 2136 γὰρ
1282 2102 1309 2128 αἱ
1327 2102 1444 2137 καθαραὶ
1466 2103 1550 2137 ψυχαὶ
1573 2103 1620 2130 καὶ
1646 2103 1770 2134 θεοειδεῖς
1792 2103 1861 2138 πρὸς

1079 2147 1164 2183 θήραν
1183 2146 1229 2173 τοῦ
1243 2147 1432 2182 ἐνεργοῦντος,
1447 2148 1499 2174 κᾶν
1514 2148 1555 2174 ὅτι
1577 2148 1692 2183 μάλιστα
1705 2148 1860 2182 σοφιστικὸς

1077 2190 1095 2228 ᾗ
1114 2191 1161 2218 καὶ
1182 2191 1302 2222 ποικίλος
1323 2191 1372 2227 τὴν
1395 2192 1596 2227 ἐπιχείρησιν),
1618 2192 1644 2218 τί
1662 2194 1743 2226 ποιεῖ,
1766 2192 1813 2218 καὶ
1834 2192 1862 2219 τί

1078 2238 1266 2272 ἀντιτεχνᾶται
1289 2237 1327 2272 τῷ
1350 2237 1508 2273 δημιουργῷ
1534 2238 1582 2273 τῆς
1609 2238 1723 2270 κακίας;
1749 2239 1862 2265 Πάντων

1079 2281 1234 2316 ἀπογιοῦσα
1256 2282 1310 2308 τῶν
1334 2282 1431 2314 ἄλλων,
1451 2283 1498 2309 ἐπὶ
1520 2283 1566 2310 τὸν
1590 2283 1655 2310 Θεὸν
1680 2284 1861 2317 καταφεύγει,

246 2316 411 2364 ιιιιιιῑίριει),
426 2329 490 2363 quid
508 2316 581 2361 facit,
599 2333 626 2355 et
641 2328 704 2362 quid
717 2328 848 2355 adversus
865 2326 923 2352 vitii
947 2325 1020 2359 opili-

1081 2328 1127 2354 καὶ
1140 2327 1293 2363 προστάτην
1307 2329 1421 2354 ποιεῖται
1437 2328 1507 2354 κατὰ
1519 2328 1565 2354 τοῦ
1581 2329 1694 2364 μισητοῦ
1710 2329 1792 2356 πόθου
1805 2330 1862 2364 (85)

245 2383 303 2403 cem
317 2376 445 2404 molitur?
458 2375 609 2410 Desperatis
623 2374 747 2401 omnibus
763 2373 823 2400 aliis
841 2371 977 2402 remediis,
993 2371 1027 2398 ad

248 2422 330 2450 Deum
344 2422 472 2457 confugit,
499 2427 579 2455 atque
595 2421 722 2447 adversus
743 2418 928 2447 detestabilem
949 2425 1026 2444 amo-

247 2477 303 2496 rem
318 2476 446 2504 sponsum
462 2475 539 2495 suum
555 2471 698 2501 patronum
715 2473 747 2493 ac
765 2465 931 2493 defensorem
950 2473 1027 2493 assu-

282 2546 303 2561 ¹⁷
314 2544 387 2573 Psal.
402 2552 476 2577 xuv,
497 2543 541 2571 14.
580 2544 601 2559 ¹⁸
615 2543 693 2571 Caut.
710 2550 746 2575 ιν,
762 2543 804 2571 l2.
844 2543 866 2558 "
880 2542 947 2570 Gen.
969 2549 1008 2575 ιιι,

1096 2543 1119 2558 ¹⁰
1130 2541 1179 2570 .lob
1195 2550 1215 2576 ι,
1236 2542 1252 2569 6
1267 2551 1326 2578 sqq.

283 2670 340 2705 (76)
354 2671 387 2696 Te
395 2669 443 2696 καὶ
458 2668 691 2705 φιλοσώφρονες.
705 2667 771 2705 llrec
786 2668 882 2696 desunt
891 2668 917 2695 iu
927 2668 995 2700 Reg.
1005 2668 1032 2695 d.

284 2703 341 2739 (77)
358 2706 500 2739 Κοσμιάς.
518 2704 585 2738 Reg.
604 2705 631 2737 d,
643 2703 753 2739 ταμίας.

287 2740 342 2776 (78)
376 2739 534 2774 Ὀργάνων.

250 2775 373 2808 Βργανον.

287 2810 343 2843 (79)
359 2808 485 2842 Παρέὃυ.
499 2809 566 2842 Reg.
578 2816 603 2839 c,
619 2808 718 2835 εἰσέδυ.

289 2844 344 2877 (80)
361 2844 415 2870 Τοῦ
427 2844 662 2877 καταλύσαντος.
687 2844 732 2872 Sic
750 2843 805 2878 νιος
831 2845 886 2878 bm,
901 2847 927 2871 et
944 2842 989 2871 0r.
1008 2842 1033 2872 1.

254 2877 334 2907 Deest
343 2878 389 2904 τοῦ
399 2879 424 2905 iu
433 2879 498 2908 edit.

564 2740 630 2774 Reg.
657 2738 689 2772 c,
712 2738 766 2765 τῶν
798 2739 931 2774 ὀργάνων.
961 2738 1034 2771 Pan,

1080 2374 1126 2401 τὸν
1140 2375 1238 2408 ἑαυτῆς
1252 2373 1378 2409 νυμφίον,
1393 2374 1423 2405 ὃς
1439 2375 1484 2400 καὶ
1499 2375 1641 2402 Σωσάνναν
1655 2376 1798 2411 ἐρρύσατο.
1815 2377 1862 2402 καὶ

1081 2418 1186 2444 esui.“
1206 2418 1349 2444 διέσωσεν·
1373 2419 1421 2452 τὴν
1447 2420 1496 2454 μὲν
1517 2420 1570 2446 ἀπὸ
1591 2422 1696 2456 πικρῶν
1713 2421 1862 2456 πρεσϐυτέ-

1084 2473 1137 2499 ρων
1162 2464 1227 2499 (84),
1244 2464 1293 2500 τὴν
1309 2464 1337 2490 δὲ
1352 2465 1405 2491 ἀπὸ
1421 2465 1553 2501 τυράννου
1574 2467 1736 2502 μνηστῆρος,
1754 2467 1801 2494 καὶ
1817 2476 1863 2493 τυ-

1367 2544 1389 2559 ¹¹
1407 2543 1500 2570 Matth.
1519 2551 1556 2576 IV,
1583 2543 1596 2570 1
1615 2551 1675 2579 sqq.

1118 2666 1174 2703 (8|)
1195 2667 1305 2703 Ἀτίας.
1317 2666 1383 2702 Reg.
1399 2674 1415 2694 c
1429 2667 1513 2703 addit1
1520 2667 1637 2703 ἐκείνης.

1118 2702 1174 2736 (82)
1193 2702 1300 2737 qulut
1314 2710 1346 2728 τε
1361 2701 1421 2734 καί,
1431 2706 1482 2728 etc.
1499 2701 1582 2737 Regg.
1595 2701 1620 2735 a,
1635 2701 1662 2733 d,
1679 2701 1769 2729 θυσίαι
1780 2711 1862 2729 σπον-

1081 2737 1126 2763 δαὶ
1139 2737 1171 2762 δι’
1187 2735 1312 2770 αἱμάτων
1327 2737 1374 2763 καὶ
1388 2737 1510 2771 κνίσσης,
1533 2735 1609 2770 (qua
1622 2737 1807 2770 cruoribus.et
1820 2746 1865 2765 sa-

1081 2772 1244 2798 criﬁciorum
1264 2772 1357 2798 nidore
1384 2772 1412 2798 lit
1425 2771 1589 2799 conciliatio.
1606 2781 1616 2798 ι

1118 2806 1174 2867 (85)
1183 2807 1291 2833 Πόθου.
1302 2806 1347 2833 Sic
1360 2806 1443 2841 Regg.
1452 2815 1478 2840 a,
1493 2814 1518 2840 c,
1531 2808 1558 2839 d,
1573 2806 1629 2840 bm,
1642 2807 1686 2843 pb,
1700 2806 1768 2838 Jes.,
1781 2807 1862 2834 Com-

1084 2842 1115 2868 lie
1129 2860 1147 2868 ..
1163 2847 1215 2867 etc.
1237 2840 1264 2867 ln
1276 2840 1330 2868 ed..
1343 2841 1434 2867 πόθον.

1093 2849 1147 2870 ιρι..
1163 2849 1215 2867 etc.
1238 2849 1264 2867 In
1276 2849 1330 2871 ea.,
1343 2849 1434 2867 πουον.

1119 2875 1175 2904 (84)
1193 2875 1263 2903 Ἀπὸ
1279 2875 1392 2910 πικρῶν
1400 2876 1615 2911 πρεσϐυτέρων.
1629 2877 1686 2905 Bill.
1699 2885 1705 2904 :
1721 2886 1730 2902 ι
1750 2885 1769 2904 a
1784 2877 1864 2904 saevis
