2060 3140
156 138 223 165 1185

575 139 703 167 ORATIO
724 140 818 167 xxw.
838 155 870 160 —
891 141 924 168 ιιι
944 132 1085 169 ιιυοειί
1106 143 1135 169 s.
1155 132 1327 170 cretum.

1701 135 1772 172 i136

155 197 222 223 ὥστε
236 197 260 222 εἰ
276 197 321 223 καὶ
337 196 418 232 μηδὲν
440 198 514 233 αὐτῷ
526 199 580 225 τῶν
593 200 798 236 προειρημένων
812 201 933 236 ὑπῆρχεν

987 203 1093 229 excitet.
1127 203 1271 230 Snliiriunt
1296 203 1405 238 quidem
1434 203 1492 230 haec
1516 210 1623 238 quoque
1647 204 1772 239 Cypriani

154 245 193 275 είς
209 243 327 274 ἔπαινον,
343 242 468 279 ἐξαρκεῖν
479 245 535 276 τοῖς
549 245 611 280 ἑξῆς
627 246 705 280 νικᾷν
732 246 865 277 ἅπαντας.
880 247 938 272 Ἰνα

154 289 207 324 γὰρ
225 288 259 314 τὰ
277 289 306 314 ὲν
322 288 397 323 μέσῳ
416 289 551 325 συντέμω,
566 290 617 324 τὴν
629 291 684 317 τῶν
697 291 846 326 χρημάτων
860 300 937 327 περι-

153 335 292 372 φρόνησιν,
302 335 351 370 τὴν
363 335 409 361 τοῦ
424 334 507 370 τύφου
520 336 678 369 κατάλυσιν,
693 336 742 372 τὴν
757 336 802 363 τοῦ
813 335 938 372 σώματος

152 380 339 414 παιδαγωγίαν
361 381 408 406 καὶ
421 381 594 416 καθαρότητα
616 381 670 407 τῶν
691 381 830 417 προτέρων
844 382 937 417 ὁρμῶν

152 426 307 456 ἀντίπαλον,
325 425 354 452 τὸ
373 426 436 461 περὶ
461 427 511 462 τὴν
527 426 629 461 ἐσθῆτα
652 427 795 461 φιλόσοφον
815 427 882 460 (ll),
908 426 938 453 τὸ

151 469 215 504 περ).
229 469 277 500 τὰς
291 469 424 502 ἐντεύξεις
439 470 538 505 ὑψηλόν
550 479 580 496 τε
592 470 660 506 ὁμοῦ
675 471 722 498 καὶ
738 471 936 506 φιλάνθρωπον,

153 515 191 546 ὡς
205 515 260 541 ἴσον
275 515 330 550 (19)
346 515 456 550 ἀπέχειν
481 516 617 548 εὐτελείας
641 517 688 542 καὶ
710 516 864 548 αὐθαδείας
889 517 938 548 τὰς

153 561 312 595 χαμευνίας,
324 560 372 593 τὰς
391 561 554 597 ἀγρυπνίας,
571 562 599 593 ὂς
614 561 679 597 (15),
692 562 780 588 καίτοι
794 561 847 588 τῶν
855 562 939 589 τοιού-

150 615 205 633 των
231 607 368 642 ὀψιμαθὴς
395 607 443 638 ὢν,
470 608 540 634 κατὰ
567 607 634 634 πολὺ
658 608 711 634 τῶν
732 608 937 643 προειληφότων

153 653 272 688 ἐκράτει·
301 653 349 688 τὴν
372 653 436 689 περὶ
454 653 549 687 λόγους
572 654 737 689 φιλοτιμίαν,
762 654 792 686 ἐξ
815 651 851 680 ὧν
873 652 937 689 ἦθος

153 699 225 726 am»
238 699 391 732 ἐπαίδευσε,
403 699 448 726 καὶ
460 699 602 735 δογμάτων
617 699 794 726 ἀπαιδευσίαν
806 699 936 735 ἐκάθηρε,

153 746 200 772 καὶ
211 745 314 781 ἀνδρῶν
330 745 404 780 βίους
423 745 570 781 ἐκόσμησε,
598 746 645 772 καὶ
667 746 716 781 τῆς
746 746 862 782 ἀρχικῆς
892 747 939 773 κα).

152 792 292 827 βασιλικῆς
305 791 418 827 Τριάδος
433 790 482 827 τὴν
499 791 614 827 θεότητα
632 793 812 827 τεμνομένην,
828 793 885 818 ἐστι
909 793 938 819 δὲ

151 838 195 872 ὑφ’
209 834 246 864 ὧν
274 837 322 863 καὶ
342 837 581 872 συναλειῳομένην,
608 838 646 869 εἰς
670 837 701 863 τὸ
723 837 834 872 ἀρχαῖον
853 838 938 864 ἐπαν-

989 249 1086 276 deeora
1107 249 1139 275 ad
1154 256 1249 276 omnes
1265 249 1470 282 perfectissimae
1493 249 1656 277 laudationis
1677 256 1773 277 nume-

989 302 1034 321 ros
1049 294 1206 328 explendas.
1228 293 1304 321 Nune
1324 299 1413 321 autem
1444 299 1481 321 tot
1506 299 1633 329 tantaque
1656 295 1774 322 tnihidi-

988 339 1072 366 cenda
1089 343 1232 373 supersunt
1251 343 1280 365 ut
1294 340 1374 366 etiam
1386 339 1409 366 si
1427 339 1493 366 nihil
1508 347 1613 371 eorum,
1628 348 1687 374 quae
1699 342 1774 375 prius

988 389 1194 411 commemorata
1209 389 1283 416 sunt,
1299 385 1350 419 ipsi
1368 385 1402 412 ad
1419 384 1524 412 laudem
1545 390 1710 420 suppeteret,
1733 386 1775 413 his

989 434 1089 462 tamen,
1114 437 1173 464 quae
1198 435 1356 464 sequuntur,
1385 438 1481 458 omnes
1512 439 1642 465 superare
1669 436 1773 466 posset.

989 475 1066 507 Nam,
1081 481 1109 502 ιιι
1124 476 1208 502 Inedia
1230 476 1357 508 incidant,
1374 476 1546 510 pecuniarum
1575 479 1773 512 contemptum,

989 520 1073 548 fastus
1090 521 1329 555 compressionem,
1344 522 1464 555 corporis
1481 521 1660 549 frenationem
1677 528 1704 549 et
1725 530 1775 557 pu-

989 566 1095 592 ritatem
1114 574 1174 593 cum
1189 567 1323 600 prioribus
1346 567 1537 600 cupiditatibus
1555 573 1730 602 pugnantem,
1746 569 1774 596 in

989 611 1085 638 Vestitu
1115 611 1323 646 philosophiam,
1348 612 1374 638 in
1402 613 1593 647 congressibus
1615 615 1774 648 gravitatem

988 664 1049 684 cum
1073 657 1240 684 humanitate
1253 657 1434 692 conjunctam.
1452 659 1510 692 pari
1528 659 1697 686 intervalloa
1714 660 1775 686 vili-

989 705 1047 730 tate
1066 709 1147 737 atque
1162 704 1317 738 arrogantia
1337 710 1478 736 remotatn,
1495 705 1672 732 chameunias
1694 709 1721 732 et
1735 706 1774 732 vi-

988 747 1183 782 gilias,qnihus
1199 749 1289 778 homo.
1304 749 1368 776 licet
1385 750 1537 784 lmjusmodi
1548 757 1636 776 rerum
1655 750 1773 777 studium

988 798 1050 820 sero
1067 792 1216 828 ingressus,
1232 801 1279 821 eos
1295 799 1394 827 tamen,
1410 795 1455 829 qui
1473 795 1577 829 priores
1590 795 1641 822 hoe
1653 795 1713 822 vita:
1728 802 1776 829 ge-

989 846 1040 866 nus
1055 839 1171 873 amplexi
1192 839 1310 872 fuerant,
1329 840 1440 867 multum
1461 838 1791 876 facileqnemsupe-'

149 885 262 920 ήγαγεν,
277 884 305 909 ὲν
325 883 398 918 ὅροις
422 883 516 918 μείνας
537 882 666 914 εὐσεϐοῦς
689 882 810 914 ἐνώσεώς
835 892 864 910 τε
889 884 935 910 καὶ

988 883 1078 916 rabat;
1092 872 1207 911 utetiam
1217 885 1347 912 doctrina:
1355 885 1460 920 copiam
1472 891 1499 912 et
1510 886 1775 919 ubertatemsileam,

149 929 380 965 συναριθμήσεως·
395 928 439 955 ἵνα
454 928 539 954 ταῦτα
554 928 656 954 συνέλω
671 928 715 954 διὰ
727 928 775 963 τὴν
789 928 933 964 ἀμετρίαν,

146 976 179 1011 τῇ
209 974 255 1001 τοῦ
270 974 325 1009 βίου
348 973 493 1000 καταλύσει
511 973 707 1008 συγκαταλὺσω
728 974 774 1000 τὸν
791 974 880 1008 λόγον.

989 934 1040 963 qua
1066 934 1093 956 et
1118 930 1237 956 oumium
1273 938 1364 958 mores
1386 932 1525 963 instruxit,
1559 937 1585 959 et
1618 932 1775 967 dogmatum

989 974 1122 1001 inscitiam
1153 976 1271 1008 sustulit,
1301 981 1328 1002 et
1353 975 1488 1004 clarorum
1521 977 1662 1004 hominum
1692 979 1774 1004 vitam

145 1019 296 1049 exornavit,
311 1024 337 1046 et
351 1019 479 1053 principis
510 1027 542 1046 ac
580 1019 661 1053 regite
692 1019 837 1046 Trinitatis
871 1019 1050 1052 divinitatem,
1076 1028 1155 1054 quam
1181 1022 1302 1048 nonnulli
1330 1023 1500 1052 scindebant.
1522 1024 1642 1050 nonnulli
1668 1032 1774 1051 rursnnt

147 1065 349 1096 contrahebant,
370 1065 402 1091 ad
418 1070 534 1091 veterem
548 1070 648 1091 statum
680 1065 796 1096 reduxit,
827 1065 877 1099 pim
906 1065 1029 1093 videlicet
1061 1067 1168 1094 unionis
1188 1073 1215 1094 et
1239 1069 1489 1096 connumerationis
1515 1069 1614 1096 ﬁnibus
1628 1077 1688 1097 sese
1711 1078 1776 1098 con-

146 1111 234 1138 tinens
250 1120 257 1138 :
273 1116 302 1137 ut
320 1111 388 1140 hzec.
421 1111 541 1145 inquam,
576 1111 677 1142 omnia,
698 1119 731 1138 ne
748 1111 857 1138 modum
879 1111 968 1138 oratio
986 1113 1112 1146 excedat,
1134 1113 1304 1146 contraham,
1320 1122 1372 1141 una
1386 1122 1447 1142 cum
1471 1115 1533 1142 vita:
1550 1115 1634 1150 ipsius
1646 1116 1709 1149 line,
1733 1117 1775 1144 di-

146 1157 222 1183 cendi
239 1156 320 1183 linem
335 1156 444 1182 faciam.

183 1203 228 1228 IA’.
253 1201 392 1236 Ἐμαίνετο
417 1201 476 1227 καθ’
492 1200 570 1236 ὴμῶν
587 1201 679 1232 Δέκιος
692 1200 757 1236 (14).
772 1202 820 1228 καὶ
844 1201 935 1233 πάσας

148 1248 218 1278 ίδέας
236 1246 370 1274 κολάσεων
386 1247 502 1279 ἐπενόει,
520 1247 567 1273 καὶ
582 1247 616 1273 τὰ
637 1247 685 1282 μὲν
698 1247 748 1283 ἥδη
767 1248 857 1283 παρῆν
880 1248 934 1274 τῶν

145 1293 248 1326 δεινῶν,
265 1293 299 1319 τὰ
322 1293 350 1319 δὲ
372 1293 494 1327 ἔμελλεν·
524 1293 580 1319 ἴσον
600 1292 628 1318 δὲ
645 1292 787 1328 ἀγώνισμα
804 1295 933 1326 ποιεῖται,

146 1341 192 1367 καὶ
206 1340 384 1376 Χριστιανοὺς
402 1339 481 1370 ἑλεῖν,
507 1339 554 1366 καὶ
569 1339 631 1369 τοὺς
648 1339 700 1374 πρὸ
718 1339 799 1365 αὑτοῦ
819 1339 935 1372 διώκτας

145 1386 317 1421 ὐπερῆαλεῐν,
351 1384 450 1420 μᾶλλον
476 1385 546 1420 δὲ,ἢ
572 1385 751 1419 Χριστιανοὺς
781 1386 893 1417 πάντας,

145 1431 301 1467 Κυπριανδν
327 1431 405 1466 μόνον
421 1431 489 1457 ἑλεῖν
503 1439 533 1456 τε
548 1430 594 1457 καὶ
608 1431 844 1465 παραστήσασθαι.
861 1432 936 1466 Ὅσῳ

146 1476 200 1512 γὰρ
224 1476 348 1511 εὐσεϐείᾳ
364 1484 393 1501 τε
413 1476 460 1501 καὶ
473 1475 534 1510 δόξῃ
563 1475 703 1510 διαφέρειν
715 1476 761 1501 τὸν
774 1476 856 1510 ἄνδρα
874 1476 933 1510 ἐγί-

148 1530 243 1553 νωσκε,
268 1521 387 1556 τοσούτῳ
410 1521 464 1556 (15)
487 1522 533 1549 καὶ
546 1521 594 1556 τὴν
612 1521 689 1556 νίκην
708 1520 797 1557 ἑαυτῷ
820 1531 935 1558 περιφα-

147 1567 277 1602 νεστέραν
293 1567 365 1602 ἑώρα
388 1566 434 1593 καὶ
450 1567 654 1602 λαμπροτέραν,
667 1568 691 1594 εί
712 1568 806 1595 τούτου
833 1570 934 1604 κρατή-

1024 1199 1094 1226 XIV.
1119 1199 1240 1226 Furebat
1263 1199 1393 1228 adversus
1418 1207 1467 1228 nos
1495 1201 1602 1235 Decius,
1632 1202 1778 1237 omniaque

989 1250 1184 1273 tormentorum
1218 1253 1314 1280 genera
1340 1247 1528 1281 conquirebat,
1554 1256 1587 1274 ac
1616 1248 1776 1282 gravissima

988 1299 1102 1326 quaeque
1120 1291 1250 1325 supplicia
1270 1293 1366 1326 partim
1381 1292 1437 1325 jatn
1456 1292 1597 1325 inferebat,
1617 1294 1713 1327 partim
1734 1294 1777 1320 in-

988 1338 1123 1370 tentabat;
1136 1337 1193 1372 pari
1210 1338 1291 1364 etiam
1313 1339 1486 1365 contentione
1503 1339 1530 1366 in
1555 1344 1699 1373 utrumque
1726 1341 1776 1367 ho~

990 1391 1048 1410 I'Ullt
1065 1383 1247 1416 incumbebat,
1273 1389 1302 1410 ut
1326 1390 1353 1411 et
1369 1384 1539 1412 Christianos
1556 1386 1730 1420 opprimeret,
1751 1393 1778 1414 et

990 1430 1096 1464 priores
1116 1438 1211 1457 onmes
1233 1436 1421 1464 persecutores
1443 1430 1602 1458 crudelitate
1627 1437 1777 1466 superaret,

989 1476 1044 1502 imo
1061 1477 1159 1511 potius,
1170 1481 1199 1503 ut
1209 1477 1250 1504 vel
1263 1475 1434 1504 Christianos
1445 1484 1551 1510 omnes,
1560 1477 1601 1504 vel
1613 1477 1778 1512 Cyprianum

989 1528 1073 1548 unum
1088 1522 1220 1554 vinceret,
1239 1526 1321 1556 atque
1337 1521 1363 1548 in
1376 1526 1537 1556 potestatem
1553 1522 1696 1556 redigeret.
1709 1522 1778 1549 Nau-

990 1572 1093 1600 quanto
1107 1567 1182 1594 illum
1199 1568 1301 1601 pietate
1317 1572 1344 1594 et
1363 1568 1448 1603 gloria
1470 1569 1581 1603 reliquis
1595 1575 1723 1603 praestare
1735 1568 1778 1596 in-

148 1621 228 1639 σειεν.
249 1613 376 1644 Ἐκείνως
391 1613 448 1649 (16)
468 1613 517 1648 μὲν
532 1613 586 1647 γὰρ
601 1613 772 1649 Χριστιανῶν
788 1615 867 1650 μόνον
880 1614 934 1650 (17)

989 1612 1133 1648 lelligebat,
1156 1617 1229 1640 tanto
1253 1621 1360 1648 quoque
1379 1613 1521 1641 clariorem
1548 1620 1575 1641 et
1603 1614 1776 1641 illustriorem

147 1659 279 1694 ὑπάρχειν
297 1660 419 1694 κρατεῖν,
446 1658 517 1685 οὕτω
535 1659 563 1685 δὲ
587 1660 633 1686 καὶ
658 1660 817 1695 φιλοσοφίας
837 1661 933 1696 αὐτῆς,

145 1705 192 1730 καὶ
204 1704 300 1738 λόγων.
319 1705 374 1730 Καὶ
406 1704 455 1739 τὴν
481 1704 608 1737 γλῶσσαν
630 1704 766 1739 περιελεῖν
790 1706 934 1740 πρότερον,

144 1748 204 1776 εἶτα
221 1748 342 1783 ἀφώνους
358 1749 510 1782 ἀπαγαγεῖν
536 1748 590 1783 (18)
617 1749 662 1775 καὶ
678 1749 792 1783 ἀλόγους
809 1751 871 1781 τοὺς
889 1750 934 1776 ὑπ’

145 1796 253 1830 ἐκείνης
264 1794 459 1830 ὲρειδομένους,
479 1794 594 1828 ἀρίστης
607 1793 676 1820 εἶναι
692 1795 861 1830 στρατηγίας
879 1796 936 1822 ἐνό-

147 1841 234 1876 μιςεν⁸
248 1840 297 1866 οὐκ
316 1838 403 1875 ὀρθῶς
418 1839 476 1873 μὲν,
493 1839 552 1864 οὐδὲ
571 1839 691 1871 εὐσεϐῶς
709 1839 795 1866 ταῦτα
813 1840 935 1867 διανοού-

147 1894 236 1922 μενος,
256 1886 286 1911 οὺ
310 1885 363 1920 μὴν
381 1885 553 1910 παντάπασιν
571 1885 731 1918 ἀλογίστως,
752 1885 820 1920 πρός
839 1894 871 1920 γε
885 1886 935 1922 τὴν

146 1932 242 1959 ἑαυτοῦ
258 1931 383 1967 βούλησιν
398 1930 445 1957 κα).
458 1931 640 1966 ἐπιχείρησιν·
659 1930 742 1962 ἔδειξε
756 1931 783 1956 δὲ
798 1931 828 1957 τὺ
844 1932 933 1967 ἔργον.

153 1978 262 2013 Ἐπειδὴ
278 1977 332 2012 γὰρ
359 1977 467 2003 ἃπασαν
483 1975 636 2011 προσϐολήν
653 1984 683 2002 τε
701 1977 749 2002 κα).
774 1978 871 2013 πεῖραν
887 1978 934 2003 ἁν-

145 2023 244 2060 δριγλῖις
264 2032 293 2049 τε
304 2023 350 2048 καὶ
366 2021 496 2056 γενναίως
518 2021 744 2056 ἀποσεισάμενος,
769 2021 863 2056 ὥσπερ
893 2031 935 2054 τις

146 2070 234 2105 πέτρα
257 2069 390 2104 παράλιος
419 2068 474 2102 (19)
499 2067 628 2101 κυμάτων
663 2067 830 2102 ἐπιδρομὰς,
859 2069 935 2101 τέλος

146 2116 254 2151 ἰξορίαν
266 2115 312 2141 ὑπ’
335 2113 418 2141 αὑτοῦ
441 2113 645 2148 κατακρίνεται·
660 2113 690 2139 οὐ
706 2113 736 2139 τὸ
749 2114 809 2140 καθ’
839 2115 935 2142 ἑαυτὸν

146 2161 297 2196 ἔστερξενὸ
321 2159 462 2194 γεννάδας,
477 2158 535 2184 οὐδὲ
562 2158 656 2193 ἠγάπα
679 2159 841 2194 σωζόμενος·
874 2160 934 2186 οὐδὲ

146 2207 294 2241 ἀσφάλειαν
309 2205 348 2240 τῷ
364 2205 470 2240 σώματι
496 2204 594 2240 μᾶλλον
607 2204 658 2239 τὴν
673 2205 784 2239 ἀτιμίαν
798 2206 932 2241 ἐνόμιζεν,

146 2253 163 2286 ἢ
179 2252 266 2286 ψυχῆς
290 2251 410 2277 κίνδυνον
440 2251 490 2285 τὴν
517 2250 652 2285 ἡσυχίαν,
680 2249 728 2276 καὶ
755 2250 785 2276 τὸ
802 2252 933 2287 περιορᾷν

145 2298 210 2328 τοὺς
225 2297 319 2328 ἄλλους
337 2296 376 2331 τῷ
390 2296 478 2331 καιρῷ
493 2295 548 2331 (21))
567 2294 781 2327 κινδυνεύοντας,
796 2297 845 2322 οὐκ
858 2296 933 2328 ὄντος

146 2343 192 2370 τοῦ
208 2342 451 2378 παιδοτριϐοῦντος,
467 2342 514 2367 καὶ
529 2342 596 2377 πρὸς
610 2341 656 2367 τὸν
674 2340 767 2375 ἀγῶνα
788 2341 934 2377 θαρρύνον-

146 2398 201 2422 τος.
214 2390 250 2415 Οὐ
264 2390 318 2424 γὰρ
336 2388 431 2423 μικρὸν
444 2387 573 2414 δύνασθαι
591 2387 637 2413 κα).
651 2386 728 2420 λόγον
753 2387 791 2418 είς
808 2387 936 2420 ἀνδρείας

147 2437 306 2473 προσθήκην
331 2438 386 2467 τοῖς
408 2435 600 2470 ἀποδυομένοις
623 2433 691 2469 πρὸς
707 2433 737 2459 τὸ
758 2433 808 2468 τῆς
833 2434 935 2469 ἀρετῆς

149 2483 262 2510 στάδιον.

183 2575 238 2614 (ιιι
261 2573 533 2614 φξέιόσρφονλὲφίειι
547 2572 574 2614 ἓν
588 2572 745 2614 sed-ﬁre“:
825 2607 830 2614 .
899 2607 906 2614 .

185 2607 242 2645 (li)
273 2610 321 2642 Ὧς
350 2610 427 2636 ἴσον.
459 2610 504 2637 Sic
537 2607 589 2634 duo
618 2608 699 2634 Coisl.
737 2607 764 2634 lu
798 2607 860 2639 ed.,
891 2607 932 2638 ὡς

152 2644 226 2672 ἰσων.

186 2680 241 2713 (15)
252 2679 315 2712 ”ος.
323 2678 592 2712 Fortasselegendnm
601 2678 646 2709 sit,
659 2674 714 2709 αἶς,
723 2686 818 2713 nempe
829 2685 934 2712 χαμευ-

151 2713 471 2753 νίαις-καιάγρυττνίαις.
488 2714 587 2753 [ςίῐιιςικ⁸
674 2748 682 2753 _
733 2748 740 2753 _
768 2747 797 2753 Ν
834 2747 840 2753 _
862 2747 877 2753 γ’

186 2750 242 2784 (14)
264 2747 375 2782 Δέκιος.
389 2748 445 2775 Neu
462 2751 511 2776 sub
527 2748 617 2784 Decio,
636 2748 682 2775 sed
700 2748 750 2775 sub
768 2747 936 2784 Diocletiano

150 2790 179 2811 et
190 2781 359 2819 Maximiano
373 2792 467 2818 passus
481 2783 691 2819 estCyprianus,
706 2791 777 2810 anno
790 2783 852 2810 501.
868 2781 937 2809 Vide

152 2819 290 2849 Montium,
304 2827 329 2845 ιι.
346 2818 373 2845 4.

184 2854 240 2890 (15)
276 2854 418 2887 Τοσούτῳ.
432 2854 496 2889 Reg.
514 2854 548 2888 ph
568 2857 594 2880 et
606 2852 686 2881 Cois].
704 2853 729 2886 l,
745 2851 865 2879 τοσοῦτο.

987 1659 1039 1686 sibi
1059 1660 1198 1686 victoriam
1219 1659 1277 1686 fore
1293 1659 1486 1694 perspiciebat,
1500 1660 1521 1686 si
1538 1667 1599 1686 eum
1614 1660 1773 1688 devicisset.

986 1705 1033 1732 lito
1061 1706 1133 1731 enim
1160 1705 1240 1731 modo
1272 1705 1384 1739 putabat
1409 1712 1439 1732 se
1466 1705 1596 1740 perlicere
1625 1712 1716 1739 posse,
1747 1710 1777 1733 ut

986 1750 1157 1777 Christianos
1173 1750 1313 1782 vinceret;
1331 1750 1381 1777 hac
1395 1753 1485 1776 autem
1502 1750 1619 1782 ratione,
1643 1755 1673 1777 ut
1689 1751 1777 1785 philos

987 1796 1110 1830 sophiam
1129 1802 1238 1829 quoque
1258 1796 1345 1830 ipsam
1360 1800 1388 1822 et
1404 1796 1556 1823 doctrinam
1576 1796 1772 1830 exstingueret.

986 1842 1070 1869 Porro
1085 1842 1204 1878 linguam
1221 1842 1296 1876 prius
1307 1846 1458 1876 amputare,
1474 1845 1555 1876 atque
1575 1841 1613 1868 ita
1633 1847 1724 1868 mutos
1748 1847 1777 1870 et

986 1887 1106 1921 elingues
1133 1894 1191 1920 eos,
1217 1887 1262 1922 qui
1287 1888 1321 1914 ab
1346 1895 1377 1914 ea
1404 1887 1603 1919 iniciebantur,
1629 1887 1777 1922 abducere,

986 1933 1215 1967 pra~stantissimm
1233 1933 1373 1968 cujusdam
1389 1933 1515 1960 militaris
1527 1934 1631 1960 astutia:
1639 1942 1700 1961 esse
1711 1942 1776 1962 cen-

988 1979 1084 2011 sebat;
1107 1987 1160 2006 non
1173 1984 1245 2007 recte
1257 1980 1364 2013 quidem
1379 1979 1424 2007 ille
1440 1987 1489 2006 nec
1505 1980 1548 2014 pie
1565 1981 1621 2007 haec
1638 1981 1772 2015 cogitans,

986 2033 1038 2052 non
1055 2032 1147 2053 tamen
1159 2026 1269 2053 omnino
1283 2030 1384 2053 temere
1410 2031 1439 2053 et
1460 2027 1626 2059 inconsulte,
1637 2032 1775 2062 quantum

985 2072 1092 2106 quidem
1109 2073 1141 2099 ad
1159 2072 1243 2106 ipsius
1255 2072 1396 2099 consilium
1419 2076 1447 2099 et
1474 2077 1602 2099 conatum
1630 2073 1775 2105 attinebat.

986 2118 1210 2152 quemadmodum
1233 2126 1277 2146 res
1304 2118 1361 2153 ipsa
1385 2119 1542 2146 declaravit.
1561 2119 1627 2146 Nam
1646 2126 1719 2153 cum,
1743 2124 1774 2146 ut

986 2164 1113 2198 scopulus
1138 2164 1248 2199 quidam
1268 2164 1439 2192 incursantes
1458 2164 1566 2196 ﬂuctus,
1588 2165 1629 2192 sic
1651 2164 1696 2192 ille
1723 2165 1775 2192 im-

986 2215 1064 2244 petus
1086 2217 1180 2237 omnes
1199 2215 1226 2237 et
1244 2210 1362 2238 assultus
1379 2218 1476 2246 magno
1492 2215 1657 2244 strenuoque
1677 2211 1774 2239 animo

987 2255 1180 2291 propnlsasset,
1206 2264 1238 2284 ac
1258 2257 1365 2283 tandem
1388 2256 1423 2283 ab
1444 2264 1476 2283 eo
1495 2257 1520 2282 in
1546 2256 1671 2283 exsilium
1696 2261 1776 2284 actus

987 2306 1070 2334 essm,
1092 2301 1298 2335 haudquaquam
1313 2302 1339 2328 in
1356 2302 1460 2336 privata
1476 2302 1564 2329 salute
1580 2310 1627 2328 sua
1645 2302 1685 2328 vir
1696 2310 1775 2336 egre-

989 2346 1048 2381 gius
1063 2346 1263 2380 acquiescebat,
1280 2352 1326 2374 aut
1339 2347 1467 2380 prteclare
1483 2354 1574 2374 secum
1587 2347 1630 2381 agi
1650 2347 1772 2380 putabat,

988 2392 1060 2426 quod
1076 2391 1129 2418 vita
1149 2391 1200 2426 ipsi
1222 2396 1314 2426 erepta
1334 2399 1387 2418 non
1405 2390 1511 2423 fuisset,
1533 2399 1581 2418 nec
1600 2392 1775 2418 securitatem

989 2436 1112 2470 corporis
1128 2437 1216 2471 potius
1233 2437 1302 2464 hanc
1321 2437 1507 2472 ignominiam,
1521 2444 1602 2471 quam
1618 2437 1714 2463 anima:
1729 2444 1776 2471 pe-

990 2481 1105 2509 rieulum
1130 2482 1367 2517 interpretabatur,
1384 2482 1406 2510 si
1429 2481 1484 2509 otio
1498 2487 1526 2509 et
1550 2482 1660 2509 silentio
1680 2481 1776 2508 indul-

1023 2571 1091 2606 (16)
1105 2569 1259 2606 Ἐκείνως.Δ
1272 2568 1317 2606 Sic
1343 2568 1427 2606 ﬂfgg.
1445 2576 1472 2600 θ,
1495 2576 1520 2602 c,
1537 2569 1565 2606 ἀρ
1583 2569 1644 2606 ὺιῐιι
1660 2569 1708 2606 ph,
1729 2569 1775 2596 de-

987 2603 1045 2633 cem
1069 2603 1162 2635 'Colbq
1190 2604 1271 2631 Coisl.
1305 2605 1331 2636 1,
1360 2603 1435 2637 Pan,
1465 2608 1520 2631 etc.
1553 2605 1580 2631 In
1612 2604 1668 2637 ed.,
1700 2605 1777 2631 ὲκεῖι

985 2649 1041 2672 νος.

983 2707 986 2710 _
1021 2673 1076 2711 (l7)
1098 2674 1208 2701 Μόνον.
1226 2673 1350 2711 Ιξοςεηιι,
1366 2678 1420 2711 eet
1433 2673 1479 2701 0r.
1495 2673 1520 2704 1,
1535 2674 1633 2709 μόνων.

1022 2708 1076 2745 (18)
1095 2708 1291 2743 Ἀπαγαγεῐνῷ
1304 2710 1350 2736 Sic
1375 2709 1430 2735 lere
1444 2708 1540 2736 ontncs
1569 2710 1645 2737 codd.
1664 2708 1692 2737 lu
1717 2710 1776 2742 ed.,

985 2747 998 2772 ὲ
1003 2746 1182 2779 παναγαγεῐν.

1022 2778 1332 2815 (19)⁷Παράῖλιοςτμῐῖθε.
1346 2785 1361 2805 c
1376 2779 1460 2810 addit,
1477 2778 1588 2811 πολλάς.

1022 2813 1078 2850 (ἳο)
1092 2813 1198 2848 Καιρῷ.
1217 2823 1225 2839 ι
1246 2813 1378 2847 Tempore
1392 2815 1616 2848 persecutionis,»
1628 2822 1688 2842 cum
1700 2815 1775 2843 κίέῑι

988 2857 1030 2880 cet
1049 2851 1076 2878 in
1093 2851 1260 2878 Christianos
1272 2853 1376 2876 smvnrct
1389 2851 1546 2884 imperator.
