2060 3140
266 150 333 180 H87

856 152 890 182 'S.
911 150 1074 181 GREGORIl
1094 150 1268 182 THEOLOGI

1817 158 1885 188 “88

264 215 349 244 geret,
378 216 524 245 eorumque
553 210 667 238 salutem
697 211 854 247 negligeret,
871 213 917 246 qui
939 213 1100 247 gravissimo
1121 218 1242 248 tempore
1265 212 1496 248 periclitabantur,
1530 219 1558 241 ut
1590 216 1635 250 qui
1666 224 1801 244 neminem
1837 219 1886 245 Ita-

264 255 368 288 bereut,
385 257 431 291 qui
453 258 524 291 ipsos
538 259 570 285 ad
584 264 720 285 certamen
740 259 871 290 erudiret.
902 259 1053 293 anintisque
1070 260 1234 288 oblirmarct.
1266 260 1320 288 Nec
1343 262 1427 294 enim,
1460 262 1492 289 ad
1519 264 1669 297 augendum
1694 265 1776 292 animi
1794 266 1886 298 robur,

264 300 323 336 leve
347 307 511 328 momentum
531 303 563 330 iis
581 302 660 330 allen
676 304 774 336 oratio,
805 305 851 339 qui
879 305 912 331 ad
944 305 1051 331 virtutis
1068 306 1186 332 stadium
1203 306 1390 339 accinguntur.

300 347 356 374 XV.
372 348 484 375 Proinde
513 350 637 383 quamvis
662 358 776 386 corpore
803 353 921 384 abesset,
950 351 1045 386 spiritu

1133 353 1182 380 lE'.
1199 352 1248 379 Διά
1260 354 1339 380 τοῦτο
1350 354 1389 389 τῷ
1409 353 1515 389 σώματι
1537 354 1586 390 μὲν
1601 355 1683 391 ἀπῆν,
1701 356 1739 392 τῷ
1753 357 1889 392 πνεύματι

265 396 353 419 tamen
369 394 473 425 aderat,
489 394 515 420 itt
536 395 685 429 eademque
711 403 772 423 cum
803 396 855 429 his,
883 397 926 431 qui
948 405 1050 433 pugna-

265 437 339 468 bant,
355 439 502 465 certamine
522 441 703 467 versabatur:
724 446 750 468 et
765 442 863 476 quibus
878 442 966 476 lingua
989 443 1049 476 opi-

265 482 344 509 tulari
356 491 408 509 tton
421 489 535 518 poterat,
552 486 650 513 iisdem
664 486 744 522 M7
752 495 800 521 per
817 488 920 516 litteras
937 496 1050 515 succur-

263 529 351 555 rebat.
365 529 424 562 Quo
435 531 534 563 pacto?
547 531 664 566 Alipteut
681 534 763 565 enim,
783 534 888 560 tametsi
909 536 934 561 in
952 534 1047 561 exsilio

262 574 378 609 positus,
389 582 448 602 sese
465 581 585 610 przrstat,
609 578 808 606 cohortatorias
829 580 968 607 orationes
982 588 1048 607 con-

263 624 395 657 seribens,
419 625 598 660 pietatemque
619 626 771 654 litterarum
792 627 973 654 monumentis
986 635 1050 662 pro-

264 669 332 697 dens
351 678 359 696 :
373 677 403 696 ac
417 670 508 704 plures
524 673 718 706 propemodum
732 673 807 699 solus
826 673 881 707 ipse
890 680 938 707 per
948 673 1050 707 episto-

264 715 304 742 las
318 715 352 742 ad
367 715 536 743 subeundum
553 717 711 752 martyrium
729 717 843 751 inducit,
859 726 940 753 quam
956 717 1048 745 caeteri

263 769 313 796 per
327 769 356 789 se
369 769 474 793 omnes,
490 763 536 797 qui
559 767 614 790 tum
633 763 825 791 dimicantibus
850 769 949 799 praesto
960 768 1049 791 erant.

263 807 396 835 Admonet
419 809 501 840 enim,
521 817 554 836 ne
576 810 704 843 patriam,
733 817 768 837 ne
793 818 889 844 genus,
911 818 945 836 ne
961 810 1048 836 facul-

264 858 372 880 tateset
391 854 493 888 copias,
509 861 543 881 ne
571 862 636 889 opes
659 860 686 882 et
709 855 870 890 potentiam,
897 859 944 882 aut
973 855 1048 882 aliud

264 899 399 934 quidpiam
418 907 521 931 eorum.
535 908 595 934 qua:
615 901 688 927 humi
706 905 792 928 strata
807 906 834 928 et
851 901 954 928 caduca
974 906 1049 933 sunt,

263 944 371 970 veritati
399 945 572 980 prmmiisque
595 946 657 977 illis,
679 953 739 980 quae
755 947 863 973 virtutis
881 954 960 974 causa
979 948 1051 982 peri-

263 990 352 1017 culum
375 991 540 1018 adeuntibus
559 992 584 1018 in
602 992 671 1019 cmlo
691 992 829 1019 recondita
845 997 918 1024 sunt,
936 998 1050 1027 antepo-

262 1044 369 1063 namus.
379 1036 454 1064 Hanc
471 1038 541 1064 enim
553 1038 762 1071 negotiationem
780 1039 898 1064 omnium
918 1044 1048 1073 pnestau-
1064 1028 1086 1058 Β

262 1082 394 1109 tissimam
406 1090 477 1114 esse,
493 1091 545 1117 qtta
568 1083 657 1116 exigui
678 1083 818 1118 sanguinis
834 1083 920 1117 pretio
939 1083 1048 1111 caeleste

262 1136 373 1163 regnum
388 1129 497 1161 emitur,
509 1137 540 1156 ac
551 1129 643 1156 brevia
657 1135 683 1156 et
697 1129 801 1164 fragilia
817 1130 884 1156 bona
901 1137 961 1155 cum
979 1137 1048 1156 sent-

261 1175 366 1210 piterna
397 1175 480 1210 gloria
500 1181 711 1202 commutantur.
731 1175 819 1203 Unam
843 1176 915 1202 enitn
942 1176 1049 1208 magnis

261 1226 290 1247 et
317 1221 430 1248 excelsis
452 1221 518 1248 viris
541 1222 655 1255 patriattt
682 1229 752 1254 esse,
781 1228 878 1255 nempe
900 1220 1048 1248 Jerusalem

261 1267 334 1295 illam
362 1275 421 1302 quae
450 1273 540 1294 tuente
567 1268 726 1302 percipitur,
748 1275 800 1294 non
825 1275 883 1298 eas,
914 1275 981 1302 quas
1003 1267 1048 1294 hi1:

262 1313 384 1348 angustis
401 1314 499 1340 finibus
515 1313 735 1347 circumscriptas
752 1319 823 1345 esse,
838 1317 920 1347 atqtte
935 1313 968 1339 ab
983 1312 1044 1339 aliis

262 1359 375 1394 aliisque
393 1359 548 1386 hominibus
562 1359 675 1386 subinde
699 1359 778 1386 incoli
799 1359 940 1386 videmus:
960 1366 1045 1385 unttut

261 1405 325 1432 item
340 1406 447 1440 generis
462 1404 631 1439 splendorem
657 1405 683 1431 in
699 1411 731 1431 eo
756 1405 916 1437 consistere,
931 1409 959 1430 ut
978 1404 1047 1431 divi-

261 1457 324 1476 nam
357 1450 501 1484 imaginem
538 1455 748 1482 conservemus,
791 1454 872 1483 atque
908 1448 1048 1482 exemplar

260 1499 383 1522 nostrum
410 1494 562 1527 imitemur,
587 1498 717 1529 quantum
745 1495 853 1529 qunlem
886 1494 919 1521 iis
941 1493 1047 1528 assequi

261 1541 351 1573 datur,
366 1540 412 1574 qui
432 1540 523 1567 carnis
540 1539 655 1567 vinculis
669 1540 773 1566 astricti
794 1545 866 1571 sunt,
884 1547 916 1566 ac
937 1540 1043 1574 perexi-

261 1592 328 1620 guos
342 1585 474 1612 duntaxat
481 1584 602 1619 primarii
612 1584 674 1611 boui
687 1584 786 1611 rivulos
800 1584 923 1619 accipere
930 1589 1045 1618 queunt:

260 1638 343 1658 unum
359 1637 440 1665 porro
463 1630 642 1664 principatum
662 1630 688 1656 in
714 1630 765 1656 ltoc
791 1629 906 1663 positum
928 1637 998 1661 esse,
1017 1634 1047 1656 ut

260 1676 376 1712 palmam
399 1676 529 1702 adversus
551 1675 702 1709 improbuttt
725 1675 799 1702 illum
814 1675 997 1707 obtineamus,
1014 1683 1046 1702 ae

259 1708 295 1750 ne
315 1723 342 1749 in
363 1722 396 1749 iis
410 1721 615 1753 certaminibus,
636 1729 697 1756 qua:
723 1721 830 1755 pietatis
855 1728 937 1747 causa
959 1721 1044 1748 susri-
1057 1708 1081 1736 θ

259 1769 379 1802 piantur,
391 1769 495 1794 animos
512 1772 619 1794 nostros
645 1767 730 1802 frangi
747 1771 826 1801 atque
841 1767 989 1801 expugnari
1006 1767 1043 1794 si-

260 1820 368 1844 namus.
384 1813 428 1839 ubi
445 1812 536 1838 vitium
551 1820 612 1839 cum
628 1811 863 1846 virtuteconlligit,
877 1815 904 1838 et
915 1811 1004 1838 fluxus
1013 1819 1046 1838 ac

259 1859 364 1894 fragilis
380 1859 498 1886 mundus
513 1865 573 1884 cum
591 1858 668 1885 ﬁrmo
683 1863 709 1885 et
720 1858 830 1890 stabili;
849 1863 876 1884 et
886 1858 999 1885 acerbus
1013 1866 1046 1885 ac

260 1904 429 1931 truculentus
442 1903 598 1930 certaminis
609 1910 707 1937 prmses
719 1910 780 1930 cum
790 1902 905 1929 fortibus
920 1903 1038 1934 athletis,

260 1955 287 1977 et
319 1948 401 1976 Belial
428 1949 558 1975 adversus
584 1948 722 1975 Christum
750 1948 835 1975 aciem
867 1948 985 1975 instruit.
1005 1948 1045 1976 οι)

259 2002 362 2030 easque
386 2001 482 2021 causas
503 1999 530 2020 et
552 1993 655 2028 gladios
679 1998 862 2025 contemnere,
877 1999 904 2020 et
919 1993 1044 2029 frigidum

259 2041 360 2075 ignem,
374 2047 407 2067 ac
426 2039 498 2066 feras
514 2039 663 2074 quamlibet
678 2039 810 2066 immanes
825 2044 853 2066 et
866 2039 1044 2071 truculentas,
1064 2039 1068 2048 ‘

260 2087 340 2113 mites
352 2086 520 2118 existimare,
533 2089 558 2111 et
574 2085 671 2111 famem
684 2092 732 2118 pro
751 2085 863 2111 summis
881 2084 984 2112 deliciis
998 2085 1047 2112 du-

259 2139 334 2164 cere,
356 2131 503 2158 amicorum
519 2136 609 2157 autent
627 2135 655 2157 et
674 2130 885 2165 propinquorum
900 2130 1044 2165 laerymas,

1099 399 1128 425 δὲ
1141 399 1241 435 παρῆν,
1264 400 1381 431 καὶτοῖς
1408 400 1518 427 ἁθλοῦσι
1545 402 1753 436 συνηγωνίζετο·
1779 403 1826 430 καὶ
1851 404 1886 439 τῇ

1100 444 1209 481 γλώσσῃ
1231 445 1280 480 μὲν
1298 445 1404 481 βοηθεῖν
1419 446 1468 473 οὐκ
1490 443 1573 482 εἶχεν,
1592 447 1683 483 βοηθεῖ
1702 448 1730 475 δὲ
1745 448 1783 484 τῷ
1795 450 1887 485 γράμ-

1101 499 1176 526 ματι.
1192 491 1254 522 Πῶς
1268 491 1342 526 (21);
1365 492 1508 528 ’Λλείπτης
1532 493 1675 529 ὑπερόριος
1693 494 1807 528 γίνεται,
1824 497 1888 528 τοὺς

1099 538 1314 573 προτρεπτικοὺς
1346 538 1510 574 συγγράφων
1524 559 1531 570 ,
1561 539 1608 566 καὶ
1632 540 1808 576 λογογραφῶν
1838 542 1889 577 τὴν

1099 583 1250 616 εὐσέϐειαν,
1278 584 1325 610 καὶ
1352 584 1461 616 πλείους
1474 585 1576 617 ἐκεῖνος
1593 585 1649 620 (22)
1671 587 1762 621 σχεδὸν
1777 587 1806 619 ἐξ
1828 589 1889 614 ἑπι-

1101 629 1201 656 στολῶν
1214 631 1331 656 ποιεῖται
1357 629 1414 665 (εδ)
1438 630 1580 666 μάρτυρας
1594 631 1683 666 μόνος,
1698 632 1716 667 ἢ
1743 633 1842 664 πάντες
1853 632 1888 660 δι’

1100 676 1205 703 ἑαυτῶν
1237 677 1261 703 οἱ
1290 676 1423 712 παρόντες
1453 679 1509 708 τοῖς
1531 678 1591 704 τότε
1619 678 1763 714 κάμνουσι.
1796 680 1887 706 Πείθει

1099 723 1162 758 γαρ,
1196 722 1233 758 μὴ
1248 722 1383 758 πατρίδα,
1412 723 1451 759 μὴ
1476 723 1564 758 γένος,
1590 724 1627 759 μὴ
1654 725 1822 760 περιουσίαν,
1849 726 1887 762 μὴ

1099 767 1266 799 δυναστείαν,
1299 767 1336 803 μὴ
1364 768 1426 794 ἄλλο
1448 778 1474 795 τι
1489 769 1543 796 τῶν
1567 771 1653 805 χαμαὶ
1673 771 1817 806 κειμένων,
1835 772 1885 807 ἔμ-

1100 813 1215 848 προσθεν
1235 813 1310 848 ἄγειν
1338 814 1388 849 τῆς
1413 815 1539 850 ἀληθείας
1553 816 1625 850 (24),
1642 817 1688 844 καὶ
1710 817 1763 844 τῶν
1783 817 1887 844 ἐκεῖθεν

1099 860 1288 894 ἀποκειμένων
1314 859 1401 887 ἄθλων
1430 861 1480 896 τῆς
1513 862 1622 897 ἀρετῆς,
1653 863 1709 894 τοῖς
1737 862 1808 898 ὑπὲρ
1837 863 1884 890 τοῦ

1099 905 1182 931 καλοῦ
1197 905 1398 934 κινδυνεύουσι.
1418 907 1471 933 Καὶ
1488 907 1588 943 ταύτην
1604 905 1671 934 εἶναι
1692 910 1886 944 πραγματειῶν

1099 950 1148 985 τὴν
1166 951 1280 987 ἀρίστην
1307 951 1374 987 (23),
1400 952 1514 987 αἵματος
1536 953 1626 987 ὀλίγου
1650 953 1786 988 βασιλείαν
1805 955 1886 990 οὐρα-

1099 997 1152 1023 νῶν
1182 998 1358 1033 ὠνήσασθαι,
1379 999 1426 1025 καὶ
1453 999 1531 1034 δόξης
1561 1000 1697 1035 ἀῖδιὸτητα
1722 1001 1777 1027 τῶν
1803 1010 1892 1036 προσ-ι

1100 1042 1204 1078 καίρων
1240 1043 1393 1070 ἀντιλαϐεῖν
1423 1044 1544 1079 ἀγαθῶν.
1568 1045 1638 1071 Μίαν
1666 1046 1715 1081 μὲν
1739 1047 1794 1081 γὰρ
1815 1043 1887 1073 εἶναι

1100 1088 1219 1122 πατρίδα
1239 1090 1295 1119 τοῖς
1311 1089 1431 1125 ὑψηλοῖς,
1451 1090 1500 1124 τὴν
1524 1091 1671 1126 νοουμένην
1698 1091 1885 1127 Ἰερουσαλὴμ,

1098 1133 1128 1159 οὐ
1156 1134 1205 1165 τὰς
1236 1136 1343 1169 μικροῖς
1364 1135 1448 1170 ὁρίοις
1473 1135 1589 1162 ἐνταῦθα
1610 1136 1813 1172 διειλημμένας,
1839 1138 1886 1164 καὶ

1099 1178 1212 1210 πολλοὺς
1247 1179 1413 1214 ἀμειϐοὑσας
1453 1181 1606 1216 οἰκήτορας·
1641 1182 1704 1216 μίαν
1734 1181 1761 1208 δὲ
1791 1184 1888 1217 γένους

1098 1224 1287 1260 λαμπρότητα,
1313 1226 1361 1261 τὴν
1392 1227 1441 1262 τῆς
1471 1227 1574 1259 εἰκόνος
1598 1228 1723 1263 τήρησιν,
1748 1229 1794 1255 καὶ
1817 1229 1889 1265 πρὸς

1097 1269 1128 1296 τὸ
1152 1271 1304 1305 ἀρχέτυπον
1332 1271 1502 1307 ἐξομοίωσιν,
1528 1273 1588 1300 ὅσον
1611 1274 1720 1308 ἐφικτὸν
1743 1277 1799 1308 τοῖς
1820 1284 1887 1312 σαρ-

1097 1316 1145 1347 κὸς
1169 1315 1301 1352 δεσμίοις,
1330 1318 1376 1344 καὶ
1406 1318 1537 1354 βραχεῖαν
1564 1320 1702 1356 ἀπορροὴν
1727 1321 1774 1348 τοῦ
1802 1323 1885 1349 καλοῦ

1098 1361 1221 1397 δέχεσθαι
1246 1363 1417 1398 δυναμένοιςι
1437 1364 1501 1399 μίαν
1530 1365 1558 1392 δὲ
1580 1365 1749 1400 δυναστείαν,
1766 1367 1796 1395 τὺ
1815 1369 1887 1395 κατὰ

1097 1408 1144 1434 τοῦ
1168 1409 1286 1444 πονηροῦ
1311 1410 1421 1445 κράτος,
1449 1411 1496 1438 καὶ
1522 1412 1552 1438 τὸ
1567 1413 1615 1447 τῆς
1643 1413 1732 1448 ψυχῆς
1749 1414 1886 1441 ἀνάλωτον

1098 1453 1144 1479 καί¹
1158 1454 1292 1489 ἀήττητον
1320 1456 1348 1482 ὲν
1376 1457 1435 1487 τοῖς
1459 1457 1529 1493 ὑπὲρ
1546 1458 1685 1491 εὐσεϐείας
1699 1459 1756 1495 (26)
1770 1460 1883 1495 ἀγῶσιν,

1098 1499 1179 1534 ἡνίκα
1215 1501 1299 1527 κακία
1332 1502 1400 1537 πρὸς
1430 1503 1528 1539 ἀρετὴν
1555 1505 1716 1538 ἀγωνίζεται
1748 1507 1814 1541 (27),
1838 1507 1883 1533 καὶ

1098 1545 1199 1580 κόσμος
1225 1546 1292 1581 πρὸς
1321 1547 1433 1583 κόσμον,
1453 1551 1467 1575 ὁ
1491 1549 1619 1585 λυόμενος
1648 1551 1716 1587 πρὸς
1735 1552 1779 1578 τὸν
1802 1553 1882 1579 ἐστῶη

1096 1598 1131 1616 τα
1159 1591 1226 1627 (28),
1256 1592 1302 1619 καὶ
1329 1595 1425 1630 πικρὸς
1456 1596 1626 1633 ἀγωνοθέτης
1652 1598 1718 1633 πρὸς
1745 1599 1884 1633 γενναίους

1098 1636 1266 1669 ἀγωνιστὰς.
1294 1639 1341 1665 καὶ
1367 1640 1464 1676 Βελίαρ
1488 1642 1555 1676 πρὸς
1573 1643 1689 1677 Χριστὸν
1709 1644 1883 1678 παρατάσσε-

1097 1689 1140 1707 ται
1166 1682 1231 1716 (29),
1255 1684 1304 1710 Διὰ
1324 1686 1408 1714 ταῦτα
1438 1691 1615 1724 καταφρονεῖν
1637 1691 1686 1725 μὲν
1709 1690 1794 1725 ξιφῶν
1820 1692 1882 1718 ἀνέ-

1099 1727 1185 1759 πειθε,
1212 1728 1314 1766 ψυχρὸν
1345 1732 1373 1758 δὲ
1406 1734 1526 1768 νομίζειν
1549 1736 1578 1762 τὸ
1607 1736 1680 1772 πῦρ,
1709 1737 1830 1772 ἡμέρους
1854 1738 1882 1766 δὲ

1100 1771 1201 1799 οἴεσθαι
1225 1773 1315 1810 θηρῶν
1342 1778 1403 1809 τοὺς
1432 1778 1638 1813 ἀγριωτάτους,
1663 1771 1741 1817 λιμὸν
1763 1771 1792 1808 δὲ
1818 1783 1879 1809 ὑπο-

1100 1818 1246 1854 λαμϐάνειν
1259 1822 1308 1857 τὴν
1330 1823 1459 1851 ἀνωτάτω
1472 1826 1586 1861 τρυφὴν.
1602 1827 1707 1862 δάκρυα
1723 1828 1751 1854 δὲ
1762 1828 1815 1854 τῶν
1825 1828 1882 1863 (50)

1099 1863 1216 1895 οἰκείων,
1253 1867 1299 1892 καὶ
1321 1866 1446 1903 θρήνους,
1472 1870 1518 1896 καὶ
1541 1872 1663 1906 οἰμωγὰς
1688 1873 1880 1908 παρατρέχειν,

1099 1908 1136 1939 ὡς
1163 1909 1209 1935 τοῦ
1235 1913 1352 1947 πονηροῦ
1377 1914 1557 1951 δελεάσματα,
1577 1918 1622 1944 χαὶ
1654 1918 1801 1953 κωλύματα
1833 1919 1883 1954 τῆς

1095 1953 1168 1986 Θείας
1193 1955 1355 1992 ὁδοιπορίας.
1375 1960 1466 1992 Ταῦτα
1490 1962 1543 1997 γὰρ
1559 1959 1626 1989 εἶναι
1645 1963 1776 2000 ἀνδρικῶν
1789 1965 1883 2000 ψυχῶν

1095 1999 1142 2026 καὶ
1166 2002 1305 2034 γενναίων.
1323 2005 1369 2031 καὶ
1388 2005 1517 2042 λογισμοῦ
1544 2008 1689 2044 σώφρονος.
1709 2010 1764 2036 Καὶ
1784 2010 1813 2036 τὸ
1829 2019 1882 2037 πα-

1095 2045 1229 2082 ράδειγμα
1256 2049 1371 2083 ἐγγύθεν
1397 2052 1504 2084 αὑτὸςὸ
1524 2054 1610 2080 ταῦτα
1635 2055 1722 2090 λέγων
1750 2057 1796 2082 καὶ
1813 2057 1881 2092 γρὰ-

1095 2099 1161 2124 (pun,
1191 2094 1279 2122 πάντα
1311 2097 1485 2132 ἡγησάμενος
1516 2100 1648 2133 σκύϐαλα,
1684 2101 1727 2128 ἵνα
1764 2102 1881 2138 Χριστὸν

1095 2138 1224 2174 κερδήσῃ.

259 2182 287 2204 et
300 2177 397 2208 luctus,
411 2181 438 2204 et
456 2176 583 2210 gemitus,
602 2180 631 2202 ut
644 2175 744 2202 diaboli
762 2175 913 2207 illecebras,
936 2175 1040 2210 viaeque

1114 2181 1195 2210 Deum
1208 2184 1529 2222 ferentisimpedimenta,
1562 2191 1700 2224 praeterire
1735 2193 1878 2220 suadebat.

260 2224 323 2252 Haec
338 2224 410 2251 enim
422 2223 539 2250 virilium
551 2227 579 2249 et
593 2226 763 2249 strenuarum
780 2221 943 2254 animarum,
960 2227 1042 2257 atque
1060 2227 1198 2259 prudentis
1218 2233 1321 2259 consilii
1344 2240 1404 2261 esse
1435 2221 1569 2262 ducebat;
1596 2235 1695 2263 narum
1719 2243 1807 2264 amem
1829 2246 1873 2264 τε-

259 2277 320 2296 rum
349 2269 528 2304 propinquum
572 2267 724 2302 exemplum
756 2266 800 2293 ille
831 2267 888 2301 ipse
915 2272 983 2300 erat,
1008 2270 1054 2304 qui

260 2315 426 2343 stercoribus
443 2315 574 2346 duxisset,
591 2318 620 2340 ut
632 2313 767 2340 Christuttt
786 2312 978 2341 lucraretur".

297 2361 366 2388 XVI.
383 2360 440 2390 Hoc
459 2361 551 2387 animo
568 2359 696 2394 praeditus
712 2359 874 2394 Cyprianus,
892 2364 974 2394 atque
991 2362 1042 2387 hu-
1059 2364 1082 2392 Ι)

257 2407 373 2442 jusutodi
397 2406 566 2433 sermonibus
592 2405 759 2432 Christianos
782 2405 815 2431 ad
834 2411 973 2433 certamen
995 2415 1040 2434 ar-

259 2460 346 2483 mans,
374 2452 520 2487 permultos
546 2451 580 2478 ad
606 2455 718 2478 morteut
743 2458 790 2486 pro
811 2450 911 2478 Christi
930 2453 1040 2480 nomine

301 2509 323 2524 ³⁵
333 2507 449 2542 Philipp.
473 2514 514 2538 ιιι,
527 2506 554 2533 8.

294 2564 350 2599 (21)
366 2562 448 2599 Πῶς]
467 2571 477 2587 ι
494 2562 648 2599 Quomodo?
660 2572 680 2599 ν»
694 2563 714 2589 Α
727 2562 802 2589 Billio
815 2563 954 2590 omissum.

294 2597 350 2633 (2‘2)
368 2597 509 2630 Ἐκεῖνος.
523 2598 601 2633 Deest
615 2599 641 2624 in
660 2598 725 2632 Reg.
742 2599 822 2633 Cypr.

295 2632 350 2668 (25)
366 2633 503 2660 Ποιεῖτιιι.
520 2632 567 2660 Or.
588 2633 614 2664 1,
629 2634 710 2659 ποιεῖ.

276 2667 351 2710 ~(2f)
372 2668 428 2715 ζῆς
440 2668 593 2702 ἀληθείας.
603 2668 647 2695 Sic
657 2669 740 2703 ltcgg.
756 2676 782 2701 a,
795 2675 819 2699 c,
834 2667 889 2700 bm,
904 2668 950 2702 plt.
965 2668 1044 2696 Deest
1057 2706 1064 2715 Ι

258 2703 581 2778 Ἷῗεέῗθῖίινάρίστην.
605 2737 649 2764 Sic
675 2737 782 2772 Reg.d,
799 2742 825 2765 et
850 2737 945 2765 Comh.
962 2737 1041 2766 Deest

293 2774 528 2842 ἴέῶἓὲσεὸείας.
540 2807 584 2834 Sic
591 2807 674 2842 Ἆρες.
687 2807 742 2837 bm,
752 2808 797 2841 ph,
807 2808 887 2837 Coisl.
895 2809 943 2836 '2et
953 2808 999 2837 0r.
1012 2808 1036 2835 l.

259 2841 345 2870 l’rave
355 2843 381 2870 in
394 2843 447 2870 τά..
459 2842 596 2876 ἀσεϐείας,
609 2851 618 2869 ι
635 2841 790 2878 impietatis.
803 2853 812 2868 ι

1092 2272 1149 2301 haec
1173 2275 1278 2305 dicebat
1302 2286 1334 2306 ac
1360 2281 1505 2313 scribebat,
1526 2285 1619 2317 utpote
1643 2283 1690 2317 qui
1718 2283 1808 2310 omnia
1831 2292 1880 2319 pro

1133 2364 1190 2397 Ιςι.
1215 2365 1293 2392 Οὕτω
1318 2367 1506 2403 διανοούμενος
1527 2370 1694 2405 Κυπριανὸς,
1724 2371 1770 2398 καὶ
1794 2371 1879 2404 οὕτως

1093 2409 1209 2442 ὁπλίζων
1228 2413 1284 2443 τοῖς
1306 2412 1394 2446 λόγοις
1414 2414 1482 2450 πρὸς
1495 2415 1539 2441 τὸν
1555 2416 1657 2450 ἀγῶνα,
1671 2416 1784 2448 πολλοὺς
1798 2417 1879 2453 ἀθλη-

1093 2454 1142 2486 τὰς
1164 2456 1347 2492 ἀπειργάζετο
1365 2458 1430 2493 (51).
1458 2460 1580 2487 Καὶτίνα
1598 2461 1693 2496 μισθὸν
1706 2462 1806 2489 τούτων
1831 2471 1878 2489 κο-

1131 2564 1186 2604 (27)
1209 2565 1400 2604 Ἀπυνίζεταμ
1419 2567 1464 2595 Sic
1480 2568 1562 2604 chg.
1582 2577 1608 2602 a,
1624 2577 1648 2602 e,
1663 2570 1678 2597 d
1694 2575 1721 2597 et
1737 2570 1783 2598 0r.
1806 2572 1832 2599 1.
1847 2571 1878 2600 In

1095 2600 1344 2639 cdtlgytﬂiqqtat.

1130 2635 1185 2671 (28)
1207 2635 1344 2671 Ἐστῶτα.
1362 2637 1464 2671 Reg.d,
1484 2638 1628 2666 ἐνεστῶτα.

1130 2669 1430 2710 (ἓψηαρατίίσσετάὶ.
1441 2674 1487 2700 Sic
1498 2673 1581 2708 Itegg.
1593 2683 1619 2707 a,
1635 2675 1743 2710 bm,plt,
1757 2675 1839 2703 etOr.
1849 2676 1874 2703 Ι.

1095 2711 1121 2730 tu
1135 2705 1191 2743 2d,,
1205 2706 1427 2743 παρατάσσηται.

1130 2739 1185 2776 (ξθ)
1204 2739 1274 2776 Tritia
1291 2742 1336 2768 Sic
1352 2739 1429 2769 codd.
1443 2742 1527 2770 Prave
1538 2744 1627 2776 in’ed.,
1642 2745 1697 2772 τόν.

1132 2774 1414 2818 (initiatum-uitem.
1435 2778 1463 2805 ltt
1485 2774 1653 2814 quibusdam,
1678 2782 1876 2818 ἀπεργάζεται.

1093 2807 1122 2836 1η
1141 2807 1210 2844 aliis,
1224 2807 1418 2844 ἀπείργασατο.
