2060 3140
175 148 243 176 M89

588 143 723 175 ORATIO
743 147 836 174 XXI'V.
856 162 889 168 —
904 148 943 174 1N
960 146 1106 176 LAUDEM
1126 147 1155 174 S.
1176 143 1350 175 CYPRIANL

1728 148 1797 179 Πθθ

176 205 300 241 timeat;
328 205 371 236 Ὠς
397 204 494 240 δαψιλῆ
517 203 564 231 καὶ
597 204 751 240 φιλότιμονί
777 205 888 240 Μάρτυς
912 206 958 232 ἐπὶ

1013 205 1186 240 appetendam
1204 206 1366 240 impellebat.
1391 205 1530 239 Quodnam
1551 210 1640 234 autem
1661 207 1743 242 hujus
1756 210 1795 238 rei

174 252 256 278 πᾶσιν
279 247 319 281 οἷς
345 249 502 286 προέπεμψε
531 249 646 284 γίνεται,
672 251 744 284 ξίφει
764 250 813 285 τὴν
838 251 958 286 κεφαλὴν

173 295 289 331 τμηθεὶς
319 295 375 331 (52)
400 295 447 322 καὶ
474 296 535 326 ταῖς
561 295 671 327 πολλαῖς
705 296 831 332 βασάνοις
857 296 958 332 ταύτην

173 341 312 377 ἐπιτίθησι
334 341 382 377 τὴν
400 341 455 376 (55)
477 341 619 376 κορωνίδα.
639 341 717 368 Οὕτω
742 342 852 377 Χριστῷ
878 350 960 376 προσ-

174 387 280 421 άγεται,
315 386 385 413 οὕτω
413 385 480 422 πρὸς
501 386 618 422 Χριστὸν
647 387 829 421 μετατίθεται,
847 388 861 414 ὁ
877 388 960 419 πολὺς

174 433 203 458 ἐν
231 430 351 466 ἀσεϐείᾳ,
370 431 417 457 καὶ
440 430 539 456 πλείων
560 431 588 456 ὲν
615 430 740 466 εὐσεϐείᾳ
755 430 922 465 Κυπριανὶις,
947 431 961 456 ὁ

175 477 262 512 μέγας
289 477 335 503 καὶ
359 475 474 512 διώκτης
498 476 545 502 καὶ
569 476 745 510 στεφανίτης,
769 476 783 502 ὁ
808 476 857 511 τὴν
875 485 958 510 μετα-

178 523 254 558 Ξολὴν
269 523 319 557 οὐχ
342 520 423 558 ἧττον
438 522 453 557 ἢ
468 521 516 556 τὴν
530 521 630 557 ἀρετὴν
656 521 815 556 θαυμάσιος.
842 521 878 547 Οὐ
905 521 960 556 γὰρ

179 567 245 594 {duo
264 567 334 602 μέγα
355 566 440 593 τύπον
456 566 559 600 ἀγαθοῦ
571 566 766 598 διασώσασθαι,
781 567 818 598 ὼς
829 567 860 593 τὸ
870 576 962 594 καινο-

179 613 291 648 εομῆσαι
313 612 476 639 θεοσέϐειαν.
492 612 528 638 Τὸ
542 612 591 647 μὲν
609 612 663 648 γὰρ
674 613 723 647 τῆς
740 612 960 647 συνηθείαςίὸιί),

180 659 205 685 τὸ
222 658 248 684 δὲ
261 658 309 694 τῆς
323 658 470 690 εὐῦουλίας·
487 659 534 685 καὶ
552 657 582 684 τὸ
601 658 649 693 μὲν
674 658 728 684 τῶν
755 658 861 690 πολλοῖς
875 659 962 694 ὑπαρ-

178 703 286 738 χόντων,
302 703 349 730 τοῦ
365 703 393 730 δὲ
417 703 494 737 ὀλίγα
509 703 543 730 τὰ
569 703 775 739 παραδείγματα
789 704 854 739 (55).

1007 250 1147 284 praemium
1163 250 1248 286 448
1263 251 1344 278 tulit?
1363 251 1449 284 Quam
1472 251 1612 285 copiosum
1629 258 1709 288 atque
1733 261 1796 289 pro-

1008 294 1115 321 fusum!
1139 294 1203 322 Post
1227 302 1274 322 eos
1301 295 1373 322 enim
1398 303 1502 327 omnes,
1521 304 1588 331 quos
1614 299 1796 332 praemiserat,

1009 340 1104 374 capitis
1118 341 1327 369 obtruncatione
1347 342 1469 377 martyrii
1493 342 1610 376 palmam
1626 344 1795 379 adipiscitur.

1010 385 1157 420 multisque
1180 387 1324 414 tormentis
1338 387 1408 414 hanc
1421 387 1578 415 coronidem
1595 388 1718 423 imponit.
1749 391 1795 418 Sic

1013 432 1121 459 Christo
1131 431 1252 465 oﬂertur,
1264 433 1303 460 sic
1313 433 1346 460 ad
1361 433 1498 461 Christum
1514 433 1611 468 migrat
1628 435 1672 462 ille
1682 443 1795 470 magnus

1012 477 1039 504 in
1051 478 1203 511 impietate,
1219 480 1306 512 major
1332 484 1424 507 autem
1449 480 1474 506 in
1500 481 1601 514 pietate
1626 480 1794 516 Cyprianus;

1013 521 1067 554 ille,
1084 522 1205 557 inquam.
1222 531 1336 558 magnus
1352 529 1406 551 tum
1426 530 1593 558 persecutor,
1613 530 1668 552 tum
1690 526 1795 559 victor;

1014 575 1066 594 non
1083 568 1171 595 minus
1182 569 1216 595 ob
1229 570 1289 596 vitte
1310 570 1500 604 mutationem,
1521 578 1602 605 quam
1621 571 1657 598 ob
1670 572 1798 600 virtutem

1013 614 1197 641 admirandus.
1213 614 1307 650 Neque
1332 616 1404 643 enim
1425 622 1478 643 tam
1500 618 1618 652 amplum
1633 625 1665 644 ac
1687 618 1799 653 prazcla-

1014 667 1072 686 rum
1094 664 1136 686 est
1159 660 1221 687 boni
1247 660 1361 688 formam
1381 661 1544 689 incolumem
1563 670 1698 695 servasse.
1714 671 1796 698 quam

1015 709 1115 731 mutata
1142 706 1204 732 vita:
1226 706 1329 733 ratione
1354 707 1472 734 animum
1488 707 1522 734 ad
1542 708 1652 742 pietatis
1677 709 1797 736 studium

177 752 330 780 contulisse.
348 751 413 778 Illud
433 751 505 778 enim
524 751 729 779 consuetudinis
759 757 810 784 est,
844 752 894 779 hoc
916 751 993 786 probi
1012 756 1040 779 et
1063 753 1203 786 prudentis
1226 753 1350 786 consilii;
1384 753 1448 781 illud
1467 753 1596 790 frequens
1623 762 1656 782 ac
1676 755 1796 791 vulg-are,

178 802 229 829 hoc
248 800 303 828 rari
321 800 432 826 omnino
445 799 571 834 exempli.

214 849 264 875 IZ'.
288 847 357 874 Ἀλλ’
381 845 436 874 οἷον
458 848 491 883 δὴ
514 848 623 874 κάκεῖνο
650 847 704 875 τῶν
733 848 837 875 ἐκείνου
855 847 962 883 θαυμά-

1049 846 1129 874 χνιι.
1143 845 1202 874 Jam
1223 846 1302 881 quale
1317 846 1381 874 illud
1400 855 1508 883 quoque
1533 848 1619 882 ipsius
1639 849 1797 876 miraculum

181 903 246 927 nov;
265 893 371 929 Μικρὸν
389 893 446 928 (56)
464 893 503 920 ἔτι
530 893 569 929 τῷ
581 894 653 929 λόγῳ
665 894 960 930 προσκαρτερήσωμεν,

178 941 220 966 ἵνα
245 938 284 975 τῷ
308 939 409 974 ἀθλητῇ
438 938 624 974 χαρισώμεθα.
656 939 774 974 Τοιαύτη
809 939 858 974 μὲν
879 940 896 974 ἡ
914 937 961 964 τοῦ

177 985 273 1020 ἀνδρὸς
291 984 422 1016 πολιτεία,
435 985 555 1016 τοιοῦτος
577 985 604 1011 δὲ
615 985 629 1010 6
639 985 688 1020 τῆς
700 985 840 1020 ἀθλήσεως
850 985 960 1020 τρόπος.

182 1032 258 1058 Ἐπεὶ
277 1031 306 1057 δὲ
327 1030 454 1057 καταλύει
478 1031 522 1057 τὸν
538 1030 594 1066 βίον
618 1030 652 1065 (εἰ
676 1030 754 1066 θέμις
768 1029 847 1056 τοῦτο
865 1031 961 1060 εἰπεῖν,

177 1077 245 1104 ἀλλὰ
262 1077 298 1112 μὴ
319 1077 387 1112 πρὸς
411 1077 476 1103 Θεὸν
497 1076 630 1112 ἐκδημίαν
653 1076 784 1111 ὀνομάσαι
802 1076 833 1102 τὸ
857 1076 961 1102 ἐκείνου

178 1124 302 1159 πρᾶγμα,
333 1122 350 1157 ἢ
378 1122 461 1149 πόθου
487 1122 635 1158 πλήρωσιν,
661 1122 678 1157 ἦ
708 1121 816 1157 δεσμῶν
833 1121 919 1151 λύσιν,
944 1122 961 1157 ἦ

179 1169 277 1205 βάρους
302 1168 459 1203 διάζευξιν),
495 1167 740 1204 θαυματουργεῖταί
772 1176 798 1194 τι
825 1167 963 1194 κάνταῦθα

177 1216 231 1242 τῶν
260 1215 462 1251 προειληφότων
494 1214 578 1247 ἄξιον·
600 1214 630 1240 τὸ
649 1214 697 1248 μὲν
711 1213 795 1248 ὖνομα
809 1213 875 1240 πολὺ
888 1213 963 1248 παρὰ

178 1262 245 1288 πᾶσι
267 1261 437 1298 Κυπριανοῦ,
469 1260 515 1287 καὶ
539 1260 569 1286 οὐ
596 1260 768 1296 Χριστιανοῖς
792 1259 881 1294 μόνον,
896 1259 964 1286 ἀλλὰ

178 1307 225 1334 καὶ
251 1309 308 1338 τοῖς
333 1307 382 1343 τὴν
400 1306 523 1333 ἐναντίαν
546 1306 602 1341 (57)
616 1307 682 1341 ἡμῖν
693 1306 869 1340 τεταγμένοις
885 1306 963 1339 (πᾶσι

178 1354 232 1389 γὰρ
257 1353 357 1388 ὁμοίως
381 1352 437 1388 (58)
458 1352 489 1378 τὸ
511 1352 592 1379 καλὸν
610 1351 767 1386 αἰδέσιμον)-
792 1351 822 1377 τὸ
843 1350 921 1385 σῶμα
935 1350 964 1376 δὲ

179 1398 279 1432 ἀφανὲς
300 1396 333 1433 ἦν
347 1398 414 1432 (59),
441 1397 488 1424 καὶ
509 1398 523 1424 ό
546 1397 682 1432 θησαυρὸς
711 1395 786 1431 παρά
797 1404 849 1421 τινι
862 1395 964 1430 γυναίῳ

178 1443 232 1470 τῶν
256 1443 364 1479 θερμῶν
388 1444 427 1475 εἰς
452 1442 602 1474 εὐσέϐειαν,
623 1442 670 1468 καὶ
685 1441 764 1468 τοῦτο
777 1441 822 1467 ἐπὶ
848 1440 961 1476 μακρόν·

179 1489 228 1516 οὐκ
253 1487 300 1515 οἶδ’
329 1489 385 1525 (40)
407 1489 462 1516 εἴτε
495 1487 628 1524 τιμῶντος
655 1487 702 1514 τοῦ
725 1487 792 1513 Θεοῦ
818 1486 866 1522 τὴν
890 1486 964 1521 φιλύ-

180 1535 239 1561 θεον
265 1535 330 1570 (41),
361 1535 409 1561 καὶ
433 1534 476 1561 διὰ
503 1534 581 1560 τοῦτο
612 1532 808 1569 περιεχομένην
833 1533 888 1568 (42)
915 1532 962 1559 τοῦ

181 1582 329 1616 μάρτυρος,
353 1581 408 1607 εἴτε
432 1580 477 1608 τὸν
501 1580 582 1607 πόθον
607 1580 685 1614 ἡμῶν
716 1579 911 1614 γυμνάζοντος,
939 1580 963 1605 εἰ

181 1625 218 1661 μὴ
243 1626 372 1661 φέροιμεν
397 1625 582 1661 ζημιούμενοι,
609 1625 656 1651 καὶ
682 1624 736 1651 τῶν
763 1624 848 1658 ἁγίων
870 1624 964 1658 λειψά-

180 1680 232 1698 νων
245 1671 485 1707 ἀποστερούμενοι.
503 1671 577 1697 Ἐπεὶ
593 1671 622 1697 δὲ
639 1671 689 1697 οὐκ
708 1670 837 1705 ἠνέσχετο
853 1670 883 1696 τὸ
895 1670 963 1696 πὰν-

179 1725 233 1743 των
263 1717 364 1751 ἀγαθὸν
388 1717 452 1743 ῐδιον
482 1716 593 1751 ποιῆσαι
619 1724 692 1747 τινος
707 1716 721 1741 ὁ
738 1715 792 1741 τῶν
817 1714 964 1750 μαρτύρων

180 1762 256 1794 Θεὸς,
284 1762 344 1789 οὐδὲ
374 1762 404 1788 τὸ
432 1762 521 1788 κοινὸν
549 1761 687 1796 ζημιῶσαι
713 1761 746 1795 τῇ
767 1760 835 1795 πρὸς
856 1760 964 1794 ἐκείνην

179 1808 280 1843 χάριτι,
304 1807 459 1842 δημοσιεὺει
485 1807 516 1833 τὺ
543 1806 621 1841 σῶμα
644 1806 678 1832 δι’
695 1804 903 1839 ἀποκαλύψεως,
917 1804 964 1830 καὶ

178 1853 280 1888 ταύτην
307 1853 409 1887 γυναίῳ
430 1853 482 1878 τινὶ
514 1851 569 1887 (45)
603 1851 657 1878 τῶν
690 1851 772 1884 ἀξίων
801 1850 850 1885 τὴν
882 1849 964 1884 τιμὴν

179 1899 371 1933 καταθέμενος·
401 1899 434 1925 ἶν’
458 1898 608 1932 ἀγιασθῶσι
627 1897 675 1924 καὶ
701 1898 839 1932 γυναῖκες,
871 1896 964 1930 ὥσπερ

143 1944 147 1978 ξ
179 1945 224 1971 τὸν
240 1944 355 1980 Χριστὸν
376 1945 423 1970 καὶ
450 1943 576 1970 τεκοῦσαι
600 1943 654 1978 (Η)
678 1943 819 1978 πρότερον,
845 1942 965 1973 καὶτοῖς

182 1990 313 2026 μαθηταῖς
336 1990 535 2024 ἀπαγγείλασαι
565 1989 632 2024 μετὰ
661 1989 710 2024 τὴν
724 1989 756 2014 ὲκ
782 1987 886 2023 νεκρῶν
901 1987 964 2014 ἀνά-

181 2045 284 2068 στασιν,
300 2035 370 2062 οὕτω
400 2035 445 2063 καὶ
475 2035 522 2061 νῦν
550 2034 746 2070 Κυπριανὸν,ἡ
773 2033 821 2068 μὲν
840 2032 965 2068 παραδεί-

181 2082 261 2115 ξασα,
285 2082 301 2117 ὴ
324 2082 351 2108 δὲ
377 2082 536 2117 παραδοῦσα
563 2081 593 2107 τὸ
620 2080 708 2107 κοινὸν
739 2079 844 2114 ὄφελος.
879 2079 965 2106 Τοῦτο

182 2128 236 2153 τῶν
252 2127 356 2154 ἐκείνου
383 2127 472 2154 καλῶν
498 2127 529 2154 τὸ
549 2126 711 2153 τελευταῖον.
738 2125 830 2156 Οὕτως
849 2125 889 2157 είς
914 2126 963 2160 μὲ-

183 2181 228 2199 σον
249 2173 356 2208 ἔρχεται
384 2174 399 2199 ὁ
419 2172 466 2198 τοῦ
496 2173 533 2208 μὴ
557 2172 647 2198 λαθεῖν
673 2171 728 2205 (45)
750 2169 834 2202 ἄξιος,
863 2171 909 2197 καὶ
932 2172 962 2197 οὐ

183 2220 360 2254 συγχωρεῖται
388 2218 566 2253 φιλοσοφῆσαι
591 2217 639 2252 τὴν
655 2216 750 2242 ἑαυτοῦ
763 2215 875 2251 κλοπὴν,
891 2217 964 2242 ἐπει-

181 2264 213 2300 δὴ
232 2264 278 2291 καὶ
303 2263 355 2290 τῶν
380 2264 425 2290 ἐπὶ
455 2265 511 2294 τοῖς
529 2262 636 2298 σώμασι.
655 2261 742 2296 τιμῶν
760 2261 892 2297 κρείσσων
907 2262 962 2296 (leti)

182 2312 284 2342 ἐκεῖνος
300 2311 346 2336 καὶ
360 2309 474 2344 ὑψηλὸτε
480 2317 534 2344 ρος.

218 2357 240 2372 ³⁹
256 2356 318 2382 Luc.
332 2363 404 2385 xxrv.
415 2356 442 2383 9.

218 2402 274 2435 (3'2)
293 2401 422 2435 Τμηθείς.
439 2400 517 2428 Coisl.
536 2401 562 2432 εὶ,
579 2400 755 2436 ἀποτμηθείς.

217 2437 273 2472 (55)
292 2436 358 2472 Τήν.
375 2437 454 2472 Deest
466 2437 491 2462 in
511 2444 628 2472 (pinuque
642 2435 722 2470 Ruga.

219 2469 276 2505 (Si)
297 2471 332 2498 Τὸ
355 2471 412 2504 μὲν
426 2470 480 2504 γὰρ
502 2471 556 2503 τῆς
584 2469 756 2503 συνηθείας.
777 2479 786 2495 t
807 2469 962 2504 llujusmorli

183 2509 254 2534 enim
267 2507 372 2532 virtutis
382 2508 487 2532 habitus
499 2506 573 2540 longa
584 2508 778 2532 t'ottSltcltttltttc
789 2507 960 2538 acquiritur,»

184 2542 237 2573 vel,
255 2550 264 2566 ι
291 2541 316 2568 id
332 2548 474 2568 Commune
493 2545 542 2571 est,
565 2549 616 2567 non
641 2548 729 2566 rarum
747 2545 774 2567 et
790 2541 935 2567 insuetum.
950 2551 958 2566 ι

185 2576 230 2604 Sic
243 2575 353 2602 Graecus
370 2575 512 2608 interpres.

220 2610 275 2645 (55)
294 2610 331 2636 Τὰ
344 2610 571 2644 πηριιδείῃιατα.
595 2609 639 2636 Sic
655 2609 738 2645 Regg.
756 2617 780 2641 a,
797 2617 823 2642 c,
835 2609 863 2642 (l,
877 2610 919 2637 but
935 2616 961 2637 et

184 2644 306 2673 undecim
321 2645 396 2672 Coll).
416 2644 442 2671 In
451 2647 493 2672 ed.
510 2647 584 2671 deest
603 2645 646 2671 τά.

220 2681 274 2714 (56)
285 2680 406 2713 Μικρόν.
419 2681 464 2707 Sic
478 2679 758 2714 pluresltegg.,Coisl.
772 2680 795 2711 Ι,
810 2679 856 2707 0r.
873 2680 966 2712 l,Par.

185 2716 213 2742 In
230 2716 285 2746 ed.,
304 2714 416 2749 μακρόν,
433 2724 443 2739 t
465 2715 588 2741 multum.
605 2724 614 2740 ι

186 2786 192 2792 _
219 2751 274 2809 (δη
295 2751 322 2776 In

184 2793 261 2811 εναντ
273 2792 322 2815 οις.

221 2821 276 2853 (58)
296 2819 425 2853 Ὁμοίως.
438 2819 521 2855 Deest
536 2821 561 2848 in
572 2821 700 2855 pluribus.

173 2855 180 2894 ξ
221 2855 275 2890 (59)
292 2854 417 2889 Ἀφαι-ὲς
433 2853 478 2890 ἦν.
495 2855 552 2884 Bill.
569 2853 578 2881 ί
596 2866 605 2882 ι
622 2857 763 2884 obscurum
775 2862 842 2885 erat.
863 2867 871 2883 ι

295 2750 349 2777 Kal
369 2750 429 2782 τοῖς
452 2749 509 2783 τὴν
529 2750 678 2777 ἐναντίαν.
693 2750 774 2778 Cois].
800 2750 826 2782 2,
847 2750 891 2776 καὶ
912 2751 969 2782 τοῖς

1012 893 1072 921 est?
1094 893 1191 920 Parum
1206 893 1278 920 enim
1299 893 1386 920 adhuc
1411 894 1438 920 in
1456 894 1506 921 hac
1521 894 1644 921 oratione
1668 895 1797 922 immora-

1012 938 1112 969 bimur,
1139 943 1167 964 ut
1190 945 1204 964 a
1232 943 1352 973 martyre
1379 939 1492 973 gratiam
1515 939 1646 966 ineamus.
1663 940 1726 967 Huic
1745 940 1797 967 fuit

1013 983 1099 1016 ipsius
1111 983 1173 1009 vitae
1186 983 1268 1015 ratio,
1282 982 1327 1010 hic
1338 982 1519 1010 dimicationis
1542 984 1647 1012 modus.
1671 983 1738 1011 Cum
1753 992 1798 1011 au-

1013 1033 1066 1056 tem
1097 1034 1247 1056 extremum
1274 1029 1337 1056 vitae
1363 1029 1433 1056 diem
1452 1029 1552 1063 egisset
1579 1030 1612 1063 (si
1633 1035 1722 1058 tamen
1746 1030 1797 1058 hoc

1012 1075 1094 1102 verbo
1116 1075 1152 1101 uti
1169 1074 1212 1102 las
1231 1079 1283 1106 est,
1299 1083 1330 1102 ac
1344 1083 1397 1102 non
1415 1076 1503 1110 potius
1515 1083 1558 1102 res
1572 1083 1614 1108 ea,
1633 1076 1676 1103 vel
1696 1077 1798 1104 disees-

1013 1129 1059 1148 sus
1075 1121 1108 1148 ad
1127 1121 1220 1154 Deum,
1237 1121 1278 1148 vel
1300 1121 1426 1148 desiderii
1449 1121 1582 1153 cumulus,
1607 1123 1649 1149 vel
1677 1123 1799 1150 vinculo-

1013 1175 1072 1194 rum
1094 1167 1202 1200 solutio,
1224 1168 1266 1195 vel
1288 1169 1379 1196 oneris
1403 1169 1529 1196 excussio
1545 1169 1702 1203 appellanda
1721 1171 1774 1205 est)
1787 1189 1796 1202 ,

1013 1213 1058 1241 llic
1087 1220 1194 1248 quoque
1219 1213 1329 1249 dignum
1359 1214 1422 1241 vita:
1449 1215 1622 1242 sanctissime
1653 1219 1799 1243 transacta:

1015 1259 1173 1286 miraculum
1198 1259 1367 1293 designatur.
1396 1259 1463 1285 Nam
1490 1267 1643 1294 quanquam
1669 1260 1796 1296 Cypriani

1014 1312 1110 1332 nomen
1128 1305 1198 1339 apud
1213 1312 1320 1334 omnes.
1341 1312 1393 1331 non
1412 1304 1493 1332 modo
1506 1305 1687 1338 Christianos,
1705 1313 1797 1333 verum

1013 1351 1095 1378 etiam
1111 1358 1169 1382 eos,
1183 1351 1228 1386 qui
1246 1351 1368 1378 adversa!
1388 1351 1484 1378 classis
1506 1356 1594 1383 erant,
1617 1351 1797 1380 clarissimum

1014 1403 1046 1422 ac
1061 1395 1267 1423 celeberrimum
1284 1400 1357 1422 esset
1371 1395 1468 1431 (virtuts
1486 1397 1558 1422 enim
1577 1397 1703 1424 omnibus
1722 1398 1800 1424 simi-

1014 1441 1075 1469 liter
1093 1441 1258 1468 venerationi
1273 1441 1325 1476 est)
1340 1450 1347 1468 :
1366 1449 1463 1476 corpus
1481 1447 1569 1470 tamen
1596 1443 1706 1475 latebat,
1719 1449 1800 1477 atque

1015 1487 1059 1515 hic
1093 1487 1234 1515 thesaurus
1266 1488 1336 1522 apud
1366 1488 1504 1515 mulierem
1533 1489 1676 1523 quamdam
1702 1488 1802 1523 pietate

977 1520 998 1549 α
1016 1533 1145 1560 fervidam
1179 1520 1385 1566 occultabatur,
1415 1534 1493 1568 idque
1527 1520 1710 1568 perdiuturna.
1731 1539 1800 1562 tem-

1016 1585 1097 1613 pore;
1116 1578 1173 1606 sive
1188 1578 1261 1613 quod
1277 1577 1348 1606 Deus
1367 1579 1417 1606 hac
1431 1579 1535 1606 ratione
1555 1579 1626 1614 piam
1647 1585 1798 1608 matronam

1015 1625 1118 1652 honore
1147 1624 1216 1652 allici
1237 1625 1326 1658 vellet,
1352 1632 1384 1651 ac
1418 1630 1557 1659 propterea
1584 1625 1627 1651 illa
1651 1630 1798 1660 martyrth

1016 1670 1160 1704 complexu
1182 1678 1232 1697 suo
1257 1674 1375 1702 teneret;
1390 1670 1447 1697 sive
1473 1670 1554 1697 etiam
1581 1675 1610 1696 ut
1634 1670 1798 1698 desiderium

1015 1721 1137 1743 nostrum
1155 1720 1306 1747 exerceret,
1327 1723 1389 1741 num
1407 1715 1511 1742 scilicet
1524 1716 1574 1742 hoc
1596 1715 1694 1742 damno
1717 1723 1799 1750 ange-

1014 1767 1118 1792 remur,
1138 1761 1288 1794 acerbeque
1313 1760 1445 1787 ferremus
1467 1768 1516 1787 nos
1550 1761 1730 1788 sacrosanctis
1756 1769 1799 1789 re-

1015 1806 1110 1840 liquiis
1123 1806 1234 1840 privari.
1250 1807 1284 1833 At
1302 1814 1366 1833 vero
1387 1812 1563 1841 posteaquam
1583 1807 1629 1834 ille
1648 1812 1796 1842 martyrum

1016 1852 1086 1879 Deus
1119 1859 1262 1878 commune
1293 1852 1414 1879 omnium
1440 1852 1539 1879 bonum
1569 1852 1649 1879 alicui
1672 1853 1798 1887 privatim

1015 1897 1173 1929 cont-edere,
1190 1905 1223 1924 ac
1247 1897 1375 1932 singulari
1398 1905 1460 1932 erga
1478 1898 1549 1924 illam
1569 1899 1668 1933 gratia,
1685 1899 1800 1933 publicis

1015 1943 1164 1970 commodis
1184 1936 1375 1970 deirimentum
1399 1943 1496 1970 allerre
1523 1944 1635 1970 minime
1658 1945 1798 1976 sustinuit,

1015 1997 1062 2024 per
1078 1988 1268 2016 revelationem
1284 1996 1383 2023 corpus
1397 1989 1423 2016 iu
1445 1989 1528 2016 lucem
1543 1989 1608 2020 edit,
1627 1995 1708 2024 atque
1727 1989 1800 2016 ltunc

1016 2042 1111 2061 rursus
1129 2035 1258 2062 honorem
1274 2035 1365 2070 proba:
1381 2035 1489 2062 cuidam
1512 2035 1615 2062 mulieri
1631 2035 1753 2067 confert;
1769 2040 1800 2061 ut

1015 2081 1143 2107 mulieres
1157 2088 1265 2115 quoque
1289 2088 1320 2108 ex
1337 2087 1369 2108 eo
1388 2081 1599 2112 sanctilicentur,
1612 2082 1683 2115 quod
1704 2088 1799 2115 quem-

1015 2126 1158 2152 admodum
1180 2125 1316 2154 Christum
1344 2131 1407 2153 ante
1423 2130 1595 2160 pepereruut.
1624 2126 1798 2153 resurrectio-

1017 2171 1111 2204 nisque
1137 2171 1221 2205 ipsius
1246 2171 1367 2198 nuntium
1387 2171 1526 2206 discipulis
1542 2171 1689 2198 attulerunt
1703 2171 1736 2204 ³³,
1760 2172 1799 2199 ιιι

1018 2224 1088 2243 nunc
1122 2217 1203 2244 etiam
1231 2217 1406 2251 Cyprianum,
1425 2218 1475 2244 hoc
1499 2223 1541 2244 est
1565 2217 1702 2252 publicum
1723 2218 1799 2246 orbis

1017 2262 1126 2295 bonum,
1150 2263 1234 2290 altera
1261 2264 1369 2298 quidem
1395 2263 1535 2295 iudicavit,
1555 2265 1640 2290 altera
1659 2271 1723 2290 vero
1743 2268 1799 2290 tra-

1017 2310 1092 2336 didit.
1113 2309 1176 2337 lltcc
1189 2310 1298 2337 laudum
1319 2310 1392 2337 illius
1407 2315 1540 2337 uostreuta
1555 2316 1606 2338 est.
1622 2310 1666 2337 Sic
1688 2311 1715 2337 in
1740 2318 1794 2337 nte-

1053 2401 1108 2436 (40)
1124 2403 1185 2428 Οὐκ
1198 2399 1264 2428 οἶδ’.
1280 2410 1290 2427 ε
1306 2401 1380 2429 llaud
1397 2403 1463 2429 scio.
1486 2411 1494 2427 ι
1510 2401 1570 2429 llmc
1585 2402 1679 2429 desunt
1698 2402 1724 2430 in
1740 2401 1799 2436 plu-

1017 2437 1090 2464 ribus
1107 2437 1189 2467 liegg.

1051 2446 1090 2463 llis
1107 2445 1189 2472 ttegg.

1051 2472 1106 2504 (Η)
1120 2472 1272 2499 φιλόθεον.
1288 2470 1314 2497 ln
1328 2471 1496 2504 quibusdam,
1512 2471 1690 2506 φιλόχριστον,

1051 2507 1106 2542 (42)
1137 2507 1365 2541 Περιεχομένην.
1398 2507 1442 2533 Ιιι¹
1459 2507 1605 2538 nonnullis,
1633 2507 1796 2542 περισχομέ-

1015 2551 1072 2568 νῖν.

1041 2565 1105 2612 ’(-ίω
1120 2577 1240 2610 Γυναίῳ
1251 2585 1319 2602 τινι.
1334 2577 1378 2602 οἶα
1395 2579 1476 2611 ltegg.
1488 2585 1512 2607 τι,
1528 2585 1552 2607 ο,
1567 2577 1593 2609 d,
1604 2577 1648 2604 bm
1669 2581 1696 2604 et
1709 2576 1754 2603 0r.
1773 2594 1797 2604 ..

1017 2612 1095 2639 Deest
1113 2612 1166 2638 τινί
1181 2613 1206 2637 in
1220 2613 1262 2638 ed.
1272 2612 1404 2637 Czeterum
1416 2621 1425 2637 ι
1448 2612 1579 2638 ltuﬂinam
1598 2621 1607 2637 ι
1626 2613 1800 2639 dicuutbanc

1017 2648 1154 2673 tuulierem
1166 2652 1245 2681 atque
1261 2654 1275 2672 e
1290 2646 1392 2681 Claudii
1407 2647 1575 2680 imperatoris
1583 2654 1691 2681 genere.

1052 2682 1108 2715 (44)
1138 2680 1290 2708 Τεκοῦαναι.
1327 2680 1417 2717 Forte.
1449 2680 1605 2717 τρέχουσαι,
1625 2683 1676 2713 vel,
1704 2681 1799 2717 εὑροῦ-

1017 2725 1072 2748 σαι,
1089 2725 1097 2741 ι
1115 2724 1175 2750 qua:
1185 2717 1290 2750 priores
1306 2718 1338 2742 ad
1351 2716 1486 2744 Christum
1503 2722 1689 2748 cucurrerunt,
1709 2727 1718 2742 ι
1739 2716 1799 2748 vel.

1020 2762 1028 2777 ιι
1051 2752 1186 2778 Christum
1203 2751 1372 2778 invenerunt.
1389 2761 1397 2776 ι

1052 2786 1107 2821 (45)
1122 2785 1239 2813 Ααθεῐν.
1261 2794 1270 2810 ι
1287 2785 1370 2818 Quem
1384 2787 1491 2821 dignum
1508 2795 1560 2814 nou
1572 2791 1629 2815 erat
1644 2787 1670 2815 in
1683 2787 1800 2815 obscuro

1017 2821 1111 2849 latere.
1130 2831 1139 2846 ι
1155 2821 1279 2847 Mendose
1293 2828 1318 2846 ιιι
1330 2821 1372 2847 ed.
1389 2822 1494 2849 παθεῖν.

1052 2856 1106 2892 (ιδ)
1121 2856 1284 2890 Κρείσσων.
1299 2854 1363 2890 Reg.
1380 2864 1394 2884 c
1405 2858 1476 2884 addit
1493 2858 1550 2892 μέν.
