2060 3140
228 153 298 182 H99

833 153 861 181 ὃ.
878 152 1042 182 GREGORII
1063 153 1237 183 THEOLOGI

1789 154 1857 183 tam

225 211 308 245 hujus
321 210 428 238 animus
443 211 600 243 abhorreat,
616 217 648 239 ac
663 215 794 246 praeterea
818 219 851 239 ne
875 211 1013 239 cumulum

1077 212 1106 238 Ῑτι
1121 212 1315 248 περιφρονήσει
1329 209 1512 250 φιλοσοερία,ᾖ
1529 222 1560 248 γε
1573 213 1604 240 τὸ
1617 209 1648 240 εὖ
1667 214 1754 240 ποιεῖν
1769 222 1796 240 τι
1811 213 1856 240 τὸν

225 257 333 291 quidem
352 256 435 284 ullum
453 256 532 284 rebus
545 257 633 284 oratio
651 257 772 289 afferret,
787 257 841 285 imo
859 258 955 289 etiam,
980 258 1014 285 ob

226 303 437 330 imbecillitatem
454 311 530 330 suam
549 303 650 338 aliquid
664 303 697 330 de
708 303 838 338 dignitate
853 302 1012 337 detrahet);

226 357 321 377 verum
340 355 371 377 ut
395 350 472 377 nobis
485 350 550 383 ipsis
562 349 708 384 prosimus.
724 349 781 376 lloc
794 350 866 377 enim
893 349 1015 384 philoso-

227 396 289 431 phia
308 403 360 422 non
376 396 433 430 jam
457 400 629 427 contemnet,
644 403 676 423 ac
702 403 750 430 pro
775 395 860 423 nihilo
886 396 1014 430 putabit,

228 444 326 478 quippe
344 442 420 476 cujus
443 443 494 470 hoc
517 451 615 470 munus
626 446 654 470 et
668 443 787 469 studium
803 442 848 475 sit,
864 446 892 469 ut
908 442 941 469 de
958 442 1012 469 vita

1068 257 1202 293 ἡμέτερον
1219 257 1286 292 βίον,
1304 257 1384 293 ἔργον
1400 259 1447 285 κα).
1459 259 1629 294 σπούδασμα.
1646 260 1744 295 Πρώτη
1760 259 1788 286 δὲ
1802 260 1858 287 τῶν

1068 305 1245 340 εὐεργεσιῶν,
1259 306 1290 332 τὸ
1301 306 1471 333 ἐπαινεῖσθαι
1484 306 1519 333 τὰ
1535 307 1615 334 καλά.
1633 306 1718 342 Ζήλου
1731 306 1786 342 γὰρ
1801 306 1857 343 (78)

1068 352 1082 378 ὁ
1110 352 1220 384 ἔπαινος
1243 353 1390 388 πρόξενος·
1416 353 1495 388 ζῆλος
1518 353 1556 385 δὲ,
1572 354 1691 389 ἀρετῆς·
1712 354 1797 389 ἀρετὴ
1818 353 1856 385 δὲ,

1071 398 1286 434 μακαριότητος’
1304 400 1321 434 ἡ
1337 399 1375 430 δὲ.
1392 400 1422 427 τὺ
1436 400 1519 436 ἀκρον
1531 400 1586 426 τῶν
1599 399 1713 435 ἐφετῶν.
1729 400 1776 427 καὶ
1791 399 1858 436 πρὸς

1069 444 1083 470 ὂ
1098 444 1181 470 τείνει
1193 445 1267 472 πᾶσα
1279 446 1423 473 σπουδαίου
1435 446 1551 482 κίνησις.

229 490 344 516 humana
358 488 486 522 praeclare
501 492 646 515 mereatur.
671 487 761 515 Prima
781 495 862 523 porro
875 487 944 514 bene
974 489 1096 515 mercndi
1133 491 1203 516 ratio
1237 496 1291 523 est,
1323 500 1414 518 rermn
1442 494 1617 520 honestarum
1645 491 1856 519 commendatio.

227 535 299 562 Laus
324 535 398 563 enim
426 534 512 562 zelum
530 536 601 570 parit
620 545 626 562 :
656 535 730 562 zelus
756 540 847 562 autem
873 535 1002 561 virtutem
1020 542 1027 561 :
1049 535 1137 563 virtus
1159 544 1240 571 porro
1266 538 1461 566 beatitudinem
1476 547 1484 566 :
1499 539 1557 566 haec
1577 546 1640 565 vero
1666 546 1758 566 rerum
1776 546 1859 573 expe-

228 582 370 609 tendarum
394 581 501 608 culmen
517 586 578 613 cst,
595 582 628 609 ad
655 581 726 616 quod
751 581 840 609 omnis
870 581 946 616 probi
972 580 1023 607 viri
1044 581 1156 616 agitatio
1173 584 1269 610 tendit.

263 629 295 656 ll.
305 630 440 657 Adesdum
457 630 549 665 igitur,
562 631 795 666 philosophorum,
813 630 909 657 addam
919 629 1015 662 etiam,

228 676 351 703 veritatis
363 677 631 712 martyrum,optiute
643 684 674 703 ac
686 676 920 711 pra'stantissime.
929 675 1017 703 Ades-

229 721 306 755 dum,
321 722 475 750 confutatur
487 722 646 750 adulterina:
663 722 734 750 illius
751 722 900 757 sapientiae,
913 729 974 757 qua:
990 721 1018 748 in

227 769 319 797 verbis
333 769 383 797 sita
397 773 452 808 est,
468 777 499 798 ac
516 777 564 805 per
583 769 680 804 lingua:
698 769 832 797 lenocinia
860 769 932 796 velut
947 776 1017 804 pra:-

228 816 322 851 stigias
350 815 474 848 offundit,
504 823 584 850 supra
604 815 655 843 hoc
676 821 765 843 autem
789 815 873 842 attolli
889 822 940 842 nec
961 814 1019 842 vult

1107 631 1144 658 B'.
1165 632 1249 669 Δεῦρο
1260 633 1292 669 δὴ
1307 630 1364 664 οὖν,
1381 630 1404 660 ὧ
1421 633 1573 668 φιλοσόφων
1588 633 1682 668 ἄριστε
1700 633 1747 659 καὶ
1763 631 1861 659 τελεώ-

1071 686 1135 704 τατε
1146 687 1152 692 ·
1170 678 1316 714 προσθήσω
1330 680 1368 711 δὲ,
1382 680 1422 706 ὅτι
1434 680 1481 706 καὶ
1498 679 1644 715 μαρτύρων
1659 679 1709 714 τῆς
1720 678 1858 714 ἀληθείας.

1071 723 1157 760 Δεῦρό
1177 733 1221 759 μοι
1245 726 1293 760 τῆς
1312 725 1389 752 νόθου
1413 726 1508 760 σοφίας
1533 725 1637 760 ἔλεγχε,
1659 725 1709 759 τῆς
1735 725 1764 751 ὲν
1785 724 1858 759 λόγῳ

1072 762 1210 806 κειμένης,
1228 772 1274 798 καὶ
1288 772 1321 798 δι’
1332 773 1498 806 εὐγλωττίας
1510 772 1567 807 (79)
1582 771 1776 808 γοητευούσης,
1790 771 1862 806 ὑπὲρ

1071 814 1099 840 δὲ
1116 814 1195 842 τοῦτο
1214 817 1295 853 μηδὲν
1309 817 1461 854 διαρθῆναι,
1479 819 1547 853 μήτε
1557 817 1720 853 δυναμένης.
1739 817 1807 852 μήτ
1819 816 1861 843 θε-

228 869 279 890 ncc
295 866 393 897 potest.
406 861 553 895 Adesdum,
578 862 678 889 virtute
704 861 809 895 dexter,
826 867 880 888 tam
903 868 965 896 quas
990 860 1017 887 in

1077 863 1183 898 λούσης·
1200 865 1214 891 ὁ
1240 863 1391 898 περιδέξιος
1412 863 1461 900 τὴν
1480 864 1592 900 ἀρετὴν,
1608 864 1657 900 ὅση
1678 872 1708 890 τε
1732 863 1858 899 θεωρίας,

229 907 466 941 contemplatione,
481 915 562 942 quam
582 915 641 942 quae
656 907 682 934 in
701 908 812 935 actione
824 912 960 939 versatur,
973 907 1019 942 qui

228 954 257 981 in
286 953 374 981 alieno
394 953 487 981 habitu
504 957 595 980 nostra
617 953 770 988 profiteris;
788 960 820 980 ac
837 960 872 980 ne
890 952 915 980 in
931 953 1022 981 alieno

229 1000 338 1036 quidem
363 1000 491 1032 fortasse,
509 999 646 1034 siquidem
663 999 818 1035 angelicum
839 1004 891 1032 est,
906 999 1022 1027 vestitus

230 1046 332 1074 candor
351 1050 378 1074 et
390 1045 531 1080 splendor,
547 1053 608 1073 cum
623 1053 755 1080 corporea
769 1045 853 1072 forma
870 1045 951 1081 455
963 1046 1022 1080 pin-

230 1098 347 1128 guntur;
366 1092 399 1120 ad
413 1092 619 1126 designandum,
635 1092 661 1119 ni
688 1092 779 1124 fallor,
800 1092 958 1119 naturalem
982 1093 1022 1127 ip-

230 1145 321 1165 sorum
335 1137 489 1172 puritatem.
504 1136 651 1170 Adesdum,
663 1137 825 1173 philosophe
841 1141 869 1165 et
887 1138 996 1172 sapiens
1014 1148 1021 1167 :

231 1191 372 1219 quousque
389 1184 462 1211 enim
480 1183 524 1210 ille
541 1183 681 1217 sapientius
711 1191 788 1211 amor
807 1183 969 1218 iactabitur,
999 1183 1022 1212 si

232 1237 364 1265 nusquam
380 1230 415 1257 sit
431 1229 562 1265 sapientia
575 1229 588 1256 Ἰ
599 1230 746 1263 Adesdum,
758 1230 844 1260 canis,
862 1237 915 1257 non
936 1230 1024 1265 impu-

217 1276 334 1310 'dentia,
344 1276 391 1304 sed
402 1276 458 1304 oris
471 1276 612 1309 libertate;
631 1284 684 1302 non
701 1275 829 1311 ingluvie,
846 1277 894 1304 sed
910 1276 974 1312 quia
992 1276 1020 1304 in

232 1323 303 1350 diem
319 1322 405 1356 vivis;
425 1329 478 1349 non
499 1321 608 1355 latratu,
625 1322 673 1349 sed
694 1321 757 1349 boui
776 1322 911 1355 custodia,
935 1329 968 1350 ac
981 1322 1024 1350 vi-

233 1369 305 1404 giliis
320 1376 369 1404 pro
387 1369 542 1396 animarum
556 1369 643 1396 salute
658 1368 805 1403 susceptis,
819 1371 901 1402 atque
928 1369 1024 1402 etiam,

233 1415 298 1450 quia
329 1414 437 1441 virtutis
466 1413 576 1448 quidem
609 1413 758 1441 familiares
790 1421 821 1441 ac
860 1415 1026 1443 domesticos

234 1461 348 1493 mulces,
360 1460 456 1487 alienis
468 1465 559 1487 autem
578 1459 710 1487 oblatras.
727 1459 878 1492 Adesdum,
897 1461 931 1488 ad
944 1468 1024 1489 sacra

234 1506 303 1539 hate,
316 1511 343 1533 et
362 1513 482 1533 mensam
507 1506 578 1533 hanc
600 1506 755 1541 mysticam,
767 1512 848 1541 atque
862 1507 895 1535 ad
911 1515 965 1540 me,
979 1507 1024 1542 qui

1072 909 1184 945 κᾶὶ,ὂση
1201 909 1326 946 πράξεως
1336 918 1342 924 ’
1358 911 1372 936 ὁ
1385 909 1419 936 τὰ
1433 910 1555 945 ἡμέτερα
1571 909 1722 944 φιλοσοφῶν
1736 910 1765 936 ὲν
1782 909 1860 936 ἁλλο-

1071 955 1139 991 τρίῳ
1151 955 1191 991 τῷ
1209 956 1328 992 σχήματι
1341 965 1347 970 ·
1364 955 1433 991 τάχα
1447 956 1475 983 δὲ
1489 956 1548 983 οὐδὲ
1561 956 1703 991 ἀλλοτρίῳ,
1716 956 1794 991 είπερ
1811 956 1862 989 ἀγ·

1072 1002 1180 1037 γελικδν
1193 1002 1260 1037 (80),
1283 1003 1300 1038 ἡ
1315 1002 1520 1038 λαμπροφορία,
1535 1002 1583 1029 καὶ
1598 1003 1614 1037 ἡ
1630 1002 1778 1037 φαιδρότης
1793 1002 1860 1037 (8i).

1072 1050 1136 1076 ὅταν
1152 1049 1291 1076 τυπῶνται
1313 1049 1477 1085 σωματικῶς
1490 1057 1497 1063 ⁸
1517 1048 1661 1084 σύμϐολον,
1679 1046 1766 1084 οἶμαι,
1783 1047 1863 1074 τοῦτο

1072 1096 1122 1131 τῆς
1135 1095 1204 1122 κατὰ
1214 1095 1263 1130 τὴν
1281 1094 1362 1129 φύσιν
1381 1094 1471 1121 αὐτῶν
1488 1093 1684 1130 καθαρότητος.
1702 1093 1786 1129 Δεῦρο
1806 1101 1860 1128 μοι.

1074 1139 1213 1175 φιλόσοφε,
1229 1139 1276 1166 κα).
1292 1139 1368 1173 σοφὲ,
1392 1139 1486 1175 (μέχρι
1505 1138 1561 1174 γὰρ
1579 1139 1651 1170 τίνος
1667 1138 1696 1165 τὺ
1713 1138 1799 1173 φιλεῖν
1819 1146 1863 1164 σο-

1074 1187 1149 1221 φίαν,
1165 1187 1188 1212 εἰ
1209 1185 1334 1221 μηδαμοῦ
1354 1185 1449 1220 σοφία;
1462 1185 1471 1220 )
1486 1186 1533 1212 κα).
1548 1185 1621 1213 κύων
1633 1185 1700 1220 (82),
1714 1186 1744 1212 οὐ
1761 1185 1809 1220 τὴν
1820 1186 1864 1212 ἀν-

1074 1232 1242 1268 αισχυντίαν,
1267 1232 1335 1259 ἀλλὰ
1359 1232 1408 1268 τὴν
1430 1232 1602 1268 παρρησίανι
1624 1232 1683 1259 οὐδὲ
1700 1232 1730 1258 τὸ
1751 1232 1863 1266 γαστρί-

1076 1284 1192 1312 μαργον,
1210 1275 1278 1303 ἀλλὰ
1292 1276 1323 1302 τὺ
1338 1275 1475 1312 ἐφήμερον
1486 1285 1492 1291 ·
1517 1276 1577 1303 οὐδὲ
1593 1277 1642 1312 τὴν
1659 1277 1773 1312 ὑλακὴν,
1795 1277 1864 1303 ἀλλὰ.

1075 1321 1124 1356 τὴν
1150 1321 1275 1357 φυλακὴν
1301 1321 1348 1348 τοῦ
1373 1321 1468 1354 καλοῦ,
1487 1321 1533 1348 καὶ
1557 1321 1588 1348 τὸ
1611 1322 1682 1358 ὑπὲρ
1701 1322 1755 1349 τῶν
1770 1322 1865 1358 ψυχῶν

1075 1367 1225 1404 ἄγρυπνον,
1246 1368 1294 1394 κα).
1307 1367 1337 1394 τὸ
1355 1367 1456 1394 σαίνειν
1479 1367 1528 1403 μὲν
1547 1367 1609 1394 ὅσον
1629 1369 1688 1394 κατ’
1707 1368 1807 1404 ἀρετὴν
1825 1369 1864 1395 ol-

1076 1414 1160 1446 κεῖον,
1178 1413 1302 1440 ὑλακτεῖν
1322 1413 1350 1439 δὲ
1366 1413 1428 1440 ὅσον
1442 1413 1591 1448 ἀλλότριον.
1610 1413 1695 1449 Δεῦρό
1717 1423 1762 1449 μοι
1786 1414 1864 1450 στῆθι

1076 1459 1130 1486 τῶν
1149 1459 1229 1495 ἱερῶν
1250 1459 1306 1495 (83)
1327 1459 1451 1496 πλησίον,
1475 1459 1588 1495 καὶτῆς
1610 1460 1744 1496 μυστικῆς
1761 1460 1865 1496 ταύτης

1076 1505 1226 1542 τραπέζης,
1245 1506 1334 1541 κάμοῦ
1359 1505 1407 1532 τοῦ
1428 1506 1472 1533 διὰ
1494 1506 1596 1533 τούτων
1622 1506 1865 1542 μυσταγωγοῦντος

234 1560 284 1588 per
297 1553 354 1580 haec
367 1560 474 1580 sacrum
493 1551 674 1579 deilicaliouis
700 1560 798 1580 munus
815 1552 894 1585 obeo,
913 1555 1023 1588 propius

1077 1552 1124 1588 τὴν
1135 1551 1242 1584 θέωσιν,
1253 1549 1294 1583 οἷς
1311 1559 1340 1577 σε
1355 1551 1486 1586 προσάγει
1497 1551 1575 1585 λόγος
1589 1552 1636 1578 καί
1649 1551 1715 1586 βίος,
1731 1551 1777 1578 καὶ
1790 1552 1806 1587 ἡ
1821 1551 1866 1578 διὰ

235 1600 344 1631 accede,
360 1599 392 1626 ad
408 1606 468 1634 qua:
482 1606 583 1631 sermo,
601 1603 628 1626 et
642 1599 708 1631 vita,
719 1604 746 1626 et
762 1599 886 1634 purgatio
903 1606 947 1633 ea,
963 1608 1023 1635 quae

236 1653 284 1680 per
299 1645 435 1672 cruciatus
459 1649 643 1679 comparatur,
665 1650 691 1672 te
714 1646 860 1673 adducunt.
876 1647 1025 1679 Adesdum,

236 1696 262 1718 te
285 1691 392 1719 coronis
405 1691 505 1718 nostris
516 1691 680 1724 devinciam,
694 1699 725 1718 ac
741 1691 812 1718 clara
829 1700 908 1726 voce,
923 1701 975 1720 non
997 1694 1024 1721 in

236 1737 325 1765 media
348 1737 481 1772 Olympia,
495 1744 544 1764 nec
565 1736 591 1764 in
606 1738 704 1772 exiguo
719 1737 830 1765 Grmcize
843 1739 961 1773 theatro,
977 1740 1025 1767 sed

237 1790 330 1810 coram
345 1782 416 1815 Deo,
432 1787 457 1810 el
468 1783 571 1817 angelis
584 1803 592 1816 ,
609 1787 637 1811 et
657 1785 785 1811 universo
802 1784 931 1812 Ecclesia:
951 1791 1023 1814 coetu

237 1829 368 1856 victorem
392 1829 583 1864 proclamabo;
611 1831 712 1864 utqui,
727 1839 780 1858 non
797 1831 951 1865 pancratio,
979 1837 1026 1860 aut

237 1878 325 1906 cestu.
343 1879 389 1901 aut
405 1882 498 1908 cursu,
516 1880 563 1903 aut
584 1875 636 1903 alio
653 1876 769 1912 quodam
788 1884 882 1911 parvo,
898 1883 978 1912 atque
991 1878 1026 1906 ob

238 1928 321 1956 parva
346 1922 458 1956 praemia
488 1921 566 1956 inito,
583 1923 740 1950 certaminis
756 1930 854 1958 genere
867 1923 1026 1957 dimicaris,

239 1975 292 1995 nec
311 1968 345 1995 ad
359 1969 469 1995 heroum
491 1969 641 2004 cujuspiam
659 1974 706 1996 aut
719 1969 871 1996 dannonum
885 1970 1026 2002 honorem,

240 2014 339 2048 quibus
361 2014 528 2042 calamitates
542 2018 647 2041 tantum
672 2019 700 2042 et
716 2014 812 2042 fabulae
824 2015 941 2042 nominis
956 2015 1029 2042 cele-

240 2059 366 2086 britatem
382 2064 547 2093 pepererunt
560 2060 723 2095 (hujusmodi
740 2061 812 2087 enim
829 2065 902 2092 sunt,
919 2069 979 2096 qua:
995 2062 1030 2089 de

240 2104 294 2133 illis
303 2105 452 2133 hoaorilice
467 2106 658 2141 praedicantur,
671 2111 847 2141 posteaquam
862 2107 888 2134 in
906 2106 1028 2135 stultitia:

278 2195 333 2230 (78)
348 2193 448 2228 Ζήλου
463 2195 529 2230 γάρ,
544 2200 597 2222 etc.
620 2205 628 2221 t
640 2197 710 2223 Laus
721 2196 792 2223 enim
808 2197 877 2229 parit
901 2196 999 2224 zelum.
1015 2205 1026 2223 ι

242 2230 332 2258 Schol.
342 2240 354 2266 γε
368 2231 446 2257 Κατὰ
461 2231 562 2266 ταύτην
580 2230 627 2266 τὴν
646 2231 822 2266 ἔννοιανηκαὶ
836 2232 865 2257 έν
878 2231 916 2266 τῷ
933 2232 1029 2258 ἐπιτα-

241 2251 354 2302 ἕῖῷἶὲᾦ
368 2251 1032 2302 £55.03Ii32‘cx'iié'a‘éu'(5525'3'633'9iugoin
1046 2251 1068 2279 υ

240 2299 303 2333 vos;
317 2299 385 2331 οἶδα,
398 2301 499 2328 τούτων
515 2301 608 2336 σαφῶς
634 2299 681 2328 καὶ
688 2299 741 2333 ’τὰς
762 2299 894 2333 ἐπιδόσεις
905 2310 911 2316 ·
930 2311 938 2326 ι
951 2301 1031 2329 Juxta

242 2337 364 2372 eamdem
376 2338 546 2369 sententiam,
561 2338 586 2363 in
603 2336 706 2364 funebri
722 2345 828 2371 quoque
840 2336 929 2364 Basilii
944 2337 1031 2372 Magni

241 2371 363 2399 oratione
388 2372 425 2398 ait
441 2379 447 2398 :
466 2372 584 2405 Quorum
609 2372 680 2398 enim
713 2373 774 2399 novi
803 2372 906 2403 laudes,
936 2371 1031 2399 ltorutn

242 2413 349 2440 quoque
363 2407 450 2440 palam
482 2409 646 2434 incrementa
674 2407 810 2440 explorata
833 2407 950 2434 habeo.»
970 2407 1032 2434 llmc

242 2442 335 2469 ultima
361 2442 454 2469 scitolii
470 2442 550 2468 verba
568 2442 738 2476 reperiuntur
751 2444 797 2468 Ur.
814 2442 858 2474 65,
875 2450 901 2468 n.
915 2442 940 2470 Ι.

279 2476 334 2511 (79)
350 2476 389 2503 At‘
401 2477 591 2512 εὐγλωττίας.
614 2486 624 2501 ι
640 2476 689 2503 Per
708 2477 805 2512 lingua:
819 2477 961 2509 lenocinia,
975 2486 985 2503 ι
1006 2477 1033 2504 id

244 2518 294 2541 est.
314 2521 323 2537 ι
337 2520 384 2545 per
399 2513 531 2540 sermonis
547 2512 709 2546 elegantiam
726 2518 754 2539 et
771 2512 921 2540 illecebras.
937 2522 946 2539 ι
957 2512 1032 2546 BNL.

245 2555 255 2572 ‹
271 2555 317 2581 ιιι-τ
331 2547 426 2581 lingua:
438 2547 600 2574 facundiam.
615 2556 625 2572 ›

281 2582 335 2618 (80)
354 2582 446 2616 Εἴπερ
463 2583 631 2616 ἀγγελικόν,
658 2586 711 2609 etc.
742 2582 808 2617 Reg.
827 2584 873 2615 bu,
901 2582 982 2610 Coisl.
1005 2582 1031 2615 l,

244 2617 329 2648 Pass,
348 2622 412 2649 ete.,
429 2619 526 2653 habent
546 2626 552 2644 :
571 2618 657 2652 Εἴπερ
671 2617 827 2653 Ναςιραίων
846 2618 895 2653 μὲν
912 2618 929 2653 ἡ
947 2618 1031 2653 κόμη,

243 2653 290 2679 καὶ
307 2653 324 2688 ἡ
347 2653 397 2687 τῆς
411 2652 532 2688 κεφαλῆς
554 2650 728 2688 καθιέρωσις,
745 2650 782 2679 ὧν
803 2650 911 2688 σίδηρον
923 2650 1033 2688 ἀπήγαέ

243 2696 301 2724 γεν,
315 2687 409 2723 ὥσπερ
425 2688 472 2724 καὶ
484 2687 722 2724 θυσιαπηρίωνηὸ
738 2688 829 2723 νόμος.
846 2687 991 2724 Ἄγγελικὴ
1003 2688 1032 2714 δὲ

242 2724 259 2758 ἡ
278 2722 481 2758 λαμπροιρορίσ..
497 2723 554 2755 καί,
570 2722 626 2751 etc.
640 2733 647 2750 :
672 2733 681 2749 ι
695 2722 832 2758 Siquidem
850 2731 927 2750 coma
947 2729 975 2750 et
986 2722 1033 2750 ca-

243 2758 306 2791 pitis
318 2760 484 2785 consecratio
499 2759 746 2790 Nazaraeorumest,
763 2766 777 2785 ο
788 2758 896 2792 quibus,
915 2758 986 2785 velut
999 2759 1033 2785 ab

242 2792 334 2824 altari,
350 2793 390 2819 lex
408 2793 509 2820 ferrum
523 2795 673 2824 antovebat,
687 2803 697 2819 ι
713 2798 766 2820 etc.
779 2793 923 2826 Maximus,
936 2797 1032 2820 tamet-

244 2827 268 2854 si
289 2828 470 2864 Christianam
485 2828 643 2864 religionem
659 2829 844 2862 proﬁteretur,
863 2827 1033 2864 philosophi-

243 2869 305 2889 cqu
324 2867 413 2889 tamen
429 2863 550 2890 habitum
563 2870 616 2889 non
629 2868 750 2891 exuerat.

282 2897 338 2933 (Si)
349 2897 520 2932 Ψαιδρότης.
539 2897 568 2924 ln
584 2898 753 2932 quibusdam,
768 2897 941 2934 λαμπρότης.

1079 1598 1126 1624 τοῦ
1144 1597 1238 1624 παθεῖν
1255 1597 1398 1634 κάθαρσις.
1416 1597 1500 1633 Δεῦρό
1515 1606 1543 1624 σε
1554 1597 1679 1633 ὰναδήσω
1694 1599 1749 1629 τοῖς
1764 1597 1866 1633 ἡμετέ-

1081 1652 1137 1680 ροις
1152 1644 1306 1679 στεφάνοις,
1333 1644 1380 1670 καὶ
1407 1643 1571 1678 ἀνακηρύξω
1592 1643 1707 1679 λαμπρᾷ
1725 1645 1757 1679 τῇ
1778 1646 1864 1680 φωνῇ,

1078 1690 1129 1717 οὐκ
1153 1691 1181 1716 ὲν
1210 1689 1345 1725 Ὀλυμπίᾳ
1361 1690 1440 1725 μέση,
1455 1690 1516 1716 οὐδὲ
1536 1691 1565 1716 ὲν
1589 1690 1695 1726 θεάτρῳ
1711 1690 1800 1726 μικρῷ
1817 1692 1867 1726 τῆς

1085 1734 1219 1768 Ἑλλάδος,
1233 1735 1294 1762 οὐδὲ
1307 1735 1493 1770 ἠγωνισμένον
1510 1735 1689 1770 παγκράτιον,
1709 1734 1726 1770 ἢ
1742 1735 1865 1771 πυγμὴν,

1077 1781 1094 1818 ἢ
1111 1781 1227 1814 δίαυλον,
1251 1781 1267 1816 ἥ
1282 1790 1308 1807 τι
1327 1781 1380 1807 τῶν
1407 1780 1512 1816 μικρῶν
1526 1781 1733 1816 ἀγωνισμάτων,
1750 1781 1796 1808 καὶ
1819 1782 1866 1808 ἐπὶ

1079 1830 1186 1864 μικροῖς
1203 1829 1257 1858 τοῖς
1271 1827 1372 1860 ἄθλοις,
1385 1828 1445 1854 οὐδὲ
1457 1828 1497 1858 είς
1513 1827 1595 1862 τιμὴν
1610 1826 1707 1862 ἡρώων
1720 1827 1792 1858 τινὸς
1809 1827 1864 1863 (ει)

1077 1874 1095 1910 ἢ
1109 1874 1253 1909 δαιμόνων,
1270 1874 1396 1909 συμφορᾷ
1408 1874 1455 1900 κα).
1474 1873 1550 1908 μύθῳ
1563 1872 1752 1908 τετιμημένων
1767 1872 1867 1909 (τοιαῦ-

1078 1930 1112 1948 τα
1124 1922 1178 1958 γὰρ
1192 1921 1303 1948 ἐκείνων
1321 1921 1355 1947 τὰ
1371 1920 1457 1955 σεμνά
1469 1928 1498 1946 τε
1516 1920 1562 1946 καὶ
1576 1920 1664 1954 τίμια,
1678 1919 1774 1956 χρόνον
1789 1928 1871 1954 προσ-

1078 1968 1195 1996 λαϐόντα
1219 1970 1275 2005 (85)
1300 1969 1350 2003 τῆς
1371 1967 1463 1999 ἀνοίας
1482 1967 1635 2003 ἐπίκουρον,
1655 1966 1702 1993 καὶ
1725 1966 1869 2002 συνήθειαν

1077 2016 1215 2051 ἕννομον)·
1231 2016 1288 2043 ἀλλ’
1306 2014 1424 2042 ἐναντίον
1435 2013 1512 2045 Θεοῦ,
1528 2014 1574 2039 κα).
1590 2013 1724 2047 ἀγγέλων,
1740 2013 1787 2039 καὶ
1802 2021 1870 2039 παν-

1077 2062 1123 2093 τὸς
1135 2062 1181 2088 τοῦ
1193 2062 1242 2097 τῆς
1263 2061 1425 2096 Ἐκκλησίας
1438 2059 1619 2095 πληρώματος
1629 2067 1635 2074 ’
1652 2059 1699 2086 καὶ
1709 2058 1869 2093 νενικηκότα

1078 2107 1175 2143 ψεῦδος
1186 2107 1327 2143 αἱρέσεων,
1340 2108 1380 2139 είς
1399 2107 1481 2142 τιμὴν
1495 2106 1562 2133 Θεοῦ
1578 2106 1688 2138 ζῶντος,
1705 2105 1752 2132 καὶ
1769 2105 1800 2131 τὸ
1814 2113 1868 2132 πα-

1118 2196 1174 2233 (82)
1191 2197 1287 2233 Κύων.
1313 2195 1380 2230 Reg.
1396 2204 1421 2229 a,
1438 2195 1512 2224 κύον.
1528 2205 1541 2233 γι
1556 2195 1578 2223 Ο
1593 2197 1679 2224 cauis.
1690 2205 1700 2222 ι
1715 2195 1870 2233 Philosophi

1084 2231 1170 2266 cynici
1187 2232 1228 2260 sic
1256 2232 1435 2264 vocabantur,
1463 2232 1533 2265 quod
1553 2239 1650 2258 canum
1679 2231 1868 2265 voracitatem,

1084 2266 1228 2300 ingluviem
1243 2271 1268 2294 et
1284 2267 1433 2294 oblati-anili
1466 2267 1613 2298 libidinem,
1632 2271 1695 2298 εις..
1710 2266 1870 2293 :emnhrcn-

1084 2306 1135 2327 tur.
1152 2302 1218 2328 Cum
1234 2302 1363 2329 Maximus
1378 2307 1448 2329 esset
1462 2303 1580 2336 cynicus,
1599 2309 1631 2328 ac
1654 2302 1749 2336 cynico
1775 2300 1869 2328 habitu

1084 2337 1252 2368 indueretur,
1279 2342 1369 2372 utpote
1385 2338 1429 2371 qui
1445 2341 1472 2363 et
1487 2345 1592 2372 contam
1615 2337 1709 2367 aleret,
1727 2340 1753 2362 et
1766 2340 1870 2364 Vestem

1085 2371 1173 2399 albam
1185 2371 1315 2406 gereret,
1330 2372 1440 2406 opponit
1461 2372 1503 2398 hic
1533 2371 1680 2405 Gregorius
1711 2371 1868 2406 cynicorum

1085 2408 1157 2434 vittis
1184 2407 1239 2434 veri
1257 2407 1407 2440 philosophi
1437 2413 1524 2434 notas.
1555 2406 1630 2434 Unde
1651 2407 1782 2433 Maximus
1800 2415 1809 2431 ι
1823 2415 1870 2433 ca-

1084 2444 1144 2469 nisn
1158 2443 1318 2477 appellatur,
1331 2443 1414 2476 inquit
1427 2441 1507 2473 Elius,
1524 2451 1533 2468 ‹
1547 2450 1598 2468 non
1610 2443 1644 2468 ob
1662 2443 1867 2474 impudentiam,

1084 2484 1112 2504 ιιι
1127 2485 1219 2510 canes,
1231 2478 1277 2504 sed
1294 2478 1328 2504 ob
1343 2477 1494 2504 libertatem
1508 2486 1515 2510 ;
1534 2485 1585 2504 nun
1598 2477 1634 2503 ob
1654 2477 1809 2510 ingluviem,
1822 2478 1870 2504 sed

1082 2513 1156 2547 quod
1172 2513 1199 2539 in
1214 2513 1284 2547 diem
1297 2513 1377 2544 vivat,
1393 2521 1402 2537 ι
1418 2518 1471 2547 etc.

1120 2547 1174 2583 (85)
1188 2546 1277 2580 Στῆθι
1294 2547 1353 2573 τῶν
1381 2546 1476 2581 ιερῶν,
1502 2554 1554 2574 clc.
1582 2547 1694 2583 Videtur
1720 2545 1872 2581 Tltcologtts

1084 2582 1128 2610 bis
1146 2583 1235 2610 verbis
1252 2583 1381 2617 Cynicum
1415 2583 1516 2609 hortari
1542 2582 1574 2608 ad
1600 2582 1790 2612 sarerdotnun,
1815 2584 1870 2613 cui,

1084 2623 1139 2644 tum
1156 2619 1218 2650 vita,
1247 2623 1302 2645 tum
1317 2618 1437 2645 doctrina
1453 2626 1513 2644 eum
1529 2625 1588 2644 esse
1618 2618 1742 2643 idoneum
1756 2617 1872 2643 arbitra-

1084 2654 1170 2679 batur.

1119 2688 1174 2722 (at)
1196 2687 1288 2720 Τινός.
1305 2686 1387 2714 Coisl.
1403 2687 1429 2719 1,
1446 2692 1472 2714 et
1485 2687 1572 2719 Pass.,
1586 2686 1676 2713 τινῶν.

1119 2719 1173 2758 (85)
1185 2719 1299 2756 Χρόνον
1311 2723 1531 2756 προσλαϐόντα,
1547 2727 1599 2749 etc.
1619 2722 1721 2754 Billius,
1739 2730 1749 2747 ι
1762 2719 1873 2758 Postea-

1082 2756 1162 2791 quam
1178 2758 1343 2791 temporibus
1366 2765 1398 2785 ac
1413 2758 1537 2793 legitima:
1565 2757 1767 2793 consuetudinis
1791 2756 1872 2793 auxi-

1083 2793 1147 2818 lium
1161 2797 1376 2825 assumpseruut.
1389 2802 1399 2818 ι
1419 2791 1529 2820 R'ectius
1545 2793 1654 2826 quidem
1674 2793 1699 2818 in
1713 2792 1798 2826 pritna
1814 2791 1874 2817 edi-

1084 2828 1156 2855 tione
1170 2827 1322 2854 reddiderat
1341 2837 1348 2854 :
1367 2836 1376 2854 ι
1388 2825 1565 2861 Posteaquam
1593 2825 1722 2861 temporis
1747 2825 1870 2859 antiqui-

1084 2867 1136 2894 las,
1164 2864 1272 2924 vlinlique
1303 2863 1371 2899 legis
1395 2863 1520 2892 obtinens
1543 2862 1722 2895 consuetudo,
1749 2861 1871 2890 stultitia

1084 2904 1161 2924 008m
1188 2906 1202 2924 u
1216 2903 1244 2924 ll.
1260 2907 1269 2924 ι

1083 2904 1161 2933 opem
1176 2899 1244 2926 tulit.
1260 2907 1269 2924 ι
