2060 3140
214 205 277 233 1201
617 205 747 233 ORATIO
768 205 850 233 XXV.
871 222 906 227 ——
926 206 959 233 IN
981 206 1123 236 LAUDEM
1144 207 1296 237 HERONlS
1313 209 1447 239 PIllLOS.
1767 214 1837 242 1202

212 264 269 290 θεῖν
294 263 350 294 τοίς
375 262 485 294 οἰκείοις
512 262 626 288 πάθεσιν
649 262 861 295 ὲκδιδάσκοντος,
890 263 938 290 καὶ
964 260 1002 291 ὧν

1058 265 1245 300 patrocinium,
1262 271 1377 302 tempus,
1393 273 1419 295 et
1437 275 1485 302 pro
1506 275 1535 296 re
1556 268 1676 304 legitima
1690 277 1838 298 consuetu-

211 307 303 341 ἆθλον,
321 308 443 344 οὐρανῶν
458 307 591 343 βασιλεία,
605 308 651 335 καὶ
666 308 732 335 Θεὸν
743 309 868 343 γενέσθαι
883 309 930 335 τοῦ
944 318 999 336 πα-

1058 309 1143 337 dinem
1157 317 1391 347 assumpseruut);
1406 321 1499 340 rerum
1522 314 1654 341 hazresum
1670 317 1838 344 mendacium

212 355 269 381 θεῖν
287 354 462 390 ὑψηλότερον.

1058 355 1194 389 deviceris,
1209 356 1233 382 iu
1252 357 1382 384 honorem
1402 357 1448 385 Dei
1469 359 1596 392 viventis,
1609 359 1655 394 qui
1671 368 1719 387 nos
1732 368 1839 396 quoque

211 410 260 437 per
274 410 336 429 suos
349 402 486 429 cruciatus
508 401 542 428 ad
564 399 719 428 subeundos
744 400 880 428 cruciatus
899 400 1000 432 erudit,
1020 407 1134 435 quorum
1151 402 1232 428 etiam
1254 403 1432 430 certaminum
1468 404 1618 438 prmmium,
1648 405 1707 432 cmli
1726 413 1838 441 regnum

212 454 264 480 est,
286 457 317 475 ac
333 449 415 475 Deum
431 448 512 480 vilici,
528 448 600 474 muni
618 449 718 475 doloris
745 455 826 475 sensu
856 448 1054 475 sublintim'cm.

248 498 285 524 1".
304 495 384 523 Ἀλλά
401 495 442 527 τίς
454 497 471 531 ἡ
487 495 652 531 ἀνάρῤησις;
666 495 697 521 Εἰ
709 495 757 530 μὲν
768 495 817 530 τὴν
834 495 1002 530 συντομωτέ-

213 552 264 580 ραν
277 542 386 569 ποθεῖτε
400 542 447 568 καὶ
460 541 673 577 γνωριμωτέραν
683 549 690 556 ο
708 537 792 572 Οὗτος
809 540 859 575 τῆς
874 540 1002 576 ἀληθείας

213 589 366 624 ἀγωνιστὴς
381 587 587 622 ἀψευδέστατος,
600 587 646 613 καὶ
657 587 707 621 τῆς
720 586 833 622 Τριάδος
844 587 1003 622 ὑπέρμαχος

213 635 293 670 ἄχρις
310 635 435 669 αἳματος,
454 633 501 660 καὶ
515 633 568 659 τῶν
583 633 732 659 διωκόντων
746 632 785 668 τῷ
798 634 883 659 ποιεῖν
897 633 1001 664 κακῶς,

213 680 253 716 τῷ
267 680 383 714 πάσχειν
396 677 544 714 προθύμως
554 677 670 712 διώκτης
679 685 686 692 ⁸
700 677 775 704 οὐδὲν
789 678 843 714 γὰρ
853 677 924 704 οὕτω
939 678 1002 713 νικᾷ

213 727 259 753 τὸν
272 725 415 757 διώκοντα,
430 725 468 756 ὼς
484 724 622 760 προθυμία
634 724 680 750 τοῦ
694 724 853 759 πάσχοντος.
867 725 897 750 Εί
907 724 935 750 δὲ
952 724 1001 759 τὴν

213 771 382 807 τελεωτέραν
397 770 452 806 (86)
463 771 509 797 καὶ
523 770 694 805 πλατυτέραν
707 778 713 785 ·
732 767 816 802 Οὗτος
830 771 940 806 ἀριστος
953 771 1001 806 μὲν

215 818 246 850 ἐξ
259 818 386 854 ἀρίστων,
400 817 448 844 καὶ
466 817 496 850 ἐξ
507 816 625 851 εὐγενῶν
640 816 841 850 εὐγενέστατος.
857 816 1002 851 Εὑγένειαν

214 866 242 893 δὲ
264 865 346 900 λέγω,
366 865 415 900 οὐχ
433 864 467 899 ἢν
488 865 514 890 οἱ
531 863 622 890 πολλοὶ
646 863 814 899 νομίζουσιν·
835 864 941 898 ἇπαγεί
963 863 1001 890 Οὐ

1092 496 1134 523 Ill.
1152 495 1292 529 Quodnam
1315 500 1404 524 autem
1423 497 1473 525 hoc
1488 499 1652 532 praeconium
1667 501 1730 528 est?
1747 500 1838 536 Siqui-

1054 543 1114 569 dem
1141 543 1250 570 brevius
1278 546 1305 569 et
1332 544 1423 570 notius
1442 545 1573 578 quaeritis,
1590 546 1642 572 erit
1660 545 1813 581 hujusmodt
1828 556 1838 576 :

1054 587 1103 615 llic
1121 592 1163 615 est.
1180 588 1303 616 veritatis
1326 589 1426 616 athleta
1445 590 1608 618 verissimus
1620 612 1627 625 ,
1645 598 1674 620 et
1698 593 1839 622 Trinitatis

1053 634 1087 661 ed
1116 634 1274 668 sanguinem
1301 642 1388 670 usque
1416 643 1609 672 propugnator,
1630 644 1711 674 atque
1733 647 1838 673 eorum,

1053 679 1099 714 qui
1125 680 1222 715 ipsum,
1238 680 1343 715 injuria:
1368 681 1515 710 inferendae
1529 691 1621 716 causa,
1638 687 1840 720 persequeban-

1054 731 1109 760 tur,
1123 735 1171 762 per
1184 727 1304 762 patiendi
1320 727 1488 756 alacritatem
1504 734 1668 764 persecutor.
1686 731 1756 759 Nihil
1767 733 1839 760 enim

1054 778 1259 808 persecutorem
1276 773 1312 801 ita
1325 779 1446 809 superat,
1463 779 1491 802 ut
1508 777 1635 810 patientis
1660 777 1795 806 alacritas.
1809 779 1839 807 Si

1055 826 1119 846 vero
1144 818 1289 854 perfectius
1306 824 1333 847 et
1355 820 1435 848 latius
1453 822 1612 856 postulatis,
1628 823 1681 850 tale
1700 824 1773 852 erit:
1791 824 1840 853 llic

1055 872 1087 891 ex
1101 864 1211 899 optimis
1234 865 1363 900 optimus,
1382 871 1410 893 et
1433 874 1467 894 ex
1484 868 1621 896 nobilibus
1645 869 1838 899 nobilissimus.

215 911 284 947 πρὸς
298 911 376 947 ἡμῶν
388 910 458 937 οὕτω
470 909 619 946 θαυμάζειν
634 909 700 945 (87),
716 909 776 936 οὐδὲ
791 909 944 944 φιλόσοφον,
954 909 1003 945 τὴν

1058 908 1229 938 Nobilitatem
1255 911 1428 950 autem.dico,
1447 921 1499 941 non
1517 913 1599 950 456
1618 923 1696 950 quam
1719 916 1841 951 plerique

215 958 248 984 ὲκ
260 957 352 993 μύθων
363 956 410 983 καὶ
423 957 515 991 τάφων
527 955 677 991 ⁴ἐρχομένην
694 955 741 982 καὶ
752 955 836 982 πάλαι
853 955 1003 991 σεσηπυίας

215 1002 331 1039 ὀφρύος·
352 1002 413 1030 οὐδὲ
432 1003 483 1038 τὴν
500 1001 529 1034 ἐξ
548 1002 672 1036 αἱμάτων
695 1001 742 1028 καὶ
761 1001 932 1038 γραμμάτων
947 1001 1003 1035 (88)

216 1050 445 1087 προσγινομένην,
459 1050 493 1084 ἣν
504 1049 601 1081 νύκτες
616 1050 671 1084 (89)
687 1048 853 1084 χαρίζονται,
866 1048 913 1075 καὶ
928 1047 1004 1082 βασι·

215 1096 284 1122 λέων
301 1095 366 1127 ἴσως
381 1095 440 1121 οὐδὲ
454 1094 573 1128 εὐγενῶν
583 1095 683 1129 χεῖρες,
700 1093 933 1128 προστασσόντων,
951 1091 1002 1118 ὦσ-

216 1150 269 1178 περ
290 1141 353 1168 ἄλλο
373 1150 410 1173 τι,
433 1140 481 1176 τὴν
506 1140 661 1175 εὐγένειαν·
690 1139 748 1166 ἀλλ’
764 1140 797 1175 ῆν
819 1139 944 1165 εὐσέϐεια
956 1147 1006 1174 χα-

218 1186 376 1224 ρακτηρίζει
387 1187 433 1213 καὶ
446 1186 555 1222 τρόπος,
570 1186 615 1213 καὶ
627 1186 642 1221 ἡ
657 1185 725 1222 πρὸς
741 1185 772 1211 τὸ
785 1184 891 1221 πρῶτον
905 1184 1004 1218 ἀγαθὸν

217 1233 319 1264 ἄνοδος,
344 1231 404 1258 ὅθεν
422 1231 583 1266 γεγόναμεν.
604 1231 712 1267 Ταύτης
734 1229 872 1262 ἀπόδειξις
891 1230 939 1266 μία
953 1230 1005 1265 τῆς

217 1279 365 1313 εὐγενείας.
381 1278 418 1305 Οὐ
441 1277 494 1313 γὰρ
513 1277 632 1313 ἀθλητὴς
650 1277 729 1312 μόνον
748 1277 813 1312 ἡμῖν
829 1277 843 1304 ὀ
863 1276 1003 1311 γεννάδας,

217 1324 286 1352 ἀλλὰ
305 1325 351 1351 καὶ
372 1324 404 1350 ὲκ
419 1323 581 1359 μαρτύρων·
600 1322 670 1349 ὥστε
685 1322 790 1349 οἴκοθεν
809 1322 883 1358 αὐτῷ
907 1321 937 1349 τὸ
954 1324 1005 1358 τῆς

217 1370 318 1406 ἀρετῆς
333 1369 516 1405 παράδειγμα.
533 1367 647 1403 Πολίτης
663 1367 703 1400 δὲ,
723 1368 803 1403 σοφίᾳ
821 1367 881 1403 μὲν,
899 1370 949 1403 τῆς
967 1369 1006 1394 οι-

218 1415 353 1451 κουμένης
373 1415 483 1449 ἀπάσης
504 1413 574 1450 (οὐδὲ
592 1413 646 1449 γὰρ
665 1413 789 1448 ἀνέχεται
808 1415 915 1449 μικροῖς
931 1415 1005 1448 ὅροις

219 1460 322 1496 Κυνική
342 1458 588 1496 περιγράφεσθαι)·
618 1457 725 1494 σώματι
749 1458 789 1491 δὲ,
809 1458 860 1493 τῆς
882 1458 1006 1492 Ἀλεξαν-

217 1506 303 1542 δρέων
318 1506 432 1539 πόλεως,
453 1506 504 1541 τῆς
523 1505 572 1532 σὺν
587 1505 652 1541 ὑμῖν
663 1505 729 1541 (90),
744 1505 761 1541 ἦ
783 1505 843 1541 μεθ’
857 1505 929 1541 ὑμᾶς
950 1505 1005 1540 (91)

219 1552 319 1584 εὐθέως
337 1551 561 1588 ἀριθμουμένης·
577 1549 612 1588 ἧς
626 1552 692 1578 πᾶσι
713 1551 822 1578 πάντων
840 1551 1005 1587 κρατούσης,

219 1581 364 1634 θερμότινις⁵
377 1581 410 1624 τό
431 1581 576 1625 ίδίαίτατον
589 1581 658 1633 (ili),
675 1598 723 1624 καὶ
741 1597 844 1633 ταύτης
860 1581 893 1624 τὸ
917 1581 1008 1625 κάλλιζ
1021 1581 1042 1611 C

221 1652 291 1676 στον,
304 1643 525 1679 Χριστιανισμὸς,
542 1644 588 1670 καὶ
604 1645 620 1679 ή
640 1644 705 1679 περὶ
715 1643 794 1670 τοῦτο
808 1643 864 1679 (95)
877 1643 1009 1676 διάθεσις,

219 1691 251 1717 ὲκ
277 1690 462 1726 προαιρέσεως
492 1690 542 1726 μὲν
571 1691 720 1726 ἀρχομένη,
746 1692 778 1726 τῇ
808 1691 836 1718 δὲ
860 1692 941 1726 φύσει
966 1691 1011 1727 βε-

221 1736 381 1772 ϐαιουμένη.
411 1737 451 1772 Τῇ
486 1736 540 1774 γὰρ
569 1737 695 1772 εὐσεϐείᾳ
725 1737 757 1763 τὸ
789 1737 889 1773 θερμὸν
923 1746 1009 1773 προσ-

221 1783 360 1819 χιυρῆσαν,
387 1782 467 1818 ζῆλος
495 1782 619 1816 ἐγένετο·
644 1781 725 1814 ζῆλος
748 1782 788 1816 δὲ,
812 1783 946 1818 ἀσφάλεια
965 1782 996 1809 πί

224 1836 318 1859 στεως.

1054 956 1212 984 existimant
1226 967 1232 985 :
1252 957 1341 985 absit!
1359 958 1417 986 Non
1431 959 1502 986 enim
1517 965 1638 987 nostrutn
1652 965 1703 994 est,
1721 970 1770 988 nev?
1783 963 1841 997 phi-

1054 1001 1234 1037 losophicum,
1250 1011 1311 1030 eam
1330 1004 1468 1036 admirari,
1484 1012 1544 1039 qua:
1556 1014 1569 1031 ιι
1584 1005 1682 1033 fabulis
1702 1011 1730 1033 et
1750 1007 1841 1042 sepul-

1053 1049 1127 1082 cris,
1145 1056 1178 1076 ac
1200 1049 1345 1084 supercilio
1370 1051 1531 1085 jampridem
1558 1051 1707 1086 putrefacto
1725 1059 1815 1080 manat
1831 1063 1838 1081 :

1054 1101 1105 1121 nec
1133 1101 1206 1127 eam,
1225 1102 1285 1130 quae
1311 1103 1345 1122 ex
1371 1097 1548 1131 sanguinibus
1570 1101 1598 1124 et
1623 1097 1720 1126 litteris
1743 1100 1839 1132 oritur,

1054 1147 1135 1175 quam
1151 1145 1243 1168 noctes
1257 1141 1417 1175 largiuntur,
1435 1150 1467 1169 ac
1491 1150 1583 1176 regum
1599 1143 1754 1178 ignobilium
1770 1152 1840 1179 quo-

1055 1193 1107 1220 que
1131 1185 1247 1213 fortasse
1276 1194 1373 1215 manus
1386 1208 1394 1221 ,
1411 1187 1578 1215 nobilitatem
1592 1208 1600 1222 ,
1615 1189 1689 1217 velut
1713 1191 1839 1226 quiddam

1055 1232 1139 1265 aliud,
1153 1232 1305 1268 jubentium
1320 1241 1327 1259 :
1341 1234 1386 1260 sed
1403 1241 1481 1268 qttam
1502 1235 1588 1269 pietas
1602 1239 1630 1262 et
1646 1243 1735 1264 mores
1747 1241 1842 1264 notant

1055 1283 1139 1311 atque
1153 1278 1285 1310 indicant,
1301 1283 1330 1306 et
1343 1279 1377 1306 ad
1393 1280 1508 1314 primum
1527 1281 1592 1308 illud
1619 1282 1729 1315 bonum,
1741 1291 1773 1310 ex
1788 1291 1841 1318 quo

1055 1323 1190 1358 originem
1210 1324 1355 1358 traximus,
1370 1333 1510 1353 ascensus.
1530 1326 1615 1362 Hujus
1630 1327 1779 1355 nobilitatis
1791 1329 1842 1357 hoc

1056 1377 1138 1396 unum
1153 1375 1343 1405 argumentum
1356 1376 1407 1400 88L
1423 1372 1528 1400 Etenim
1549 1381 1601 1401 non
1617 1379 1718 1402 tantum
1741 1380 1842 1411 martyr

1056 1415 1114 1450 ipse
1135 1424 1282 1452 generosus
1297 1417 1410 1450 exstitit,
1427 1419 1473 1446 sed
1504 1420 1588 1447 etiam
1612 1427 1645 1447 ex
1664 1421 1841 1456 martyribus.

1057 1461 1150 1497 Itaque
1164 1462 1272 1491 virtutis
1291 1463 1446 1499 exemplum
1472 1465 1531 1500 ipse
1555 1466 1626 1493 domi
1651 1466 1754 1494 habuit.
1771 1466 1842 1502 Jam,

1056 1507 1127 1542 quod
1140 1508 1173 1536 ad
1191 1509 1328 1536 civitatem
1343 1510 1448 1543 attinet,
1462 1510 1484 1538 si
1500 1511 1608 1545 quidem
1622 1513 1759 1546 sapientia:
1776 1513 1844 1540 ratio

1058 1554 1198 1587 habeatur,
1213 1555 1294 1583 totius
1310 1556 1385 1584 orbis
1401 1561 1531 1584 terrarum
1549 1563 1591 1585 est
1605 1558 1673 1585 civis
1692 1568 1698 1585 :
1712 1567 1761 1586 nec
1772 1559 1842 1586 enim

1060 1600 1225 1636 cynicismus
1240 1602 1344 1637 exiguis
1358 1602 1455 1630 ﬁnibus
1468 1603 1655 1639 circumscribi
1669 1605 1796 1638 sustinet;
1820 1605 1843 1632 si

1058 1653 1123 1674 vero
1150 1653 1248 1681 corpus
1265 1652 1430 1682 spectemus,
1446 1648 1608 1676 Alexandria
1630 1653 1705 1677 ortus
1729 1653 1782 1681 est,
1810 1657 1844 1677 ex

1060 1699 1092 1719 ea
1108 1692 1236 1719 nimirum
1252 1693 1371 1726 civitate,
1386 1701 1445 1727 quae
1461 1693 1503 1721 vel
1520 1701 1580 1721 cum
1595 1699 1699 1728 vestra,
1719 1695 1759 1722 vel
1771 1699 1845 1723 certe

1057 1737 1149 1765 statim
1176 1741 1237 1772 post
1258 1744 1317 1764 eam
1346 1742 1506 1765 numeratur
1523 1747 1611 1773 :quaa,
1634 1747 1694 1766 cum
1720 1739 1845 1768 omnibus

1058 1783 1139 1810 rebus
1156 1783 1237 1810 urbes
1252 1790 1345 1811 omnes
1357 1783 1515 1816 antecellat,
1527 1784 1592 1811 nihil
1614 1788 1702 1812 tamen
1719 1791 1772 1812 tam
1784 1793 1845 1819 pro-

1059 1826 1147 1862 prium
1163 1827 1255 1858 habet,
1273 1835 1352 1862 quam
1380 1828 1532 1856 anitnorum
1550 1829 1697 1862 fervorem,
1714 1834 1752 1863 et,
1774 1830 1845 1864 quod

222 1874 248 1900 in
274 1880 307 1899 eo
331 1872 570 1907 praeclarissimum
587 1876 646 1904 est,
673 1872 835 1900 acerrimum
876 1878 941 1906 erga
972 1871 1154 1898 Christianam
1176 1871 1334 1906 religionem
1366 1873 1506 1906 studium,
1529 1881 1543 1900 a
1571 1874 1708 1902 voluntate
1735 1875 1845 1909 quidem

222 1925 303 1954 atque
319 1918 402 1946 animi
419 1919 558 1953 proposito
571 1918 733 1953 principium
753 1919 865 1950 ducens,
881 1923 1008 1946 catlerum
1029 1925 1043 1944 a
1062 1921 1158 1944 natura
1176 1922 1270 1952 postea
1301 1918 1504 1948 conﬁrmatum.
1533 1920 1626 1948 Animi
1653 1921 1725 1949 enim
1743 1921 1844 1956 fervor,

222 1973 283 1993 cum
301 1965 334 1992 ad
351 1966 478 1999 pietatem
493 1964 651 1996 accesserit,
668 1963 755 1991 zelum
770 1964 857 1998 parit:
871 1964 945 1991 zelus
960 1969 1050 1991 autem
1061 1963 1123 1991 ﬁdei
1135 1964 1290 1998 praesidium
1306 1969 1357 1994 est.

258 2012 294 2038 Δ⁷.
311 2010 432 2046 Τραφεὶς
447 2009 476 2036 δὲ
493 2008 564 2036 οὕτω
580 2009 628 2036 καὶ
643 2008 807 2041 παιδευθεὶς,
825 2009 862 2041 ὡς
877 2009 950 2041 εἰκὺς
964 2009 1010 2036 τὸν

223 2059 256 2085 ὲκ
271 2056 399 2084 τοιούτων
419 2056 550 2091 γεγονότα
563 2055 609 2082 καὶ
622 2055 742 2082 τοιοῦτον
759 2055 897 2090 ἐσόμενον,
917 2055 1010 2090 ἐπειδὴ

225 2104 288 2140 βίων
311 2104 366 2139 (94)
386 2103 518 2139 αἱρέσεως
548 2101 644 2138 καιρὸς
664 2101 750 2128 ἐδόκει
769 2101 813 2137 (ἣν
831 2101 950 2136 κρηπῖδα
962 2100 1010 2127 τοῦ

224 2150 353 2186 πράττειν
367 2147 395 2176 εὖ
411 2148 529 2184 ἢκακῶς
544 2147 597 2182 ἐγὼ
613 2148 744 2183 τίθεμαι),
756 2145 809 2174 εἶδέ
823 2147 879 2182 (95)
889 2156 914 2173 τι
929 2147 1009 2182 μέγα,

224 2197 271 2224 καὶ
279 2195 411 2226 νεανικὸν,
421 2195 468 2221 καὶ
481 2194 535 2221 τῶν
544 2193 647 2221 πολλῶν
656 2193 830 2228 ὑψηλότερον.
839 2192 951 2240 Τρυιρῂν
961 2193 1009 2240 μὲν
1026 2213 1047 2240 D

225 2241 351 2277 ἀτιμάζει
376 2241 423 2268 καὶ
443 2240 612 2276 περιουσίαν,
635 2239 682 2266 κα)⁸
702 2239 861 2266 δυνάστειαν
879 2238 971 2271 πλέον,
992 2238 1009 2274 ἢ

224 2288 287 2319 τοὺς
315 2287 410 2318 ἄλλους
432 2287 456 2313 οἱ
479 2286 566 2313 ταῦτα
587 2285 761 2321 προέχοντες·
781 2285 827 2311 καὶ
844 2285 893 2319 τὴν
911 2285 959 2320 μὲν
974 2284 1012 2316 ὡς

226 2333 335 2369 πρώτην
347 2331 542 2363 κακοπάθειαν,
558 2331 606 2366 τὴν
621 2331 649 2357 δὲ
663 2330 701 2362 ὡς
712 2330 828 2365 ἐσχάτην
845 2330 949 2361 πενίαν,
961 2330 1010 2365 τὴν

225 2379 253 2405 δὲ
277 2378 313 2410 ὡς
338 2377 479 2404 ἀσθένειαν
501 2376 550 2412 τὴν
573 2376 713 2408 ἀνωτάτω,
735 2375 860 2402 διαπτύει
879 2374 926 2401 καὶ
944 2374 1012 2401 ἀπο-

227 2422 376 2457 πέμπεται.
392 2421 474 2448 Οὐδὲν
494 2420 547 2456 γὰρ
562 2420 663 2455 ἀγαθὸν
679 2417 759 2452 εἶναι,
780 2420 794 2446 ὃ
812 2420 879 2455 μήτε
895 2418 1014 2454 βελτίους

227 2470 300 2496 ποιεῖ
320 2470 382 2501 τοὺς
407 2468 602 2504 κεκτημένους,
623 2468 690 2495 ἀλλὰ
720 2467 767 2494 καὶ
793 2467 901 2502 χείρους
919 2466 957 2498 ὡς
980 2466 1014 2492 τὰ

228 2515 328 2542 πολλά·
348 2515 414 2551 μήτε
428 2515 471 2541 διὰ
485 2514 578 2546 τέλους
595 2513 746 2549 παραμένει
757 2514 813 2544 τοῖς
824 2512 926 2548 ἔχουσι.
943 2512 1016 2539 Φιλο-

229 2561 326 2597 σοφίαν
343 2561 372 2587 δὲ
390 2560 552 2596 προΐσταται
571 2560 619 2595 τὴν
632 2560 775 2586 δέσποιναν
794 2558 848 2585 τῶν
860 2557 953 2584 παθῶν
968 2558 1015 2584 καὶ

228 2607 266 2643 τῷ
279 2606 353 2642 καλῷ
364 2605 523 2643 προσσαίνει
538 2605 679 2639 νεανικῶς,
697 2605 744 2632 καὶ
757 2604 811 2631 ἀπὸ
822 2604 872 2640 τῆς
886 2603 952 2640 ὕλης
966 2604 1010 2631 τέ-

266 2674 321 2710 (86)
338 2674 531 2708 Τελεωτὲραν.
550 2673 739 2710 Ιιινηιιιιιιιιιιίε,
752 2673 919 2709 τελεωτέραν
934 2681 975 2701 τε.

264 2708 320 2770 (87)
336 2709 504 2752 Θαυμάζειν.
518 2709 638 2751 (ὶοίειᾼ,
650 2708 812 2770 φιλοσοῖοεϊν.
870 2708 873 2709 ⁷
971 2743 977 2749 _

264 2746 308 2770 t88
335 2746 527 2770 Γοιιαιιατων.
560 2745 696 2770 «ιιιιθι-ιε.
709 2753 718 2770 ι
756 2744 792 2770 Ite
809 2744 977 2770 observaret

264 2744 319 2780 (88)
335 2744 527 2780 Γραμμάτων.
542 2779 546 2780 ν
560 2753 569 2769 ι
580 2745 696 2780 Litteris.
709 2753 718 2770 ι
737 2744 792 2780 illic
809 2744 954 2780 observare
968 2744 1011 2778 ju-

228 2778 284 2813 vat,
307 2778 376 2807 inter
393 2778 481 2807 varias
506 2779 654 2807 nobilitatis
670 2779 784 2813 species,
802 2787 861 2806 eant
878 2786 892 2804 a
907 2778 1009 2812 Grego-

230 2816 269 2842 rio
286 2815 434 2844 numerari,
459 2822 519 2849 qua:
538 2815 688 2850 principum
714 2813 805 2841 favore
816 2819 844 2842 et
858 2813 1010 2849 diplomati-

229 2850 278 2876 bus
290 2855 471 2884 comparatur.

247 2884 320 2945 ‘(89)
336 2883 460 2918 Νύκτες.
477 2883 569 2913 Schol.
582 2891 590 2912 :
601 2883 765 2920 Νυκτεριναι
778 2883 909 2920 σωμάτων
920 2891 1013 2912 συνου-

257 2928 296 2945 αι.

230 2927 296 2947 σιαι.

1098 2008 1143 2038 lV.
1156 2010 1300 2038 Enimvero
1319 2019 1381 2039 cutn
1396 2011 1443 2045 ita,
1461 2017 1490 2040 ut
1504 2020 1565 2041 eum
1582 2013 1705 2048 decebat,
1719 2015 1764 2050 qui
1784 2016 1846 2044 tali-

1062 2057 1112 2085 bus
1127 2062 1214 2090 ortusl
1230 2064 1262 2084 ac
1282 2057 1343 2085 talis
1359 2057 1466 2086 futurus
1487 2062 1562 2092 erat,
1581 2060 1710 2088 educatus
1735 2060 1846 2090 institu-

1063 2107 1159 2137 tusque
1174 2101 1280 2134 fuisset,
1291 2101 1403 2137 jamque
1415 2108 1521 2139 tempus
1544 2105 1681 2139 postulare
1697 2107 1845 2140 videretur,

1063 2153 1092 2175 ut
1109 2152 1214 2175 certum
1239 2148 1289 2175 sibi
1305 2148 1365 2175 vita:
1387 2156 1470 2183 genus
1493 2150 1668 2178 constitueret
1685 2152 1766 2186 (quod
1796 2160 1846 2187 ego

1063 2195 1130 2222 tanti
1148 2194 1275 2221 momenti
1288 2201 1347 2222 esse
1364 2195 1443 2227 duco,
1466 2200 1495 2221 ut
1519 2195 1601 2222 totius
1617 2196 1687 2229 vitae,
1706 2197 1745 2223 vel
1763 2203 1845 2230 recte,

1063 2241 1106 2268 vel
1125 2241 1194 2268 male
1217 2241 1388 2268 traducenda:
1405 2240 1608 2268 fundamentum
1636 2242 1663 2269 in
1680 2250 1711 2270 eo
1727 2243 1846 2277 positum

1063 2294 1124 2314 esse
1138 2286 1252 2322 putem),
1275 2287 1361 2322 majus
1376 2287 1502 2320 quiddam
1516 2291 1595 2320 atque
1609 2287 1751 2319 excelsius,
1765 2296 1846 2322 quam

1064 2333 1159 2367 vulgus
1177 2332 1272 2365 soleat,
1285 2332 1376 2359 animo
1392 2332 1494 2367 agitare
1513 2333 1604 2367 coepit.
1627 2333 1741 2360 Delicias
1762 2336 1846 2366 cuitu,

1063 2383 1090 2405 et
1100 2385 1175 2413 opes,
1193 2381 1220 2405 et
1236 2378 1383 2412 potentiam
1396 2377 1481 2412 magis
1496 2383 1668 2413 aspernatur,
1683 2387 1762 2413 quam
1779 2379 1847 2406 alios

1063 2424 1202 2458 aspernari
1216 2423 1303 2451 solent
1318 2423 1348 2456 ii,
1368 2424 1414 2458 qui
1435 2423 1478 2451 his
1493 2424 1571 2451 rebus
1587 2423 1732 2451 excellunt.
1746 2424 1784 2452 Ac
1799 2425 1847 2452 de-

1065 2468 1142 2496 licias
1154 2468 1273 2503 quidem,
1291 2471 1320 2495 ut
1330 2467 1444 2504 primam
1458 2476 1604 2495 :erutunam
1620 2473 1646 2496 et
1663 2468 1846 2501 aﬁlictionetn,

1063 2521 1127 2550 opes
1140 2519 1239 2547 autem,
1257 2518 1285 2541 ut
1311 2519 1460 2541 extremam
1484 2520 1680 2549 paupertatem,
1701 2516 1847 2550 potentiam

1062 2568 1137 2594 vero,
1160 2564 1190 2587 ut
1213 2568 1346 2588 summam
1368 2561 1578 2589 imbecillitatem
1606 2562 1740 2597 despicit,
1766 2567 1848 2597 atque

1064 2605 1200 2634 amolitur.
1216 2605 1309 2641 Neque
1327 2607 1398 2634 enim
1416 2606 1563 2641 quidquam
1585 2606 1647 2634 boni
1664 2614 1761 2634 nomen
1778 2605 1849 2633 obti-

1100 2673 1261 2734 (9(ἶ)Ί“ἷμζν-.
1289 2672 1335 2714 Sic
1432 2672 1486 2706 bm,
1504 2672 1585 2716 Coisl.
1600 2673 1626 2707 1,
1641 2672 1713 2700 Eltas
1728 2677 1755 2700 et
1765 2673 1846 2700 Com-

1111 2729 1117 2734 .
1158 2726 1165 2734 .
1197 2714 1251 2734 emt
1266 2708 1368 2734 Billtus.
1399 2717 1413 2734 u
1430 2709 1485 2734 ed..
1501 2710 1577 2734 ήιιιν.

1064 2708 1117 2736 bef.
1135 2709 1171 2735 Ita
1188 2709 1251 2742 legit
1266 2708 1368 2735 Billius.
1386 2708 1413 2734 Ιιι
1430 2709 1485 2739 etl.,
1501 2709 1577 2743 ἡμῖν.

1068 2779 1075 2786 ι
1099 2743 1154 2786 (9i)
1171 2743 1239 2770 Μεθ’
1259 2742 1347 2778 ὑμᾶς.
1364 2743 1408 2770 Sic
1422 2743 1486 2778 Reg.
1500 2744 1555 2775 bm,
1571 2747 1599 2771 et
1611 2742 1693 2771 Coisl.
1707 2742 1732 2771 1.
1747 2742 1777 2770 In
1791 2743 1848 2777 οὐ»,

1105 2787 1145 2804 ας.
1303 2801 1304 2804 η

1176 2801 1354 2848 Ἰδιιιίταξον.
1375 2812 1456 2840 Coisl.
1473 2813 1499 2843 l,
1517 2813 1653 2841 ἰδιότατον.

1101 2848 1157 2882 (95)
1172 2848 1271 2875 Τοῦτο.
1284 2847 1365 2874 Coisl.
1379 2850 1404 2878 l,
1419 2848 1523 2875 τούτου.

1101 2883 1156 2918 (9t)
1169 2883 1254 2918 Βίων.
1265 2883 1356 2918 Forte,
1374 2882 1440 2918 βίου.
1457 2882 1536 2918 Et)”.

1102 2918 1159 2954 (95)
1172 2917 1252 2947 Εῐδε.
1263 2917 1327 2953 Reg.
1344 2918 1436 2954 Cypr.,
1451 2917 1498 2952 ῑδε,
1515 2927 1526 2944 σ
1537 2918 1608 2954 vide,
1620 2927 1631 2945 ι
1645 2923 1698 2950 etc.
