2060 3140
214 196 282 223 1203

811 200 839 228 S.
860 200 1022 228 GREGORII
1045 201 1217 230 THEOLOGI

1766 202 1833 230 1-2οι

214 262 279 281 nere
297 261 375 287 posse
388 255 535 288 statuebat,
551 258 621 291 quod
634 257 757 285 dominos
773 265 837 286 suos
857 258 996 293 haudqua-

1051 267 1155 293 μνεται,
1176 259 1242 294 πρὶν
1261 258 1451 294 διαζευχθῆναι
1470 258 1525 294 (96)
1545 259 1593 294 τῆς
1614 258 1696 293 ὕλης·
1712 258 1759 285 καὶ
1778 258 1832 284 τῶν

215 308 295 335 quam
311 301 446 334 meliores,
458 302 512 329 imo
525 303 606 330 etiam
628 311 747 338 persaepe
771 304 922 332 deteriores
942 303 998 330 elli-

216 352 300 379 ccrct,
323 355 370 373 nec
387 352 543 376 constanter
554 357 615 376 cum
629 350 682 384 his,
692 357 706 376 a
720 350 819 385 quibus
833 350 997 385 possidetur,

217 398 348 419 maneret.
362 391 562 427 Philosophiam
576 400 666 422 autem
684 395 918 430 perturbationum
941 395 998 422 ani-

215 438 251 464 mi
268 438 402 465 dominam
427 439 478 466 sibi
499 440 629 474 prwiicit,
646 446 810 476 strenueque
823 441 855 467 ad
871 441 997 468 virtutem

216 484 364 516 contendit,
377 489 468 519 atque,
488 491 633 520 antequam
646 494 660 513 a
675 487 797 521 corporis
811 486 881 514 mole
893 487 998 520 disjun-

216 533 304 561 gatur,
321 536 335 554 a
347 531 469 563 corporis
481 531 551 557 ntole
567 538 629 558 sese
640 531 784 563 abscindit,
800 539 832 559 ac
855 539 936 566 supra
953 539 997 563 ea,

215 580 275 607 quae
296 573 383 601 oculis
398 581 555 607 cernuntur,
575 575 655 611 457
682 578 808 612 assurgit,
824 581 909 604 totum
927 584 996 608 sese,

216 618 316 646 indolis
341 619 547 653 magnitudine,
576 628 608 648 ac
635 621 782 648 voluntatis
805 621 997 656 generositate,

217 662 300 690 rebus
314 664 401 691 lirtnis
417 669 444 691 et
459 665 600 693 stabilibus
620 667 760 694 addicens.
772 666 948 701 Posteaquam
962 667 999 694 ita

215 709 306 736 animo
321 710 472 743 constituit,
492 711 518 738 id
534 719 568 738 ne
591 712 699 746 quidem
723 712 749 739 in
777 712 998 739 deliberationem

216 754 343 787 admisit,
360 760 448 782 utram
477 756 567 790 potius
593 756 790 790 philosophiam
826 762 999 791 sequeretur,

216 805 410 834 externumque
439 809 472 829 ac
494 801 635 837 profanam
650 821 659 834 ,
681 806 762 836 atque
785 802 811 828 in
826 802 999 836 philosophiae

217 846 310 873 habitu
333 852 360 875 et
376 848 487 874 obtentu
508 847 631 875 veritatis
654 848 765 875 umbras
784 848 998 882 assimulantem,

215 899 249 918 an
266 899 330 920 vero
345 898 477 926 nostram,
495 893 622 920 humilem
646 894 719 920 illam
740 893 848 927 quidem
869 894 895 921 in
910 895 999 928 specie

1048 305 1194 340 ὁρωμένων
1208 305 1442 338 κατεξανίσταται,
1460 304 1569 340 μεγέθει
1583 304 1689 338 φύσεως
1707 304 1754 330 καὶ
1770 313 1837 339 προ-

1048 350 1180 384 αιρέσεως
1193 350 1327 385 εὐγενείᾳ,
1339 351 1395 381 τοῖς
1408 350 1505 376 ἑστῶσι
1518 349 1710 384 προσθέμενος.
1728 350 1835 385 Ἐπειδὴ

1048 394 1119 420 οὕτω
1138 394 1272 429 διενοήθη,
1285 394 1365 420 τοῦτο
1378 394 1427 429 μὲν
1439 394 1497 420 οὐδὲ
1516 393 1614 428 βουλῆς
1629 393 1738 428 ἠξίωσε,
1757 394 1836 420 ποτέ-

1050 449 1100 475 ραν
1113 440 1153 466 δεῖ
1170 440 1225 466 τῶν
1241 440 1404 475 φιλοσοφιῶν
1418 439 1524 466 ἑλέσθαι
1540 439 1650 475 μᾶλλον,
1664 439 1713 474 τὴν
1723 439 1774 472 ἔξω
1789 441 1836 466 καὶ

1050 487 1198 519 παίζουσαν
1211 486 1262 518 τὰς
1277 488 1326 522 τῆς
1337 485 1465 522 ἀληθείας
1478 486 1556 517 σκιὰς
1572 487 1601 512 ἐν
1611 485 1650 520 τῷ
1664 486 1714 521 τῆς
1727 485 1835 520 φιλοσο-

1050 532 1113 566 φίας
1130 533 1248 567 σχήματι.
1263 531 1310 558 καὶ
1328 531 1510 567 προϐλήματι,
1530 531 1547 566 ἢ
1571 530 1619 565 τὴν
1632 530 1688 564 (97)
1699 530 1836 566 ἡμετέραν

1049 578 1097 604 καὶ
1110 577 1242 612 ταπεινὴν
1257 577 1305 612 μὲν
1319 577 1358 611 τῷ
1372 576 1536 611 φαινομένῳ,
1551 574 1654 610 ὑψηλὴν
1670 575 1698 601 δὲ
1715 575 1753 610 τῷ
1767 584 1836 611 κρυ-

1049 624 1188 658 πτομένῳ,
1205 624 1252 650 καὶ
1266 623 1334 658 πρὸς
1349 622 1415 649 Θεὸν
1431 623 1565 656 ἄγουσαν·
1584 621 1651 648 ἀλλὰ
1667 621 1767 652 πάσαις
1783 621 1835 658 ψή-

1050 679 1109 705 φοις
1124 671 1240 706 αίρεῖται
1250 670 1299 704 τὴν
1310 668 1458 704 ἡμετέραν,
1475 667 1557 703 μηδὲν
1567 667 1634 698 ὅλως
1645 667 1690 692 ἐπὶ
1703 667 1737 693 τὰ
1751 667 1833 702 χείρω

1050 715 1240 751 παρατραπεὶς
1257 715 1305 750 τὴν
1321 714 1450 745 διάνοιαν,
1468 713 1534 749 μηδὲ
1552 713 1604 739 ὑπὸ
1619 714 1667 748 τῆς
1681 712 1734 738 τῶν
1748 712 1833 746 λόγων

1050 760 1183 796 κομψείας
1207 760 1384 795 παρασυρεὶς,
1439 759 1510 794 μέγα
1529 758 1672 794 φρονοῦσιν
1688 757 1744 793 (98)
1762 758 1786 783 οἱ
1802 757 1836 784 τὲ

1056 806 1189 842 Ἑλλήνων
1210 804 1427 840 φιλοσοφοῦντες.
1451 803 1591 830 Ἐκεῖνοδὲ
1609 803 1714 839 πρῶτον
1731 803 1836 837 φιλοσο-

1051 853 1105 886 φεῖ,
1117 851 1218 886 γνῶναι
1232 851 1286 877 τῶν
1298 850 1440 886 ἡμετέρων
1451 849 1506 885 (99)
1517 849 1583 876 ὁδῶν
1593 850 1640 885 τὴν
1653 848 1836 884 αἱρετωτέραν

1049 907 1079 924 τε
1094 897 1142 924 καὶ
1153 896 1373 931 λυσιτελεστέραν
1384 895 1481 930 ἐπίσης
1495 895 1569 930 αὐτῴ
1582 904 1611 921 τε
1625 895 1672 921 καὶ
1685 895 1752 921 πᾶσι
1768 895 1836 929 Χρι-

215 942 241 963 et
257 937 402 973 abiectam,
412 943 539 966 cteterum
554 939 579 966 in
590 939 696 966 occulto
708 939 862 972 sublimem,
875 944 955 975 atque
965 941 997 967 ad

1052 945 1178 975 στιανοῖς.
1195 943 1337 978 Πανταχοῦ
1351 942 1405 977 γὰρ
1421 942 1460 977 τῷ
1477 941 1536 968 καθ’
1551 941 1645 968 ἑαυτὸν
1660 941 1707 967 καὶ
1720 941 1765 967 τὸν
1780 949 1836 966 κοι-

217 982 299 1010 Deum
319 984 481 1018 ducentem;
499 992 591 1012 verum
613 989 734 1012 nostrain
756 985 893 1018 omnibus,
911 990 937 1013 ut
963 986 998 1013 ita

214 1028 314 1060 dicant,
328 1029 465 1065 suffragiis
486 1031 577 1061 statim
602 1030 696 1065 eligit,
717 1038 885 1066 nequaquam
904 1039 999 1067 passus

215 1081 332 1102 utentem
352 1083 428 1103 suam
444 1077 476 1103 ad
505 1077 638 1104 deteriora
663 1081 848 1105 transversam
875 1078 936 1113 agi,
952 1084 999 1106 aut

213 1128 328 1156 compta:
345 1123 478 1151 orationis
501 1123 634 1159 elegantia
660 1123 795 1156 distrahi,
817 1124 852 1152 ob
870 1132 950 1158 quam
967 1125 997 1157 ii,

215 1168 261 1201 qui
277 1170 417 1204 gentilium
429 1170 527 1204 placita
543 1171 713 1204 profitentur,
736 1170 842 1197 animos
862 1171 996 1198 attollunt.

1051 989 1096 1015 νδν
1109 987 1316 1023 συλλαμϐάνειν,
1332 986 1422 1022 ψυχῆς
1433 984 1502 1013 εἶναι
1512 986 1678 1020 τελειοτάτης
1691 995 1719 1012 τε
1732 987 1778 1012 καὶ
1793 994 1838 1019 φι-

1051 1033 1242 1068 λοσοφωτάτης
1272 1031 1405 1067 ἐνόμιζεν.
1434 1031 1500 1058 Οὐδὲ
1526 1031 1580 1066 γὰρ
1609 1031 1697 1066 ἑαυτῷ
1721 1031 1836 1066 γεγενῆ-

1054 1080 1115 1107 σθαι
1137 1079 1173 1114 (l)
1193 1079 1270 1114 μόνον
1291 1077 1405 1104 ἕκαστον
1423 1077 1510 1112 ἡμῶν,
1532 1076 1656 1104 ἀλλὰκαὶ
1671 1077 1762 1108 πᾶσιν,
1780 1077 1836 1103 ὅσοι

1051 1126 1101 1160 τῆς
1121 1125 1205 1159 αὐτῆς
1223 1124 1364 1159 μετέχουσι
1385 1123 1501 1157 φύσεως,
1520 1122 1566 1148 καὶ
1583 1121 1657 1158 παρὰ
1677 1121 1724 1148 τοῦ
1742 1121 1834 1153 αὐτοῦ,

1053 1172 1099 1197 καὶ
1113 1171 1158 1197 ἐπὶ
1172 1170 1228 1201 τοῖς
1240 1169 1331 1201 αὐτοῖς
1344 1168 1497 1203 γεγόνασιν.

215 1215 271 1242 Hoc
304 1221 393 1243 autem
419 1217 535 1252 primum
563 1216 777 1251 philosophatur,
796 1221 835 1249 ut,
854 1224 886 1243 ex
913 1216 1018 1244 duobus
1037 1216 1138 1244 nostris
1170 1216 1231 1243 vita:
1253 1215 1408 1250 generibus,
1433 1218 1522 1240 utrum
1536 1217 1706 1248 przcstantms
1722 1218 1767 1245 Sil,
1792 1217 1834 1240 at-

214 1270 277 1295 que,
311 1268 337 1290 et
355 1263 426 1296 sibi,
458 1268 486 1291 et
511 1263 635 1291 omnibus
662 1263 826 1291 Christianis
847 1263 1037 1297 fructuosius,
1058 1264 1198 1297 intelligat.
1227 1263 1333 1290 Etenim
1366 1260 1555 1297 perfectissimi
1583 1269 1615 1287 ae
1644 1261 1835 1295 sapientissimi

214 1308 298 1334 animi
333 1315 393 1336 esse
404 1308 554 1343 judicabat,
572 1312 684 1345 privatae
700 1311 825 1338 utilitatis
843 1319 902 1338 cum
924 1312 1038 1346 publicis
1053 1311 1203 1338 commodis
1228 1309 1399 1344 coniunctam
1431 1308 1531 1335 habere
1568 1308 1712 1334 rationem.
1744 1306 1836 1342 Neque

211 1350 284 1379 enim
313 1361 476 1389 quemquam
497 1359 616 1383 nostrum
643 1356 695 1384 sibi
720 1357 770 1384 soli
794 1361 886 1383 natum
910 1363 989 1390 esse,
1009 1356 1057 1383 sed
1090 1355 1215 1382 erunibus
1230 1355 1324 1388 etiam,
1344 1354 1389 1388 qui
1418 1351 1537 1388 ejusdem
1561 1356 1665 1379 natura:
1687 1353 1832 1387 participes

213 1393 294 1431 “unt,
318 1405 399 1434 atque
425 1400 459 1427 ab
483 1402 575 1427 eodem
590 1421 598 1433 ,
622 1407 650 1428 et
676 1401 708 1428 ad
737 1401 830 1428 cadetn
862 1402 996 1436 procreati
1017 1407 1088 1429 sunt.

249 1443 280 1470 V.
299 1445 366 1472 Cum
397 1450 487 1473 autem
516 1447 648 1480 privatam
678 1448 760 1475 vitam
786 1453 813 1476 et
832 1448 995 1482 solitariam,

213 1494 294 1524 atque
306 1498 320 1517 a
338 1491 409 1526 vulgi
423 1493 586 1520 conunercio
610 1498 740 1520 semotam
756 1498 784 1521 et
799 1494 926 1527 alienam,
941 1503 996 1521 nta-

213 1542 294 1567 gnam
309 1536 418 1570 quidem
434 1539 461 1562 et
478 1537 645 1571 praeclaram,
673 1542 752 1573 atque
778 1538 902 1566 humanis
918 1539 996 1566 rebus

214 1580 398 1608 sublimiorem
413 1589 474 1609 esse
489 1582 610 1614 videret,
632 1586 757 1610 caeterum
782 1584 853 1611 intra
875 1591 933 1616 eos,
951 1585 996 1618 qui

214 1626 266 1654 hoc
280 1627 344 1654 vita:
366 1635 465 1662 genere
479 1635 540 1655 cum
563 1627 643 1655 laude
664 1628 853 1663 fungerentur,
880 1629 996 1656 delixam

214 1680 284 1706 esse,
295 1677 376 1708 atque
389 1674 532 1701 charitatis
543 1674 758 1701 communionem
768 1679 794 1701 et
803 1674 996 1702 humanitatem

215 1718 377 1753 repudiare,
402 1725 484 1754 quam
510 1718 537 1745 in
561 1719 846 1753 praestantissimarum
867 1719 996 1747 virtutum

214 1771 329 1791 numero
345 1771 406 1791 esse
431 1764 550 1796 sciebat;
576 1764 657 1798 idque
687 1769 817 1799 praeterea
834 1765 997 1792 incommodi

216 1809 327 1841 habere,
345 1809 416 1844 quod
438 1816 530 1836 earum
546 1809 646 1843 virtus,
665 1810 710 1844 qui
732 1811 771 1838 sie
795 1810 927 1844 viverent,
950 1819 998 1838 ex—

214 1855 315 1890 plorari
332 1863 385 1883 non
400 1855 610 1890 posset,quippe
627 1863 687 1890 qua:
704 1863 754 1883 nec
770 1856 796 1883 in
813 1857 893 1884 rebus
904 1864 998 1892 geren—

214 1903 256 1929 dis
279 1907 462 1935 exerceretur,
487 1910 538 1930 nec
562 1911 623 1930 cum
639 1903 741 1930 aliisin
769 1904 997 1937 comparationem

215 1949 336 1976 veniret:
365 1956 425 1975 eam
450 1953 545 1976 contra
559 1970 567 1983 ,
585 1957 644 1984 quae
665 1949 801 1977 hominum
828 1951 957 1978 societate
972 1956 999 1978 et

217 1995 371 2031 frequentia
386 1994 498 2031 gaudet,
525 2001 706 2031 praeterquam
720 1997 791 2031 quod
809 1996 891 2024 multa
910 1997 999 2031 quoti-

214 2042 258 2069 die
273 2047 430 2076 occurrunt,
460 2041 488 2069 in
516 2042 614 2076 quibus
644 2042 753 2070 virtutis
777 2050 832 2070 suae
850 2043 998 2077 periculum

215 2088 305 2115 facere
327 2093 426 2123 queat,
447 2088 481 2116 ad
499 2088 646 2116 multorum
671 2089 816 2116 utilitatem
841 2089 923 2116 etiam
940 2097 999 2116 esse

214 2133 351 2167 diil‘usam,
369 2138 450 2169 atque
475 2134 509 2161 ad
529 2133 648 2161 divinam
676 2134 903 2168 dispensationem
917 2142 999 2169 prope

219 2181 359 2212 accedere,
375 2187 435 2214 qua!
451 2179 604 2207 universam
637 2187 726 2206 rerum
752 2179 850 2206 molem
869 2179 998 2212 condidit,

1087 1449 1125 1476 E'.
1148 1447 1235 1483 Ὀρῶν
1246 1447 1274 1474 δὲ
1286 1447 1332 1474 τὸν
1348 1446 1398 1482 μὲν
1411 1446 1543 1482 ἐρημικὸν
1554 1445 1610 1481 βίον
1624 1445 1672 1472 καὶ
1691 1445 1835 1478 ἰδιάζοντα.

1050 1496 1097 1522 καὶ
1113 1495 1166 1522 τῶν
1178 1494 1282 1521 πολλῶν
1308 1493 1422 1528 ἔκφυλον
1449 1493 1497 1520 καὶ
1511 1493 1659 1528 ἀλλότριον,
1688 1492 1774 1526 μέγαν
1788 1491 1836 1527 μὲν

1050 1542 1094 1568 καὶ
1117 1542 1227 1577 ὑψηλὸν,
1242 1540 1289 1568 καὶ
1318 1540 1387 1576 ὑπὲρ
1402 1539 1437 1566 τὰ
1451 1539 1616 1575 ἀνθρώπινα,
1633 1539 1730 1574 μέχρις
1747 1538 1836 1564 αὐτῶν

1047 1588 1076 1614 δὲ
1093 1589 1181 1622 μόνων
1204 1587 1258 1614 τῶν
1274 1586 1476 1622 κατορθούντων
1503 1586 1656 1620 ἱστάμενον,
1679 1585 1726 1611 καὶ
1746 1584 1836 1618 τὸτῆς

1048 1633 1158 1668 ἀγάπης
1173 1632 1328 1660 κοινωνικὸν
1339 1632 1376 1668 (2)
1391 1632 1438 1658 καὶ
1461 1630 1649 1666 φιλάνθρωπον
1665 1628 1837 1664 ἀπαρνούμε-

1048 1688 1103 1711 νον,
1119 1679 1152 1715 ἦν
1169 1680 1198 1706 ἐν
1215 1678 1334 1715 πρώτοις
1351 1677 1420 1705 εἶναι
1447 1678 1501 1705 τῶν
1523 1676 1723 1712 ἐπαινουμένων
1740 1675 1835 1709 ἐγίνω-

1049 1734 1097 1752 σκε
1107 1734 1114 1740 ·
1128 1725 1195 1761 πρὸς
1209 1725 1236 1751 δὲ
1253 1725 1299 1751 καὶ
1313 1725 1502 1760 ἀδοκίμαστον,
1520 1724 1557 1755 ὡς
1569 1723 1630 1750 οὔτε
1646 1724 1674 1749 ὲν
1693 1723 1750 1753 τοῖς
1765 1721 1835 1757 πρά-

1048 1778 1134 1805 γμασι
1144 1768 1358 1805 γυμναζόμενον,
1380 1768 1441 1795 οὔτε
1454 1768 1543 1800 ἄλλοις
1559 1766 1732 1804 παραμετρού
1737 1774 1815 1801 μενον
1828 1775 1834 1780 -

1049 1815 1115 1842 τὸδὲ
1128 1815 1282 1842 κοινωνικὸν
1298 1816 1345 1841 καὶ
1359 1815 1511 1850 ἐπίμικτον,
1528 1814 1596 1850 πρὸς
1611 1814 1643 1848 τῇ
1664 1813 1771 1848 βασάνῳ
1787 1811 1837 1846 τῆς

1048 1862 1158 1898 ἀρετῆς,
1173 1861 1212 1888 ἔτι
1228 1861 1275 1888 καὶ
1289 1862 1329 1892 εἰς
1342 1862 1404 1892 τοὺς
1420 1861 1532 1892 πολλοὺς
1545 1860 1683 1891 διατεῖνον,
1704 1859 1751 1885 καὶ
1764 1858 1837 1889 θείας

1048 1907 1203 1942 οἰκονομίας
1219 1907 1302 1941 ἐγγὺς
1317 1906 1368 1941 ('5),
1396 1906 1412 1941 ἢ
1428 1906 1474 1932 καὶ
1498 1905 1630 1941 πεποίηκε
1651 1905 1682 1930 τὸ
1698 1905 1762 1936 πᾶν,
1790 1903 1838 1930 καὶ

1049 1953 1126 1989 φιλίᾳ
1148 1953 1185 1988 (4)
1203 1953 1342 1989 συνέδησε,
1358 1953 1405 1980 καὶ
1428 1952 1459 1979 τὸ
1479 1952 1613 1987 ἡμέτερον
1633 1951 1709 1985 γένος
1722 1949 1837 1976 ἐκπεσὸν

1048 1998 1095 2025 τοῦ
1117 1997 1200 2025 καλοῦ
1227 1998 1271 2025 διὰ
1297 1998 1347 2034 τὴν
1370 1997 1579 2024 ἐπεισελθοῦσαν
1604 1995 1713 2026 κακίαν,
1731 1996 1763 2021 ὲκ
1788 1995 1838 2029 τῆς

1050 2044 1117 2080 πρὸς
1132 2044 1206 2079 ἡμᾶς
1225 2043 1365 2079 ἐπιμιξίας
1373 2044 1419 2070 καὶ
1431 2043 1539 2077 ὁμιλίας
1552 2042 1630 2069 πάλιν
1641 2041 1835 2068 ἀνεκαλέσατοσ

1049 2090 1135 2117 ταῦτα
1146 2089 1297 2125 διανοηθείς
1309 2098 1339 2115 τε
1363 2090 1409 2116 καὶ
1423 2089 1574 2125 διελόμενος
1585 2088 1632 2123 (5),
1655 2087 1702 2114 καὶ
1719 2087 1776 2121 ἅμα
1792 2085 1837 2112 τὸν

1056 2135 1210 2172 Ἑλληνικὸν
1224 2134 1308 2170 τῦφον
1331 2135 1442 2162 κολάσαι
1459 2135 1513 2162 τῶν
1529 2134 1618 2162 καλῶν
1630 2131 1699 2160 εἶναι
1714 2133 1835 2168 νομίσας,

1049 2181 1073 2208 οἳ
1088 2180 1126 2216 τῷ
1140 2181 1251 2217 τρίϐωνι
1262 2181 1308 2207 καὶ
1317 2182 1351 2217 τῇ
1362 2181 1450 2217 ὑπήνῃ
1461 2180 1490 2207 τὸ
1505 2179 1603 2215 σεμνὸν
1619 2178 1776 2206 ὑποδύονται
1787 2177 1837 2211 (6)”

215 2226 397 2260 amicitiaeque
410 2225 525 2252 vinculis
536 2225 710 2259 constrinxit,
723 2232 862 2260 genusque
877 2229 995 2253 nostrum

1050 2227 1075 2253 τί
1105 2228 1187 2258 ποιεῖ,
1217 2226 1264 2252 καὶ
1298 2226 1356 2258 πῶς
1385 2225 1433 2261 τὴν
1469 2225 1626 2260 φιλοσοφίαν
1657 2222 1838 2259 μεταχειρίζε-

215 2277 325 2306 propter
350 2271 408 2298 vitii
435 2278 574 2298 accessqu
591 2278 605 2297 a
629 2270 701 2298 bono
722 2270 896 2298 deturbatum
915 2276 997 2305 atque

213 2316 360 2351 dejectum,
377 2323 424 2351 per
438 2315 649 2342 familiaritatem
666 2315 740 2342 illam
757 2315 874 2350 vitaeque
884 2322 998 2342 consue-

215 2363 354 2392 tudinem.
384 2370 464 2397 quaut
492 2362 634 2390 nobisctnn
661 2362 772 2395 habuit,
797 2363 831 2390 ad
857 2362 998 2397 pristinam

216 2409 374 2444 dignitatem
400 2409 554 2436 revocavit:
588 2408 656 2441 haec,
684 2408 805 2444 inquam,
830 2415 893 2435 cum
909 2408 1000 2435 animo

1051 2281 1095 2298 ται
1107 2280 1114 2304 ;
1127 2272 1221 2307 Μέσην
1239 2271 1300 2299 τινὰ
1324 2271 1407 2307 χωρεῖ
1429 2270 1476 2306 τῆς
1493 2278 1523 2297 τε
1544 2269 1654 2296 ἐκείνων
1670 2268 1837 2300 ἀλαζονείας,

1052 2317 1100 2344 καὶ
1117 2317 1167 2352 τῆς
1179 2317 1316 2353 ἡμετέρας
1329 2316 1434 2351 σοφίας,
1451 2315 1560 2342 καὶτῶν
1578 2315 1627 2350 μὲν
1641 2315 1671 2341 τὸ
1684 2315 1776 2350 σχῆμα
1791 2313 1838 2340 καὶ

1052 2363 1101 2399 τὴν
1119 2364 1232 2399 σκηνὴν,
1244 2364 1321 2399 ἡμῶν
1339 2363 1367 2390 δὲ
1377 2363 1426 2398 τὴν
1447 2361 1574 2397 ἀλήθειαν
1586 2362 1632 2388 καὶ
1644 2360 1675 2388 τδ
1689 2361 1755 2396 ὕψος
1769 2359 1838 2395 φιλο-ο

1053 2417 1128 2444 σοφει
1133 2429 1139 2436 .

215 2456 334 2484 volveret
351 2463 382 2484 ac
397 2455 586 2491 perpenderet,
620 2455 754 2491 simulque
773 2455 939 2487 Graecorum,
964 2455 1009 2489 qui
1031 2455 1110 2490 pallio
1144 2460 1169 2483 et
1202 2455 1333 2490 promissa
1353 2454 1448 2487 barba,
1460 2454 1599 2489 gravitatis
1609 2453 1724 2488 speciem
1739 2459 1794 2486 prae
1808 2460 1838 2480 se

214 2503 317 2538 ferunt,
333 2503 431 2531 fastum
447 2508 528 2538 atque
549 2503 721 2531 insolentiam
748 2503 896 2538 reprimere
914 2502 998 2538 458
1017 2510 1106 2538 operte
1140 2503 1254 2538 pretium
1291 2509 1351 2530 esse
1377 2505 1520 2529 censeret:
1547 2501 1675 2535 quidnam
1705 2499 1787 2533 facit,
1810 2504 1837 2527 et

251 2595 308 2631 (96)
321 2595 396 2629 Πρὶν
417 2594 634 2629 διαζευχθῆναι.
654 2594 695 2631 Ita
707 2594 786 2630 Reg.,
803 2599 832 2622 et
853 2594 928 2622 Colb.
944 2595 1002 2630 plu-

217 2639 270 2662 res,
285 2631 368 2658 Coisl.
384 2632 396 2658 1
414 2637 441 2657 et
454 2631 482 2662 Ξ,
494 2631 542 2657 0r.
556 2631 582 2663 1,
597 2631 671 2663 Pan,
686 2630 762 2657 Pass.
779 2639 789 2656 ι
806 2631 826 2656 Α
841 2631 955 2658 terrenis
973 2638 1003 2657 se

219 2666 352 2692 abscindit
383 2671 445 2694 ante
464 2666 671 2701 disiunctionem
701 2674 716 2692 a
743 2673 892 2701 corpore.)
923 2665 1003 2693 Deest

217 2701 282 2736 πρίν
293 2702 320 2728 in
333 2701 399 2728 edit.

253 2735 309 2770 (97)
329 2736 368 2762 "H
379 2735 446 2769 τήν.
462 2736 507 2764 Sic
522 2740 576 2763 tres
592 2735 670 2771 Reg.,
690 2736 742 2763 duo
761 2734 856 2768 Coisl.,
876 2740 902 2763 et
914 2734 960 2762 0r.
976 2734 1001 2764 ’l.

219 2770 298 2806 Deest
308 2770 365 2806 ’r'Lin
377 2771 442 2806 edit.

254 2805 310 2846 (98)
320 2802 364 2845 ’ᾙ
372 2805 447 2846 μέγςᾳ
459 2805 634 2840 φρονοῦσιν.
650 2806 696 2834 Sic
712 2806 759 2834 0r.
774 2806 802 2839 2,
817 2811 843 2833 et
856 2805 931 2833 Pass.
949 2804 1000 2831 l)e~

218 2848 247 2867 es
271 2839 382 2879 μέγαίὴ
398 2839 466 2867 edit.
480 2839 485 2840 ⁷
595 2877 600 2882 Ι

221 2910 238 2916 __
258 2875 310 2909 [99)
329 2876 390 2914 ζωὴ
400 2876 558 2916 ἡμετέρων.
574 2876 618 2904 Sic
635 2876 698 2912 Reg.
711 2884 737 2910 a,
757 2876 813 2909 bm,
825 2875 872 2903 0r.
886 2875 911 2908 t,
925 2875 999 2903 Pass.

221 2910 297 2938 Deest
311 2910 365 2937 τῶν
379 2910 406 2938 iu
415 2911 482 2938 edit.

1086 2595 1124 2629 (t)
1137 2594 1334 2629 Γετενῆσθαι.
1352 2594 1410 2621 Duo
1419 2593 1499 2627 Reg.,
1509 2594 1696 2628 γεγεννησυαι.

1086 2627 1327 2665 (2)Κοὶνωιλικόν.
1357 2629 1423 2663 Reg.
1453 2627 1641 2665 Cypr._addit,
1669 2628 1717 2654 καὶ
1744 2627 1838 2662 ἐπίμι-

1052 2663 1126 2696 κτον,
1144 2673 1153 2690 ι
1168 2665 1327 2697 mistamque
1343 2664 1484 2691 charitatis
1496 2663 1662 2690 societatem.
1677 2673 1690 2689 ι

1087 2701 1126 2732 (5)
1144 2700 1258 2734 Ἐγγύς.
1274 2699 1350 2726 Pass.
1367 2699 1452 2734 addit.
1465 2696 1541 2734 ἧκον.

1088 2734 1126 2770 (4)
1145 2734 1300 2770 Φιλίᾳτοτ.
1321 2735 1348 2766 1,
1362 2733 1560 2768 φιλανθρωπίᾳ,
1575 2742 1584 2758 ι
1596 2733 1771 2770 humanitate.
1781 2742 1791 2758 ι

1090 2767 1128 2804 (5)
1154 2767 1416 2803 Καίὸιελόμενος.
1448 2767 1493 2796 Sic
1519 2767 1633 2804 quatuor
1665 2767 1768 2804 Colb,
1785 2767 1839 2804 duo

1055 2801 1150 2838 ()oisl.,
1168 2805 1216 2832 0r.
1229 2804 1256 2836 1,
1277 2801 1365 2837 Pass,
1381 2805 1510 2838 liervag.,
1528 2801 1582 2830 etc.
1600 2802 1628 2829 lu
1652 2803 1708 2836 ed.,
1728 2803 1775 2829 καὶ
1791 2801 1840 2828 ἀνα

1055 2841 1191 2866 ελόμενος.

1055 2849 1191 2871 ελομενος.

1091 2849 1346 2911 ξεῗᾝῖίιοὸὐονται.
1360 2874 1448 2908 Pass.,
1465 2873 1635 2901 ἀποδύονται..
