2060 3140
234 183 304 211 1205

643 181 774 211 ORATIO
794 181 877 210 XXV.
898 197 932 202 —
951 183 985 210 IN
1009 181 1151 210 LAUDEM
1171 181 1323 210 HERONIS
1341 181 1474 210 PHILOS.

1791 181 1860 209 1206

234 247 252 274 q
273 247 352 266 uitam
370 243 450 274 pacto
466 237 664 274 philosophiam
689 239 806 267 tractat?
831 239 936 267 Medius
971 240 1171 275 quodammodo
1205 242 1276 269 inter
1311 241 1419 268 illorum
1452 239 1610 272 vanitatem,
1633 243 1660 268 et
1680 245 1800 268 nostram
1817 248 1861 268 sa—

236 285 281 320 pie
293 285 365 312 utiam
383 284 493 317 incedit,
509 290 590 319 atque
608 284 715 312 illorutn
731 285 839 320 quidem
871 285 992 313 habitum
1022 291 1050 314 et
1072 287 1191 321 larvam,
1209 291 1361 315 nostrorutn
1387 291 1477 314 autem
1495 285 1638 313 veritatem
1661 291 1689 313 et
1709 286 1860 314 sublimita-

233 336 286 359 tem
305 330 370 365 proli
376 334 457 357 telur.

269 378 313 410 ς’.
329 377 379 402 Διά
404 374 483 403 τοῦτο
508 376 678 412 Περιπάτους
701 376 762 411 μὲν,
782 377 830 403 καὶ
848 376 1024 413 Ἀκαδημίας,
1040 379 1064 407 Α

231 423 278 450 καὶ
291 423 339 458 τὴν
357 422 458 457 σεμνὴν
475 421 569 454 Στοὰν,
585 422 632 448 καὶ
645 422 677 449 τὸ
689 422 841 457 αὐτόματον
863 422 1023 458 Ἐπικούρου

233 469 302 504 μετὰ
321 468 374 495 τῶν
389 468 497 504 ἀτόμων
517 468 564 495 καὶ
579 469 628 504 τῆς
644 468 752 503 ἡδονῆς,
774 468 840 504 ἐρίῳ
855 467 953 503 «seu;
973 469 1023 504 (7),

232 514 270 546 ὥς
283 523 324 546 τις
340 514 451 541 ἐκείνων
465 514 510 540 τὸν
528 513 641 548 ποιητὴν
654 513 703 548 (8),
718 513 756 545 ὡς
773 514 940 549 πορρωτάτω
953 513 1023 549 πέμ-

233 569 278 587 πει
297 560 344 586 καὶ
359 558 550 594 ἀποκρούεται.
565 555 685 594 Κυνικῆς
702 558 740 591 δὲ,
764 560 795 585 τὸ
809 559 858 593 μὲν
871 558 949 585 ἄθεον
965 559 1023 586 δια-

233 606 348 636 πτὺσας,
360 605 390 631 τὸ
402 605 430 631 δὲ
441 604 587 640 ἀπέριττον
606 603 762 636 ἐπαινέσας,
775 604 854 631 τοῦτό
867 605 939 631 ἐστιν
953 604 967 631 ὃ
977 604 1024 631 νῦν

232 651 312 686 ὁρᾶτε
331 650 380 684 (9),
397 649 471 676 κύων
484 648 554 675 κατά
575 648 629 675 τῶν
645 648 730 680 ὅντως
742 648 842 681 κυνῶν,
861 649 907 676 καὶ
920 649 1024 684 φιλόσο-

233 703 283 729 φος
311 694 380 721 κατὰ
398 693 452 720 τῶν
469 693 588 728 ἀσόφων,
609 693 656 719 καὶ
680 693 842 727 Χριστιανὸς
871 693 941 730 ὑπὲρ
954 694 1023 720 πὰν-

232 749 296 772 των,
314 740 362 766 καὶ
387 739 469 766 νικῶν
484 739 534 775 τὴν
550 739 598 775 μὲν
627 738 739 765 ἐκείνων
763 739 906 766 αὐθάδειαν
929 741 961 775 τῇ
976 740 1022 766 τοῦ

234 787 372 822 σχήματος
386 786 536 822 ὁμοιότητι,
563 786 616 813 τῶν
631 786 658 812 δὲ
683 786 747 822 παρ’
761 787 826 821 ἡμῖν
836 787 909 814 ἔστιν
922 783 959 814 ὧν
975 787 1024 823 τὴν

233 831 430 867 ἀπειροκαλίαν
453 833 486 866 τῇ
507 832 644 867 καινότητι
665 830 710 857 τοῦ
726 831 883 867 ἐνδύματος,
906 832 1022 864 δεικνὺς,

232 879 273 905 ὅτι
291 879 327 914 μὴ
343 879 371 904 ἐν
383 878 490 913 μικροῖς
506 877 536 904 τὸ
556 878 675 910 εὐσεόὲς,
692 877 759 913 μηδὲ
772 878 801 904 ὲν
819 878 856 914 τῷ
867 879 983 914 κατηφεῖ
994 878 1024 905 τὸ

233 924 388 959 φιλόσοφον,
415 923 472 950 ἀλλ’
486 924 514 950 ὲν
533 924 622 960 ψυχῆς
649 925 810 961 στερρότητι
841 926 888 952 καὶ
906 926 1024 958 διανοίας

232 971 409 1007 καθαρότητι,
434 971 481 997 καὶ
497 971 597 1006 γνησίᾳ
627 972 660 1006 τῇ
682 971 749 1008 πρὸς
767 972 797 999 τὸ
825 972 905 999 καλὸν
921 972 1022 1005 vadost,

231 1017 306 1048 ὅπως
328 1016 360 1043 ἂν
377 1016 422 1043 τοῦ
438 1017 577 1052 σχήματος
593 1017 711 1053 ἔχωμεν,
725 1018 773 1045 καὶ
792 1017 906 1046 οἷστισιν
917 1019 950 1046 ἂν
963 1020 1024 1054 ὁμι-

232 1063 332 1098 λῶμεν,
351 1063 405 1089 εἴτε
417 1064 484 1097 ἡμῖν
495 1063 587 1094 αὐτοῖς
602 1064 693 1099 μόνοις
704 1064 891 1097 συστέλλοντες
904 1065 949 1092 τὸν
963 1065 1025 1092 νοῦν

231 1109 286 1137 ἀπὸ
305 1109 358 1136 τῶν
379 1109 541 1143 αἰσθήσεων,
561 1109 616 1136 εἴτε
641 1111 697 1142 τοῖς
715 1110 770 1146 (10)
796 1111 903 1140 πολλοῖς
922 1120 951 1137 τε
974 1112 1020 1138 καὶ

231 1155 378 1190 ὁμοφύλοις
391 1154 536 1186 ἰδιάζοντες
550 1155 579 1182 ἐν
592 1155 631 1190 τῷ
646 1155 738 1191 κοινῷ,
755 1156 801 1182 καὶ
817 1156 1024 1191 φιλοσοφοῦντες

231 1202 260 1227 ἐν
277 1201 308 1227 οὐ
322 1199 511 1235 φιλοσοφοῦσιν
526 1201 572 1234 (ὡς
587 1202 603 1236 ὴ
617 1200 678 1227 Νῶε
693 1201 807 1232 κιϐωτὸς
818 1201 919 1236 ἐκείνη,
936 1202 963 1227 ὲν
974 1210 1024 1228 κα-

231 1246 380 1281 τακλυσμῷ
397 1246 588 1280 κατακλυσμοῦ
611 1246 667 1281 (li)
684 1245 851 1282 κουφοτέρα·
871 1246 918 1272 καὶ
942 1247 958 1281 ἡ
975 1246 1022 1272 τοῦ

231 1291 311 1327 ὅρους
327 1291 417 1326 βάτος,
434 1291 468 1326 ἣν
494 1292 571 1317 καῖον
587 1291 617 1317 τὸ
632 1290 686 1326 πῦρ
703 1291 732 1317 οὺ
749 1291 889 1324 κατέκαιε,
909 1291 939 1317 τὸ
953 1291 1023 1326 μέγα

232 1337 370 1368 Μωῡσέως
384 1337 475 1372 ὅραμα
491 1336 572 1372 [12]),
585 1336 647 1362 οὔτε
659 1337 735 1363 αὐτοί
752 1346 778 1363 τι
797 1337 852 1372 (l3)
875 1337 1024 1372 πάσχοντες

231 1384 288 1414 τοῖς
301 1382 417 1415 πολλοῖς,
439 1382 469 1409 οὐ
493 1382 592 1417 μᾶλλόν
611 1391 642 1417 γε
665 1382 681 1418 ἢ
699 1383 804 1418 ἀδάμας
831 1384 886 1414 τοῖς
903 1383 1022 1414 παίουσι,

231 1428 280 1454 καὶ
291 1427 324 1454 δι’
338 1427 442 1454 ἑαυτῶν
456 1427 518 1459 τοὺς
533 1427 628 1460 ἄλλους
643 1427 762 1463 βελτίους
772 1428 912 1460 ποιοῦντες
927 1430 965 1461 εἰς
979 1429 1024 1456 δύ-

231 1482 324 1508 ναμιν.
339 1473 448 1509 Ταύτης
460 1473 567 1510 καρπὸς
580 1473 629 1508 τῆς
644 1474 814 1509 φιλοσοφίας,
833 1475 862 1501 οὺ
878 1474 949 1510 λόγῳ
965 1475 1022 1510 (Ui)

233 1519 414 1554 πλαττόμεναι
429 1519 520 1551 πόλεις
535 1519 685 1555 (σκινδαψοί
712 1529 795 1552 τινες,
810 1521 847 1552 ὡς
858 1521 934 1548 αὐτοί
946 1530 1022 1556 φασι,

233 1565 281 1591 καὶ
297 1565 463 1601 τραγέλαφοι
480 1565 548 1599 (15),
577 1564 595 1592 ἃ
614 1565 725 1599 γλῶσσα
753 1565 820 1601 μόνη
839 1566 1003 1602 συντίθησιν)
1015 1576 1022 1582 υ

232 1610 294 1636 οὐδὲ
316 1611 479 1646 κατηγορίαι
501 1611 584 1643 τινὲς,
605 1612 652 1638 καὶ
680 1611 832 1644 ἀναλύσεις,
849 1612 894 1639 καὶ
922 1613 1022 1648 μίξεις·

231 1654 292 1681 οὐδὲ
309 1654 474 1690 συμϐάματα
488 1655 543 1690 (lli)
559 1656 605 1682 καὶ
618 1656 872 1691 παρασυμόἀματα,
894 1657 940 1683 κα)⁸
954 1658 970 1693 ὴ
982 1666 1024 1684 τε-

232 1700 430 1736 χνολογουμένη
442 1701 522 1735 σοφία
531 1710 539 1717 ι
551 1701 610 1728 οὐδὲ
620 1702 746 1737 γραμμαί
754 1711 826 1734 τινες
840 1703 956 1738 οὐδαμοῦ
967 1704 1024 1730 κεί-

234 1754 324 1780 μεναι,
344 1745 404 1772 οὐδὲ
424 1746 545 1781 ἀστέρων
560 1747 660 1773 πλοκαὶ
681 1747 728 1773 καὶ
744 1748 871 1783 σχήματα
888 1749 958 1775 κατά
975 1749 1024 1784 τῆς

233 1790 364 1826 Προνοίας
390 1786 578 1826 ἐτέινοούμενα.
597 1792 690 1819 Ταῦτα
706 1792 756 1828 μὲν
773 1793 826 1828 γὰρ
843 1793 917 1828 αὐτῷ
935 1794 1026 1821 δευτέ-

234 1844 282 1872 ρου
297 1835 374 1870 λόγου
389 1837 435 1862 καὶ
448 1836 584 1872 πάρεργα,
599 1837 646 1864 καὶ
656 1837 780 1864 τοσοῦτον
797 1838 947 1873 παιζόμενα
957 1838 1023 1874 (l7),

234 1882 295 1909 ὅσον
311 1883 348 1918 μὴ
376 1883 520 1915 παίζεσοαι
535 1884 610 1918 παρὰ
630 1883 684 1910 τῶν
704 1884 802 1910 εἰδέναι
829 1884 1026 1920 προσποιουμέ-

234 1935 297 1954 νων.

1116 377 1159 404 Vl.
1173 377 1353 411 Quamoorem
1370 376 1609 412 Peripateticorum
1621 375 1738 409 scholas,
1750 379 1777 403 et
1793 377 1846 404 Aea

1076 422 1189 454 detnias,
1207 429 1234 449 et
1259 422 1439 449 venerandam
1461 421 1552 449 Stoam
1567 442 1576 454 ,
1604 427 1631 448 et
1647 421 1752 455 Epicuri
1768 429 1860 449 casum

1075 475 1106 495 ac
1122 468 1302 495 temeritatem
1317 475 1368 494 una
1383 475 1443 494 cum
1460 468 1557 496 atomis
1580 473 1607 495 et
1629 467 1763 502 voluptate
1775 487 1783 500 ,
1814 475 1861 494 co-

1076 522 1139 540 rona
1152 513 1228 540 lanea
1250 513 1362 547 cingens
1372 513 1608 547 (quemadmodum
1621 513 1727 547 quidam
1743 513 1858 548 ipsorutn

1075 565 1182 594 poetam
1193 560 1322 593 ornavit),
1335 567 1414 593 quam
1425 559 1579 594 longissime
1589 559 1694 594 ablegat
1704 563 1731 587 et
1747 560 1857 594 repellit.

1076 603 1185 640 Cynicae
1200 609 1289 631 autem
1307 610 1398 636 sectae,
1422 605 1588 639 impietatem
1605 605 1712 640 quidem
1732 608 1758 632 et
1773 604 1861 632 numi-

1075 650 1117 678 nis
1146 654 1330 685 contcntptum
1365 655 1534 682 exsecratus,
1563 649 1746 685 frugalitatem
1769 654 1860 677 autent

1075 696 1200 724 laudibus
1227 701 1398 731 prosecutus,
1424 697 1478 723 hoc
1494 700 1535 723 est
1551 696 1622 730 quod
1648 696 1770 729 cernitis,
1785 695 1861 723 canis

1075 742 1205 769 adversus
1218 749 1298 769 veros
1314 749 1407 774 canes,
1429 745 1456 769 et
1480 741 1653 776 philosophus
1676 742 1806 769 adversus
1820 741 1861 769 in-

1076 788 1219 824 sipientes,
1238 794 1265 816 et
1280 788 1452 816 Christianus
1469 788 1501 815 ad
1518 789 1586 815 bene
1602 789 1634 815 de
1653 789 1777 816 omnibus
1804 796 1860 816 nte«

1077 835 1190 863 rendum
1209 840 1330 870 paratus,
1344 840 1427 869 atque
1441 834 1545 862 illorum
1557 835 1664 870 quidem
1678 836 1860 870 arrogantiam

1075 889 1124 916 per
1140 881 1247 908 habitus
1267 881 1487 913 similitudinem,
1516 881 1705 908 nonnullorum
1725 887 1814 909 autent
1827 888 1860 909 ex

1076 927 1177 955 nostris
1203 927 1332 961 ineptiam
1364 935 1409 961 per
1437 928 1520 954 vestis
1545 927 1690 954 novitatem
1718 927 1858 955 refutans:

1075 973 1140 1000 illud
1156 972 1263 1000 scilicet
1291 973 1448 1006 ostendens,
1476 980 1527 1000 nec
1559 973 1686 1008 pietatem
1713 973 1738 1000 in
1755 973 1860 1009 exiguis

1075 1019 1167 1050 rebus,
1184 1026 1232 1046 nec
1252 1019 1449 1054 philosophiam
1467 1019 1493 1046 in
1520 1018 1609 1046 vultus
1634 1019 1754 1053 tristitia,
1766 1027 1859 1047 verum

1043 1058 1063 1085 Β
1078 1064 1103 1092 in
1121 1065 1205 1092 animi
1220 1064 1349 1092 ﬁrmitate
1376 1073 1408 1091 ac
1432 1065 1531 1092 mentis
1561 1065 1687 1099 puritate,
1701 1065 1860 1100 sinceraque

1076 1109 1109 1137 ad
1123 1110 1222 1137 bonum
1251 1110 1430 1144 propensione
1455 1109 1628 1137 consistere:
1652 1109 1720 1136 nihil
1747 1109 1859 1141 referre,

1075 1163 1130 1190 quo
1153 1155 1246 1182 habitu
1275 1154 1371 1187 simus,
1400 1158 1501 1181 etcum
1524 1154 1623 1188 quibus
1638 1154 1859 1181 consuetudinem

1075 1200 1236 1233 habeamus,
1249 1199 1329 1227 modo
1343 1207 1392 1226 nos
1407 1200 1443 1226 ita
1469 1207 1669 1235 comparemus,
1690 1204 1720 1226 ut
1739 1199 1796 1226 sive
1810 1199 1860 1226 soli

1074 1246 1160 1273 simus
1171 1265 1178 1277 ,
1192 1250 1309 1272 mentem
1326 1253 1341 1272 a
1358 1246 1485 1273 sensibus
1502 1246 1703 1278 contrahamus,
1726 1246 1783 1273 sive
1798 1254 1860 1273 cum

1075 1292 1135 1318 aliis
1148 1299 1301 1324 versemur,
1321 1292 1347 1319 in
1373 1292 1509 1319 communi
1537 1292 1675 1319 hominum
1701 1297 1772 1320 ccetu
1799 1297 1860 1319 tan-

1075 1346 1154 1373 quam
1166 1338 1192 1365 in
1204 1343 1309 1365 secreto
1321 1338 1453 1371 vivamus,
1466 1342 1546 1372 atque
1560 1339 1630 1364 inter
1638 1345 1684 1365 eos
1696 1339 1740 1372 qui
1750 1337 1861 1365 minime

1075 1385 1318 1420 philosophantur,
1346 1385 1520 1419 philosophi-.e
1546 1385 1633 1411 studia
1671 1383 1801 1411 colamus.
1827 1386 1861 1410 Et

1075 1432 1302 1466 quemadmodum
1320 1438 1381 1458 arca
1403 1430 1446 1457 illa
1461 1430 1517 1458 Noe
1530 1430 1564 1463 “,
1580 1437 1639 1465 qum
1656 1430 1682 1457 in
1697 1430 1797 1457 diluvio
1806 1429 1859 1456 vim

1075 1477 1166 1504 diluvii
1184 1477 1291 1509 evasit;
1308 1482 1389 1512 atque
1407 1477 1502 1512 ingens
1519 1477 1583 1503 illud
1607 1475 1706 1511 Moysis
1720 1479 1860 1511 spectacu-

1075 1521 1141 1555 lum,
1156 1521 1208 1549 hoc
1220 1525 1271 1554 est,
1286 1521 1330 1549 ille
1342 1521 1442 1549 montis
1451 1522 1533 1548 rubus
1547 1521 1582 1552 ⁸⁵,
1595 1528 1675 1555 quem
1694 1520 1763 1555 ignis
1778 1527 1860 1547 urens

1076 1575 1130 1595 non
1154 1569 1314 1603 perurebat,
1341 1568 1435 1596 eodem
1466 1568 1545 1595 modo
1564 1575 1613 1594 nos
1631 1573 1747 1601 quoque,
1764 1574 1811 1593 nec
1826 1573 1859 1593 ex

1076 1613 1148 1650 vulgi
1166 1614 1326 1647 contagione
1339 1614 1532 1641 detrimentum
1550 1612 1634 1640 ullum
1655 1612 1859 1644 contrahantus,

1075 1659 1300 1694 quemadmodum
1328 1667 1378 1686 nec
1394 1659 1506 1686 adamas
1533 1658 1566 1685 ab
1583 1659 1627 1690 iis,
1644 1665 1658 1684 a
1676 1657 1774 1692 quibus
1797 1665 1860 1692 pcr-

1076 1705 1219 1738 cutitur,et
1232 1712 1281 1739 pro
1296 1704 1368 1732 virili
1387 1709 1482 1731 nostra
1497 1711 1634 1734 curemus,
1647 1708 1674 1730 ut
1691 1703 1735 1729 alii
1753 1711 1800 1737 per
1811 1710 1859 1730 nos

1076 1749 1204 1776 meliores
1215 1749 1376 1776 elliciantur.
1387 1749 1471 1783 llujus
1485 1748 1660 1783 philosophia:
1675 1747 1789 1779 fructus,
1805 1755 1859 1774 n0n

1076 1801 1202 1822 sermone
1220 1795 1290 1823 ﬁctae
1321 1795 1444 1823 civitates
1460 1795 1605 1831 (sciudapsi
1619 1795 1740 1829 quidam,
1756 1797 1785 1821 ut
1808 1794 1858 1828 ipsi

1077 1839 1164 1873 aiunt,
1179 1845 1206 1868 et
1219 1841 1379 1876 tragelaphi,
1396 1848 1455 1876 qua:
1468 1841 1559 1875 lingua
1572 1840 1627 1868 sola
1642 1840 1796 1874 c0nstruit),
1807 1847 1858 1866 nec

1076 1885 1220 1920 categorize
1231 1886 1352 1920 quaedam
1364 1891 1391 1913 et
1417 1886 1554 1921 analyses,
1578 1893 1610 1913 ac
1638 1885 1790 1917 mistiones,
1809 1892 1860 1912 nec

1077 1932 1244 1966 symbamata
1258 1937 1284 1960 et
1295 1932 1542 1969 parasymbamata,
1553 1937 1580 1960 et
1592 1933 1743 1968 argutatrix
1752 1932 1858 1966 sapien-

235 1971 284 2001 tia.
300 1979 350 1999 nec
367 1971 444 1999 linea:
464 1972 586 2006 quaedam
620 1979 752 2007 nusquam
776 1972 946 2006 exsistentes,
965 1981 1015 2001 nec
1034 1974 1152 2003 siderum
1184 1985 1279 2009 nexus,
1300 1983 1327 2005 et
1341 1977 1432 2012 ﬁgura:
1446 1977 1528 2014 459
1554 1978 1683 2006 adversus
1697 1978 1744 2017 pel
1761 1977 1855 2012 provi-

234 2018 354 2045 dentiam
382 2019 549 2053 exeogitata‘.
570 2018 632 2046 Haec
654 2019 725 2046 enim
750 2019 795 2046 ille
821 2020 940 2048 secundo
956 2021 1014 2048 loco
1034 2028 1142 2057 semper
1157 2023 1262 2057 habuit,
1279 2024 1421 2060 obiterque
1437 2032 1468 2051 ac
1502 2024 1573 2051 velut
1597 2031 1646 2058 per
1667 2023 1759 2050 ludum
1793 2023 1858 2050 atti-

235 2065 283 2098 git,
299 2064 484 2098 bactenusque
500 2065 640 2098 duntaxat,
654 2071 687 2091 ne
702 2063 813 2096 abillis,
826 2065 870 2099 qui
906 2073 936 2093 se
966 2073 1060 2093 earum
1079 2075 1170 2096 rerum
1201 2069 1344 2098 scientiam
1374 2074 1466 2097 tenere
1492 2069 1664 2105 proﬁtentur,
1687 2068 1760 2096 illudi
1777 2073 1858 2097 at'ue

234 2109 365 2143 exagitari
385 2113 487 2144 posset.

269 2155 292 2172 δι
303 2155 370 2185 Gen.
385 2164 422 2188 τι,
438 2156 481 2183 lt.
519 2156 542 2172 ⁸⁵
555 2155 640 2183 Εκου.
664 2163 696 2189 ιι,
713 2173 739 2183 ...

269 2203 446 2238 (7)Στέψας.
471 2202 518 2230 Or.
535 2203 562 2234 1,
577 2207 604 2229 et
632 2202 719 2235 Pass.,
735 2202 920 2238 στεφανώσας.
951 2203 1019 2231 Addi

234 2243 335 2271 posset,
349 2239 396 2265 καὶ
413 2238 492 2274 μύρῳ
517 2238 641 2273 ἀλείψας,
667 2247 676 2264 ι
689 2243 716 2265 et
727 2245 863 2274 unguento
880 2245 993 2273 ungens.
1007 2248 1016 2264 ι

237 2273 379 2306 Utriusque
406 2273 477 2308 enim
504 2281 620 2305 coruum,
648 2278 675 2303 et
697 2274 898 2308 «itupositionis
924 2279 951 2300 et
971 2282 1021 2300 utt-

234 2309 331 2336 ctionis
342 2318 350 2333 ι
367 2306 488 2335 meminit
506 2308 589 2339 Plato,
603 2309 650 2337 lib.
663 2317 692 2336 nt
709 2308 748 2335 De
760 2306 859 2340 republ.

270 2344 308 2377 (8)
326 2343 380 2376 ’Ὡς
393 2352 438 2376 τις
465 2343 588 2370 ἐκείνων
602 2343 656 2372 τὸν
671 2343 808 2377 ποιητήν.
841 2353 850 2370 ι
865 2343 899 2371 Ut
911 2342 1020 2377 quidam

235 2379 353 2412 ipsorum
378 2383 483 2414 poetam
510 2379 626 2406 ornavit.
643 2390 652 2406 ι
675 2379 750 2406 Plato
767 2380 824 2412 ipse
841 2383 893 2410 est,
907 2378 1019 2414 quiillo-

235 2421 351 2445 uterum,
363 2420 398 2440 ne
411 2413 555 2448 juvenibus
569 2415 664 2443 noxius
678 2420 706 2441 et
721 2414 850 2441 exitiosus
863 2418 945 2444 esset,
959 2413 1020 2440 lana

234 2448 358 2475 coronari
377 2452 405 2475 et
431 2448 527 2475 dimitti
558 2451 661 2476 statuit.
679 2448 734 2476 llac
746 2448 922 2475 similitudine
935 2448 1021 2475 utitur

233 2482 392 2517 Gregorius,
411 2488 440 2510 ut
454 2483 594 2518 sublimem
617 2484 725 2512 Maximi
750 2483 945 2518 philosophiam
973 2490 1021 2510 ex-

235 2518 320 2550 tollat,
332 2518 388 2552 qui,
405 2517 511 2545 scholas
522 2517 773 2553 Peripateticorum,
786 2518 1019 2551 Academicorum,

235 2554 386 2580 Stoicorum
402 2558 430 2580 et
455 2552 564 2587 Epicuri
578 2552 678 2582 eorona
695 2554 771 2581 lanea
794 2553 914 2588 cingens,
939 2559 1019 2587 quam

233 2587 388 2622 longissime
403 2588 510 2622 ablegat
522 2592 549 2615 et
563 2590 677 2622 repellit.

279 2622 306 2657 9)
316 2622 436 2659 βορᾶτε.
448 2623 494 2659 Or.
507 2623 535 2659 l_,
551 2623 659 2659 ὁρᾶται.

282 2657 324 2692 l0)
343 2658 413 2685 Εἴτε
428 2657 501 2690 τοῖς.
514 2657 541 2684 ln
555 2657 702 2692 nonnullis,
716 2659 769 2685 εἴτε
784 2659 832 2685 σὺν
847 2659 912 2690 τοῖς.

282 2693 323 2724 ll)
346 2693 553 2727 Κατακλυσμῷ
576 2694 803 2728 κατακλυσμοῦ.
825 2694 869 2721 Sic
899 2693 974 2728 Regii
993 2697 1021 2720 et

233 2728 381 2789 (ἴρηκι-ιλιιί
394 2728 494 2764 plures,
505 2728 586 2756 Coisl.
597 2729 610 2756 1
623 2735 649 2757 et
658 2730 685 2763 2,
697 2734 748 2757 etc.
762 2729 790 2756 lu
799 2729 841 2757 ed.
854 2730 929 2757 deest
939 2736 1020 2756 κατα-

233 2771 249 2789 κ
267 2771 364 2789 υσιιου.

232 2771 364 2790 κΑυσιιου.

281 2772 462 2835 ῗῦοϊὸραμα.
475 2798 559 2835 Coisl.
574 2799 601 2832 1,
614 2799 713 2835 θέαμα.

281 2833 324 2866 15)
349 2834 440 2861 Αὐτοι
464 2841 502 2860 τι.
533 2833 578 2860 Sic
601 2833 716 2866 quatuor
736 2833 822 2866 Colb.,
854 2833 907 2861 duo
926 2833 1019 2866 Coisl.,

235 2867 321 2900 Pass,
333 2873 386 2895 etc.
408 2868 455 2896 Sic
477 2869 557 2895 etiam
570 2867 651 2896 habet
665 2868 792 2903 Hervag.,
814 2869 846 2896 ad
861 2869 936 2898 cuius
948 2877 1020 2898 utar-

233 2910 322 2938 gutem
338 2903 448 2938 scripsit
460 2903 576 2932 Billius:
601 2903 668 2938 forte
693 2903 773 2932 αὐτόν
784 2912 818 2932 τι.

1037 2247 1093 2286 Dll

1125 2204 1168 2239 Η)
1182 2204 1222 2231 οὐ
1236 2204 1325 2239 λόγῳ,
1338 2208 1390 2231 etc.
1417 2202 1465 2230 llic
1480 2202 1618 2230 Platonem
1633 2201 1729 2237 carpit,
1750 2201 1794 2236 qui
1809 2201 1856 2229 lib.

1134 2248 1147 2265 ε
1159 2238 1216 2274 rep.
1228 2246 1353 2274 sermone
1366 2239 1500 2266 civitatem
1519 2238 1678 2274 construxit.

1112 2274 1167 2311 (l5)
1183 2271 1348 2311 Σκινδαψοί
1409 2274 1597 2311 τραγέλαςξοι.
1623 2271 1754 2306 Apollonii
1775 2272 1859 2311 inter:

1074 2308 1137 2344 pres
1151 2308 1233 2337 tradit
1250 2309 1422 2344 scindapsum
1447 2309 1637 2344 esserplantge-
1662 2315 1756 2342 genus,
1785 2308 1857 2344 quod

1075 2343 1145 2377 apud
1169 2344 1284 2379 Nyssum
1305 2344 1332 2370 in
1356 2343 1429 2371 India
1453 2343 1582 2370 nascitur.
1604 2343 1670 2370 Cum
1695 2348 1784 2379 autem
1801 2343 1859 2379 haec

1092 2380 1163 2406 lanta
1178 2377 1310 2412 nusquam
1334 2379 1397 2405 alibi
1425 2379 1586 2413 reperiatur,
1607 2377 1855 2413 putatGrcgorius,

1082 2422 1142 2442 iane
1158 2411 1250 2441 vocem
1270 2414 1376 2441 inanem
1395 2411 1465 2446 esse;
1484 2419 1511 2440 et
1525 2413 1590 2440 nihil
1606 2411 1767 2447 signiﬁcare.
1785 2411 1854 2447 Tra-

1072 2449 1202 2484 gelapbus
1223 2456 1297 2480 vero,
1315 2453 1357 2475 est
1375 2449 1473 2484 animal
1489 2456 1520 2476 ex
1538 2448 1613 2475 hirco
1627 2453 1652 2474 et
1665 2455 1744 2484 cervo
1756 2446 1841 2473 conlia
1855 2462 1858 2466 -

1073 2483 1140 2516 tum,
1162 2484 1232 2518 quod
1249 2484 1331 2510 etiam
1353 2491 1367 2509 a
1385 2483 1476 2510 multis
1490 2490 1625 2517 nunquam
1642 2483 1779 2518 exstitisse
1795 2489 1856 2507 cre-

1072 2519 1156 2546 ditur.
1171 2516 1216 2546 ‘De
1233 2518 1399 2553 tragelaphor
1414 2522 1502 2553 tamen
1530 2517 1630 2545 mentio
1654 2523 1695 2553 est
1719 2517 1746 2544 in
1761 2516 1858 2553 Deme-

1073 2562 1133 2581 ron.
1150 2562 1205 2615 tu},
1232 2553 1265 2586 5;
1279 2551 1322 2580 iet
1336 2551 1376 2580 Vin
1395 2552 1464 2580 libro
1487 2552 1548 2587 Job,
1571 2553 1647 2588 juxta
1669 2551 1855 2587 Septuaginta,

1073 2597 1165 2615 xum.
1198 2609 1204 2615 .

1072 2597 1165 2620 xxxtx,
1179 2597 1204 2616 ι.

1107 2624 1163 2658 (16)
1177 2622 1365 2658 Συμϐάματα,
1381 2627 1434 2650 etc.
1448 2622 1658 2658 Propositiones,
1673 2629 1732 2657 quae
1746 2628 1857 2648 sensum

1071 2658 1206 2694 integrum
1231 2658 1358 2694 etliciunt,
1389 2658 1597 2694 «sytnbamatat
1633 2661 1776 2689 vocantur;
1795 2664 1855 2694 quae

1071 2691 1142 2720 vero'
1151 2700 1259 2720 sensum
1282 2693 1415 2726 integrum
1426 2691 1493 2719 'non
1515 2691 1643 2724 elliciunt,
1658 2701 1668 2718 ι
1680 2693 1854 2726 parasymba-

1072 2733 1154 2755 mata.
1169 2738 1178 2754 ι
1208 2728 1309 2763 Allndit
1338 2727 1483 2763 Gregorius
1500 2728 1533 2763 ad
1551 2727 1741 2763 Chrysippum,
1759 2734 1854 2763 quem,

1072 2764 1144 2791 inter
1155 2763 1232 2797 alios,
1251 2762 1384 2790 Lucianus
1396 2761 1431 2790 'in
1453 2762 1559 2797 dialogo
1576 2762 1613 2789 De
1628 2762 1749 2789 auctione
1772 2761 1856 2796 philo-

1071 2798 1214 2832 sophorum
1242 2798 1345 2830 irridet,
1360 2803 1388 2825 et
1407 2797 1488 2824 stulta
1515 2798 1635 2831 ipsorum
1653 2798 1787 2832 dogmata.
1813 2801 1855 2823 at-

1072 2841 1124 2868 que
1143 2833 1169 2860 in
1200 2833 1290 2860 verbis
1315 2833 1446 2861 novandis
1473 2833 1657 2861 curiositatem
1682 2832 1854 2860 deridendam

1091 2868 1206 2896 roninat.

1071 2876 1206 2904 propinat.

1110 2903 1167 2939 (17)
1184 2903 1355 2939 Παιζόμενα.
1376 2903 1435 2937 0r.,
1451 2903 1598 2936 παίζονται
