2060 3140
202 175 272 203 1207

803 184 831 212 S.
850 184 1016 215 GREGORII
1036 188 1081 216 Tll
1088 189 1212 219 EOLOGI

1760 196 1772 223 Ι
1779 196 1829 225 208

240 234 294 262 VII.
321 235 460 269 Quodnam
484 241 576 265 autem
605 237 656 266 fuit
681 240 839 275 primarium
870 249 897 271 et
915 246 978 273 anti-

1048 253 1050 255 '
1071 249 1109 275 Ζ’.
1121 249 1154 275 Τί
1173 249 1201 276 δὲ
1215 250 1246 276 τὸ
1261 249 1368 286 πρῶτον
1384 251 1431 277 καὶ
1453 251 1687 288 σπουδαζόμενονς
1709 253 1741 280 Ἦ
1762 254 1831 289 πρὸς

201 282 362 316 quissimum
381 283 466 318 ipsius
485 285 624 312 studium?
639 286 691 314 Pro
711 286 772 321 jure
793 294 821 316 et
833 297 909 324 aequo
926 299 986 319 cum

202 328 364 360 praesidibus
388 330 573 363 expostulare,
605 333 676 366 apud
696 341 773 368 reges
799 338 934 364 sermonis
955 339 988 365 li-

202 374 335 402 ln-rtatem
366 376 495 404 adhibere
514 397 522 409 ,
549 380 775 412 quemadmodum
797 384 912 411 eximius
942 386 987 414 ille

201 419 295 450 David,
310 420 355 454 qui
373 419 535 455 loquebatur
550 423 577 450 in
593 431 742 460 conspectu
774 435 878 462 regum,
893 433 920 457 et
933 438 985 458 non

204 463 419 492 coitiundehatur
432 466 467 500 “,
484 469 623 503 popularis
639 471 723 498 turba:
747 472 875 500 ﬂuctuum
901 475 986 503 instar

200 510 309 544 agitatae
342 511 518 540 stoliditatem
559 522 757 550 compescere,
785 519 984 554 ferocientium,

201 563 342 589 procerum
368 557 517 591 licentiam,
545 561 687 589 domorum
709 563 780 591 inter
798 573 828 593 se
852 567 985 595 dissiden-

199 603 266 628 tium
285 603 421 637 morbum,
443 606 611 634 indoctorum
629 610 827 644 rusticitatem,
844 612 983 641 doctorum

200 648 385 681 arrogantiam
405 669 412 682 ,
437 650 547 679 divitias
571 653 720 682 insolenter
742 663 802 684 sese
831 657 982 692 efferentes,

199 693 370 720 saturitatem
392 695 545 729 petulanter
568 701 597 725 et
622 701 818 729 contumeliose
847 711 876 730 se
892 711 986 738 geren-

200 744 266 772 tem,
280 746 465 775 paupertatem
482 742 515 769 ad
540 744 671 772 maleﬁcia
699 747 857 780 proclivem,
877 749 986 777 iracun-

198 783 268 810 diam
293 785 476 820 praacipitem,
492 795 525 815 ac
552 788 685 817 rationem
707 798 799 818 secum
815 792 983 827 eﬂ'erentem,

196 829 360 865 voluptatem
378 833 485 859 modum
506 835 694 868 excedentem,
707 837 792 864 risum
807 838 983 873 petulantem,

199 876 326 904 mmroris
340 878 506 906 anxietatem
518 887 653 913 coercere,
660 882 809 916 juventutis
827 885 983 913 inconstan-

197 920 274 955 tiam,
287 924 434 951 senectutis
449 925 594 959 ignaviam,
611 927 748 963 animique
758 929 981 965 imbecillitatem,

198 967 338 996 viduitatis
346 969 530 1003 solitudinem,
540 972 666 1000 orbitatis
681 974 897 1009 desperationem
905 983 981 1004 com-

195 1013 323 1046 pnimere.
337 1013 399 1042 Haec
415 1023 479 1043 vero
503 1024 593 1044 nonne
612 1018 790 1053 syllogismis,
807 1025 834 1048 et
848 1021 937 1054 lineis,
955 1026 982 1048 et

195 1059 280 1086 hianti
294 1059 321 1086 iu
338 1061 423 1089 stellis
434 1063 541 1090 obtutui
559 1065 673 1092 multum
689 1071 846 1100 anteponet,
857 1068 981 1103 quisquis

194 1110 286 1132 mente
299 1113 366 1134 sana
380 1107 482 1135 fuerit?
507 1109 574 1137 Illud
600 1117 690 1138 secum
711 1116 849 1147 reputans,
869 1116 940 1148 quod
957 1115 980 1142 si

193 1150 227 1177 ad
239 1151 457 1187 syllogismorum
470 1155 684 1190 conclusionem,
696 1158 737 1186 vel
748 1159 781 1186 ad
794 1160 980 1193 geometriam,

195 1201 243 1224 aut
258 1200 466 1233 astronomiam,
482 1209 576 1230 omnes
593 1204 713 1231 studium
726 1212 803 1232 suum
819 1210 901 1241 atque
911 1214 977 1241 ope-

194 1251 253 1270 ram
271 1245 446 1279 contulerint,
465 1247 530 1274 nihil
541 1256 572 1275 ea
596 1257 639 1276 res
662 1251 723 1277 vita:
746 1250 871 1278 humanae
887 1251 980 1285 profu-

193 1294 252 1316 tura
266 1291 311 1323 sit,
336 1293 400 1326 quin
415 1293 506 1327 potius
526 1294 616 1322 omnia
634 1296 744 1323 tllSsOlVl
762 1304 794 1324 ac
816 1298 977 1326 labefactari

193 1342 304 1363 necesse
319 1337 390 1365 erit:
406 1344 501 1366 contra
528 1341 550 1367 si
567 1348 599 1368 ea
622 1341 720 1375 oﬂicia,
738 1351 797 1378 qua:
812 1352 826 1371 a
842 1352 885 1372 me
899 1352 976 1373 com-

193 1385 341 1408 memorata
357 1389 433 1417 sunt,
448 1385 480 1411 de
498 1386 586 1412 medio
611 1387 716 1414 sublata
746 1388 855 1421 fuerint,
870 1397 975 1418 summa

190 1426 312 1454 omnium
334 1436 424 1456 rerum
456 1431 626 1465 perturbatio
641 1438 668 1459 et
693 1434 817 1461 confusio
842 1435 888 1462 sit.
913 1435 976 1463 Ilazc

190 1478 293 1506 quanto
309 1475 480 1502 Antisthenis
506 1477 636 1510 vanitate,
657 1483 684 1504 et
701 1478 827 1513 Diogenis
845 1480 973 1515 ingluvie,

1039 293 1171 329 ἄρχοντας
1186 295 1363 330 δικαιολογία,
1383 297 1400 332 ἡ
1420 298 1488 332 πρὸς
1514 297 1631 332 βασιλεῖς
1650 299 1706 333 (l8)
1721 301 1829 336 παρῤη-

1039 340 1094 373 σία,
1112 342 1183 369 κατὰ
1200 343 1245 369 τὸν
1261 343 1332 370 θεῖον
1355 344 1437 370 Δαὸὶδ
1453 345 1584 372 λαλοῦντα
1609 346 1730 373 ἐναντίον
1753 347 1830 382 βασι-

1037 386 1106 413 λέων
1118 388 1165 414 καὶ
1179 387 1216 424 μὴ
1231 389 1436 425 αἰσχυνόμενον,
1457 391 1550 426 δήμων
1566 392 1676 426 ἀλογίαν
1692 393 1828 420 συστεῖλαι

1037 434 1255 469 κυμαινομὲνων,
1272 435 1410 462 δυναστῶν
1430 437 1553 470 ἐξουσίαν
1569 438 1772 473 ἀγριαινόντων,
1788 439 1826 466 οῖ-

1036 487 1092 505 κων
1103 480 1259 515 ἀρρωστίαν
1275 482 1483 515 στασιαζόντων,
1495 483 1664 510 ἀπαιδεύτων
1673 485 1825 520 ἀγροικίαν,

1037 522 1259 558 πεπαιδευμένων
1291 525 1461 558 ἀλαζονείαν,
1487 527 1600 554 πλοῦτον
1634 529 1824 565 ἐπαιρόμενον,

1036 566 1116 601 κόρον
1136 567 1290 603 ὑϐρίζοντα,
1317 570 1412 597 πενίαν
1436 572 1650 607 κακουργοῦσαν,
1685 573 1768 609 θυμὸν
1778 576 1826 602 ὲκ-

1036 612 1184 648 φερόμενον
1199 615 1246 640 καὶ
1262 615 1308 642 τὸν
1329 616 1458 652 λογισμὸν
1470 618 1526 652 (19)
1552 619 1711 654 ἐκφέροντα,
1729 621 1825 656 ἡδονῆς

1035 657 1176 694 ἀμετρίαν,
1191 659 1308 693 γέλωτος
1321 661 1467 697 ἀκρασίαν,
1482 663 1571 698 λύπης
1590 664 1738 700 ἀδημονίαν
1755 667 1826 694 παῦ-

1036 711 1098 735 σαι,
1125 704 1249 738 νεότητος
1285 706 1466 741 ἀνωμαλίαν,
1504 708 1598 743 γήρως
1631 709 1823 744 μικροψυχίαν,

1035 749 1146 784 χηρείας
1188 751 1322 786 ἐρημίαν,
1361 752 1494 788 ὀρφανίας
1530 754 1693 789 ἀπόγνωσιν.
1729 756 1821 783 Ταῦτα

1034 795 1089 822 τῶν
1105 797 1292 833 συλλογισμῶν
1308 798 1355 825 καὶ
1380 799 1434 825 τῶν
1451 800 1598 835 γραμμῶν,
1625 802 1672 828 καὶ
1701 802 1747 828 τοῦ
1778 812 1824 829 κε-

1035 842 1146 877 χηνέναι
1174 843 1244 878 πρὸς
1271 845 1335 876 τοὺς
1365 845 1494 880 ἀστέρας,
1526 844 1612 882 ἆρὀὺ
1639 848 1736 883 μακρῷ
1758 857 1823 884 προ-

1034 887 1145 922 τιμήσει
1176 896 1219 919 τις
1241 885 1270 915 εὖ
1304 889 1429 925 φρονῶνς
1460 891 1547 917 ἐκεῖνο
1577 892 1754 928 ἐνθυμηθεὶς,
1781 894 1822 920 ὅτι

998 927 1019 954 Β
1034 932 1203 967 συναγόντων
1215 934 1264 969 μὲν
1275 935 1392 967 πάντων,
1405 935 1422 971 ἢ
1436 927 1678 972 γεωμετρούντων,
1690 938 1706 973 ἢ
1723 939 1822 974 ἀστρο-

1033 980 1198 1013 νομούντων,
1207 979 1282 1006 οὐδὲν
1294 979 1326 1006 ἂν
1341 981 1356 1006 ὁ
1370 980 1426 1015 βίος
1444 981 1459 1015 ἡ
1464 980 1521 1015 μῶν
1535 981 1609 1018 παρὰ
1626 982 1703 1008 τοῦτο
1717 983 1822 1018 ὠφελη-

1033 1022 1102 1059 θείη,
1115 1024 1155 1050 ὃτι
1169 1024 1206 1060 μὴ
1226 1025 1272 1051 καὶ
1290 1024 1326 1052 τὰ
1345 1026 1433 1052 πάντα
1452 1026 1615 1061 λυθήσεται·
1631 1028 1732 1055 τούτων
1743 1028 1770 1054 δὲ
1783 1025 1822 1054 ὧν

1033 1067 1107 1096 εἷπον
1135 1071 1349 1106 ἀναιρουμένων,
1380 1072 1478 1105 ἀταξία
1496 1073 1526 1099 τὺ
1541 1074 1594 1100 πᾶν
1613 1073 1660 1100 καὶ
1681 1074 1820 1109 σργχυσις.

1032 1115 1125 1142 Ταῦτα
1135 1116 1185 1151 τῆς
1208 1117 1391 1149 Ἀντισθένους
1415 1112 1583 1150 ἀλαζονείας,
1609 1119 1655 1145 καὶ
1668 1119 1717 1154 τῆς
1730 1119 1821 1153 Διογέ-

1029 1169 1091 1193 νους
1105 1161 1265 1196 ὀψοφαγίας,
1294 1163 1403 1198 καὶτῆς
1419 1164 1562 1199 Κράτητος
1587 1164 1773 1200 κοινογαμίας,
1793 1165 1820 1192 τί

1028 1206 1081 1242 χρὴ
1092 1207 1182 1241 λέγειν
1202 1208 1257 1243 ὅσῳ
1273 1209 1390 1243 κρείττω
1402 1210 1448 1235 καὶ
1462 1209 1627 1245 ὺψηλότερα;
1643 1210 1714 1246 Πλὴν
1734 1211 1821 1245 φειδὸ-

1029 1253 1098 1288 μεθα
1110 1253 1166 1288 (ΞΟ)
1178 1254 1312 1280 κάκείνων
1325 1255 1395 1280 αἰδοῖ
1405 1255 1454 1290 τῆς
1465 1256 1661 1291 προσηγορίας,
1679 1256 1723 1282 ἵνα
1732 1265 1757 1282 τι
1772 1256 1818 1282 τοῦ

1026 1299 1121 1334 ἀνδρὸς
1140 1299 1338 1328 ἀπολαύσωσιν.
1364 1301 1458 1336 Ἡμεῖς
1473 1301 1511 1332 δὲ,
1530 1301 1573 1328 ἵνα
1586 1301 1639 1336 (21)
1652 1301 1685 1328 τὰ
1697 1302 1726 1328 ἐν
1745 1302 1820 1337 μέσῳ

1028 1345 1192 1380 συνέλωμεν,
1209 1345 1240 1372 τὸ
1266 1346 1384 1381 σῶφρον,
1404 1346 1434 1372 τὸ
1460 1347 1603 1381 ἐγκρατὲς,
1619 1348 1650 1373 τὸ
1661 1348 1771 1382 ἄτυφον,
1789 1348 1820 1374 τὸ

1027 1391 1149 1427 ἐπίχαρι,
1166 1391 1197 1418 τὸ
1211 1393 1380 1426 κοινωνικὸν,
1404 1393 1433 1419 τὸ
1452 1393 1653 1429 φιλάνθρωπον,
1668 1393 1752 1420 τᾶλλα
1778 1392 1819 1426 οἷς

1027 1438 1097 1473 ὑπὲρ
1112 1438 1235 1470 ἅπαντας
1245 1440 1259 1465 ὁ
1268 1439 1347 1475 ἀνὴρ,
1362 1439 1408 1465 ἐπὶ
1418 1439 1448 1466 τὸ
1460 1439 1613 1466 τελευταῖον
1625 1440 1674 1475 μὲν
1688 1441 1721 1476 τῇ
1732 1439 1816 1473 τάξει,

1026 1483 1134 1519 πρῶτον
1156 1484 1185 1510 δὲ
1203 1486 1237 1520 τῇ
1251 1485 1363 1520 δυνάμει
1380 1485 1536 1521 τρεψόμεθα
1549 1485 1616 1520 (22).

189 1522 218 1543 et.
252 1519 388 1546 communi
418 1519 536 1548 Cratetis
565 1522 748 1556 matrimonio,
776 1525 932 1553 sublimiora
958 1531 986 1554 et
1021 1519 1228 1563 praestantiora
1246 1519 1396 1565 sintpquid
1419 1531 1511 1558 dicere
1542 1530 1766 1558 attinet?Verum
1781 1531 1817 1557 ob

190 1564 308 1593 nominis
326 1573 420 1593 eorum
437 1569 616 1596 reverentiam
641 1571 683 1597 his
696 1579 804 1607 quoque
818 1580 972 1607 parcamus,
1012 1580 1042 1602 ut
1073 1577 1230 1604 nonnullum
1255 1578 1305 1613 ipsi
1334 1586 1442 1613 quoque
1470 1579 1588 1606 fructum
1608 1586 1640 1606 ex
1662 1579 1741 1614 hujus
1760 1579 1808 1605 viri

189 1609 360 1646 philosophia
375 1612 493 1648 capiant.
515 1613 571 1642 Nos
601 1621 704 1648 autem,
742 1623 773 1644 ut
798 1619 886 1647 media
910 1620 1071 1654 incidamus,
1104 1623 1260 1658 pudicitiam
1291 1632 1398 1659 nempe,
1422 1624 1627 1658 continentiam,
1644 1624 1813 1658 modestiam,

189 1666 295 1686 morum
323 1661 506 1694 suavitatem,
531 1662 728 1697 alfabilitatem,
756 1666 964 1700 humanitatem,
983 1674 1150 1705 cmterasque
1184 1672 1309 1705 virtutes,
1342 1673 1440 1707 quibus
1467 1673 1525 1707 ipse
1563 1673 1691 1700 mortales
1715 1680 1812 1700 omnes

189 1710 309 1740 superat,
333 1707 366 1734 ad
381 1707 418 1741 id,
435 1709 508 1743 quod
525 1709 620 1737 ordine
638 1711 748 1745 quidem
775 1717 968 1748 prostremum,
987 1715 1120 1751 dignitate
1151 1722 1241 1746 autem
1261 1724 1288 1746 et
1307 1719 1436 1746 facultate
1463 1719 1611 1754 principem
1644 1720 1733 1747 locum
1761 1721 1812 1748 ob-

188 1753 267 1786 tinet,
279 1754 430 1781 oralionem
443 1760 644 1784 convertamus.

227 1798 296 1826 VIII.
311 1799 373 1826 Fuit
385 1801 522 1835 quondam
535 1802 600 1829 illud
618 1806 734 1838 tempus,
755 1812 817 1832 cutn
841 1807 874 1833 ab
889 1807 974 1835 luere-

1060 1809 1102 1835 H’.
1120 1807 1174 1836 Ἦν
1196 1810 1252 1844 (25)
1278 1811 1322 1837 ὅτε
1335 1809 1454 1845 γαλήνην
1469 1809 1578 1845 εἴχομεν
1602 1810 1655 1837 ἀπὸ
1668 1811 1721 1837 τῶν
1740 1811 1809 1846 αίρέ-

188 1854 248 1873 sum
262 1846 389 1881 procellis
417 1849 563 1883 tranquilla
588 1851 680 1877 omnia
699 1851 879 1885 habebamus,
907 1861 971 1882 cum

186 1893 311 1921 videlicet
326 1893 464 1928 Simones,
479 1900 506 1922 et
521 1895 684 1931 Marciones,
702 1897 785 1934 460
798 1903 825 1926 et
851 1899 971 1928 Valenti-

186 1939 305 1973 niani,et
319 1939 453 1973 Basilidaa,
470 1945 497 1968 et
520 1941 668 1976 Cerdones,
696 1943 816 1972 Cerinthi
833 1947 928 1979 etiam,
945 1952 973 1974 et

186 1985 378 2020 Carpocrates,
409 1992 491 2022 atque
510 1996 605 2017 omnes
625 1990 731 2017 illorum
750 1999 828 2026 nugae
846 2000 878 2020 ac
901 2001 970 2028 pra:-

184 2031 282 2066 stigiae,
309 2037 484 2067 posteaquam
513 2042 603 2061 rerum
639 2037 761 2063 omnium
791 2038 875 2065 Deum
907 2047 971 2073 per-

185 2076 313 2104 diuturno
337 2082 457 2112 tempore
470 2079 634 2112 secuissent,
652 2081 804 2116 bellumque
827 2091 876 2118 pro
899 2083 972 2112 Bono

185 2121 315 2150 adversus
331 2123 487 2150 Creatorem
510 2126 669 2159 gessissent,
687 2132 792 2155 suomet
804 2129 924 2162 tandem,
943 2135 972 2158 ut

184 2174 289 2200 mquum
303 2173 371 2200 erat,
386 2168 522 2202 profundo
538 2171 683 2205 absorptae,
699 2179 731 2199 ac
741 2173 849 2200 silentio
864 2174 972 2202 traditae

185 2211 306 2240 fuerunt.
320 2213 385 2241 Nam
410 2213 532 2242 Mantani
556 2223 668 2251 quoque
695 2217 783 2246 tualus
802 2219 926 2254 spiritus,
943 2225 971 2248 et

186 2257 271 2286 Manis
283 2260 414 2291 tenebrae,
433 2264 461 2287 et
476 2260 571 2289 Novati
585 2263 734 2296 temeritas,
755 2269 802 2291 aut
815 2266 931 2300 put-itas,
943 2271 971 2294 et

186 2304 296 2331 Sabellii
315 2305 383 2332 mala
405 2307 570 2334 monarchize
591 2310 716 2342 assertio,
729 2317 878 2343 cesserant,
894 2320 970 2340 sese—

183 2358 238 2384 que
257 2350 455 2384 subduxeraut,
485 2353 570 2380 altera
599 2354 727 2382 nimirum
743 2356 769 2382 in
801 2358 968 2384 contrariam

219 2407 241 2423 “
259 2406 332 2437 Psal.
348 2414 444 2440 ctvttt,
465 2409 509 2435 46.

235 2479 274 2514 18)
287 2479 436 2511 Βασιλεῖς.
451 2477 539 2510 Pass,
556 2480 691 2514 βασιλέας.

235 2480 274 2514 18)
287 2480 436 2511 Βασιλεῖς.
451 2480 539 2510 Pass,
556 2480 691 2514 βασιλέας.

219 2480 274 2556 ίδῡ)
290 2515 345 2541 Τὸν
357 2514 514 2549 λογισμόν.
535 2516 615 2542 tioisl.
634 2517 658 2548 ί,
676 2522 703 2543 et
719 2517 766 2544 0r.
788 2517 814 2550 I,
829 2517 884 2544 τῶν
899 2517 973 2552 λογι-

183 2558 270 2577 σμων.

219 2584 459 2623 (ξὶυλφξιᾷόμεθα.
475 2586 521 2614 Or.
536 2585 562 2618 l,
596 2591 623 2614 et
647 2586 781 2619 Combel'.,
807 2587 971 2623 φειδώμεθα.

183 2619 295 2654 Ῐωιαείι
312 2619 414 2647 Blllitts.

228 2656 273 2692 2i)
289 2656 365 2683 Ἵνα.
384 2656 462 2684 Deest
478 2657 503 2684 in
524 2657 590 2692 Reg.
609 2657 663 2684 bm.

228 2656 273 2690 2t)
289 2656 365 2683 Ἵνα.
384 2656 462 2684 Deest
478 2657 503 2684 in
524 2657 590 2692 Reg.
609 2657 663 2684 bm.

218 2656 275 2727 £2?)
291 2692 468 2727 ἴρεψόμεθα.
482 2692 615 2724 Combe-I2,
629 2691 803 2727 τρεψώμενα.

217 2723 274 2761 (25)
291 2723 359 2753 Ἦνῖ.
376 2723 469 2754 (Fuit.
485 2737 494 2753 ι
515 2727 559 2754 Sic
576 2723 696 2754 Combef.
719 2723 745 2753 I'n
763 2729 818 2757 ρ‹1.,
832 2728 875 2761 ῆν.

218 2760 274 2803 (λὶίέ
293 2761 529 2803 Ἐελμλεῖσῖον-
551 2762 659 2803 Iba-=1.
678 2763 724 2803 ea)
737 2762 782 2803 ἐπὶ
795 2760 930 2803 “irim?-

219 2795 373 2838 (25)_Bqui
388 2798 437 2838 καὶ
452 2797 488 2831 τῇ
501 2795 619 2838 (ny-gift
633 2797 767 2838 Prol'undq
783 2805 814 2823 ac
826 2798 969 2838 silentti

184 2831 230 2857 Sic
244 2831 315 2871 enim
339 2831 435 2873 Latine
450 2831 549 2873 sonant
561 2833 613 2873 hae“
628 2840 718 2873 voces.
733 2832 826 2873 Plures
841 2833 970 2873 haeretici,

184 2874 216 2892 ac
233 2866 366 2901 praecipue
384 2866 548 2907 Valentinus,
572 2876 582 2892 ‹
594 2866 680 2902 Bytho
693 2877 702 2892 ι
723 2872 749 2894 et
767 2877 776 2892 ‹
789 2867 859 2902 Ξίεω
871 2878 881 2893 ι
892 2868 971 2908 inter

184 2899 286 2931 [ﬂauas
300 2908 374 2935 suos,
401 2904 505 2938 primas
516 2902 678 2929 tribuebant.
698 2901 776 2930 Unde
788 2901 970 2931 Tertullianus

366 2922 374 2935 ,
402 2921 505 2935 ,μην-ει
517 2921 678 2929 ...υ-ινα...-

1025 1862 1106 1886 σεων,
1121 1855 1204 1890 ἡνίκα
1223 1855 1344 1891 Σίμωνες
1358 1856 1416 1891 μὲν,
1437 1857 1484 1882 καὶ
1510 1856 1682 1891 Μαρκίωνες,
1699 1857 1814 1884 Οὐαλεν-

1024 1900 1093 1926 ττνοί
1106 1900 1136 1927 τέ
1150 1909 1232 1933 τινες,
1248 1902 1295 1927 καὶ
1308 1901 1470 1930 Βασιλεῐδαι,
1490 1902 1537 1928 καὶ
1551 1901 1699 1937 Κέρδωνες,
1715 1903 1814 1938 Κήριν-

1026 1945 1067 1972 θοί
1080 1954 1110 1972 τε
1125 1947 1171 1973 καὶ
1185 1947 1406 1983 Καρποκράτεις,
1430 1948 1476 1974 καὶ
1492 1948 1565 1974 πᾶσα
1579 1949 1594 1983 ἡ
1611 1949 1674 1983 περὶ
1693 1949 1812 1980 ὲκείκοιος

1026 1990 1145 2027 φλυαρία
1161 1999 1190 2017 τε
1208 1992 1255 2017 καὶ
1271 1991 1410 2027 τερατεία,
1427 1992 1473 2018 ἐπὶ
1492 1992 1615 2018 πλεῖστον
1633 1992 1689 2026 (2i)
1703 1993 1746 2020 τὸν
1759 1993 1812 2019 τῶν

1024 2036 1092 2063 ὅλων
1109 2037 1175 2063 Θεὸν
1197 2037 1336 2072 τεμόντες,
1353 2038 1400 2064 καὶ
1416 2038 1485 2073 ὑπὲρ
1513 2038 1559 2064 τοῦ
1581 2038 1695 2072 Ἀγαοοῦ
1709 2038 1748 2074 τῷ
1764 2041 1813 2074 Δη-

1024 2083 1147 2119 μιουργῷ
1183 2084 1396 2120 πολεμήσαντες,
1432 2084 1525 2111 ἔπειτα
1556 2084 1747 2121 κατεπόθησαν
1772 2085 1811 2120 τῷ

1022 2129 1127 2155 ἑαυτῶν
1142 2129 1215 2165 βυοῷ
1230 2131 1277 2157 καὶ
1290 2131 1322 2166 τῇ
1347 2131 1409 2165 σιγῇ
1423 2130 1478 2166 (25)
1495 2130 1702 2166 παραδοθέντες,
1718 2131 1812 2167 ὥσπερ

1020 2172 1056 2209 ἦν
1083 2175 1168 2207 ἄξιον.
1196 2176 1336 2203 Μοντανοῦ
1351 2176 1379 2202 δὲ
1391 2177 1422 2202 τὸ
1446 2177 1561 2212 πονηρὸν
1588 2177 1705 2212 πνεῦμα,
1723 2178 1769 2204 καὶ
1782 2177 1812 2203 τὸ

1021 2220 1115 2248 Μανοῦ
1133 2222 1238 2254 σκότος,
1255 2222 1302 2248 καὶ
1318 2223 1335 2257 ἡ
1349 2222 1474 2249 Ναυάτου
1493 2222 1639 2258 Θρασύτης,
1663 2223 1679 2259 ῆ
1696 2222 1812 2257 καθαρό-

1020 2275 1081 2302 της,
1100 2268 1245 2294 Σαΰελλίου
1261 2277 1291 2295 τε
1311 2269 1327 2304 ὴ
1347 2268 1418 2303 κακὴ
1432 2269 1579 2304 συνηγορία
1595 2269 1644 2303 τῆς
1662 2268 1810 2304 μοναρχίας

1021 2311 1086 2347 εἶξε,
1104 2315 1150 2340 καὶ
1163 2314 1379 2350 ὑπεχώρησεν,ἠ
1395 2315 1443 2350 μὲν
1462 2316 1501 2346 είς
1518 2312 1662 2341 ἀντίπαλον
1679 2315 1733 2349 (26)
1750 2316 1810 2349 μοῖ-

1022 2367 1072 2395 ραν
1100 2360 1292 2397 ἀποκριθεῖσα,
1316 2362 1333 2397 ἡ
1349 2361 1377 2388 δὲ
1405 2360 1453 2387 καὶ
1477 2360 1566 2396 πάντη
1582 2360 1810 2396 περιφρονηθεῖσα

987 2485 1012 2515 ι)
1025 2482 1159 2510 Valentini
1176 2487 1311 2517 stuporem
1327 2486 1412 2513 notat,
1429 2482 1500 2516 quod
1521 2491 1530 2507 ι
1542 2482 1598 2517 Byti
1613 2492 1623 2507 ›
1645 2490 1741 2509 nomen
1760 2482 1807 2509 de-

1026 2519 1110 2545 disset
1137 2519 1185 2551 illi,
1203 2526 1281 2551 quem
1309 2518 1335 2544 in
1353 2517 1460 2544 sublimi
1490 2518 1548 2545 loco
1577 2517 1672 2544 sedere
1694 2517 1806 2544 diceret.

1025 2553 1185 2594 (ΙΙ-(Ἰωνίης¹
1198 2554 1291 2584 etiam.
1315 2553 1348 2579 ad
1365 2553 1470 2579 illorum
1493 2553 1604 2594 nomina
1626 2552 1720 2594 festive
1740 2553 1808 2594 allu-

1024 2587 1100 2620 dens,
1113 2590 1161 2619 ait,
1179 2588 1234 2614 haec
1259 2595 1382 2614 errorum
1410 2592 1530 2615 monstra
1551 2596 1560 2613 t
1575 2587 1707 2622 profundo
1727 2592 1754 2614 et
1771 2588 1808 2615 si-

1023 2623 1106 2650 lentio
1118 2632 1127 2648 ι
1146 2623 1243 2648 tradita
1261 2622 1354 2649 fuisse.

1057 2658 1113 2693 (20)
1126 2659 1190 2697 ﬁlc
1200 2657 1378 2697 ἀιςτίιτιαλοιν-3
1400 2662 1454 2684 etc.
1473 2656 1562 2697 Schol.
1578 2665 1585 2684 :
1605 2657 1660 2697 ’ζῆν
1675 2656 1805 2697 μρδατου,

1021 2687 1109 2726 οἶμαι,
1126 2687 1200 2726 λέγει
1215 2692 1330 2734 αἶρε-σιν,
1361 2687 1456 2734 ᾧσπερ
1475 2692 1522 2732 καὶ
1544 2693 1561 2727 ἡ
1584 2687 1667 2731 πείρα
1693 2692 1745 2732 ἕως
1759 2692 1805 2734 τοῦ

1022 2727 1068 2754 νῦν
1081 2728 1219 2754 δείκνυσι·
1245 2737 1254 2753 ι
1270 2727 1366 2754 Novati
1389 2727 1523 2758 haeresim,
1542 2728 1687 2761 utopinor,
1704 2729 1807 2759 signiti-

1022 2769 1076 2797 cat,
1092 2763 1319 2797 quemadmodum
1336 2762 1388 2790 huc
1400 2769 1485 2796 usque
1495 2762 1660 2795 experientia
1677 2763 1782 2796 probat.
1795 2773 1803 2788 ι

1021 2796 1090 2829 Quid
1111 2797 1257 2832 Gregorius
1280 2801 1307 2823 et
1332 2798 1500 2825 Scholiastes
1516 2797 1607 2828 velint,
1633 2797 1734 2831 liquido
1754 2806 1804 2823 ιιυιι

1020 2837 1103 2867 patet.
1113 2832 1190 2872 _Num
1217 2832 1379 2872 intelligunt,
1396 2832 1567 2872 contrariam.
1586 2833 1618 2872 .in
1638 2837 1753 2872 partem,
1774 2841 1806 2859 ac

1020 2866 1047 2894 in
1063 2867 1206 2907 mitiorem.
1220 2867 1390 2902 disciplinam
1401 2871 1537 2907 .mutatam
1556 2866 1640 2907 fuisse
1653 2867 1745 2907 vaati
1761 2875 1802 2893 se-

1020 2902 1178 2931 veritatem?
1189 2901 1355 2938 Supererant
1366 2902 1437 2930 enim
1452 2906 1515 2930 tunc
1529 2902 1657 2936 temporis
1668 2901 1803 2929 Constan-
