  <div class='ocr_page' id='page_1' title='image "/cluster/home/n/w/nwhite01/storage/ocr_20150623/35/njp.32101077772554/618.png"; bbox 0 0 2060 3140; ppageno 0'>
   <div class='ocr_carea' id='block_1_1' title="bbox 175 190 247 218">
    <p class='ocr_par' dir='ltr' id='par_1_1' title="bbox 175 190 247 218">
     <span class='ocr_line' id='line_1_1' title="bbox 175 190 247 218; baseline 0.014 -1"><span class='ocrx_word' id='word_1_1' title='bbox 175 190 186 217; x_wconf 74' lang='grc' dir='ltr'><strong>Ι</strong></span> <span class='ocrx_word' id='word_1_2' title='bbox 196 190 247 218; x_wconf 67' lang='lat'><strong>£09</strong></span> 
     </span>
    </p>
   </div>
   <div class='ocr_carea' id='block_1_2' title="bbox 587 192 1414 225">
    <p class='ocr_par' dir='ltr' id='par_1_2' title="bbox 587 192 1414 225">
     <span class='ocr_line' id='line_1_2' title="bbox 587 192 1414 225; baseline 0.006 -5"><span class='ocrx_word' id='word_1_3' title='bbox 587 192 716 223; x_wconf 79' lang='lat' dir='ltr'><strong>ORATIO</strong></span> <span class='ocrx_word' id='word_1_4' title='bbox 739 193 822 223; x_wconf 70' lang='lat' dir='ltr'><strong>XXV.</strong></span> <span class='ocrx_word' id='word_1_5' title='bbox 840 209 876 219; x_wconf 79' lang='lat'><strong>-—</strong></span> <span class='ocrx_word' id='word_1_6' title='bbox 893 194 925 222; x_wconf 76' lang='lat' dir='ltr'><strong>IN</strong></span> <span class='ocrx_word' id='word_1_7' title='bbox 947 194 1089 223; x_wconf 72' lang='lat' dir='ltr'><strong>LAUDEM</strong></span> <span class='ocrx_word' id='word_1_8' title='bbox 1110 195 1262 224; x_wconf 79' lang='lat' dir='ltr'><strong>HERONlS</strong></span> <span class='ocrx_word' id='word_1_9' title='bbox 1281 196 1414 225; x_wconf 80' lang='lat' dir='ltr'><strong>PHILOS.</strong></span> 
     </span>
    </p>
   </div>
   <div class='ocr_carea' id='block_1_3' title="bbox 1737 196 1805 224">
    <p class='ocr_par' dir='ltr' id='par_1_3' title="bbox 1737 196 1805 224">
     <span class='ocr_line' id='line_1_3' title="bbox 1737 196 1805 224; baseline 0 -1"><span class='ocrx_word' id='word_1_10' title='bbox 1737 196 1805 224; x_wconf 76' lang='grc' dir='ltr'><strong>ΙΞΙθ</strong></span> 
     </span>
    </p>
   </div>
   <div class='ocr_carea' id='block_1_4' title="bbox 173 252 979 293">
    <p class='ocr_par' dir='ltr' id='par_1_4' title="bbox 173 252 964 289">
     <span class='ocr_line' id='line_1_4' title="bbox 173 252 964 289; baseline 0.006 -11"><span class='ocrx_word' id='word_1_11' title='bbox 173 252 221 279; x_wconf 74' lang='grc' dir='ltr'>καὶ</span> <span class='ocrx_word' id='word_1_12' title='bbox 246 254 452 289; x_wconf 76' lang='grc' dir='ltr'>παραρῤιφεῖσα</span> <span class='ocrx_word' id='word_1_13' title='bbox 471 254 516 282; x_wconf 83' lang='grc' dir='ltr'><strong>διὰ</strong></span> <span class='ocrx_word' id='word_1_14' title='bbox 532 255 563 282; x_wconf 77' lang='grc' dir='ltr'><strong>τὸ</strong></span> <span class='ocrx_word' id='word_1_15' title='bbox 578 255 711 288; x_wconf 81' lang='grc' dir='ltr'>ἀσθενές·</span> <span class='ocrx_word' id='word_1_16' title='bbox 736 256 802 283; x_wconf 77' lang='grc' dir='ltr'>ἄλλο</span> <span class='ocrx_word' id='word_1_17' title='bbox 828 257 856 283; x_wconf 75' lang='grc' dir='ltr'>δὲ</span> <span class='ocrx_word' id='word_1_18' title='bbox 890 256 964 283; x_wconf 78' lang='grc' dir='ltr'>οὐδὲν</span> 
     </span>
    </p>
   </div>
   <div class='ocr_carea' id='block_1_5' title="bbox 1020 252 1804 293">
    <p class='ocr_par' dir='ltr' id='par_1_5' title="bbox 1020 255 1804 293">
     <span class='ocr_line' id='line_1_5' title="bbox 1020 255 1804 293; baseline -0.003 -9"><span class='ocrx_word' id='word_1_19' title='bbox 1020 261 1122 292; x_wconf 86' lang='lat' dir='ltr'><strong>partem</strong></span> <span class='ocrx_word' id='word_1_20' title='bbox 1134 263 1250 290; x_wconf 85' lang='lat' dir='ltr'><strong>secreta,</strong></span> <span class='ocrx_word' id='word_1_21' title='bbox 1268 258 1353 286; x_wconf 85' lang='lat' dir='ltr'><strong>altera</strong></span> <span class='ocrx_word' id='word_1_22' title='bbox 1367 265 1480 293; x_wconf 85' lang='lat' dir='ltr'><strong>prorsus</strong></span> <span class='ocrx_word' id='word_1_23' title='bbox 1498 257 1581 285; x_wconf 87' lang='lat' dir='ltr'><strong>etiam</strong></span> <span class='ocrx_word' id='word_1_24' title='bbox 1599 256 1634 284; x_wconf 91' lang='lat' dir='ltr'><strong>ob</strong></span> <span class='ocrx_word' id='word_1_25' title='bbox 1650 255 1736 290; x_wconf 81' lang='lat' dir='ltr'><strong>ipsius</strong></span> <span class='ocrx_word' id='word_1_26' title='bbox 1753 256 1804 282; x_wconf 66' lang='lat' dir='ltr'><strong>imo</strong></span> 
     </span>
    </p>
   </div>
   <div class='ocr_carea' id='block_1_6' title="bbox 173 298 963 338">
    <p class='ocr_par' dir='ltr' id='par_1_6' title="bbox 173 298 963 338">
     <span class='ocr_line' id='line_1_6' title="bbox 173 298 963 338; baseline 0.006 -14"><span class='ocrx_word' id='word_1_27' title='bbox 173 298 327 334; x_wconf 74' lang='grc' dir='ltr'><strong>παρελύπει</strong></span> <span class='ocrx_word' id='word_1_28' title='bbox 336 299 385 335; x_wconf 78' lang='grc' dir='ltr'>τὴν</span> <span class='ocrx_word' id='word_1_29' title='bbox 407 300 580 336; x_wconf 83' lang='grc' dir='ltr'>Ἐκκλησίαν.</span> <span class='ocrx_word' id='word_1_30' title='bbox 599 303 629 329; x_wconf 74' lang='lat' dir='ltr'><strong>OE</strong></span> <span class='ocrx_word' id='word_1_31' title='bbox 642 303 696 338; x_wconf 79' lang='grc' dir='ltr'>γὰρ</span> <span class='ocrx_word' id='word_1_32' title='bbox 708 302 821 338; x_wconf 70' lang='grc' dir='ltr'>διωγμοὶ</span> <span class='ocrx_word' id='word_1_33' title='bbox 833 303 880 329; x_wconf 81' lang='grc' dir='ltr'><strong>καὶ</strong></span> <span class='ocrx_word' id='word_1_34' title='bbox 893 302 963 338; x_wconf 85' lang='grc' dir='ltr'>λαμ-</span> 
     </span>
    </p>
   </div>
   <div class='ocr_carea' id='block_1_7' title="bbox 173 345 963 381">
    <p class='ocr_par' dir='ltr' id='par_1_7' title="bbox 173 345 963 381">
     <span class='ocr_line' id='line_1_7' title="bbox 173 345 963 381; baseline 0.008 -11"><span class='ocrx_word' id='word_1_35' title='bbox 173 345 310 380; x_wconf 81' lang='grc' dir='ltr'><strong>προτέραν</strong></span> <span class='ocrx_word' id='word_1_36' title='bbox 323 346 408 381; x_wconf 84' lang='grc' dir='ltr'>αὺτὴν</span> <span class='ocrx_word' id='word_1_37' title='bbox 422 347 530 374; x_wconf 75' lang='grc' dir='ltr'><strong>ἐποίουν</strong></span> <span class='ocrx_word' id='word_1_38' title='bbox 543 350 600 380; x_wconf 89' lang='grc' dir='ltr'>τοῖς</span> <span class='ocrx_word' id='word_1_39' title='bbox 611 348 735 376; x_wconf 80' lang='grc' dir='ltr'><strong>πάθεσιν.</strong></span> <span class='ocrx_word' id='word_1_40' title='bbox 757 350 794 376; x_wconf 78' lang='grc' dir='ltr'><strong>Οὐ</strong></span> <span class='ocrx_word' id='word_1_41' title='bbox 806 348 873 376; x_wconf 84' lang='grc' dir='ltr'>πολὺ</span> <span class='ocrx_word' id='word_1_42' title='bbox 884 349 916 376; x_wconf 79' lang='grc' dir='ltr'>τὸ</span> <span class='ocrx_word' id='word_1_43' title='bbox 933 349 963 376; x_wconf 79' lang='grc' dir='ltr'>ἐν</span> 
     </span>
    </p>
   </div>
   <div class='ocr_carea' id='block_1_8' title="bbox 175 391 964 431">
    <p class='ocr_par' dir='ltr' id='par_1_8' title="bbox 175 391 964 431">
     <span class='ocr_line' id='line_1_8' title="bbox 175 391 964 431; baseline 0.008 -15"><span class='ocrx_word' id='word_1_44' title='bbox 175 391 260 426; x_wconf 82' lang='grc' dir='ltr'>μέσῳ,</span> <span class='ocrx_word' id='word_1_45' title='bbox 273 391 321 418; x_wconf 82' lang='grc' dir='ltr'>καὶ</span> <span class='ocrx_word' id='word_1_46' title='bbox 335 391 448 428; x_wconf 76' lang='grc' dir='ltr'>δευτέρα</span> <span class='ocrx_word' id='word_1_47' title='bbox 460 392 528 429; x_wconf 75' lang='grc' dir='ltr'>ζάλη</span> <span class='ocrx_word' id='word_1_48' title='bbox 538 394 610 420; x_wconf 86' lang='grc' dir='ltr'>κατὰ</span> <span class='ocrx_word' id='word_1_49' title='bbox 620 394 670 429; x_wconf 84' lang='grc' dir='ltr'>τῆς</span> <span class='ocrx_word' id='word_1_50' title='bbox 686 395 848 430; x_wconf 80' lang='grc' dir='ltr'>Ἐκκλησίας</span> <span class='ocrx_word' id='word_1_51' title='bbox 860 395 964 431; x_wconf 77' lang='grc' dir='ltr'>ἐγείρε-</span> 
     </span>
    </p>
   </div>
   <div class='ocr_carea' id='block_1_9' title="bbox 173 435 963 476">
    <p class='ocr_par' dir='ltr' id='par_1_9' title="bbox 173 435 963 476">
     <span class='ocr_line' id='line_1_9' title="bbox 173 435 963 476; baseline 0.008 -15"><span class='ocrx_word' id='word_1_52' title='bbox 173 443 229 466; x_wconf 80' lang='grc' dir='ltr'>ται,</span> <span class='ocrx_word' id='word_1_53' title='bbox 240 435 357 471; x_wconf 62' lang='grc' dir='ltr'>ὢτυφὼν</span> <span class='ocrx_word' id='word_1_54' title='bbox 371 437 420 472; x_wconf 86' lang='grc' dir='ltr'><strong>τῆς</strong></span> <span class='ocrx_word' id='word_1_55' title='bbox 435 437 550 471; x_wconf 83' lang='grc' dir='ltr'>ἀδικίας,</span> <span class='ocrx_word' id='word_1_56' title='bbox 570 440 601 466; x_wconf 83' lang='grc' dir='ltr'>τὸ</span> <span class='ocrx_word' id='word_1_57' title='bbox 617 439 753 476; x_wconf 79' lang='grc' dir='ltr'>πλήρωμα</span> <span class='ocrx_word' id='word_1_58' title='bbox 763 441 812 476; x_wconf 81' lang='grc' dir='ltr'>τῆς</span> <span class='ocrx_word' id='word_1_59' title='bbox 826 441 963 473; x_wconf 83' lang='grc' dir='ltr'>ἀσεϐείας,</span> 
     </span>
    </p>
   </div>
   <div class='ocr_carea' id='block_1_10' title="bbox 173 481 965 522">
    <p class='ocr_par' dir='ltr' id='par_1_10' title="bbox 173 481 965 522">
     <span class='ocr_line' id='line_1_10' title="bbox 173 481 965 522; baseline 0.008 -15"><span class='ocrx_word' id='word_1_60' title='bbox 173 481 301 514; x_wconf 74' lang='grc' dir='ltr'>ὀλεγεὼν</span> <span class='ocrx_word' id='word_1_61' title='bbox 322 483 376 510; x_wconf 83' lang='grc' dir='ltr'>τῶν</span> <span class='ocrx_word' id='word_1_62' title='bbox 404 485 576 520; x_wconf 83' lang='grc' dir='ltr'><strong>πνευμάτων,</strong></span> <span class='ocrx_word' id='word_1_63' title='bbox 595 486 796 522; x_wconf 79' lang='grc' dir='ltr'>ἡὰντίχριστος</span> <span class='ocrx_word' id='word_1_64' title='bbox 815 486 935 521; x_wconf 82' lang='grc' dir='ltr'>γλῶσσα,</span> <span class='ocrx_word' id='word_1_65' title='bbox 951 487 965 513; x_wconf 83' lang='grc' dir='ltr'><strong><em>ὁ</em></strong></span> 
     </span>
    </p>
   </div>
   <div class='ocr_carea' id='block_1_11' title="bbox 174 526 965 567">
    <p class='ocr_par' dir='ltr' id='par_1_11' title="bbox 174 526 965 567">
     <span class='ocr_line' id='line_1_11' title="bbox 174 526 965 567; baseline 0.005 -14"><span class='ocrx_word' id='word_1_66' title='bbox 174 526 282 555; x_wconf 78' lang='grc' dir='ltr'>ἀδικίαν</span> <span class='ocrx_word' id='word_1_67' title='bbox 298 529 338 560; x_wconf 81' lang='grc' dir='ltr'><strong>είς</strong></span> <span class='ocrx_word' id='word_1_68' title='bbox 357 528 388 556; x_wconf 82' lang='grc' dir='ltr'>τὸ</span> <span class='ocrx_word' id='word_1_69' title='bbox 403 529 469 564; x_wconf 74' lang='grc' dir='ltr'>ὕψος</span> <span class='ocrx_word' id='word_1_70' title='bbox 494 529 613 562; x_wconf 74' lang='grc' dir='ltr'>λαλήσας</span> <span class='ocrx_word' id='word_1_71' title='bbox 629 531 702 563; x_wconf 83' lang='grc' dir='ltr'>νοῦς,</span> <span class='ocrx_word' id='word_1_72' title='bbox 726 532 741 566; x_wconf 83' lang='grc' dir='ltr'><strong>ἠ</strong></span> <span class='ocrx_word' id='word_1_73' title='bbox 756 532 898 567; x_wconf 80' lang='grc' dir='ltr'>κατατομὴ</span> <span class='ocrx_word' id='word_1_74' title='bbox 915 531 965 566; x_wconf 83' lang='grc' dir='ltr'>τῆς</span> 
     </span>
    </p>
   </div>
   <div class='ocr_carea' id='block_1_12' title="bbox 175 572 964 613">
    <p class='ocr_par' dir='ltr' id='par_1_12' title="bbox 175 572 964 613">
     <span class='ocr_line' id='line_1_12' title="bbox 175 572 964 613; baseline 0.005 -13"><span class='ocrx_word' id='word_1_75' title='bbox 175 573 301 610; x_wconf 83' lang='grc' dir='ltr'><strong>θεότητος</strong></span> <span class='ocrx_word' id='word_1_76' title='bbox 311 583 318 590; x_wconf 89' lang='grc'>·</span> <span class='ocrx_word' id='word_1_77' title='bbox 334 572 365 601; x_wconf 77' lang='grc' dir='ltr'><strong>οὒ</strong></span> <span class='ocrx_word' id='word_1_78' title='bbox 377 575 449 612; x_wconf 85' lang='grc' dir='ltr'>δεινὴ</span> <span class='ocrx_word' id='word_1_79' title='bbox 467 576 516 611; x_wconf 82' lang='grc' dir='ltr'>μὲν</span> <span class='ocrx_word' id='word_1_80' title='bbox 534 577 551 612; x_wconf 80' lang='grc' dir='ltr'>ἡ</span> <span class='ocrx_word' id='word_1_81' title='bbox 565 577 732 613; x_wconf 81' lang='grc' dir='ltr'>ἑγχείρησις,</span> <span class='ocrx_word' id='word_1_82' title='bbox 754 578 890 613; x_wconf 75' lang='grc' dir='ltr'>δεινοτέρα</span> <span class='ocrx_word' id='word_1_83' title='bbox 905 577 933 604; x_wconf 77' lang='grc' dir='ltr'>δὲ</span> <span class='ocrx_word' id='word_1_84' title='bbox 948 578 964 613; x_wconf 86' lang='grc' dir='ltr'>ἡ</span> 
     </span>
    </p>
   </div>
   <div class='ocr_carea' id='block_1_13' title="bbox 173 620 966 660">
    <p class='ocr_par' dir='ltr' id='par_1_13' title="bbox 173 620 966 660">
     <span class='ocr_line' id='line_1_13' title="bbox 173 620 966 660; baseline 0.006 -14"><span class='ocrx_word' id='word_1_85' title='bbox 173 620 296 656; x_wconf 84' lang='grc' dir='ltr'>τελευτὴ,</span> <span class='ocrx_word' id='word_1_86' title='bbox 326 621 375 648; x_wconf 76' lang='grc' dir='ltr'>καὶ</span> <span class='ocrx_word' id='word_1_87' title='bbox 399 623 448 658; x_wconf 79' lang='grc' dir='ltr'>τῆς</span> <span class='ocrx_word' id='word_1_88' title='bbox 477 622 532 658; x_wconf 77' lang='grc'>(27)</span> <span class='ocrx_word' id='word_1_89' title='bbox 557 623 641 649; x_wconf 81' lang='grc' dir='ltr'>Ἰούδα</span> <span class='ocrx_word' id='word_1_90' title='bbox 667 623 811 658; x_wconf 80' lang='grc' dir='ltr'>προδοσίας</span> <span class='ocrx_word' id='word_1_91' title='bbox 838 623 912 656; x_wconf 80' lang='grc' dir='ltr'>ἀξία,</span> <span class='ocrx_word' id='word_1_92' title='bbox 932 624 966 660; x_wconf 81' lang='grc' dir='ltr'>ἢν</span> 
     </span>
    </p>
   </div>
   <div class='ocr_carea' id='block_1_14' title="bbox 174 667 964 705">
    <p class='ocr_par' dir='ltr' id='par_1_14' title="bbox 174 667 964 705">
     <span class='ocr_line' id='line_1_14' title="bbox 174 667 964 705; baseline 0.004 -12"><span class='ocrx_word' id='word_1_93' title='bbox 174 667 278 699; x_wconf 73' lang='grc' dir='ltr'>ἐκεῖνος</span> <span class='ocrx_word' id='word_1_94' title='bbox 289 667 359 694; x_wconf 81' lang='grc' dir='ltr'>κατὰ</span> <span class='ocrx_word' id='word_1_95' title='bbox 371 668 418 694; x_wconf 82' lang='grc' dir='ltr'><strong>τοῦ</strong></span> <span class='ocrx_word' id='word_1_96' title='bbox 435 669 560 705; x_wconf 85' lang='grc' dir='ltr'><strong>Σωτῆρος</strong></span> <span class='ocrx_word' id='word_1_97' title='bbox 573 669 651 705; x_wconf 80' lang='grc' dir='ltr'>ἡμῶν</span> <span class='ocrx_word' id='word_1_98' title='bbox 665 670 825 705; x_wconf 76' lang='grc' dir='ltr'>ἐτόλμησεν,</span> <span class='ocrx_word' id='word_1_99' title='bbox 844 671 964 705; x_wconf 71' lang='grc' dir='ltr'>Ἄρειος,</span> 
     </span>
    </p>
   </div>
   <div class='ocr_carea' id='block_1_15' title="bbox 174 713 965 751">
    <p class='ocr_par' dir='ltr' id='par_1_15' title="bbox 174 713 965 751">
     <span class='ocr_line' id='line_1_15' title="bbox 174 713 965 751; baseline 0.004 -11"><span class='ocrx_word' id='word_1_100' title='bbox 174 714 189 740; x_wconf 86' lang='grc' dir='ltr'>ὁ</span> <span class='ocrx_word' id='word_1_101' title='bbox 205 713 295 745; x_wconf 81' lang='grc' dir='ltr'>καλῶς</span> <span class='ocrx_word' id='word_1_102' title='bbox 319 714 388 749; x_wconf 78' lang='grc' dir='ltr'>μετὰ</span> <span class='ocrx_word' id='word_1_103' title='bbox 410 714 461 750; x_wconf 73' lang='grc' dir='ltr'>τῆς</span> <span class='ocrx_word' id='word_1_104' title='bbox 483 716 581 750; x_wconf 85' lang='grc' dir='ltr'>μανίας</span> <span class='ocrx_word' id='word_1_105' title='bbox 594 715 802 751; x_wconf 77' lang='grc' dir='ltr'><strong>ὀνομαζόμενος.</strong></span> <span class='ocrx_word' id='word_1_106' title='bbox 818 713 900 748; x_wconf 68' lang='grc' dir='ltr'>Οὗτος</span> <span class='ocrx_word' id='word_1_107' title='bbox 913 716 965 743; x_wconf 79' lang='grc' dir='ltr'><strong>ἀπὸ</strong></span> 
     </span>
    </p>
   </div>
   <div class='ocr_carea' id='block_1_16' title="bbox 173 759 966 797">
    <p class='ocr_par' dir='ltr' id='par_1_16' title="bbox 173 759 966 797">
     <span class='ocr_line' id='line_1_16' title="bbox 173 759 966 797; baseline 0.006 -12"><span class='ocrx_word' id='word_1_108' title='bbox 173 759 223 794; x_wconf 83' lang='grc' dir='ltr'>τῆς</span> <span class='ocrx_word' id='word_1_109' title='bbox 243 759 440 796; x_wconf 76' lang='grc' dir='ltr'>Ἀλεξανδρέων</span> <span class='ocrx_word' id='word_1_110' title='bbox 452 760 604 797; x_wconf 77' lang='grc' dir='ltr'>ἀρξάμενος</span> <span class='ocrx_word' id='word_1_111' title='bbox 619 761 733 794; x_wconf 84' lang='grc' dir='ltr'>πόλεως,</span> <span class='ocrx_word' id='word_1_112' title='bbox 745 762 826 789; x_wconf 80' lang='grc' dir='ltr'>κάκεῖ</span> <span class='ocrx_word' id='word_1_113' title='bbox 838 762 868 789; x_wconf 75' lang='grc' dir='ltr'>τὸ</span> <span class='ocrx_word' id='word_1_114' title='bbox 882 763 966 790; x_wconf 77' lang='grc' dir='ltr'>δεινὸν</span> 
     </span>
    </p>
   </div>
   <div class='ocr_carea' id='block_1_17' title="bbox 175 805 964 844">
    <p class='ocr_par' dir='ltr' id='par_1_17' title="bbox 175 805 964 844">
     <span class='ocr_line' id='line_1_17' title="bbox 175 805 964 844; baseline 0.004 -12"><span class='ocrx_word' id='word_1_115' title='bbox 175 805 361 842; x_wconf 78' lang='grc' dir='ltr'><strong>ἐκμελετήσας</strong></span> <span class='ocrx_word' id='word_1_116' title='bbox 383 806 451 843; x_wconf 78' lang='lat'><strong>(28),</strong></span> <span class='ocrx_word' id='word_1_117' title='bbox 475 807 580 840; x_wconf 75' lang='grc' dir='ltr'>ἔπειτα,</span> <span class='ocrx_word' id='word_1_118' title='bbox 609 807 703 844; x_wconf 80' lang='grc' dir='ltr'>ὥσπερ</span> <span class='ocrx_word' id='word_1_119' title='bbox 719 816 761 839; x_wconf 87' lang='grc' dir='ltr'><strong>τις</strong></span> <span class='ocrx_word' id='word_1_120' title='bbox 774 807 859 844; x_wconf 82' lang='grc' dir='ltr'>ἀγρία</span> <span class='ocrx_word' id='word_1_121' title='bbox 889 808 964 843; x_wconf 78' lang='grc' dir='ltr'>φλὸξ,</span> 
     </span>
    </p>
   </div>
   <div class='ocr_carea' id='block_1_18' title="bbox 174 852 966 891">
    <p class='ocr_par' dir='ltr' id='par_1_18' title="bbox 174 852 966 891">
     <span class='ocr_line' id='line_1_18' title="bbox 174 852 966 891; baseline 0.005 -13"><span class='ocrx_word' id='word_1_122' title='bbox 174 852 230 878; x_wconf 82' lang='grc' dir='ltr'><strong>ἀπὸ</strong></span> <span class='ocrx_word' id='word_1_123' title='bbox 243 852 342 888; x_wconf 81' lang='grc' dir='ltr'>μικροῦ</span> <span class='ocrx_word' id='word_1_124' title='bbox 357 852 404 880; x_wconf 78' lang='grc' dir='ltr'><strong>τοῦ</strong></span> <span class='ocrx_word' id='word_1_125' title='bbox 421 853 570 889; x_wconf 79' lang='grc' dir='ltr'>σπινθῆρος</span> <span class='ocrx_word' id='word_1_126' title='bbox 587 854 619 880; x_wconf 82' lang='grc' dir='ltr'>τὸ</span> <span class='ocrx_word' id='word_1_127' title='bbox 633 854 700 881; x_wconf 85' lang='grc' dir='ltr'>πολὺ</span> <span class='ocrx_word' id='word_1_128' title='bbox 724 855 774 890; x_wconf 85' lang='grc' dir='ltr'><strong>τῆς</strong></span> <span class='ocrx_word' id='word_1_129' title='bbox 801 855 966 891; x_wconf 75' lang='grc' dir='ltr'>οἰκουμένης</span> 
     </span>
    </p>
   </div>
   <div class='ocr_carea' id='block_1_19' title="bbox 174 897 966 935">
    <p class='ocr_par' dir='ltr' id='par_1_19' title="bbox 174 897 966 935">
     <span class='ocr_line' id='line_1_19' title="bbox 174 897 966 935; baseline 0.006 -12"><span class='ocrx_word' id='word_1_130' title='bbox 174 897 343 934; x_wconf 72' lang='grc' dir='ltr'>ἐπιδραμὼν,</span> <span class='ocrx_word' id='word_1_131' title='bbox 363 898 416 925; x_wconf 80' lang='grc' dir='ltr'>ὑπὸ</span> <span class='ocrx_word' id='word_1_132' title='bbox 428 899 483 926; x_wconf 84' lang='grc' dir='ltr'><strong>τῶν</strong></span> <span class='ocrx_word' id='word_1_133' title='bbox 497 900 626 935; x_wconf 79' lang='grc' dir='ltr'>Πατὲρων</span> <span class='ocrx_word' id='word_1_134' title='bbox 637 899 714 935; x_wconf 81' lang='grc' dir='ltr'>ἡμῶν</span> <span class='ocrx_word' id='word_1_135' title='bbox 726 900 901 934; x_wconf 75' lang='grc' dir='ltr'><strong>καταλύεται,</strong></span> <span class='ocrx_word' id='word_1_136' title='bbox 920 902 966 928; x_wconf 77' lang='grc' dir='ltr'>καὶ</span> 
     </span>
    </p>
   </div>
   <div class='ocr_carea' id='block_1_20' title="bbox 173 943 966 983">
    <p class='ocr_par' dir='ltr' id='par_1_20' title="bbox 173 943 966 983">
     <span class='ocr_line' id='line_1_20' title="bbox 173 943 966 983; baseline 0.005 -13"><span class='ocrx_word' id='word_1_137' title='bbox 173 943 221 971; x_wconf 82' lang='grc' dir='ltr'><strong>τοῦ</strong></span> <span class='ocrx_word' id='word_1_138' title='bbox 240 944 367 977; x_wconf 80' lang='grc' dir='ltr'>εὐσεϐοῦς</span> <span class='ocrx_word' id='word_1_139' title='bbox 395 944 511 981; x_wconf 82' lang='grc' dir='ltr'>ἀριθμοῦ</span> <span class='ocrx_word' id='word_1_140' title='bbox 535 945 582 972; x_wconf 82' lang='grc' dir='ltr'><strong>τοῦ</strong></span> <span class='ocrx_word' id='word_1_141' title='bbox 613 945 673 972; x_wconf 88' lang='grc' dir='ltr'>τότε</span> <span class='ocrx_word' id='word_1_142' title='bbox 692 946 890 979; x_wconf 86' lang='grc' dir='ltr'>καταλαϐόντος</span> <span class='ocrx_word' id='word_1_143' title='bbox 917 947 966 983; x_wconf 83' lang='grc' dir='ltr'>τὴν</span> 
     </span>
    </p>
   </div>
   <div class='ocr_carea' id='block_1_21' title="bbox 173 991 967 1029">
    <p class='ocr_par' dir='ltr' id='par_1_21' title="bbox 173 991 967 1029">
     <span class='ocr_line' id='line_1_21' title="bbox 173 991 967 1029; baseline 0.004 -12"><span class='ocrx_word' id='word_1_144' title='bbox 173 991 303 1024; x_wconf 79' lang='grc' dir='ltr'>Νίκαιαν,</span> <span class='ocrx_word' id='word_1_145' title='bbox 320 991 368 1018; x_wconf 73' lang='grc' dir='ltr'>καὶ</span> <span class='ocrx_word' id='word_1_146' title='bbox 388 992 454 1018; x_wconf 80' lang='grc' dir='ltr'>εἴσω</span> <span class='ocrx_word' id='word_1_147' title='bbox 468 991 663 1028; x_wconf 82' lang='grc' dir='ltr'>περιγραπτῶν</span> <span class='ocrx_word' id='word_1_148' title='bbox 683 993 753 1028; x_wconf 83' lang='grc' dir='ltr'>ὅρων</span> <span class='ocrx_word' id='word_1_149' title='bbox 770 1001 800 1019; x_wconf 83' lang='grc' dir='ltr'><strong>τε</strong></span> <span class='ocrx_word' id='word_1_150' title='bbox 814 993 862 1020; x_wconf 79' lang='grc' dir='ltr'>καὶ</span> <span class='ocrx_word' id='word_1_151' title='bbox 877 993 967 1029; x_wconf 76' lang='grc' dir='ltr'>ῥημά-</span> 
     </span>
    </p>
   </div>
   <div class='ocr_carea' id='block_1_22' title="bbox 173 1037 613 1074">
    <p class='ocr_par' dir='ltr' id='par_1_22' title="bbox 173 1037 613 1074">
     <span class='ocr_line' id='line_1_22' title="bbox 173 1037 613 1074; baseline 0.005 -10"><span class='ocrx_word' id='word_1_152' title='bbox 173 1045 227 1064; x_wconf 73' lang='grc' dir='ltr'><strong>των</strong></span> <span class='ocrx_word' id='word_1_153' title='bbox 237 1037 286 1072; x_wconf 83' lang='grc' dir='ltr'>τὴν</span> <span class='ocrx_word' id='word_1_154' title='bbox 300 1037 439 1072; x_wconf 80' lang='grc' dir='ltr'>θεολογίαν</span> <span class='ocrx_word' id='word_1_155' title='bbox 454 1039 613 1074; x_wconf 81' lang='grc' dir='ltr'>στήσαντος.</span> 
     </span>
    </p>
   </div>
   <div class='ocr_carea' id='block_1_23' title="bbox 1020 302 1804 339">
    <p class='ocr_par' dir='ltr' id='par_1_23' title="bbox 1020 302 1804 339">
     <span class='ocr_line' id='line_1_23' title="bbox 1020 302 1804 339; baseline -0.003 -9"><span class='ocrx_word' id='word_1_156' title='bbox 1020 303 1196 331; x_wconf 80' lang='lat' dir='ltr'><strong>becillitalem</strong></span> <span class='ocrx_word' id='word_1_157' title='bbox 1223 309 1376 339; x_wconf 86' lang='lat' dir='ltr'><strong>contempla</strong></span> <span class='ocrx_word' id='word_1_158' title='bbox 1404 307 1486 338; x_wconf 87' lang='lat' dir='ltr'><strong>atque</strong></span> <span class='ocrx_word' id='word_1_159' title='bbox 1508 303 1638 338; x_wconf 71' lang='lat' dir='ltr'><strong>proiecta.</strong></span> <span class='ocrx_word' id='word_1_160' title='bbox 1670 302 1725 330; x_wconf 86' lang='lat' dir='ltr'><strong>Nec</strong></span> <span class='ocrx_word' id='word_1_161' title='bbox 1740 309 1804 329; x_wconf 90' lang='lat' dir='ltr'><strong>vero</strong></span> 
     </span>
    </p>
   </div>
   <div class='ocr_carea' id='block_1_24' title="bbox 1017 347 1803 384">
    <p class='ocr_par' dir='ltr' id='par_1_24' title="bbox 1017 347 1803 384">
     <span class='ocr_line' id='line_1_24' title="bbox 1017 347 1803 384; baseline -0.003 -8"><span class='ocrx_word' id='word_1_162' title='bbox 1017 349 1165 384; x_wconf 86' lang='lat' dir='ltr'><strong>quidquam</strong></span> <span class='ocrx_word' id='word_1_163' title='bbox 1183 349 1253 376; x_wconf 80' lang='lat' dir='ltr'><strong>aliud</strong></span> <span class='ocrx_word' id='word_1_164' title='bbox 1266 349 1396 377; x_wconf 69' lang='lat' dir='ltr'><strong>Ecclesia:</strong></span> <span class='ocrx_word' id='word_1_165' title='bbox 1408 349 1558 376; x_wconf 87' lang='lat' dir='ltr'><strong>molestiam</strong></span> <span class='ocrx_word' id='word_1_166' title='bbox 1573 348 1726 376; x_wconf 89' lang='lat' dir='ltr'><strong>exhibebat.</strong></span> <span class='ocrx_word' id='word_1_167' title='bbox 1737 347 1803 374; x_wconf 82' lang='lat' dir='ltr'><strong>Nam</strong></span> 
     </span>
    </p>
   </div>
   <div class='ocr_carea' id='block_1_25' title="bbox 1017 393 1804 430">
    <p class='ocr_par' dir='ltr' id='par_1_25' title="bbox 1017 393 1804 430">
     <span class='ocr_line' id='line_1_25' title="bbox 1017 393 1804 430; baseline -0.003 -8"><span class='ocrx_word' id='word_1_168' title='bbox 1017 395 1223 430; x_wconf 75' lang='lat' dir='ltr'><strong>persecutiones</strong></span> <span class='ocrx_word' id='word_1_169' title='bbox 1243 395 1419 422; x_wconf 80' lang='lat' dir='ltr'><strong>illustriorem</strong></span> <span class='ocrx_word' id='word_1_170' title='bbox 1451 401 1559 430; x_wconf 88' lang='lat' dir='ltr'><strong>quoque</strong></span> <span class='ocrx_word' id='word_1_171' title='bbox 1584 394 1670 429; x_wconf 80' lang='lat' dir='ltr'><strong>ipsam</strong></span> <span class='ocrx_word' id='word_1_172' title='bbox 1687 393 1804 428; x_wconf 86' lang='lat' dir='ltr'><strong>splendi-</strong></span> 
     </span>
    </p>
   </div>
   <div class='ocr_carea' id='block_1_26' title="bbox 1017 439 1803 476">
    <p class='ocr_par' dir='ltr' id='par_1_26' title="bbox 1017 439 1803 476">
     <span class='ocr_line' id='line_1_26' title="bbox 1017 439 1803 476; baseline -0.004 -7"><span class='ocrx_word' id='word_1_173' title='bbox 1017 442 1176 476; x_wconf 89' lang='lat' dir='ltr'><strong>dioremque</strong></span> <span class='ocrx_word' id='word_1_174' title='bbox 1194 449 1242 476; x_wconf 88' lang='lat' dir='ltr'><strong>per</strong></span> <span class='ocrx_word' id='word_1_175' title='bbox 1271 441 1403 476; x_wconf 87' lang='lat' dir='ltr'><strong>supplicia</strong></span> <span class='ocrx_word' id='word_1_176' title='bbox 1435 441 1592 468; x_wconf 83' lang='lat' dir='ltr'><strong>reddebam.</strong></span> <span class='ocrx_word' id='word_1_177' title='bbox 1617 440 1676 467; x_wconf 79' lang='lat' dir='ltr'><strong>Non</strong></span> <span class='ocrx_word' id='word_1_178' title='bbox 1691 439 1803 466; x_wconf 88' lang='lat' dir='ltr'><strong>multum</strong></span> 
     </span>
    </p>
   </div>
   <div class='ocr_carea' id='block_1_27' title="bbox 1017 487 1804 522">
    <p class='ocr_par' dir='ltr' id='par_1_27' title="bbox 1017 487 1804 522">
     <span class='ocr_line' id='line_1_27' title="bbox 1017 487 1804 522; baseline -0.001 -8"><span class='ocrx_word' id='word_1_179' title='bbox 1017 493 1106 515; x_wconf 90' lang='lat' dir='ltr'><strong>autem</strong></span> <span class='ocrx_word' id='word_1_180' title='bbox 1125 488 1254 522; x_wconf 84' lang='lat' dir='ltr'><strong>temporis</strong></span> <span class='ocrx_word' id='word_1_181' title='bbox 1287 487 1450 519; x_wconf 88' lang='lat' dir='ltr'><strong>intercessit,</strong></span> <span class='ocrx_word' id='word_1_182' title='bbox 1469 494 1531 514; x_wconf 90' lang='lat' dir='ltr'><strong>cum</strong></span> <span class='ocrx_word' id='word_1_183' title='bbox 1558 487 1641 513; x_wconf 88' lang='lat' dir='ltr'><strong>altera</strong></span> <span class='ocrx_word' id='word_1_184' title='bbox 1658 490 1804 520; x_wconf 81' lang='lat' dir='ltr'><strong>tempestas</strong></span> 
     </span>
    </p>
   </div>
   <div class='ocr_carea' id='block_1_28' title="bbox 1016 530 1804 565">
    <p class='ocr_par' dir='ltr' id='par_1_28' title="bbox 1016 530 1804 565">
     <span class='ocr_line' id='line_1_28' title="bbox 1016 530 1804 565; baseline -0.004 -4"><span class='ocrx_word' id='word_1_185' title='bbox 1016 535 1149 561; x_wconf 85' lang='lat' dir='ltr'><strong>adversus</strong></span> <span class='ocrx_word' id='word_1_186' title='bbox 1163 533 1314 560; x_wconf 86' lang='lat' dir='ltr'><strong>Ecclesiam</strong></span> <span class='ocrx_word' id='word_1_187' title='bbox 1332 533 1481 565; x_wconf 72' lang='lat' dir='ltr'><strong>excitatur,</strong></span> <span class='ocrx_word' id='word_1_188' title='bbox 1498 533 1523 559; x_wconf 88' lang='lat' dir='ltr'><strong>id</strong></span> <span class='ocrx_word' id='word_1_189' title='bbox 1539 537 1591 564; x_wconf 90' lang='lat' dir='ltr'><strong>est,</strong></span> <span class='ocrx_word' id='word_1_190' title='bbox 1609 530 1804 564; x_wconf 69' lang='lat' dir='ltr'><strong>iileinjuslitim</strong></span> 
     </span>
    </p>
   </div>
   <div class='ocr_carea' id='block_1_29' title="bbox 1017 577 1806 613">
    <p class='ocr_par' dir='ltr' id='par_1_29' title="bbox 1017 577 1806 613">
     <span class='ocr_line' id='line_1_29' title="bbox 1017 577 1806 613; baseline -0.003 -7"><span class='ocrx_word' id='word_1_191' title='bbox 1017 580 1107 613; x_wconf 89' lang='lat' dir='ltr'><strong>tttrbo,</strong></span> <span class='ocrx_word' id='word_1_192' title='bbox 1123 579 1188 606; x_wconf 87' lang='lat' dir='ltr'><strong>illttd</strong></span> <span class='ocrx_word' id='word_1_193' title='bbox 1220 579 1369 613; x_wconf 76' lang='lat' dir='ltr'><strong>impietatis</strong></span> <span class='ocrx_word' id='word_1_194' title='bbox 1396 578 1642 613; x_wconf 79' lang='lat' dir='ltr'><strong>complementum,</strong></span> <span class='ocrx_word' id='word_1_195' title='bbox 1661 577 1706 604; x_wconf 91' lang='lat' dir='ltr'><strong>illa</strong></span> <span class='ocrx_word' id='word_1_196' title='bbox 1726 577 1806 611; x_wconf 86' lang='lat' dir='ltr'><strong>spiri—</strong></span> 
     </span>
    </p>
   </div>
   <div class='ocr_carea' id='block_1_30' title="bbox 1017 624 1803 661">
    <p class='ocr_par' dir='ltr' id='par_1_30' title="bbox 1017 624 1803 661">
     <span class='ocr_line' id='line_1_30' title="bbox 1017 624 1803 661; baseline -0.004 -8"><span class='ocrx_word' id='word_1_197' title='bbox 1017 631 1092 653; x_wconf 89' lang='lat' dir='ltr'><strong>tuum</strong></span> <span class='ocrx_word' id='word_1_198' title='bbox 1111 626 1180 661; x_wconf 78' lang='lat' dir='ltr'><strong>legio</strong></span> <span class='ocrx_word' id='word_1_199' title='bbox 1195 625 1228 659; x_wconf 83' lang='lat'><strong>&quot;’,</strong></span> <span class='ocrx_word' id='word_1_200' title='bbox 1259 625 1302 652; x_wconf 93' lang='lat' dir='ltr'><strong>illa</strong></span> <span class='ocrx_word' id='word_1_201' title='bbox 1331 625 1432 653; x_wconf 86' lang='lat' dir='ltr'><strong>Christi</strong></span> <span class='ocrx_word' id='word_1_202' title='bbox 1464 625 1620 652; x_wconf 83' lang='lat' dir='ltr'><strong>adversaria</strong></span> <span class='ocrx_word' id='word_1_203' title='bbox 1635 625 1735 658; x_wconf 75' lang='lat' dir='ltr'><strong>lingua.</strong></span> <span class='ocrx_word' id='word_1_204' title='bbox 1758 624 1803 651; x_wconf 89' lang='lat' dir='ltr'><strong>illa</strong></span> 
     </span>
    </p>
   </div>
   <div class='ocr_carea' id='block_1_31' title="bbox 1016 668 1806 706">
    <p class='ocr_par' dir='ltr' id='par_1_31' title="bbox 1016 668 1806 706">
     <span class='ocr_line' id='line_1_31' title="bbox 1016 668 1806 706; baseline -0.003 -8"><span class='ocrx_word' id='word_1_205' title='bbox 1016 672 1187 706; x_wconf 88' lang='lat' dir='ltr'><strong>iniquitatem</strong></span> <span class='ocrx_word' id='word_1_206' title='bbox 1210 671 1236 698; x_wconf 92' lang='lat' dir='ltr'><strong>in</strong></span> <span class='ocrx_word' id='word_1_207' title='bbox 1257 670 1393 698; x_wconf 79' lang='lat' dir='ltr'><strong>excelsum</strong></span> <span class='ocrx_word' id='word_1_208' title='bbox 1412 670 1499 697; x_wconf 87' lang='lat' dir='ltr'><strong>locuta</strong></span> <span class='ocrx_word' id='word_1_209' title='bbox 1512 677 1587 697; x_wconf 86' lang='lat' dir='ltr'><strong>mens</strong></span> <span class='ocrx_word' id='word_1_210' title='bbox 1598 669 1631 703; x_wconf 67' lang='grc'><strong>⁵³,</strong></span> <span class='ocrx_word' id='word_1_211' title='bbox 1647 669 1691 697; x_wconf 89' lang='lat' dir='ltr'><strong>ille</strong></span> <span class='ocrx_word' id='word_1_212' title='bbox 1705 668 1806 697; x_wconf 71' lang='lat' dir='ltr'><strong>divitii~</strong></span> 
     </span>
    </p>
   </div>
   <div class='ocr_carea' id='block_1_32' title="bbox 1018 715 1806 751">
    <p class='ocr_par' dir='ltr' id='par_1_32' title="bbox 1018 715 1806 751">
     <span class='ocr_line' id='line_1_32' title="bbox 1018 715 1806 751; baseline -0.004 -6"><span class='ocrx_word' id='word_1_213' title='bbox 1018 718 1082 746; x_wconf 86' lang='lat' dir='ltr'><strong>tatis</strong></span> <span class='ocrx_word' id='word_1_214' title='bbox 1096 721 1197 750; x_wconf 77' lang='lat' dir='ltr'><strong>sector,</strong></span> <span class='ocrx_word' id='word_1_215' title='bbox 1213 716 1291 750; x_wconf 85' lang='lat' dir='ltr'><strong>cujus</strong></span> <span class='ocrx_word' id='word_1_216' title='bbox 1309 717 1399 751; x_wconf 82' lang='lat' dir='ltr'><strong>gravis</strong></span> <span class='ocrx_word' id='word_1_217' title='bbox 1413 716 1521 749; x_wconf 87' lang='lat' dir='ltr'><strong>quidem</strong></span> <span class='ocrx_word' id='word_1_218' title='bbox 1544 719 1571 742; x_wconf 91' lang='lat' dir='ltr'><strong>et</strong></span> <span class='ocrx_word' id='word_1_219' title='bbox 1590 715 1741 743; x_wconf 89' lang='lat' dir='ltr'><strong>horrendus</strong></span> <span class='ocrx_word' id='word_1_220' title='bbox 1757 723 1806 742; x_wconf 89' lang='lat' dir='ltr'><strong>co-</strong></span> 
     </span>
    </p>
   </div>
   <div class='ocr_carea' id='block_1_33' title="bbox 1019 762 1805 798">
    <p class='ocr_par' dir='ltr' id='par_1_33' title="bbox 1019 762 1805 798">
     <span class='ocr_line' id='line_1_33' title="bbox 1019 762 1805 798; baseline -0.003 -7"><span class='ocrx_word' id='word_1_221' title='bbox 1019 769 1108 796; x_wconf 87' lang='lat' dir='ltr'><strong>natus,</strong></span> <span class='ocrx_word' id='word_1_222' title='bbox 1123 763 1234 798; x_wconf 79' lang='lat' dir='ltr'><strong>gravior</strong></span> <span class='ocrx_word' id='word_1_223' title='bbox 1260 768 1350 789; x_wconf 87' lang='lat' dir='ltr'><strong>autem</strong></span> <span class='ocrx_word' id='word_1_224' title='bbox 1366 763 1504 798; x_wconf 71' lang='lat' dir='ltr'><strong>magisque</strong></span> <span class='ocrx_word' id='word_1_225' title='bbox 1531 762 1665 789; x_wconf 87' lang='lat' dir='ltr'><strong>horrenda</strong></span> <span class='ocrx_word' id='word_1_226' title='bbox 1680 769 1764 794; x_wconf 80' lang='lat' dir='ltr'><strong>mors,</strong></span> <span class='ocrx_word' id='word_1_227' title='bbox 1777 766 1805 789; x_wconf 82' lang='lat' dir='ltr'><strong>t-t</strong></span> 
     </span>
    </p>
   </div>
   <div class='ocr_carea' id='block_1_34' title="bbox 1018 807 1802 844">
    <p class='ocr_par' dir='ltr' id='par_1_34' title="bbox 1018 807 1802 844">
     <span class='ocr_line' id='line_1_34' title="bbox 1018 807 1802 844; baseline -0.006 -6"><span class='ocrx_word' id='word_1_228' title='bbox 1018 809 1094 838; x_wconf 69' lang='lat' dir='ltr'><strong>Judze</strong></span> <span class='ocrx_word' id='word_1_229' title='bbox 1112 809 1266 844; x_wconf 86' lang='lat' dir='ltr'><strong>proditione</strong></span> <span class='ocrx_word' id='word_1_230' title='bbox 1281 809 1373 843; x_wconf 77' lang='lat' dir='ltr'><strong>digna,</strong></span> <span class='ocrx_word' id='word_1_231' title='bbox 1384 816 1465 843; x_wconf 89' lang='lat' dir='ltr'><strong>quatn</strong></span> <span class='ocrx_word' id='word_1_232' title='bbox 1486 807 1530 835; x_wconf 89' lang='lat' dir='ltr'><strong>ille</strong></span> <span class='ocrx_word' id='word_1_233' title='bbox 1556 808 1687 835; x_wconf 89' lang='lat' dir='ltr'><strong>adversus</strong></span> <span class='ocrx_word' id='word_1_234' title='bbox 1700 810 1802 834; x_wconf 81' lang='lat' dir='ltr'><strong>nostra:</strong></span> 
     </span>
    </p>
   </div>
   <div class='ocr_carea' id='block_1_35' title="bbox 1018 853 1806 890">
    <p class='ocr_par' dir='ltr' id='par_1_35' title="bbox 1018 853 1806 890">
     <span class='ocr_line' id='line_1_35' title="bbox 1018 853 1806 890; baseline -0.006 -5"><span class='ocrx_word' id='word_1_235' title='bbox 1018 857 1112 886; x_wconf 87' lang='lat' dir='ltr'><strong>salutis</strong></span> <span class='ocrx_word' id='word_1_236' title='bbox 1124 861 1264 884; x_wconf 86' lang='lat' dir='ltr'><strong>auctorem</strong></span> <span class='ocrx_word' id='word_1_237' title='bbox 1282 855 1371 883; x_wconf 88' lang='lat' dir='ltr'><strong>moliri</strong></span> <span class='ocrx_word' id='word_1_238' title='bbox 1389 863 1420 882; x_wconf 88' lang='lat' dir='ltr'><strong>ac</strong></span> <span class='ocrx_word' id='word_1_239' title='bbox 1443 859 1598 890; x_wconf 88' lang='lat' dir='ltr'><strong>perpetrare</strong></span> <span class='ocrx_word' id='word_1_240' title='bbox 1624 862 1677 882; x_wconf 94' lang='lat' dir='ltr'><strong>non</strong></span> <span class='ocrx_word' id='word_1_241' title='bbox 1696 853 1806 881; x_wconf 78' lang='lat' dir='ltr'><strong>dubita-</strong></span> 
     </span>
    </p>
   </div>
   <div class='ocr_carea' id='block_1_36' title="bbox 1017 899 1805 937">
    <p class='ocr_par' dir='ltr' id='par_1_36' title="bbox 1017 899 1805 937">
     <span class='ocr_line' id='line_1_36' title="bbox 1017 899 1805 937; baseline -0.008 -6"><span class='ocrx_word' id='word_1_242' title='bbox 1017 905 1069 937; x_wconf 82' lang='lat' dir='ltr'><strong>vit,</strong></span> <span class='ocrx_word' id='word_1_243' title='bbox 1083 903 1175 936; x_wconf 82' lang='lat' dir='ltr'><strong>Arius,</strong></span> <span class='ocrx_word' id='word_1_244' title='bbox 1188 903 1310 937; x_wconf 90' lang='lat' dir='ltr'><strong>inquam,</strong></span> <span class='ocrx_word' id='word_1_245' title='bbox 1325 909 1340 928; x_wconf 89' lang='lat' dir='ltr'><strong>a</strong></span> <span class='ocrx_word' id='word_1_246' title='bbox 1360 901 1450 928; x_wconf 78' lang='lat' dir='ltr'><strong>furore</strong></span> <span class='ocrx_word' id='word_1_247' title='bbox 1465 900 1576 934; x_wconf 91' lang='lat' dir='ltr'><strong>pttlchre</strong></span> <span class='ocrx_word' id='word_1_248' title='bbox 1585 907 1682 927; x_wconf 90' lang='lat' dir='ltr'><strong>nomen</strong></span> <span class='ocrx_word' id='word_1_249' title='bbox 1692 899 1805 926; x_wconf 80' lang='lat' dir='ltr'><strong>habens.</strong></span> 
     </span>
    </p>
   </div>
   <div class='ocr_carea' id='block_1_37' title="bbox 1017 945 1806 978">
    <p class='ocr_par' dir='ltr' id='par_1_37' title="bbox 1017 945 1806 978">
     <span class='ocr_line' id='line_1_37' title="bbox 1017 945 1806 978; baseline -0.009 0"><span class='ocrx_word' id='word_1_250' title='bbox 1017 950 1067 978; x_wconf 80' lang='lat' dir='ltr'><strong>llic</strong></span> <span class='ocrx_word' id='word_1_251' title='bbox 1093 957 1154 977; x_wconf 90' lang='lat' dir='ltr'><strong>cum</strong></span> <span class='ocrx_word' id='word_1_252' title='bbox 1171 950 1206 976; x_wconf 92' lang='lat' dir='ltr'><strong>ab</strong></span> <span class='ocrx_word' id='word_1_253' title='bbox 1222 947 1404 975; x_wconf 79' lang='lat' dir='ltr'><strong>Alexandrina</strong></span> <span class='ocrx_word' id='word_1_254' title='bbox 1428 947 1538 974; x_wconf 82' lang='lat' dir='ltr'><strong>civitate</strong></span> <span class='ocrx_word' id='word_1_255' title='bbox 1552 946 1657 972; x_wconf 89' lang='lat' dir='ltr'><strong>initiqu</strong></span> <span class='ocrx_word' id='word_1_256' title='bbox 1674 945 1806 976; x_wconf 83' lang='lat' dir='ltr'><strong>duxisset,</strong></span> 
     </span>
    </p>
   </div>
   <div class='ocr_carea' id='block_1_38' title="bbox 1017 991 1807 1030">
    <p class='ocr_par' dir='ltr' id='par_1_38' title="bbox 1017 991 1807 1030">
     <span class='ocr_line' id='line_1_38' title="bbox 1017 991 1807 1030; baseline -0.008 -7"><span class='ocrx_word' id='word_1_257' title='bbox 1017 996 1130 1030; x_wconf 89' lang='lat' dir='ltr'><strong>illicque</strong></span> <span class='ocrx_word' id='word_1_258' title='bbox 1157 994 1317 1029; x_wconf 80' lang='lat' dir='ltr'><strong>pestiferum</strong></span> <span class='ocrx_word' id='word_1_259' title='bbox 1343 994 1439 1028; x_wconf 77' lang='lat' dir='ltr'><strong>dogma</strong></span> <span class='ocrx_word' id='word_1_260' title='bbox 1468 992 1496 1019; x_wconf 94' lang='lat' dir='ltr'><strong>in</strong></span> <span class='ocrx_word' id='word_1_261' title='bbox 1527 999 1556 1019; x_wconf 84' lang='lat' dir='ltr'><strong>se</strong></span> <span class='ocrx_word' id='word_1_262' title='bbox 1581 991 1762 1025; x_wconf 85' lang='lat' dir='ltr'><strong>concepisset,</strong></span> <span class='ocrx_word' id='word_1_263' title='bbox 1775 998 1807 1017; x_wconf 84' lang='lat' dir='ltr'><strong>ae</strong></span> 
     </span>
    </p>
   </div>
   <div class='ocr_carea' id='block_1_39' title="bbox 981 1036 1806 1073">
    <p class='ocr_par' dir='ltr' id='par_1_39' title="bbox 981 1036 1806 1073">
     <span class='ocr_line' id='line_1_39' title="bbox 981 1036 1806 1073; baseline -0.011 -2"><span class='ocrx_word' id='word_1_264' title='bbox 981 1043 1002 1071; x_wconf 88' lang='grc' dir='ltr'><strong><em>Β</em></strong></span> <span class='ocrx_word' id='word_1_265' title='bbox 1017 1042 1123 1073; x_wconf 83' lang='lat' dir='ltr'><strong>deinde,</strong></span> <span class='ocrx_word' id='word_1_266' title='bbox 1140 1040 1252 1067; x_wconf 88' lang='lat' dir='ltr'><strong>immitis</strong></span> <span class='ocrx_word' id='word_1_267' title='bbox 1268 1038 1406 1073; x_wconf 83' lang='lat' dir='ltr'><strong>cujusdam</strong></span> <span class='ocrx_word' id='word_1_268' title='bbox 1422 1040 1450 1064; x_wconf 88' lang='lat' dir='ltr'><strong>ct</strong></span> <span class='ocrx_word' id='word_1_269' title='bbox 1462 1037 1561 1071; x_wconf 76' lang='lat' dir='ltr'><strong>rapida:</strong></span> <span class='ocrx_word' id='word_1_270' title='bbox 1574 1036 1689 1064; x_wconf 72' lang='lat' dir='ltr'><strong>ﬂammae</strong></span> <span class='ocrx_word' id='word_1_271' title='bbox 1709 1036 1806 1068; x_wconf 86' lang='lat' dir='ltr'><strong>instar,</strong></span> 
     </span>
    </p>
   </div>
   <div class='ocr_carea' id='block_1_40' title="bbox 174 1084 1808 1126">
    <p class='ocr_par' dir='ltr' id='par_1_40' title="bbox 174 1084 1808 1126">
     <span class='ocr_line' id='line_1_40' title="bbox 174 1084 1808 1126; baseline -0.001 -13"><span class='ocrx_word' id='word_1_272' title='bbox 174 1085 317 1120; x_wconf 59' lang='lat' dir='ltr'><strong>altexigua</strong></span> <span class='ocrx_word' id='word_1_273' title='bbox 342 1086 462 1114; x_wconf 82' lang='lat' dir='ltr'><strong>scintilla</strong></span> <span class='ocrx_word' id='word_1_274' title='bbox 478 1094 602 1123; x_wconf 77' lang='lat' dir='ltr'><strong>magnam</strong></span> <span class='ocrx_word' id='word_1_275' title='bbox 615 1086 692 1114; x_wconf 87' lang='lat' dir='ltr'><strong>orbis</strong></span> <span class='ocrx_word' id='word_1_276' title='bbox 709 1091 842 1115; x_wconf 89' lang='lat' dir='ltr'><strong>terrarum</strong></span> <span class='ocrx_word' id='word_1_277' title='bbox 861 1093 965 1123; x_wconf 85' lang='lat' dir='ltr'><strong>partem</strong></span> <span class='ocrx_word' id='word_1_278' title='bbox 991 1089 1192 1126; x_wconf 85' lang='lat' dir='ltr'><strong>percurrisset,</strong></span> <span class='ocrx_word' id='word_1_279' title='bbox 1229 1088 1336 1114; x_wconf 83' lang='lat' dir='ltr'><strong>tandem</strong></span> <span class='ocrx_word' id='word_1_280' title='bbox 1367 1093 1382 1114; x_wconf 84' lang='lat' dir='ltr'><strong>a</strong></span> <span class='ocrx_word' id='word_1_281' title='bbox 1408 1084 1535 1113; x_wconf 85' lang='lat' dir='ltr'><strong>Patribus</strong></span> <span class='ocrx_word' id='word_1_282' title='bbox 1565 1084 1686 1117; x_wconf 85' lang='lat' dir='ltr'><strong>nostris,</strong></span> <span class='ocrx_word' id='word_1_283' title='bbox 1711 1085 1808 1119; x_wconf 90' lang='lat' dir='ltr'><strong>pioque</strong></span> 
     </span>
    </p>
   </div>
   <div class='ocr_carea' id='block_1_41' title="bbox 175 1131 1809 1174">
    <p class='ocr_par' dir='ltr' id='par_1_41' title="bbox 175 1131 1809 1174">
     <span class='ocr_line' id='line_1_41' title="bbox 175 1131 1809 1174; baseline -0.002 -13"><span class='ocrx_word' id='word_1_284' title='bbox 175 1135 220 1162; x_wconf 88' lang='lat' dir='ltr'><strong>illo</strong></span> <span class='ocrx_word' id='word_1_285' title='bbox 237 1142 361 1165; x_wconf 87' lang='lat' dir='ltr'><strong>numero.</strong></span> <span class='ocrx_word' id='word_1_286' title='bbox 378 1135 424 1170; x_wconf 87' lang='lat' dir='ltr'><strong>qui</strong></span> <span class='ocrx_word' id='word_1_287' title='bbox 445 1140 500 1162; x_wconf 89' lang='lat' dir='ltr'><strong>tum</strong></span> <span class='ocrx_word' id='word_1_288' title='bbox 527 1134 644 1162; x_wconf 69' lang='lat' dir='ltr'><strong>Nicaeam</strong></span> <span class='ocrx_word' id='word_1_289' title='bbox 666 1142 696 1162; x_wconf 89' lang='lat' dir='ltr'><strong>se</strong></span> <span class='ocrx_word' id='word_1_290' title='bbox 715 1136 849 1170; x_wconf 87' lang='lat' dir='ltr'><strong>contulit,</strong></span> <span class='ocrx_word' id='word_1_291' title='bbox 875 1139 1012 1174; x_wconf 86' lang='lat' dir='ltr'><strong>certisque</strong></span> <span class='ocrx_word' id='word_1_292' title='bbox 1029 1138 1128 1166; x_wconf 82' lang='lat' dir='ltr'><strong>ﬁnibus</strong></span> <span class='ocrx_word' id='word_1_293' title='bbox 1161 1144 1193 1164; x_wconf 83' lang='lat' dir='ltr'><strong>ac</strong></span> <span class='ocrx_word' id='word_1_294' title='bbox 1217 1134 1309 1163; x_wconf 86' lang='lat' dir='ltr'><strong>verbis</strong></span> <span class='ocrx_word' id='word_1_295' title='bbox 1335 1133 1484 1162; x_wconf 83' lang='lat' dir='ltr'><strong>divinitatis</strong></span> <span class='ocrx_word' id='word_1_296' title='bbox 1516 1133 1666 1160; x_wconf 83' lang='lat' dir='ltr'><strong>doctrinam</strong></span> <span class='ocrx_word' id='word_1_297' title='bbox 1693 1131 1809 1159; x_wconf 88' lang='lat' dir='ltr'><strong>circum-</strong></span> 
     </span>
    </p>
   </div>
   <div class='ocr_carea' id='block_1_42' title="bbox 174 1181 744 1216">
    <p class='ocr_par' dir='ltr' id='par_1_42' title="bbox 174 1181 744 1216">
     <span class='ocr_line' id='line_1_42' title="bbox 174 1181 744 1216; baseline 0 -6"><span class='ocrx_word' id='word_1_298' title='bbox 174 1181 295 1216; x_wconf 85' lang='lat' dir='ltr'><strong>scripsit,</strong></span> <span class='ocrx_word' id='word_1_299' title='bbox 329 1189 474 1216; x_wconf 90' lang='lat' dir='ltr'><strong>oppressus</strong></span> <span class='ocrx_word' id='word_1_300' title='bbox 490 1187 518 1209; x_wconf 91' lang='lat' dir='ltr'><strong>et</strong></span> <span class='ocrx_word' id='word_1_301' title='bbox 532 1183 679 1210; x_wconf 77' lang='lat' dir='ltr'><strong>exstinctus</strong></span> <span class='ocrx_word' id='word_1_302' title='bbox 693 1187 744 1211; x_wconf 89' lang='lat' dir='ltr'><strong>est.</strong></span> 
     </span>
    </p>
   </div>
   <div class='ocr_carea' id='block_1_43' title="bbox 209 1229 968 1268">
    <p class='ocr_par' dir='ltr' id='par_1_43' title="bbox 209 1229 968 1268">
     <span class='ocr_line' id='line_1_43' title="bbox 209 1229 968 1268; baseline 0.005 -13"><span class='ocrx_word' id='word_1_303' title='bbox 209 1229 248 1255; x_wconf 78' lang='lat'><strong>9&#39;.</strong></span> <span class='ocrx_word' id='word_1_304' title='bbox 257 1229 342 1256; x_wconf 76' lang='grc' dir='ltr'>Πάλιν</span> <span class='ocrx_word' id='word_1_305' title='bbox 350 1230 456 1264; x_wconf 74' lang='grc' dir='ltr'>πονηρὰ</span> <span class='ocrx_word' id='word_1_306' title='bbox 464 1229 587 1264; x_wconf 80' lang='grc' dir='ltr'>βασιλεία</span> <span class='ocrx_word' id='word_1_307' title='bbox 597 1230 651 1265; x_wconf 69' lang='lat'><strong>(29)</strong></span> <span class='ocrx_word' id='word_1_308' title='bbox 657 1251 663 1261; x_wconf 86' lang='lat'><strong>,</strong></span> <span class='ocrx_word' id='word_1_309' title='bbox 673 1231 720 1256; x_wconf 71' lang='lat' dir='ltr'><strong>mi.</strong></span> <span class='ocrx_word' id='word_1_310' title='bbox 728 1230 806 1258; x_wconf 56' lang='grc' dir='ltr'>πάλιν</span> <span class='ocrx_word' id='word_1_311' title='bbox 815 1231 900 1268; x_wconf 77' lang='grc' dir='ltr'>ἀναζῇ</span> <span class='ocrx_word' id='word_1_312' title='bbox 912 1231 968 1268; x_wconf 82' lang='grc'>(50)</span> 
     </span>
    </p>
   </div>
   <div class='ocr_carea' id='block_1_44' title="bbox 173 1275 969 1314">
    <p class='ocr_par' dir='ltr' id='par_1_44' title="bbox 173 1275 969 1314">
     <span class='ocr_line' id='line_1_44' title="bbox 173 1275 969 1314; baseline 0.005 -13"><span class='ocrx_word' id='word_1_313' title='bbox 173 1275 205 1302; x_wconf 62' lang='lat' dir='ltr'><strong>ea</strong></span> <span class='ocrx_word' id='word_1_314' title='bbox 232 1275 328 1307; x_wconf 80' lang='grc' dir='ltr'>κακὸν,</span> <span class='ocrx_word' id='word_1_315' title='bbox 356 1275 402 1302; x_wconf 79' lang='grc' dir='ltr'>καὶ</span> <span class='ocrx_word' id='word_1_316' title='bbox 431 1275 528 1311; x_wconf 81' lang='grc' dir='ltr'>ὥσπερ</span> <span class='ocrx_word' id='word_1_317' title='bbox 551 1276 586 1302; x_wconf 82' lang='grc' dir='ltr'><strong>τὰ</strong></span> <span class='ocrx_word' id='word_1_318' title='bbox 606 1275 710 1303; x_wconf 77' lang='grc' dir='ltr'>ὕπουλα</span> <span class='ocrx_word' id='word_1_319' title='bbox 727 1276 781 1304; x_wconf 82' lang='grc' dir='ltr'>τῶν</span> <span class='ocrx_word' id='word_1_320' title='bbox 804 1278 969 1314; x_wconf 80' lang='grc' dir='ltr'>τραυμάτων</span> 
     </span>
    </p>
   </div>
   <div class='ocr_carea' id='block_1_45' title="bbox 174 1320 968 1359">
    <p class='ocr_par' dir='ltr' id='par_1_45' title="bbox 174 1320 968 1359">
     <span class='ocr_line' id='line_1_45' title="bbox 174 1320 968 1359; baseline 0.005 -12"><span class='ocrx_word' id='word_1_321' title='bbox 174 1320 374 1356; x_wconf 85' lang='grc' dir='ltr'>ἁναστομοῦται</span> <span class='ocrx_word' id='word_1_322' title='bbox 405 1322 452 1348; x_wconf 81' lang='grc' dir='ltr'>καὶ</span> <span class='ocrx_word' id='word_1_323' title='bbox 483 1322 698 1358; x_wconf 78' lang='grc' dir='ltr'>ἀναῤῥήγνυται.</span> <span class='ocrx_word' id='word_1_324' title='bbox 728 1323 784 1350; x_wconf 80' lang='grc' dir='ltr'><strong>Καὶ</strong></span> <span class='ocrx_word' id='word_1_325' title='bbox 812 1323 888 1350; x_wconf 85' lang='grc' dir='ltr'>λύκοι</span> <span class='ocrx_word' id='word_1_326' title='bbox 919 1323 968 1359; x_wconf 85' lang='grc' dir='ltr'><strong>βα-</strong></span> 
     </span>
    </p>
   </div>
   <div class='ocr_carea' id='block_1_46' title="bbox 177 1365 969 1406">
    <p class='ocr_par' dir='ltr' id='par_1_46' title="bbox 177 1365 969 1406">
     <span class='ocr_line' id='line_1_46' title="bbox 177 1365 969 1406; baseline 0.005 -14"><span class='ocrx_word' id='word_1_327' title='bbox 177 1368 244 1402; x_wconf 82' lang='grc' dir='ltr'>ρεῖς,</span> <span class='ocrx_word' id='word_1_328' title='bbox 259 1365 338 1398; x_wconf 84' lang='grc' dir='ltr'>ἄλλος</span> <span class='ocrx_word' id='word_1_329' title='bbox 361 1365 471 1393; x_wconf 78' lang='grc' dir='ltr'>ἄλλοθεν</span> <span class='ocrx_word' id='word_1_330' title='bbox 495 1367 668 1399; x_wconf 83' lang='grc' dir='ltr'>διαλαϐόντες</span> <span class='ocrx_word' id='word_1_331' title='bbox 681 1368 766 1404; x_wconf 77' lang='grc' dir='ltr'>ἡμᾶς,</span> <span class='ocrx_word' id='word_1_332' title='bbox 782 1368 832 1405; x_wconf 78' lang='grc' dir='ltr'>τὴν</span> <span class='ocrx_word' id='word_1_333' title='bbox 855 1369 969 1406; x_wconf 84' lang='grc' dir='ltr'>Ἐκκλη-</span> 
     </span>
    </p>
   </div>
   <div class='ocr_carea' id='block_1_47' title="bbox 176 1412 970 1451">
    <p class='ocr_par' dir='ltr' id='par_1_47' title="bbox 176 1412 970 1451">
     <span class='ocr_line' id='line_1_47' title="bbox 176 1412 970 1451; baseline 0.004 -12"><span class='ocrx_word' id='word_1_334' title='bbox 176 1412 238 1439; x_wconf 87' lang='grc' dir='ltr'>σίαν</span> <span class='ocrx_word' id='word_1_335' title='bbox 263 1413 475 1449; x_wconf 79' lang='grc' dir='ltr'>σπαράττουσιν.</span> <span class='ocrx_word' id='word_1_336' title='bbox 502 1413 596 1450; x_wconf 79' lang='grc' dir='ltr'>’Ῑερείς</span> <span class='ocrx_word' id='word_1_337' title='bbox 614 1422 644 1440; x_wconf 86' lang='grc' dir='ltr'><strong>τε</strong></span> <span class='ocrx_word' id='word_1_338' title='bbox 665 1415 736 1442; x_wconf 79' lang='grc' dir='ltr'>κατὰ</span> <span class='ocrx_word' id='word_1_339' title='bbox 753 1415 848 1451; x_wconf 81' lang='grc' dir='ltr'>ἱερέων</span> <span class='ocrx_word' id='word_1_340' title='bbox 863 1415 970 1448; x_wconf 79' lang='grc' dir='ltr'>ἐξοπλι-</span> 
     </span>
    </p>
   </div>
   <div class='ocr_carea' id='block_1_48' title="bbox 175 1459 971 1498">
    <p class='ocr_par' dir='ltr' id='par_1_48' title="bbox 175 1459 971 1498">
     <span class='ocr_line' id='line_1_48' title="bbox 175 1459 971 1498; baseline 0.003 -12"><span class='ocrx_word' id='word_1_341' title='bbox 175 1459 295 1493; x_wconf 82' lang='grc' dir='ltr'>σθέντες,</span> <span class='ocrx_word' id='word_1_342' title='bbox 315 1460 364 1487; x_wconf 70' lang='grc' dir='ltr'><strong>καὶ</strong></span> <span class='ocrx_word' id='word_1_343' title='bbox 392 1460 473 1496; x_wconf 81' lang='grc' dir='ltr'>δῆμοι</span> <span class='ocrx_word' id='word_1_344' title='bbox 486 1460 583 1497; x_wconf 80' lang='grc' dir='ltr'>δήμοις</span> <span class='ocrx_word' id='word_1_345' title='bbox 605 1461 802 1497; x_wconf 79' lang='grc' dir='ltr'>ὲπιμανέντες·</span> <span class='ocrx_word' id='word_1_346' title='bbox 822 1461 869 1489; x_wconf 72' lang='grc' dir='ltr'>καὶ</span> <span class='ocrx_word' id='word_1_347' title='bbox 893 1462 971 1498; x_wconf 89' lang='grc' dir='ltr'>βασι-</span> 
     </span>
    </p>
   </div>
   <div class='ocr_carea' id='block_1_49' title="bbox 175 1505 972 1544">
    <p class='ocr_par' dir='ltr' id='par_1_49' title="bbox 175 1505 972 1544">
     <span class='ocr_line' id='line_1_49' title="bbox 175 1505 972 1544; baseline 0.003 -12"><span class='ocrx_word' id='word_1_348' title='bbox 175 1505 236 1538; x_wconf 83' lang='grc' dir='ltr'>λεὺς</span> <span class='ocrx_word' id='word_1_349' title='bbox 250 1506 362 1542; x_wconf 70' lang='grc' dir='ltr'>ἀσεϐείᾳ</span> <span class='ocrx_word' id='word_1_350' title='bbox 384 1506 472 1539; x_wconf 83' lang='grc' dir='ltr'>διδοὺς</span> <span class='ocrx_word' id='word_1_351' title='bbox 484 1507 654 1544; x_wconf 68' lang='grc' dir='ltr'>παρρησίαν,</span> <span class='ocrx_word' id='word_1_352' title='bbox 671 1507 719 1534; x_wconf 68' lang='grc' dir='ltr'>καὶ</span> <span class='ocrx_word' id='word_1_353' title='bbox 735 1507 804 1534; x_wconf 80' lang='grc' dir='ltr'>κατὰ</span> <span class='ocrx_word' id='word_1_354' title='bbox 822 1508 873 1543; x_wconf 84' lang='grc' dir='ltr'>τῆς</span> <span class='ocrx_word' id='word_1_355' title='bbox 888 1507 972 1544; x_wconf 81' lang='grc' dir='ltr'>ὀρθῆς</span> 
     </span>
    </p>
   </div>
   <div class='ocr_carea' id='block_1_50' title="bbox 174 1553 974 1590">
    <p class='ocr_par' dir='ltr' id='par_1_50' title="bbox 174 1553 974 1590">
     <span class='ocr_line' id='line_1_50' title="bbox 174 1553 974 1590; baseline 0 -11"><span class='ocrx_word' id='word_1_356' title='bbox 174 1553 254 1589; x_wconf 78' lang='grc' dir='ltr'>δόξης</span> <span class='ocrx_word' id='word_1_357' title='bbox 269 1553 423 1589; x_wconf 86' lang='grc' dir='ltr'>νομοθετῶν</span> <span class='ocrx_word' id='word_1_358' title='bbox 439 1553 494 1589; x_wconf 78' lang='grc'>(51)</span> <span class='ocrx_word' id='word_1_359' title='bbox 506 1563 512 1569; x_wconf 91' lang='grc'>·</span> <span class='ocrx_word' id='word_1_360' title='bbox 533 1554 580 1580; x_wconf 73' lang='grc' dir='ltr'>καὶ</span> <span class='ocrx_word' id='word_1_361' title='bbox 594 1554 618 1580; x_wconf 82' lang='grc' dir='ltr'>οἱ</span> <span class='ocrx_word' id='word_1_362' title='bbox 636 1554 705 1590; x_wconf 88' lang='grc' dir='ltr'>μήτε</span> <span class='ocrx_word' id='word_1_363' title='bbox 718 1553 825 1589; x_wconf 85' lang='grc' dir='ltr'>ἄνδρες,</span> <span class='ocrx_word' id='word_1_364' title='bbox 840 1554 909 1590; x_wconf 84' lang='grc' dir='ltr'>μήτε</span> <span class='ocrx_word' id='word_1_365' title='bbox 924 1561 974 1588; x_wconf 85' lang='grc' dir='ltr'>γυ-</span> 
     </span>
    </p>
   </div>
   <div class='ocr_carea' id='block_1_51' title="bbox 1059 1228 1806 1264">
    <p class='ocr_par' dir='ltr' id='par_1_51' title="bbox 1059 1228 1806 1264">
     <span class='ocr_line' id='line_1_51' title="bbox 1059 1228 1806 1264; baseline -0.008 -4"><span class='ocrx_word' id='word_1_366' title='bbox 1059 1233 1104 1260; x_wconf 79' lang='lat' dir='ltr'><strong>IX.</strong></span> <span class='ocrx_word' id='word_1_367' title='bbox 1123 1232 1228 1258; x_wconf 77' lang='lat' dir='ltr'><strong>Rursus</strong></span> <span class='ocrx_word' id='word_1_368' title='bbox 1257 1229 1357 1257; x_wconf 87' lang='lat' dir='ltr'><strong>malttm</strong></span> <span class='ocrx_word' id='word_1_369' title='bbox 1375 1228 1528 1264; x_wconf 90' lang='lat' dir='ltr'><strong>imperium,</strong></span> <span class='ocrx_word' id='word_1_370' title='bbox 1548 1233 1575 1255; x_wconf 91' lang='lat' dir='ltr'><strong>et</strong></span> <span class='ocrx_word' id='word_1_371' title='bbox 1594 1235 1689 1255; x_wconf 86' lang='lat' dir='ltr'><strong>rursus</strong></span> <span class='ocrx_word' id='word_1_372' title='bbox 1707 1235 1806 1254; x_wconf 65' lang='lat' dir='ltr'><strong>manum</strong></span> 
     </span>
    </p>
   </div>
   <div class='ocr_carea' id='block_1_52' title="bbox 1021 1274 1808 1309">
    <p class='ocr_par' dir='ltr' id='par_1_52' title="bbox 1021 1274 1808 1309">
     <span class='ocr_line' id='line_1_52' title="bbox 1021 1274 1808 1309; baseline -0.01 -2"><span class='ocrx_word' id='word_1_373' title='bbox 1021 1279 1172 1309; x_wconf 80' lang='lat' dir='ltr'><strong>reviviscit,</strong></span> <span class='ocrx_word' id='word_1_374' title='bbox 1187 1284 1219 1304; x_wconf 84' lang='lat' dir='ltr'><strong>ac</strong></span> <span class='ocrx_word' id='word_1_375' title='bbox 1234 1276 1308 1303; x_wconf 87' lang='lat' dir='ltr'><strong>velut</strong></span> <span class='ocrx_word' id='word_1_376' title='bbox 1321 1275 1510 1309; x_wconf 85' lang='lat' dir='ltr'><strong>subputridum</strong></span> <span class='ocrx_word' id='word_1_377' title='bbox 1525 1274 1649 1308; x_wconf 85' lang='lat' dir='ltr'><strong>maleque</strong></span> <span class='ocrx_word' id='word_1_378' title='bbox 1661 1274 1808 1300; x_wconf 88' lang='lat' dir='ltr'><strong>obductum</strong></span> 
     </span>
    </p>
   </div>
   <div class='ocr_carea' id='block_1_53' title="bbox 1022 1318 1809 1358">
    <p class='ocr_par' dir='ltr' id='par_1_53' title="bbox 1022 1318 1809 1358">
     <span class='ocr_line' id='line_1_53' title="bbox 1022 1318 1809 1358; baseline -0.01 -6"><span class='ocrx_word' id='word_1_379' title='bbox 1022 1325 1120 1352; x_wconf 86' lang='lat' dir='ltr'><strong>vulnus</strong></span> <span class='ocrx_word' id='word_1_380' title='bbox 1136 1323 1268 1358; x_wconf 86' lang='lat' dir='ltr'><strong>aperitur,</strong></span> <span class='ocrx_word' id='word_1_381' title='bbox 1285 1326 1313 1348; x_wconf 91' lang='lat' dir='ltr'><strong>et</strong></span> <span class='ocrx_word' id='word_1_382' title='bbox 1339 1320 1473 1354; x_wconf 85' lang='lat' dir='ltr'><strong>erumpit;</strong></span> <span class='ocrx_word' id='word_1_383' title='bbox 1503 1327 1654 1354; x_wconf 74' lang='lat' dir='ltr'><strong>gravesque</strong></span> <span class='ocrx_word' id='word_1_384' title='bbox 1677 1318 1744 1353; x_wconf 85' lang='lat' dir='ltr'><strong>lupi,</strong></span> <span class='ocrx_word' id='word_1_385' title='bbox 1763 1318 1809 1345; x_wconf 87' lang='lat' dir='ltr'><strong>alii</strong></span> 
     </span>
    </p>
   </div>
   <div class='ocr_carea' id='block_1_54' title="bbox 1022 1365 1808 1402">
    <p class='ocr_par' dir='ltr' id='par_1_54' title="bbox 1022 1365 1808 1402">
     <span class='ocr_line' id='line_1_54' title="bbox 1022 1365 1808 1402; baseline -0.008 -5"><span class='ocrx_word' id='word_1_386' title='bbox 1022 1370 1132 1398; x_wconf 90' lang='lat' dir='ltr'><strong>aliunde</strong></span> <span class='ocrx_word' id='word_1_387' title='bbox 1147 1376 1196 1396; x_wconf 85' lang='lat' dir='ltr'><strong>nos</strong></span> <span class='ocrx_word' id='word_1_388' title='bbox 1221 1367 1438 1402; x_wconf 76' lang='lat' dir='ltr'><strong>intercipientes,</strong></span> <span class='ocrx_word' id='word_1_389' title='bbox 1462 1365 1610 1393; x_wconf 80' lang='lat' dir='ltr'><strong>Ecclesiatn</strong></span> <span class='ocrx_word' id='word_1_390' title='bbox 1640 1365 1808 1400; x_wconf 87' lang='lat' dir='ltr'><strong>discerpunt.</strong></span> 
     </span>
    </p>
   </div>
   <div class='ocr_carea' id='block_1_55' title="bbox 1019 1409 1810 1445">
    <p class='ocr_par' dir='ltr' id='par_1_55' title="bbox 1019 1409 1810 1445">
     <span class='ocr_line' id='line_1_55' title="bbox 1019 1409 1810 1445; baseline -0.009 -2"><span class='ocrx_word' id='word_1_391' title='bbox 1019 1416 1170 1443; x_wconf 80' lang='lat' dir='ltr'><strong>Artnantur</strong></span> <span class='ocrx_word' id='word_1_392' title='bbox 1198 1414 1356 1442; x_wconf 88' lang='lat' dir='ltr'><strong>sacerdotes</strong></span> <span class='ocrx_word' id='word_1_393' title='bbox 1384 1413 1514 1439; x_wconf 86' lang='lat' dir='ltr'><strong>adversus</strong></span> <span class='ocrx_word' id='word_1_394' title='bbox 1539 1411 1704 1443; x_wconf 83' lang='lat' dir='ltr'><strong>sacerdotes,</strong></span> <span class='ocrx_word' id='word_1_395' title='bbox 1734 1409 1810 1445; x_wconf 88' lang='lat' dir='ltr'><strong>plebs</strong></span> 
     </span>
    </p>
   </div>
   <div class='ocr_carea' id='block_1_56' title="bbox 1020 1455 1811 1495">
    <p class='ocr_par' dir='ltr' id='par_1_56' title="bbox 1020 1455 1811 1495">
     <span class='ocr_line' id='line_1_56' title="bbox 1020 1455 1811 1495; baseline -0.01 -6"><span class='ocrx_word' id='word_1_396' title='bbox 1020 1463 1151 1489; x_wconf 87' lang='lat' dir='ltr'><strong>adversus</strong></span> <span class='ocrx_word' id='word_1_397' title='bbox 1167 1460 1273 1495; x_wconf 85' lang='lat' dir='ltr'><strong>plebem</strong></span> <span class='ocrx_word' id='word_1_398' title='bbox 1288 1459 1433 1486; x_wconf 80' lang='lat' dir='ltr'><strong>furibundo</strong></span> <span class='ocrx_word' id='word_1_399' title='bbox 1454 1458 1555 1493; x_wconf 87' lang='lat' dir='ltr'><strong>impetu</strong></span> <span class='ocrx_word' id='word_1_400' title='bbox 1572 1455 1674 1487; x_wconf 78' lang='lat' dir='ltr'><strong>fertur;</strong></span> <span class='ocrx_word' id='word_1_401' title='bbox 1693 1456 1811 1491; x_wconf 85' lang='lat' dir='ltr'><strong>impera-</strong></span> 
     </span>
    </p>
   </div>
   <div class='ocr_carea' id='block_1_57' title="bbox 1023 1501 1811 1542">
    <p class='ocr_par' dir='ltr' id='par_1_57' title="bbox 1023 1501 1811 1542">
     <span class='ocr_line' id='line_1_57' title="bbox 1023 1501 1811 1542; baseline -0.01 -8"><span class='ocrx_word' id='word_1_402' title='bbox 1023 1512 1065 1534; x_wconf 90' lang='lat' dir='ltr'><strong>tor</strong></span> <span class='ocrx_word' id='word_1_403' title='bbox 1081 1507 1138 1542; x_wconf 81' lang='lat' dir='ltr'><strong>ipse</strong></span> <span class='ocrx_word' id='word_1_404' title='bbox 1155 1506 1285 1540; x_wconf 80' lang='lat' dir='ltr'><strong>itupietatl</strong></span> <span class='ocrx_word' id='word_1_405' title='bbox 1305 1504 1494 1531; x_wconf 85' lang='lat' dir='ltr'><strong>auctoritatem</strong></span> <span class='ocrx_word' id='word_1_406' title='bbox 1511 1503 1623 1537; x_wconf 59' lang='lat' dir='ltr'><strong>praebet,</strong></span> <span class='ocrx_word' id='word_1_407' title='bbox 1636 1501 1716 1537; x_wconf 58' lang='grc' dir='ltr'><strong>ᾔει</strong></span> <span class='ocrx_word' id='word_1_408' title='bbox 1729 1506 1811 1535; x_wconf 84' lang='lat' dir='ltr'><strong>atque</strong></span> 
     </span>
    </p>
   </div>
   <div class='ocr_carea' id='block_1_58' title="bbox 1023 1547 1810 1583">
    <p class='ocr_par' dir='ltr' id='par_1_58' title="bbox 1023 1547 1810 1583">
     <span class='ocr_line' id='line_1_58' title="bbox 1023 1547 1810 1583; baseline -0.009 -3"><span class='ocrx_word' id='word_1_409' title='bbox 1023 1553 1155 1581; x_wconf 89' lang='lat' dir='ltr'><strong>adversus</strong></span> <span class='ocrx_word' id='word_1_410' title='bbox 1167 1551 1347 1579; x_wconf 79' lang='lat' dir='ltr'><strong>orthodoxam</strong></span> <span class='ocrx_word' id='word_1_411' title='bbox 1364 1550 1514 1577; x_wconf 87' lang='lat' dir='ltr'><strong>doctrinatn</strong></span> <span class='ocrx_word' id='word_1_412' title='bbox 1528 1549 1600 1583; x_wconf 77' lang='lat' dir='ltr'><strong>leges</strong></span> <span class='ocrx_word' id='word_1_413' title='bbox 1618 1548 1755 1579; x_wconf 83' lang='lat' dir='ltr'><strong>instituit;</strong></span> <span class='ocrx_word' id='word_1_414' title='bbox 1776 1547 1810 1573; x_wconf 92' lang='lat' dir='ltr'><strong>ii-</strong></span> 
     </span>
    </p>
   </div>
   <div class='ocr_carea' id='block_1_59' title="bbox 176 1593 979 1636">
    <p class='ocr_par' dir='ltr' id='par_1_59' title="bbox 176 1599 970 1636">
     <span class='ocr_line' id='line_1_59' title="bbox 176 1599 970 1636; baseline -0.003 -9"><span class='ocrx_word' id='word_1_415' title='bbox 176 1601 279 1633; x_wconf 78' lang='grc' dir='ltr'>ναῖκες,</span> <span class='ocrx_word' id='word_1_416' title='bbox 295 1600 362 1636; x_wconf 86' lang='grc' dir='ltr'>παρ’</span> <span class='ocrx_word' id='word_1_417' title='bbox 375 1600 449 1636; x_wconf 78' lang='grc' dir='ltr'>αὐτῷ</span> <span class='ocrx_word' id='word_1_418' title='bbox 474 1599 693 1632; x_wconf 82' lang='grc' dir='ltr'>δυναστεύοντες.</span> <span class='ocrx_word' id='word_1_419' title='bbox 721 1599 768 1632; x_wconf 85' lang='grc' dir='ltr'>Τίς</span> <span class='ocrx_word' id='word_1_420' title='bbox 793 1599 826 1626; x_wconf 83' lang='grc' dir='ltr'>ἂν</span> <span class='ocrx_word' id='word_1_421' title='bbox 850 1599 885 1626; x_wconf 81' lang='grc' dir='ltr'>τὰ</span> <span class='ocrx_word' id='word_1_422' title='bbox 910 1599 970 1625; x_wconf 80' lang='grc' dir='ltr'>τότε</span> 
     </span>
    </p>
   </div>
   <div class='ocr_carea' id='block_1_60' title="bbox 1020 1593 1810 1636">
    <p class='ocr_par' dir='ltr' id='par_1_60' title="bbox 1024 1593 1810 1634">
     <span class='ocr_line' id='line_1_60' title="bbox 1024 1593 1810 1634; baseline -0.009 -8"><span class='ocrx_word' id='word_1_423' title='bbox 1024 1607 1076 1633; x_wconf 89' lang='lat' dir='ltr'><strong>que</strong></span> <span class='ocrx_word' id='word_1_424' title='bbox 1088 1603 1229 1634; x_wconf 72' lang='lat' dir='ltr'><strong>prmlerea,</strong></span> <span class='ocrx_word' id='word_1_425' title='bbox 1243 1597 1289 1632; x_wconf 91' lang='lat' dir='ltr'><strong>qui</strong></span> <span class='ocrx_word' id='word_1_426' title='bbox 1307 1604 1356 1624; x_wconf 89' lang='lat' dir='ltr'><strong>nec</strong></span> <span class='ocrx_word' id='word_1_427' title='bbox 1373 1597 1400 1624; x_wconf 92' lang='lat' dir='ltr'><strong>in</strong></span> <span class='ocrx_word' id='word_1_428' title='bbox 1416 1597 1535 1623; x_wconf 87' lang='lat' dir='ltr'><strong>virorum</strong></span> <span class='ocrx_word' id='word_1_429' title='bbox 1555 1602 1604 1622; x_wconf 86' lang='lat' dir='ltr'><strong>nec</strong></span> <span class='ocrx_word' id='word_1_430' title='bbox 1621 1594 1646 1620; x_wconf 95' lang='lat' dir='ltr'><strong>iu</strong></span> <span class='ocrx_word' id='word_1_431' title='bbox 1667 1593 1810 1620; x_wconf 88' lang='lat' dir='ltr'><strong>mulierum</strong></span> 
     </span>
    </p>
   </div>
   <div class='ocr_carea' id='block_1_61' title="bbox 176 1644 973 1683">
    <p class='ocr_par' dir='ltr' id='par_1_61' title="bbox 176 1644 973 1683">
     <span class='ocr_line' id='line_1_61' title="bbox 176 1644 973 1683; baseline -0.003 -10"><span class='ocrx_word' id='word_1_432' title='bbox 176 1646 249 1673; x_wconf 72' lang='grc' dir='ltr'>κακὰ</span> <span class='ocrx_word' id='word_1_433' title='bbox 265 1647 333 1683; x_wconf 77' lang='grc' dir='ltr'>πρὸς</span> <span class='ocrx_word' id='word_1_434' title='bbox 346 1646 424 1680; x_wconf 75' lang='grc' dir='ltr'>ἀξίαν</span> <span class='ocrx_word' id='word_1_435' title='bbox 433 1647 652 1683; x_wconf 83' lang='grc' dir='ltr'>ὲκτραγῳδήσειε</span> <span class='ocrx_word' id='word_1_436' title='bbox 663 1655 671 1680; x_wconf 86' lang='grc'><strong>;</strong></span> <span class='ocrx_word' id='word_1_437' title='bbox 684 1646 733 1677; x_wconf 78' lang='grc' dir='ltr'>τὰς</span> <span class='ocrx_word' id='word_1_438' title='bbox 745 1645 843 1680; x_wconf 80' lang='grc' dir='ltr'>φυγὰς,</span> <span class='ocrx_word' id='word_1_439' title='bbox 859 1644 909 1676; x_wconf 85' lang='grc' dir='ltr'><strong>τὰς</strong></span> <span class='ocrx_word' id='word_1_440' title='bbox 925 1645 973 1679; x_wconf 91' lang='grc' dir='ltr'>δη-</span> 
     </span>
    </p>
   </div>
   <div class='ocr_carea' id='block_1_62' title="bbox 177 1690 974 1728">
    <p class='ocr_par' dir='ltr' id='par_1_62' title="bbox 177 1690 974 1728">
     <span class='ocr_line' id='line_1_62' title="bbox 177 1690 974 1728; baseline -0.003 -10"><span class='ocrx_word' id='word_1_441' title='bbox 177 1693 298 1727; x_wconf 79' lang='grc' dir='ltr'>μεύσεις,</span> <span class='ocrx_word' id='word_1_442' title='bbox 324 1693 373 1725; x_wconf 70' lang='grc' dir='ltr'><strong>τὰς</strong></span> <span class='ocrx_word' id='word_1_443' title='bbox 395 1693 519 1728; x_wconf 80' lang='grc' dir='ltr'>ἀτιμίας,</span> <span class='ocrx_word' id='word_1_444' title='bbox 540 1693 590 1724; x_wconf 75' lang='grc' dir='ltr'>τὰς</span> <span class='ocrx_word' id='word_1_445' title='bbox 616 1692 663 1719; x_wconf 78' lang='grc' dir='ltr'><strong>ἐπὶ</strong></span> <span class='ocrx_word' id='word_1_446' title='bbox 688 1691 739 1726; x_wconf 80' lang='grc' dir='ltr'>τῆς</span> <span class='ocrx_word' id='word_1_447' title='bbox 765 1690 881 1727; x_wconf 79' lang='grc' dir='ltr'>ἐρημίας</span> <span class='ocrx_word' id='word_1_448' title='bbox 912 1698 974 1717; x_wconf 86' lang='grc' dir='ltr'>συν-</span> 
     </span>
    </p>
   </div>
   <div class='ocr_carea' id='block_1_63' title="bbox 176 1736 976 1775">
    <p class='ocr_par' dir='ltr' id='par_1_63' title="bbox 176 1736 976 1775">
     <span class='ocr_line' id='line_1_63' title="bbox 176 1736 976 1775; baseline -0.006 -9"><span class='ocrx_word' id='word_1_449' title='bbox 176 1739 260 1772; x_wconf 75' lang='grc' dir='ltr'>άξεις,</span> <span class='ocrx_word' id='word_1_450' title='bbox 274 1739 411 1775; x_wconf 82' lang='grc' dir='ltr'>μυριάδων</span> <span class='ocrx_word' id='word_1_451' title='bbox 421 1739 490 1766; x_wconf 79' lang='grc' dir='ltr'>ὅλων</span> <span class='ocrx_word' id='word_1_452' title='bbox 503 1739 548 1765; x_wconf 74' lang='grc' dir='ltr'>καὶ</span> <span class='ocrx_word' id='word_1_453' title='bbox 560 1738 663 1765; x_wconf 84' lang='grc' dir='ltr'>πόλεων</span> <span class='ocrx_word' id='word_1_454' title='bbox 676 1737 827 1772; x_wconf 75' lang='grc' dir='ltr'>ὑπαιθρίων</span> <span class='ocrx_word' id='word_1_455' title='bbox 837 1736 976 1763; x_wconf 69' lang='grc' dir='ltr'>ταλαιπωο</span> 
     </span>
    </p>
   </div>
   <div class='ocr_carea' id='block_1_64' title="bbox 176 1781 970 1822">
    <p class='ocr_par' dir='ltr' id='par_1_64' title="bbox 176 1781 970 1822">
     <span class='ocr_line' id='line_1_64' title="bbox 176 1781 970 1822; baseline -0.008 -9"><span class='ocrx_word' id='word_1_456' title='bbox 176 1787 328 1822; x_wconf 81' lang='grc' dir='ltr'>ρουμένων,</span> <span class='ocrx_word' id='word_1_457' title='bbox 346 1786 393 1812; x_wconf 75' lang='grc' dir='ltr'>καὶ</span> <span class='ocrx_word' id='word_1_458' title='bbox 402 1786 491 1817; x_wconf 81' lang='grc' dir='ltr'>ὑετοῖς</span> <span class='ocrx_word' id='word_1_459' title='bbox 514 1785 561 1812; x_wconf 67' lang='grc' dir='ltr'><strong>καὶ</strong></span> <span class='ocrx_word' id='word_1_460' title='bbox 585 1784 700 1820; x_wconf 79' lang='grc' dir='ltr'>χειμῶσι</span> <span class='ocrx_word' id='word_1_461' title='bbox 714 1783 900 1818; x_wconf 78' lang='grc' dir='ltr'>πιεζομένωνς</span> <span class='ocrx_word' id='word_1_462' title='bbox 921 1781 970 1813; x_wconf 78' lang='grc' dir='ltr'><strong>τὰς</strong></span> 
     </span>
    </p>
   </div>
   <div class='ocr_carea' id='block_1_65' title="bbox 176 1824 970 1866">
    <p class='ocr_par' dir='ltr' id='par_1_65' title="bbox 176 1824 970 1866">
     <span class='ocr_line' id='line_1_65' title="bbox 176 1824 970 1866; baseline -0.009 -7"><span class='ocrx_word' id='word_1_463' title='bbox 176 1832 300 1859; x_wconf 82' lang='grc' dir='ltr'>ἐντεῦθεν</span> <span class='ocrx_word' id='word_1_464' title='bbox 321 1832 519 1863; x_wconf 73' lang='grc' dir='ltr'>ἐπαναστάσεις</span> <span class='ocrx_word' id='word_1_465' title='bbox 535 1831 605 1866; x_wconf 73' lang='grc' dir='ltr'>(οὐδὲ</span> <span class='ocrx_word' id='word_1_466' title='bbox 628 1830 682 1866; x_wconf 86' lang='grc' dir='ltr'>γὰρ</span> <span class='ocrx_word' id='word_1_467' title='bbox 696 1829 745 1865; x_wconf 83' lang='grc' dir='ltr'>τὴν</span> <span class='ocrx_word' id='word_1_468' title='bbox 767 1827 884 1863; x_wconf 79' lang='grc' dir='ltr'>ἐρημίαν</span> <span class='ocrx_word' id='word_1_469' title='bbox 898 1824 970 1862; x_wconf 73' lang='grc' dir='ltr'>εἶχον</span> 
     </span>
    </p>
   </div>
   <div class='ocr_carea' id='block_1_66' title="bbox 176 1873 972 1915">
    <p class='ocr_par' dir='ltr' id='par_1_66' title="bbox 176 1873 972 1915">
     <span class='ocr_line' id='line_1_66' title="bbox 176 1873 972 1915; baseline -0.011 -8"><span class='ocrx_word' id='word_1_470' title='bbox 176 1878 328 1915; x_wconf 83' lang='grc' dir='ltr'>ἀκίνδυνον)</span> <span class='ocrx_word' id='word_1_471' title='bbox 343 1889 351 1913; x_wconf 87' lang='grc'><strong>;</strong></span> <span class='ocrx_word' id='word_1_472' title='bbox 366 1878 401 1906; x_wconf 76' lang='grc' dir='ltr'><strong>τὰ</strong></span> <span class='ocrx_word' id='word_1_473' title='bbox 427 1877 467 1905; x_wconf 75' lang='grc' dir='ltr'><strong>ἔτι</strong></span> <span class='ocrx_word' id='word_1_474' title='bbox 492 1877 596 1904; x_wconf 84' lang='grc' dir='ltr'>τούτων</span> <span class='ocrx_word' id='word_1_475' title='bbox 620 1875 808 1912; x_wconf 83' lang='grc' dir='ltr'>χαλεπώτερα,</span> <span class='ocrx_word' id='word_1_476' title='bbox 824 1873 887 1905; x_wconf 75' lang='grc' dir='ltr'>τοὺς</span> <span class='ocrx_word' id='word_1_477' title='bbox 901 1873 972 1899; x_wconf 82' lang='grc' dir='ltr'>αίκι-</span> 
     </span>
    </p>
   </div>
   <div class='ocr_carea' id='block_1_67' title="bbox 178 1918 971 1961">
    <p class='ocr_par' dir='ltr' id='par_1_67' title="bbox 178 1918 971 1961">
     <span class='ocr_line' id='line_1_67' title="bbox 178 1918 971 1961; baseline -0.013 -8"><span class='ocrx_word' id='word_1_478' title='bbox 178 1927 275 1961; x_wconf 74' lang='grc' dir='ltr'>σμοὺς,</span> <span class='ocrx_word' id='word_1_479' title='bbox 295 1927 358 1957; x_wconf 76' lang='grc' dir='ltr'>τοὺς</span> <span class='ocrx_word' id='word_1_480' title='bbox 369 1925 513 1957; x_wconf 81' lang='grc' dir='ltr'>θανάτους,</span> <span class='ocrx_word' id='word_1_481' title='bbox 526 1923 576 1955; x_wconf 84' lang='grc' dir='ltr'><strong>τὰς</strong></span> <span class='ocrx_word' id='word_1_482' title='bbox 595 1921 790 1959; x_wconf 85' lang='grc' dir='ltr'>θριαμϐεύσεις</span> <span class='ocrx_word' id='word_1_483' title='bbox 803 1918 971 1950; x_wconf 76' lang='grc' dir='ltr'>ἐπισκόπων,</span> 
     </span>
    </p>
   </div>
   <div class='ocr_carea' id='block_1_68' title="bbox 178 1963 972 2007">
    <p class='ocr_par' dir='ltr' id='par_1_68' title="bbox 178 1963 972 2007">
     <span class='ocr_line' id='line_1_68' title="bbox 178 1963 972 2007; baseline -0.014 -8"><span class='ocrx_word' id='word_1_484' title='bbox 178 1971 342 2007; x_wconf 71' lang='grc' dir='ltr'>φιλοσόφων,</span> <span class='ocrx_word' id='word_1_485' title='bbox 359 1969 475 2006; x_wconf 78' lang='grc' dir='ltr'>ἀνδρῶν,</span> <span class='ocrx_word' id='word_1_486' title='bbox 500 1968 648 2004; x_wconf 82' lang='grc' dir='ltr'>γυναικῶν,</span> <span class='ocrx_word' id='word_1_487' title='bbox 666 1967 745 1998; x_wconf 77' lang='grc' dir='ltr'>νέων,</span> <span class='ocrx_word' id='word_1_488' title='bbox 761 1963 972 2000; x_wconf 73' lang='grc' dir='ltr'>γεγηρακότωνς</span> 
     </span>
    </p>
   </div>
   <div class='ocr_carea' id='block_1_69' title="bbox 177 2008 973 2049">
    <p class='ocr_par' dir='ltr' id='par_1_69' title="bbox 177 2008 973 2049">
     <span class='ocr_line' id='line_1_69' title="bbox 177 2008 973 2049; baseline -0.011 -5"><span class='ocrx_word' id='word_1_489' title='bbox 177 2017 240 2049; x_wconf 75' lang='grc' dir='ltr'>τοὺς</span> <span class='ocrx_word' id='word_1_490' title='bbox 253 2016 426 2048; x_wconf 70' lang='grc' dir='ltr'>ἐπινοοῦντας</span> <span class='ocrx_word' id='word_1_491' title='bbox 442 2016 476 2043; x_wconf 87' lang='grc' dir='ltr'><strong>τὰ</strong></span> <span class='ocrx_word' id='word_1_492' title='bbox 487 2015 571 2048; x_wconf 80' lang='grc' dir='ltr'>δεινὰ,</span> <span class='ocrx_word' id='word_1_493' title='bbox 580 2016 643 2045; x_wconf 80' lang='grc' dir='ltr'>τοὺς</span> <span class='ocrx_word' id='word_1_494' title='bbox 651 2010 894 2049; x_wconf 79' lang='grc' dir='ltr'>προσεπινοοῦντας</span> <span class='ocrx_word' id='word_1_495' title='bbox 904 2008 973 2044; x_wconf 70' lang='grc'>(52),</span> 
     </span>
    </p>
   </div>
   <div class='ocr_carea' id='block_1_70' title="bbox 178 2052 973 2099">
    <p class='ocr_par' dir='ltr' id='par_1_70' title="bbox 178 2052 973 2099">
     <span class='ocr_line' id='line_1_70' title="bbox 178 2052 973 2099; baseline -0.014 -8"><span class='ocrx_word' id='word_1_496' title='bbox 178 2064 241 2095; x_wconf 82' lang='grc' dir='ltr'>τοὺς</span> <span class='ocrx_word' id='word_1_497' title='bbox 267 2062 507 2099; x_wconf 81' lang='grc' dir='ltr'>ὑπηρετουμένους</span> <span class='ocrx_word' id='word_1_498' title='bbox 539 2062 573 2097; x_wconf 80' lang='grc' dir='ltr'>τῇ</span> <span class='ocrx_word' id='word_1_499' title='bbox 610 2059 722 2095; x_wconf 84' lang='grc' dir='ltr'>ἀσεϐείᾳ</span> <span class='ocrx_word' id='word_1_500' title='bbox 753 2057 903 2087; x_wconf 84' lang='grc' dir='ltr'>δυνάστας,</span> <span class='ocrx_word' id='word_1_501' title='bbox 932 2052 973 2086; x_wconf 76' lang='grc' dir='ltr'>οἷς</span> 
     </span>
    </p>
   </div>
   <div class='ocr_carea' id='block_1_71' title="bbox 178 2102 972 2145">
    <p class='ocr_par' dir='ltr' id='par_1_71' title="bbox 178 2102 972 2145">
     <span class='ocr_line' id='line_1_71' title="bbox 178 2102 972 2145; baseline -0.013 -9"><span class='ocrx_word' id='word_1_502' title='bbox 178 2109 258 2136; x_wconf 85' lang='grc' dir='ltr'>τοῦτο</span> <span class='ocrx_word' id='word_1_503' title='bbox 280 2109 359 2145; x_wconf 79' lang='grc' dir='ltr'>μόνον</span> <span class='ocrx_word' id='word_1_504' title='bbox 388 2108 443 2144; x_wconf 75' lang='lat'><strong>(35)</strong></span> <span class='ocrx_word' id='word_1_505' title='bbox 461 2107 589 2138; x_wconf 79' lang='grc' dir='ltr'>πολλάκις</span> <span class='ocrx_word' id='word_1_506' title='bbox 609 2107 648 2137; x_wconf 81' lang='grc' dir='ltr'><strong>εἰς</strong></span> <span class='ocrx_word' id='word_1_507' title='bbox 663 2104 839 2139; x_wconf 80' lang='grc' dir='ltr'>εὐδοκίμησιν</span> <span class='ocrx_word' id='word_1_508' title='bbox 859 2102 972 2137; x_wconf 70' lang='grc' dir='ltr'>ἤρκεσε,</span> 
     </span>
    </p>
   </div>
   <div class='ocr_carea' id='block_1_72' title="bbox 177 2146 975 2191">
    <p class='ocr_par' dir='ltr' id='par_1_72' title="bbox 177 2146 975 2191">
     <span class='ocr_line' id='line_1_72' title="bbox 177 2146 975 2191; baseline -0.013 -8"><span class='ocrx_word' id='word_1_509' title='bbox 177 2155 210 2182; x_wconf 76' lang='grc' dir='ltr'>τὸ</span> <span class='ocrx_word' id='word_1_510' title='bbox 225 2156 404 2191; x_wconf 81' lang='grc' dir='ltr'>πικροτέρους</span> <span class='ocrx_word' id='word_1_511' title='bbox 425 2155 542 2190; x_wconf 79' lang='grc' dir='ltr'>φανῆναι</span> <span class='ocrx_word' id='word_1_512' title='bbox 555 2153 606 2189; x_wconf 84' lang='grc' dir='ltr'>τῆς</span> <span class='ocrx_word' id='word_1_513' title='bbox 624 2151 672 2179; x_wconf 78' lang='grc' dir='ltr'><strong>τοῦ</strong></span> <span class='ocrx_word' id='word_1_514' title='bbox 689 2149 852 2188; x_wconf 85' lang='grc' dir='ltr'>κρατοῦντος</span> <span class='ocrx_word' id='word_1_515' title='bbox 879 2146 975 2175; x_wconf 76' lang='grc' dir='ltr'>Βουλή-</span> 
     </span>
    </p>
   </div>
   <div class='ocr_carea' id='block_1_73' title="bbox 179 2210 267 2234">
    <p class='ocr_par' dir='ltr' id='par_1_73' title="bbox 179 2210 267 2234">
     <span class='ocr_line' id='line_1_73' title="bbox 179 2210 267 2234; baseline 0 -6"><span class='ocrx_word' id='word_1_516' title='bbox 179 2210 250 2234; x_wconf 87' lang='grc' dir='ltr'>σεως</span> <span class='ocrx_word' id='word_1_517' title='bbox 260 2210 267 2234; x_wconf 84' lang='grc'>;</span> 
     </span>
    </p>
   </div>
   <div class='ocr_carea' id='block_1_74' title="bbox 1024 1637 1811 1676">
    <p class='ocr_par' dir='ltr' id='par_1_74' title="bbox 1024 1637 1811 1676">
     <span class='ocr_line' id='line_1_74' title="bbox 1024 1637 1811 1676; baseline -0.011 -4"><span class='ocrx_word' id='word_1_518' title='bbox 1024 1652 1138 1672; x_wconf 89' lang='lat' dir='ltr'><strong>numero</strong></span> <span class='ocrx_word' id='word_1_519' title='bbox 1153 1643 1282 1671; x_wconf 82' lang='lat' dir='ltr'><strong>censendi</strong></span> <span class='ocrx_word' id='word_1_520' title='bbox 1296 1647 1371 1673; x_wconf 89' lang='lat' dir='ltr'><strong>sunt,</strong></span> <span class='ocrx_word' id='word_1_521' title='bbox 1384 1649 1500 1676; x_wconf 89' lang='lat' dir='ltr'><strong>qttorum</strong></span> <span class='ocrx_word' id='word_1_522' title='bbox 1532 1647 1627 1674; x_wconf 74' lang='lat' dir='ltr'><strong>magna</strong></span> <span class='ocrx_word' id='word_1_523' title='bbox 1655 1643 1712 1666; x_wconf 86' lang='lat' dir='ltr'><strong>erat</strong></span> <span class='ocrx_word' id='word_1_524' title='bbox 1742 1637 1811 1672; x_wconf 87' lang='lat' dir='ltr'><strong>apud</strong></span> 
     </span>
    </p>
   </div>
   <div class='ocr_carea' id='block_1_75' title="bbox 1023 1683 1812 1726">
    <p class='ocr_par' dir='ltr' id='par_1_75' title="bbox 1023 1683 1812 1726">
     <span class='ocr_line' id='line_1_75' title="bbox 1023 1683 1812 1726; baseline -0.013 -8"><span class='ocrx_word' id='word_1_525' title='bbox 1023 1699 1085 1719; x_wconf 90' lang='lat' dir='ltr'><strong>eum</strong></span> <span class='ocrx_word' id='word_1_526' title='bbox 1100 1690 1232 1726; x_wconf 90' lang='lat' dir='ltr'><strong>potentia.</strong></span> <span class='ocrx_word' id='word_1_527' title='bbox 1261 1689 1327 1721; x_wconf 87' lang='lat' dir='ltr'><strong>Quis</strong></span> <span class='ocrx_word' id='word_1_528' title='bbox 1345 1695 1410 1714; x_wconf 92' lang='lat' dir='ltr'><strong>vero</strong></span> <span class='ocrx_word' id='word_1_529' title='bbox 1430 1685 1559 1720; x_wconf 89' lang='lat' dir='ltr'><strong>temporis</strong></span> <span class='ocrx_word' id='word_1_530' title='bbox 1585 1685 1656 1711; x_wconf 88' lang='lat' dir='ltr'><strong>illius</strong></span> <span class='ocrx_word' id='word_1_531' title='bbox 1679 1683 1749 1710; x_wconf 87' lang='lat' dir='ltr'><strong>mala</strong></span> <span class='ocrx_word' id='word_1_532' title='bbox 1764 1689 1812 1716; x_wconf 88' lang='lat' dir='ltr'><strong>pro</strong></span> 
     </span>
    </p>
   </div>
   <div class='ocr_carea' id='block_1_76' title="bbox 1024 1730 1812 1771">
    <p class='ocr_par' dir='ltr' id='par_1_76' title="bbox 1024 1730 1812 1771">
     <span class='ocr_line' id='line_1_76' title="bbox 1024 1730 1812 1771; baseline -0.011 -8"><span class='ocrx_word' id='word_1_533' title='bbox 1024 1737 1159 1771; x_wconf 80' lang='lat' dir='ltr'><strong>dignitate</strong></span> <span class='ocrx_word' id='word_1_534' title='bbox 1186 1734 1330 1768; x_wconf 85' lang='lat' dir='ltr'><strong>deplorare</strong></span> <span class='ocrx_word' id='word_1_535' title='bbox 1356 1731 1578 1767; x_wconf 78' lang='lat' dir='ltr'><strong>queat?Exsilia,</strong></span> <span class='ocrx_word' id='word_1_536' title='bbox 1601 1730 1732 1757; x_wconf 89' lang='lat' dir='ltr'><strong>bonorum</strong></span> <span class='ocrx_word' id='word_1_537' title='bbox 1749 1735 1812 1764; x_wconf 85' lang='lat' dir='ltr'><strong>pro-</strong></span> 
     </span>
    </p>
   </div>
   <div class='ocr_carea' id='block_1_77' title="bbox 1024 1774 1812 1816">
    <p class='ocr_par' dir='ltr' id='par_1_77' title="bbox 1024 1774 1812 1816">
     <span class='ocr_line' id='line_1_77' title="bbox 1024 1774 1812 1816; baseline -0.011 -7"><span class='ocrx_word' id='word_1_538' title='bbox 1024 1778 1368 1816; x_wconf 67' lang='lat' dir='ltr'><strong>Scriptiones,ignominiaa</strong></span> <span class='ocrx_word' id='word_1_539' title='bbox 1394 1782 1482 1810; x_wconf 88' lang='lat' dir='ltr'><strong>notas,</strong></span> <span class='ocrx_word' id='word_1_540' title='bbox 1513 1776 1645 1803; x_wconf 81' lang='lat' dir='ltr'><strong>inﬁnitam</strong></span> <span class='ocrx_word' id='word_1_541' title='bbox 1673 1774 1812 1801; x_wconf 87' lang='lat' dir='ltr'><strong>hominum</strong></span> 
     </span>
    </p>
   </div>
   <div class='ocr_carea' id='block_1_78' title="bbox 1024 1821 1814 1860">
    <p class='ocr_par' dir='ltr' id='par_1_78' title="bbox 1024 1821 1814 1860">
     <span class='ocr_line' id='line_1_78' title="bbox 1024 1821 1814 1860; baseline -0.009 -7"><span class='ocrx_word' id='word_1_542' title='bbox 1024 1826 1333 1860; x_wconf 86' lang='lat' dir='ltr'><strong>multitutlinetn,atque</strong></span> <span class='ocrx_word' id='word_1_543' title='bbox 1363 1824 1431 1851; x_wconf 87' lang='lat' dir='ltr'><strong>adeo</strong></span> <span class='ocrx_word' id='word_1_544' title='bbox 1449 1824 1568 1858; x_wconf 74' lang='lat' dir='ltr'><strong>integras</strong></span> <span class='ocrx_word' id='word_1_545' title='bbox 1593 1821 1726 1852; x_wconf 80' lang='lat' dir='ltr'><strong>civitates,</strong></span> <span class='ocrx_word' id='word_1_546' title='bbox 1753 1828 1814 1855; x_wconf 69' lang='lat' dir='ltr'><strong>qua:</strong></span> 
     </span>
    </p>
   </div>
   <div class='ocr_carea' id='block_1_79' title="bbox 1024 1867 1814 1901">
    <p class='ocr_par' dir='ltr' id='par_1_79' title="bbox 1024 1867 1814 1901">
     <span class='ocr_line' id='line_1_79' title="bbox 1024 1867 1814 1901; baseline -0.008 -2"><span class='ocrx_word' id='word_1_547' title='bbox 1024 1874 1051 1900; x_wconf 89' lang='lat' dir='ltr'><strong>in</strong></span> <span class='ocrx_word' id='word_1_548' title='bbox 1068 1872 1184 1899; x_wconf 81' lang='lat' dir='ltr'><strong>desertis</strong></span> <span class='ocrx_word' id='word_1_549' title='bbox 1207 1872 1275 1899; x_wconf 88' lang='lat' dir='ltr'><strong>locis</strong></span> <span class='ocrx_word' id='word_1_550' title='bbox 1300 1872 1466 1899; x_wconf 62' lang='lat' dir='ltr'><strong>conventu,</strong></span> <span class='ocrx_word' id='word_1_551' title='bbox 1482 1868 1626 1901; x_wconf 87' lang='lat' dir='ltr'><strong>habebant,</strong></span> <span class='ocrx_word' id='word_1_552' title='bbox 1649 1871 1677 1894; x_wconf 84' lang='lat' dir='ltr'><strong>et</strong></span> <span class='ocrx_word' id='word_1_553' title='bbox 1700 1867 1749 1894; x_wconf 86' lang='lat' dir='ltr'><strong>sub</strong></span> <span class='ocrx_word' id='word_1_554' title='bbox 1769 1867 1814 1894; x_wconf 87' lang='lat' dir='ltr'><strong>dio</strong></span> 
     </span>
    </p>
   </div>
   <div class='ocr_carea' id='block_1_80' title="bbox 1025 1913 1813 1952">
    <p class='ocr_par' dir='ltr' id='par_1_80' title="bbox 1025 1913 1813 1952">
     <span class='ocr_line' id='line_1_80' title="bbox 1025 1913 1813 1952; baseline -0.008 -7"><span class='ocrx_word' id='word_1_555' title='bbox 1025 1917 1154 1945; x_wconf 71' lang='lat' dir='ltr'><strong>aerumnis</strong></span> <span class='ocrx_word' id='word_1_556' title='bbox 1168 1917 1372 1952; x_wconf 80' lang='lat' dir='ltr'><strong>premebantur,</strong></span> <span class='ocrx_word' id='word_1_557' title='bbox 1405 1924 1437 1942; x_wconf 89' lang='lat' dir='ltr'><strong>ac</strong></span> <span class='ocrx_word' id='word_1_558' title='bbox 1453 1914 1551 1950; x_wconf 82' lang='lat' dir='ltr'><strong>pluviis</strong></span> <span class='ocrx_word' id='word_1_559' title='bbox 1573 1918 1600 1941; x_wconf 91' lang='lat' dir='ltr'><strong>et</strong></span> <span class='ocrx_word' id='word_1_560' title='bbox 1629 1913 1729 1948; x_wconf 68' lang='lat' dir='ltr'><strong>frigore</strong></span> <span class='ocrx_word' id='word_1_561' title='bbox 1746 1920 1813 1940; x_wconf 91' lang='lat' dir='ltr'><strong>con-</strong></span> 
     </span>
    </p>
   </div>
   <div class='ocr_carea' id='block_1_81' title="bbox 1028 1959 1814 1997">
    <p class='ocr_par' dir='ltr' id='par_1_81' title="bbox 1028 1959 1814 1997">
     <span class='ocr_line' id='line_1_81' title="bbox 1028 1959 1814 1997; baseline -0.008 -6"><span class='ocrx_word' id='word_1_562' title='bbox 1028 1963 1214 1995; x_wconf 80' lang='lat' dir='ltr'><strong>ﬂictabantur,</strong></span> <span class='ocrx_word' id='word_1_563' title='bbox 1230 1969 1310 1997; x_wconf 87' lang='lat' dir='ltr'><strong>atque</strong></span> <span class='ocrx_word' id='word_1_564' title='bbox 1323 1963 1404 1991; x_wconf 84' lang='lat' dir='ltr'><strong>etiam</strong></span> <span class='ocrx_word' id='word_1_565' title='bbox 1419 1962 1495 1990; x_wconf 89' lang='lat' dir='ltr'><strong>illinc</strong></span> <span class='ocrx_word' id='word_1_566' title='bbox 1513 1960 1607 1996; x_wconf 88' lang='lat' dir='ltr'><strong>pedem</strong></span> <span class='ocrx_word' id='word_1_567' title='bbox 1625 1959 1721 1987; x_wconf 78' lang='lat' dir='ltr'><strong>eil&#39;erre</strong></span> <span class='ocrx_word' id='word_1_568' title='bbox 1733 1964 1814 1993; x_wconf 80' lang='lat' dir='ltr'><strong>coge-</strong></span> 
     </span>
    </p>
   </div>
   <div class='ocr_carea' id='block_1_82' title="bbox 1025 2004 1814 2042">
    <p class='ocr_par' dir='ltr' id='par_1_82' title="bbox 1025 2004 1814 2042">
     <span class='ocr_line' id='line_1_82' title="bbox 1025 2004 1814 2042; baseline -0.008 -6"><span class='ocrx_word' id='word_1_569' title='bbox 1025 2009 1148 2036; x_wconf 77' lang='lat' dir='ltr'><strong>bantur?</strong></span> <span class='ocrx_word' id='word_1_570' title='bbox 1172 2009 1239 2036; x_wconf 78' lang='lat' dir='ltr'><strong>Nam</strong></span> <span class='ocrx_word' id='word_1_571' title='bbox 1266 2016 1300 2036; x_wconf 88' lang='lat' dir='ltr'><strong>ne</strong></span> <span class='ocrx_word' id='word_1_572' title='bbox 1327 2008 1445 2036; x_wconf 69' lang='lat' dir='ltr'><strong>salitudo</strong></span> <span class='ocrx_word' id='word_1_573' title='bbox 1472 2007 1580 2042; x_wconf 89' lang='lat' dir='ltr'><strong>quidem</strong></span> <span class='ocrx_word' id='word_1_574' title='bbox 1607 2013 1654 2032; x_wconf 87' lang='lat' dir='ltr'><strong>eos</strong></span> <span class='ocrx_word' id='word_1_575' title='bbox 1671 2013 1685 2032; x_wconf 93' lang='lat' dir='ltr'><strong>a</strong></span> <span class='ocrx_word' id='word_1_576' title='bbox 1701 2004 1814 2041; x_wconf 86' lang='lat' dir='ltr'><strong>periculi</strong></span> 
     </span>
    </p>
   </div>
   <div class='ocr_carea' id='block_1_83' title="bbox 1024 2051 1815 2088">
    <p class='ocr_par' dir='ltr' id='par_1_83' title="bbox 1024 2051 1815 2088">
     <span class='ocr_line' id='line_1_83' title="bbox 1024 2051 1815 2088; baseline -0.009 -6"><span class='ocrx_word' id='word_1_577' title='bbox 1024 2059 1097 2082; x_wconf 86' lang='lat' dir='ltr'><strong>metu</strong></span> <span class='ocrx_word' id='word_1_578' title='bbox 1112 2055 1283 2082; x_wconf 87' lang='lat' dir='ltr'><strong>vindicabat.</strong></span> <span class='ocrx_word' id='word_1_579' title='bbox 1300 2053 1377 2087; x_wconf 82' lang='lat' dir='ltr'><strong>Quis,</strong></span> <span class='ocrx_word' id='word_1_580' title='bbox 1396 2058 1424 2080; x_wconf 90' lang='lat' dir='ltr'><strong>ut</strong></span> <span class='ocrx_word' id='word_1_581' title='bbox 1436 2053 1562 2088; x_wconf 78' lang='lat' dir='ltr'><strong>graviora</strong></span> <span class='ocrx_word' id='word_1_582' title='bbox 1584 2051 1732 2085; x_wconf 80' lang='lat' dir='ltr'><strong>proferam,</strong></span> <span class='ocrx_word' id='word_1_583' title='bbox 1751 2057 1815 2076; x_wconf 91' lang='lat' dir='ltr'><strong>cru-</strong></span> 
     </span>
    </p>
   </div>
   <div class='ocr_carea' id='block_1_84' title="bbox 1023 2095 1812 2133">
    <p class='ocr_par' dir='ltr' id='par_1_84' title="bbox 1023 2095 1812 2133">
     <span class='ocr_line' id='line_1_84' title="bbox 1023 2095 1812 2133; baseline -0.008 -6"><span class='ocrx_word' id='word_1_584' title='bbox 1023 2100 1123 2131; x_wconf 87' lang='lat' dir='ltr'><strong>ciatus,</strong></span> <span class='ocrx_word' id='word_1_585' title='bbox 1139 2105 1252 2131; x_wconf 86' lang='lat' dir='ltr'><strong>mortes,</strong></span> <span class='ocrx_word' id='word_1_586' title='bbox 1274 2103 1350 2127; x_wconf 90' lang='lat' dir='ltr'><strong>actos</strong></span> <span class='ocrx_word' id='word_1_587' title='bbox 1366 2099 1399 2126; x_wconf 91' lang='lat' dir='ltr'><strong>de</strong></span> <span class='ocrx_word' id='word_1_588' title='bbox 1415 2098 1560 2133; x_wconf 84' lang='lat' dir='ltr'><strong>episcopis,</strong></span> <span class='ocrx_word' id='word_1_589' title='bbox 1579 2097 1728 2127; x_wconf 86' lang='lat' dir='ltr'><strong>monachis,</strong></span> <span class='ocrx_word' id='word_1_590' title='bbox 1738 2095 1812 2125; x_wconf 88' lang='lat' dir='ltr'><strong>viris.</strong></span> 
     </span>
    </p>
   </div>
   <div class='ocr_carea' id='block_1_85' title="bbox 1024 2140 1814 2178">
    <p class='ocr_par' dir='ltr' id='par_1_85' title="bbox 1024 2140 1814 2178">
     <span class='ocr_line' id='line_1_85' title="bbox 1024 2140 1814 2178; baseline -0.006 -6"><span class='ocrx_word' id='word_1_591' title='bbox 1024 2145 1194 2178; x_wconf 80' lang='lat' dir='ltr'><strong>mulieribus,</strong></span> <span class='ocrx_word' id='word_1_592' title='bbox 1210 2145 1439 2175; x_wconf 84' lang='lat' dir='ltr'><strong>adolescentibus,</strong></span> <span class='ocrx_word' id='word_1_593' title='bbox 1456 2151 1488 2171; x_wconf 88' lang='lat' dir='ltr'><strong>ac</strong></span> <span class='ocrx_word' id='word_1_594' title='bbox 1517 2143 1627 2170; x_wconf 89' lang='lat' dir='ltr'><strong>senibus</strong></span> <span class='ocrx_word' id='word_1_595' title='bbox 1648 2140 1814 2176; x_wconf 76' lang='lat' dir='ltr'><strong>triumphos?</strong></span> 
     </span>
    </p>
   </div>
   <div class='ocr_carea' id='block_1_86' title="bbox 1023 2187 1814 2225">
    <p class='ocr_par' dir='ltr' id='par_1_86' title="bbox 1023 2187 1814 2225">
     <span class='ocr_line' id='line_1_86' title="bbox 1023 2187 1814 2225; baseline -0.008 -9"><span class='ocrx_word' id='word_1_596' title='bbox 1023 2189 1091 2217; x_wconf 84' lang='lat' dir='ltr'><strong>Nam</strong></span> <span class='ocrx_word' id='word_1_597' title='bbox 1106 2191 1171 2225; x_wconf 88' lang='lat' dir='ltr'><strong>qttid</strong></span> <span class='ocrx_word' id='word_1_598' title='bbox 1188 2192 1222 2218; x_wconf 93' lang='lat' dir='ltr'><strong>de</strong></span> <span class='ocrx_word' id='word_1_599' title='bbox 1237 2190 1397 2225; x_wconf 88' lang='lat' dir='ltr'><strong>proceribus</strong></span> <span class='ocrx_word' id='word_1_600' title='bbox 1414 2189 1467 2216; x_wconf 90' lang='lat' dir='ltr'><strong>illis</strong></span> <span class='ocrx_word' id='word_1_601' title='bbox 1480 2189 1580 2220; x_wconf 88' lang='lat' dir='ltr'><strong>dicam,</strong></span> <span class='ocrx_word' id='word_1_602' title='bbox 1593 2187 1639 2222; x_wconf 91' lang='lat' dir='ltr'><strong>qui</strong></span> <span class='ocrx_word' id='word_1_603' title='bbox 1655 2187 1734 2214; x_wconf 90' lang='lat' dir='ltr'><strong>modo</strong></span> <span class='ocrx_word' id='word_1_604' title='bbox 1745 2192 1814 2212; x_wconf 84' lang='lat' dir='ltr'><strong>nova</strong></span> 
     </span>
    </p>
   </div>
   <div class='ocr_carea' id='block_1_87' title="bbox 180 2232 1813 2284">
    <p class='ocr_par' dir='ltr' id='par_1_87' title="bbox 180 2232 1813 2284">
     <span class='ocr_line' id='line_1_87' title="bbox 180 2232 1813 2284; baseline -0.012 -7"><span class='ocrx_word' id='word_1_605' title='bbox 180 2232 314 2278; x_wconf 83' lang='lat' dir='ltr'><strong>tormenta</strong></span> <span class='ocrx_word' id='word_1_606' title='bbox 337 2248 538 2284; x_wconf 81' lang='lat' dir='ltr'><strong>excogitabant,</strong></span> <span class='ocrx_word' id='word_1_607' title='bbox 559 2248 638 2275; x_wconf 91' lang='lat' dir='ltr'><strong>modo</strong></span> <span class='ocrx_word' id='word_1_608' title='bbox 658 2246 686 2273; x_wconf 93' lang='lat' dir='ltr'><strong>in</strong></span> <span class='ocrx_word' id='word_1_609' title='bbox 706 2252 749 2277; x_wconf 85' lang='lat' dir='ltr'><strong>ea,</strong></span> <span class='ocrx_word' id='word_1_610' title='bbox 765 2251 824 2279; x_wconf 76' lang='lat' dir='ltr'><strong>quae</strong></span> <span class='ocrx_word' id='word_1_611' title='bbox 840 2240 990 2276; x_wconf 82' lang='lat' dir='ltr'><strong>excogitata</strong></span> <span class='ocrx_word' id='word_1_612' title='bbox 1010 2238 1128 2270; x_wconf 81' lang='lat' dir='ltr'><strong>fuerant,</strong></span> <span class='ocrx_word' id='word_1_613' title='bbox 1142 2238 1298 2278; x_wconf 70' lang='lat' dir='ltr'><strong>acerbitatis</strong></span> <span class='ocrx_word' id='word_1_614' title='bbox 1327 2237 1428 2272; x_wconf 82' lang='lat' dir='ltr'><strong>aliquid</strong></span> <span class='ocrx_word' id='word_1_615' title='bbox 1448 2236 1592 2267; x_wconf 84' lang='lat' dir='ltr'><strong>addebant,</strong></span> <span class='ocrx_word' id='word_1_616' title='bbox 1617 2239 1730 2267; x_wconf 87' lang='lat' dir='ltr'><strong>seseque</strong></span> <span class='ocrx_word' id='word_1_617' title='bbox 1762 2232 1813 2258; x_wconf 92' lang='lat' dir='ltr'><strong>im-</strong></span> 
     </span>
    </p>
   </div>
   <div class='ocr_carea' id='block_1_88' title="bbox 181 2280 1814 2332">
    <p class='ocr_par' dir='ltr' id='par_1_88' title="bbox 181 2280 1814 2332">
     <span class='ocr_line' id='line_1_88' title="bbox 181 2280 1814 2332; baseline -0.012 -8"><span class='ocrx_word' id='word_1_618' title='bbox 181 2297 289 2332; x_wconf 88' lang='lat' dir='ltr'><strong>pietatis</strong></span> <span class='ocrx_word' id='word_1_619' title='bbox 303 2280 479 2324; x_wconf 66' lang='lat' dir='ltr'><strong>administros</strong></span> <span class='ocrx_word' id='word_1_620' title='bbox 504 2280 671 2331; x_wconf 67' lang='lat' dir='ltr'><strong>praebebant,</strong></span> <span class='ocrx_word' id='word_1_621' title='bbox 713 2293 813 2328; x_wconf 86' lang='lat' dir='ltr'><strong>quibus</strong></span> <span class='ocrx_word' id='word_1_622' title='bbox 835 2290 886 2317; x_wconf 89' lang='lat' dir='ltr'><strong>hoc</strong></span> <span class='ocrx_word' id='word_1_623' title='bbox 919 2294 1002 2315; x_wconf 90' lang='lat' dir='ltr'><strong>unum</strong></span> <span class='ocrx_word' id='word_1_624' title='bbox 1024 2286 1184 2321; x_wconf 86' lang='lat' dir='ltr'><strong>plerumque</strong></span> <span class='ocrx_word' id='word_1_625' title='bbox 1212 2286 1245 2312; x_wconf 86' lang='lat' dir='ltr'><strong>ad</strong></span> <span class='ocrx_word' id='word_1_626' title='bbox 1281 2285 1395 2321; x_wconf 75' lang='lat' dir='ltr'><strong>gloriam</strong></span> <span class='ocrx_word' id='word_1_627' title='bbox 1441 2284 1614 2318; x_wconf 84' lang='lat' dir='ltr'><strong>nominisque</strong></span> <span class='ocrx_word' id='word_1_628' title='bbox 1643 2280 1814 2316; x_wconf 83' lang='lat' dir='ltr'><strong>splendorem</strong></span> 
     </span>
    </p>
   </div>
   <div class='ocr_carea' id='block_1_89' title="bbox 181 2333 1273 2377">
    <p class='ocr_par' dir='ltr' id='par_1_89' title="bbox 181 2333 1273 2377">
     <span class='ocr_line' id='line_1_89' title="bbox 181 2333 1273 2377; baseline -0.008 -8"><span class='ocrx_word' id='word_1_629' title='bbox 181 2342 288 2370; x_wconf 84' lang='lat' dir='ltr'><strong>abunde</strong></span> <span class='ocrx_word' id='word_1_630' title='bbox 304 2342 365 2376; x_wconf 77' lang='lat' dir='ltr'><strong>fuit,</strong></span> <span class='ocrx_word' id='word_1_631' title='bbox 382 2343 454 2377; x_wconf 87' lang='lat' dir='ltr'><strong>quod</strong></span> <span class='ocrx_word' id='word_1_632' title='bbox 468 2341 640 2376; x_wconf 88' lang='lat' dir='ltr'><strong>imperatoris</strong></span> <span class='ocrx_word' id='word_1_633' title='bbox 656 2339 825 2367; x_wconf 80' lang='lat' dir='ltr'><strong>voluntatem</strong></span> <span class='ocrx_word' id='word_1_634' title='bbox 840 2344 887 2363; x_wconf 83' lang='lat' dir='ltr'><strong>sua</strong></span> <span class='ocrx_word' id='word_1_635' title='bbox 905 2333 1066 2362; x_wconf 86' lang='lat' dir='ltr'><strong>crudelitate</strong></span> <span class='ocrx_word' id='word_1_636' title='bbox 1081 2333 1273 2377; x_wconf 66' lang='lat' dir='ltr'><strong>superassent?</strong></span> 
     </span>
    </p>
   </div>
   <div class='ocr_carea' id='block_1_90' title="bbox 217 2381 974 2425">
    <p class='ocr_par' dir='ltr' id='par_1_90' title="bbox 217 2381 974 2425">
     <span class='ocr_line' id='line_1_90' title="bbox 217 2381 974 2425; baseline -0.009 -9"><span class='ocrx_word' id='word_1_637' title='bbox 217 2389 244 2418; x_wconf 90' lang='lat' dir='ltr'><strong>l’.</strong></span> <span class='ocrx_word' id='word_1_638' title='bbox 261 2389 341 2425; x_wconf 75' lang='grc' dir='ltr'>Ἄρτι</span> <span class='ocrx_word' id='word_1_639' title='bbox 366 2388 416 2425; x_wconf 80' lang='grc' dir='ltr'>μὲν</span> <span class='ocrx_word' id='word_1_640' title='bbox 438 2389 452 2416; x_wconf 85' lang='grc' dir='ltr'><strong>ὁ</strong></span> <span class='ocrx_word' id='word_1_641' title='bbox 468 2388 594 2425; x_wconf 83' lang='grc' dir='ltr'>λαμπρὸς</span> <span class='ocrx_word' id='word_1_642' title='bbox 607 2387 726 2422; x_wconf 78' lang='grc' dir='ltr'>διωγμὸς</span> <span class='ocrx_word' id='word_1_643' title='bbox 740 2384 796 2421; x_wconf 74' lang='grc' dir='ltr'>εἶχε</span> <span class='ocrx_word' id='word_1_644' title='bbox 812 2384 909 2420; x_wconf 79' lang='grc' dir='ltr'>πέρας,</span> <span class='ocrx_word' id='word_1_645' title='bbox 926 2381 974 2408; x_wconf 71' lang='grc' dir='ltr'>καὶ</span> 
     </span>
    </p>
   </div>
   <div class='ocr_carea' id='block_1_91' title="bbox 217 2455 764 2491">
    <p class='ocr_par' dir='ltr' id='par_1_91' title="bbox 217 2455 764 2491">
     <span class='ocr_line' id='line_1_91' title="bbox 217 2455 764 2491; baseline -0.005 -5"><span class='ocrx_word' id='word_1_646' title='bbox 217 2458 241 2476; x_wconf 72' lang='grc'><strong>⁸⁷</strong></span> <span class='ocrx_word' id='word_1_647' title='bbox 257 2457 325 2486; x_wconf 90' lang='lat' dir='ltr'><strong>Luc.</strong></span> <span class='ocrx_word' id='word_1_648' title='bbox 339 2466 399 2491; x_wconf 83' lang='lat' dir='ltr'><strong>Vill,</strong></span> <span class='ocrx_word' id='word_1_649' title='bbox 418 2458 465 2486; x_wconf 75' lang='lat'><strong>30.</strong></span> <span class='ocrx_word' id='word_1_650' title='bbox 503 2458 527 2474; x_wconf 78' lang='grc'><strong><em>⁵⁸</em></strong></span> <span class='ocrx_word' id='word_1_651' title='bbox 543 2457 616 2486; x_wconf 84' lang='lat' dir='ltr'><strong>Psal.</strong></span> <span class='ocrx_word' id='word_1_652' title='bbox 633 2465 720 2490; x_wconf 76' lang='lat' dir='ltr'><strong>utut,</strong></span> <span class='ocrx_word' id='word_1_653' title='bbox 737 2455 764 2484; x_wconf 85' lang='lat'><strong>8.</strong></span> 
     </span>
    </p>
   </div>
   <div class='ocr_carea' id='block_1_92' title="bbox 1063 2372 1815 2416">
    <p class='ocr_par' dir='ltr' id='par_1_92' title="bbox 1063 2372 1815 2416">
     <span class='ocr_line' id='line_1_92' title="bbox 1063 2372 1815 2416; baseline -0.009 -10"><span class='ocrx_word' id='word_1_654' title='bbox 1063 2379 1096 2407; x_wconf 78' lang='grc' dir='ltr'><strong>Χ.</strong></span> <span class='ocrx_word' id='word_1_655' title='bbox 1123 2372 1175 2408; x_wconf 72' lang='grc' dir='ltr'>5ὲά</span> <span class='ocrx_word' id='word_1_656' title='bbox 1192 2381 1248 2416; x_wconf 86' lang='lat' dir='ltr'><strong>jam</strong></span> <span class='ocrx_word' id='word_1_657' title='bbox 1271 2381 1379 2408; x_wconf 86' lang='lat' dir='ltr'><strong>interim</strong></span> <span class='ocrx_word' id='word_1_658' title='bbox 1400 2377 1539 2414; x_wconf 84' lang='lat' dir='ltr'><strong>splendida</strong></span> <span class='ocrx_word' id='word_1_659' title='bbox 1557 2375 1710 2412; x_wconf 88' lang='lat' dir='ltr'><strong>persecutio</strong></span> <span class='ocrx_word' id='word_1_660' title='bbox 1734 2374 1815 2401; x_wconf 75' lang='lat' dir='ltr'><strong>[litem</strong></span> 
     </span>
    </p>
   </div>
   <div class='ocr_carea' id='block_1_93' title="bbox 183 2498 979 2548">
    <p class='ocr_par' dir='ltr' id='par_1_93' title="bbox 183 2507 966 2548">
     <span class='ocr_line' id='line_1_93' title="bbox 183 2507 966 2548; baseline -0.009 -6"><span class='ocrx_word' id='word_1_661' title='bbox 183 2514 294 2548; x_wconf 89' lang='lat' dir='ltr'><strong>tinopoli</strong></span> <span class='ocrx_word' id='word_1_662' title='bbox 311 2514 407 2542; x_wconf 83' lang='lat' dir='ltr'><strong>Novati</strong></span> <span class='ocrx_word' id='word_1_663' title='bbox 433 2523 535 2542; x_wconf 80' lang='lat' dir='ltr'><strong>erroris</strong></span> <span class='ocrx_word' id='word_1_664' title='bbox 562 2515 701 2547; x_wconf 68' lang='lat' dir='ltr'><strong>reliquiae;</strong></span> <span class='ocrx_word' id='word_1_665' title='bbox 727 2514 774 2540; x_wconf 86' lang='lat' dir='ltr'><strong>sed</strong></span> <span class='ocrx_word' id='word_1_666' title='bbox 801 2511 864 2546; x_wconf 88' lang='lat' dir='ltr'><strong>quia</strong></span> <span class='ocrx_word' id='word_1_667' title='bbox 884 2507 966 2548; x_wconf 61' lang='lat' dir='ltr'><strong>Verbi</strong></span> 
     </span>
    </p>
   </div>
   <div class='ocr_carea' id='block_1_94' title="bbox 1020 2498 1822 2548">
    <p class='ocr_par' dir='ltr' id='par_1_94' title="bbox 1023 2498 1822 2548">
     <span class='ocr_line' id='line_1_94' title="bbox 1023 2498 1822 2548; baseline -0.011 -15"><span class='ocrx_word' id='word_1_668' title='bbox 1023 2505 1174 2548; x_wconf 42' lang='grc' dir='ltr'>ξξουλιανοῦ.</span> <span class='ocrx_word' id='word_1_669' title='bbox 1188 2505 1303 2547; x_wconf 39' lang='grc' dir='ltr'>’ἐπαινεῖ</span> <span class='ocrx_word' id='word_1_670' title='bbox 1318 2540 1324 2548; x_wconf 53' lang='grc' dir='ltr'><strong>Ι</strong></span> <span class='ocrx_word' id='word_1_671' title='bbox 1333 2503 1544 2548; x_wconf 28' lang='grc' dir='ltr'>Κωνστάντιονᾶ·</span> <span class='ocrx_word' id='word_1_672' title='bbox 1679 2498 1822 2548; x_wconf 41' lang='grc' dir='ltr'><strong>,ὦσε</strong></span> 
     </span>
    </p>
   </div>
   <div class='ocr_carea' id='block_1_95' title="bbox 182 2544 969 2586">
    <p class='ocr_par' dir='ltr' id='par_1_95' title="bbox 182 2544 969 2586">
     <span class='ocr_line' id='line_1_95' title="bbox 182 2544 969 2586; baseline -0.003 -10"><span class='ocrx_word' id='word_1_673' title='bbox 182 2544 489 2586; x_wconf 70' lang='lat' dir='ltr'><strong>cortsttbstantialitatem</strong></span> <span class='ocrx_word' id='word_1_674' title='bbox 504 2544 700 2586; x_wconf 72' lang='lat' dir='ltr'><strong>agnoscebant,</strong></span> <span class='ocrx_word' id='word_1_675' title='bbox 712 2544 817 2580; x_wconf 65' lang='lat' dir='ltr'><strong>mitius,</strong></span> <span class='ocrx_word' id='word_1_676' title='bbox 827 2553 908 2582; x_wconf 86' lang='lat' dir='ltr'><strong>quam</strong></span> <span class='ocrx_word' id='word_1_677' title='bbox 923 2544 969 2571; x_wconf 75' lang='lat' dir='ltr'><strong>alii</strong></span> 
     </span>
    </p>
   </div>
   <div class='ocr_carea' id='block_1_96' title="bbox 183 2585 506 2614">
    <p class='ocr_par' dir='ltr' id='par_1_96' title="bbox 183 2585 506 2614">
     <span class='ocr_line' id='line_1_96' title="bbox 183 2585 506 2614; baseline -0.006 -1"><span class='ocrx_word' id='word_1_678' title='bbox 183 2585 313 2614; x_wconf 68' lang='lat' dir='ltr'><strong>hmretici.</strong></span> <span class='ocrx_word' id='word_1_679' title='bbox 333 2585 414 2613; x_wconf 86' lang='lat' dir='ltr'><strong>habiti</strong></span> <span class='ocrx_word' id='word_1_680' title='bbox 434 2590 506 2612; x_wconf 89' lang='lat' dir='ltr'><strong>sunt.</strong></span> 
     </span>
    </p>
   </div>
   <div class='ocr_carea' id='block_1_97' title="bbox 217 2619 719 2655">
    <p class='ocr_par' dir='ltr' id='par_1_97' title="bbox 217 2619 719 2655">
     <span class='ocr_line' id='line_1_97' title="bbox 217 2619 719 2655; baseline 0.002 -9"><span class='ocrx_word' id='word_1_681' title='bbox 217 2620 274 2654; x_wconf 71' lang='lat'><strong>(37)</strong></span> <span class='ocrx_word' id='word_1_682' title='bbox 303 2619 370 2655; x_wconf 83' lang='grc' dir='ltr'><strong>Τῆς.</strong></span> <span class='ocrx_word' id='word_1_683' title='bbox 385 2620 430 2647; x_wconf 88' lang='lat' dir='ltr'><strong>Sic</strong></span> <span class='ocrx_word' id='word_1_684' title='bbox 449 2621 494 2648; x_wconf 89' lang='lat' dir='ltr'><strong>0r.</strong></span> <span class='ocrx_word' id='word_1_685' title='bbox 508 2621 534 2648; x_wconf 78' lang='lat' dir='ltr'><strong>l.</strong></span> <span class='ocrx_word' id='word_1_686' title='bbox 551 2621 578 2647; x_wconf 92' lang='lat' dir='ltr'><strong>In</strong></span> <span class='ocrx_word' id='word_1_687' title='bbox 592 2620 648 2652; x_wconf 87' lang='lat' dir='ltr'><strong>ed.,</strong></span> <span class='ocrx_word' id='word_1_688' title='bbox 659 2619 719 2647; x_wconf 79' lang='grc' dir='ltr'>τοῦ.</span> 
     </span>
    </p>
   </div>
   <div class='ocr_carea' id='block_1_98' title="bbox 219 2653 973 2690">
    <p class='ocr_par' dir='ltr' id='par_1_98' title="bbox 219 2653 973 2690">
     <span class='ocr_line' id='line_1_98' title="bbox 219 2653 973 2690; baseline -0.007 -8"><span class='ocrx_word' id='word_1_689' title='bbox 219 2655 276 2688; x_wconf 74' lang='lat'><strong>(28)</strong></span> <span class='ocrx_word' id='word_1_690' title='bbox 298 2653 526 2690; x_wconf 61' lang='lat' dir='ltr'><strong>&#39;Eaipelsnio&#39;ag.</strong></span> <span class='ocrx_word' id='word_1_691' title='bbox 545 2666 555 2682; x_wconf 80' lang='grc' dir='ltr'><strong>ι</strong></span> <span class='ocrx_word' id='word_1_692' title='bbox 568 2656 712 2683; x_wconf 80' lang='lat' dir='ltr'><strong>Meditatus</strong></span> <span class='ocrx_word' id='word_1_693' title='bbox 728 2657 810 2690; x_wconf 81' lang='lat' dir='ltr'><strong>esset,</strong></span> <span class='ocrx_word' id='word_1_694' title='bbox 826 2653 852 2680; x_wconf 90' lang='lat' dir='ltr'><strong>in</strong></span> <span class='ocrx_word' id='word_1_695' title='bbox 868 2659 897 2690; x_wconf 83' lang='lat' dir='ltr'><strong>se</strong></span> <span class='ocrx_word' id='word_1_696' title='bbox 907 2658 973 2678; x_wconf 79' lang='lat' dir='ltr'><strong>con-</strong></span> 
     </span>
    </p>
   </div>
   <div class='ocr_carea' id='block_1_99' title="bbox 184 2689 974 2726">
    <p class='ocr_par' dir='ltr' id='par_1_99' title="bbox 184 2689 974 2726">
     <span class='ocr_line' id='line_1_99' title="bbox 184 2689 974 2726; baseline -0.006 -9"><span class='ocrx_word' id='word_1_697' title='bbox 184 2691 312 2722; x_wconf 80' lang='lat' dir='ltr'><strong>cepisset.</strong></span> <span class='ocrx_word' id='word_1_698' title='bbox 327 2689 349 2726; x_wconf 17' lang='lat' dir='ltr'><strong>si</strong></span> <span class='ocrx_word' id='word_1_699' title='bbox 371 2690 428 2718; x_wconf 87' lang='lat' dir='ltr'><strong>Non</strong></span> <span class='ocrx_word' id='word_1_700' title='bbox 447 2691 481 2718; x_wconf 90' lang='lat' dir='ltr'><strong>ab</strong></span> <span class='ocrx_word' id='word_1_701' title='bbox 501 2691 556 2718; x_wconf 87' lang='lat' dir='ltr'><strong>alio</strong></span> <span class='ocrx_word' id='word_1_702' title='bbox 579 2691 688 2726; x_wconf 87' lang='lat' dir='ltr'><strong>quidem</strong></span> <span class='ocrx_word' id='word_1_703' title='bbox 704 2689 861 2726; x_wconf 75' lang='lat' dir='ltr'><strong>pestiferum</strong></span> <span class='ocrx_word' id='word_1_704' title='bbox 877 2689 974 2726; x_wconf 77' lang='lat' dir='ltr'><strong>dogma</strong></span> 
     </span>
    </p>
   </div>
   <div class='ocr_carea' id='block_1_100' title="bbox 184 2721 974 2760">
    <p class='ocr_par' dir='ltr' id='par_1_100' title="bbox 184 2721 974 2760">
     <span class='ocr_line' id='line_1_100' title="bbox 184 2721 974 2760; baseline -0.004 -9"><span class='ocrx_word' id='word_1_705' title='bbox 184 2721 316 2753; x_wconf 84' lang='lat' dir='ltr'><strong>didicerat</strong></span> <span class='ocrx_word' id='word_1_706' title='bbox 328 2725 419 2758; x_wconf 82' lang='lat' dir='ltr'><strong>Arius;</strong></span> <span class='ocrx_word' id='word_1_707' title='bbox 431 2732 526 2753; x_wconf 84' lang='lat' dir='ltr'><strong>auctor</strong></span> <span class='ocrx_word' id='word_1_708' title='bbox 537 2721 609 2753; x_wconf 80' lang='lat' dir='ltr'><strong>enim</strong></span> <span class='ocrx_word' id='word_1_709' title='bbox 627 2721 753 2760; x_wconf 77' lang='lat' dir='ltr'><strong>ipsel‘uit.</strong></span> <span class='ocrx_word' id='word_1_710' title='bbox 770 2723 838 2752; x_wconf 81' lang='lat' dir='ltr'><strong>Male</strong></span> <span class='ocrx_word' id='word_1_711' title='bbox 851 2722 933 2760; x_wconf 65' lang='lat' dir='ltr'><strong>igitur</strong></span> <span class='ocrx_word' id='word_1_712' title='bbox 946 2721 974 2748; x_wconf 94' lang='lat' dir='ltr'><strong>in</strong></span> 
     </span>
    </p>
   </div>
   <div class='ocr_carea' id='block_1_101' title="bbox 183 2757 974 2800">
    <p class='ocr_par' dir='ltr' id='par_1_101' title="bbox 183 2757 974 2800">
     <span class='ocr_line' id='line_1_101' title="bbox 183 2757 974 2800; baseline -0.004 -14"><span class='ocrx_word' id='word_1_713' title='bbox 183 2761 266 2800; x_wconf 45' lang='lat' dir='ltr'><strong>editis.</strong></span> <span class='ocrx_word' id='word_1_714' title='bbox 281 2770 290 2787; x_wconf 82' lang='grc' dir='ltr'><strong>ι</strong></span> <span class='ocrx_word' id='word_1_715' title='bbox 304 2757 483 2800; x_wconf 26' lang='lat' dir='ltr'><strong>didicissctar</strong></span> <span class='ocrx_word' id='word_1_716' title='bbox 495 2757 652 2800; x_wconf 70' lang='lat' dir='ltr'><strong>Neetatnen</strong></span> <span class='ocrx_word' id='word_1_717' title='bbox 663 2760 812 2800; x_wconf 72' lang='lat' dir='ltr'><strong>culpandus</strong></span> <span class='ocrx_word' id='word_1_718' title='bbox 820 2764 862 2786; x_wconf 74' lang='lat' dir='ltr'><strong>est</strong></span> <span class='ocrx_word' id='word_1_719' title='bbox 871 2757 974 2788; x_wconf 75' lang='lat' dir='ltr'><strong>Billius,</strong></span> 
     </span>
    </p>
   </div>
   <div class='ocr_carea' id='block_1_102' title="bbox 183 2795 972 2831">
    <p class='ocr_par' dir='ltr' id='par_1_102' title="bbox 183 2795 972 2831">
     <span class='ocr_line' id='line_1_102' title="bbox 183 2795 972 2831; baseline -0.006 -8"><span class='ocrx_word' id='word_1_720' title='bbox 183 2804 245 2831; x_wconf 79' lang='lat' dir='ltr'><strong>cum</strong></span> <span class='ocrx_word' id='word_1_721' title='bbox 261 2795 287 2822; x_wconf 93' lang='lat' dir='ltr'><strong>in</strong></span> <span class='ocrx_word' id='word_1_722' title='bbox 311 2796 396 2827; x_wconf 78' lang='lat' dir='ltr'><strong>prima</strong></span> <span class='ocrx_word' id='word_1_723' title='bbox 418 2797 537 2824; x_wconf 83' lang='lat' dir='ltr'><strong>editione</strong></span> <span class='ocrx_word' id='word_1_724' title='bbox 555 2797 668 2831; x_wconf 79' lang='lat' dir='ltr'><strong>legatur,</strong></span> <span class='ocrx_word' id='word_1_725' title='bbox 688 2805 697 2822; x_wconf 85' lang='lat' dir='ltr'><strong>t</strong></span> <span class='ocrx_word' id='word_1_726' title='bbox 710 2795 856 2831; x_wconf 69' lang='lat' dir='ltr'><strong>meditatus</strong></span> <span class='ocrx_word' id='word_1_727' title='bbox 865 2797 948 2831; x_wconf 84' lang='lat' dir='ltr'><strong>es_s_et.</strong></span> <span class='ocrx_word' id='word_1_728' title='bbox 962 2801 972 2817; x_wconf 77' lang='grc' dir='ltr'><strong>ι</strong></span> 
     </span>
    </p>
   </div>
   <div class='ocr_carea' id='block_1_103' title="bbox 219 2828 975 2870">
    <p class='ocr_par' dir='ltr' id='par_1_103' title="bbox 219 2828 975 2870">
     <span class='ocr_line' id='line_1_103' title="bbox 219 2828 975 2870; baseline -0.015 -6"><span class='ocrx_word' id='word_1_729' title='bbox 219 2830 277 2870; x_wconf 60' lang='grc' dir='ltr'>(ἳθὶ</span> <span class='ocrx_word' id='word_1_730' title='bbox 291 2831 411 2870; x_wconf 63' lang='grc' dir='ltr'><strong>Πρνῃρει</strong></span> <span class='ocrx_word' id='word_1_731' title='bbox 420 2828 687 2870; x_wconf 57' lang='grc' dir='ltr'><strong>βασιλείᾳ.’5‹;1ιοι.</strong></span> <span class='ocrx_word' id='word_1_732' title='bbox 707 2840 725 2870; x_wconf 81' lang='lat'><strong>:_</strong></span> <span class='ocrx_word' id='word_1_733' title='bbox 734 2828 817 2870; x_wconf 76' lang='grc' dir='ltr'>οἶμαι</span> <span class='ocrx_word' id='word_1_734' title='bbox 830 2829 882 2870; x_wconf 47' lang='grc' dir='ltr'>τὴν</span> <span class='ocrx_word' id='word_1_735' title='bbox 895 2829 975 2870; x_wconf 42' lang='lat' dir='ltr'><strong>litav-</strong></span> 
     </span>
    </p>
   </div>
   <div class='ocr_carea' id='block_1_104' title="bbox 184 2864 976 2902">
    <p class='ocr_par' dir='ltr' id='par_1_104' title="bbox 184 2864 976 2902">
     <span class='ocr_line' id='line_1_104' title="bbox 184 2864 976 2902; baseline -0.003 -10"><span class='ocrx_word' id='word_1_736' title='bbox 184 2866 309 2902; x_wconf 72' lang='grc' dir='ltr'>σταντίου</span> <span class='ocrx_word' id='word_1_737' title='bbox 329 2866 418 2900; x_wconf 80' lang='grc' dir='ltr'>λέγειν</span> <span class='ocrx_word' id='word_1_738' title='bbox 433 2867 514 2894; x_wconf 85' lang='grc' dir='ltr'>αὐτόν</span> <span class='ocrx_word' id='word_1_739' title='bbox 524 2876 532 2884; x_wconf 91' lang='grc'><strong>·</strong></span> <span class='ocrx_word' id='word_1_740' title='bbox 551 2866 677 2902; x_wconf 63' lang='grc' dir='ltr'>ἐπιφέρει</span> <span class='ocrx_word' id='word_1_741' title='bbox 695 2865 749 2902; x_wconf 86' lang='grc' dir='ltr'>γὰρ</span> <span class='ocrx_word' id='word_1_742' title='bbox 763 2864 812 2901; x_wconf 79' lang='grc' dir='ltr'>τὴν</span> <span class='ocrx_word' id='word_1_743' title='bbox 827 2864 890 2902; x_wconf 77' lang='grc' dir='ltr'><strong>ἑξῆς</strong></span> <span class='ocrx_word' id='word_1_744' title='bbox 911 2864 976 2902; x_wconf 60' lang='grc' dir='ltr'>Ίους</span> 
     </span>
    </p>
   </div>
   <div class='ocr_carea' id='block_1_105' title="bbox 184 2898 976 2938">
    <p class='ocr_par' dir='ltr' id='par_1_105' title="bbox 184 2898 976 2938">
     <span class='ocr_line' id='line_1_105' title="bbox 184 2898 976 2938; baseline -0.003 -11"><span class='ocrx_word' id='word_1_745' title='bbox 184 2899 277 2929; x_wconf 79' lang='grc' dir='ltr'>λιανοῦ</span> <span class='ocrx_word' id='word_1_746' title='bbox 292 2901 341 2929; x_wconf 80' lang='grc' dir='ltr'>καὶ</span> <span class='ocrx_word' id='word_1_747' title='bbox 354 2898 514 2935; x_wconf 72' lang='grc' dir='ltr'>Οὐάλεντος,</span> <span class='ocrx_word' id='word_1_748' title='bbox 536 2898 770 2938; x_wconf 71' lang='grc' dir='ltr'>Σκοπῷὀὖν’τίνι</span> <span class='ocrx_word' id='word_1_749' title='bbox 788 2898 817 2928; x_wconf 73' lang='grc' dir='ltr'>ἐν</span> <span class='ocrx_word' id='word_1_750' title='bbox 831 2901 888 2932; x_wconf 85' lang='grc' dir='ltr'>τοῖς</span> <span class='ocrx_word' id='word_1_751' title='bbox 905 2898 976 2926; x_wconf 81' lang='grc' dir='ltr'>κατὰ</span> 
     </span>
    </p>
   </div>
   <div class='ocr_carea' id='block_1_106' title="bbox 1024 2534 1815 2573">
    <p class='ocr_par' dir='ltr' id='par_1_106' title="bbox 1024 2534 1815 2573">
     <span class='ocr_line' id='line_1_106' title="bbox 1024 2534 1815 2573; baseline -0.008 -7"><span class='ocrx_word' id='word_1_752' title='bbox 1024 2541 1174 2568; x_wconf 81' lang='lat' dir='ltr'><strong>Constantii</strong></span> <span class='ocrx_word' id='word_1_753' title='bbox 1188 2541 1301 2573; x_wconf 80' lang='lat' dir='ltr'><strong>imperio</strong></span> <span class='ocrx_word' id='word_1_754' title='bbox 1318 2539 1408 2573; x_wconf 79' lang='lat' dir='ltr'><strong>loqui;</strong></span> <span class='ocrx_word' id='word_1_755' title='bbox 1427 2547 1488 2565; x_wconf 87' lang='lat' dir='ltr'><strong>natu</strong></span> <span class='ocrx_word' id='word_1_756' title='bbox 1511 2538 1537 2564; x_wconf 89' lang='lat' dir='ltr'><strong>in</strong></span> <span class='ocrx_word' id='word_1_757' title='bbox 1552 2535 1727 2573; x_wconf 81' lang='lat' dir='ltr'><strong>sequentibus</strong></span> <span class='ocrx_word' id='word_1_758' title='bbox 1741 2534 1815 2573; x_wconf 78' lang='lat' dir='ltr'><strong>addit</strong></span> 
     </span>
    </p>
   </div>
   <div class='ocr_carea' id='block_1_107' title="bbox 1023 2569 1815 2608">
    <p class='ocr_par' dir='ltr' id='par_1_107' title="bbox 1023 2569 1815 2608">
     <span class='ocr_line' id='line_1_107' title="bbox 1023 2569 1815 2608; baseline -0.01 -6"><span class='ocrx_word' id='word_1_759' title='bbox 1023 2575 1123 2602; x_wconf 79' lang='lat' dir='ltr'><strong>Juliaui</strong></span> <span class='ocrx_word' id='word_1_760' title='bbox 1138 2581 1165 2602; x_wconf 88' lang='lat' dir='ltr'><strong>et</strong></span> <span class='ocrx_word' id='word_1_761' title='bbox 1182 2569 1304 2603; x_wconf 80' lang='lat' dir='ltr'><strong>Valentis</strong></span> <span class='ocrx_word' id='word_1_762' title='bbox 1319 2569 1477 2608; x_wconf 52' lang='lat' dir='ltr'><strong>imperium,</strong></span> <span class='ocrx_word' id='word_1_763' title='bbox 1506 2569 1694 2608; x_wconf 33' lang='lat' dir='ltr'><strong>Certo&#39;itaqtte</strong></span> <span class='ocrx_word' id='word_1_764' title='bbox 1722 2569 1815 2608; x_wconf 81' lang='lat' dir='ltr'><strong>consi-</strong></span> 
     </span>
    </p>
   </div>
   <div class='ocr_carea' id='block_1_108' title="bbox 1023 2604 1815 2673">
    <p class='ocr_par' dir='ltr' id='par_1_108' title="bbox 1023 2604 1815 2673">
     <span class='ocr_line' id='line_1_108' title="bbox 1023 2604 1815 2673; baseline -0.01 -36"><span class='ocrx_word' id='word_1_765' title='bbox 1023 2611 1112 2673; x_wconf 54' lang='lat' dir='ltr'><strong>iio,&#39;itt</strong></span> <span class='ocrx_word' id='word_1_766' title='bbox 1130 2610 1305 2639; x_wconf 77' lang='lat' dir='ltr'><strong>Orationibus</strong></span> <span class='ocrx_word' id='word_1_767' title='bbox 1323 2604 1453 2637; x_wconf 57' lang='lat' dir='ltr'><strong>adiersus</strong></span> <span class='ocrx_word' id='word_1_768' title='bbox 1465 2607 1611 2639; x_wconf 80' lang='lat' dir='ltr'><strong>Juliauutn,</strong></span> <span class='ocrx_word' id='word_1_769' title='bbox 1627 2604 1815 2632; x_wconf 85' lang='lat' dir='ltr'><strong>Constantium</strong></span> 
     </span>
     <span class='ocr_line' id='line_1_109' title="bbox 1034 2651 1154 2673; baseline -0.008 0"><span class='ocrx_word' id='word_1_770' title='bbox 1034 2651 1123 2673; x_wconf 76' lang='lat' dir='ltr'><strong>autat.</strong></span> <span class='ocrx_word' id='word_1_771' title='bbox 1144 2657 1154 2672; x_wconf 70' lang='grc' dir='ltr'><strong>ι</strong></span> 
     </span>
    </p>
   </div>
   <div class='ocr_carea' id='block_1_109' title="bbox 1034 2654 1717 2716">
    <p class='ocr_par' dir='ltr' id='par_1_109' title="bbox 1034 2654 1717 2716">
     <span class='ocr_line' id='line_1_110' title="bbox 1034 2654 1717 2716; baseline -0.013 -6"><span class='ocrx_word' id='word_1_772' title='bbox 1133 2657 1249 2715; x_wconf 42' lang='lat' dir='ltr'><strong>Ezram.</strong></span> <span class='ocrx_word' id='word_1_773' title='bbox 1262 2681 1329 2708; x_wconf 81' lang='lat' dir='ltr'><strong>Tres</strong></span> <span class='ocrx_word' id='word_1_774' title='bbox 1349 2680 1433 2714; x_wconf 69' lang='lat' dir='ltr'><strong>chg.</strong></span> <span class='ocrx_word' id='word_1_775' title='bbox 1446 2699 1453 2710; x_wconf 89' lang='lat'><strong>,</strong></span> <span class='ocrx_word' id='word_1_776' title='bbox 1466 2683 1492 2716; x_wconf 87' lang='lat' dir='ltr'><strong>et</strong></span> <span class='ocrx_word' id='word_1_777' title='bbox 1512 2677 1559 2716; x_wconf 67' lang='grc' dir='ltr'><strong>ρι’.</strong></span> <span class='ocrx_word' id='word_1_778' title='bbox 1574 2677 1599 2716; x_wconf 39' lang='grc' dir='ltr'><strong>ί..</strong></span> <span class='ocrx_word' id='word_1_779' title='bbox 1614 2674 1717 2716; x_wconf 72' lang='grc' dir='ltr'>ἀναζεῖ.</span> 
     </span>
    </p>
   </div>
   <div class='ocr_carea' id='block_1_110' title="bbox 1059 2683 1815 2753">
    <p class='ocr_par' dir='ltr' id='par_1_110' title="bbox 1059 2683 1815 2753">
     <span class='ocr_line' id='line_1_111' title="bbox 1059 2683 1717 2716; baseline -0.012 -7"><span class='ocrx_word' id='word_1_780' title='bbox 1059 2683 1105 2716; x_wconf 77' lang='grc'>(30</span> <span class='ocrx_word' id='word_1_781' title='bbox 1133 2683 1249 2715; x_wconf 67' lang='grc' dir='ltr'><strong>Ἀτ-αζῇ.</strong></span> <span class='ocrx_word' id='word_1_782' title='bbox 1262 2683 1329 2708; x_wconf 82' lang='lat' dir='ltr'><strong>Tres</strong></span> <span class='ocrx_word' id='word_1_783' title='bbox 1350 2683 1433 2714; x_wconf 57' lang='grc' dir='ltr'><strong>κρίκε.</strong></span> <span class='ocrx_word' id='word_1_784' title='bbox 1446 2699 1453 2710; x_wconf 89' lang='grc'><strong>,</strong></span> <span class='ocrx_word' id='word_1_785' title='bbox 1466 2683 1492 2705; x_wconf 92' lang='lat' dir='ltr'><strong>et</strong></span> <span class='ocrx_word' id='word_1_786' title='bbox 1512 2683 1559 2705; x_wconf 90' lang='lat' dir='ltr'><strong>Ur.</strong></span> <span class='ocrx_word' id='word_1_787' title='bbox 1574 2683 1599 2707; x_wconf 76' lang='grc' dir='ltr'><strong>ι,</strong></span> <span class='ocrx_word' id='word_1_788' title='bbox 1614 2683 1717 2707; x_wconf 60' lang='lat' dir='ltr'><strong>auget.</strong></span> 
     </span>
     <span class='ocr_line' id='line_1_112' title="bbox 1059 2683 1815 2753; baseline -0.013 -8"><span class='ocrx_word' id='word_1_789' title='bbox 1059 2683 1117 2753; x_wconf 58' lang='grc'>(51)</span> <span class='ocrx_word' id='word_1_790' title='bbox 1129 2717 1314 2752; x_wconf 81' lang='grc' dir='ltr'>Νομοθετῶν.</span> <span class='ocrx_word' id='word_1_791' title='bbox 1337 2713 1635 2753; x_wconf 57' lang='lat' dir='ltr'><strong>Constantiusimpiam</strong></span> <span class='ocrx_word' id='word_1_792' title='bbox 1654 2711 1737 2753; x_wconf 73' lang='lat' dir='ltr'><strong>legent</strong></span> <span class='ocrx_word' id='word_1_793' title='bbox 1750 2717 1777 2753; x_wconf 78' lang='lat' dir='ltr'><strong>sa</strong></span> <span class='ocrx_word' id='word_1_794' title='bbox 1785 2717 1815 2735; x_wconf 85' lang='lat' dir='ltr'><strong>n—</strong></span> 
     </span>
    </p>
   </div>
   <div class='ocr_carea' id='block_1_111' title="bbox 1025 2745 1816 2796">
    <p class='ocr_par' dir='ltr' id='par_1_111' title="bbox 1025 2745 1816 2788">
     <span class='ocr_line' id='line_1_113' title="bbox 1025 2745 1816 2788; baseline -0.015 -6"><span class='ocrx_word' id='word_1_795' title='bbox 1025 2745 1074 2786; x_wconf 49' lang='lat' dir='ltr'><strong>xit‘,</strong></span> <span class='ocrx_word' id='word_1_796' title='bbox 1090 2745 1141 2788; x_wconf 74' lang='lat' dir='ltr'><strong>qua</strong></span> <span class='ocrx_word' id='word_1_797' title='bbox 1157 2745 1215 2780; x_wconf 71' lang='lat' dir='ltr'><strong>voci</strong></span> <span class='ocrx_word' id='word_1_798' title='bbox 1236 2751 1384 2788; x_wconf 84' lang='grc' dir='ltr'>ὁμοουσίῳ,</span> <span class='ocrx_word' id='word_1_799' title='bbox 1407 2757 1499 2776; x_wconf 74' lang='lat' dir='ltr'><strong>vocem</strong></span> <span class='ocrx_word' id='word_1_800' title='bbox 1517 2745 1668 2784; x_wconf 64' lang='grc' dir='ltr'>ὁμοὶούσιον</span> <span class='ocrx_word' id='word_1_801' title='bbox 1684 2745 1816 2780; x_wconf 71' lang='lat' dir='ltr'><strong>subroga-</strong></span> 
     </span>
    </p>
   </div>
   <div class='ocr_carea' id='block_1_112' title="bbox 1025 2794 1816 2861">
    <p class='ocr_par' dir='ltr' id='par_1_112' title="bbox 1025 2794 1816 2861">
     <span class='ocr_line' id='line_1_114' title="bbox 1025 2794 1816 2861; baseline -0.011 -9"><span class='ocrx_word' id='word_1_802' title='bbox 1025 2794 1117 2861; x_wconf 55' lang='lat' dir='ltr'><strong>Vll(.52)</strong></span> <span class='ocrx_word' id='word_1_803' title='bbox 1183 2823 1276 2861; x_wconf 74' lang='grc' dir='ltr'>δεινὰ,</span> <span class='ocrx_word' id='word_1_804' title='bbox 1299 2831 1369 2855; x_wconf 85' lang='grc' dir='ltr'>τους</span> <span class='ocrx_word' id='word_1_805' title='bbox 1387 2818 1673 2855; x_wconf 73' lang='grc' dir='ltr'>προσεπινοοῦιτας.</span> <span class='ocrx_word' id='word_1_806' title='bbox 1690 2815 1753 2844; x_wconf 68' lang='lat' dir='ltr'><strong>llaec</strong></span> <span class='ocrx_word' id='word_1_807' title='bbox 1766 2815 1816 2844; x_wconf 78' lang='lat' dir='ltr'><strong>de-</strong></span> 
     </span>
    </p>
   </div>
   <div class='ocr_carea' id='block_1_113' title="bbox 1025 2860 1284 2893">
    <p class='ocr_par' dir='ltr' id='par_1_113' title="bbox 1025 2860 1284 2893">
     <span class='ocr_line' id='line_1_115' title="bbox 1025 2860 1284 2893; baseline -0.023 -2"><span class='ocrx_word' id='word_1_808' title='bbox 1025 2860 1089 2891; x_wconf 86' lang='lat' dir='ltr'><strong>sunt</strong></span> <span class='ocrx_word' id='word_1_809' title='bbox 1104 2860 1130 2886; x_wconf 93' lang='lat' dir='ltr'><strong>in</strong></span> <span class='ocrx_word' id='word_1_810' title='bbox 1145 2860 1212 2893; x_wconf 76' lang='lat' dir='ltr'><strong>Reg.</strong></span> <span class='ocrx_word' id='word_1_811' title='bbox 1229 2860 1284 2886; x_wconf 84' lang='lat' dir='ltr'><strong>btll.</strong></span> 
     </span>
    </p>
   </div>
   <div class='ocr_carea' id='block_1_114' title="bbox 1062 2891 1478 2932">
    <p class='ocr_par' dir='ltr' id='par_1_114' title="bbox 1062 2891 1478 2932">
     <span class='ocr_line' id='line_1_116' title="bbox 1062 2891 1478 2932; baseline -0.014 -8"><span class='ocrx_word' id='word_1_812' title='bbox 1062 2896 1119 2932; x_wconf 77' lang='lat'><strong>(35)</strong></span> <span class='ocrx_word' id='word_1_813' title='bbox 1133 2891 1246 2924; x_wconf 62' lang='grc' dir='ltr'>Μόᾶον.</span> <span class='ocrx_word' id='word_1_814' title='bbox 1263 2893 1341 2922; x_wconf 81' lang='lat' dir='ltr'><strong>Deest</strong></span> <span class='ocrx_word' id='word_1_815' title='bbox 1356 2893 1382 2922; x_wconf 90' lang='lat' dir='ltr'><strong>in</strong></span> <span class='ocrx_word' id='word_1_816' title='bbox 1402 2891 1478 2920; x_wconf 85' lang='lat' dir='ltr'><strong>Pass.</strong></span> 
     </span>
    </p>
   </div>
  </div>
