2060 3140
246 193 310 222 1211

830 197 860 225 S.
880 194 1043 225 GREGORIl
1063 194 1236 224 TllEOLOGl

1795 193 1863 221 l2l2

244 265 360 299 accepit,
369 269 494 300 recteque
505 264 596 292 Persia
608 271 718 293 causam
729 270 848 292 nostram
859 265 1027 300 diseeptavit,

1082 264 1180 299 Περσὶς
1193 263 1282 295 καλῶς
1301 265 1367 299 ἡμῖν
1382 263 1488 290 ἐδίκασε
1501 263 1547 290 τὸν
1565 263 1702 298 ἀλιτήριον
1711 261 1864 289 καταλύσα-

244 317 374 345 oppresso
391 311 518 338 nimirum
542 315 569 338 et
591 311 726 339 exstincto
749 312 831 346 impio
847 311 893 338 illo
911 316 938 338 et
953 318 1030 338 exse-

245 356 357 388 crando,
387 363 419 383 ac
444 355 589 383 multorum
622 357 782 392 sanguinutn
804 357 892 391 pcenis
918 358 953 384 ab
977 365 1030 385 uno

245 402 375 436 sanguine
393 402 521 437 repetitis.
537 401 615 430 Nunc
637 408 727 430 autem
751 404 836 437 turpis
850 409 877 430 et
904 404 1030 431 indecora

252 452 404 481 perseeutto
437 449 573 481 cooritur,
597 456 667 483 quae,
693 448 908 476 Christianorum
938 454 1031 484 patro-

245 492 345 518 cinium
371 493 404 519 ad
429 493 612 521 defensionem
640 495 787 530 impietatis
802 503 857 522 sua:
869 500 1029 530 praetexens,

244 544 325 565 Veros
352 537 520 566 Christianos
551 541 707 574 aggreditur
731 549 738 568 :
762 541 811 567 hoc
830 541 922 575 utique
946 542 1031 568 nomi-

246 590 281 609 ne
314 584 452 618 superiore
486 585 673 619 persecutione
699 586 839 618 acerbior,
873 587 944 620 quod
973 590 1029 611 tum

245 628 353 662 quidem
390 629 498 656 minime
530 631 610 657 dubia
635 635 662 657 et
693 632 807 658 obscura
843 637 901 658 erat
930 636 1031 666 marty-

247 680 307 700 rum
329 675 487 708 decertatio,
500 684 570 703 nttnc
585 684 648 704 vero
673 685 717 704 res
731 685 764 705 eo
776 677 866 710 rediit,
880 682 908 704 ut
925 679 1030 705 crucia-

247 723 291 746 tus
314 721 484 756 quoqueipsi
512 721 591 750 laude
621 727 742 755 careant,
769 723 863 750 saltem
885 723 954 758 apud
981 723 1032 751 ini-

246 772 315 799 quos
352 767 518 795 cruciatuum
555 768 670 802 judices.
713 769 798 797 Vultis
829 769 953 797 omnibus
986 770 1032 804 qui

247 811 355 844 adsunt,
372 818 452 848 atque
477 814 538 841 huic
566 816 648 843 etiam
662 815 786 850 fortasse,
811 816 957 851 quamlibet
991 816 1032 844 itt-

248 855 317 890 signi
345 858 426 885 animi
463 860 559 887 robore
591 868 623 887 ac
656 861 797 888 tolerantia
821 862 944 896 prmdilo,
972 869 1032 897 per-

249 901 502 938 turbationibusque
519 905 602 932 animi
624 906 786 940 sublimiori,
803 907 885 934 unius
902 907 1032 934 duntaxat

248 953 280 972 ex
298 947 352 979 his,
368 955 426 982 qua:
442 953 497 976 tum
527 955 681 985 perpetrata
701 955 774 984 sunt,
804 952 968 984 narratione,
995 953 1032 979 la-

247 999 354 1027 crymas
381 995 547 1022 exlundam?
566 996 661 1024 Testes
684 1001 772 1024 autem
797 997 875 1030 hujus
900 999 1033 1025 sermonis

248 1038 396 1072 permultos
425 1040 520 1066 habeo.
544 1039 612 1066 Nam
628 1041 660 1066 ad
687 1041 784 1069 tnultos
809 1042 887 1077 hujus
911 1043 1032 1078 supplicii

249 1085 379 1118 tragoedia
403 1085 551 1112 dimanavit
571 1096 578 1113 :
602 1086 726 1122 illiusque
744 1089 824 1116 etiam
841 1079 968 1123 temporis
992 1091 1034 1118 lti-

247 1129 370 1161 storiam,
386 1130 436 1156 nisi
454 1139 497 1158 me
516 1131 608 1165 opinio
629 1132 706 1166 fallit,
733 1135 853 1161 omnium
873 1136 1032 1163 saeculorum

247 1174 392 1208 posteritas
403 1180 547 1210 exceptura
565 1182 617 1204 est.
636 1177 728 1210 Navis,
743 1180 931 1215 presbyterum
951 1189 1032 1208 unum

249 1225 369 1254 portans,
382 1229 499 1256 eutnque
512 1230 566 1249 non
582 1224 693 1251 sceleris
707 1224 798 1258 ullius,
814 1226 861 1253 sed
876 1226 936 1254 ﬁdei
952 1235 1032 1254 causa

248 1267 456 1301 periclitantem.
484 1269 552 1296 mari
567 1271 755 1303 committitur,
781 1280 833 1300 tton
854 1278 882 1300 ut
898 1279 1032 1301 vet-torem

248 1317 346 1345 servet,
359 1313 407 1340 sed
424 1318 452 1340 ut
464 1315 570 1348 perdat.
586 1316 672 1350 Atque
688 1317 711 1343 is
724 1317 831 1351 quidem
849 1319 895 1353 qni
916 1321 1034 1347 veheba-

248 1363 302 1390 tur,
318 1363 407 1392 utpote
419 1359 459 1386 vir
469 1360 568 1394 pietate
584 1367 724 1396 praestans,
750 1364 839 1391 animo
862 1369 920 1391 erat
944 1374 1034 1400 prom-

247 1409 293 1438 pto
311 1410 338 1432 et
357 1405 449 1432 alacri.
482 1405 580 1433 Comes
594 1412 682 1434 autent
699 1407 734 1435 illi
763 1408 833 1443 ignis
853 1409 1007 1445 atljnngitur
1025 1420 1031 1438 :

248 1458 281 1477 ac
299 1451 418 1478 novitate
433 1457 518 1484 punire
536 1451 618 1493 “2
636 1453 763 1487 majorem
785 1455 811 1481 in
829 1456 935 1482 modum
961 1457 1034 1484 laeta-

249 1500 292 1522 tur
320 1500 486 1530 perseeutor.
525 1495 595 1523 Proh
623 1497 806 1531 spectaculum
832 1501 930 1532 grave!
963 1500 1034 1528 Proh

247 1548 357 1574 gravem
386 1541 556 1576 tragoediam!
581 1541 664 1569 Navis
689 1542 756 1569 mari
772 1543 882 1571 fertur:
911 1550 1035 1578 spectan-

249 1586 316 1613 tium
349 1586 492 1614 multitudo
512 1587 546 1613 ad
569 1587 645 1614 littus
669 1588 832 1622 effunditur;
854 1589 898 1617 alii
923 1591 1031 1624 quidem

248 1631 384 1665 laetantur,
411 1632 454 1659 alii
484 1637 573 1660 autem
604 1633 705 1668 lugent.
726 1634 848 1667 Quonam
875 1641 953 1670 pacto
975 1644 1031 1664 rem

247 1682 350 1705 tantam
367 1679 459 1713 paucis
477 1679 625 1714 exprimam
641 1685 722 1714 atque
741 1680 766 1707 in
783 1687 894 1714 aspectu
917 1682 1033 1709 colloca-

246 1725 299 1752 bo‘.’
327 1724 398 1761 Ignis
423 1726 591 1758 accenditur,
612 1726 689 1754 navis
717 1733 771 1753 una
791 1735 851 1754 cum
876 1735 958 1756 onere
983 1737 1067 1774 suoc

247 1772 409 1803 absumitur,
426 1771 496 1806 ignis
517 1779 594 1806 aqua:
617 1772 756 1805 miscetur,
783 1779 880 1807 resque
905 1774 976 1802 inter
1003 1783 1032 1803 sc

247 1816 392 1844 contraria:
410 1817 444 1844 ad
461 1817 496 1852 pii
513 1818 564 1844 viri
589 1817 750 1852 supplicium
768 1825 945 1852 cortcurrunt,
969 1821 1035 1849 duo-

247 1870 300 1897 que
316 1863 449 1891 elementa
465 1871 561 1898 corpus
577 1872 658 1891 unum
682 1865 844 1899 partiuntur,
860 1870 887 1893 et
909 1873 978 1894 novo
994 1872 1035 1895 at-

250 1916 303 1943 que
321 1909 442 1936 inaudito
464 1917 539 1937 more
553 1909 596 1936 fax
620 1917 701 1944 super
717 1918 792 1938 mare
808 1911 940 1940 attollitur
965 1921 972 1940 ι
1000 1913 1033 1941 ad

248 1962 341 1988 quam,
357 1959 385 1981 ut
405 1954 547 1989 benignam
559 1960 585 1982 et
596 1955 752 1989 humanam,
769 1955 882 1984 fortasse
900 1958 1032 1993 quispiam

249 2000 378 2031 accessit;
401 2000 509 2034 propior
521 2006 610 2027 autem
640 2000 739 2034 factus,
753 2003 934 2031 miserandum
953 2011 1033 2040 atque

1081 319 1125 341 σα,
1141 311 1187 337 καὶ
1213 310 1318 336 πολλῶν
1345 310 1468 344 αἱμάτων
1500 308 1702 345 εἰσπραξαμένη
1726 308 1803 344 δίκην
1829 308 1862 336 δι’

1081 355 1139 386 ἐνὸς
1151 355 1278 390 αἵματος·
1290 355 1350 390 ἄρτι
1363 355 1390 382 δὲ
1404 355 1418 381 ὁ
1430 355 1556 389 ἀπρεπὴς
1568 354 1689 390 ἄρχεται,
1700 354 1786 381 καὶτὸ
1794 354 1864 390 ἀμύ-

1080 410 1136 428 νειν
1149 402 1323 436 Χριστιανοῖς
1351 402 1497 437 πρόσχημα
1517 401 1585 437 ἔχων
1599 401 1648 435 τῆς
1661 400 1795 434 ἀσεϐείας,
1807 402 1863 433 τοῖς

1079 447 1186 482 ἀληθῶς
1196 448 1369 483 Χριπιανοῖς
1383 448 1527 481 ἐπιφύεται
1538 455 1544 462 ·
1562 446 1609 473 καὶ
1620 445 1745 472 τοσοῦτον
1758 446 1862 472 ἐκείνου

1080 491 1268 528 χαλεπώτερος
1280 493 1394 527 γίνεται,
1410 493 1465 528 ὅσῳ
1485 492 1546 519 τότε
1560 491 1609 527 μὲν
1628 492 1644 527 ή
1663 491 1773 526 ἄθλησις
1788 499 1864 527 περι-

1082 538 1234 574 φανεστέρα
1252 538 1299 565 καὶ
1326 537 1514 573 λαμπροτέρα,
1538 537 1585 564 νῦν
1611 536 1701 563 δὲκαὶ
1720 536 1751 563 τὸ
1766 535 1864 562 παθεῖν

1081 584 1248 619 ἀφιλότιμον,
1267 584 1342 619 παρά
1358 592 1389 618 γε
1403 585 1459 615 τοῖς
1469 583 1499 609 οὺ
1519 582 1631 613 δικαίοις
1643 582 1697 609 τῶν
1711 581 1804 609 παθῶν
1818 581 1863 608 λο-

1080 631 1197 664 γισταῖς,
1215 629 1347 656 Βούλεσθε
1363 630 1467 665 δάκρυα
1494 629 1534 664 τῷ
1549 629 1655 664 θεάτρῳ
1677 630 1781 664 κινήσω
1796 629 1863 664 (54),

1081 675 1129 701 καὶ
1154 675 1228 711 αὐτῷ
1241 684 1273 710 γε
1291 675 1355 707 ἴσως
1371 675 1411 710 τῷ
1435 675 1671 711 καρτερικωτάτῳ,
1684 675 1731 701 καὶ
1745 674 1798 701 τῶν
1813 683 1865 700 πα-

1081 721 1136 748 θῶν
1149 721 1296 757 κρείσσονι,
1312 721 1370 753 ἑνὸς
1377 721 1431 748 τῶν
1441 721 1501 747 τότε
1512 721 1664 756 γενομένων
1674 719 1863 756 ἐπιμνησθείς

1081 767 1229 803 Μάρτυρες
1246 768 1274 794 δὲ
1286 767 1376 794 πολλοὶ
1392 768 1440 794 τοῦ
1452 767 1530 802 λόγου
1541 776 1549 783 ·
1565 768 1611 794 καὶ
1622 767 1677 803 (55)
1694 767 1749 802 γὰρ
1765 766 1812 793 καὶ
1826 768 1866 798 εἰς

1083 813 1197 845 πολλοὺς
1207 812 1288 850 ἦλθεν
1304 815 1320 849 ἡ
1338 814 1474 850 τραγῳδία
1487 813 1534 840 τοῦ
1549 814 1651 845 πάθους
1661 822 1667 828 ·
1684 811 1759 848 οἴμαι
1777 812 1806 838 δὲ
1819 812 1866 838 καὶ

1081 860 1096 885 6
1113 858 1217 895 μέλλων
1235 859 1399 894 ὑπολήψεται
1412 859 1505 894 χρόνος
1518 857 1565 884 τοῦ
1578 857 1672 893 καιροῦ
1688 859 1719 884 τὸ
1728 858 1865 893 διήγημα.

1046 924 1068 952 Β
1084 905 1156 936 Ναῦς
1168 905 1266 941 φόρτον
1283 904 1381 940 ἔχουσα
1395 904 1449 931 τῶν
1467 903 1659 939 πρεσϐυτέριον
1672 903 1720 929 ἕνα
1738 902 1804 939 (56),
1819 903 1867 929 καὶ

1083 950 1176 977 τοῦτον
1202 950 1262 976 οὐδὲ
1278 949 1347 985 ὑπὲρ
1377 949 1462 975 κακοῦ
1477 957 1559 981 τινος,
1585 948 1642 975 ἀλλ’
1657 948 1726 983 ὑπὲρ
1752 947 1868 978 πίστεως

1083 995 1280 1027 κινδυνεύοντα,
1305 995 1376 1022 κατὰ
1396 994 1530 1029 πελάγους
1556 993 1663 1027 ἀφίεται
1678 992 1744 1027 (57),
1760 992 1809 1027 οὐχ
1825 992 1868 1018 ῖνα

1084 1042 1159 1078 σώσῃ
1173 1041 1218 1068 τὸν
1235 1041 1379 1076 ἐπιϐάτην,
1396 1040 1453 1066 ἀλλ’
1474 1041 1518 1067 ἵνα
1530 1039 1659 1075 ἀπολέσῃ.
1675 1039 1729 1065 Καὶ
1742 1039 1756 1065 6
1771 1038 1869 1073 φόρτος

1084 1086 1223 1122 πρόθυμος
1234 1094 1240 1101 ·
1255 1085 1370 1120 εὐσεϐὴς
1393 1085 1456 1120 γάρ.
1473 1085 1527 1112 Καὶ
1544 1084 1599 1120 πῦρ
1612 1084 1650 1119 τῷ
1666 1084 1757 1119 φόρτῳ
1770 1083 1869 1118 συνέμ-

1083 1141 1185 1168 πορον·
1205 1133 1252 1159 καὶ
1273 1133 1362 1167 τρυφᾷ
1379 1131 1409 1158 τὸ
1432 1131 1523 1158 καινὸν
1537 1130 1591 1165 (58)
1618 1131 1668 1164 τῆς
1696 1129 1833 1160 κολάσεως
1855 1131 1870 1156 ὀ

1083 1178 1209 1214 διώκτης.
1224 1179 1276 1206 Φεῦ
1301 1179 1348 1205 τοῦ
1365 1178 1515 1213 θεάματος1
1532 1176 1583 1203 Φεῦ
1600 1176 1646 1203 τοῦ
1663 1175 1814 1211 δράματοςὶ
1837 1175 1870 1201 Ἦ

1083 1225 1150 1257 ναῦς
1162 1225 1290 1259 πελάγιος
1302 1233 1309 1240 ·
1325 1225 1356 1251 τὸ
1370 1225 1483 1260 θέατρον
1496 1223 1542 1250 ἐπὶ
1555 1225 1616 1255 ταῖς
1628 1223 1734 1254 ἀκταῖς,
1751 1222 1804 1248 τῶν
1821 1222 1871 1257 μὲν

1084 1270 1265 1306 ἐφηδομένων,
1284 1270 1337 1297 τῶν
1351 1270 1379 1296 δὲ
1392 1269 1570 1305 ὀδυρομένων.
1590 1269 1652 1300 Πῶς
1664 1268 1696 1295 ἂν
1708 1269 1735 1294 ὲν
1747 1267 1827 1302 ὀλίγῳ
1839 1267 1871 1293 τὺ

1084 1317 1151 1344 πολὺ
1175 1317 1404 1353 παραστήσαιμις
1429 1316 1577 1343 ἁνάπτεται
1592 1315 1622 1342 τὸ
1638 1315 1703 1350 πῦρ,
1719 1315 1871 1341 δαπανᾶται

1083 1365 1099 1399 ἡ
1113 1364 1188 1395 ναῦς,
1204 1363 1404 1390 συνδαπανᾶται
1416 1363 1430 1388 6
1445 1362 1553 1398 φόρτος,
1570 1361 1626 1397 πῦρ
1642 1361 1717 1387 ὕδατι
1732 1360 1871 1396 μίγνυται,

1084 1410 1130 1436 καὶ
1152 1409 1291 1444 συντρέχει
1306 1408 1339 1435 τὰ
1354 1408 1462 1435 ὲναντῐα
1483 1409 1523 1439 εις
1546 1407 1674 1439 εὐσεϐοῦς
1688 1406 1806 1438 κόλασιν,
1823 1406 1873 1433 καὶ

1083 1456 1129 1482 δύο
1144 1456 1264 1490 στοιχεῖα
1285 1454 1314 1480 ἓν
1329 1454 1408 1489 σῶμα
1430 1453 1579 1489 μερίζεται,
1602 1452 1649 1480 καὶ
1675 1452 1776 1488 πυρσὸς
1800 1451 1872 1488 ὑπὲρ

1085 1501 1222 1536 θαλάσσης
1244 1500 1350 1536 αἴρεται
1366 1500 1451 1533 ξένος.
1463 1498 1499 1535 ᾭ
1515 1498 1652 1535 προσῆλθε
1666 1499 1714 1534 μὲν
1730 1499 1799 1533 τάχα
1817 1506 1870 1529 τις,

1083 1546 1121 1578 ὡς
1134 1546 1228 1582 ἡμέρῳ
1244 1545 1290 1572 καὶ
1301 1544 1497 1580 φιλανθρώπῳ·
1515 1542 1669 1579 προσελθὼν
1682 1543 1721 1574 δὲ,
1733 1540 1794 1578 εὗρε
1809 1541 1873 1568 θέα-

1087 1601 1125 1628 μα
1144 1592 1258 1618 ἐλεεινόν
1275 1601 1304 1618 τε
1320 1592 1366 1618 καὶ
1381 1591 1504 1622 ἄπιστον,
1522 1590 1585 1616 ἄνευ
1598 1589 1762 1624 κυὸερνήτου
1776 1587 1871 1620 πλοῦν,

1085 1639 1148 1666 ἄνευ
1166 1638 1300 1674 χειμῶνος
1318 1637 1462 1672 ναυάγιον·
1488 1636 1534 1663 καὶ
1550 1636 1564 1662 6
1581 1635 1763 1671 πρεσΰύτερος
1787 1633 1870 1665 κόνις,

1086 1685 1132 1712 καὶ
1143 1685 1203 1711 οὐδὲ
1219 1685 1303 1716 κόνις,
1320 1684 1434 1719 σπαρεὶς
1456 1683 1484 1710 ἐν
1497 1683 1553 1714 τοῖς
1572 1682 1658 1708 ὕδασι.
1678 1681 1737 1714 ,Καὶ
1752 1679 1812 1706 οὐδὲ
1825 1687 1871 1705 το-

1086 1731 1180 1758 σοῦτον
1201 1731 1218 1766 ἡ
1241 1729 1374 1765 ἱερωσύνη
1392 1729 1458 1764 (59),
1474 1729 1536 1756 ὅσον
1551 1727 1678 1762 τελευτῆς
1694 1726 1758 1761 γοῦν
1774 1726 1873 1761 εὐσχη-

1088 1777 1254 1813 μονεστέρας
1267 1777 1357 1811 τυχεῖν
1368 1784 1376 1792 ο
1387 1776 1410 1801 εἰ
1431 1775 1459 1802 δὲ
1488 1775 1525 1810 μὴ
1551 1773 1689 1808 τελευτῆς,
1703 1772 1770 1800 ἀλλὰ
1783 1772 1872 1806 ταφῆς

1087 1832 1119 1857 γε
1136 1823 1252 1854 πάντως,
1274 1823 1290 1857 ἢ
1306 1821 1352 1848 καὶ
1368 1822 1423 1852 τοῖς
1444 1819 1569 1846 ἀσεϐέσιν
1583 1819 1727 1853 ὀφείλεται.
1747 1816 1872 1847 Τοιοῦτος

1087 1869 1101 1895 ὁ
1115 1868 1161 1895 τοῦ
1175 1867 1289 1899 ἀσεϐοῦς
1306 1867 1397 1898 στόλος
1409 1874 1415 1881 ·
1433 1865 1554 1892 τοιοῦτον
1572 1864 1618 1891 τοῦ
1641 1863 1768 1894 εὐσεϐοῦς
1783 1862 1814 1889 τὸ
1829 1861 1872 1888 τὲ-

1086 1915 1147 1946 λος·
1159 1914 1207 1941 καὶ
1217 1913 1334 1948 οὐδαμοῦ
1351 1912 1406 1948 πῦρ
1417 1911 1473 1947 (40)
1488 1910 1589 1938 ἄνωθεν
1608 1910 1796 1945 εὐαγέστερον,
1811 1908 1872 1935 οὐδὲ

1088 1960 1247 1988 κολαστικὸν
1260 1959 1307 1985 τοῦ
1323 1958 1435 1984 τοιαῦτα
1450 1956 1638 1994 πυρσεύοντος.

246 2047 404 2074 incredibile
415 2046 594 2081 spectaculum
606 2047 713 2081 reperit,
729 2048 925 2082 navigationem
941 2052 998 2080 sine
1009 2053 1199 2088 gubernatore,
1215 2049 1381 2083 naufragium
1406 2048 1464 2075 sine
1477 2050 1645 2081 tempestate.
1666 2046 1711 2072 Sic
1732 2043 1871 2079 presbytcr

245 2094 315 2121 cinis
326 2092 449 2124 efficitur,
461 2092 514 2119 itno
528 2099 562 2119 ne
573 2091 641 2118 cinis
655 2092 772 2126 quidem,
784 2098 876 2128 utpote
896 2096 921 2123 in
935 2099 1012 2132 aquis
1021 2105 1139 2133 sparsus.
1155 2096 1209 2124 Nec
1224 2103 1288 2123 vero
1300 2094 1440 2122 sacerdotii
1455 2093 1570 2129 dignitas
1587 2092 1652 2119 tanti
1666 2091 1726 2124 fuit,
1747 2095 1775 2118 ut
1789 2091 1870 2122 hone_

245 2142 355 2167 stiorent
367 2139 460 2167 saltem
477 2142 591 2164 mortem
605 2143 834 2172 consequeretur;
849 2145 895 2167 aut
909 2143 930 2169 si
947 2151 999 2170 non
1016 2149 1141 2175 mortem,
1158 2150 1189 2169 ac
1204 2147 1277 2169 certe
1289 2139 1466 2174 sepulturam,
1477 2146 1536 2174 quae
1546 2138 1634 2172 impiis
1649 2138 1729 2165 etiam
1743 2142 1770 2165 et
1786 2139 1871 2165 sacri-

246 2190 315 2224 legis
330 2187 484 2216 hominibus
501 2186 624 2213 debetur.
640 2184 701 2212 llaec
721 2185 793 2220 impii
814 2187 930 2216 hominis
961 2192 1062 2218 marina
1076 2190 1209 2226 expeditio
1222 2189 1294 2216 fuit:
1318 2189 1362 2215 hic
1386 2187 1421 2222 pii
1447 2187 1496 2213 viri
1534 2186 1603 2213 tinis.
1633 2185 1688 2212 Nec
1701 2191 1812 2219 usquam
1836 2184 1871 2211 de

246 2234 317 2262 coelo
344 2232 482 2260 descendit
504 2239 582 2259 sacer
599 2231 678 2267 ignis,
698 2239 747 2260 nec
760 2233 793 2261 ab
825 2241 867 2266 eo,
898 2237 943 2270 qui
960 2237 1112 2272 hnjttsmodi
1131 2237 1214 2264 facem
1239 2234 1428 2269 navigantibus
1445 2233 1613 2267 praeferebat,
1630 2238 1722 2266 pmnas
1737 2230 1867 2264 smnpsit!

282 2280 327 2308 ΧΙ.
343 2279 395 2307 Sed
413 2280 476 2314 quid
492 2284 605 2306 externa
625 2279 737 2314 colligo?
762 2281 801 2308 Ad
829 2282 1028 2311 dimicationem

1115 2285 1166 2311 Μ’.
1189 2283 1269 2311 Ἀλλὰ
1284 2283 1310 2310 τί
1343 2281 1388 2318 μοὶ
1413 2281 1467 2308 τῶν
1493 2279 1608 2313 ἕξωθεν;
1643 2279 1700 2305 Ἐπ’
1717 2277 1800 2313 αὐτὴν
1819 2277 1869 2312 ήδη

247 2331 319 2354 tuam
347 2325 402 2359 iam
430 2324 610 2352 accedendum
626 2329 679 2357 est,
706 2330 787 2360 atque
806 2328 839 2354 ad
854 2332 897 2354 tua
927 2330 1032 2363 pictatis

1086 2329 1225 2365 βαδιστέον
1244 2328 1294 2364 τὴν
1313 2328 1361 2363 σὴν
1375 2327 1498 2363 ἄθλησιν,
1524 2325 1571 2353 καὶ
1585 2326 1647 2356 τοὺς
1672 2324 1734 2355 σοὺς
1747 2323 1816 2358 ὑπὲρ
1826 2323 1870 2348 εύ-

245 2379 326 2399 causa
342 2371 455 2398 tolerata
474 2371 634 2402 certamina,
648 2379 708 2405 quae
733 2372 855 2406 pristinis
874 2374 925 2401 tuis
946 2376 1031 2403 virtu-

1086 2376 1192 2408 σεὸείας
1216 2375 1272 2411 (41)
1296 2374 1413 2409 ἀγῶνας,
1434 2372 1480 2404 οὒς
1504 2373 1570 2398 πᾶσι
1595 2372 1651 2402 τοῖς
1678 2368 1870 2404 προλαϐοῦσιν,

246 2417 326 2448 tibus,
343 2422 470 2452 tanquam
486 2417 641 2451 praeclarum
670 2418 803 2452 quoddam
825 2419 952 2454 sigillum,
978 2421 1031 2448 im-

1084 2421 1177 2457 ὣσπερ
1189 2422 1250 2448 τινὰ
1261 2419 1397 2456 σφραγῖδα
1410 2419 1505 2454 καλὴν,
1520 2417 1666 2451 ἐπέθηκας.
1682 2414 1808 2449 Ἤκμαζε
1821 2413 1870 2448 μὲν

245 2463 371 2500 posuisti.
390 2463 504 2498 Vigebat
520 2463 637 2490 (haeresis
653 2463 752 2490 tnalum
777 2464 804 2491 iu
820 2469 863 2491 tua
880 2466 998 2500 civitate,
1013 2474 1028 2493 a

1082 2467 1110 2493 ὲν
1125 2468 1158 2499 τῆ
1174 2467 1208 2501 σῇ
1229 2466 1305 2493 πόλει
1321 2466 1352 2492 τὸ
1370 2466 1419 2501 τῆς
1432 2464 1563 2500 αἱρέσεως
1583 2462 1683 2496 ταύτης
1699 2460 1792 2492 κακὸν,
1809 2458 1870 2485 ὅθεν

281 2552 335 2589 (54)
352 2551 482 2589 Κιγςήσω.
505 2551 550 2579 Sic
575 2551 664 2589 plures
681 2550 774 2586 εἶδες..
796 2551 878 2579 Coisl.
897 2554 921 2585 l,
937 2552 985 2580 Or.
1001 2554 1027 2588 l,

1120 2553 1175 2587 (57)
1192 2553 1272 2580 Κατὰ
1297 2552 1448 2587 πελάγους
1473 2551 1596 2586 ἀφίεται.
1613 2550 1672 2577 Bill.
1701 2558 1708 2577 :
1727 2558 1736 2574 t
1751 2550 1777 2576 in
1795 2556 1871 2576 mare

245 2587 383 2618 Paru‘etc.
401 2587 427 2613 ltt
442 2588 519 2619 edit.,
540 2588 651 2621 νικήσω.

282 2623 337 2658 (55)
354 2623 419 2658 Καί.
432 2622 513 2649 Deest
528 2622 553 2648 in
627 2621 653 2652 l,
667 2626 700 2658 __et
714 2621 790 2658 Pass.

294 2659 338 2694 56)
357 2657 417 2684 Τῶν
426 2656 727 2694 *πρεσϐυιςέρωῃὲνω
755 2656 848 2694 Schol.
870 2656 945 2685 Colb.
970 2668 977 2685 :
998 2659 1030 2684 Οἱ

281 2661 338 2720 (56)
357 2661 417 2684 Τῶν
441 2661 647 2690 πρεσϐυτέρων
663 2661 727 2684 Era.
755 2661 844 2682 Schol.
870 2661 945 2685 Coll).
970 2668 977 2685 :
998 2661 1030 2684 Οἱ

245 2704 280 2722 κα
296 2702 355 2724 ντες
367 2694 395 2719 ἐν
405 2692 552 2728 τῷνπλοίῳ,
566 2691 726 2728 Ἡλιόδωρος
747 2692 931 2728 πρεσϐύτερος
953 2702 1031 2728 περι-

244 2728 428 2768 οᾷευτῂςἏκσςι
441 2726 582 2768 θεόιξουλος
597 2726 809 2768 πρεισςξύτεροςλ
822 2726 1031 2768 ᾊςπετμηθησαν

243 2765 272 2791 δὲ
283 2763 356 2791 ἄλλοι
371 2762 392 2797 β’
404 2763 574 2796 ἁναγνῶσται
584 2762 630 2788 καὶ
641 2761 754 2795 ψάλται·
769 2770 777 2797 t
790 2761 838 2793 Qui
849 2763 874 2788 in
884 2761 943 2788 navi
955 2761 1031 2790 com-

247 2799 315 2826 busti
331 2796 403 2829 suut,
425 2797 500 2824 fuere
523 2797 682 2824 llcliotlorus
708 2796 845 2832 presbyter
865 2797 1002 2831 circuitor,
1019 2807 1028 2823 ι

246 2834 272 2860 iul
298 2836 350 2867 est.
363 2833 501 2867 inspector,
519 2833 647 2863 visitatur,
670 2840 679 2856 ι
700 2835 727 2867 et
748 2831 901 2859 Tlteodulus
926 2833 1033 2867 presby-

248 2873 298 2894 ter.
318 2866 386 2894 (Ζωεί
406 2873 467 2894 sunt
487 2867 579 2898 etiam,
608 2866 738 2894 abscissis
754 2867 897 2901 capitibus,
921 2867 965 2895 alii
979 2866 1031 2895 duo

248 2902 362 2931 lectores
379 2906 406 2930 et
424 2906 558 2930 cantores.
573 2911 582 2927 ι

1120 2553 1175 2587 (57)
1192 2553 1272 2580 Κατὰ
1297 2552 1448 2587 πελάγους
1473 2551 1596 2586 ἀφίεται.
1613 2550 1672 2577 Bill.

1085 2589 1246 2615 demittitur.
1259 2598 1268 2614 ι

1118 2622 1173 2660 (58)
1195 2622 1231 2660 Ἰξὸ
1247 2623 1360 2660 καινόν.
1375 2621 1497 2660 Nonnulli
1509 2621 1597 2653 codd.,
1613 2619 1652 2660 rip
1667 2619 1763 2660 καινῷἶ
1799 2654 1805 2660 _

1108 2655 1174 2700 ,(59)
1197 2659 1360 2693 Vapula-tim.
1392 2657 1438 2685 Sic
1465 2657 1555 2692 plures
1585 2656 1663 2683 codd.
1688 2655 1719 2681 In
1732 2655 1870 2688 εύ.,ἱερο-

1084 2700 1174 2763 συ(Έθ)
1189 2728 1242 2766 Καὶ
1255 2727 1388 2766 οὐδαμοῦ
1400 2727 1536 2766 uﬁp,_etc.
1557 2725 1628 2766 Elias
1641 2732 1649 2765 ί
1664 2723 1739 2766 t_Nee
1752 2723 1870 2764 desuper-

1083 2760 1196 2798 ttsqnam
1217 2763 1286 2799 ignis
1299 2760 1409 2799 sanctus
1427 2760 1458 2789 ac
1470 2761 1573 2799 justus,
1583 2764 1611 2787 et
1624 2760 1721 2799 vindex
1731 2760 1868 2799 ejusuqui

1083 2794 1203 2839 inlitum
1220 2794 1327 2824 modum
1344 2797 1532 2832 navigantibus
1547 2795 1683 2823 illucehat.
1697 2803 1706 2819 ι
1730 2794 1775 2822 Sic
1786 2794 1868 2821 etiam

1083 2831 1363 2903 ΒιιᾶΊῗΕὺσεϐείας.
1382 2866 1470 2899 Pass,
1485 2865 1534 2900 τῆς
1548 2863 1695 2897 εὐσεϐείας.
