2060 3140
190 207 257 235 1215

597 206 726 234 ORATIO
746 205 830 235 XXV.
846 222 880 228 —
897 206 929 234 IN
948 206 1092 234 LAUDEM
1111 205 1260 235 HERONIS
1277 205 1410 235 PIllLOS.

1743 205 1811 233 1214

185 264 233 290 καὶ
247 261 358 298 ἡρξατο.
383 262 458 288 Ἐπεὶ
481 261 510 288 δὲ
525 261 571 289 τὸν
596 263 645 298 μὲν
661 262 813 297 ἁγιώτατον
826 263 876 298 τῆς
890 264 978 289 οίκου-

1027 271 1080 297 qua
1098 263 1178 290 etiam
1210 267 1299 290 ortum
1322 263 1444 290 duxerat.
1472 261 1616 297 Postquam
1633 266 1722 289 autem
1750 269 1810 289 san-

186 310 270 344 μένης
299 308 447 344 ὀφθαλμὸν,
462 308 508 335 καὶ
529 309 658 344 ἀρχιερέα
673 309 727 335 τῶν
747 309 851 344 ίερέων,
864 309 910 336 τὸν
924 309 973 345 τῆς

185 355 235 389 σῆς
249 354 393 389 ὁμολογίας
404 353 562 389 καθηγητὴν
578 353 624 380 καὶ
640 353 797 380 διδάσκαλον
808 355 864 386 τοῖς
875 354 972 381 ἑαυτοῦ

184 399 249 434 περὶ
274 399 323 434 τῆς
349 399 488 430 εὐσεϐείας
503 398 602 433 ἀγῶσι,
624 398 673 434 τὴν
691 399 812 434 μεγάλην
828 399 929 434 φωνὴν,
942 400 972 426 τὸ

184 445 234 479 τῆς
249 444 368 476 πίστεως
391 443 516 479 ἔρεισμα,
533 445 578 471 τὸν
601 444 726 479 δεύτερον
742 444 860 480 Χριστοῦ
876 445 971 480 λύχνον

184 489 232 516 καὶ
247 489 410 525 πρόδρομον,
424 491 449 516 εί
470 489 548 525 θέμις
564 489 643 516 τοῦτο
657 491 754 522 εἰπεῖν,
766 491 795 517 ὲν
810 491 884 526 γήρᾳ
897 490 972 526 καλῷ

184 534 361 570 κοιμηθέντα,
376 535 423 562 καὶ
436 535 526 570 πλήρη
537 535 590 562 τῶν
603 535 673 562 κατὰ
688 535 754 562 Θεὸν
767 535 887 572 ἡμερῶν,
901 537 970 572 μετὰ

184 579 234 612 τὰς
246 579 436 615 συκοφαντίας,
461 579 529 616 μετὰ
550 581 614 613 τοὺς
632 581 738 613 ἄθλους,
754 581 822 616 μετὰ
833 581 883 617 τὴν
893 590 970 617 περι-

184 625 281 660 ϐόητον
307 626 386 661 χεῖρα
401 625 468 658 (42),
499 625 568 661 μετὰ
588 626 651 658 τοὺς
679 626 782 658 ζῶντας
805 629 926 662 νεκροὺς,
953 629 969 662 ἡ

171 670 268 708 ,Τριὰς
288 671 356 707 πρὸς
381 671 480 707 ἑαυτὴν
509 671 693 706 μετατίθησιν,
722 669 896 708 ᾖσυνὲζησε,
922 673 970 699 καὶ

184 717 253 752 ὑπὲρ
266 714 300 753 ἦς
324 716 509 743 ἐκινδύνευσεν
523 716 697 752 (Ἀθανάσιον
711 715 757 744 οἷδ’
775 718 815 744 ὃτι
826 719 926 749 πάντες
940 718 969 744 ὲν

182 763 240 794 τοῖς
261 761 349 796 λόγοις
365 761 511 796 ἀνέγνωτε)
524 769 531 776 ·
560 761 674 797 δευτέρα
700 761 729 789 δέ
756 770 799 794 τις
826 762 967 796 Αἰγύπτου

183 807 274 844 πληγὴ
288 808 335 833 καὶ
350 806 449 842 μάστιξ
465 806 520 842 (45)
535 807 631 834 ἑαυτὸν
646 807 787 841 ἐπεισάγει
799 809 832 843 τῇ
855 808 967 843 Ἐκκλη-

183 852 229 889 σία
242 853 256 879 ὁ
271 852 321 887 τῆς
336 851 464 888 ἀληθείας
476 852 618 888 προδότης,
632 854 646 879 ὸ
656 853 710 879 τῶν
724 853 813 880 λύκων
824 853 937 889 ποιμὴν,
953 854 968 880 ὸ

181 897 225 924 διὰ
234 897 282 932 τῆς
294 896 378 931 αὐλῆς
389 897 558 932 ὑπερϐαίνων
570 897 680 933 λῃστὴς,
689 897 836 934 όλδεύτερος
848 899 966 934 Ἄρειος,

1025 308 1172 335 ctissimum
1189 307 1262 334 illum
1273 307 1346 335 orbis
1359 307 1476 340 oculum,
1493 311 1520 334 et
1553 307 1723 335 sacerdotum
1746 307 1810 334 anti-

1024 353 1125 384 stitem,
1142 352 1215 379 illum
1228 357 1280 379 tua:
1293 352 1484 384 confessionis,
1502 359 1550 387 per
1563 360 1594 379 ea
1607 351 1736 386 pericula,
1751 359 1811 386 quae

1024 406 1072 433 pro
1087 399 1147 425 lidei
1167 398 1325 426 orthodoxae
1344 398 1501 425 defensione
1529 399 1658 432 suscepit,
1674 398 1769 425 ducem
1783 402 1810 425 et

1026 444 1198 478 magistrum,
1214 443 1286 470 illam
1305 443 1449 470 sublimem
1466 443 1647 475 vocem,illud
1667 442 1810 470 ﬁdeicolu-

1022 496 1094 521 men,
1111 489 1258 516 secundam
1275 488 1346 516 illam
1365 487 1464 516 Christi
1498 488 1634 516 lucernam
1648 493 1675 515 et
1692 496 1810 523 prmeur—

1021 541 1122 566 sorem,
1140 533 1162 560 si
1180 533 1216 560 ita
1233 533 1308 568 loqui
1321 533 1363 560 las
1378 537 1432 566 est,
1448 534 1473 559 in
1490 533 1558 560 bona
1580 537 1717 560 senectute
1734 540 1808 560 mor-

1022 582 1107 611 tuum,
1121 585 1151 605 ac
1168 578 1272 605 dierum
1288 585 1393 610 eorum,
1405 578 1451 612 qui
1466 577 1614 605 secundum
1629 577 1712 604 Deum
1734 580 1808 609 sunt,

1020 623 1138 658 plenum,
1153 628 1214 658 post
1232 623 1395 656 calumnias,
1413 627 1474 658 post
1488 623 1645 656 certamina,
1660 626 1720 658 post
1734 623 1806 649 illam

1020 669 1140 696 omnium
1166 675 1214 696 ore
1248 668 1411 696 celebratam
1437 675 1566 702 manum,
1599 673 1660 703 post
1687 668 1808 696 viventes

1019 718 1148 747 mortuos,
1181 713 1311 747 Trinitas,
1336 721 1416 748 quam
1443 721 1492 747 per
1521 720 1600 740 omne
1621 714 1683 741 vita
1703 719 1808 749 tempus

1018 759 1147 791 coluerat,
1163 764 1190 787 et
1215 767 1264 794 pro
1279 767 1331 794 qua
1360 759 1487 794 periculis
1515 766 1574 787 sese
1599 759 1746 794 obiecerat,
1774 760 1806 787 ad

1017 812 1048 832 se
1081 805 1218 832 transtulit
1248 806 1312 837 (non
1347 809 1390 832 est
1427 805 1496 840 apud
1521 813 1563 832 me
1590 805 1712 839 dubium,
1741 806 1805 840 quin

1017 861 1050 880 ex
1082 852 1124 880 his
1157 852 1248 880 verbis
1294 852 1472 879 Athanasium
1518 852 1702 887 agnoscatis);
1750 858 1804 879 tum

1018 899 1134 926 secunda
1161 898 1285 933 quaedam
1311 897 1418 934 Egypti
1440 898 1515 933 plaga
1543 903 1570 926 et
1588 898 1733 934 ﬂagellum,
1750 898 1805 930 ille,

181 944 198 978 ὴ
215 942 312 979 θολερὰ
323 943 371 970 καὶ
386 943 485 974 ἄποτος
496 943 552 979 (4-1)
565 943 716 979 ἀνατροπὴ,
732 945 746 970 ὁ
761 945 810 980 τῆς
821 944 901 971 ἀθέου
917 954 969 980 πη-

1021 945 1141 980 inquam,
1154 944 1278 971 veritatis
1295 944 1425 978 proditor,
1445 944 1490 971 ille
1502 944 1624 979 luporum
1646 947 1748 978 pastor,
1762 943 1806 970 ille

181 989 234 1024 γῆς
245 988 437 1024 δαψιλέστερος
450 989 571 1024 ποταμός
580 996 587 1003 ·
603 989 673 1015 ὀκνῶ
684 989 733 1025 μὲν
743 989 792 1021 τὰς
805 990 865 1016 τότε
882 995 980 1026 παρα-’

181 1035 277 1070 νομίας
293 1035 379 1061 εἰπεῖν
394 1035 442 1061 καὶ
457 1035 622 1070 μιαιφονίας,
639 1035 697 1070 μεθ’
712 1031 750 1062 ὧν
762 1035 807 1063 τὸν
825 1035 901 1071 ἅγιον
919 1045 966 1063 κα-

179 1080 348 1115 τώαμὸἀνει
363 1079 455 1116 θρόνον
475 1081 490 1106 ό
514 1081 576 1116 Θὴρ,
592 1080 705 1116 καὶτῆς
726 1082 846 1117 πονηρᾶς
866 1082 967 1109 εἰσόδου

180 1126 214 1152 τὰ
228 1125 434 1162 προτελέσματα
445 1135 452 1141 ·
471 1125 601 1161 ὀδύρομαι
623 1126 646 1153 δ’
662 1126 736 1162 ὅμως
750 1126 829 1161 ὀλίγα
851 1127 883 1153 ὲκ
906 1127 968 1154 πολ-

181 1172 234 1199 λῶν
248 1172 276 1207 (ἂ
291 1172 337 1199 καὶ
358 1172 438 1208 ὑμεῖς
453 1171 581 1207 ὀδύρεσοέ
609 1171 666 1207 (45)
689 1179 718 1198 τε
748 1171 795 1197 καὶ
811 1171 968 1207 προωδύρα-

181 1218 251 1253 σθε),
267 1218 307 1254 τῷ
322 1217 386 1253 θείῳ
410 1217 492 1244 Δαϐὶδ
507 1217 732 1252 συγχρησὰμενος
744 1216 799 1252 (46)
813 1225 820 1233 ’
841 1218 872 1243 '0
884 1217 966 1250 Θεὸς,

180 1263 319 1298 ἤλθοσαν
330 1264 402 1297 ἔθνη
418 1264 461 1296 εις
476 1263 534 1298 τὴν
547 1263 749 1298 κληρονομίαν
762 1271 830 1296 σου,
843 1263 968 1298 ἐμίαναν

181 1310 236 1338 τὸν
242 1310 317 1338 ναὸν
328 1309 381 1337 τὸν
396 1309 480 1345 ἅγιόν
494 1317 562 1343 σου,
576 1309 665 1336 καὶτὰ
676 1309 722 1336 ἐπὶ
732 1309 850 1341 τούτοις·
870 1310 967 1336 Ἔθεν-

181 1364 214 1382 το
229 1355 264 1383 τὰ
282 1355 442 1390 θνησιμαῐα
460 1355 515 1390 (47)
535 1354 593 1382 τῶν
608 1354 726 1382 δούλων
741 1363 810 1388 σου,
825 1356 968 1382 πετεινῶν

179 1400 331 1435 βρώματα,
347 1400 396 1428 καὶ
425 1400 534 1435 θηρίων
547 1399 754 1435 σπαράγματα.
777 1400 927 1436 Προσθήσω
939 1400 968 1427 δὲ

181 1447 342 1482 παράὒτοῦ
367 1446 480 1473 κάκεῖνα
507 1446 537 1478 ἐξ
569 1445 649 1473 ἄλλου
674 1446 772 1482 θρήνου
802 1447 850 1473 καὶ
871 1447 967 1483 ἐτέρας

181 1491 254 1527 ᾠδῆς
265 1500 272 1507 -
287 1491 367 1518 Ὅσα
382 1491 604 1525 ἐπονηρεύσατο
631 1491 648 1517 ό
666 1490 770 1525 ἐχθρὸς
785 1490 821 1517 ἐν
836 1489 875 1523 τῷ
894 1490 968 1526 ἁγίῳ

182 1545 251 1570 σου,
270 1537 319 1564 καὶ
331 1535 576 1572 ἐνεκαυχήσαντο
593 1537 620 1564 οἱ
633 1535 797 1572 μισοῦντές
818 1544 855 1563 σε
868 1536 903 1564 ἐν
915 1536 967 1571 μέ-

182 1590 227 1614 σῳ
241 1582 296 1616 ῑῆς
313 1581 416 1617 ἑορτῆς
432 1590 499 1609 σου.
517 1582 579 1614 Πῶς
592 1582 646 1618 γὰρ
658 1582 709 1609 οὐκ
729 1582 965 1618 ὲνεκαυχήσαντος

182 1627 241 1660 πῶς
259 1627 287 1654 δὲ
309 1628 359 1654 οὐκ
374 1627 488 1663 ἐμίαναν
514 1627 560 1654 τὸν
586 1627 648 1655 ναὺν
674 1628 719 1655 τὸν
745 1628 822 1663 ἅγιόν
849 1637 895 1655 σου
911 1629 967 1664 (48)

183 1675 335 1709 συμφοραῖς
349 1673 527 1708 πολυτρόποις
543 1673 590 1701 καὶ
601 1674 737 1706 παντοίοις
754 1675 864 1708 κακοῖς;

1020 998 1068 1026 per
1081 990 1186 1018 caulam
1201 991 1394 1018 transcendens
1414 990 1496 1022 latro,
1514 990 1645 1018 secundus
1658 990 1700 1017 ille
1713 990 1804 1021 Arius.

1020 1037 1124 1064 turbida
1138 1036 1182 1063 illa
1201 1041 1229 1064 et
1244 1043 1336 1063 amara
1351 1037 1467 1069 eversio,
1480 1036 1524 1064 ille
1540 1037 1623 1070 impio
1647 1036 1721 1063 l‘onte
1743 1036 1806 1063 ube-

1023 1083 1079 1110 rior
1097 1082 1203 1115 ﬂuvius,
1221 1082 1340 1116 seipsum
1364 1082 1390 1109 in
1409 1082 1556 1110 Ecclesiam
1581 1081 1737 1109 introduxit.
1765 1081 1806 1108 Pi-

1018 1133 1062 1164 get
1075 1129 1202 1162 equidem
1224 1128 1323 1164 ﬂagitia
1344 1136 1388 1161 ea,
1404 1136 1464 1163 quae
1492 1133 1555 1156 tunc
1575 1128 1714 1162 designata
1732 1132 1804 1161 sunt,

1017 1179 1044 1202 et
1057 1174 1137 1210 463
1157 1173 1273 1201 nefarias
1284 1175 1382 1207 cades,
1397 1181 1459 1202 cum
1471 1174 1569 1209 quibus
1583 1173 1640 1201 l'era
1657 1173 1702 1200 illa
1715 1181 1807 1201 saero-

1017 1225 1140 1248 sanctum
1153 1220 1248 1248 solium
1263 1221 1372 1253 invasit,
1387 1228 1418 1248 ac
1427 1220 1546 1255 pestiferi
1561 1219 1698 1255 ingressus
1710 1219 1806 1254 prmiu-

1017 1266 1062 1294 dia
1079 1266 1199 1295 referre:
1217 1275 1250 1295 ex
1275 1267 1366 1294 multis
1384 1272 1475 1294 tamen
1505 1274 1593 1301 pauca
1609 1266 1728 1300 deploro,
1747 1273 1806 1300 quae

1017 1319 1066 1338 vos
1079 1319 1184 1346 quoque
1197 1319 1301 1338 mecum
1315 1310 1470 1345 deploratis,
1486 1315 1514 1337 ct
1526 1309 1581 1344 jam
1608 1316 1670 1337 ante
1684 1309 1805 1344 deplora-

1017 1357 1077 1390 stis,
1113 1356 1196 1384 divini
1219 1356 1328 1383 Davidis
1353 1355 1443 1383 verbis
1479 1360 1557 1383 utens
1583 1355 1625 1382 "’:
1654 1355 1736 1387 Deus,
1764 1362 1805 1381 ve-

1017 1408 1109 1432 nerunt
1127 1409 1212 1438 gentes
1229 1403 1257 1430 in
1277 1402 1453 1429 [nereditatem
1469 1409 1540 1428 tuam
1555 1409 1565 1428 :
1583 1400 1728 1435 polluerunt
1742 1405 1807 1427 tem-

1016 1449 1087 1485 plum
1107 1454 1226 1476 sanctum
1252 1452 1343 1480 tuum;
1367 1452 1393 1475 et
1402 1455 1460 1482 qua:
1472 1451 1636 1481 sequuntur:
1656 1445 1804 1473 Posuerunt

1016 1495 1166 1522 morticinia
1192 1502 1324 1521 servarunt
1354 1498 1461 1520 tuorum
1493 1501 1580 1520 escam
1602 1491 1759 1524 volatilibus,
1781 1497 1805 1518 et

1017 1541 1079 1576 feris
1095 1541 1122 1567 in
1141 1540 1334 1567 lacerationem.
1356 1539 1425 1573 Quin
1444 1539 1508 1566 illud
1532 1538 1641 1572 insuper
1661 1537 1798 1572 adjiciam,

1022 1586 1093 1621 quod
1108 1586 1177 1613 idem
1192 1585 1322 1620 propheta
1336 1585 1362 1612 in
1377 1585 1461 1612 altera
1473 1584 1663 1611 lamentatione
1691 1583 1798 1618 alioque

1022 1633 1125 1668 psalmo
1140 1632 1237 1659 cecinit
1253 1640 1260 1659 :
1279 1632 1383 1664 Quanta
1404 1631 1564 1666 malignam:
1580 1635 1617 1658 est
1637 1630 1758 1656 inimicus
1773 1629 1801 1655 in

983 1675 1006 1706 C
1021 1683 1178 1711 sanctetuo,
1191 1684 1214 1706 et
1226 1678 1331 1713 gloriati
1351 1683 1410 1704 sunt
1427 1678 1471 1712 qui
1486 1677 1595 1704 oderunt
1614 1680 1648 1707 te,
1668 1676 1695 1702 in
1710 1675 1795 1702 medio

181 1718 353 1746 solemnitalir
380 1724 432 1746 tum
456 1719 490 1746 ⁵⁰.
521 1719 590 1752 Quid
623 1720 714 1748 enim?
747 1719 788 1748 An
817 1728 870 1748 non
894 1721 1000 1756 gloriati
1036 1725 1118 1753 sunt?

1160 1725 1228 1758 Quid
1261 1724 1371 1752 autem?
1399 1724 1495 1750 Annon
1524 1727 1648 1750 sanctum
1681 1721 1807 1756 templum

183 1770 257 1791 tuum
269 1765 350 1792 variis
361 1765 572 1798 calamitatibus,
584 1771 666 1800 atque
678 1766 750 1792 omni
773 1766 903 1793 malorum
929 1775 1027 1802 genere
1045 1769 1282 1798 contaminarunt?

219 1812 267 1838 lB'.
294 1811 470 1847 Ἐστρατήγει
494 1812 542 1847 μὲν
564 1812 633 1848 ἀνὴρ
648 1811 725 1844 ἄθεος
747 1812 801 1848 (49)
816 1813 863 1840 καὶ
879 1816 968 1850 παρά-

182 1866 274 1892 νομος,
302 1857 363 1884 οὐδὲ
389 1857 476 1893 ὄνομα
501 1857 664 1894 Χριστιανοῦ
694 1857 750 1893 (50)
775 1859 965 1895 περικείμενος

183 1903 274 1938 (τοῦτο
298 1903 351 1939 γὰρ
364 1903 413 1939 τῆς
428 1903 532 1939 ὕϐρεως
546 1903 576 1930 τὺ
591 1903 763 1939 δεινότατον),
794 1905 851 1932 ἀλλ’
867 1906 899 1932 ὲκ
910 1906 964 1933 τῶν

183 1949 300 1976 εἰδώλων
315 1949 361 1976 ἐπὶ
376 1949 422 1976 τὸν
436 1949 482 1989 τοῦ
499 1949 567 1976 Θεοῦ
588 1950 650 1976 ναὸν
665 1951 851 1986 ἐπειγόμενος,
868 1953 901 1978 ὲκ
916 1952 969 1979 τῶν

183 1995 346 2031 ἀκαθάρτων
361 1995 483 2031 αἱμάτων
499 1995 544 2022 ἐπὶ
562 1995 597 2023 τὰ
614 1996 795 2032 μυσαρώτερά
808 2006 838 2024 τε
855 1999 901 2024 καὶ
916 1998 970 2033 βδε-

182 2042 344 2078 λυκτότερα,
358 2041 496 2069 καὶτοῦτο
508 2042 656 2078 ίερουργων
670 2042 736 2074 ἴσως
754 2042 803 2078 τὴν
816 2043 877 2070 καθ’
892 2043 969 2079 ἡμῶν

184 2088 262 2124 ὓϐριν
276 2090 333 2120 τοῖς
359 2088 483 2124 δαίμοσι*
508 2087 695 2124 παρετάσσετο
707 2088 735 2114 δὲ
764 2088 878 2124 δύναμις
893 2089 970 2125 θυμῷ

183 2133 292 2166 ζέουσα,
307 2134 422 2169 στρατὸς
435 2133 576 2165 ἀλλόκοτος
589 2133 645 2169 (51)
671 2133 719 2160 καὶ
743 2133 879 2170 ἀνήμερος
900 2134 970 2161 κατὰ

182 2179 237 2206 τῶν
253 2180 361 2206 ἀόπλων
373 2179 420 2206 καὶ
440 2179 594 2215 ἀπολέμων.
614 2178 753 2211 Ἐξωθεῖτο
766 2179 821 2214 (52)
835 2180 883 2215 μὲν
895 2181 909 2206 ὁ
923 2178 970 2206 τοῦ

183 2226 261 2261 ἁγίου
281 2225 402 2261 διάδοχος
424 2225 523 2262 ἱερεὺς,
541 2226 555 2252 ὁ
572 2225 646 2260 νόμῳ
659 2226 706 2252 καὶ
718 2225 798 2259 ’τάξει
813 2226 971 2262 Πνεύματος

1061 1817 1116 1845 ΧΗ.
1151 1818 1232 1845 Ducis
1259 1824 1371 1844 munere
1399 1816 1564 1851 fungebatur
1586 1816 1629 1843 vir
1659 1816 1757 1851 impius
1780 1820 1809 1843 et

1022 1864 1234 1897 consceleratus,
1250 1872 1283 1892 ne
1296 1864 1440 1891 Christiani
1455 1863 1561 1898 quidem
1585 1869 1682 1890 nomen
1702 1870 1799 1897 gerens

1022 1911 1085 1946 (hoc
1108 1911 1179 1938 enim
1197 1910 1278 1937 totius
1300 1909 1468 1937 contumeliae
1496 1909 1712 1943 indignissimum
1733 1908 1799 1941 est).

1023 1964 1117 1984 verum
1135 1957 1169 1985 ab
1185 1956 1263 1984 idolis
1280 1957 1314 1984 ad
1327 1956 1373 1984 Dei
1388 1955 1530 1990 templum,
1549 1956 1583 1982 ab
1602 1954 1714 1989 impuris
1730 1962 1810 1981 cruo-

1024 2002 1100 2030 ribus
1134 2002 1168 2029 ad
1188 2002 1414 2031 exsecrabiliores
1434 2007 1461 2030 et
1474 2000 1688 2029 detestabiliores
1711 2006 1808 2034 pr0pe-

1024 2054 1101 2080 rans;
1122 2055 1155 2075 ac
1169 2047 1285 2076 fortasse
1312 2046 1465 2082 huiusmodi
1490 2046 1620 2073 adversus
1641 2051 1691 2072 nos
1715 2049 1809 2071 contu.

1018 2090 1111 2123 melia,
1127 2092 1202 2126 quasi
1230 2093 1340 2120 victima
1364 2092 1492 2126 quadam,
1514 2089 1682 2118 damonibus
1709 2089 1803 2116 litans.

1018 2134 1167 2163 Prodibant
1187 2136 1214 2163 in
1232 2136 1318 2163 aciem
1342 2135 1435 2169 copiae,
1454 2134 1546 2161 furore
1559 2132 1698 2164 ardentes,
1715 2132 1809 2159 imma-

1023 2180 1067 2206 nis
1085 2184 1113 2206 et
1128 2179 1201 2208 ferus
1217 2180 1354 2208 exercitus
1379 2180 1509 2206 adversus
1527 2178 1644 2206 inermes
1671 2177 1804 2208 homines,

1020 2232 1052 2252 ac
1068 2225 1106 2252 rei
1126 2225 1228 2253 bellica:
1245 2225 1362 2260 ignaros.
1389 2224 1576 2258 Expellebatur
1590 2222 1725 2255 sacerdos,
1742 2222 1794 2249 viri

182 2270 440 2307 κεχρισμένος,(55),
455 2271 502 2297 καὶ
516 2271 596 2306 πολιᾷ
613 2272 659 2298 καὶ
673 2271 803 2307 φρονήσει
820 2272 966 2308 τετιμημέ-

1023 2270 1107 2297 sancti
1124 2278 1274 2304 successor,
1301 2270 1432 2306 legitime,
1446 2275 1536 2305 atque,
1549 2273 1578 2296 ut
1592 2268 1709 2303 Spiritus
1732 2267 1799 2295 ordo

182 2325 227 2348 νος
242 2317 296 2352 (54)
309 2324 316 2332 ·
345 2315 484 2342 ἐϐασίλευε
511 2316 540 2343 δὲ
552 2315 658 2352 Ταὸεὴλ
683 2315 749 2351 (55),
771 2316 785 2342 ὁ
803 2316 968 2352 κληρονόμος

216 2361 322 2390 "Psal.
348 2369 463 2394 unm,
480 2362 506 2394 1,
521 2362 548 2390 2.
586 2363 609 2378 ⁵⁰
625 2362 695 2390 Psal.
716 2370 811 2394 Lxxnt,
832 2363 859 2395 5,
880 2362 907 2390 4.

217 2418 275 2454 (42)
290 2419 369 2446 Μετὰ
382 2419 440 2452 τὴν
450 2419 625 2453 περιϐόητον
640 2419 733 2454 χεῖρα,
748 2424 801 2446 etc.
827 2418 967 2454 Signiﬁcat

183 2454 229 2482 hic
252 2454 398 2489 Gregorius
419 2454 582 2488 siippositaun
607 2455 712 2481 Arsenii
735 2462 855 2486 manuni,
885 2462 966 2488 quam

190 2489 257 2516 falso
269 2489 302 2515 ah
315 2489 464 2515 Athanasio
477 2493 642 2522 amputatum
657 2489 815 2516 dictitabant
826 2489 928 2516 Ariani.

218 2523 343 2558 (43)](«12
364 2523 487 2557 μάστιξ.
505 2524 557 2550 «Et
578 2523 741 2557 ﬂagellum:
763 2524 878 2550 Schol.:
898 2524 967 2550 Λού-

182 2556 252 2594 κιον,
266 2556 354 2594 οἶμαι,
365 2556 473 2594 ίλέγειν,
496 2558 541 2594 τρν
560 2558 607 2585 ἐπὶ
616 2556 723 2594 Πέτρου
738 2558 806 2593 μετὰ
822 2558 868 2585 τὸν
891 2559 969 2586 Ἀθα-

182 2593 274 2620 νάσιον
288 2593 460 2629 εἰσέλθονταζ
486 2593 630 2629 (Lucium,
647 2593 752 2627 opinor,
773 2594 908 2629 intelligit,
922 2595 966 2629 qui

183 2628 255 2656 Petri
268 2629 434 2656 successoris
447 2627 588 2655 Athanasii
604 2629 695 2663 sedem
710 2627 882 2663 occupavit.)

217 2663 274 2696 (44)
290 2664 428 2696 Ἀποτος.
452 2663 498 2690 Sic
515 2663 580 2697 Reg.
596 2662 688 2698 Cypr.,
705 2662 877 2694 Par..’Pass..
891 2663 971 2691 Com-

183 2698 238 2725 hel'.
264 2698 310 2726 Sic
337 2699 396 2732 ipse
419 2698 514 2726 Billius
528 2698 634 2725 videtur
657 2698 762 2734 legisse.
781 2699 808 2725 ln
825 2699 890 2726 edit.
907 2699 969 2725 ἆτο-

181 2741 243 2764 πος.

217 2768 274 2803 (45)
286 2768 458 2804 νὀδύρεσθε.
476 2767 543 2802 Reg.
556 2767 651 2803 Cyph,
665 2768 858 2804 προοδύρεσθε,
877 2778 886 2794 ι
899 2769 970 2803 prio-

182 2810 227 2830 res
242 2803 291 2836 ipsi
308 2804 464 2838 deploratis.
478 2812 488 2829 ι

217 2838 274 2874 (19)
289 2836 646 2874 Συγῖχρησγάμεςνοςκςρίειξ
663 2838 688 2870 1,
701 2839 930 2874 ρυγχρησὰμενοι.

218 2873 274 2908 (ιι)
287 2871 464 2908 Θνήὸῆμαῖά.
477 2873 522 2900 Sic
535 2871 617 2908 Lxx.
634 2872 662 2899 In
677 2872 732 2908 ed.,
744 2871 894 2908 θῦισιμαῐα.

218 2907 275 2943 (48)
295 2908 400 2943 ’Ἀγιόν
417 2916 483 2935 σου.
501 2908 546 2936 Sic
564 2907 628 2943 ιιι-ε.
648 2907 701 2936 bm.
720 2907 799 2936 Deest
819 2907 867 2935 σου
882 2910 906 2936 in
921 2908 964 2936 ed.

1020 2316 1183 2351 postulabat,
1202 2317 1339 2348 inunctus,
1355 2324 1387 2344 ac
1402 2316 1500 2344 canitie
1515 2319 1542 2343 et
1557 2314 1698 2350 prudentia
1712 2321 1795 2341 orna-

1057 2415 1112 2452 (49)
1131 2414 1221 2452 Ἀνὴρ
1231 2415 1327 2452 ᾔθεος.
1355 2413 1573 2452 Sic__desigl_tatur
1591 2412 1725 2452 Palladius
1745 2412 1809 2446 qui'

1021 2448 1154 2483 dam,'vir
1177 2448 1274 2484 impius
1288 2456 1314 2476 et
1331 2449 1449 2481 gentilis,
1463 2449 1518 2484 qui,
1543 2453 1573 2475 ut
1594 2448 1627 2474 ab
1640 2449 1809 2484 imperatore

1022 2492 1049 2515 et
1070 2482 1103 2512 ab
1116 2482 1223 2512 Arianis
1246 2484 1359 2519 gratiam
1383 2482 1478 2517 iniret,
1489 2484 1618 2511 adversus
1635 2482 1806 2510 Orthodoxos

1023 2521 1170 2549 crudeliter
1182 2521 1318 2547 szeviebat.

1059 2555 1115 2591 (50)
1129 2554 1319 2591 Χριστιανοῦ.
1334 2554 1416 2591 Cpisl.
1429 2551 1689 2591 1,_Xptcn:tav_t<xp96.

1059 2587 1115 2626 (51)
1137 2587 1325 2622 Ἄ.ιΐ.λόκοτος⁸
1351 2590 1430 2624 Reg.,
1446 2587 1527 2624 Cypr.
1548 2593 1576 2616 et
1587 2587 1634 2615 Or.
1650 2588 1675 2622 1,
1688 2587 1808 2615 ἀλλοκώ-

1022 2635 1111 2657 τατος.

1058 2659 1116 2696 (52)
1136 2659 1296 2696 Ἐξωθεῒτο.
1323 2658 1372 2686 llic
1398 2658 1553 2696 intelligitur
1573 2657 1669 2696 Petrus
1694 2657 1810 2696 Alexan-

1023 2692 1118 2724 drinus
1131 2695 1275 2721 Athanasii
1291 2701 1442 2726 successor,
1456 2694 1501 2728 qui
1517 2702 1532 2720 e
1555 2693 1622 2728 sede
1634 2700 1648 2719 a
1660 2692 1744 2720 Lucio
1758 2701 1808 2719 ex-

1042 2731 1119 2758 ulsus
1132 2734 1183 2756 est.
1196 2728 1262 2756 Tota
1275 2729 1332 2756 haec
1349 2727 1478 2763 tragoedia
1493 2729 1526 2755 ab
1543 2729 1600 2762 ipso
1613 2727 1691 2754 Petro
1705 2728 1809 2762 depicta

1034 2766 1121 2801 egilur
1135 2764 1206 2797 apud
1224 2764 1348 2801 Nieeph.,
1362 2763 1461 2801 lib._tx,
1478 2770 1503 2790 c.
1515 2763 1560 2790 ‘28.

1059 2797 1357 2842 (55λΚςλριρμρῙος.
1455 2800 1545 2842 plures
1562 2798 1649 2842 ’Reg"
1669 2802 1697 2825 et
1718 2797 1808 2829 Colb.,

1024 2833 1109 2863 Coisl.
1122 2835 1148 2866 1,
1167 2834 1214 2860 0r.
1231 2834 1257 2864 1,
1272 2839 1325 2860 etc.
1338 2833 1365 2868 In
1383 2833 1438 2865 ed.,
1453 2833 1624 2868 κεκριμένος.

1061 2869 1116 2906 (56)
1136 2867 1338 2906 Τετιμημέυνοςέ
1347 2867 1443 2906 Pass”
1450 2867 1633 2906 ριετίοσμένος,

1061 2901 1117 2941 (55)
1136 2901 1304 2932 Ἐϐίίινίζίητε
1321 2903 1355 2931 δὲ
1369 2902 1488 2937 Ταϐεήλ.
1504 2901 1602 2932 Lucius
1619 2903 1661 2931 hic
1682 2901 1807 2937 designa-
