  <div class='ocr_page' id='page_1' title='image "/cluster/home/n/w/nwhite01/storage/ocr_20150623/35/njp.32101077772554/621.png"; bbox 0 0 2060 3140; ppageno 0'>
   <div class='ocr_carea' id='block_1_1' title="bbox 237 197 309 226">
    <p class='ocr_par' dir='ltr' id='par_1_1' title="bbox 237 197 309 226">
     <span class='ocr_line' id='line_1_1' title="bbox 237 197 309 226; baseline -0.014 0"><span class='ocrx_word' id='word_1_1' title='bbox 237 197 309 226; x_wconf 66' lang='grc'><strong>1215</strong></span> 
     </span>
    </p>
   </div>
   <div class='ocr_carea' id='block_1_2' title="bbox 824 197 1232 227">
    <p class='ocr_par' dir='ltr' id='par_1_2' title="bbox 824 197 1232 227">
     <span class='ocr_line' id='line_1_2' title="bbox 824 197 1232 227; baseline 0 -1"><span class='ocrx_word' id='word_1_2' title='bbox 824 197 854 227; x_wconf 79' lang='lat' dir='ltr'><strong>S.</strong></span> <span class='ocrx_word' id='word_1_3' title='bbox 875 197 1038 227; x_wconf 80' lang='lat' dir='ltr'><strong>GBEGORll</strong></span> <span class='ocrx_word' id='word_1_4' title='bbox 1059 198 1232 226; x_wconf 80' lang='lat' dir='ltr'><strong>TllEOLOGl</strong></span> 
     </span>
    </p>
   </div>
   <div class='ocr_carea' id='block_1_3' title="bbox 1793 197 1861 224">
    <p class='ocr_par' dir='ltr' id='par_1_3' title="bbox 1793 197 1861 224">
     <span class='ocr_line' id='line_1_3' title="bbox 1793 197 1861 224; baseline 0 0"><span class='ocrx_word' id='word_1_5' title='bbox 1793 197 1861 224; x_wconf 64' lang='lat'><strong>1216</strong></span> 
     </span>
    </p>
   </div>
   <div class='ocr_carea' id='block_1_4' title="bbox 239 254 1030 293">
    <p class='ocr_par' dir='ltr' id='par_1_4' title="bbox 239 254 1024 290">
     <span class='ocr_line' id='line_1_4' title="bbox 239 254 1024 290; baseline 0.006 -8"><span class='ocrx_word' id='word_1_6' title='bbox 239 262 292 283; x_wconf 82' lang='lat' dir='ltr'><strong>tus.</strong></span> <span class='ocrx_word' id='word_1_7' title='bbox 309 254 447 290; x_wconf 74' lang='lat' dir='ltr'><strong>Regnabat</strong></span> <span class='ocrx_word' id='word_1_8' title='bbox 463 261 553 284; x_wconf 80' lang='lat' dir='ltr'><strong>autem</strong></span> <span class='ocrx_word' id='word_1_9' title='bbox 576 256 687 288; x_wconf 85' lang='lat' dir='ltr'><strong>Tabeel,</strong></span> <span class='ocrx_word' id='word_1_10' title='bbox 711 257 806 286; x_wconf 61' lang='lat' dir='ltr'><strong>alienat</strong></span> <span class='ocrx_word' id='word_1_11' title='bbox 831 259 904 286; x_wconf 75' lang='lat' dir='ltr'><strong>sedis</strong></span> <span class='ocrx_word' id='word_1_12' title='bbox 928 259 1024 286; x_wconf 71' lang='lat' dir='ltr'><strong>haeres.</strong></span> 
     </span>
    </p>
   </div>
   <div class='ocr_carea' id='block_1_5' title="bbox 1080 254 1864 293">
    <p class='ocr_par' dir='ltr' id='par_1_5' title="bbox 1080 256 1864 293">
     <span class='ocr_line' id='line_1_5' title="bbox 1080 256 1864 293; baseline -0.003 -9"><span class='ocrx_word' id='word_1_13' title='bbox 1080 258 1130 284; x_wconf 81' lang='grc' dir='ltr'><strong>τῶν</strong></span> <span class='ocrx_word' id='word_1_14' title='bbox 1146 257 1304 293; x_wconf 82' lang='grc' dir='ltr'>ἀλλοτρίων.</span> <span class='ocrx_word' id='word_1_15' title='bbox 1331 257 1409 284; x_wconf 70' lang='grc' dir='ltr'>Κατὰ</span> <span class='ocrx_word' id='word_1_16' title='bbox 1433 257 1487 284; x_wconf 79' lang='grc' dir='ltr'><strong>τῶν</strong></span> <span class='ocrx_word' id='word_1_17' title='bbox 1503 257 1589 291; x_wconf 88' lang='grc' dir='ltr'>ἁγίων</span> <span class='ocrx_word' id='word_1_18' title='bbox 1611 257 1692 288; x_wconf 73' lang='grc' dir='ltr'>ὅπλα,</span> <span class='ocrx_word' id='word_1_19' title='bbox 1720 256 1789 282; x_wconf 82' lang='grc' dir='ltr'>κατὰ</span> <span class='ocrx_word' id='word_1_20' title='bbox 1809 256 1864 283; x_wconf 77' lang='grc' dir='ltr'>τῶν</span> 
     </span>
    </p>
   </div>
   <div class='ocr_carea' id='block_1_6' title="bbox 240 302 1027 338">
    <p class='ocr_par' dir='ltr' id='par_1_6' title="bbox 240 302 1027 338">
     <span class='ocr_line' id='line_1_6' title="bbox 240 302 1027 338; baseline 0.001 -9"><span class='ocrx_word' id='word_1_21' title='bbox 240 302 377 329; x_wconf 73' lang='lat' dir='ltr'><strong>Adtersus</strong></span> <span class='ocrx_word' id='word_1_22' title='bbox 411 307 520 330; x_wconf 80' lang='lat' dir='ltr'><strong>sanctos</strong></span> <span class='ocrx_word' id='word_1_23' title='bbox 543 311 631 334; x_wconf 80' lang='lat' dir='ltr'><strong>artua.</strong></span> <span class='ocrx_word' id='word_1_24' title='bbox 653 304 784 331; x_wconf 73' lang='lat' dir='ltr'><strong>adversus</strong></span> <span class='ocrx_word' id='word_1_25' title='bbox 813 311 856 331; x_wconf 85' lang='lat' dir='ltr'><strong>res</strong></span> <span class='ocrx_word' id='word_1_26' title='bbox 882 311 940 336; x_wconf 82' lang='lat' dir='ltr'><strong>eas,</strong></span> <span class='ocrx_word' id='word_1_27' title='bbox 959 311 1027 338; x_wconf 86' lang='lat' dir='ltr'><strong>quas</strong></span> 
     </span>
    </p>
   </div>
   <div class='ocr_carea' id='block_1_7' title="bbox 239 348 1027 384">
    <p class='ocr_par' dir='ltr' id='par_1_7' title="bbox 239 348 1027 384">
     <span class='ocr_line' id='line_1_7' title="bbox 239 348 1027 384; baseline 0.001 -9"><span class='ocrx_word' id='word_1_28' title='bbox 239 348 319 382; x_wconf 80' lang='lat' dir='ltr'><strong>diripi</strong></span> <span class='ocrx_word' id='word_1_29' title='bbox 340 348 414 375; x_wconf 81' lang='lat' dir='ltr'><strong>nefas</strong></span> <span class='ocrx_word' id='word_1_30' title='bbox 429 353 498 378; x_wconf 88' lang='lat' dir='ltr'><strong>erat.</strong></span> <span class='ocrx_word' id='word_1_31' title='bbox 526 349 638 383; x_wconf 78' lang='lat' dir='ltr'><strong>impune</strong></span> <span class='ocrx_word' id='word_1_32' title='bbox 665 357 773 382; x_wconf 80' lang='lat' dir='ltr'><strong>ntanus,</strong></span> <span class='ocrx_word' id='word_1_33' title='bbox 799 350 928 377; x_wconf 86' lang='lat' dir='ltr'><strong>adversus</strong></span> <span class='ocrx_word' id='word_1_34' title='bbox 954 350 1027 384; x_wconf 81' lang='lat' dir='ltr'><strong>psal-</strong></span> 
     </span>
    </p>
   </div>
   <div class='ocr_carea' id='block_1_8' title="bbox 241 395 1026 430">
    <p class='ocr_par' dir='ltr' id='par_1_8' title="bbox 241 395 1026 430">
     <span class='ocr_line' id='line_1_8' title="bbox 241 395 1026 430; baseline 0.001 -10"><span class='ocrx_word' id='word_1_35' title='bbox 241 402 299 421; x_wconf 87' lang='lat' dir='ltr'><strong>tuos</strong></span> <span class='ocrx_word' id='word_1_36' title='bbox 317 395 444 421; x_wconf 88' lang='lat' dir='ltr'><strong>tuharutn</strong></span> <span class='ocrx_word' id='word_1_37' title='bbox 469 395 590 430; x_wconf 74' lang='lat' dir='ltr'><strong>clangor.</strong></span> <span class='ocrx_word' id='word_1_38' title='bbox 610 395 668 423; x_wconf 79' lang='lat' dir='ltr'><strong>Jaut</strong></span> <span class='ocrx_word' id='word_1_39' title='bbox 688 403 748 430; x_wconf 80' lang='lat' dir='ltr'><strong>qu:e</strong></span> <span class='ocrx_word' id='word_1_40' title='bbox 765 400 916 430; x_wconf 80' lang='lat' dir='ltr'><strong>sequuntur</strong></span> <span class='ocrx_word' id='word_1_41' title='bbox 936 395 1026 422; x_wconf 88' lang='lat' dir='ltr'><strong>consi-</strong></span> 
     </span>
    </p>
   </div>
   <div class='ocr_carea' id='block_1_9' title="bbox 240 439 1026 475">
    <p class='ocr_par' dir='ltr' id='par_1_9' title="bbox 240 439 1026 475">
     <span class='ocr_line' id='line_1_9' title="bbox 240 439 1026 475; baseline 0.004 -11"><span class='ocrx_word' id='word_1_42' title='bbox 240 439 316 471; x_wconf 86' lang='lat' dir='ltr'><strong>dera,</strong></span> <span class='ocrx_word' id='word_1_43' title='bbox 340 440 467 466; x_wconf 85' lang='lat' dir='ltr'><strong>cadentes</strong></span> <span class='ocrx_word' id='word_1_44' title='bbox 494 440 568 468; x_wconf 88' lang='lat' dir='ltr'><strong>viros</strong></span> <span class='ocrx_word' id='word_1_45' title='bbox 593 440 620 467; x_wconf 87' lang='lat' dir='ltr'><strong>in</strong></span> <span class='ocrx_word' id='word_1_46' title='bbox 664 440 730 468; x_wconf 86' lang='lat' dir='ltr'><strong>locis</strong></span> <span class='ocrx_word' id='word_1_47' title='bbox 764 441 878 472; x_wconf 85' lang='lat' dir='ltr'><strong>sanctis,</strong></span> <span class='ocrx_word' id='word_1_48' title='bbox 913 440 1026 475; x_wconf 84' lang='lat' dir='ltr'><strong>pedibus</strong></span> 
     </span>
    </p>
   </div>
   <div class='ocr_carea' id='block_1_10' title="bbox 240 485 1026 517">
    <p class='ocr_par' dir='ltr' id='par_1_10' title="bbox 240 485 1026 517">
     <span class='ocr_line' id='line_1_10' title="bbox 240 485 1026 517; baseline 0.003 -7"><span class='ocrx_word' id='word_1_49' title='bbox 240 485 369 517; x_wconf 82' lang='lat' dir='ltr'><strong>protritas</strong></span> <span class='ocrx_word' id='word_1_50' title='bbox 395 485 535 517; x_wconf 85' lang='lat' dir='ltr'><strong>mulieres,</strong></span> <span class='ocrx_word' id='word_1_51' title='bbox 565 485 709 513; x_wconf 88' lang='lat' dir='ltr'><strong>nonnullas</strong></span> <span class='ocrx_word' id='word_1_52' title='bbox 736 486 818 513; x_wconf 88' lang='lat' dir='ltr'><strong>etiam</strong></span> <span class='ocrx_word' id='word_1_53' title='bbox 842 494 902 513; x_wconf 90' lang='lat' dir='ltr'><strong>cum</strong></span> <span class='ocrx_word' id='word_1_54' title='bbox 923 491 1026 513; x_wconf 73' lang='lat' dir='ltr'><strong>natura:</strong></span> 
     </span>
    </p>
   </div>
   <div class='ocr_carea' id='block_1_11' title="bbox 239 531 1025 567">
    <p class='ocr_par' dir='ltr' id='par_1_11' title="bbox 239 531 1025 567">
     <span class='ocr_line' id='line_1_11' title="bbox 239 531 1025 567; baseline 0.004 -12"><span class='ocrx_word' id='word_1_55' title='bbox 239 537 335 561; x_wconf 83' lang='lat' dir='ltr'><strong>out-re,</strong></span> <span class='ocrx_word' id='word_1_56' title='bbox 362 537 538 564; x_wconf 67' lang='lat' dir='ltr'><strong>praematuros</strong></span> <span class='ocrx_word' id='word_1_57' title='bbox 565 536 667 565; x_wconf 82' lang='lat' dir='ltr'><strong>partus.</strong></span> <span class='ocrx_word' id='word_1_58' title='bbox 683 531 735 564; x_wconf 78' lang='lat' dir='ltr'><strong>vel,</strong></span> <span class='ocrx_word' id='word_1_59' title='bbox 763 537 793 558; x_wconf 93' lang='lat' dir='ltr'><strong>ut</strong></span> <span class='ocrx_word' id='word_1_60' title='bbox 811 532 899 567; x_wconf 78' lang='lat' dir='ltr'><strong>aptius</strong></span> <span class='ocrx_word' id='word_1_61' title='bbox 925 532 1025 564; x_wconf 86' lang='lat' dir='ltr'><strong>dicam,</strong></span> 
     </span>
    </p>
   </div>
   <div class='ocr_carea' id='block_1_12' title="bbox 239 577 1026 611">
    <p class='ocr_par' dir='ltr' id='par_1_12' title="bbox 239 577 1026 611">
     <span class='ocr_line' id='line_1_12' title="bbox 239 577 1026 611; baseline 0.005 -11"><span class='ocrx_word' id='word_1_62' title='bbox 239 583 292 601; x_wconf 89' lang='lat' dir='ltr'><strong>non</strong></span> <span class='ocrx_word' id='word_1_63' title='bbox 317 580 427 609; x_wconf 82' lang='lat' dir='ltr'><strong>partus;</strong></span> <span class='ocrx_word' id='word_1_64' title='bbox 453 577 570 611; x_wconf 77' lang='lat' dir='ltr'><strong>virgines</strong></span> <span class='ocrx_word' id='word_1_65' title='bbox 589 577 772 605; x_wconf 89' lang='lat' dir='ltr'><strong>miserabilem</strong></span> <span class='ocrx_word' id='word_1_66' title='bbox 798 577 824 605; x_wconf 90' lang='lat' dir='ltr'><strong>in</strong></span> <span class='ocrx_word' id='word_1_67' title='bbox 840 578 946 605; x_wconf 87' lang='lat' dir='ltr'><strong>modum</strong></span> <span class='ocrx_word' id='word_1_68' title='bbox 970 578 1026 604; x_wconf 86' lang='lat' dir='ltr'><strong>dis-</strong></span> 
     </span>
    </p>
   </div>
   <div class='ocr_carea' id='block_1_13' title="bbox 241 621 1027 657">
    <p class='ocr_par' dir='ltr' id='par_1_13' title="bbox 241 621 1027 657">
     <span class='ocr_line' id='line_1_13' title="bbox 241 621 1027 657; baseline 0.005 -11"><span class='ocrx_word' id='word_1_69' title='bbox 241 625 350 654; x_wconf 81' lang='lat' dir='ltr'><strong>tractus,</strong></span> <span class='ocrx_word' id='word_1_70' title='bbox 366 621 462 648; x_wconf 63' lang='lat' dir='ltr'><strong>foedius</strong></span> <span class='ocrx_word' id='word_1_71' title='bbox 488 622 569 649; x_wconf 88' lang='lat' dir='ltr'><strong>etiam</strong></span> <span class='ocrx_word' id='word_1_72' title='bbox 591 624 726 650; x_wconf 82' lang='lat' dir='ltr'><strong>cruciatas</strong></span> <span class='ocrx_word' id='word_1_73' title='bbox 747 623 820 657; x_wconf 86' lang='lat' dir='ltr'><strong>(nam</strong></span> <span class='ocrx_word' id='word_1_74' title='bbox 844 628 872 650; x_wconf 84' lang='lat' dir='ltr'><strong>et</strong></span> <span class='ocrx_word' id='word_1_75' title='bbox 891 624 925 650; x_wconf 92' lang='lat' dir='ltr'><strong>ob</strong></span> <span class='ocrx_word' id='word_1_76' title='bbox 952 622 1027 650; x_wconf 86' lang='lat' dir='ltr'><strong>femi-</strong></span> 
     </span>
    </p>
   </div>
   <div class='ocr_carea' id='block_1_14' title="bbox 240 669 1025 704">
    <p class='ocr_par' dir='ltr' id='par_1_14' title="bbox 240 669 1025 704">
     <span class='ocr_line' id='line_1_14' title="bbox 240 669 1025 704; baseline 0.004 -11"><span class='ocrx_word' id='word_1_77' title='bbox 240 675 298 700; x_wconf 85' lang='lat' dir='ltr'><strong>nas,</strong></span> <span class='ocrx_word' id='word_1_78' title='bbox 317 672 344 694; x_wconf 83' lang='lat' dir='ltr'><strong>et</strong></span> <span class='ocrx_word' id='word_1_79' title='bbox 358 669 393 695; x_wconf 88' lang='lat' dir='ltr'><strong>ob</strong></span> <span class='ocrx_word' id='word_1_80' title='bbox 410 669 493 703; x_wconf 80' lang='lat' dir='ltr'><strong>viros,</strong></span> <span class='ocrx_word' id='word_1_81' title='bbox 519 669 622 704; x_wconf 85' lang='lat' dir='ltr'><strong>pudore</strong></span> <span class='ocrx_word' id='word_1_82' title='bbox 642 669 783 704; x_wconf 85' lang='lat' dir='ltr'><strong>impedior,</strong></span> <span class='ocrx_word' id='word_1_83' title='bbox 801 670 944 704; x_wconf 82' lang='lat' dir='ltr'><strong>quominus</strong></span> <span class='ocrx_word' id='word_1_84' title='bbox 962 677 1025 697; x_wconf 93' lang='lat' dir='ltr'><strong>cru-</strong></span> 
     </span>
    </p>
   </div>
   <div class='ocr_carea' id='block_1_15' title="bbox 240 714 1026 750">
    <p class='ocr_par' dir='ltr' id='par_1_15' title="bbox 240 714 1026 750">
     <span class='ocr_line' id='line_1_15' title="bbox 240 714 1026 750; baseline 0.003 -10"><span class='ocrx_word' id='word_1_85' title='bbox 240 714 358 740; x_wconf 86' lang='lat' dir='ltr'><strong>delitatis</strong></span> <span class='ocrx_word' id='word_1_86' title='bbox 373 715 482 742; x_wconf 89' lang='lat' dir='ltr'><strong>modum</strong></span> <span class='ocrx_word' id='word_1_87' title='bbox 501 722 646 749; x_wconf 77' lang='lat' dir='ltr'><strong>exponam,</strong></span> <span class='ocrx_word' id='word_1_88' title='bbox 664 720 744 750; x_wconf 87' lang='lat' dir='ltr'><strong>atque</strong></span> <span class='ocrx_word' id='word_1_89' title='bbox 767 715 871 743; x_wconf 87' lang='lat' dir='ltr'><strong>occulta</strong></span> <span class='ocrx_word' id='word_1_90' title='bbox 887 715 1026 742; x_wconf 85' lang='lat' dir='ltr'><strong>dedecoris</strong></span> 
     </span>
    </p>
   </div>
   <div class='ocr_carea' id='block_1_16' title="bbox 240 759 1026 796">
    <p class='ocr_par' dir='ltr' id='par_1_16' title="bbox 240 759 1026 796">
     <span class='ocr_line' id='line_1_16' title="bbox 240 759 1026 796; baseline 0.004 -11"><span class='ocrx_word' id='word_1_91' title='bbox 240 766 365 786; x_wconf 85' lang='lat' dir='ltr'><strong>sermone</strong></span> <span class='ocrx_word' id='word_1_92' title='bbox 375 759 520 792; x_wconf 76' lang='lat' dir='ltr'><strong>denudent,</strong></span> <span class='ocrx_word' id='word_1_93' title='bbox 529 765 620 795; x_wconf 89' lang='lat' dir='ltr'><strong>utpote</strong></span> <span class='ocrx_word' id='word_1_94' title='bbox 632 762 666 788; x_wconf 85' lang='lat' dir='ltr'><strong>ob</strong></span> <span class='ocrx_word' id='word_1_95' title='bbox 673 768 739 796; x_wconf 84' lang='lat' dir='ltr'><strong>quas</strong></span> <span class='ocrx_word' id='word_1_96' title='bbox 745 761 827 788; x_wconf 81' lang='lat' dir='ltr'><strong>etiam</strong></span> <span class='ocrx_word' id='word_1_97' title='bbox 841 766 896 788; x_wconf 91' lang='lat' dir='ltr'><strong>tum</strong></span> <span class='ocrx_word' id='word_1_98' title='bbox 906 761 1026 788; x_wconf 91' lang='lat' dir='ltr'><strong>denuda-</strong></span> 
     </span>
    </p>
   </div>
   <div class='ocr_carea' id='block_1_17' title="bbox 241 806 1027 842">
    <p class='ocr_par' dir='ltr' id='par_1_17' title="bbox 241 806 1027 842">
     <span class='ocr_line' id='line_1_17' title="bbox 241 806 1027 842; baseline 0.006 -12"><span class='ocrx_word' id='word_1_99' title='bbox 241 810 282 830; x_wconf 86' lang='lat' dir='ltr'><strong>tas</strong></span> <span class='ocrx_word' id='word_1_100' title='bbox 289 806 458 835; x_wconf 82' lang='lat' dir='ltr'><strong>erubescam)</strong></span> <span class='ocrx_word' id='word_1_101' title='bbox 469 815 476 839; x_wconf 87' lang='lat'>;</span> <span class='ocrx_word' id='word_1_102' title='bbox 487 806 555 833; x_wconf 86' lang='lat' dir='ltr'><strong>alias</strong></span> <span class='ocrx_word' id='word_1_103' title='bbox 568 807 594 833; x_wconf 94' lang='lat' dir='ltr'><strong>in</strong></span> <span class='ocrx_word' id='word_1_104' title='bbox 606 807 748 835; x_wconf 87' lang='lat' dir='ltr'><strong>interiores</strong></span> <span class='ocrx_word' id='word_1_105' title='bbox 760 807 850 842; x_wconf 89' lang='lat' dir='ltr'><strong>templi</strong></span> <span class='ocrx_word' id='word_1_106' title='bbox 860 812 953 841; x_wconf 82' lang='lat' dir='ltr'><strong>puteos</strong></span> <span class='ocrx_word' id='word_1_107' title='bbox 967 815 1027 835; x_wconf 82' lang='lat' dir='ltr'><strong>sese</strong></span> 
     </span>
    </p>
   </div>
   <div class='ocr_carea' id='block_1_18' title="bbox 241 850 1027 889">
    <p class='ocr_par' dir='ltr' id='par_1_18' title="bbox 241 850 1027 889">
     <span class='ocr_line' id='line_1_18' title="bbox 241 850 1027 889; baseline 0.006 -13"><span class='ocrx_word' id='word_1_108' title='bbox 241 850 324 886; x_wconf 62' lang='grc'><strong>464</strong></span> <span class='ocrx_word' id='word_1_109' title='bbox 340 851 506 886; x_wconf 82' lang='lat' dir='ltr'><strong>dejicicutel,</strong></span> <span class='ocrx_word' id='word_1_110' title='bbox 522 852 589 880; x_wconf 83' lang='lat' dir='ltr'><strong>alias</strong></span> <span class='ocrx_word' id='word_1_111' title='bbox 603 861 635 880; x_wconf 76' lang='lat' dir='ltr'><strong>ex</strong></span> <span class='ocrx_word' id='word_1_112' title='bbox 654 854 768 881; x_wconf 82' lang='lat' dir='ltr'><strong>editiore</strong></span> <span class='ocrx_word' id='word_1_113' title='bbox 793 853 852 881; x_wconf 89' lang='lat' dir='ltr'><strong>loco</strong></span> <span class='ocrx_word' id='word_1_114' title='bbox 866 861 895 881; x_wconf 82' lang='lat' dir='ltr'><strong>se</strong></span> <span class='ocrx_word' id='word_1_115' title='bbox 917 854 943 881; x_wconf 88' lang='lat' dir='ltr'><strong>in</strong></span> <span class='ocrx_word' id='word_1_116' title='bbox 958 862 1027 889; x_wconf 60' lang='lat' dir='ltr'><strong>prae.</strong></span> 
     </span>
    </p>
   </div>
   <div class='ocr_carea' id='block_1_19' title="bbox 241 897 1026 934">
    <p class='ocr_par' dir='ltr' id='par_1_19' title="bbox 241 897 1026 934">
     <span class='ocr_line' id='line_1_19' title="bbox 241 897 1026 934; baseline 0.008 -12"><span class='ocrx_word' id='word_1_117' title='bbox 241 904 305 930; x_wconf 72' lang='lat' dir='ltr'><strong>ceps</strong></span> <span class='ocrx_word' id='word_1_118' title='bbox 322 897 430 931; x_wconf 78' lang='lat' dir='ltr'><strong>dantes,</strong></span> <span class='ocrx_word' id='word_1_119' title='bbox 460 904 569 933; x_wconf 76' lang='lat' dir='ltr'><strong>propter</strong></span> <span class='ocrx_word' id='word_1_120' title='bbox 592 907 684 927; x_wconf 82' lang='lat' dir='ltr'><strong>earum</strong></span> <span class='ocrx_word' id='word_1_121' title='bbox 710 908 810 931; x_wconf 88' lang='lat' dir='ltr'><strong>rerum,</strong></span> <span class='ocrx_word' id='word_1_122' title='bbox 839 907 906 934; x_wconf 85' lang='lat' dir='ltr'><strong>quas</strong></span> <span class='ocrx_word' id='word_1_123' title='bbox 933 907 1026 928; x_wconf 86' lang='lat' dir='ltr'><strong>cerne-</strong></span> 
     </span>
    </p>
   </div>
   <div class='ocr_carea' id='block_1_20' title="bbox 1077 302 1862 339">
    <p class='ocr_par' dir='ltr' id='par_1_20' title="bbox 1077 302 1862 339">
     <span class='ocr_line' id='line_1_20' title="bbox 1077 302 1862 339; baseline -0.003 -9"><span class='ocrx_word' id='word_1_124' title='bbox 1077 304 1184 330; x_wconf 79' lang='grc' dir='ltr'><strong>ἀσύλων</strong></span> <span class='ocrx_word' id='word_1_125' title='bbox 1202 304 1299 339; x_wconf 72' lang='grc' dir='ltr'>μιαραὶ</span> <span class='ocrx_word' id='word_1_126' title='bbox 1325 305 1424 339; x_wconf 76' lang='grc' dir='ltr'>χεῖρες,</span> <span class='ocrx_word' id='word_1_127' title='bbox 1443 303 1513 330; x_wconf 84' lang='grc' dir='ltr'>κατὰ</span> <span class='ocrx_word' id='word_1_128' title='bbox 1532 303 1587 329; x_wconf 86' lang='grc' dir='ltr'>τῶν</span> <span class='ocrx_word' id='word_1_129' title='bbox 1607 302 1684 337; x_wconf 82' lang='grc' dir='ltr'><strong>ᾠδῶν</strong></span> <span class='ocrx_word' id='word_1_130' title='bbox 1705 302 1862 335; x_wconf 80' lang='grc' dir='ltr'>σάλπιγγες.</span> 
     </span>
    </p>
   </div>
   <div class='ocr_carea' id='block_1_21' title="bbox 1077 347 1865 384">
    <p class='ocr_par' dir='ltr' id='par_1_21' title="bbox 1077 347 1865 384">
     <span class='ocr_line' id='line_1_21' title="bbox 1077 347 1865 384; baseline -0.003 -8"><span class='ocrx_word' id='word_1_131' title='bbox 1077 349 1177 376; x_wconf 84' lang='grc' dir='ltr'>Σκόπει</span> <span class='ocrx_word' id='word_1_132' title='bbox 1193 357 1238 384; x_wconf 86' lang='grc' dir='ltr'><strong>μοι</strong></span> <span class='ocrx_word' id='word_1_133' title='bbox 1266 348 1301 375; x_wconf 77' lang='grc' dir='ltr'><strong>τὰ</strong></span> <span class='ocrx_word' id='word_1_134' title='bbox 1323 349 1428 380; x_wconf 67' lang='grc' dir='ltr'>τούτοις</span> <span class='ocrx_word' id='word_1_135' title='bbox 1449 348 1580 383; x_wconf 79' lang='grc' dir='ltr'>ἑπόμενα.</span> <span class='ocrx_word' id='word_1_136' title='bbox 1599 349 1746 378; x_wconf 81' lang='grc' dir='ltr'>πίπτοντας</span> <span class='ocrx_word' id='word_1_137' title='bbox 1763 347 1865 383; x_wconf 82' lang='grc' dir='ltr'>ἄνδρας</span> 
     </span>
    </p>
   </div>
   <div class='ocr_carea' id='block_1_22' title="bbox 1078 394 1864 430">
    <p class='ocr_par' dir='ltr' id='par_1_22' title="bbox 1078 394 1864 430">
     <span class='ocr_line' id='line_1_22' title="bbox 1078 394 1864 430; baseline -0.001 -8"><span class='ocrx_word' id='word_1_138' title='bbox 1078 396 1107 422; x_wconf 75' lang='grc' dir='ltr'>ἐν</span> <span class='ocrx_word' id='word_1_139' title='bbox 1123 398 1179 427; x_wconf 85' lang='grc' dir='ltr'>τοῖς</span> <span class='ocrx_word' id='word_1_140' title='bbox 1193 396 1290 430; x_wconf 80' lang='grc' dir='ltr'>ἁγίοις,</span> <span class='ocrx_word' id='word_1_141' title='bbox 1308 395 1537 430; x_wconf 81' lang='grc' dir='ltr'>συμπατουμένας</span> <span class='ocrx_word' id='word_1_142' title='bbox 1565 397 1707 429; x_wconf 73' lang='grc' dir='ltr'>γυναῖκας,</span> <span class='ocrx_word' id='word_1_143' title='bbox 1733 394 1805 421; x_wconf 79' lang='grc' dir='ltr'>ἐστιν</span> <span class='ocrx_word' id='word_1_144' title='bbox 1829 394 1864 426; x_wconf 77' lang='grc' dir='ltr'>ἃς</span> 
     </span>
    </p>
   </div>
   <div class='ocr_carea' id='block_1_23' title="bbox 1077 439 1864 476">
    <p class='ocr_par' dir='ltr' id='par_1_23' title="bbox 1077 439 1864 476">
     <span class='ocr_line' id='line_1_23' title="bbox 1077 439 1864 476; baseline -0.003 -9"><span class='ocrx_word' id='word_1_145' title='bbox 1077 441 1123 468; x_wconf 73' lang='grc' dir='ltr'>καὶ</span> <span class='ocrx_word' id='word_1_146' title='bbox 1139 441 1208 476; x_wconf 71' lang='grc' dir='ltr'>μετὰ</span> <span class='ocrx_word' id='word_1_147' title='bbox 1219 443 1266 467; x_wconf 78' lang='grc' dir='ltr'>τοῦ</span> <span class='ocrx_word' id='word_1_148' title='bbox 1285 441 1382 476; x_wconf 75' lang='grc' dir='ltr'>φόρτου</span> <span class='ocrx_word' id='word_1_149' title='bbox 1395 442 1443 475; x_wconf 83' lang='grc' dir='ltr'>τῆς</span> <span class='ocrx_word' id='word_1_150' title='bbox 1457 440 1573 475; x_wconf 68' lang='grc' dir='ltr'>φύσεως,</span> <span class='ocrx_word' id='word_1_151' title='bbox 1591 441 1652 472; x_wconf 60' lang='grc' dir='ltr'>τοὶς</span> <span class='ocrx_word' id='word_1_152' title='bbox 1665 439 1806 475; x_wconf 73' lang='grc' dir='ltr'>προώρους</span> <span class='ocrx_word' id='word_1_153' title='bbox 1821 439 1864 465; x_wconf 89' lang='grc' dir='ltr'>τό-</span> 
     </span>
    </p>
   </div>
   <div class='ocr_carea' id='block_1_24' title="bbox 1077 485 1863 521">
    <p class='ocr_par' dir='ltr' id='par_1_24' title="bbox 1077 485 1863 521">
     <span class='ocr_line' id='line_1_24' title="bbox 1077 485 1863 521; baseline -0.003 -8"><span class='ocrx_word' id='word_1_154' title='bbox 1077 495 1141 518; x_wconf 83' lang='grc' dir='ltr'>κους</span> <span class='ocrx_word' id='word_1_155' title='bbox 1161 486 1208 514; x_wconf 81' lang='grc' dir='ltr'>καὶ</span> <span class='ocrx_word' id='word_1_156' title='bbox 1233 487 1356 518; x_wconf 74' lang='grc' dir='ltr'>ἀτόκους,</span> <span class='ocrx_word' id='word_1_157' title='bbox 1379 487 1466 512; x_wconf 82' lang='grc' dir='ltr'>εἰπεῖν</span> <span class='ocrx_word' id='word_1_158' title='bbox 1486 487 1664 521; x_wconf 74' lang='grc' dir='ltr'>οζκειότερον·</span> <span class='ocrx_word' id='word_1_159' title='bbox 1689 485 1863 520; x_wconf 78' lang='grc' dir='ltr'>διελκομένας</span> 
     </span>
    </p>
   </div>
   <div class='ocr_carea' id='block_1_25' title="bbox 1076 530 1862 568">
    <p class='ocr_par' dir='ltr' id='par_1_25' title="bbox 1076 530 1862 568">
     <span class='ocr_line' id='line_1_25' title="bbox 1076 530 1862 568; baseline -0.005 -8"><span class='ocrx_word' id='word_1_160' title='bbox 1076 533 1228 568; x_wconf 77' lang='grc' dir='ltr'><strong>παρθένους</strong></span> <span class='ocrx_word' id='word_1_161' title='bbox 1241 533 1366 568; x_wconf 70' lang='grc' dir='ltr'>οἰκτρῶς,</span> <span class='ocrx_word' id='word_1_162' title='bbox 1378 532 1554 567; x_wconf 78' lang='grc' dir='ltr'><strong>αἰκιζομένας</strong></span> <span class='ocrx_word' id='word_1_163' title='bbox 1570 532 1743 567; x_wconf 74' lang='grc' dir='ltr'><strong>αἰσχρότερον</strong></span> <span class='ocrx_word' id='word_1_164' title='bbox 1758 530 1862 566; x_wconf 80' lang='grc' dir='ltr'>(αἰσχύ-</span> 
     </span>
    </p>
   </div>
   <div class='ocr_carea' id='block_1_26' title="bbox 1076 577 1862 613">
    <p class='ocr_par' dir='ltr' id='par_1_26' title="bbox 1076 577 1862 613">
     <span class='ocr_line' id='line_1_26' title="bbox 1076 577 1862 613; baseline -0.004 -8"><span class='ocrx_word' id='word_1_165' title='bbox 1076 587 1157 613; x_wconf 84' lang='grc' dir='ltr'>νομαι</span> <span class='ocrx_word' id='word_1_166' title='bbox 1171 579 1218 605; x_wconf 82' lang='grc' dir='ltr'>καὶ</span> <span class='ocrx_word' id='word_1_167' title='bbox 1236 579 1368 613; x_wconf 85' lang='grc' dir='ltr'>γυναῖκας</span> <span class='ocrx_word' id='word_1_168' title='bbox 1395 578 1442 604; x_wconf 77' lang='grc' dir='ltr'>καὶ</span> <span class='ocrx_word' id='word_1_169' title='bbox 1466 578 1565 613; x_wconf 83' lang='grc' dir='ltr'>ἄνδρας</span> <span class='ocrx_word' id='word_1_170' title='bbox 1583 579 1668 604; x_wconf 77' lang='grc' dir='ltr'>εἰπεῖν</span> <span class='ocrx_word' id='word_1_171' title='bbox 1695 577 1740 603; x_wconf 83' lang='grc' dir='ltr'>τὸν</span> <span class='ocrx_word' id='word_1_172' title='bbox 1752 577 1862 612; x_wconf 82' lang='grc' dir='ltr'>τρόπον,</span> 
     </span>
    </p>
   </div>
   <div class='ocr_carea' id='block_1_27' title="bbox 1075 619 1865 659">
    <p class='ocr_par' dir='ltr' id='par_1_27' title="bbox 1075 619 1865 659">
     <span class='ocr_line' id='line_1_27' title="bbox 1075 619 1865 659; baseline -0.005 -7"><span class='ocrx_word' id='word_1_173' title='bbox 1075 625 1123 652; x_wconf 73' lang='grc' dir='ltr'>καὶ</span> <span class='ocrx_word' id='word_1_174' title='bbox 1134 624 1277 659; x_wconf 81' lang='grc' dir='ltr'><strong>γυμνῶσαι</strong></span> <span class='ocrx_word' id='word_1_175' title='bbox 1291 624 1330 659; x_wconf 85' lang='grc' dir='ltr'>τῷ</span> <span class='ocrx_word' id='word_1_176' title='bbox 1349 624 1420 659; x_wconf 85' lang='grc' dir='ltr'>λόγῳ</span> <span class='ocrx_word' id='word_1_177' title='bbox 1437 624 1470 650; x_wconf 74' lang='grc' dir='ltr'><strong>τὰ</strong></span> <span class='ocrx_word' id='word_1_178' title='bbox 1486 623 1595 659; x_wconf 79' lang='grc' dir='ltr'>κρυπτὰ</span> <span class='ocrx_word' id='word_1_179' title='bbox 1609 623 1656 657; x_wconf 79' lang='grc' dir='ltr'>τῆς</span> <span class='ocrx_word' id='word_1_180' title='bbox 1670 622 1809 658; x_wconf 75' lang='grc' dir='ltr'>αἰσχύνης,</span> <span class='ocrx_word' id='word_1_181' title='bbox 1823 619 1865 654; x_wconf 74' lang='grc' dir='ltr'><strong>οἷς</strong></span> 
     </span>
    </p>
   </div>
   <div class='ocr_carea' id='block_1_28' title="bbox 1077 667 1860 705">
    <p class='ocr_par' dir='ltr' id='par_1_28' title="bbox 1077 667 1860 705">
     <span class='ocr_line' id='line_1_28' title="bbox 1077 667 1860 705; baseline -0.005 -8"><span class='ocrx_word' id='word_1_182' title='bbox 1077 670 1124 697; x_wconf 64' lang='grc' dir='ltr'>καὶ</span> <span class='ocrx_word' id='word_1_183' title='bbox 1148 670 1208 696; x_wconf 84' lang='grc' dir='ltr'>τότε</span> <span class='ocrx_word' id='word_1_184' title='bbox 1227 669 1408 705; x_wconf 81' lang='grc' dir='ltr'>γυμνωθεῖσιν</span> <span class='ocrx_word' id='word_1_185' title='bbox 1435 668 1618 705; x_wconf 78' lang='grc' dir='ltr'>αἰσχύνομαι),</span> <span class='ocrx_word' id='word_1_186' title='bbox 1641 668 1690 699; x_wconf 79' lang='grc' dir='ltr'>τὰς</span> <span class='ocrx_word' id='word_1_187' title='bbox 1714 668 1762 702; x_wconf 75' lang='grc' dir='ltr'>μὲν</span> <span class='ocrx_word' id='word_1_188' title='bbox 1790 667 1860 694; x_wconf 82' lang='grc' dir='ltr'>κατὰ</span> 
     </span>
    </p>
   </div>
   <div class='ocr_carea' id='block_1_29' title="bbox 1077 713 1860 752">
    <p class='ocr_par' dir='ltr' id='par_1_29' title="bbox 1077 713 1860 752">
     <span class='ocr_line' id='line_1_29' title="bbox 1077 713 1860 752; baseline -0.004 -9"><span class='ocrx_word' id='word_1_189' title='bbox 1077 716 1202 752; x_wconf 85' lang='grc' dir='ltr'>φρεάτων</span> <span class='ocrx_word' id='word_1_190' title='bbox 1225 716 1377 751; x_wconf 81' lang='grc' dir='ltr'>φερομένας</span> <span class='ocrx_word' id='word_1_191' title='bbox 1405 715 1458 741; x_wconf 87' lang='grc' dir='ltr'>τῶν</span> <span class='ocrx_word' id='word_1_192' title='bbox 1475 715 1546 742; x_wconf 76' lang='grc' dir='ltr'>ἔνδον</span> <span class='ocrx_word' id='word_1_193' title='bbox 1563 714 1608 740; x_wconf 75' lang='grc' dir='ltr'>τοῦ</span> <span class='ocrx_word' id='word_1_194' title='bbox 1625 714 1708 749; x_wconf 84' lang='grc' dir='ltr'>ίεροῦ.</span> <span class='ocrx_word' id='word_1_195' title='bbox 1725 714 1775 745; x_wconf 75' lang='grc' dir='ltr'><strong>τὰς</strong></span> <span class='ocrx_word' id='word_1_196' title='bbox 1786 713 1814 740; x_wconf 76' lang='grc' dir='ltr'><strong>δὲ</strong></span> <span class='ocrx_word' id='word_1_197' title='bbox 1828 715 1860 740; x_wconf 80' lang='grc' dir='ltr'>ὲκ</span> 
     </span>
    </p>
   </div>
   <div class='ocr_carea' id='block_1_30' title="bbox 1075 758 1861 797">
    <p class='ocr_par' dir='ltr' id='par_1_30' title="bbox 1075 758 1861 797">
     <span class='ocr_line' id='line_1_30' title="bbox 1075 758 1861 797; baseline -0.004 -9"><span class='ocrx_word' id='word_1_198' title='bbox 1075 762 1130 788; x_wconf 79' lang='grc' dir='ltr'>τῶν</span> <span class='ocrx_word' id='word_1_199' title='bbox 1142 761 1272 797; x_wconf 79' lang='grc' dir='ltr'><strong>ὑπερῴων</strong></span> <span class='ocrx_word' id='word_1_200' title='bbox 1285 761 1340 795; x_wconf 83' lang='grc'><strong>(56)</strong></span> <span class='ocrx_word' id='word_1_201' title='bbox 1353 760 1575 796; x_wconf 77' lang='grc' dir='ltr'>κρημνιζομένας</span> <span class='ocrx_word' id='word_1_202' title='bbox 1589 760 1635 786; x_wconf 75' lang='grc' dir='ltr'><strong>ἐπὶ</strong></span> <span class='ocrx_word' id='word_1_203' title='bbox 1647 761 1680 795; x_wconf 82' lang='grc' dir='ltr'>τῇ</span> <span class='ocrx_word' id='word_1_204' title='bbox 1695 758 1795 795; x_wconf 73' lang='grc' dir='ltr'>ἀτοπία</span> <span class='ocrx_word' id='word_1_205' title='bbox 1807 759 1861 785; x_wconf 85' lang='grc' dir='ltr'>τῶν</span> 
     </span>
    </p>
   </div>
   <div class='ocr_carea' id='block_1_31' title="bbox 1076 803 1862 842">
    <p class='ocr_par' dir='ltr' id='par_1_31' title="bbox 1076 803 1862 842">
     <span class='ocr_line' id='line_1_31' title="bbox 1076 803 1862 842; baseline -0.004 -10"><span class='ocrx_word' id='word_1_206' title='bbox 1076 806 1231 842; x_wconf 77' lang='grc' dir='ltr'>ὁρωμένων,</span> <span class='ocrx_word' id='word_1_207' title='bbox 1254 805 1302 837; x_wconf 74' lang='grc' dir='ltr'><strong>τὰς</strong></span> <span class='ocrx_word' id='word_1_208' title='bbox 1325 806 1354 832; x_wconf 80' lang='grc' dir='ltr'>δὲ</span> <span class='ocrx_word' id='word_1_209' title='bbox 1370 807 1429 837; x_wconf 80' lang='grc' dir='ltr'>ταῖς</span> <span class='ocrx_word' id='word_1_210' title='bbox 1446 804 1583 840; x_wconf 80' lang='grc' dir='ltr'>κειμέναις</span> <span class='ocrx_word' id='word_1_211' title='bbox 1608 803 1862 839; x_wconf 78' lang='grc' dir='ltr'>ὲπισωρευομένας·</span> 
     </span>
    </p>
   </div>
   <div class='ocr_carea' id='block_1_32' title="bbox 1076 848 1865 886">
    <p class='ocr_par' dir='ltr' id='par_1_32' title="bbox 1076 848 1865 886">
     <span class='ocr_line' id='line_1_32' title="bbox 1076 848 1865 886; baseline -0.004 -9"><span class='ocrx_word' id='word_1_212' title='bbox 1076 852 1139 883; x_wconf 72' lang='grc' dir='ltr'>τοὺς</span> <span class='ocrx_word' id='word_1_213' title='bbox 1163 852 1209 877; x_wconf 76' lang='grc' dir='ltr'><strong>ἐπὶ</strong></span> <span class='ocrx_word' id='word_1_214' title='bbox 1226 852 1282 882; x_wconf 80' lang='grc' dir='ltr'>τοῖς</span> <span class='ocrx_word' id='word_1_215' title='bbox 1299 851 1389 886; x_wconf 78' lang='grc' dir='ltr'>φόνοις</span> <span class='ocrx_word' id='word_1_216' title='bbox 1417 850 1522 885; x_wconf 65' lang='grc' dir='ltr'>φόνους,</span> <span class='ocrx_word' id='word_1_217' title='bbox 1549 849 1584 876; x_wconf 76' lang='grc' dir='ltr'>τὰ</span> <span class='ocrx_word' id='word_1_218' title='bbox 1606 849 1652 876; x_wconf 71' lang='grc' dir='ltr'><strong>ἐπὶ</strong></span> <span class='ocrx_word' id='word_1_219' title='bbox 1663 850 1720 880; x_wconf 86' lang='grc' dir='ltr'>τοῖς</span> <span class='ocrx_word' id='word_1_220' title='bbox 1737 848 1865 884; x_wconf 76' lang='grc' dir='ltr'>πτώμασι</span> 
     </span>
    </p>
   </div>
   <div class='ocr_carea' id='block_1_33' title="bbox 1077 895 1865 932">
    <p class='ocr_par' dir='ltr' id='par_1_33' title="bbox 1077 895 1865 932">
     <span class='ocr_line' id='line_1_33' title="bbox 1077 895 1865 932; baseline -0.004 -8"><span class='ocrx_word' id='word_1_221' title='bbox 1077 896 1220 932; x_wconf 77' lang='grc' dir='ltr'>πτώματα,</span> <span class='ocrx_word' id='word_1_222' title='bbox 1237 896 1393 931; x_wconf 85' lang='grc' dir='ltr'>πατούμενα</span> <span class='ocrx_word' id='word_1_223' title='bbox 1411 896 1533 931; x_wconf 75' lang='grc' dir='ltr'>βεϐήλοις</span> <span class='ocrx_word' id='word_1_224' title='bbox 1547 896 1609 922; x_wconf 83' lang='grc' dir='ltr'><strong>ποσί</strong></span> <span class='ocrx_word' id='word_1_225' title='bbox 1626 895 1660 922; x_wconf 78' lang='grc' dir='ltr'><strong>τὰ</strong></span> <span class='ocrx_word' id='word_1_226' title='bbox 1674 895 1749 929; x_wconf 79' lang='grc' dir='ltr'>ἅγια.</span> <span class='ocrx_word' id='word_1_227' title='bbox 1771 895 1865 921; x_wconf 83' lang='grc' dir='ltr'>θυσια-</span> 
     </span>
    </p>
   </div>
   <div class='ocr_carea' id='block_1_34' title="bbox 241 941 1030 980">
    <p class='ocr_par' dir='ltr' id='par_1_34' title="bbox 241 941 1024 980">
     <span class='ocr_line' id='line_1_34' title="bbox 241 941 1024 980; baseline 0.006 -13"><span class='ocrx_word' id='word_1_228' title='bbox 241 941 315 973; x_wconf 87' lang='lat' dir='ltr'><strong>bant,</strong></span> <span class='ocrx_word' id='word_1_229' title='bbox 339 942 536 975; x_wconf 71' lang='lat' dir='ltr'><strong>indignitatem,</strong></span> <span class='ocrx_word' id='word_1_230' title='bbox 559 943 626 971; x_wconf 85' lang='lat' dir='ltr'><strong>alias</strong></span> <span class='ocrx_word' id='word_1_231' title='bbox 656 945 772 979; x_wconf 89' lang='lat' dir='ltr'><strong>denique</strong></span> <span class='ocrx_word' id='word_1_232' title='bbox 793 953 875 980; x_wconf 84' lang='lat' dir='ltr'><strong>super</strong></span> <span class='ocrx_word' id='word_1_233' title='bbox 894 952 949 978; x_wconf 88' lang='lat' dir='ltr'><strong>eas,</strong></span> <span class='ocrx_word' id='word_1_234' title='bbox 965 953 1024 980; x_wconf 74' lang='lat' dir='ltr'><strong>quze</strong></span> 
     </span>
    </p>
   </div>
   <div class='ocr_carea' id='block_1_35' title="bbox 1080 941 1866 980">
    <p class='ocr_par' dir='ltr' id='par_1_35' title="bbox 1080 941 1866 978">
     <span class='ocr_line' id='line_1_35' title="bbox 1080 941 1866 978; baseline -0.003 -10"><span class='ocrx_word' id='word_1_235' title='bbox 1080 943 1174 978; x_wconf 71' lang='grc' dir='ltr'>στήρια</span> <span class='ocrx_word' id='word_1_236' title='bbox 1189 942 1408 978; x_wconf 74' lang='grc' dir='ltr'>καθυϐριζόμενα</span> <span class='ocrx_word' id='word_1_237' title='bbox 1424 943 1559 977; x_wconf 80' lang='grc' dir='ltr'>σχήμασιν</span> <span class='ocrx_word' id='word_1_238' title='bbox 1578 942 1703 975; x_wconf 77' lang='grc' dir='ltr'>ἁσελγέσι</span> <span class='ocrx_word' id='word_1_239' title='bbox 1719 942 1765 967; x_wconf 76' lang='grc' dir='ltr'>καὶ</span> <span class='ocrx_word' id='word_1_240' title='bbox 1775 941 1866 976; x_wconf 79' lang='grc' dir='ltr'>ᾄσμα-</span> 
     </span>
    </p>
   </div>
   <div class='ocr_carea' id='block_1_36' title="bbox 241 986 1026 1024">
    <p class='ocr_par' dir='ltr' id='par_1_36' title="bbox 241 986 1026 1024">
     <span class='ocr_line' id='line_1_36' title="bbox 241 986 1026 1024; baseline 0.008 -11"><span class='ocrx_word' id='word_1_241' title='bbox 241 986 375 1020; x_wconf 78' lang='lat' dir='ltr'><strong>iacebanl,</strong></span> <span class='ocrx_word' id='word_1_242' title='bbox 390 990 536 1016; x_wconf 80' lang='lat' dir='ltr'><strong>acervatim</strong></span> <span class='ocrx_word' id='word_1_243' title='bbox 561 991 741 1024; x_wconf 82' lang='lat' dir='ltr'><strong>collabentes;</strong></span> <span class='ocrx_word' id='word_1_244' title='bbox 762 991 831 1018; x_wconf 90' lang='lat' dir='ltr'><strong>adde</strong></span> <span class='ocrx_word' id='word_1_245' title='bbox 848 992 935 1019; x_wconf 69' lang='lat' dir='ltr'><strong>caedes</strong></span> <span class='ocrx_word' id='word_1_246' title='bbox 949 993 1026 1019; x_wconf 61' lang='grc' dir='ltr'>σκιη-</span> 
     </span>
    </p>
   </div>
   <div class='ocr_carea' id='block_1_37' title="bbox 241 1033 1026 1072">
    <p class='ocr_par' dir='ltr' id='par_1_37' title="bbox 241 1033 1026 1072">
     <span class='ocr_line' id='line_1_37' title="bbox 241 1033 1026 1072; baseline 0.008 -13"><span class='ocrx_word' id='word_1_247' title='bbox 241 1033 300 1064; x_wconf 88' lang='lat' dir='ltr'><strong>hus,</strong></span> <span class='ocrx_word' id='word_1_248' title='bbox 318 1042 398 1062; x_wconf 89' lang='lat' dir='ltr'><strong>casus</strong></span> <span class='ocrx_word' id='word_1_249' title='bbox 413 1035 521 1062; x_wconf 86' lang='lat' dir='ltr'><strong>casibus</strong></span> <span class='ocrx_word' id='word_1_250' title='bbox 533 1037 718 1069; x_wconf 77' lang='lat' dir='ltr'><strong>succedentes,</strong></span> <span class='ocrx_word' id='word_1_251' title='bbox 735 1042 827 1064; x_wconf 81' lang='lat' dir='ltr'><strong>sancta</strong></span> <span class='ocrx_word' id='word_1_252' title='bbox 846 1037 964 1072; x_wconf 79' lang='lat' dir='ltr'><strong>profanis</strong></span> <span class='ocrx_word' id='word_1_253' title='bbox 980 1046 1026 1072; x_wconf 74' lang='lat' dir='ltr'><strong>pe—</strong></span> 
     </span>
    </p>
   </div>
   <div class='ocr_carea' id='block_1_38' title="bbox 240 1079 1026 1119">
    <p class='ocr_par' dir='ltr' id='par_1_38' title="bbox 240 1079 1026 1119">
     <span class='ocr_line' id='line_1_38' title="bbox 240 1079 1026 1119; baseline 0.009 -14"><span class='ocrx_word' id='word_1_254' title='bbox 240 1079 322 1107; x_wconf 88' lang='lat' dir='ltr'><strong>dibus</strong></span> <span class='ocrx_word' id='word_1_255' title='bbox 337 1080 450 1114; x_wconf 78' lang='lat' dir='ltr'><strong>calcata,</strong></span> <span class='ocrx_word' id='word_1_256' title='bbox 465 1082 560 1109; x_wconf 80' lang='lat' dir='ltr'><strong>altaria</strong></span> <span class='ocrx_word' id='word_1_257' title='bbox 585 1083 684 1117; x_wconf 87' lang='lat' dir='ltr'><strong>probro</strong></span> <span class='ocrx_word' id='word_1_258' title='bbox 708 1084 798 1111; x_wconf 88' lang='lat' dir='ltr'><strong>habita</strong></span> <span class='ocrx_word' id='word_1_259' title='bbox 823 1092 871 1119; x_wconf 90' lang='lat' dir='ltr'><strong>per</strong></span> <span class='ocrx_word' id='word_1_260' title='bbox 895 1084 1026 1112; x_wconf 85' lang='lat' dir='ltr'><strong>obscenos</strong></span> 
     </span>
    </p>
   </div>
   <div class='ocr_carea' id='block_1_39' title="bbox 242 1127 1025 1164">
    <p class='ocr_par' dir='ltr' id='par_1_39' title="bbox 242 1127 1025 1164">
     <span class='ocr_line' id='line_1_39' title="bbox 242 1127 1025 1164; baseline 0.008 -12"><span class='ocrx_word' id='word_1_261' title='bbox 242 1132 334 1158; x_wconf 62' lang='lat' dir='ltr'><strong>gestus</strong></span> <span class='ocrx_word' id='word_1_262' title='bbox 361 1131 389 1153; x_wconf 82' lang='lat' dir='ltr'><strong>et</strong></span> <span class='ocrx_word' id='word_1_263' title='bbox 414 1127 562 1162; x_wconf 87' lang='lat' dir='ltr'><strong>impudicas</strong></span> <span class='ocrx_word' id='word_1_264' title='bbox 586 1129 739 1161; x_wconf 80' lang='lat' dir='ltr'><strong>cantiones.</strong></span> <span class='ocrx_word' id='word_1_265' title='bbox 762 1135 854 1164; x_wconf 89' lang='lat' dir='ltr'><strong>atque,</strong></span> <span class='ocrx_word' id='word_1_266' title='bbox 883 1135 912 1158; x_wconf 91' lang='lat' dir='ltr'><strong>ut</strong></span> <span class='ocrx_word' id='word_1_267' title='bbox 935 1130 1025 1164; x_wconf 83' lang='lat' dir='ltr'><strong>audio,</strong></span> 
     </span>
    </p>
   </div>
   <div class='ocr_carea' id='block_1_40' title="bbox 242 1171 1026 1210">
    <p class='ocr_par' dir='ltr' id='par_1_40' title="bbox 242 1171 1026 1210">
     <span class='ocr_line' id='line_1_40' title="bbox 242 1171 1026 1210; baseline 0.008 -13"><span class='ocrx_word' id='word_1_268' title='bbox 242 1171 369 1205; x_wconf 88' lang='lat' dir='ltr'><strong>(hoccine</strong></span> <span class='ocrx_word' id='word_1_269' title='bbox 387 1172 476 1207; x_wconf 76' lang='lat' dir='ltr'><strong>lingua</strong></span> <span class='ocrx_word' id='word_1_270' title='bbox 494 1173 580 1200; x_wconf 80' lang='lat' dir='ltr'><strong>audax</strong></span> <span class='ocrx_word' id='word_1_271' title='bbox 597 1173 746 1209; x_wconf 73' lang='lat' dir='ltr'><strong>proferet?)</strong></span> <span class='ocrx_word' id='word_1_272' title='bbox 761 1182 842 1210; x_wconf 81' lang='lat' dir='ltr'><strong>super</strong></span> <span class='ocrx_word' id='word_1_273' title='bbox 857 1183 887 1202; x_wconf 87' lang='lat' dir='ltr'><strong>ea</strong></span> <span class='ocrx_word' id='word_1_274' title='bbox 904 1175 1026 1203; x_wconf 84' lang='lat' dir='ltr'><strong>saltatio-</strong></span> 
     </span>
    </p>
   </div>
   <div class='ocr_carea' id='block_1_41' title="bbox 242 1217 1026 1256">
    <p class='ocr_par' dir='ltr' id='par_1_41' title="bbox 242 1217 1026 1256">
     <span class='ocr_line' id='line_1_41' title="bbox 242 1217 1026 1256; baseline 0.01 -14"><span class='ocrx_word' id='word_1_275' title='bbox 242 1223 290 1243; x_wconf 82' lang='lat' dir='ltr'><strong>nes</strong></span> <span class='ocrx_word' id='word_1_276' title='bbox 302 1220 330 1243; x_wconf 86' lang='lat' dir='ltr'><strong>et</strong></span> <span class='ocrx_word' id='word_1_277' title='bbox 345 1217 459 1252; x_wconf 87' lang='lat' dir='ltr'><strong>tripudia</strong></span> <span class='ocrx_word' id='word_1_278' title='bbox 473 1227 480 1251; x_wconf 89' lang='lat'>;</span> <span class='ocrx_word' id='word_1_279' title='bbox 496 1219 563 1246; x_wconf 86' lang='lat' dir='ltr'><strong>adde</strong></span> <span class='ocrx_word' id='word_1_280' title='bbox 576 1219 747 1254; x_wconf 83' lang='lat' dir='ltr'><strong>blasphemas</strong></span> <span class='ocrx_word' id='word_1_281' title='bbox 763 1221 869 1256; x_wconf 80' lang='lat' dir='ltr'><strong>linguas</strong></span> <span class='ocrx_word' id='word_1_282' title='bbox 887 1221 913 1248; x_wconf 92' lang='lat' dir='ltr'><strong>in</strong></span> <span class='ocrx_word' id='word_1_283' title='bbox 932 1229 1026 1250; x_wconf 79' lang='lat' dir='ltr'><strong>sacro-</strong></span> 
     </span>
    </p>
   </div>
   <div class='ocr_carea' id='block_1_42' title="bbox 241 1263 1025 1304">
    <p class='ocr_par' dir='ltr' id='par_1_42' title="bbox 241 1263 1025 1304">
     <span class='ocr_line' id='line_1_42' title="bbox 241 1263 1025 1304; baseline 0.01 -16"><span class='ocrx_word' id='word_1_284' title='bbox 241 1263 344 1290; x_wconf 75' lang='lat' dir='ltr'><strong>sanctis</strong></span> <span class='ocrx_word' id='word_1_285' title='bbox 369 1265 476 1292; x_wconf 87' lang='lat' dir='ltr'><strong>thronis</strong></span> <span class='ocrx_word' id='word_1_286' title='bbox 510 1266 716 1297; x_wconf 84' lang='lat' dir='ltr'><strong>concionantes.</strong></span> <span class='ocrx_word' id='word_1_287' title='bbox 739 1269 868 1302; x_wconf 88' lang='lat' dir='ltr'><strong>mysteria</strong></span> <span class='ocrx_word' id='word_1_288' title='bbox 892 1269 1025 1304; x_wconf 78' lang='lat' dir='ltr'><strong>sugillata,</strong></span> 
     </span>
    </p>
   </div>
   <div class='ocr_carea' id='block_1_43' title="bbox 242 1309 1026 1347">
    <p class='ocr_par' dir='ltr' id='par_1_43' title="bbox 242 1309 1026 1347">
     <span class='ocr_line' id='line_1_43' title="bbox 242 1309 1026 1347; baseline 0.01 -13"><span class='ocrx_word' id='word_1_289' title='bbox 242 1309 407 1344; x_wconf 78' lang='lat' dir='ltr'><strong>psalntodias</strong></span> <span class='ocrx_word' id='word_1_290' title='bbox 419 1312 529 1339; x_wconf 81' lang='lat' dir='ltr'><strong>silentio</strong></span> <span class='ocrx_word' id='word_1_291' title='bbox 548 1321 727 1347; x_wconf 82' lang='lat' dir='ltr'><strong>compressus,</strong></span> <span class='ocrx_word' id='word_1_292' title='bbox 743 1315 859 1347; x_wconf 76' lang='lat' dir='ltr'><strong>gendtus</strong></span> <span class='ocrx_word' id='word_1_293' title='bbox 879 1315 906 1341; x_wconf 94' lang='lat' dir='ltr'><strong>in</strong></span> <span class='ocrx_word' id='word_1_294' title='bbox 932 1323 1026 1342; x_wconf 77' lang='lat' dir='ltr'><strong>earnm</strong></span> 
     </span>
    </p>
   </div>
   <div class='ocr_carea' id='block_1_44' title="bbox 242 1354 1027 1397">
    <p class='ocr_par' dir='ltr' id='par_1_44' title="bbox 242 1354 1027 1397">
     <span class='ocr_line' id='line_1_44' title="bbox 242 1354 1027 1397; baseline 0.008 -15"><span class='ocrx_word' id='word_1_295' title='bbox 242 1354 330 1383; x_wconf 85' lang='lat' dir='ltr'><strong>locum</strong></span> <span class='ocrx_word' id='word_1_296' title='bbox 353 1358 495 1391; x_wconf 68' lang='lat' dir='ltr'><strong>escitatos,</strong></span> <span class='ocrx_word' id='word_1_297' title='bbox 512 1359 626 1387; x_wconf 85' lang='lat' dir='ltr'><strong>ﬂuentes</strong></span> <span class='ocrx_word' id='word_1_298' title='bbox 641 1360 778 1394; x_wconf 72' lang='lat' dir='ltr'><strong>sanguinis</strong></span> <span class='ocrx_word' id='word_1_299' title='bbox 794 1361 876 1392; x_wconf 83' lang='lat' dir='ltr'><strong>rivos.</strong></span> <span class='ocrx_word' id='word_1_300' title='bbox 895 1361 1027 1397; x_wconf 83' lang='lat' dir='ltr'><strong>lacryma-</strong></span> 
     </span>
    </p>
   </div>
   <div class='ocr_carea' id='block_1_45' title="bbox 242 1403 1027 1440">
    <p class='ocr_par' dir='ltr' id='par_1_45' title="bbox 242 1403 1027 1440">
     <span class='ocr_line' id='line_1_45' title="bbox 242 1403 1027 1440; baseline 0.009 -12"><span class='ocrx_word' id='word_1_301' title='bbox 242 1409 302 1429; x_wconf 89' lang='lat' dir='ltr'><strong>rum</strong></span> <span class='ocrx_word' id='word_1_302' title='bbox 319 1403 418 1436; x_wconf 88' lang='lat' dir='ltr'><strong>fontes,</strong></span> <span class='ocrx_word' id='word_1_303' title='bbox 446 1405 606 1433; x_wconf 83' lang='lat' dir='ltr'><strong>sacerdotes</strong></span> <span class='ocrx_word' id='word_1_304' title='bbox 629 1413 676 1440; x_wconf 86' lang='lat' dir='ltr'><strong>per</strong></span> <span class='ocrx_word' id='word_1_305' title='bbox 692 1406 744 1433; x_wconf 90' lang='lat' dir='ltr'><strong>vim</strong></span> <span class='ocrx_word' id='word_1_306' title='bbox 766 1407 907 1439; x_wconf 79' lang='lat' dir='ltr'><strong>obductos,</strong></span> <span class='ocrx_word' id='word_1_307' title='bbox 932 1415 1027 1434; x_wconf 88' lang='lat' dir='ltr'><strong>mona-</strong></span> 
     </span>
    </p>
   </div>
   <div class='ocr_carea' id='block_1_46' title="bbox 241 1448 1028 1485">
    <p class='ocr_par' dir='ltr' id='par_1_46' title="bbox 241 1448 1028 1485">
     <span class='ocr_line' id='line_1_46' title="bbox 241 1448 1028 1485; baseline 0.009 -11"><span class='ocrx_word' id='word_1_308' title='bbox 241 1448 310 1475; x_wconf 86' lang='lat' dir='ltr'><strong>chos</strong></span> <span class='ocrx_word' id='word_1_309' title='bbox 336 1449 480 1482; x_wconf 84' lang='lat' dir='ltr'><strong>laceratos,</strong></span> <span class='ocrx_word' id='word_1_310' title='bbox 498 1458 654 1485; x_wconf 81' lang='lat' dir='ltr'><strong>expressam</strong></span> <span class='ocrx_word' id='word_1_311' title='bbox 672 1451 788 1485; x_wconf 89' lang='lat' dir='ltr'><strong>denique</strong></span> <span class='ocrx_word' id='word_1_312' title='bbox 812 1453 975 1481; x_wconf 85' lang='lat' dir='ltr'><strong>incursionis</strong></span> <span class='ocrx_word' id='word_1_313' title='bbox 996 1454 1028 1480; x_wconf 54' lang='lat' dir='ltr'><strong>il.</strong></span> 
     </span>
    </p>
   </div>
   <div class='ocr_carea' id='block_1_47' title="bbox 242 1492 1029 1533">
    <p class='ocr_par' dir='ltr' id='par_1_47' title="bbox 242 1492 1029 1533">
     <span class='ocr_line' id='line_1_47' title="bbox 242 1492 1029 1533; baseline 0.01 -15"><span class='ocrx_word' id='word_1_314' title='bbox 242 1492 294 1519; x_wconf 81' lang='lat' dir='ltr'><strong>lius</strong></span> <span class='ocrx_word' id='word_1_315' title='bbox 305 1493 460 1528; x_wconf 82' lang='lat' dir='ltr'><strong>imaginem,</strong></span> <span class='ocrx_word' id='word_1_316' title='bbox 476 1503 528 1529; x_wconf 86' lang='lat' dir='ltr'><strong>qua</strong></span> <span class='ocrx_word' id='word_1_317' title='bbox 545 1497 680 1530; x_wconf 90' lang='lat' dir='ltr'><strong>quondam</strong></span> <span class='ocrx_word' id='word_1_318' title='bbox 695 1498 798 1533; x_wconf 83' lang='lat' dir='ltr'><strong>Assyrii</strong></span> <span class='ocrx_word' id='word_1_319' title='bbox 816 1504 936 1525; x_wconf 84' lang='lat' dir='ltr'><strong>sanctam</strong></span> <span class='ocrx_word' id='word_1_320' title='bbox 952 1499 1029 1527; x_wconf 83' lang='lat' dir='ltr'><strong>Jero—</strong></span> 
     </span>
    </p>
   </div>
   <div class='ocr_carea' id='block_1_48' title="bbox 243 1538 1028 1578">
    <p class='ocr_par' dir='ltr' id='par_1_48' title="bbox 243 1538 1028 1578">
     <span class='ocr_line' id='line_1_48' title="bbox 243 1538 1028 1578; baseline 0.01 -13"><span class='ocrx_word' id='word_1_321' title='bbox 243 1538 375 1574; x_wconf 80' lang='lat' dir='ltr'><strong>solymam</strong></span> <span class='ocrx_word' id='word_1_322' title='bbox 406 1541 525 1575; x_wconf 75' lang='lat' dir='ltr'><strong>populati</strong></span> <span class='ocrx_word' id='word_1_323' title='bbox 548 1547 612 1568; x_wconf 87' lang='lat' dir='ltr'><strong>sunt</strong></span> <span class='ocrx_word' id='word_1_324' title='bbox 625 1543 668 1575; x_wconf 73' lang='grc' dir='ltr'>ἰς</span> <span class='ocrx_word' id='word_1_325' title='bbox 697 1551 777 1577; x_wconf 88' lang='lat' dir='ltr'><strong>quam</strong></span> <span class='ocrx_word' id='word_1_326' title='bbox 803 1551 853 1572; x_wconf 90' lang='lat' dir='ltr'><strong>nec</strong></span> <span class='ocrx_word' id='word_1_327' title='bbox 877 1545 974 1578; x_wconf 86' lang='lat' dir='ltr'><strong>oratio,</strong></span> <span class='ocrx_word' id='word_1_328' title='bbox 999 1551 1028 1573; x_wconf 93' lang='lat' dir='ltr'><strong>ut</strong></span> 
     </span>
    </p>
   </div>
   <div class='ocr_carea' id='block_1_49' title="bbox 243 1583 1026 1625">
    <p class='ocr_par' dir='ltr' id='par_1_49' title="bbox 243 1583 1026 1625">
     <span class='ocr_line' id='line_1_49' title="bbox 243 1583 1026 1625; baseline 0.011 -16"><span class='ocrx_word' id='word_1_329' title='bbox 243 1583 353 1618; x_wconf 75' lang='lat' dir='ltr'><strong>digitum</strong></span> <span class='ocrx_word' id='word_1_330' title='bbox 380 1590 430 1617; x_wconf 88' lang='lat' dir='ltr'><strong>est,</strong></span> <span class='ocrx_word' id='word_1_331' title='bbox 452 1586 614 1620; x_wconf 80' lang='lat' dir='ltr'><strong>exprimere,</strong></span> <span class='ocrx_word' id='word_1_332' title='bbox 631 1595 680 1615; x_wconf 83' lang='lat' dir='ltr'><strong>nec</strong></span> <span class='ocrx_word' id='word_1_333' title='bbox 703 1588 777 1615; x_wconf 84' lang='lat' dir='ltr'><strong>auris</strong></span> <span class='ocrx_word' id='word_1_334' title='bbox 799 1596 896 1623; x_wconf 87' lang='lat' dir='ltr'><strong>capere</strong></span> <span class='ocrx_word' id='word_1_335' title='bbox 922 1594 1026 1625; x_wconf 86' lang='lat' dir='ltr'><strong>potest;</strong></span> 
     </span>
    </p>
   </div>
   <div class='ocr_carea' id='block_1_50' title="bbox 243 1629 1026 1670">
    <p class='ocr_par' dir='ltr' id='par_1_50' title="bbox 243 1629 1026 1670">
     <span class='ocr_line' id='line_1_50' title="bbox 243 1629 1026 1670; baseline 0.01 -16"><span class='ocrx_word' id='word_1_336' title='bbox 243 1633 279 1665; x_wconf 73' lang='lat' dir='ltr'><strong>ita</strong></span> <span class='ocrx_word' id='word_1_337' title='bbox 302 1633 330 1655; x_wconf 92' lang='lat' dir='ltr'><strong>ut</strong></span> <span class='ocrx_word' id='word_1_338' title='bbox 347 1629 416 1656; x_wconf 82' lang='lat' dir='ltr'><strong>alter</strong></span> <span class='ocrx_word' id='word_1_339' title='bbox 433 1629 564 1658; x_wconf 76' lang='lat' dir='ltr'><strong>Jcremias</strong></span> <span class='ocrx_word' id='word_1_340' title='bbox 575 1633 608 1659; x_wconf 85' lang='lat' dir='ltr'><strong>ad</strong></span> <span class='ocrx_word' id='word_1_341' title='bbox 628 1641 687 1659; x_wconf 89' lang='lat' dir='ltr'><strong>eam</strong></span> <span class='ocrx_word' id='word_1_342' title='bbox 714 1633 894 1661; x_wconf 86' lang='lat' dir='ltr'><strong>calamitatem</strong></span> <span class='ocrx_word' id='word_1_343' title='bbox 917 1643 966 1670; x_wconf 89' lang='lat' dir='ltr'><strong>pro</strong></span> <span class='ocrx_word' id='word_1_344' title='bbox 984 1636 1026 1662; x_wconf 89' lang='lat' dir='ltr'><strong>di-</strong></span> 
     </span>
    </p>
   </div>
   <div class='ocr_carea' id='block_1_51' title="bbox 1077 987 1866 1023">
    <p class='ocr_par' dir='ltr' id='par_1_51' title="bbox 1077 987 1866 1023">
     <span class='ocr_line' id='line_1_51' title="bbox 1077 987 1866 1023; baseline -0.001 -9"><span class='ocrx_word' id='word_1_345' title='bbox 1077 997 1129 1020; x_wconf 83' lang='grc' dir='ltr'>σιν,</span> <span class='ocrx_word' id='word_1_346' title='bbox 1142 989 1179 1020; x_wconf 85' lang='grc' dir='ltr'>ὡς</span> <span class='ocrx_word' id='word_1_347' title='bbox 1195 989 1223 1014; x_wconf 78' lang='grc' dir='ltr'><strong>δὲ</strong></span> <span class='ocrx_word' id='word_1_348' title='bbox 1237 989 1336 1021; x_wconf 80' lang='grc' dir='ltr'><strong>ἀκούω,</strong></span> <span class='ocrx_word' id='word_1_349' title='bbox 1352 989 1389 1023; x_wconf 85' lang='grc' dir='ltr'>(τί</span> <span class='ocrx_word' id='word_1_350' title='bbox 1401 988 1479 1015; x_wconf 68' lang='grc' dir='ltr'>τοῦτο</span> <span class='ocrx_word' id='word_1_351' title='bbox 1495 989 1512 1023; x_wconf 85' lang='grc' dir='ltr'>ὴ</span> <span class='ocrx_word' id='word_1_352' title='bbox 1525 987 1648 1023; x_wconf 77' lang='grc' dir='ltr'>τολμηρὰ</span> <span class='ocrx_word' id='word_1_353' title='bbox 1661 988 1770 1022; x_wconf 86' lang='grc' dir='ltr'>γλῶσσα</span> <span class='ocrx_word' id='word_1_354' title='bbox 1783 987 1866 1021; x_wconf 76' lang='grc' dir='ltr'>φθέγ-</span> 
     </span>
    </p>
   </div>
   <div class='ocr_carea' id='block_1_52' title="bbox 1078 1033 1866 1070">
    <p class='ocr_par' dir='ltr' id='par_1_52' title="bbox 1078 1033 1866 1070">
     <span class='ocr_line' id='line_1_52' title="bbox 1078 1033 1866 1070; baseline -0.004 -9"><span class='ocrx_word' id='word_1_355' title='bbox 1078 1034 1179 1069; x_wconf 69' lang='grc' dir='ltr'>ξεταις)</span> <span class='ocrx_word' id='word_1_356' title='bbox 1196 1035 1242 1061; x_wconf 79' lang='grc' dir='ltr'>καὶ</span> <span class='ocrx_word' id='word_1_357' title='bbox 1257 1036 1312 1066; x_wconf 82' lang='grc' dir='ltr'>τοῖς</span> <span class='ocrx_word' id='word_1_358' title='bbox 1329 1034 1400 1070; x_wconf 80' lang='grc' dir='ltr'>ὑπὲρ</span> <span class='ocrx_word' id='word_1_359' title='bbox 1413 1034 1501 1061; x_wconf 82' lang='grc' dir='ltr'>αὐτῶν</span> <span class='ocrx_word' id='word_1_360' title='bbox 1516 1035 1653 1070; x_wconf 80' lang='grc' dir='ltr'>ὀρχήμασι</span> <span class='ocrx_word' id='word_1_361' title='bbox 1672 1035 1719 1060; x_wconf 77' lang='grc' dir='ltr'>καὶ</span> <span class='ocrx_word' id='word_1_362' title='bbox 1733 1033 1866 1068; x_wconf 86' lang='grc' dir='ltr'>λυγίσμα-</span> 
     </span>
    </p>
   </div>
   <div class='ocr_carea' id='block_1_53' title="bbox 1077 1078 1865 1116">
    <p class='ocr_par' dir='ltr' id='par_1_53' title="bbox 1077 1078 1865 1116">
     <span class='ocr_line' id='line_1_53' title="bbox 1077 1078 1865 1116; baseline -0.004 -9"><span class='ocrx_word' id='word_1_363' title='bbox 1077 1089 1122 1107; x_wconf 85' lang='grc' dir='ltr'>σι·</span> <span class='ocrx_word' id='word_1_364' title='bbox 1145 1080 1353 1116; x_wconf 85' lang='grc' dir='ltr'>δημηγορούσας</span> <span class='ocrx_word' id='word_1_365' title='bbox 1374 1080 1419 1106; x_wconf 78' lang='grc' dir='ltr'><strong>ἐπὶ</strong></span> <span class='ocrx_word' id='word_1_366' title='bbox 1438 1080 1492 1106; x_wconf 81' lang='grc' dir='ltr'>τῶν</span> <span class='ocrx_word' id='word_1_367' title='bbox 1513 1080 1593 1115; x_wconf 81' lang='grc' dir='ltr'>ιερῶν</span> <span class='ocrx_word' id='word_1_368' title='bbox 1617 1079 1718 1115; x_wconf 81' lang='grc' dir='ltr'>θρόνων</span> <span class='ocrx_word' id='word_1_369' title='bbox 1740 1078 1865 1113; x_wconf 85' lang='grc' dir='ltr'><strong>γλώσσας</strong></span> 
     </span>
    </p>
   </div>
   <div class='ocr_carea' id='block_1_54' title="bbox 1079 1125 1866 1162">
    <p class='ocr_par' dir='ltr' id='par_1_54' title="bbox 1079 1125 1866 1162">
     <span class='ocr_line' id='line_1_54' title="bbox 1079 1125 1866 1162; baseline -0.004 -9"><span class='ocrx_word' id='word_1_370' title='bbox 1079 1126 1266 1162; x_wconf 73' lang='grc' dir='ltr'>βλασφήμους,</span> <span class='ocrx_word' id='word_1_371' title='bbox 1291 1127 1427 1162; x_wconf 80' lang='grc' dir='ltr'>μυστήρια</span> <span class='ocrx_word' id='word_1_372' title='bbox 1450 1126 1660 1161; x_wconf 83' lang='grc' dir='ltr'>κωμῳδούμενα,</span> <span class='ocrx_word' id='word_1_373' title='bbox 1686 1125 1866 1160; x_wconf 86' lang='grc' dir='ltr'>σιωπωμένας</span> 
     </span>
    </p>
   </div>
   <div class='ocr_carea' id='block_1_55' title="bbox 1076 1171 1868 1208">
    <p class='ocr_par' dir='ltr' id='par_1_55' title="bbox 1076 1171 1868 1208">
     <span class='ocr_line' id='line_1_55' title="bbox 1076 1171 1868 1208; baseline -0.003 -10"><span class='ocrx_word' id='word_1_374' title='bbox 1076 1173 1248 1208; x_wconf 70' lang='grc' dir='ltr'>ψαλμῳδίας,</span> <span class='ocrx_word' id='word_1_375' title='bbox 1272 1173 1394 1208; x_wconf 74' lang='grc' dir='ltr'>οἰμωγὰς</span> <span class='ocrx_word' id='word_1_376' title='bbox 1410 1172 1645 1207; x_wconf 81' lang='grc' dir='ltr'>ὰντεγειρομένας,</span> <span class='ocrx_word' id='word_1_377' title='bbox 1663 1172 1786 1206; x_wconf 76' lang='grc' dir='ltr'>αἱμάτων</span> <span class='ocrx_word' id='word_1_378' title='bbox 1806 1171 1868 1205; x_wconf 82' lang='grc' dir='ltr'>ὀχε-</span> 
     </span>
    </p>
   </div>
   <div class='ocr_carea' id='block_1_56' title="bbox 1076 1217 1867 1254">
    <p class='ocr_par' dir='ltr' id='par_1_56' title="bbox 1076 1217 1867 1254">
     <span class='ocr_line' id='line_1_56' title="bbox 1076 1217 1867 1254; baseline -0.003 -9"><span class='ocrx_word' id='word_1_379' title='bbox 1076 1219 1150 1251; x_wconf 64' lang='grc' dir='ltr'>τοὺς,</span> <span class='ocrx_word' id='word_1_380' title='bbox 1166 1218 1290 1254; x_wconf 74' lang='grc' dir='ltr'>δακρύων</span> <span class='ocrx_word' id='word_1_381' title='bbox 1306 1219 1405 1254; x_wconf 79' lang='grc' dir='ltr'>πηγὰς,</span> <span class='ocrx_word' id='word_1_382' title='bbox 1419 1219 1500 1254; x_wconf 78' lang='grc' dir='ltr'><strong>ἱερεῖς</strong></span> <span class='ocrx_word' id='word_1_383' title='bbox 1512 1218 1671 1253; x_wconf 79' lang='grc' dir='ltr'>ἀγομένους.</span> <span class='ocrx_word' id='word_1_384' title='bbox 1686 1217 1867 1252; x_wconf 82' lang='grc' dir='ltr'>μονοτρόπους</span> 
     </span>
    </p>
   </div>
   <div class='ocr_carea' id='block_1_57' title="bbox 1079 1263 1867 1301">
    <p class='ocr_par' dir='ltr' id='par_1_57' title="bbox 1079 1263 1867 1301">
     <span class='ocr_line' id='line_1_57' title="bbox 1079 1263 1867 1301; baseline -0.003 -10"><span class='ocrx_word' id='word_1_385' title='bbox 1079 1265 1332 1301; x_wconf 80' lang='grc' dir='ltr'>σπαρασσομένους,</span> <span class='ocrx_word' id='word_1_386' title='bbox 1351 1266 1441 1292; x_wconf 82' lang='grc' dir='ltr'>πᾶσαν</span> <span class='ocrx_word' id='word_1_387' title='bbox 1458 1265 1508 1299; x_wconf 78' lang='grc' dir='ltr'>τῆς</span> <span class='ocrx_word' id='word_1_388' title='bbox 1531 1263 1678 1299; x_wconf 73' lang='grc' dir='ltr'>Ἀσσυρίων</span> <span class='ocrx_word' id='word_1_389' title='bbox 1696 1263 1867 1298; x_wconf 78' lang='grc' dir='ltr'>καταδρομῆς</span> 
     </span>
    </p>
   </div>
   <div class='ocr_carea' id='block_1_58' title="bbox 1076 1309 1868 1346">
    <p class='ocr_par' dir='ltr' id='par_1_58' title="bbox 1076 1309 1868 1346">
     <span class='ocr_line' id='line_1_58' title="bbox 1076 1309 1868 1346; baseline -0.003 -9"><span class='ocrx_word' id='word_1_390' title='bbox 1076 1312 1126 1346; x_wconf 84' lang='grc' dir='ltr'>τὴν</span> <span class='ocrx_word' id='word_1_391' title='bbox 1142 1311 1244 1342; x_wconf 81' lang='grc' dir='ltr'>εἰκόνα,</span> <span class='ocrx_word' id='word_1_392' title='bbox 1260 1312 1293 1346; x_wconf 80' lang='grc' dir='ltr'>ἥν</span> <span class='ocrx_word' id='word_1_393' title='bbox 1311 1320 1375 1338; x_wconf 83' lang='grc' dir='ltr'>ποτε</span> <span class='ocrx_word' id='word_1_394' title='bbox 1388 1312 1438 1346; x_wconf 82' lang='grc' dir='ltr'>τὴν</span> <span class='ocrx_word' id='word_1_395' title='bbox 1451 1311 1532 1345; x_wconf 77' lang='grc' dir='ltr'>ἁγίαν</span> <span class='ocrx_word' id='word_1_396' title='bbox 1547 1309 1722 1346; x_wconf 79' lang='grc' dir='ltr'>Ἰερουσαλὴμ</span> <span class='ocrx_word' id='word_1_397' title='bbox 1739 1309 1868 1344; x_wconf 73' lang='grc' dir='ltr'>κατέδρα-</span> 
     </span>
    </p>
   </div>
   <div class='ocr_carea' id='block_1_59' title="bbox 1080 1355 1867 1393">
    <p class='ocr_par' dir='ltr' id='par_1_59' title="bbox 1080 1355 1867 1393">
     <span class='ocr_line' id='line_1_59' title="bbox 1080 1355 1867 1393; baseline -0.001 -10"><span class='ocrx_word' id='word_1_398' title='bbox 1080 1365 1130 1392; x_wconf 91' lang='grc' dir='ltr'><strong>μον</strong></span> <span class='ocrx_word' id='word_1_399' title='bbox 1143 1366 1149 1372; x_wconf 90' lang='grc'>·</span> <span class='ocrx_word' id='word_1_400' title='bbox 1165 1357 1199 1392; x_wconf 69' lang='grc' dir='ltr'>ἣν</span> <span class='ocrx_word' id='word_1_401' title='bbox 1215 1358 1284 1392; x_wconf 81' lang='grc' dir='ltr'>μήτε</span> <span class='ocrx_word' id='word_1_402' title='bbox 1307 1357 1385 1391; x_wconf 89' lang='grc' dir='ltr'>λόγος</span> <span class='ocrx_word' id='word_1_403' title='bbox 1398 1356 1481 1389; x_wconf 79' lang='grc' dir='ltr'>ἀξίως</span> <span class='ocrx_word' id='word_1_404' title='bbox 1498 1357 1679 1393; x_wconf 82' lang='grc' dir='ltr'>παραστῆσαι,</span> <span class='ocrx_word' id='word_1_405' title='bbox 1701 1356 1766 1391; x_wconf 83' lang='grc' dir='ltr'>μήτε</span> <span class='ocrx_word' id='word_1_406' title='bbox 1797 1355 1867 1390; x_wconf 79' lang='grc' dir='ltr'>ἀκοὴ</span> 
     </span>
    </p>
   </div>
   <div class='ocr_carea' id='block_1_60' title="bbox 1079 1401 1869 1439">
    <p class='ocr_par' dir='ltr' id='par_1_60' title="bbox 1079 1401 1869 1439">
     <span class='ocr_line' id='line_1_60' title="bbox 1079 1401 1869 1439; baseline 0 -11"><span class='ocrx_word' id='word_1_407' title='bbox 1079 1403 1203 1439; x_wconf 78' lang='grc' dir='ltr'>χωρῆσαι</span> <span class='ocrx_word' id='word_1_408' title='bbox 1217 1403 1338 1435; x_wconf 80' lang='grc' dir='ltr'>δύναται,</span> <span class='ocrx_word' id='word_1_409' title='bbox 1357 1403 1440 1439; x_wconf 82' lang='grc' dir='ltr'>μόνης</span> <span class='ocrx_word' id='word_1_410' title='bbox 1451 1403 1480 1430; x_wconf 77' lang='grc' dir='ltr'><strong>δὲ</strong></span> <span class='ocrx_word' id='word_1_411' title='bbox 1493 1403 1542 1438; x_wconf 79' lang='grc' dir='ltr'>τῆς</span> <span class='ocrx_word' id='word_1_412' title='bbox 1561 1402 1694 1438; x_wconf 85' lang='grc' dir='ltr'>Ἰερεμίου</span> <span class='ocrx_word' id='word_1_413' title='bbox 1717 1402 1762 1429; x_wconf 76' lang='grc' dir='ltr'>καὶ</span> <span class='ocrx_word' id='word_1_414' title='bbox 1778 1401 1869 1437; x_wconf 72' lang='grc' dir='ltr'>ψυχῆς</span> 
     </span>
    </p>
   </div>
   <div class='ocr_carea' id='block_1_61' title="bbox 1079 1447 1870 1484">
    <p class='ocr_par' dir='ltr' id='par_1_61' title="bbox 1079 1447 1870 1484">
     <span class='ocr_line' id='line_1_61' title="bbox 1079 1447 1870 1484; baseline -0.003 -9"><span class='ocrx_word' id='word_1_415' title='bbox 1079 1449 1126 1476; x_wconf 75' lang='grc' dir='ltr'><strong>καὶ</strong></span> <span class='ocrx_word' id='word_1_416' title='bbox 1145 1449 1237 1484; x_wconf 82' lang='grc' dir='ltr'>φωνῆς</span> <span class='ocrx_word' id='word_1_417' title='bbox 1254 1449 1322 1484; x_wconf 82' lang='grc' dir='ltr'>πρὸς</span> <span class='ocrx_word' id='word_1_418' title='bbox 1338 1449 1416 1482; x_wconf 79' lang='grc' dir='ltr'>ἀξίαν</span> <span class='ocrx_word' id='word_1_419' title='bbox 1431 1448 1577 1484; x_wconf 77' lang='grc' dir='ltr'>ὀδύρασθαι</span> <span class='ocrx_word' id='word_1_420' title='bbox 1590 1457 1597 1464; x_wconf 91' lang='grc'><strong>·</strong></span> <span class='ocrx_word' id='word_1_421' title='bbox 1617 1448 1646 1480; x_wconf 74' lang='grc' dir='ltr'>ὃς</span> <span class='ocrx_word' id='word_1_422' title='bbox 1660 1447 1707 1475; x_wconf 70' lang='grc' dir='ltr'>καὶ</span> <span class='ocrx_word' id='word_1_423' title='bbox 1721 1447 1810 1483; x_wconf 81' lang='grc' dir='ltr'>πηγὰς</span> <span class='ocrx_word' id='word_1_424' title='bbox 1822 1447 1870 1474; x_wconf 84' lang='grc' dir='ltr'><strong>δα-</strong></span> 
     </span>
    </p>
   </div>
   <div class='ocr_carea' id='block_1_62' title="bbox 1079 1493 1868 1530">
    <p class='ocr_par' dir='ltr' id='par_1_62' title="bbox 1079 1493 1868 1530">
     <span class='ocr_line' id='line_1_62' title="bbox 1079 1493 1868 1530; baseline 0 -10"><span class='ocrx_word' id='word_1_425' title='bbox 1079 1494 1173 1530; x_wconf 75' lang='grc' dir='ltr'>κρύων</span> <span class='ocrx_word' id='word_1_426' title='bbox 1189 1494 1323 1530; x_wconf 75' lang='grc' dir='ltr'>ἐπιζητεῖ,</span> <span class='ocrx_word' id='word_1_427' title='bbox 1348 1495 1395 1522; x_wconf 83' lang='grc' dir='ltr'>καὶ</span> <span class='ocrx_word' id='word_1_428' title='bbox 1423 1496 1456 1522; x_wconf 81' lang='grc' dir='ltr'>ἐκ</span> <span class='ocrx_word' id='word_1_429' title='bbox 1470 1495 1567 1530; x_wconf 82' lang='grc' dir='ltr'>τειχῶν</span> <span class='ocrx_word' id='word_1_430' title='bbox 1582 1494 1755 1529; x_wconf 74' lang='grc' dir='ltr'>προκαλεῖται</span> <span class='ocrx_word' id='word_1_431' title='bbox 1771 1493 1868 1529; x_wconf 85' lang='grc' dir='ltr'>θρῆνον</span> 
     </span>
    </p>
   </div>
   <div class='ocr_carea' id='block_1_63' title="bbox 1079 1539 1868 1572">
    <p class='ocr_par' dir='ltr' id='par_1_63' title="bbox 1079 1539 1868 1572">
     <span class='ocr_line' id='line_1_63' title="bbox 1079 1539 1868 1572; baseline 0.001 -6"><span class='ocrx_word' id='word_1_432' title='bbox 1079 1540 1125 1566; x_wconf 77' lang='grc' dir='ltr'><strong>ἐπὶ</strong></span> <span class='ocrx_word' id='word_1_433' title='bbox 1136 1540 1269 1572; x_wconf 79' lang='grc' dir='ltr'>τοιούτοις</span> <span class='ocrx_word' id='word_1_434' title='bbox 1290 1541 1400 1572; x_wconf 79' lang='grc' dir='ltr'>πάθεσι,</span> <span class='ocrx_word' id='word_1_435' title='bbox 1423 1541 1470 1567; x_wconf 69' lang='grc' dir='ltr'><strong>καὶ</strong></span> <span class='ocrx_word' id='word_1_436' title='bbox 1482 1540 1550 1572; x_wconf 81' lang='grc' dir='ltr'>ὁδοῖς</span> <span class='ocrx_word' id='word_1_437' title='bbox 1564 1539 1632 1567; x_wconf 87' lang='grc' dir='ltr'>Σιὼν</span> <span class='ocrx_word' id='word_1_438' title='bbox 1649 1539 1786 1567; x_wconf 72' lang='grc' dir='ltr'>ἐπιϐάλλει</span> <span class='ocrx_word' id='word_1_439' title='bbox 1805 1539 1868 1567; x_wconf 77' lang='grc' dir='ltr'>πέν-</span> 
     </span>
    </p>
   </div>
   <div class='ocr_carea' id='block_1_64' title="bbox 1079 1583 1613 1622">
    <p class='ocr_par' dir='ltr' id='par_1_64' title="bbox 1079 1583 1613 1622">
     <span class='ocr_line' id='line_1_64' title="bbox 1079 1583 1613 1622; baseline 0.004 -12"><span class='ocrx_word' id='word_1_440' title='bbox 1079 1583 1136 1616; x_wconf 80' lang='grc' dir='ltr'>θος,</span> <span class='ocrx_word' id='word_1_441' title='bbox 1150 1585 1201 1611; x_wconf 75' lang='grc' dir='ltr'>οὐκ</span> <span class='ocrx_word' id='word_1_442' title='bbox 1213 1585 1280 1620; x_wconf 85' lang='grc' dir='ltr'>ἀγού</span> <span class='ocrx_word' id='word_1_443' title='bbox 1285 1594 1344 1617; x_wconf 72' lang='grc' dir='ltr'>παις</span> <span class='ocrx_word' id='word_1_444' title='bbox 1354 1586 1417 1618; x_wconf 79' lang='grc' dir='ltr'>τοὺς</span> <span class='ocrx_word' id='word_1_445' title='bbox 1427 1586 1613 1622; x_wconf 79' lang='grc' dir='ltr'>ἑορτάζοντας.</span> 
     </span>
    </p>
   </div>
   <div class='ocr_carea' id='block_1_65' title="bbox 242 1675 1870 1720">
    <p class='ocr_par' dir='ltr' id='par_1_65' title="bbox 242 1675 1870 1720">
     <span class='ocr_line' id='line_1_65' title="bbox 242 1675 1870 1720; baseline 0.008 -20"><span class='ocrx_word' id='word_1_446' title='bbox 242 1675 344 1708; x_wconf 70' lang='grc' dir='ltr'>ειιίίιιιο</span> <span class='ocrx_word' id='word_1_447' title='bbox 358 1677 578 1711; x_wconf 85' lang='lat' dir='ltr'><strong>comploraudam</strong></span> <span class='ocrx_word' id='word_1_448' title='bbox 607 1679 777 1706; x_wconf 84' lang='lat' dir='ltr'><strong>adhibendus</strong></span> <span class='ocrx_word' id='word_1_449' title='bbox 792 1680 844 1713; x_wconf 83' lang='lat' dir='ltr'><strong>sit;</strong></span> <span class='ocrx_word' id='word_1_450' title='bbox 872 1681 917 1714; x_wconf 77' lang='lat' dir='ltr'><strong>Qui</strong></span> <span class='ocrx_word' id='word_1_451' title='bbox 944 1681 1024 1708; x_wconf 89' lang='lat' dir='ltr'><strong>etiam</strong></span> <span class='ocrx_word' id='word_1_452' title='bbox 1045 1683 1227 1719; x_wconf 81' lang='lat' dir='ltr'><strong>lacrymarum</strong></span> <span class='ocrx_word' id='word_1_453' title='bbox 1242 1685 1330 1712; x_wconf 87' lang='lat' dir='ltr'><strong>fontes</strong></span> <span class='ocrx_word' id='word_1_454' title='bbox 1360 1689 1492 1720; x_wconf 76' lang='lat' dir='ltr'><strong>exposcit,</strong></span> <span class='ocrx_word' id='word_1_455' title='bbox 1525 1690 1606 1719; x_wconf 80' lang='lat' dir='ltr'><strong>atque</strong></span> <span class='ocrx_word' id='word_1_456' title='bbox 1623 1693 1655 1713; x_wconf 84' lang='lat' dir='ltr'><strong>ex</strong></span> <span class='ocrx_word' id='word_1_457' title='bbox 1676 1685 1749 1712; x_wconf 82' lang='lat' dir='ltr'><strong>urbis</strong></span> <span class='ocrx_word' id='word_1_458' title='bbox 1773 1685 1870 1713; x_wconf 83' lang='lat' dir='ltr'><strong>mceni-</strong></span> 
     </span>
    </p>
   </div>
   <div class='ocr_carea' id='block_1_66' title="bbox 241 1721 1867 1766">
    <p class='ocr_par' dir='ltr' id='par_1_66' title="bbox 241 1721 1867 1766">
     <span class='ocr_line' id='line_1_66' title="bbox 241 1721 1867 1766; baseline 0.007 -18"><span class='ocrx_word' id='word_1_459' title='bbox 241 1721 294 1748; x_wconf 87' lang='lat' dir='ltr'><strong>bus</strong></span> <span class='ocrx_word' id='word_1_460' title='bbox 314 1721 349 1748; x_wconf 92' lang='lat' dir='ltr'><strong>ob</strong></span> <span class='ocrx_word' id='word_1_461' title='bbox 377 1723 485 1749; x_wconf 85' lang='lat' dir='ltr'><strong>easdem</strong></span> <span class='ocrx_word' id='word_1_462' title='bbox 512 1723 681 1752; x_wconf 87' lang='lat' dir='ltr'><strong>calamitates</strong></span> <span class='ocrx_word' id='word_1_463' title='bbox 707 1725 740 1752; x_wconf 88' lang='lat' dir='ltr'><strong>ad</strong></span> <span class='ocrx_word' id='word_1_464' title='bbox 771 1726 872 1752; x_wconf 89' lang='lat' dir='ltr'><strong>luctum</strong></span> <span class='ocrx_word' id='word_1_465' title='bbox 903 1726 1026 1754; x_wconf 88' lang='lat' dir='ltr'><strong>homines</strong></span> <span class='ocrx_word' id='word_1_466' title='bbox 1064 1729 1208 1763; x_wconf 83' lang='lat' dir='ltr'><strong>hortatur,</strong></span> <span class='ocrx_word' id='word_1_467' title='bbox 1246 1731 1349 1766; x_wconf 87' lang='lat' dir='ltr'><strong>viisque</strong></span> <span class='ocrx_word' id='word_1_468' title='bbox 1382 1730 1446 1757; x_wconf 74' lang='lat' dir='ltr'><strong>Sim:</strong></span> <span class='ocrx_word' id='word_1_469' title='bbox 1474 1730 1574 1758; x_wconf 89' lang='lat' dir='ltr'><strong>luctum</strong></span> <span class='ocrx_word' id='word_1_470' title='bbox 1601 1731 1712 1764; x_wconf 85' lang='lat' dir='ltr'><strong>indicit,</strong></span> <span class='ocrx_word' id='word_1_471' title='bbox 1739 1738 1772 1758; x_wconf 89' lang='lat' dir='ltr'><strong>eo</strong></span> <span class='ocrx_word' id='word_1_472' title='bbox 1796 1732 1867 1765; x_wconf 91' lang='lat' dir='ltr'><strong>quod</strong></span> 
     </span>
    </p>
   </div>
   <div class='ocr_carea' id='block_1_67' title="bbox 242 1768 960 1804">
    <p class='ocr_par' dir='ltr' id='par_1_67' title="bbox 242 1768 960 1804">
     <span class='ocr_line' id='line_1_67' title="bbox 242 1768 960 1804; baseline 0.011 -11"><span class='ocrx_word' id='word_1_473' title='bbox 242 1768 342 1800; x_wconf 90' lang='lat' dir='ltr'><strong>nullos,</strong></span> <span class='ocrx_word' id='word_1_474' title='bbox 359 1777 372 1795; x_wconf 88' lang='lat' dir='ltr'><strong>a</strong></span> <span class='ocrx_word' id='word_1_475' title='bbox 388 1770 486 1803; x_wconf 86' lang='lat' dir='ltr'><strong>quibus</strong></span> <span class='ocrx_word' id='word_1_476' title='bbox 501 1770 566 1797; x_wconf 84' lang='lat' dir='ltr'><strong>festa</strong></span> <span class='ocrx_word' id='word_1_477' title='bbox 584 1771 766 1804; x_wconf 83' lang='lat' dir='ltr'><strong>celebrentur,</strong></span> <span class='ocrx_word' id='word_1_478' title='bbox 778 1773 913 1800; x_wconf 84' lang='lat' dir='ltr'><strong>adducant</strong></span> <span class='ocrx_word' id='word_1_479' title='bbox 926 1774 960 1801; x_wconf 63' lang='grc' dir='ltr'><strong>εί.</strong></span> 
     </span>
    </p>
   </div>
   <div class='ocr_carea' id='block_1_68' title="bbox 277 1811 1064 1853">
    <p class='ocr_par' dir='ltr' id='par_1_68' title="bbox 277 1811 1064 1853">
     <span class='ocr_line' id='line_1_68' title="bbox 277 1811 1064 1853; baseline 0.01 -13"><span class='ocrx_word' id='word_1_480' title='bbox 277 1813 347 1841; x_wconf 75' lang='grc' dir='ltr'><strong>ΧΙΙΙ.</strong></span> <span class='ocrx_word' id='word_1_481' title='bbox 368 1814 444 1842; x_wconf 83' lang='lat' dir='ltr'><strong>Hanc</strong></span> <span class='ocrx_word' id='word_1_482' title='bbox 472 1811 631 1850; x_wconf 65' lang='lat' dir='ltr'><strong>tragoediam</strong></span> <span class='ocrx_word' id='word_1_483' title='bbox 656 1817 753 1845; x_wconf 87' lang='lat' dir='ltr'><strong>Oriens</strong></span> <span class='ocrx_word' id='word_1_484' title='bbox 771 1819 880 1853; x_wconf 87' lang='lat' dir='ltr'><strong>quidem</strong></span> <span class='ocrx_word' id='word_1_485' title='bbox 909 1820 985 1852; x_wconf 76' lang='lat' dir='ltr'><strong>vidit,</strong></span> <span class='ocrx_word' id='word_1_486' title='bbox 1002 1825 1029 1848; x_wconf 90' lang='lat' dir='ltr'><strong>at</strong></span> <span class='ocrx_word' id='word_1_487' title='bbox 1043 1825 1064 1853; x_wconf 87' lang='lat' dir='ltr'>c</span> 
     </span>
    </p>
   </div>
   <div class='ocr_carea' id='block_1_69' title="bbox 242 1860 1030 1899">
    <p class='ocr_par' dir='ltr' id='par_1_69' title="bbox 242 1860 1030 1899">
     <span class='ocr_line' id='line_1_69' title="bbox 242 1860 1030 1899; baseline 0.008 -12"><span class='ocrx_word' id='word_1_488' title='bbox 242 1860 376 1888; x_wconf 84' lang='lat' dir='ltr'><strong>Occidens</strong></span> <span class='ocrx_word' id='word_1_489' title='bbox 391 1869 499 1896; x_wconf 88' lang='lat' dir='ltr'><strong>quoque</strong></span> <span class='ocrx_word' id='word_1_490' title='bbox 519 1862 638 1895; x_wconf 79' lang='lat' dir='ltr'><strong>deﬂevit,</strong></span> <span class='ocrx_word' id='word_1_491' title='bbox 657 1863 700 1890; x_wconf 89' lang='lat' dir='ltr'><strong>cui</strong></span> <span class='ocrx_word' id='word_1_492' title='bbox 717 1864 895 1892; x_wconf 89' lang='lat' dir='ltr'><strong>immanitatis</strong></span> <span class='ocrx_word' id='word_1_493' title='bbox 916 1865 1030 1899; x_wconf 77' lang='lat' dir='ltr'><strong>hujusce</strong></span> 
     </span>
    </p>
   </div>
   <div class='ocr_carea' id='block_1_70' title="bbox 243 1905 1030 1946">
    <p class='ocr_par' dir='ltr' id='par_1_70' title="bbox 243 1905 1030 1946">
     <span class='ocr_line' id='line_1_70' title="bbox 243 1905 1030 1946; baseline 0.008 -14"><span class='ocrx_word' id='word_1_494' title='bbox 243 1906 320 1941; x_wconf 73' lang='lat' dir='ltr'><strong>signa</strong></span> <span class='ocrx_word' id='word_1_495' title='bbox 340 1905 471 1941; x_wconf 80' lang='lat' dir='ltr'><strong>fugitivus</strong></span> <span class='ocrx_word' id='word_1_496' title='bbox 487 1908 603 1934; x_wconf 86' lang='lat' dir='ltr'><strong>antistes</strong></span> <span class='ocrx_word' id='word_1_497' title='bbox 628 1908 734 1942; x_wconf 88' lang='lat' dir='ltr'><strong>publice</strong></span> <span class='ocrx_word' id='word_1_498' title='bbox 757 1910 904 1944; x_wconf 83' lang='lat' dir='ltr'><strong>spectanda</strong></span> <span class='ocrx_word' id='word_1_499' title='bbox 930 1918 1030 1946; x_wconf 86' lang='lat' dir='ltr'><strong>propo-</strong></span> 
     </span>
    </p>
   </div>
   <div class='ocr_carea' id='block_1_71' title="bbox 243 1951 1031 1987">
    <p class='ocr_par' dir='ltr' id='par_1_71' title="bbox 243 1951 1031 1987">
     <span class='ocr_line' id='line_1_71' title="bbox 243 1951 1031 1987; baseline 0.005 -7"><span class='ocrx_word' id='word_1_500' title='bbox 243 1952 308 1980; x_wconf 73' lang='lat' dir='ltr'><strong>suit.</strong></span> <span class='ocrx_word' id='word_1_501' title='bbox 329 1951 388 1985; x_wconf 86' lang='lat' dir='ltr'><strong>Quo</strong></span> <span class='ocrx_word' id='word_1_502' title='bbox 401 1953 499 1987; x_wconf 85' lang='lat' dir='ltr'><strong>pacto?</strong></span> <span class='ocrx_word' id='word_1_503' title='bbox 523 1953 576 1980; x_wconf 89' lang='lat' dir='ltr'><strong>Pro</strong></span> <span class='ocrx_word' id='word_1_504' title='bbox 598 1953 778 1982; x_wconf 80' lang='lat' dir='ltr'><strong>cadaveribus</strong></span> <span class='ocrx_word' id='word_1_505' title='bbox 799 1960 925 1982; x_wconf 83' lang='lat' dir='ltr'><strong>cruentas</strong></span> <span class='ocrx_word' id='word_1_506' title='bbox 942 1961 1031 1984; x_wconf 80' lang='lat' dir='ltr'><strong>vestes</strong></span> 
     </span>
    </p>
   </div>
   <div class='ocr_carea' id='block_1_72' title="bbox 244 1999 1029 2035">
    <p class='ocr_par' dir='ltr' id='par_1_72' title="bbox 244 1999 1029 2035">
     <span class='ocr_line' id='line_1_72' title="bbox 244 1999 1029 2035; baseline 0.004 -10"><span class='ocrx_word' id='word_1_507' title='bbox 244 1999 372 2026; x_wconf 62' lang='lat' dir='ltr'><strong>Ecclesiae</strong></span> <span class='ocrx_word' id='word_1_508' title='bbox 390 1999 519 2026; x_wconf 72' lang='lat' dir='ltr'><strong>Romamn</strong></span> <span class='ocrx_word' id='word_1_509' title='bbox 535 1999 656 2034; x_wconf 83' lang='lat' dir='ltr'><strong>protulit,</strong></span> <span class='ocrx_word' id='word_1_510' title='bbox 673 2007 705 2027; x_wconf 84' lang='lat' dir='ltr'><strong>ac</strong></span> <span class='ocrx_word' id='word_1_511' title='bbox 722 2008 770 2035; x_wconf 86' lang='lat' dir='ltr'><strong>per</strong></span> <span class='ocrx_word' id='word_1_512' title='bbox 792 2001 902 2028; x_wconf 82' lang='lat' dir='ltr'><strong>tacitam</strong></span> <span class='ocrx_word' id='word_1_513' title='bbox 917 2009 1029 2029; x_wconf 85' lang='lat' dir='ltr'><strong>accusa-</strong></span> 
     </span>
    </p>
   </div>
   <div class='ocr_carea' id='block_1_73' title="bbox 245 2047 1031 2082">
    <p class='ocr_par' dir='ltr' id='par_1_73' title="bbox 245 2047 1031 2082">
     <span class='ocr_line' id='line_1_73' title="bbox 245 2047 1031 2082; baseline 0.004 -10"><span class='ocrx_word' id='word_1_514' title='bbox 245 2047 345 2073; x_wconf 86' lang='lat' dir='ltr'><strong>tionem</strong></span> <span class='ocrx_word' id='word_1_515' title='bbox 373 2047 499 2074; x_wconf 85' lang='lat' dir='ltr'><strong>omnihus</strong></span> <span class='ocrx_word' id='word_1_516' title='bbox 524 2047 659 2082; x_wconf 81' lang='lat' dir='ltr'><strong>lacrymas</strong></span> <span class='ocrx_word' id='word_1_517' title='bbox 689 2048 784 2080; x_wconf 85' lang='lat' dir='ltr'><strong>movit,</strong></span> <span class='ocrx_word' id='word_1_518' title='bbox 807 2053 836 2074; x_wconf 90' lang='lat' dir='ltr'><strong>ut</strong></span> <span class='ocrx_word' id='word_1_519' title='bbox 867 2048 1031 2076; x_wconf 84' lang='lat' dir='ltr'><strong>calamitatis</strong></span> 
     </span>
    </p>
   </div>
   <div class='ocr_carea' id='block_1_74' title="bbox 247 2092 1031 2128">
    <p class='ocr_par' dir='ltr' id='par_1_74' title="bbox 247 2092 1031 2128">
     <span class='ocr_line' id='line_1_74' title="bbox 247 2092 1031 2128; baseline 0.004 -10"><span class='ocrx_word' id='word_1_520' title='bbox 247 2092 458 2126; x_wconf 71' lang='lat' dir='ltr'><strong>magnitudinem</strong></span> <span class='ocrx_word' id='word_1_521' title='bbox 474 2093 500 2119; x_wconf 92' lang='lat' dir='ltr'><strong>in</strong></span> <span class='ocrx_word' id='word_1_522' title='bbox 516 2093 603 2120; x_wconf 84' lang='lat' dir='ltr'><strong>oculis</strong></span> <span class='ocrx_word' id='word_1_523' title='bbox 620 2099 647 2120; x_wconf 86' lang='lat' dir='ltr'><strong>et</strong></span> <span class='ocrx_word' id='word_1_524' title='bbox 661 2099 771 2128; x_wconf 84' lang='lat' dir='ltr'><strong>aspectu</strong></span> <span class='ocrx_word' id='word_1_525' title='bbox 791 2095 930 2128; x_wconf 81' lang='lat' dir='ltr'><strong>deligeret,</strong></span> <span class='ocrx_word' id='word_1_526' title='bbox 950 2099 1031 2128; x_wconf 80' lang='lat' dir='ltr'><strong>atque</strong></span> 
     </span>
    </p>
   </div>
   <div class='ocr_carea' id='block_1_75' title="bbox 244 2137 1030 2173">
    <p class='ocr_par' dir='ltr' id='par_1_75' title="bbox 244 2137 1030 2173">
     <span class='ocr_line' id='line_1_75' title="bbox 244 2137 1030 2173; baseline 0.004 -9"><span class='ocrx_word' id='word_1_527' title='bbox 244 2137 372 2164; x_wconf 73' lang='lat' dir='ltr'><strong>auxilium</strong></span> <span class='ocrx_word' id='word_1_528' title='bbox 392 2139 605 2170; x_wconf 81' lang='lat' dir='ltr'><strong>nancisceretur,</strong></span> <span class='ocrx_word' id='word_1_529' title='bbox 630 2139 854 2173; x_wconf 83' lang='lat' dir='ltr'><strong>quemadmodum</strong></span> <span class='ocrx_word' id='word_1_530' title='bbox 881 2141 962 2167; x_wconf 85' lang='lat' dir='ltr'><strong>etiam</strong></span> <span class='ocrx_word' id='word_1_531' title='bbox 981 2148 1030 2167; x_wconf 85' lang='lat' dir='ltr'><strong>na-</strong></span> 
     </span>
    </p>
   </div>
   <div class='ocr_carea' id='block_1_76' title="bbox 245 2184 1031 2220">
    <p class='ocr_par' dir='ltr' id='par_1_76' title="bbox 245 2184 1031 2220">
     <span class='ocr_line' id='line_1_76' title="bbox 245 2184 1031 2220; baseline 0.004 -10"><span class='ocrx_word' id='word_1_532' title='bbox 245 2189 319 2211; x_wconf 92' lang='lat' dir='ltr'><strong>ctum</strong></span> <span class='ocrx_word' id='word_1_533' title='bbox 336 2192 395 2211; x_wconf 82' lang='lat' dir='ltr'><strong>esse</strong></span> <span class='ocrx_word' id='word_1_534' title='bbox 405 2185 514 2212; x_wconf 81' lang='lat' dir='ltr'><strong>scimus.</strong></span> <span class='ocrx_word' id='word_1_535' title='bbox 528 2184 568 2211; x_wconf 85' lang='lat' dir='ltr'><strong>Fit</strong></span> <span class='ocrx_word' id='word_1_536' title='bbox 580 2193 651 2212; x_wconf 76' lang='lat' dir='ltr'><strong>enim</strong></span> <span class='ocrx_word' id='word_1_537' title='bbox 662 2186 727 2218; x_wconf 86' lang='lat' dir='ltr'><strong>fere,</strong></span> <span class='ocrx_word' id='word_1_538' title='bbox 738 2186 820 2220; x_wconf 89' lang='lat' dir='ltr'><strong>utqui</strong></span> <span class='ocrx_word' id='word_1_539' title='bbox 835 2187 931 2220; x_wconf 89' lang='lat' dir='ltr'><strong>opibus</strong></span> <span class='ocrx_word' id='word_1_540' title='bbox 941 2194 972 2213; x_wconf 90' lang='lat' dir='ltr'><strong>ac</strong></span> <span class='ocrx_word' id='word_1_541' title='bbox 985 2193 1031 2220; x_wconf 90' lang='lat' dir='ltr'><strong>po-</strong></span> 
     </span>
    </p>
   </div>
   <div class='ocr_carea' id='block_1_77' title="bbox 247 2231 1032 2266">
    <p class='ocr_par' dir='ltr' id='par_1_77' title="bbox 247 2231 1032 2266">
     <span class='ocr_line' id='line_1_77' title="bbox 247 2231 1032 2266; baseline 0.004 -10"><span class='ocrx_word' id='word_1_542' title='bbox 247 2231 330 2257; x_wconf 87' lang='lat' dir='ltr'><strong>tentia</strong></span> <span class='ocrx_word' id='word_1_543' title='bbox 345 2231 484 2265; x_wconf 74' lang='lat' dir='ltr'><strong>przecellit,</strong></span> <span class='ocrx_word' id='word_1_544' title='bbox 500 2233 533 2258; x_wconf 88' lang='lat' dir='ltr'><strong>ad</strong></span> <span class='ocrx_word' id='word_1_545' title='bbox 545 2231 642 2258; x_wconf 86' lang='lat' dir='ltr'><strong>inlirmi</strong></span> <span class='ocrx_word' id='word_1_546' title='bbox 657 2231 803 2266; x_wconf 80' lang='lat' dir='ltr'><strong>alllictique</strong></span> <span class='ocrx_word' id='word_1_547' title='bbox 817 2232 955 2259; x_wconf 87' lang='lat' dir='ltr'><strong>miseriam</strong></span> <span class='ocrx_word' id='word_1_548' title='bbox 968 2232 1032 2259; x_wconf 86' lang='lat' dir='ltr'><strong>sub-</strong></span> 
     </span>
    </p>
   </div>
   <div class='ocr_carea' id='block_1_78' title="bbox 247 2276 1032 2312">
    <p class='ocr_par' dir='ltr' id='par_1_78' title="bbox 247 2276 1032 2312">
     <span class='ocr_line' id='line_1_78' title="bbox 247 2276 1032 2312; baseline 0.005 -10"><span class='ocrx_word' id='word_1_549' title='bbox 247 2276 386 2303; x_wconf 85' lang='lat' dir='ltr'><strong>levandam</strong></span> <span class='ocrx_word' id='word_1_550' title='bbox 405 2277 522 2304; x_wconf 75' lang='lat' dir='ltr'><strong>maxime</strong></span> <span class='ocrx_word' id='word_1_551' title='bbox 559 2277 721 2310; x_wconf 86' lang='lat' dir='ltr'><strong>inflectatur,</strong></span> <span class='ocrx_word' id='word_1_552' title='bbox 748 2285 780 2305; x_wconf 80' lang='lat' dir='ltr'><strong>ac</strong></span> <span class='ocrx_word' id='word_1_553' title='bbox 810 2283 958 2312; x_wconf 85' lang='lat' dir='ltr'><strong>spontaneo</strong></span> <span class='ocrx_word' id='word_1_554' title='bbox 985 2279 1032 2306; x_wconf 89' lang='lat' dir='ltr'><strong>be-</strong></span> 
     </span>
    </p>
   </div>
   <div class='ocr_carea' id='block_1_79' title="bbox 246 2323 1033 2358">
    <p class='ocr_par' dir='ltr' id='par_1_79' title="bbox 246 2323 1033 2358">
     <span class='ocr_line' id='line_1_79' title="bbox 246 2323 1033 2358; baseline 0.003 -10"><span class='ocrx_word' id='word_1_555' title='bbox 246 2323 403 2349; x_wconf 71' lang='lat' dir='ltr'><strong>nevolentiae</strong></span> <span class='ocrx_word' id='word_1_556' title='bbox 421 2323 528 2355; x_wconf 79' lang='lat' dir='ltr'><strong>affectu,</strong></span> <span class='ocrx_word' id='word_1_557' title='bbox 546 2323 579 2349; x_wconf 85' lang='lat' dir='ltr'><strong>ad</strong></span> <span class='ocrx_word' id='word_1_558' title='bbox 595 2329 667 2356; x_wconf 83' lang='lat' dir='ltr'><strong>eum,</strong></span> <span class='ocrx_word' id='word_1_559' title='bbox 685 2323 730 2357; x_wconf 86' lang='lat' dir='ltr'><strong>qui</strong></span> <span class='ocrx_word' id='word_1_560' title='bbox 753 2324 882 2358; x_wconf 77' lang='lat' dir='ltr'><strong>dignitate</strong></span> <span class='ocrx_word' id='word_1_561' title='bbox 906 2323 1033 2350; x_wconf 79' lang='lat' dir='ltr'><strong>iuuninu~</strong></span> 
     </span>
    </p>
   </div>
   <div class='ocr_carea' id='block_1_80' title="bbox 247 2368 1032 2404">
    <p class='ocr_par' dir='ltr' id='par_1_80' title="bbox 247 2368 1032 2404">
     <span class='ocr_line' id='line_1_80' title="bbox 247 2368 1032 2404; baseline 0.003 -10"><span class='ocrx_word' id='word_1_562' title='bbox 247 2373 292 2395; x_wconf 91' lang='lat' dir='ltr'><strong>tus</strong></span> <span class='ocrx_word' id='word_1_563' title='bbox 311 2373 363 2400; x_wconf 86' lang='lat' dir='ltr'><strong>est,</strong></span> <span class='ocrx_word' id='word_1_564' title='bbox 381 2376 410 2396; x_wconf 85' lang='lat' dir='ltr'><strong>se</strong></span> <span class='ocrx_word' id='word_1_565' title='bbox 423 2368 559 2403; x_wconf 72' lang='lat' dir='ltr'><strong>adiungat.</strong></span> <span class='ocrx_word' id='word_1_566' title='bbox 591 2368 647 2396; x_wconf 88' lang='lat' dir='ltr'><strong>lloc</strong></span> <span class='ocrx_word' id='word_1_567' title='bbox 671 2369 778 2403; x_wconf 84' lang='lat' dir='ltr'><strong>quidem</strong></span> <span class='ocrx_word' id='word_1_568' title='bbox 809 2377 903 2396; x_wconf 87' lang='lat' dir='ltr'><strong>omnes</strong></span> <span class='ocrx_word' id='word_1_569' title='bbox 929 2369 965 2404; x_wconf 90' lang='lat' dir='ltr'><strong>pii</strong></span> <span class='ocrx_word' id='word_1_570' title='bbox 983 2369 1032 2396; x_wconf 89' lang='lat' dir='ltr'><strong>viri</strong></span> 
     </span>
    </p>
   </div>
   <div class='ocr_carea' id='block_1_81' title="bbox 247 2414 1033 2449">
    <p class='ocr_par' dir='ltr' id='par_1_81' title="bbox 247 2414 1033 2449">
     <span class='ocr_line' id='line_1_81' title="bbox 247 2414 1033 2449; baseline 0.003 -9"><span class='ocrx_word' id='word_1_571' title='bbox 247 2414 407 2449; x_wconf 79' lang='lat' dir='ltr'><strong>gravissime</strong></span> <span class='ocrx_word' id='word_1_572' title='bbox 425 2415 557 2445; x_wconf 81' lang='lat' dir='ltr'><strong>tulerunt;</strong></span> <span class='ocrx_word' id='word_1_573' title='bbox 578 2419 605 2440; x_wconf 89' lang='lat' dir='ltr'><strong>tu</strong></span> <span class='ocrx_word' id='word_1_574' title='bbox 620 2422 694 2446; x_wconf 85' lang='lat' dir='ltr'><strong>vero,</strong></span> <span class='ocrx_word' id='word_1_575' title='bbox 715 2419 787 2441; x_wconf 87' lang='lat' dir='ltr'><strong>tanto</strong></span> <span class='ocrx_word' id='word_1_576' title='bbox 803 2415 889 2449; x_wconf 80' lang='lat' dir='ltr'><strong>magis</strong></span> <span class='ocrx_word' id='word_1_577' title='bbox 913 2422 1033 2442; x_wconf 53' lang='lat' dir='ltr'><strong>commo-</strong></span> 
     </span>
    </p>
   </div>
   <div class='ocr_carea' id='block_1_82' title="bbox 248 2459 1031 2495">
    <p class='ocr_par' dir='ltr' id='par_1_82' title="bbox 248 2459 1031 2495">
     <span class='ocr_line' id='line_1_82' title="bbox 248 2459 1031 2495; baseline 0.001 -10"><span class='ocrx_word' id='word_1_578' title='bbox 248 2459 294 2488; x_wconf 82' lang='lat' dir='ltr'><strong>tus&#39;</strong></span> <span class='ocrx_word' id='word_1_579' title='bbox 308 2468 348 2493; x_wconf 85' lang='lat' dir='ltr'><strong>es,</strong></span> <span class='ocrx_word' id='word_1_580' title='bbox 362 2465 462 2495; x_wconf 89' lang='lat' dir='ltr'><strong>quanto</strong></span> <span class='ocrx_word' id='word_1_581' title='bbox 475 2465 502 2487; x_wconf 82' lang='lat' dir='ltr'><strong>et</strong></span> <span class='ocrx_word' id='word_1_582' title='bbox 525 2460 629 2487; x_wconf 91' lang='lat' dir='ltr'><strong>dicendi</strong></span> <span class='ocrx_word' id='word_1_583' title='bbox 647 2460 775 2487; x_wconf 76' lang='lat' dir='ltr'><strong>facultate</strong></span> <span class='ocrx_word' id='word_1_584' title='bbox 790 2465 870 2494; x_wconf 87' lang='lat' dir='ltr'><strong>atque</strong></span> <span class='ocrx_word' id='word_1_585' title='bbox 897 2460 1031 2492; x_wconf 86' lang='lat' dir='ltr'><strong>doctrina,</strong></span> 
     </span>
    </p>
   </div>
   <div class='ocr_carea' id='block_1_83' title="bbox 246 2493 1069 2540">
    <p class='ocr_par' dir='ltr' id='par_1_83' title="bbox 246 2493 1069 2540">
     <span class='ocr_line' id='line_1_83' title="bbox 246 2493 1069 2540; baseline -0.002 -5"><span class='ocrx_word' id='word_1_586' title='bbox 246 2512 274 2535; x_wconf 88' lang='lat' dir='ltr'><strong>et</strong></span> <span class='ocrx_word' id='word_1_587' title='bbox 292 2508 342 2534; x_wconf 63' lang='grc' dir='ltr'><strong>Ζοιιὶ</strong></span> <span class='ocrx_word' id='word_1_588' title='bbox 358 2507 464 2534; x_wconf 84' lang='lat' dir='ltr'><strong>fervore</strong></span> <span class='ocrx_word' id='word_1_589' title='bbox 475 2505 779 2534; x_wconf 77' lang='lat' dir='ltr'><strong>cu-terisantecellebas.</strong></span> <span class='ocrx_word' id='word_1_590' title='bbox 795 2505 925 2538; x_wconf 88' lang='lat' dir='ltr'><strong>Quocirca</strong></span> <span class='ocrx_word' id='word_1_591' title='bbox 941 2510 969 2532; x_wconf 88' lang='lat' dir='ltr'><strong>ut</strong></span> <span class='ocrx_word' id='word_1_592' title='bbox 983 2513 1031 2540; x_wconf 83' lang='lat' dir='ltr'><strong>pro</strong></span> <span class='ocrx_word' id='word_1_593' title='bbox 1049 2493 1069 2521; x_wconf 71' lang='grc' dir='ltr'><strong>ί)</strong></span> 
     </span>
    </p>
   </div>
   <div class='ocr_carea' id='block_1_84' title="bbox 248 2552 1029 2587">
    <p class='ocr_par' dir='ltr' id='par_1_84' title="bbox 248 2552 1029 2587">
     <span class='ocr_line' id='line_1_84' title="bbox 248 2552 1029 2587; baseline -0.003 -7"><span class='ocrx_word' id='word_1_594' title='bbox 248 2553 337 2581; x_wconf 82' lang='lat' dir='ltr'><strong>Verbo</strong></span> <span class='ocrx_word' id='word_1_595' title='bbox 352 2554 450 2580; x_wconf 88' lang='lat' dir='ltr'><strong>bellum</strong></span> <span class='ocrx_word' id='word_1_596' title='bbox 468 2553 551 2587; x_wconf 76' lang='lat' dir='ltr'><strong>geris,</strong></span> <span class='ocrx_word' id='word_1_597' title='bbox 569 2553 605 2580; x_wconf 89' lang='lat' dir='ltr'><strong>ita</strong></span> <span class='ocrx_word' id='word_1_598' title='bbox 628 2553 709 2579; x_wconf 87' lang='lat' dir='ltr'><strong>etiam</strong></span> <span class='ocrx_word' id='word_1_599' title='bbox 724 2553 757 2578; x_wconf 88' lang='lat' dir='ltr'><strong>ah</strong></span> <span class='ocrx_word' id='word_1_600' title='bbox 778 2552 914 2586; x_wconf 88' lang='lat' dir='ltr'><strong>impietate</strong></span> <span class='ocrx_word' id='word_1_601' title='bbox 930 2553 1029 2580; x_wconf 85' lang='lat' dir='ltr'><strong>bellum</strong></span> 
     </span>
    </p>
   </div>
   <div class='ocr_carea' id='block_1_85' title="bbox 298 2599 806 2634">
    <p class='ocr_par' dir='ltr' id='par_1_85' title="bbox 298 2599 806 2634">
     <span class='ocr_line' id='line_1_85' title="bbox 298 2599 806 2634; baseline -0.004 -7"><span class='ocrx_word' id='word_1_602' title='bbox 298 2601 306 2616; x_wconf 87' lang='grc'>¹</span> <span class='ocrx_word' id='word_1_603' title='bbox 327 2600 381 2627; x_wconf 82' lang='lat' dir='ltr'><strong>Jer.</strong></span> <span class='ocrx_word' id='word_1_604' title='bbox 399 2609 435 2632; x_wconf 77' lang='lat' dir='ltr'><strong>Ix,</strong></span> <span class='ocrx_word' id='word_1_605' title='bbox 452 2600 476 2627; x_wconf 84' lang='lat' dir='ltr'><strong>l.</strong></span> <span class='ocrx_word' id='word_1_606' title='bbox 514 2600 537 2615; x_wconf 83' lang='lat'><em>&quot;</em></span> <span class='ocrx_word' id='word_1_607' title='bbox 555 2599 654 2627; x_wconf 87' lang='lat' dir='ltr'><strong>Thren.</strong></span> <span class='ocrx_word' id='word_1_608' title='bbox 672 2607 691 2631; x_wconf 78' lang='grc' dir='ltr'><strong>ι,</strong></span> <span class='ocrx_word' id='word_1_609' title='bbox 716 2600 727 2626; x_wconf 90' lang='grc'><strong>1</strong></span> <span class='ocrx_word' id='word_1_610' title='bbox 747 2607 806 2634; x_wconf 89' lang='lat' dir='ltr'><strong>sqq.</strong></span> 
     </span>
    </p>
   </div>
   <div class='ocr_carea' id='block_1_86' title="bbox 249 2646 1036 2687">
    <p class='ocr_par' dir='ltr' id='par_1_86' title="bbox 249 2646 1036 2687">
     <span class='ocr_line' id='line_1_86' title="bbox 249 2646 1036 2687; baseline -0.006 -11"><span class='ocrx_word' id='word_1_611' title='bbox 249 2654 302 2676; x_wconf 89' lang='lat' dir='ltr'><strong>tnr.</strong></span> <span class='ocrx_word' id='word_1_612' title='bbox 315 2649 412 2687; x_wconf 79' lang='lat' dir='ltr'><strong>Allndit</strong></span> <span class='ocrx_word' id='word_1_613' title='bbox 425 2649 495 2674; x_wconf 72' lang='lat' dir='ltr'><strong>enim</strong></span> <span class='ocrx_word' id='word_1_614' title='bbox 506 2648 652 2687; x_wconf 72' lang='lat' dir='ltr'><strong>Gregorius</strong></span> <span class='ocrx_word' id='word_1_615' title='bbox 669 2647 699 2674; x_wconf 88' lang='lat' dir='ltr'><strong>ad</strong></span> <span class='ocrx_word' id='word_1_616' title='bbox 717 2648 773 2673; x_wconf 77' lang='lat' dir='ltr'><strong>lucc</strong></span> <span class='ocrx_word' id='word_1_617' title='bbox 790 2646 866 2687; x_wconf 67' lang='lat' dir='ltr'><strong>Isaia:</strong></span> <span class='ocrx_word' id='word_1_618' title='bbox 881 2646 972 2677; x_wconf 79' lang='lat' dir='ltr'><strong>verba,</strong></span> <span class='ocrx_word' id='word_1_619' title='bbox 987 2653 1036 2687; x_wconf 63' lang='lat' dir='ltr'><strong>vn,</strong></span> 
     </span>
    </p>
   </div>
   <div class='ocr_carea' id='block_1_87' title="bbox 247 2683 1036 2720">
    <p class='ocr_par' dir='ltr' id='par_1_87' title="bbox 247 2683 1036 2720">
     <span class='ocr_line' id='line_1_87' title="bbox 247 2683 1036 2720; baseline -0.008 -8"><span class='ocrx_word' id='word_1_620' title='bbox 247 2686 264 2712; x_wconf 80' lang='lat'><strong>6</strong></span> <span class='ocrx_word' id='word_1_621' title='bbox 281 2694 287 2712; x_wconf 73' lang='grc' dir='ltr'>ε</span> <span class='ocrx_word' id='word_1_622' title='bbox 303 2684 478 2710; x_wconf 73' lang='lat' dir='ltr'><strong>Ascendamus</strong></span> <span class='ocrx_word' id='word_1_623' title='bbox 505 2684 539 2720; x_wconf 72' lang='lat' dir='ltr'><strong>ad</strong></span> <span class='ocrx_word' id='word_1_624' title='bbox 568 2683 677 2713; x_wconf 76' lang='lat' dir='ltr'><strong>ludum.</strong></span> <span class='ocrx_word' id='word_1_625' title='bbox 698 2687 720 2709; x_wconf 81' lang='lat' dir='ltr'><strong>et</strong></span> <span class='ocrx_word' id='word_1_626' title='bbox 749 2683 1036 2720; x_wconf 24' lang='lat' dir='ltr'><strong>munt-maneamne!</strong></span> 
     </span>
    </p>
   </div>
   <div class='ocr_carea' id='block_1_88' title="bbox 248 2716 1033 2752">
    <p class='ocr_par' dir='ltr' id='par_1_88' title="bbox 248 2716 1033 2752">
     <span class='ocr_line' id='line_1_88' title="bbox 248 2716 1033 2752; baseline -0.003 -8"><span class='ocrx_word' id='word_1_627' title='bbox 248 2720 389 2747; x_wconf 72' lang='lat' dir='ltr'><strong>arellnmus</strong></span> <span class='ocrx_word' id='word_1_628' title='bbox 403 2727 462 2744; x_wconf 84' lang='lat' dir='ltr'><strong>eum</strong></span> <span class='ocrx_word' id='word_1_629' title='bbox 481 2719 515 2744; x_wconf 83' lang='lat' dir='ltr'><strong>nd</strong></span> <span class='ocrx_word' id='word_1_630' title='bbox 533 2727 590 2751; x_wconf 74' lang='lat' dir='ltr'><strong>nos,</strong></span> <span class='ocrx_word' id='word_1_631' title='bbox 611 2723 634 2745; x_wconf 84' lang='lat' dir='ltr'><strong>et</strong></span> <span class='ocrx_word' id='word_1_632' title='bbox 649 2725 775 2752; x_wconf 75' lang='lat' dir='ltr'><strong>ponamus</strong></span> <span class='ocrx_word' id='word_1_633' title='bbox 803 2724 887 2750; x_wconf 77' lang='lat' dir='ltr'><strong>regem</strong></span> <span class='ocrx_word' id='word_1_634' title='bbox 907 2716 934 2742; x_wconf 88' lang='lat' dir='ltr'><strong>t&#39;u</strong></span> <span class='ocrx_word' id='word_1_635' title='bbox 949 2716 1033 2742; x_wconf 79' lang='lat' dir='ltr'><strong>medio</strong></span> 
     </span>
    </p>
   </div>
   <div class='ocr_carea' id='block_1_89' title="bbox 230 2753 524 2789">
    <p class='ocr_par' dir='ltr' id='par_1_89' title="bbox 230 2753 524 2789">
     <span class='ocr_line' id='line_1_89' title="bbox 230 2753 524 2789; baseline -0.007 -8"><span class='ocrx_word' id='word_1_636' title='bbox 230 2754 304 2789; x_wconf 66' lang='lat' dir='ltr'><strong>.ejus</strong></span> <span class='ocrx_word' id='word_1_637' title='bbox 317 2754 402 2786; x_wconf 81' lang='lat' dir='ltr'><strong>ﬁlium</strong></span> <span class='ocrx_word' id='word_1_638' title='bbox 421 2753 524 2789; x_wconf 66' lang='lat' dir='ltr'><strong>Tulit-el.</strong></span> 
     </span>
    </p>
   </div>
   <div class='ocr_carea' id='block_1_90' title="bbox 286 2785 1035 2823">
    <p class='ocr_par' dir='ltr' id='par_1_90' title="bbox 286 2785 1035 2823">
     <span class='ocr_line' id='line_1_90' title="bbox 286 2785 1035 2823; baseline -0.004 -9"><span class='ocrx_word' id='word_1_639' title='bbox 286 2785 341 2823; x_wconf 63' lang='lat' dir='ltr'><strong>(Siti)</strong></span> <span class='ocrx_word' id='word_1_640' title='bbox 377 2787 541 2822; x_wconf 76' lang='grc' dir='ltr'>’Υπερῴων.</span> <span class='ocrx_word' id='word_1_641' title='bbox 569 2798 579 2814; x_wconf 75' lang='grc' dir='ltr'><strong>ι</strong></span> <span class='ocrx_word' id='word_1_642' title='bbox 605 2787 626 2814; x_wconf 84' lang='grc' dir='ltr'>Ε</span> <span class='ocrx_word' id='word_1_643' title='bbox 653 2786 837 2821; x_wconf 81' lang='lat' dir='ltr'><strong>superioribus</strong></span> <span class='ocrx_word' id='word_1_644' title='bbox 866 2785 943 2823; x_wconf 79' lang='lat' dir='ltr'><strong>locis,</strong></span> <span class='ocrx_word' id='word_1_645' title='bbox 963 2794 972 2811; x_wconf 69' lang='grc' dir='ltr'><strong>ν</strong></span> <span class='ocrx_word' id='word_1_646' title='bbox 1008 2790 1035 2812; x_wconf 89' lang='lat' dir='ltr'><strong>et</strong></span> 
     </span>
    </p>
   </div>
   <div class='ocr_carea' id='block_1_91' title="bbox 252 2821 1034 2856">
    <p class='ocr_par' dir='ltr' id='par_1_91' title="bbox 252 2821 1034 2856">
     <span class='ocr_line' id='line_1_91' title="bbox 252 2821 1034 2856; baseline -0.005 -6"><span class='ocrx_word' id='word_1_647' title='bbox 252 2821 327 2856; x_wconf 55' lang='lat' dir='ltr'><strong>quisi</strong></span> <span class='ocrx_word' id='word_1_648' title='bbox 340 2821 495 2855; x_wconf 69' lang='lat' dir='ltr'><strong>cantaridis.</strong></span> <span class='ocrx_word' id='word_1_649' title='bbox 509 2824 579 2851; x_wconf 88' lang='lat' dir='ltr'><strong>unde</strong></span> <span class='ocrx_word' id='word_1_650' title='bbox 594 2823 684 2850; x_wconf 86' lang='lat' dir='ltr'><strong>Sacris</strong></span> <span class='ocrx_word' id='word_1_651' title='bbox 699 2823 860 2854; x_wconf 85' lang='lat' dir='ltr'><strong>intererant;</strong></span> <span class='ocrx_word' id='word_1_652' title='bbox 873 2821 926 2853; x_wconf 85' lang='lat' dir='ltr'><strong>vel,</strong></span> <span class='ocrx_word' id='word_1_653' title='bbox 940 2828 955 2848; x_wconf 87' lang='lat' dir='ltr'><strong>e</strong></span> <span class='ocrx_word' id='word_1_654' title='bbox 970 2828 1034 2847; x_wconf 87' lang='lat' dir='ltr'><strong>can-</strong></span> 
     </span>
    </p>
   </div>
   <div class='ocr_carea' id='block_1_92' title="bbox 251 2858 631 2894">
    <p class='ocr_par' dir='ltr' id='par_1_92' title="bbox 251 2858 631 2894">
     <span class='ocr_line' id='line_1_92' title="bbox 251 2858 631 2894; baseline 0 -9"><span class='ocrx_word' id='word_1_655' title='bbox 251 2858 383 2894; x_wconf 55' lang='lat' dir='ltr'><strong>cellisper</strong></span> <span class='ocrx_word' id='word_1_656' title='bbox 398 2867 464 2894; x_wconf 85' lang='lat' dir='ltr'><strong>quos</strong></span> <span class='ocrx_word' id='word_1_657' title='bbox 478 2859 631 2886; x_wconf 85' lang='lat' dir='ltr'><strong>audiebant.</strong></span> 
     </span>
    </p>
   </div>
   <div class='ocr_carea' id='block_1_93' title="bbox 300 2890 1034 2928">
    <p class='ocr_par' dir='ltr' id='par_1_93' title="bbox 300 2890 1034 2928">
     <span class='ocr_line' id='line_1_93' title="bbox 300 2890 1034 2928; baseline -0.005 -8"><span class='ocrx_word' id='word_1_658' title='bbox 300 2890 345 2926; x_wconf 81' lang='grc'><strong>57)</strong></span> <span class='ocrx_word' id='word_1_659' title='bbox 376 2890 517 2928; x_wconf 70' lang='grc' dir='ltr'><strong>’θ’φυγὰς</strong></span> <span class='ocrx_word' id='word_1_660' title='bbox 540 2893 645 2927; x_wconf 73' lang='grc' dir='ltr'><strong>ἱερεύς.</strong></span> <span class='ocrx_word' id='word_1_661' title='bbox 676 2891 767 2920; x_wconf 84' lang='lat' dir='ltr'><strong>Schol.</strong></span> <span class='ocrx_word' id='word_1_662' title='bbox 791 2901 798 2919; x_wconf 89' lang='lat'><strong>:</strong></span> <span class='ocrx_word' id='word_1_663' title='bbox 817 2891 920 2926; x_wconf 77' lang='grc' dir='ltr'>Πέτρος</span> <span class='ocrx_word' id='word_1_664' title='bbox 944 2891 958 2917; x_wconf 83' lang='grc' dir='ltr'>ὁ</span> <span class='ocrx_word' id='word_1_665' title='bbox 976 2890 1034 2928; x_wconf 72' lang='grc' dir='ltr'>μετ’</span> 
     </span>
    </p>
   </div>
   <div class='ocr_carea' id='block_1_94' title="bbox 259 2926 1035 2961">
    <p class='ocr_par' dir='ltr' id='par_1_94' title="bbox 259 2926 1035 2961">
     <span class='ocr_line' id='line_1_94' title="bbox 259 2926 1035 2961; baseline -0.004 -6"><span class='ocrx_word' id='word_1_666' title='bbox 259 2926 436 2956; x_wconf 28' lang='grc' dir='ltr'>’Δθανάσιονί-</span> <span class='ocrx_word' id='word_1_667' title='bbox 467 2926 480 2954; x_wconf 75' lang='grc' dir='ltr'><strong>ἰ</strong></span> <span class='ocrx_word' id='word_1_668' title='bbox 496 2926 589 2956; x_wconf 79' lang='lat' dir='ltr'><strong>Petrus</strong></span> <span class='ocrx_word' id='word_1_669' title='bbox 613 2927 754 2956; x_wconf 84' lang='lat' dir='ltr'><strong>Athanasii</strong></span> <span class='ocrx_word' id='word_1_670' title='bbox 772 2933 923 2959; x_wconf 81' lang='lat' dir='ltr'><strong>successor,</strong></span> <span class='ocrx_word' id='word_1_671' title='bbox 937 2935 947 2952; x_wconf 72' lang='grc' dir='ltr'><strong>ι</strong></span> <span class='ocrx_word' id='word_1_672' title='bbox 962 2926 1007 2961; x_wconf 84' lang='lat' dir='ltr'><strong>qui</strong></span> <span class='ocrx_word' id='word_1_673' title='bbox 1018 2934 1035 2953; x_wconf 76' lang='grc' dir='ltr'><strong>ο</strong></span> 
     </span>
    </p>
   </div>
   <div class='ocr_carea' id='block_1_95' title="bbox 1117 1819 1895 1858">
    <p class='ocr_par' dir='ltr' id='par_1_95' title="bbox 1117 1819 1895 1858">
     <span class='ocr_line' id='line_1_95' title="bbox 1117 1819 1895 1858; baseline 0 -10"><span class='ocrx_word' id='word_1_674' title='bbox 1117 1822 1165 1848; x_wconf 85' lang='lat' dir='ltr'><strong>ll&quot;.</strong></span> <span class='ocrx_word' id='word_1_675' title='bbox 1181 1821 1266 1848; x_wconf 83' lang='grc' dir='ltr'>Τοῦτο</span> <span class='ocrx_word' id='word_1_676' title='bbox 1283 1822 1313 1848; x_wconf 79' lang='grc' dir='ltr'><strong>τὺ</strong></span> <span class='ocrx_word' id='word_1_677' title='bbox 1328 1822 1419 1858; x_wconf 75' lang='grc' dir='ltr'>δρᾶμα</span> <span class='ocrx_word' id='word_1_678' title='bbox 1437 1819 1490 1848; x_wconf 77' lang='grc' dir='ltr'>εἶδε</span> <span class='ocrx_word' id='word_1_679' title='bbox 1507 1822 1556 1857; x_wconf 82' lang='grc' dir='ltr'>μὲν</span> <span class='ocrx_word' id='word_1_680' title='bbox 1571 1821 1626 1858; x_wconf 83' lang='grc' dir='ltr'><strong>ἑῴα</strong></span> <span class='ocrx_word' id='word_1_681' title='bbox 1639 1821 1724 1856; x_wconf 81' lang='grc' dir='ltr'>λῆξις,</span> <span class='ocrx_word' id='word_1_682' title='bbox 1738 1822 1870 1858; x_wconf 69' lang='grc' dir='ltr'>ὲθρὴνησε</span> <span class='ocrx_word' id='word_1_683' title='bbox 1893 1820 1895 1851; x_wconf 76' lang='lat'><strong>.‘</strong></span> 
     </span>
    </p>
   </div>
   <div class='ocr_carea' id='block_1_96' title="bbox 1080 1859 1893 1904">
    <p class='ocr_par' dir='ltr' id='par_1_96' title="bbox 1080 1859 1893 1904">
     <span class='ocr_line' id='line_1_96' title="bbox 1080 1859 1893 1904; baseline -0.001 -9"><span class='ocrx_word' id='word_1_684' title='bbox 1080 1868 1109 1894; x_wconf 78' lang='grc' dir='ltr'><strong>δὲ</strong></span> <span class='ocrx_word' id='word_1_685' title='bbox 1126 1868 1173 1895; x_wconf 77' lang='grc' dir='ltr'><strong>καὶ</strong></span> <span class='ocrx_word' id='word_1_686' title='bbox 1189 1869 1327 1904; x_wconf 76' lang='grc' dir='ltr'>ἑσπέριος,</span> <span class='ocrx_word' id='word_1_687' title='bbox 1383 1867 1417 1894; x_wconf 77' lang='grc' dir='ltr'><strong>τὰ</strong></span> <span class='ocrx_word' id='word_1_688' title='bbox 1435 1868 1555 1903; x_wconf 77' lang='grc' dir='ltr'>σύμϐολα</span> <span class='ocrx_word' id='word_1_689' title='bbox 1579 1868 1628 1903; x_wconf 77' lang='grc' dir='ltr'><strong>τῆς</strong></span> <span class='ocrx_word' id='word_1_690' title='bbox 1648 1868 1774 1900; x_wconf 78' lang='grc' dir='ltr'>ἀπονοίας</span> <span class='ocrx_word' id='word_1_691' title='bbox 1789 1867 1803 1894; x_wconf 75' lang='grc' dir='ltr'>ὁ</span> <span class='ocrx_word' id='word_1_692' title='bbox 1822 1877 1873 1902; x_wconf 82' lang='grc' dir='ltr'>φυ-</span> <span class='ocrx_word' id='word_1_693' title='bbox 1890 1859 1893 1881; x_wconf 55' lang='grc' dir='ltr'><strong>ί</strong></span> 
     </span>
    </p>
   </div>
   <div class='ocr_carea' id='block_1_97' title="bbox 1080 1912 1872 1949">
    <p class='ocr_par' dir='ltr' id='par_1_97' title="bbox 1080 1912 1872 1949">
     <span class='ocr_line' id='line_1_97' title="bbox 1080 1912 1872 1949; baseline 0 -10"><span class='ocrx_word' id='word_1_694' title='bbox 1080 1913 1132 1947; x_wconf 82' lang='grc' dir='ltr'><strong>γὰς</strong></span> <span class='ocrx_word' id='word_1_695' title='bbox 1148 1914 1235 1947; x_wconf 75' lang='grc' dir='ltr'>ἱερεὺς</span> <span class='ocrx_word' id='word_1_696' title='bbox 1257 1913 1312 1947; x_wconf 75' lang='lat'><strong>(57)</strong></span> <span class='ocrx_word' id='word_1_697' title='bbox 1329 1913 1520 1949; x_wconf 74' lang='grc' dir='ltr'>ἐθριάμϐευσε.</span> <span class='ocrx_word' id='word_1_698' title='bbox 1549 1913 1615 1939; x_wconf 83' lang='grc' dir='ltr'>Τίνα</span> <span class='ocrx_word' id='word_1_699' title='bbox 1639 1913 1756 1948; x_wconf 84' lang='grc' dir='ltr'>τρόπον;</span> <span class='ocrx_word' id='word_1_700' title='bbox 1784 1912 1872 1949; x_wconf 81' lang='grc' dir='ltr'><strong>ΙΙροῦ-</strong></span> 
     </span>
    </p>
   </div>
   <div class='ocr_carea' id='block_1_98' title="bbox 1081 1957 1871 1993">
    <p class='ocr_par' dir='ltr' id='par_1_98' title="bbox 1081 1957 1871 1993">
     <span class='ocr_line' id='line_1_98' title="bbox 1081 1957 1871 1993; baseline -0.001 -9"><span class='ocrx_word' id='word_1_701' title='bbox 1081 1957 1147 1992; x_wconf 84' lang='grc' dir='ltr'>θηκε</span> <span class='ocrx_word' id='word_1_702' title='bbox 1161 1959 1193 1992; x_wconf 83' lang='grc' dir='ltr'>τῇ</span> <span class='ocrx_word' id='word_1_703' title='bbox 1224 1957 1371 1993; x_wconf 66' lang='grc' dir='ltr'>Ἐκκλησία</span> <span class='ocrx_word' id='word_1_704' title='bbox 1390 1958 1543 1993; x_wconf 83' lang='grc' dir='ltr'>Ῥωμαίων,</span> <span class='ocrx_word' id='word_1_705' title='bbox 1559 1957 1619 1984; x_wconf 77' lang='grc' dir='ltr'>ἀντὶ</span> <span class='ocrx_word' id='word_1_706' title='bbox 1631 1957 1684 1983; x_wconf 85' lang='grc' dir='ltr'>τῶν</span> <span class='ocrx_word' id='word_1_707' title='bbox 1696 1957 1810 1993; x_wconf 80' lang='grc' dir='ltr'>νεκρῶν,</span> <span class='ocrx_word' id='word_1_708' title='bbox 1822 1957 1871 1992; x_wconf 81' lang='grc' dir='ltr'>τὴν</span> 
     </span>
    </p>
   </div>
   <div class='ocr_carea' id='block_1_99' title="bbox 1080 2001 1872 2038">
    <p class='ocr_par' dir='ltr' id='par_1_99' title="bbox 1080 2001 1872 2038">
     <span class='ocr_line' id='line_1_99' title="bbox 1080 2001 1872 2038; baseline 0.001 -10"><span class='ocrx_word' id='word_1_709' title='bbox 1080 2002 1244 2038; x_wconf 75' lang='grc' dir='ltr'>ᾑμαγμένην</span> <span class='ocrx_word' id='word_1_710' title='bbox 1263 2001 1375 2037; x_wconf 77' lang='grc' dir='ltr'>ἐσθῆτα,</span> <span class='ocrx_word' id='word_1_711' title='bbox 1392 2002 1440 2028; x_wconf 79' lang='grc' dir='ltr'>καὶ</span> <span class='ocrx_word' id='word_1_712' title='bbox 1468 2003 1538 2028; x_wconf 84' lang='grc' dir='ltr'>κινεῖ</span> <span class='ocrx_word' id='word_1_713' title='bbox 1555 2001 1682 2036; x_wconf 82' lang='grc' dir='ltr'>πάνδημα</span> <span class='ocrx_word' id='word_1_714' title='bbox 1704 2001 1808 2038; x_wconf 85' lang='grc' dir='ltr'>δάκρυα</span> <span class='ocrx_word' id='word_1_715' title='bbox 1828 2002 1872 2030; x_wconf 82' lang='grc' dir='ltr'>διὰ</span> 
     </span>
    </p>
   </div>
   <div class='ocr_carea' id='block_1_100' title="bbox 1080 2048 1873 2084">
    <p class='ocr_par' dir='ltr' id='par_1_100' title="bbox 1080 2048 1873 2084">
     <span class='ocr_line' id='line_1_100' title="bbox 1080 2048 1873 2084; baseline -0.001 -9"><span class='ocrx_word' id='word_1_716' title='bbox 1080 2049 1130 2084; x_wconf 83' lang='grc' dir='ltr'>τῆς</span> <span class='ocrx_word' id='word_1_717' title='bbox 1154 2048 1301 2084; x_wconf 80' lang='grc' dir='ltr'>σιωπώσης</span> <span class='ocrx_word' id='word_1_718' title='bbox 1325 2048 1503 2084; x_wconf 84' lang='grc' dir='ltr'>κατηγορίας,</span> <span class='ocrx_word' id='word_1_719' title='bbox 1528 2048 1570 2074; x_wconf 76' lang='grc' dir='ltr'>ἵνα</span> <span class='ocrx_word' id='word_1_720' title='bbox 1587 2048 1634 2075; x_wconf 59' lang='grc' dir='ltr'><strong>καὶ¹</strong></span> <span class='ocrx_word' id='word_1_721' title='bbox 1659 2049 1820 2084; x_wconf 80' lang='grc' dir='ltr'>παραστήσῃ</span> <span class='ocrx_word' id='word_1_722' title='bbox 1841 2049 1873 2074; x_wconf 80' lang='grc' dir='ltr'><strong>τὸ</strong></span> 
     </span>
    </p>
   </div>
   <div class='ocr_carea' id='block_1_101' title="bbox 1082 2093 1872 2130">
    <p class='ocr_par' dir='ltr' id='par_1_101' title="bbox 1082 2093 1872 2130">
     <span class='ocr_line' id='line_1_101' title="bbox 1082 2093 1872 2130; baseline -0.001 -8"><span class='ocrx_word' id='word_1_723' title='bbox 1082 2095 1180 2126; x_wconf 80' lang='grc' dir='ltr'>πάθος,</span> <span class='ocrx_word' id='word_1_724' title='bbox 1196 2095 1242 2121; x_wconf 75' lang='grc' dir='ltr'>καὶ</span> <span class='ocrx_word' id='word_1_725' title='bbox 1255 2095 1309 2121; x_wconf 80' lang='grc' dir='ltr'>τῶν</span> <span class='ocrx_word' id='word_1_726' title='bbox 1329 2094 1423 2121; x_wconf 86' lang='grc' dir='ltr'>δεινῶν</span> <span class='ocrx_word' id='word_1_727' title='bbox 1444 2094 1588 2130; x_wconf 73' lang='grc' dir='ltr'>ἐπίκουρον</span> <span class='ocrx_word' id='word_1_728' title='bbox 1614 2094 1668 2130; x_wconf 79' lang='grc'><strong>(58)</strong></span> <span class='ocrx_word' id='word_1_729' title='bbox 1684 2094 1763 2129; x_wconf 77' lang='grc' dir='ltr'>λάϐῃ,</span> <span class='ocrx_word' id='word_1_730' title='bbox 1779 2093 1872 2130; x_wconf 78' lang='grc' dir='ltr'>ὥσπερ</span> 
     </span>
    </p>
   </div>
   <div class='ocr_carea' id='block_1_102' title="bbox 1082 2139 1874 2176">
    <p class='ocr_par' dir='ltr' id='par_1_102' title="bbox 1082 2139 1874 2176">
     <span class='ocr_line' id='line_1_102' title="bbox 1082 2139 1874 2176; baseline -0.003 -8"><span class='ocrx_word' id='word_1_731' title='bbox 1082 2139 1128 2168; x_wconf 75' lang='grc' dir='ltr'>οὖν</span> <span class='ocrx_word' id='word_1_732' title='bbox 1157 2141 1202 2168; x_wconf 80' lang='lat' dir='ltr'><strong>xui</strong></span> <span class='ocrx_word' id='word_1_733' title='bbox 1229 2141 1358 2176; x_wconf 72' lang='grc' dir='ltr'>εἰληφότα</span> <span class='ocrx_word' id='word_1_734' title='bbox 1386 2141 1525 2176; x_wconf 69' lang='grc' dir='ltr'>ἔγνωμεν*</span> <span class='ocrx_word' id='word_1_735' title='bbox 1555 2140 1648 2175; x_wconf 81' lang='grc' dir='ltr'>ἐπειδὴ</span> <span class='ocrx_word' id='word_1_736' title='bbox 1666 2141 1737 2174; x_wconf 86' lang='grc' dir='ltr'><strong>φιλεί</strong></span> <span class='ocrx_word' id='word_1_737' title='bbox 1758 2140 1874 2176; x_wconf 83' lang='grc' dir='ltr'>μάλιστα</span> 
     </span>
    </p>
   </div>
   <div class='ocr_carea' id='block_1_103' title="bbox 1082 2185 1873 2223">
    <p class='ocr_par' dir='ltr' id='par_1_103' title="bbox 1082 2185 1873 2223">
     <span class='ocr_line' id='line_1_103' title="bbox 1082 2185 1873 2223; baseline -0.003 -10"><span class='ocrx_word' id='word_1_738' title='bbox 1082 2187 1257 2222; x_wconf 76' lang='grc' dir='ltr'>κάμπτεσθαι</span> <span class='ocrx_word' id='word_1_739' title='bbox 1275 2186 1306 2212; x_wconf 80' lang='grc' dir='ltr'>τὸ</span> <span class='ocrx_word' id='word_1_740' title='bbox 1325 2186 1439 2223; x_wconf 81' lang='grc' dir='ltr'>προέχον</span> <span class='ocrx_word' id='word_1_741' title='bbox 1458 2186 1524 2221; x_wconf 82' lang='grc' dir='ltr'>πρὸς</span> <span class='ocrx_word' id='word_1_742' title='bbox 1538 2185 1568 2212; x_wconf 78' lang='grc' dir='ltr'>τὸ</span> <span class='ocrx_word' id='word_1_743' title='bbox 1581 2185 1702 2217; x_wconf 82' lang='grc' dir='ltr'>ἀσθενὲς,</span> <span class='ocrx_word' id='word_1_744' title='bbox 1722 2186 1768 2212; x_wconf 78' lang='grc' dir='ltr'>καὶ</span> <span class='ocrx_word' id='word_1_745' title='bbox 1780 2185 1812 2211; x_wconf 79' lang='grc' dir='ltr'>δι’</span> <span class='ocrx_word' id='word_1_746' title='bbox 1827 2185 1873 2211; x_wconf 83' lang='grc' dir='ltr'><strong>εὐ-</strong></span> 
     </span>
    </p>
   </div>
   <div class='ocr_carea' id='block_1_104' title="bbox 1082 2228 1875 2266">
    <p class='ocr_par' dir='ltr' id='par_1_104' title="bbox 1082 2228 1875 2266">
     <span class='ocr_line' id='line_1_104' title="bbox 1082 2228 1875 2266; baseline -0.006 -8"><span class='ocrx_word' id='word_1_747' title='bbox 1082 2231 1156 2263; x_wconf 88' lang='grc' dir='ltr'>νοίας</span> <span class='ocrx_word' id='word_1_748' title='bbox 1176 2231 1299 2258; x_wconf 76' lang='grc' dir='ltr'>ἑκουσίου</span> <span class='ocrx_word' id='word_1_749' title='bbox 1315 2229 1354 2266; x_wconf 84' lang='grc' dir='ltr'>τῷ</span> <span class='ocrx_word' id='word_1_750' title='bbox 1368 2230 1553 2264; x_wconf 78' lang='grc' dir='ltr'>ὲλαττουμένῳ</span> <span class='ocrx_word' id='word_1_751' title='bbox 1573 2228 1772 2264; x_wconf 71' lang='grc' dir='ltr'>προστίθεσθαι,</span> <span class='ocrx_word' id='word_1_752' title='bbox 1791 2228 1875 2254; x_wconf 75' lang='grc' dir='ltr'>Τοῦτο</span> 
     </span>
    </p>
   </div>
   <div class='ocr_carea' id='block_1_105' title="bbox 1082 2270 1873 2313">
    <p class='ocr_par' dir='ltr' id='par_1_105' title="bbox 1082 2270 1873 2313">
     <span class='ocr_line' id='line_1_105' title="bbox 1082 2270 1873 2313; baseline -0.005 -10"><span class='ocrx_word' id='word_1_753' title='bbox 1082 2278 1180 2313; x_wconf 76' lang='grc' dir='ltr'>ήνεγκε</span> <span class='ocrx_word' id='word_1_754' title='bbox 1204 2277 1254 2312; x_wconf 81' lang='grc' dir='ltr'>μὲν</span> <span class='ocrx_word' id='word_1_755' title='bbox 1270 2277 1330 2303; x_wconf 80' lang='grc' dir='ltr'>οὐδὲ</span> <span class='ocrx_word' id='word_1_756' title='bbox 1351 2276 1406 2304; x_wconf 81' lang='grc' dir='ltr'>τῶν</span> <span class='ocrx_word' id='word_1_757' title='bbox 1433 2275 1519 2303; x_wconf 81' lang='grc' dir='ltr'>ἄλλων</span> <span class='ocrx_word' id='word_1_758' title='bbox 1546 2274 1666 2301; x_wconf 77' lang='grc' dir='ltr'>εὐσεϐῶν</span> <span class='ocrx_word' id='word_1_759' title='bbox 1688 2274 1747 2300; x_wconf 70' lang='grc' dir='ltr'><strong>οὐδὲ</strong></span> <span class='ocrx_word' id='word_1_760' title='bbox 1761 2270 1816 2305; x_wconf 72' lang='grc' dir='ltr'>εἷς·</span> <span class='ocrx_word' id='word_1_761' title='bbox 1844 2273 1873 2299; x_wconf 82' lang='grc' dir='ltr'>σὲ</span> 
     </span>
    </p>
   </div>
   <div class='ocr_carea' id='block_1_106' title="bbox 1082 2319 1873 2356">
    <p class='ocr_par' dir='ltr' id='par_1_106' title="bbox 1082 2319 1873 2356">
     <span class='ocr_line' id='line_1_106' title="bbox 1082 2319 1873 2356; baseline -0.008 -6"><span class='ocrx_word' id='word_1_762' title='bbox 1082 2323 1110 2350; x_wconf 84' lang='grc' dir='ltr'><strong>δὲ</strong></span> <span class='ocrx_word' id='word_1_763' title='bbox 1140 2325 1210 2350; x_wconf 89' lang='grc' dir='ltr'><strong>κινεί</strong></span> <span class='ocrx_word' id='word_1_764' title='bbox 1240 2323 1288 2350; x_wconf 72' lang='grc' dir='ltr'>καὶ</span> <span class='ocrx_word' id='word_1_765' title='bbox 1307 2323 1398 2355; x_wconf 79' lang='grc' dir='ltr'>πλέον,</span> <span class='ocrx_word' id='word_1_766' title='bbox 1430 2322 1484 2356; x_wconf 84' lang='grc' dir='ltr'>ὅσῳ</span> <span class='ocrx_word' id='word_1_767' title='bbox 1501 2322 1549 2348; x_wconf 76' lang='lat' dir='ltr'><strong>xui</strong></span> <span class='ocrx_word' id='word_1_768' title='bbox 1577 2320 1622 2347; x_wconf 77' lang='grc' dir='ltr'><strong>τὸν</strong></span> <span class='ocrx_word' id='word_1_769' title='bbox 1647 2320 1725 2354; x_wconf 85' lang='grc' dir='ltr'>λόγον</span> <span class='ocrx_word' id='word_1_770' title='bbox 1746 2319 1873 2345; x_wconf 81' lang='grc' dir='ltr'>τελεώτε-</span> 
     </span>
    </p>
   </div>
   <div class='ocr_carea' id='block_1_107' title="bbox 1084 2364 1875 2406">
    <p class='ocr_par' dir='ltr' id='par_1_107' title="bbox 1084 2364 1875 2406">
     <span class='ocr_line' id='line_1_107' title="bbox 1084 2364 1875 2406; baseline -0.009 -9"><span class='ocrx_word' id='word_1_771' title='bbox 1084 2378 1140 2406; x_wconf 83' lang='grc' dir='ltr'>ρος,</span> <span class='ocrx_word' id='word_1_772' title='bbox 1168 2370 1216 2396; x_wconf 71' lang='grc' dir='ltr'>καὶ</span> <span class='ocrx_word' id='word_1_773' title='bbox 1241 2369 1287 2396; x_wconf 67' lang='grc' dir='ltr'>τὸν</span> <span class='ocrx_word' id='word_1_774' title='bbox 1311 2369 1390 2404; x_wconf 83' lang='grc' dir='ltr'>ζῆλον</span> <span class='ocrx_word' id='word_1_775' title='bbox 1414 2367 1587 2403; x_wconf 81' lang='grc' dir='ltr'>θερμότερος.</span> <span class='ocrx_word' id='word_1_776' title='bbox 1620 2366 1670 2392; x_wconf 81' lang='grc' dir='ltr'><strong>Διὰ</strong></span> <span class='ocrx_word' id='word_1_777' title='bbox 1701 2364 1779 2392; x_wconf 75' lang='grc' dir='ltr'>τοῦτο</span> <span class='ocrx_word' id='word_1_778' title='bbox 1796 2364 1875 2390; x_wconf 81' lang='grc' dir='ltr'>πολε-</span> 
     </span>
    </p>
   </div>
   <div class='ocr_carea' id='block_1_108' title="bbox 1085 2410 1874 2451">
    <p class='ocr_par' dir='ltr' id='par_1_108' title="bbox 1085 2410 1874 2451">
     <span class='ocr_line' id='line_1_108' title="bbox 1085 2410 1874 2451; baseline -0.006 -10"><span class='ocrx_word' id='word_1_779' title='bbox 1085 2417 1143 2451; x_wconf 80' lang='grc' dir='ltr'>μεῖς</span> <span class='ocrx_word' id='word_1_780' title='bbox 1168 2415 1217 2451; x_wconf 83' lang='grc' dir='ltr'>μὲν</span> <span class='ocrx_word' id='word_1_781' title='bbox 1246 2415 1316 2451; x_wconf 84' lang='grc' dir='ltr'>ὑπὲρ</span> <span class='ocrx_word' id='word_1_782' title='bbox 1349 2414 1397 2441; x_wconf 80' lang='grc' dir='ltr'>τοῦ</span> <span class='ocrx_word' id='word_1_783' title='bbox 1419 2414 1517 2448; x_wconf 79' lang='grc' dir='ltr'>Λόγου,</span> <span class='ocrx_word' id='word_1_784' title='bbox 1549 2412 1653 2447; x_wconf 82' lang='grc' dir='ltr'>πολεμῇ</span> <span class='ocrx_word' id='word_1_785' title='bbox 1684 2412 1712 2438; x_wconf 80' lang='grc' dir='ltr'><strong>δὲ</strong></span> <span class='ocrx_word' id='word_1_786' title='bbox 1745 2411 1796 2437; x_wconf 74' lang='grc' dir='ltr'><strong>ὑπὸ</strong></span> <span class='ocrx_word' id='word_1_787' title='bbox 1825 2410 1874 2445; x_wconf 80' lang='grc' dir='ltr'>τῆς</span> 
     </span>
    </p>
   </div>
   <div class='ocr_carea' id='block_1_109' title="bbox 1084 2454 1875 2497">
    <p class='ocr_par' dir='ltr' id='par_1_109' title="bbox 1084 2454 1875 2497">
     <span class='ocr_line' id='line_1_109' title="bbox 1084 2454 1875 2497; baseline -0.008 -9"><span class='ocrx_word' id='word_1_788' title='bbox 1084 2462 1210 2493; x_wconf 78' lang='grc' dir='ltr'>ἀσεϐείας</span> <span class='ocrx_word' id='word_1_789' title='bbox 1235 2461 1305 2497; x_wconf 80' lang='grc'>(59)·</span> <span class='ocrx_word' id='word_1_790' title='bbox 1335 2460 1383 2487; x_wconf 71' lang='grc' dir='ltr'>καὶ</span> <span class='ocrx_word' id='word_1_791' title='bbox 1399 2459 1467 2495; x_wconf 82' lang='grc' dir='ltr'>πρὸς</span> <span class='ocrx_word' id='word_1_792' title='bbox 1495 2458 1601 2490; x_wconf 83' lang='grc' dir='ltr'>πολλοῖς</span> <span class='ocrx_word' id='word_1_793' title='bbox 1618 2458 1716 2489; x_wconf 84' lang='grc' dir='ltr'>ἄλλοις,</span> <span class='ocrx_word' id='word_1_794' title='bbox 1741 2454 1782 2488; x_wconf 78' lang='grc' dir='ltr'>οἷς</span> <span class='ocrx_word' id='word_1_795' title='bbox 1806 2456 1875 2492; x_wconf 80' lang='grc' dir='ltr'>ὑπὲρ</span> 
     </span>
    </p>
   </div>
   <div class='ocr_carea' id='block_1_110' title="bbox 1083 2503 1873 2543">
    <p class='ocr_par' dir='ltr' id='par_1_110' title="bbox 1083 2503 1873 2543">
     <span class='ocr_line' id='line_1_110' title="bbox 1083 2503 1873 2543; baseline -0.009 -8"><span class='ocrx_word' id='word_1_796' title='bbox 1083 2507 1130 2534; x_wconf 78' lang='grc' dir='ltr'>τοῦ</span> <span class='ocrx_word' id='word_1_797' title='bbox 1145 2508 1227 2534; x_wconf 84' lang='grc' dir='ltr'>καλοῦ</span> <span class='ocrx_word' id='word_1_798' title='bbox 1244 2506 1369 2543; x_wconf 83' lang='grc' dir='ltr'>πράττων</span> <span class='ocrx_word' id='word_1_799' title='bbox 1387 2506 1435 2534; x_wconf 67' lang='grc' dir='ltr'>καὶ</span> <span class='ocrx_word' id='word_1_800' title='bbox 1455 2505 1541 2539; x_wconf 85' lang='grc' dir='ltr'>λέγων</span> <span class='ocrx_word' id='word_1_801' title='bbox 1566 2503 1708 2539; x_wconf 75' lang='grc' dir='ltr'>ἠγώνισαι,</span> <span class='ocrx_word' id='word_1_802' title='bbox 1732 2503 1873 2535; x_wconf 77' lang='grc' dir='ltr'>διδάσκων,</span> 
     </span>
    </p>
   </div>
   <div class='ocr_carea' id='block_1_111' title="bbox 1083 2548 1875 2588">
    <p class='ocr_par' dir='ltr' id='par_1_111' title="bbox 1083 2548 1875 2588">
     <span class='ocr_line' id='line_1_111' title="bbox 1083 2548 1875 2588; baseline -0.009 -8"><span class='ocrx_word' id='word_1_803' title='bbox 1083 2553 1226 2586; x_wconf 82' lang='grc' dir='ltr'>νουθετῶν,</span> <span class='ocrx_word' id='word_1_804' title='bbox 1253 2551 1454 2588; x_wconf 72' lang='grc' dir='ltr'>ἐξαιρούμενος,</span> <span class='ocrx_word' id='word_1_805' title='bbox 1480 2550 1609 2585; x_wconf 75' lang='grc' dir='ltr'>ἐλέγχων,</span> <span class='ocrx_word' id='word_1_806' title='bbox 1639 2548 1783 2584; x_wconf 78' lang='grc' dir='ltr'>ἐπιτιμῶν,</span> <span class='ocrx_word' id='word_1_807' title='bbox 1809 2555 1875 2581; x_wconf 87' lang='grc' dir='ltr'>συγ-</span> 
     </span>
    </p>
   </div>
   <div class='ocr_carea' id='block_1_112' title="bbox 1092 2638 1877 2679">
    <p class='ocr_par' dir='ltr' id='par_1_112' title="bbox 1092 2638 1877 2679">
     <span class='ocr_line' id='line_1_112' title="bbox 1092 2638 1877 2679; baseline -0.01 -7"><span class='ocrx_word' id='word_1_808' title='bbox 1092 2645 1154 2672; x_wconf 86' lang='lat' dir='ltr'><strong>sede</strong></span> <span class='ocrx_word' id='word_1_809' title='bbox 1164 2644 1274 2677; x_wconf 70' lang='lat' dir='ltr'><strong>eiectus,</strong></span> <span class='ocrx_word' id='word_1_810' title='bbox 1288 2641 1400 2668; x_wconf 83' lang='lat' dir='ltr'><strong>Romam</strong></span> <span class='ocrx_word' id='word_1_811' title='bbox 1412 2641 1503 2676; x_wconf 86' lang='lat' dir='ltr'><strong>petiit;</strong></span> <span class='ocrx_word' id='word_1_812' title='bbox 1520 2641 1590 2667; x_wconf 76' lang='lat' dir='ltr'><strong>unde</strong></span> <span class='ocrx_word' id='word_1_813' title='bbox 1601 2643 1661 2674; x_wconf 84' lang='lat' dir='ltr'><strong>post</strong></span> <span class='ocrx_word' id='word_1_814' title='bbox 1674 2638 1794 2679; x_wconf 68' lang='lat' dir='ltr'><strong>Valentis</strong></span> <span class='ocrx_word' id='word_1_815' title='bbox 1806 2646 1877 2679; x_wconf 50' lang='lat' dir='ltr'><strong>mor:</strong></span> 
     </span>
    </p>
   </div>
   <div class='ocr_carea' id='block_1_113' title="bbox 1089 2674 1875 2710">
    <p class='ocr_par' dir='ltr' id='par_1_113' title="bbox 1089 2674 1875 2710">
     <span class='ocr_line' id='line_1_113' title="bbox 1089 2674 1875 2710; baseline -0.006 -3"><span class='ocrx_word' id='word_1_816' title='bbox 1089 2674 1357 2710; x_wconf 63' lang='lat' dir='ltr'><strong>tem.1ilcxandriam</strong></span> <span class='ocrx_word' id='word_1_817' title='bbox 1390 2674 1514 2704; x_wconf 71' lang='lat' dir='ltr'><strong>reversus</strong></span> <span class='ocrx_word' id='word_1_818' title='bbox 1536 2681 1588 2707; x_wconf 85' lang='lat' dir='ltr'><strong>est,</strong></span> <span class='ocrx_word' id='word_1_819' title='bbox 1618 2682 1672 2702; x_wconf 89' lang='lat' dir='ltr'><strong>non</strong></span> <span class='ocrx_word' id='word_1_820' title='bbox 1694 2675 1752 2701; x_wconf 87' lang='lat' dir='ltr'><strong>sine</strong></span> <span class='ocrx_word' id='word_1_821' title='bbox 1768 2674 1875 2702; x_wconf 80' lang='lat' dir='ltr'><strong>Damasi</strong></span> 
     </span>
    </p>
   </div>
   <div class='ocr_carea' id='block_1_114' title="bbox 1089 2712 1454 2742">
    <p class='ocr_par' dir='ltr' id='par_1_114' title="bbox 1089 2712 1454 2742">
     <span class='ocr_line' id='line_1_114' title="bbox 1089 2712 1454 2742; baseline -0.014 0"><span class='ocrx_word' id='word_1_822' title='bbox 1089 2715 1185 2742; x_wconf 88' lang='lat' dir='ltr'><strong>litteris</strong></span> <span class='ocrx_word' id='word_1_823' title='bbox 1199 2714 1232 2740; x_wconf 89' lang='lat' dir='ltr'><strong>ad</strong></span> <span class='ocrx_word' id='word_1_824' title='bbox 1249 2712 1454 2739; x_wconf 83' lang='lat' dir='ltr'><strong>Alexandrinos.</strong></span> 
     </span>
    </p>
   </div>
   <div class='ocr_carea' id='block_1_115' title="bbox 1125 2743 1878 2784">
    <p class='ocr_par' dir='ltr' id='par_1_115' title="bbox 1125 2743 1878 2784">
     <span class='ocr_line' id='line_1_115' title="bbox 1125 2743 1878 2784; baseline -0.008 -8"><span class='ocrx_word' id='word_1_825' title='bbox 1125 2749 1179 2784; x_wconf 76' lang='lat'><strong>(58)</strong></span> <span class='ocrx_word' id='word_1_826' title='bbox 1210 2747 1269 2774; x_wconf 84' lang='grc' dir='ltr'><strong>Τῶν</strong></span> <span class='ocrx_word' id='word_1_827' title='bbox 1293 2746 1398 2784; x_wconf 72' lang='grc' dir='ltr'>δεινῶν</span> <span class='ocrx_word' id='word_1_828' title='bbox 1424 2746 1595 2784; x_wconf 59' lang='grc' dir='ltr'>ἐπίκουρον.</span> <span class='ocrx_word' id='word_1_829' title='bbox 1627 2744 1758 2784; x_wconf 73' lang='lat' dir='ltr'><strong>Damasus</strong></span> <span class='ocrx_word' id='word_1_830' title='bbox 1784 2743 1878 2770; x_wconf 64' lang='lat' dir='ltr'><strong>Romae</strong></span> 
     </span>
    </p>
   </div>
   <div class='ocr_carea' id='block_1_116' title="bbox 1088 2779 1877 2819">
    <p class='ocr_par' dir='ltr' id='par_1_116' title="bbox 1088 2779 1877 2819">
     <span class='ocr_line' id='line_1_116' title="bbox 1088 2779 1877 2819; baseline -0.01 -7"><span class='ocrx_word' id='word_1_831' title='bbox 1088 2779 1210 2819; x_wconf 67' lang='lat' dir='ltr'><strong>pontifex</strong></span> <span class='ocrx_word' id='word_1_832' title='bbox 1224 2784 1269 2810; x_wconf 92' lang='lat' dir='ltr'><strong>hic</strong></span> <span class='ocrx_word' id='word_1_833' title='bbox 1283 2783 1448 2817; x_wconf 77' lang='lat' dir='ltr'><strong>designatur,</strong></span> <span class='ocrx_word' id='word_1_834' title='bbox 1463 2781 1509 2816; x_wconf 85' lang='lat' dir='ltr'><strong>qui</strong></span> <span class='ocrx_word' id='word_1_835' title='bbox 1529 2780 1639 2807; x_wconf 87' lang='lat' dir='ltr'><strong>Petrum</strong></span> <span class='ocrx_word' id='word_1_836' title='bbox 1653 2779 1768 2814; x_wconf 78' lang='lat' dir='ltr'><strong>benigne</strong></span> <span class='ocrx_word' id='word_1_837' title='bbox 1795 2785 1877 2805; x_wconf 76' lang='lat' dir='ltr'><strong>exec—</strong></span> 
     </span>
    </p>
   </div>
   <div class='ocr_carea' id='block_1_117' title="bbox 1087 2824 1877 2890">
    <p class='ocr_par' dir='ltr' id='par_1_117' title="bbox 1087 2824 1877 2890">
     <span class='ocr_line' id='line_1_117' title="bbox 1087 2824 1877 2890; baseline -0.008 -10"><span class='ocrx_word' id='word_1_838' title='bbox 1087 2824 1269 2890; x_wconf 42' lang='lat' dir='ltr'><strong>“(smine</strong></span> <span class='ocrx_word' id='word_1_839' title='bbox 1284 2851 1337 2890; x_wconf 58' lang='grc' dir='ltr'>τῆς</span> <span class='ocrx_word' id='word_1_840' title='bbox 1353 2849 1502 2890; x_wconf 66' lang='grc' dir='ltr'>ᾀσεόείας.</span> <span class='ocrx_word' id='word_1_841' title='bbox 1528 2848 1557 2876; x_wconf 87' lang='lat' dir='ltr'><strong>lu</strong></span> <span class='ocrx_word' id='word_1_842' title='bbox 1572 2848 1719 2890; x_wconf 79' lang='lat' dir='ltr'><strong>nonnullis,</strong></span> <span class='ocrx_word' id='word_1_843' title='bbox 1738 2847 1808 2875; x_wconf 71' lang='grc' dir='ltr'>ὑπὲρ</span> <span class='ocrx_word' id='word_1_844' title='bbox 1827 2847 1877 2883; x_wconf 81' lang='grc' dir='ltr'>τῆς</span> 
     </span>
    </p>
   </div>
   <div class='ocr_carea' id='block_1_118' title="bbox 1089 2885 1690 2924">
    <p class='ocr_par' dir='ltr' id='par_1_118' title="bbox 1089 2885 1690 2924">
     <span class='ocr_line' id='line_1_118' title="bbox 1089 2885 1690 2924; baseline -0.01 -7"><span class='ocrx_word' id='word_1_845' title='bbox 1089 2885 1239 2924; x_wconf 64' lang='grc' dir='ltr'>ειάεσέιας,</span> <span class='ocrx_word' id='word_1_846' title='bbox 1256 2897 1264 2915; x_wconf 86' lang='grc' dir='ltr'><strong>ι</strong></span> <span class='ocrx_word' id='word_1_847' title='bbox 1277 2885 1384 2924; x_wconf 79' lang='lat' dir='ltr'><strong>pietatis</strong></span> <span class='ocrx_word' id='word_1_848' title='bbox 1397 2893 1479 2914; x_wconf 84' lang='lat' dir='ltr'><strong>causa</strong></span> <span class='ocrx_word' id='word_1_849' title='bbox 1489 2885 1664 2922; x_wconf 73' lang='lat' dir='ltr'><strong>impugnans.</strong></span> <span class='ocrx_word' id='word_1_850' title='bbox 1679 2893 1690 2911; x_wconf 83' lang='grc' dir='ltr'><strong>ι</strong></span> 
     </span>
    </p>
   </div>
  </div>
