2060 3140
166 155 233 183 ιιιί

567 156 697 185 ORATIO
717 156 798 184 XXV.
815 173 845 178 —
870 157 904 185 IN
923 158 1068 187 LAUDEM
1086 159 1237 189 [IERONIS
1257 161 1388 189 PHILOS.

1727 162 1795 190 1218

164 214 243 251 χέων,
261 213 377 246 ίδιώτας,
394 214 537 249 ἄρχοντας,
557 214 619 251 ἰδίᾳ,
639 215 766 252 δημοσίᾳ,
781 215 851 242 κατά
868 216 956 243 πάντα

1009 219 1055 246 tibi
1070 219 1185 248 infertur
1203 227 1211 247 :
1232 228 1264 248 ac
1280 225 1377 255 praeter
1388 219 1440 247 alia
1456 220 1539 247 multa
1561 219 1721 254 certamina,
1734 227 1795 256 quae

163 260 259 296 καιρὸν
275 259 322 286 καὶ
335 259 431 286 τόπον
447 260 534 292 τέλος,
551 261 635 297 μανίᾳ
650 262 850 297 συναρπασθεὶς
865 262 959 289 δυσσε-

162 305 226 336 ϐοῦς
236 305 369 338 ἐξουσίας,
381 306 414 339 (ὣ
425 307 474 342 τῆς
487 307 613 341 εὐγενοῦς
630 307 684 342 (60)
701 309 856 343 συμφορᾶςί
870 307 892 334 ὦ
904 308 957 335 τῶν

161 351 242 387 ιερῶν
260 360 306 378 σου
332 352 526 388 τραυμάτωνί)
555 353 634 389 ξαίνῃ
664 353 712 388 μὲν
728 354 758 380 τὸ
774 353 854 380 καλὸν
876 354 955 389 σῶμα

160 398 222 428 ταῖς
238 396 372 431 μάστιξιν,
390 397 483 433 ὥσπερ
498 398 526 424 δὲ
549 398 605 433 (61)
627 398 708 425 ἄλλοι)
723 398 821 434 θεατὴς
834 399 954 434 πάσχον-

161 451 220 474 τος·
239 442 285 470 καὶ
300 443 415 479 κάμπτῃ
433 444 481 479 μὲν
493 444 523 471 τὸ
540 444 689 481 ὁρώμενον,
702 445 732 471 οὺ
753 444 910 480 καταϐὰλλῃ
926 445 955 472 δὲ

160 487 191 514 τὸ
205 487 347 523 νοούμενον
357 497 364 503 ⁸
380 489 546 525 στηλιτεύεις
572 490 628 526 (62)
644 490 692 526 τὴν
708 491 833 526 ἀνδρείαν
849 491 878 517 ὲν
896 492 956 522 ταῖς

161 534 289 561 ἁπάντων
325 534 419 569 ὄψεσιν
442 536 504 571 γίνῃ
532 536 561 563 δὲ
588 537 635 563 καὶ
659 537 743 571 σιγῶν
778 537 828 572 τῆς
855 545 955 573 καρτε-

161 579 222 615 ρίας
250 580 419 614 διδάσκαλος,
447 582 540 618 ἐπειδή
567 590 599 616 γε
628 583 646 618 ἡ
664 582 774 617 γλῶσσα
797 583 905 618 παρῆκε
925 581 956 608 τὸ

161 625 340 660 φθέγγεσθαι.

159 684 317 718 percipitur,
344 684 552 720 haudquaquam
577 685 704 720 dejiceris
731 695 738 714 ι

1011 267 1115 294 ltonesti
1132 275 1224 299 causa,
1240 274 1322 302 opere
1336 271 1362 293 et
1378 274 1503 294 sertnone
1521 266 1642 299 subiisti,
1659 267 1721 293 dttm
1738 268 1793 302 pri-

1009 317 1086 340 vatos
1101 317 1129 340 et
1142 313 1289 347 principes,
1307 313 1434 347 privatim
1459 316 1486 340 et
1502 312 1617 345 publice,
1633 313 1728 347 quovis
1753 313 1797 340 de-

1010 358 1091 393 nique
1111 364 1231 392 tetnpore
1248 364 1274 386 et
1291 360 1348 387 loco
1365 359 1457 391 doces,
1476 359 1616 390 admones.
1633 360 1734 394 arguis,
1753 359 1794 386 in-

1007 412 1114 439 crepas,
1130 405 1288 438 confundis;
1315 405 1348 431 ad
1363 409 1514 432 extremum
1542 406 1630 440 impiae
1655 405 1796 440 potestatis

1008 451 1100 478 furore
1125 452 1337 486 comprehensus
1366 453 1393 487 (ο
1410 452 1526 480 nobilem
1554 452 1756 479 calamitatem!
1778 460 1794 479 ο

1008 506 1086 526 sacra
1099 503 1142 526 tua
1153 498 1304 533 vulnerat),
1314 499 1396 534 virgis
1408 499 1517 533 quidem
1533 499 1648 534 eleganti
1664 498 1744 534 465
1762 507 1795 526 ac

1009 544 1108 571 decoro
1123 551 1236 577 corpore
1252 543 1393 576 laceraris,
1408 544 1455 572 sed
1471 544 1517 578 ita,
1536 551 1569 571 ac
1585 545 1607 571 si
1623 545 1793 579 vapulantem

1007 590 1121 617 alterum
1135 595 1273 625 spectares
1290 600 1297 617 :
1320 595 1347 618 et
1370 598 1522 625 quanquam
1541 598 1572 617 ea
1587 591 1623 618 tui
1637 595 1721 626 parte,
1733 598 1794 626 qnu'.

1007 638 1033 664 in
1050 642 1188 671 aspectum
1200 637 1281 669 cadit,
1295 636 1451 669 inllectaris,
1465 645 1495 664 ea
1511 642 1612 670 tamen,
1628 646 1688 671 qua:
1704 644 1795 666 mento

767 687 830 721 qttin
861 687 951 721 potius
970 686 1157 713 fortitudinem
1186 686 1221 712 ob
1257 686 1377 712 omnium
1420 686 1514 714 oculos
1542 692 1670 722 tanquam
1700 688 1726 714 i-n
1747 695 1795 715 co-

160 727 250 755 lttntna
277 730 391 763 sculpis;
420 736 501 764 atque
526 731 608 757 etiam
635 737 736 764 tacens,
760 733 860 768 (ueqtte
877 733 948 760 enim
970 739 1067 759 munus
1094 731 1150 765 jam
1183 739 1261 758 suum
1279 732 1388 766 exsequi
1406 731 1495 767 lingua
1520 733 1650 767 poterat.)
1663 738 1794 760 constan-

162 774 206 800 tiae
227 774 385 807 magistrum
400 779 424 800 te
439 775 554 808 prmbt-s.

194 823 242 849 Μ’.
267 820 334 848 Εἶτα
355 822 397 853 τί;
426 823 482 858 Τῆς
506 823 634 859 πατρίδος
656 823 814 861 ὑπερορίζῃ,
836 825 849 851 ὁ
868 824 944 860 μηδε-

1033 822 1104 849 XIV.
1120 821 1190 855 Quid
1217 821 1328 856 postea?
1349 821 1369 848 E
1389 821 1483 855 patria;
1501 822 1599 849 finibus
1622 823 1794 850 extermina-

161 867 225 903 μίαν
241 868 296 903 (65)
311 867 388 900 είδὼς
410 869 513 895 οἰκείαν
530 870 578 895 καὶ
599 869 751 906 ἀλλοτρίαν,
774 870 836 906 ἐμοὶ
852 870 951 902 δοκεῖν,

159 913 202 939 ῑνα
221 913 266 939 καὶ
292 913 366 940 ἄλλοι
389 914 554 941 παιδευθῶσι
576 915 621 941 διὰ
640 915 688 941 σοῦ
715 915 765 951 τὴν
791 915 950 943 εὐσέϐειαν

160 959 257 991 Ὀασίς
273 968 313 986 σοι
335 959 391 995 (64)
408 960 438 987 τὸ
468 961 698 997 φυγαδευτήριον,
724 963 741 998 ὴ
765 961 951 998 ἀπάνθρωπος

158 1005 271 1042 ἐρημία,
291 1006 321 1032 τὸ
335 1006 380 1033 διὰ
397 1006 427 1033 σὲ
448 1007 542 1034 λοιπὸν
555 1008 652 1042 εὐαγὲς
666 1008 722 1042 (65)
734 1009 844 1044 χωρίον.
860 1009 952 1036 Μετά-

157 1051 201 1083 δος
213 1053 278 1086 ἡμῖν
290 1051 337 1078 καὶ
356 1051 410 1078 τῶν
433 1052 482 1087 τῆς
505 1053 655 1088 ὑπερορίας
670 1062 716 1080 σου
736 1054 835 1086 καλῶν,
857 1054 949 1090 ἐπειδή

158 1105 191 1132 γε
205 1096 259 1123 τῶν
275 1097 324 1132 τῆς
344 1096 473 1123 ἐπανόδου
490 1098 655 1132 μετέδωκας.
678 1099 794 1134 Ποίησον
806 1100 872 1134 ἡμῖν
887 1099 950 1126 Θέα-

157 1151 221 1178 τρον
237 1143 287 1178 τὴν
307 1143 446 1169 ἐπάνοδον.
462 1144 544 1175 Τίνας
564 1144 623 1170 ἐκεῖ
643 1144 797 1179 φιλοσοφεῖν
810 1144 948 1178 ὲδίδαξαςς

157 1189 233 1221 τίνας
254 1189 392 1224 ἐκάθηρας
413 1189 467 1216 τῶν
488 1190 595 1216 ἀσεϐῶν
614 1190 791 1226 ὑπολήψεων;
815 1191 892 1223 τίνας
915 1193 948 1227 τῇ

158 1235 286 1270 εὐσεϐείᾳ
303 1235 476 1271 προσήγαγες
491 1244 497 1268 ;
521 1237 602 1271 Ὀρᾷν
620 1245 665 1271 μοι
679 1236 751 1262 δοκῶ
763 1237 793 1263 τὸ
810 1237 868 1263 ἐκεῖ
885 1246 949 1263 παι-

157 1281 307 1317 δευτήριον,
319 1282 369 1317 τὴν
386 1282 450 1317 περὶ
472 1283 501 1309 σὲ
518 1282 629 1317 τελετὴν
646 1282 701 1317 (66)
722 1282 768 1309 καὶ
783 1283 947 1318 πανήγυριν.

158 1326 226 1353 Εἰπὲ
241 1327 287 1353 καὶ
304 1327 397 1353 τοῦτο·
416 1325 495 1362 Εἷχές
512 1335 574 1354 τινα
590 1327 766 1363 παραμυθίαν
782 1330 838 1359 τοῖς
856 1328 950 1362 λειψά-

158 1382 213 1404 νοις
226 1373 272 1400 τοῦ
289 1373 428 1409 σώματος;
455 1374 470 1409 ἢ
495 1373 542 1400 καὶ
564 1374 613 1409 τὴν
631 1374 686 1409 (67)
708 1374 802 1401 πενίαν
826 1374 949 1409 ὲφιλοσόι

158 1427 235 1453 φεις;
253 1417 331 1454 Εῖχές
350 1428 426 1451 τινας
450 1420 594 1451 κοινωνοὺς
616 1419 666 1454 τῆς
690 1419 848 1455 ἀθλήσεως;
870 1420 949 1455 ἢκαὶ

157 1465 237 1492 τοῦτο
250 1465 396 1501 πενόμενος
408 1466 526 1501 ἤνεγκας
537 1474 544 1497 ;
563 1465 686 1497 Ἑπόθεις
697 1466 747 1498 τὰς
760 1465 885 1500 ἀδελφὰς.
899 1466 949 1499 τὰς

1008 869 1056 902 ris,
1073 869 1118 902 qui
1139 876 1189 895 nec
1204 869 1340 902 propriam
1353 867 1445 900 ullam,
1460 876 1511 895 nec
1523 867 1638 895 alienam
1656 870 1792 903 agnoscis,

1004 920 1033 942 ttt
1051 915 1108 947 alii,
1125 922 1183 941 mea
1202 914 1309 948 quidem
1337 914 1480 945 sententia,
1507 921 1555 947 per
1580 919 1605 941 te
1627 914 1659 941 ad
1683 915 1793 949 pietatis

1003 961 1120 987 sttnliunt
1134 960 1302 987 erudiantur.
1323 959 1412 992 Oasis,
1431 959 1591 993 inhumana,
1608 960 1728 995 inquam,
1747 961 1792 989 illa

1002 1006 1131 1039 solitudo,
1148 1007 1194 1034 sed
1205 1007 1261 1041 jam
1280 1011 1392 1040 propter
1407 1011 1432 1033 te
1444 1011 1535 1033 sancta
1553 1007 1641 1039 sedes,
1658 1008 1690 1034 ad
1709 1015 1791 1034 exsu-

1003 1053 1110 1080 landum
1126 1052 1172 1079 tibi
1188 1052 1354 1080 decernitur.
1369 1053 1424 1087 Age
1440 1052 1531 1086 igitur,
1560 1053 1670 1087 quando
1687 1053 1792 1082 reditus

1002 1099 1041 1126 tui
1062 1099 1130 1126 bona
1151 1098 1279 1132 erogasti,
1295 1097 1336 1125 fac
1357 1097 1445 1125 exsilii
1459 1106 1569 1133 quoque
1589 1099 1615 1126 in
1628 1099 1697 1126 bona
1713 1100 1792 1128 nobis

1001 1144 1175 1179 impertiaris.
1198 1144 1320 1171 “editum
1336 1149 1410 1171 tuum
1427 1144 1453 1171 itt
1478 1145 1611 1172 theatrunt
1628 1145 1707 1173 nobis
1727 1154 1793 1173 con-

1002 1195 1086 1217 verte.
1104 1190 1239 1223 Quosnam
1264 1189 1320 1217 illic
1346 1189 1531 1224 philosophari
1558 1190 1694 1218 docuisti?
1710 1191 1792 1225 Quos-

1001 1243 1062 1262 nant
1080 1235 1115 1262 ab
1141 1235 1231 1269 impiis
1254 1235 1427 1270 opinionibus
1451 1236 1621 1271 rcpurgasti?
1653 1236 1790 1270 Quasnam

1001 1281 1033 1307 ad
1070 1281 1198 1315 pietatem
1244 1281 1406 1307 adduxisti?
1448 1281 1545 1308 Videre
1573 1281 1638 1308 mihi
1666 1283 1790 1317 equidem

1000 1327 1093 1354 videor
1131 1326 1252 1354 scholam
1290 1327 1380 1360 illaut,
1412 1331 1440 1355 et
1466 1329 1673 1361 caeremoniatu,
1704 1332 1791 1358 maxi-

1001 1380 1126 1408 tuamque
1156 1373 1227 1400 circa
1269 1377 1296 1400 te
1335 1374 1473 1400 hominum
1506 1373 1695 1409 frequentiam.
1724 1376 1790 1403 lllttd

1000 1419 1081 1446 etiam
1097 1420 1172 1447 dicas
1196 1419 1262 1446 ntihi
1283 1419 1384 1447 velint:
1412 1419 1551 1447 Prsestone
1568 1421 1615 1448 tibi
1637 1426 1724 1454 erant,
1744 1423 1790 1457 qui

1000 1465 1122 1499 corporis
1138 1465 1175 1491 ttti
1198 1465 1320 1500 reliquiis
1343 1465 1431 1492 solatii
1458 1465 1557 1499 aliqttid
1581 1466 1728 1494 afferrent?
1748 1469 1789 1495 An

157 1511 302 1543 κοινωνούς
317 1520 358 1537 σοι
374 1512 421 1538 καὶ
440 1511 490 1546 τῆς
502 1511 622 1545 ἁγνείας,
641 1512 688 1538 καὶ
712 1512 761 1547 τῆς
784 1512 947 1548 καρτερίας;

1001 1511 1082 1538 etiam
1099 1515 1283 1545 paupertatem
1302 1511 1411 1538 colebas
1426 1511 1438 1538 ?
1453 1511 1550 1539 Utrum
1567 1513 1722 1541 certaminis
1747 1522 1791 1542 so-

157 1557 174 1592 ἢ
194 1557 241 1583 καὶ
255 1557 304 1592 τῆς
326 1557 428 1584 τούτων
444 1557 588 1593 συνηθείας
597 1555 631 1593 ἦς
647 1557 829 1594 ὑψηλότερος
845 1558 949 1594 ’Ἑκαμ-

158 1601 209 1629 πτέ
225 1611 254 1629 σε
270 1603 388 1639 γηραιᾶς
401 1604 501 1639 μητρὸς
515 1603 660 1639 ἐρημία;ἢ
677 1604 722 1630 καὶ
738 1603 797 1630 λίαν
810 1603 948 1639 mappam,

157 1649 196 1680 ὡς
213 1650 342 1684 μέγιστον
358 1650 398 1681 εἰς
425 1650 576 1685 ἀσφάλειαν
601 1649 760 1677 καταλιπὼν
788 1651 883 1682 αὐταῖς
900 1651 948 1685 τὴν

158 1695 311 1727 εὺσὲὃειαν;
336 1695 405 1722 Ἀλλ’
424 1695 516 1731 ἐπειδή
532 1704 564 1729 γε
586 1695 676 1727 καλῶς
698 1695 784 1722 ποιῶν
800 1697 949 1732 ἐπανήκεις

157 1741 233 1776 ἡμῖν,
247 1740 293 1767 καί
307 1749 337 1767 σε
352 1742 409 1772 τοῖς
423 1740 536 1767 ποθοῦσι
553 1740 688 1767 ποθοῦντα
707 1741 787 1768 πάλιν
806 1742 948 1769 ἀπέδωκεν

157 1786 172 1812 ό
186 1785 305 1817 δοξάζων
328 1785 391 1816 τοὺς
412 1784 573 1816 δοξάζοντας
597 1785 693 1817 αὑτὸν,
715 1787 761 1812 καὶ
785 1787 948 1823 παραζηλῶν

155 1832 220 1864 τοὺς
239 1831 473 1866 παραζηλοῦντας,
488 1832 502 1857 ὁ
516 1831 622 1866 θέλημα
644 1832 698 1858 τῶν
711 1832 886 1868 φοϐουμένων
897 1834 948 1860 αὺ-

156 1878 202 1905 τὸν
220 1877 313 1910 ποιῶν,
329 1878 376 1904 καὶ
402 1879 458 1909 τοῖς
483 1879 589 1914 νεκροῖς
611 1878 736 1912 ἐμπνέων
754 1879 918 1906 ἀνάστασιν·
934 1881 949 1906 ὁ

156 1924 282 1960 Λάζαρον
298 1924 346 1960 μὲν
359 1925 557 1960 τετραήμερον,
575 1925 604 1951 σὲ
618 1925 647 1951 δὲ
663 1926 794 1960 τετραετῆ
809 1925 949 1957 ζωοποιῶν

157 1969 222 2005 παρ’
246 1969 366 2000 ἐλπίδας,
389 1969 436 1995 καὶ
460 1968 583 2003 συνάγων
609 1969 675 1995 ὀστᾶ
701 1969 770 2005 πρὸς
796 1970 873 2002 ὀστᾶ,
901 1970 948 1997 καὶ

159 2015 291 2051 ἁρμονίαν
318 2016 385 2051 πρὸς
410 2015 553 2051 ἁρμονίαν.
578 2014 628 2050 τὴν
657 2015 784 2051 Ἰεζεχιὴλ
805 2016 875 2051 ὄψιν,
901 2016 947 2042 τοῦ

158 2061 305 2097 προφητῶν
321 2062 545 2097 Θαυμασιωτάτου
560 2061 607 2087 καὶ
624 2061 790 2097 ὑψηλοτάτου
801 2070 808 2078 ·
825 2062 887 2097 ἔχου
903 2071 948 2097 μοι

157 2106 239 2133 πάλιν
257 2107 306 2142 τῆς
327 2107 411 2142 αὐτῆς
433 2107 574 2141 ἐργασίας,
597 2107 645 2133 καὶ
669 2107 834 2142 παρρησίας,
851 2108 894 2134 ἵνα.
911 2108 947 2144 μὴ

157 2152 236 2189 δόξῃς
250 2153 415 2187 ὲγκεκόφθαι
435 2155 492 2184 τοῖς
509 2152 619 2185 πάθεσι,
637 2153 705 2188 μηδὲ
728 2154 878 2189 προδιδόναι
892 2154 948 2181 δει-

157 2197 202 2234 λίᾳ
219 2198 274 2234 (68)
289 2190 340 2234 τὴν
355 2198 524 2233 φιλοσοφίαν.

1002 1556 1058 1582 cios
1072 1555 1213 1582 habebas?
1228 1555 1269 1582 An
1289 1555 1369 1590 hujus
1383 1563 1490 1591 quoque
1503 1557 1541 1584 rei
1557 1559 1698 1591 penuriam
1714 1566 1791 1593 :cquo

999 1601 1089 1627 animo
1109 1600 1234 1628 ferebas?
1262 1600 1357 1628 Utrum
1378 1609 1514 1635 sororum,
1527 1604 1791 1637 quas,etcastitatis

999 1652 1026 1674 et
1060 1647 1226 1676 fortitudinis
1263 1653 1344 1682 atque
1383 1648 1545 1675 constantia:
1579 1649 1668 1676 socias
1704 1650 1788 1677 habe-

999 1694 1063 1726 bas,
1093 1693 1229 1720 desiderio
1254 1693 1408 1720 tenebaris?
1436 1694 1476 1720 An
1507 1699 1601 1721 contra
1632 1695 1791 1724 sublimiore

999 1739 1089 1766 animo
1105 1747 1175 1770 eras,
1194 1747 1274 1773 qttatn
1300 1744 1329 1766 ut
1344 1747 1437 1766 earum
1459 1741 1682 1767 consuetudinem
1706 1747 1790 1776 atque

1002 1786 1156 1812 c0nvictum
1178 1785 1348 1819 requireres?
1364 1785 1459 1813 Utrum
1477 1790 1502 1812 te
1517 1786 1612 1813 matris
1629 1792 1709 1814 tetate
1724 1795 1790 1816 con-

999 1830 1078 1858 fecta:
1092 1831 1209 1858 solitudo
1222 1831 1365 1859 ﬂectebat?
1381 1831 1422 1858 An
1437 1832 1525 1866 potius
1549 1833 1656 1860 firmum
1670 1841 1701 1861 ac
1719 1842 1788 1869 prte-

999 1876 1127 1904 fidentem
1148 1877 1266 1904 animttm
1279 1878 1403 1912 gerebas,
1413 1883 1442 1904 ut
1454 1878 1500 1912 qui
1513 1878 1650 1912 pietatem,
1661 1886 1788 1916 tanquattt

999 1924 1148 1951 maximum
1171 1925 1233 1950 vita:
1256 1924 1422 1959 prtesidium,
1437 1924 1474 1951 illi
1490 1925 1667 1959 reliqttisses?
1692 1926 1785 1954 Enim-

998 1978 1074 2004 vero,
1089 1970 1197 2006 quando
1218 1975 1253 2004 te,
1269 1974 1298 1997 ut
1318 1978 1367 2005 par
1383 1975 1454 2003 erat,
1472 1973 1505 1998 ad
1517 1979 1567 1998 nos
1581 1973 1720 2007 recepisti,
1745 1979 1788 2001 at-

999 2025 1051 2052 que
1072 2018 1126 2049 ille,
1142 2017 1187 2052 qtti
1216 2017 1399 2051 glorificantes
1426 2024 1456 2044 se
1473 2017 1606 2051 gloriﬁeat
1619 2019 1654 2052 ⁸³,
1672 2024 1700 2046 et
1723 2019 1788 2047 irri-

999 2069 1087 2092 tantes
1106 2071 1134 2091 se
1152 2064 1241 2091 irritat
1257 2063 1300 2097 I";
1336 2069 1375 2096 et,
1403 2063 1571 2092 voluntatem
1593 2065 1744 2093 timentium
1759 2073 1789 2093 se

999 2111 1064 2138 facit
1078 2111 1113 2141 ".
1127 2115 1153 2138 et
1172 2110 1287 2137 mortuis
1309 2117 1404 2137 rursus
1423 2111 1505 2138 vitam
1534 2111 1666 2145 inspirat;
1686 2113 1742 2146 qui,
1758 2118 1788 2138 ut

999 2157 1143 2189 Lazarum,
1159 2156 1303 2191 quatriduo
1318 2161 1458 2191 postquam
1477 2164 1492 2184 e
1506 2157 1560 2183 vita
1576 2157 1737 2193 migraverat
1752 2153 1785 2191 δ’,

963 2212 986 2240 ι)
1000 2205 1039 2231 sic
1054 2209 1080 2230 te
1098 2207 1158 2238 post
1181 2202 1388 2238 quadriennium
1413 2208 1510 2236 praeter
1525 2203 1645 2230 omnium
1665 2211 1738 2238 spem
1753 2204 1787 2231 ad

1004 2250 1085 2275 vitam
1101 2247 1247 2280 revocavit,
1260 2247 1402 2282 qui,juttta
1418 2247 1578 2281 Ezechielis,
1593 2249 1786 2283 prophetarum

157 2302 278 2329 omnium
309 2301 425 2328 maxime
454 2300 622 2328 adtttirabilis
654 2304 681 2327 et
697 2299 806 2332 excelsi,
833 2300 976 2333 visionem,
994 2305 1056 2326 ossa
1079 2304 1140 2324 cum
1155 2296 1272 2328 ossibus,
1285 2300 1312 2323 et
1332 2303 1488 2330 compagem
1508 2303 1569 2323 cttm
1582 2303 1712 2331 compage
1725 2304 1789 2325 con-

158 2349 243 2375 nectit
258 2348 291 2380 ",
309 2347 526 2375 desiderantibus
542 2347 620 2374 nobis
634 2347 834 2374 desiderantem
850 2351 874 2373 te
889 2347 1004 2374 reddidit
1022 2354 1029 2372 :
1047 2344 1090 2372 fac
1124 2344 1150 2370 in
1178 2343 1273 2370 iisdem
1301 2342 1364 2369 vita:
1391 2341 1498 2374 studiis,
1535 2346 1562 2369 et
1599 2343 1693 2370 eadetn
1731 2344 1789 2370 oris

159 2392 284 2420 libertate
301 2400 468 2427 perseveres,
488 2399 521 2419 ne
536 2393 636 2427 alioqui
660 2392 859 2419 calamitatibus
886 2392 989 2419 fractus
1023 2397 1053 2418 ac
1089 2388 1245 2417 debilitatus
1264 2395 1336 2421 esse,
1372 2395 1404 2415 ac
1437 2387 1634 2422 philosophiam
1652 2389 1687 2415 ob
1710 2389 1786 2424 igna-

158 2439 228 2466 viam
246 2439 396 2473 prodidisse
411 2439 538 2466 videaris.

193 2509 217 2525 "
233 2509 243 2536 Ι
258 2509 325 2545 Reg.
341 2517 372 2542 tt,
387 2509 433 2536 30.
472 2508 494 2524 “
508 2508 586 2535 Deut.
602 2515 690 2541 xxxtt,
714 2506 759 2535 2|.
799 2507 822 2523 "
849 2507 918 2534 Psal.
945 2514 960 2534 c

1001 2512 1036 2538 tv,
1062 2504 1104 2532 19.
1131 2503 1163 2548 ,δε
1180 2502 1258 2530 Joan.
1274 2509 1312 2533 ιι,
1327 2501 1390 2529 59.-
1409 2499 1431 2516 ⁸⁷
1442 2499 1540 2528 Ezech.
1567 2507 1670 2534 xum,
1687 2500 1715 2528 4.

193 2599 247 2635 (60)
265 2597 426 2634 Εὑγενοῦς.
453 2597 520 2632 Reg.
538 2597 592 2629 hut,
616 2595 776 2631 συγγενοῦς,
806 2605 815 2621 t
828 2603 945 2622 consau-

176 2643 293 2661 llllleillll.
309 2644 318 2660 ν

157 2642 385 2705 gniiiiinibémp
399 2667 442 2694 δέ.
459 2667 506 2695 Sic
527 2671 581 2694 tres
605 2666 699 2701 llcgg.,
716 2666 762 2694 0r.
777 2667 803 2698 1,
821 2665 944 2693 Combef.

156 2703 276 2731 Deest'aé
293 2705 317 2730 itt
332 2707 397 2730 edn.

194 2740 250 2774 (62)
270 2739 465 2772 Στηλιτεύεις.
484 2737 528 2774 Sic
544 2737 609 2774 Reg.
626 2745 652 2768 a,
667 2736 714 2764 Or.
727 2736 751 2769 l,
766 2736 852 2768 Pass,
866 2736 945 2763 Com-

156 2771 222 2807 bel.,
239 2775 297 2801 Bas.
316 2771 343 2800 lu
358 2775 434 2805 cdit.,
452 2771 646 2808 στηλιτεύσεις.

193 2810 249 2845 (65)
277 2809 304 2835 '0
318 2807 479 2845 μηδεμίαν,
489 2806 547 2845 etc.
566 2808 678 2845 Pulchre
695 2806 859 2845 Augustinus
873 2811 940 2845 tom.

157 2841 269 2880 Yfpa'g.
293 2841 370 2880 tibi,
395 2841 455 2870 hac
476 2843 512 2880 de
536 2843 616 2880 re‘_'t_n
645 2842 726 2868 natali
751 2841 879 2880 Cypriani
903 2841 942 2868 sic

157 2877 275 2914 loquitur
295 2888 302 2905 :
324 2889 333 2904 ι
351 2879 379 2905 Si
398 2879 497 2913 quaeris
521 2877 665 2914 exsiliunt,
687 2883 740 2910 quo
767 2877 939 2914 Christianus

154 2912 280 2949 iubeatur
297 2915 335 2942 ire
346 2923 361 2951 ,ι
381 2912 467 2950 prius,
482 2913 504 2940 si
522 2918 608 2947 potes,
625 2912 715 2940 iuveni
734 2913 803 2939 unde
818 2912 941 2939 Christus

996 2600 1108 2630 cogatur
1123 2593 1209 2621 exire.
1231 2593 1267 2620 De
1291 2592 1378 2630 patria
1403 2600 1453 2630 sua
1475 2592 1501 2630 in
1519 2591 1634 2630 alienant
1660 2595 1686 2617 te
1710 2591 1784 2617 arbi-

997 2626 1077 2657 tra'ris
1096 2629 1390 2657 excluderehominem
1408 2627 1465 2656 Dei.
1481 2628 1507 2653 in
1524 2626 1634 2653 Christo
1651 2634 1784 2660 nusquam

995 2665 1128 2693 exsulem.
1145 2665 1171 2690 itt
1189 2671 1272 2689 carne
1288 2664 1386 2697 ubique
1403 2663 1586 2697 peregrinum.
1606 2670 1616 2686 ι

1031 2700 1088 2736 (61)
1108 2701 1169 2726 Σοι.
1185 2698 1294 2736 Qoislil
1309 2694 1428 2736 (ξι-Ῥίιεὲἶ
1443 2694 1546 2723 addunt
1559 2694 1606 2736 ᾕν.

1031 2730 1086 2770 (65)
1107 2734 1232 2768 Εὑαγές.
1257 2733 1304 2760 0r.
1328 2732 1341 2759 1
1369 2739 1396 2759 et
1419 2732 1511 2764 Pass,
1540 2730 1667 2765 εὐγενές,
1699 2735 1726 2758 et
1749 2731 1783 2758 ad

996 2769 1217 2806 ιιι;ιι·ις.,εὑοιγὲςΓ
1277 2802 1303 2806 __
1361 2803 1366 2806 _
1429 2802 1445 2806 _

1032 2800 1092 2841 (66)
1110 2800 1253 2841 Testetur.-
1276 2802 1323 2841 Sic
1346 2803 1403 2841 _t_lno
1429 2802 1524 2841 ltegg._,
1549 2800 1632 2828 Coisl.
1648 2801 1674 2834 l,
1691 2800 1739 2829 0r.
1756 2801 1782 2834 1,

995 2837 1084 2872 Pass,
1098 2846 1124 2867 et
1138 2838 1266 2875 (lottt_hel'._
1277 2839 1303 2864 In
1319 2838 1396 2875 edit“
1410 2837 1569 2875 rshsu:ﬁv._
1606 2869 1612 2875 _

1034 2876 1086 2908 ’67)
1108 2874 1159 2902 Καὶ
1176 2873 1241 2906 τήν.
1260 2873 1287 2900 ltt
1302 2873 1474 2908 quibusdam,
1489 2872 1569 2900 κάκεῖ
1582 2872 1644 2907 τήν.

1031 2912 1087 2947 (68)
1108 2910 1217 2944 Δειλίᾳ.
1231 2909 1308 2937 Pass.
1321 2908 1395 2935 addit
1410 2907 1474 2935 τινί.
