2060 3140
256 168 326 196 1219

288 225 371 262 468
392 223 451 252 XV.
473 222 618 251 Gentilium
642 221 873 256 superstitionem.
900 226 925 248 et
949 227 1041 248 eorum
1057 221 1080 250 Α

253 272 299 306 qui
317 271 409 306 plures
437 269 503 296 deos
519 267 621 299 colunt,
638 267 813 302 impietatem,
838 272 866 293 nt
882 267 965 301 prius,
981 274 1043 293 con-

254 318 321 350 l‘uta,
337 321 364 343 et
381 320 487 343 veteres
501 321 532 342 ac
549 321 633 341 novos
649 314 726 345 deos,
738 317 764 340 et
779 314 912 340 obscenas
928 312 1040 345 tabulas,

254 369 281 390 et
298 361 458 390 obsceniora
477 359 621 387 sacrilicia.
632 366 725 385 eorum
746 359 792 393 qui
807 358 864 384 luto
880 357 964 384 lutum
977 364 1042 391 ptir-

254 415 330 443 gant,
363 411 393 434 ut
416 413 448 433 ex
469 406 586 440 quodam
609 405 717 432 illorum
733 404 834 436 audivi,
851 402 1043 430 brutorumin-

254 459 311 481 star
321 453 498 480 animantium
508 451 667 486 corporibus
677 457 790 484 corpora
801 457 847 476 sua
858 449 1041 484 purgantium,

253 504 280 527 et
309 499 463 526 veneranda
490 498 627 532 ﬁgmenta.
656 501 683 523 et
706 496 846 522 indecoras
870 494 1040 530 praestigias;

255 545 365 580 quibus,
383 545 405 572 si
421 544 590 572 divinitatem
606 542 751 574 deﬁniunt,
763 549 780 568 0
798 541 912 568 miseros
929 545 957 567 et
980 547 1044 574 per-

255 591 326 617 ditos
344 589 481 617 homines!
502 588 524 616 si
536 592 626 614 autem
643 595 702 614 eam
719 586 873 621 designant,
887 593 903 612 ο
928 585 1044 612 inl’elici-

255 636 318 663 tatis
336 634 489 662 cumulum!
511 634 534 661 si
560 638 651 660 autem
675 632 808 663 indicant,
837 639 853 658 ο
875 632 1042 665 singularem

255 681 414 710 stultitiam!
437 681 557 708 Doceant
573 678 658 711 enim,
672 686 731 712 qua:
744 678 824 710 ratio,
841 678 912 712 quod
931 676 1044 711 turpitu-

256 727 327 754 dinis
342 726 424 757 illius,
442 732 494 760 qua
520 725 546 751 in
574 723 728 758 hujusmodi
751 723 832 750 rebus
857 727 979 754 utuntur,
1000 729 1045 748 ar-

255 771 372 799 canum?
390 770 493 798 Debent
508 770 580 797 enim
596 769 660 804 ipsa:
676 775 783 802 quoque
798 775 891 794 rerum
918 767 1045 793 honesta-

257 825 313 844 rum
331 815 539 852 signilicationus
566 819 593 840 et
617 813 721 848 species
744 812 908 846 turpitudine
935 818 1042 838 vacare.

256 863 333 895 Quod
351 862 374 889 si
389 861 461 888 aliud
483 860 611 895 quiddam
632 863 765 894 praeterea
778 865 839 884 esse
865 857 1042 889 contendunt,

857 165 886 190 S.
908 159 1073 189 GREGORII
1093 156 1267 187 'l'ﬂEOLOGl

1811 154 1878 181 mo

1130 218 1180 244 lE'.
1201 217 1299 252 Σύγχει
1315 217 1365 250 μὲν
1379 216 1426 243 καὶ
1439 215 1487 250 τὴν
1511 214 1644 250 Ἐλλήνων
1658 213 1879 249 δεισιδαιμονίαν,

1092 266 1130 297 ὡς
1147 264 1288 300 πρότερον,
1313 263 1360 290 καὶ
1379 263 1428 299 τὴν
1449 261 1578 288 πολύθεον
1602 260 1691 287 αὐτῶν
1713 260 1817 292 ἁθεΐαν,
1832 260 1881 286 καὶ

1092 311 1155 342 τοὺς
1165 310 1294 341 παλαιοὺς
1305 309 1382 340 θεοὺς
1392 308 1439 335 καὶ
1449 308 1512 338 τοὺς
1524 307 1609 338 νέους,
1622 306 1740 338 καὶτοὺς
1750 305 1881 341 αἰσχροὺς

1094 356 1207 391 μύθους,
1228 355 1275 382 καὶ
1295 354 1344 386 τὰς
1370 353 1549 388 αὶσχροτέρας
1575 351 1671 384 θυσίας
1696 351 1774 387 πηλῷ
1796 351 1881 386 πηλὸν

1093 401 1287 436 καθαιρόντων,
1310 401 1348 434 ὡς
1367 401 1455 428 αὐτῶν
1469 409 1541 432 τινος
1556 399 1610 435 (69)
1626 399 1749 432 λέγοντος
1763 397 1879 433 ἤκουσα,

1091 448 1164 482 λέγω
1177 447 1208 483 δὴ
1223 447 1330 482 σώμασι
1351 447 1465 482 σώματα
1483 447 1538 478 τοῖς
1553 445 1606 472 τῶν
1628 444 1732 478 ἀλόγων
1751 443 1828 475 ζώων
1845 442 1881 469 τὰ

1092 493 1207 525 ἑαυτῶν,
1218 493 1265 519 καὶ
1279 493 1313 520 τὰ
1328 492 1414 528 σεμνὰ
1429 491 1576 527 πλάσματα
1597 490 1664 526 (70),
1680 490 1727 516 καὶ
1743 489 1776 515 τὰ
1792 489 1880 523 ἀσχή-

1093 548 1161 576 μονα
1174 538 1362 574 τερατεύματα
1371 547 1377 553 ·
1388 535 1428 570 οἷς
1440 539 1463 564 εἰ
1476 538 1525 572 μὲν
1534 537 1564 563 τὸ
1574 537 1651 563 Θεῖον
1664 536 1718 571 (71)
1732 535 1878 570 ὁρίζονται,

1093 585 1142 621 τῆς
1169 584 1377 620 κακοδαιμονίας
1389 592 1395 599 ·
1421 585 1445 610 εἰ
1461 583 1489 609 δὲ
1511 581 1748 618 παραδεικνύουσι,
1767 581 1816 616 τῆς
1834 581 1880 606 εὑ-

1095 630 1198 666 ηθείας.
1211 630 1414 656 Διδασκέτωσαν
1429 629 1493 664 γὰρ,
1509 629 1550 660 τίς
1566 629 1580 654 ὁ
1591 628 1678 662 λόγος,
1691 627 1772 654 καὶτί
1785 627 1816 653 τὸ
1828 626 1879 660 τῆς

1094 676 1289 712 ἀσχημοσύνης
1309 676 1358 711 τῆς
1383 676 1448 712 περὶ
1472 675 1558 702 ταῦτα
1582 675 1747 710 μυστήριον;
1767 673 1808 699 δεῖ
1825 673 1880 709 γὰρ

1095 722 1162 758 μηδὲ
1178 722 1228 753 τὰς
1244 721 1377 757 ἐμφάσεις
1399 721 1453 747 τῶν
1476 721 1576 752 καλῶν,
1602 720 1631 746 τὸ
1656 720 1767 755 αἱσχρδν
1796 719 1879 754 ἔχειν.

1093 768 1125 794 Εἰ
1138 767 1165 794 δὲ
1180 767 1242 794 ἄλλο
1256 776 1282 794 τι
1299 767 1374 802 παρὰ
1390 767 1476 794 ταῦτα
1501 765 1569 794 εἷναί
1586 775 1663 801 φασι,
1674 766 1699 792 τί
1714 765 1801 797 τοῦτο,
1819 774 1879 791 πει-

1093 812 1224 844 θέτωσαν,
1252 813 1298 839 καὶ
1320 813 1352 839 ἐκ
1369 813 1452 839 ποίων
1473 813 1570 847 λόγων,
1589 812 1605 847 ἢ
1625 811 1765 845 θεολόγων.
1782 810 1879 846 Σύγχει

1093 859 1122 885 δὲ
1134 858 1242 890 καὶτὰς
1255 859 1309 885 τῶν
1325 858 1457 894 αἱρέσεων
1473 858 1681 890 ἐπαναστάσεις,
1698 858 1745 884 καὶ
1761 857 1881 891 τοσούτῳ

256 909 320 942 quid
337 908 389 935 hoc
403 906 439 934 sit
456 907 579 941 probent,
594 905 747 940 quibusque
763 911 796 930 ex
815 902 892 929 libris
911 906 940 928 et
964 902 1042 928 theo-

1097 904 1266 940 θερμότερον,
1281 905 1335 939 ὅσῳ
1355 904 1555 941 προπέπονθας.
1572 904 1760 939 Γενναιὸτερον
1778 903 1832 939 γὰρ
1849 904 1881 929 ἐκ

257 952 323 986 logis
333 951 479 982 hauserint,
492 949 654 978 ostendant?
668 948 728 975 .lam
742 947 939 981 insurgentium
956 946 1037 973 ctiam

257 999 388 1025 Itaircsum
414 996 529 1031 impetus
547 995 650 1030 frange,
678 994 757 1028 idque
781 1001 813 1020 co
832 993 914 1020 etiam
941 993 1040 1024 acrius,

257 1043 326 1078 quod
340 1043 396 1077 jam
413 1042 529 1069 antehac
543 1041 568 1068 in
583 1039 750 1068 cruciatibus
768 1044 892 1066 versatus
913 1046 953 1065 es.
977 1038 1042 1066 Phi-

257 1089 410 1124 losophicus
430 1088 502 1115 enim
529 1087 634 1114 animus
657 1094 690 1113 ex
717 1092 760 1117 eo,
778 1085 848 1119 quod
873 1093 968 1120 passus
991 1086 1037 1116 sit,

257 1133 414 1169 generosior
425 1132 556 1164 redditur,
571 1136 663 1166 atque.
675 1135 705 1157 ut
719 1130 839 1157 candens
855 1129 956 1158 ferrum
969 1137 1038 1164 aqua

259 1180 365 1216 frigida,
383 1180 418 1207 ita
435 1179 563 1214 periculis
587 1178 752 1205 obdurescit.
770 1177 840 1210 Quin
864 1177 973 1211 pietatis
988 1184 1040 1203 no-

258 1232 322 1253 stra:
338 1224 487 1252 doctrinam
518 1223 674 1256 praescribe,
705 1223 744 1250 sic
767 1229 816 1249 nos
844 1221 998 1253 instituens,
1014 1225 1044 1247 ut

259 1272 342 1299 Deum
358 1278 438 1298 unum
454 1270 601 1305 ingenitum
626 1275 818 1304 agnoscamus,
842 1268 894 1294 hoc
909 1272 960 1299 est,
986 1266 1040 1293 Pa-

260 1324 327 1345 trem
343 1327 350 1345 :
367 1324 448 1344 unum
465 1316 527 1343 item
544 1316 664 1350 genitum
687 1315 840 1344 Dominum,
859 1312 955 1340 Filium
970 1311 1044 1338 vide-

260 1364 333 1397 licet,
343 1363 389 1398 qui
407 1362 477 1389 Deus
489 1361 596 1396 quidem
612 1361 772 1395 appellatur,
786 1367 847 1386 cum
868 1359 901 1386 de
919 1365 952 1385 eo
967 1365 1045 1392 sepa-

259 1409 339 1437 ratim
352 1415 441 1437 sermo
457 1412 509 1440 est,
523 1407 653 1434 Dominus
671 1412 774 1438 autem,
791 1405 899 1440 quando
912 1412 973 1432 cum
991 1404 1044 1432 Pa-

261 1462 301 1484 tre
319 1455 490 1486 nominatur;
515 1453 580 1480 illud
605 1457 717 1487 propter
737 1456 874 1483 naturam,
901 1451 953 1478 hoc
980 1457 1042 1485 pro—

261 1506 320 1537 pter
334 1501 442 1527 unicum
462 1498 612 1526 divinitatis
629 1497 808 1532 principatum
826 1505 834 1523 :
855 1504 937 1523 unum
963 1495 1042 1522 deni-

260 1553 314 1581 que
329 1545 460 1579 Spiritum
479 1548 613 1576 sanctum,
640 1551 655 1569 a
683 1542 763 1570 Patre
789 1542 978 1577 procedentem
999 1546 1044 1568 aut

1094 950 1141 977 τοῦ
1155 951 1293 977 παθεῖντὸ
1312 950 1466 985 φιλόσοφον,
1484 950 1578 986 ὥσπερ
1593 949 1688 986 ψυχρῷ
1708 949 1816 984 σίδηρος
1830 948 1881 983 ἔμ-

1095 1005 1191 1032 πυρος,
1207 996 1278 1023 οὕτω
1295 998 1351 1028 τοῖς
1371 996 1503 1029 κινδύνοις
1519 996 1712 1032 στομούμενον.
1730 995 1835 1031 Ὀρίζου
1853 995 1882 1021 δὲ

1095 1043 1142 1070 καὶ
1162 1043 1212 1078 τὴν
1229 1042 1366 1078 ἡμετέραν
1379 1042 1529 1074 εὐσέϐειαν,
1544 1042 1674 1069 διδάσκων
1687 1042 1735 1069 ἕνα
1752 1042 1800 1077 μὲν
1814 1040 1882 1067 εἱδέ-

1095 1097 1139 1115 ναι
1163 1088 1228 1114 Θεὸν
1248 1089 1405 1124 ἀγέννητον,
1425 1088 1470 1115 τὸν
1494 1088 1620 1124 Πατέρα·
1640 1088 1686 1113 ἕνα
1705 1087 1732 1113 δὲ
1754 1086 1882 1121 γεννητὸν

1095 1135 1208 1170 Κύριον,
1230 1134 1275 1160 τὸν
1297 1134 1370 1161 Υἱόν¹
1393 1134 1459 1161 Θεὸν
1479 1134 1538 1170 μὲν,
1567 1134 1631 1160 ὅταν
1654 1132 1820 1160 καθ’ἑαυτὸν
1838 1132 1882 1158 λέ-

1096 1189 1189 1215 γηται,
1220 1180 1503 1216 προσαγορευόμενον’
1530 1180 1631 1215 Κύριον
1658 1179 1697 1212 δὲ,
1724 1179 1787 1206 ὅταν
1813 1178 1882 1214 μετᾶ

1096 1224 1203 1260 Πατρὸς
1218 1224 1400 1260 ὀνομάζηται·
1418 1226 1448 1252 τὸ
1463 1226 1511 1261 μὲν
1523 1226 1567 1252 διὰ
1584 1225 1633 1261 τὴν
1651 1227 1740 1260 φύσιν,
1755 1224 1785 1251 τὸ
1796 1224 1824 1251 δὲ
1839 1225 1883 1251 διὰ

1097 1270 1146 1305 τὴν
1164 1270 1319 1306 μοναρχίαν.
1339 1271 1387 1297 Ἓν
1403 1271 1431 1297 δὲ
1456 1271 1567 1306 Πνεῦμα
1591 1271 1678 1305 ἆγιον,
1701 1270 1829 1306 προελθὸν
1851 1271 1884 1297 ἐκ

1096 1316 1143 1342 τοῦ
1161 1317 1277 1352 Πατρὸς,
1299 1317 1315 1353 ἢ
1337 1317 1384 1344 καὶ
1401 1317 1509 1353 προϊὸν·
1534 1317 1609 1350 Θεὸν,
1631 1319 1687 1349 τοῖς
1709 1316 1810 1352 νοητῶς
1827 1317 1882 1352 (72)

1097 1362 1186 1388 νοοῦσι
1205 1363 1239 1390 τὰ
1263 1364 1471 1399 παρακείμενα·
1493 1365 1550 1396 τοῖς
1575 1364 1624 1398 μὲν
1643 1363 1753 1389 ἀσεϐέσι
1772 1363 1819 1389 καὶ
1833 1372 1883 1389 πο-

1097 1408 1276 1444 λεμούμενον,
1305 1411 1362 1441 τοῖς
1385 1410 1413 1436 δὲ
1438 1410 1507 1446 ὑπὲρ
1526 1410 1636 1441 τούτους
1654 1409 1806 1444 νοούμενον,
1828 1411 1884 1440 τοῖς

1099 1455 1364 1490 πνευματικωτέροις
1383 1455 1411 1482 δὲ
1430 1456 1476 1482 καὶ
1497 1455 1650 1491 λεγόμενον.
1672 1455 1747 1490 Μὴτε
1763 1454 1814 1481 ὑπὸ
1835 1454 1886 1489 ἁρ-

1098 1499 1148 1534 χὴν
1164 1500 1219 1534 (75)
1235 1502 1320 1527 ποιεῖν
1336 1501 1380 1527 τὸν
1404 1501 1522 1536 Πατέρα,
1552 1501 1595 1527 ἵνα
1620 1501 1656 1537 μὴ
1669 1501 1716 1527 τοῦ
1736 1500 1843 1536 πρώτου
1859 1509 1884 1526 τι

1099 1544 1206 1580 πρῶτον
1223 1546 1279 1581 (74)
1298 1546 1498 1582 εἰσαγάγωμεν,
1522 1546 1552 1579 ἐξ
1577 1542 1608 1573 οὗ
1629 1547 1675 1574 καὶ
1693 1547 1723 1573 τὸ
1742 1545 1812 1573 εἶναι
1828 1546 1884 1581 (75)

260 1593 342 1620 etiam
361 1590 548 1625 prodeuntem,
560 1589 643 1616 Deum
659 1595 765 1623 quoque
780 1587 881 1622 ipsum,
899 1588 968 1622 apud
985 1595 1043 1620 eos,

1097 1591 1197 1627 πρώτῳ
1219 1593 1472 1628 περιτραπήσετσιι·
1499 1594 1567 1628 μήτε
1588 1593 1704 1629 ἄναρχον
1723 1592 1768 1620 τὺν
1788 1592 1851 1619 Υἱὺν
1868 1592 1884 1628 ἢ

260 1636 307 1671 qui
324 1643 366 1667 ea,
382 1641 441 1670 qua:
457 1634 607 1668 propinqua
630 1637 705 1664 sunt,
728 1632 850 1668 apprime
880 1633 1044 1667 intelligunt,

259 1681 306 1718 qu’
319 1681 353 1708 ab
366 1679 455 1715 impiis
470 1679 578 1713 quidem
594 1678 674 1705 etiam
692 1682 873 1712 oppugnatur,
892 1678 926 1705 ab
951 1678 983 1704 iis
997 1685 1046 1704 au-

267 1733 335 1760 tem,
351 1726 396 1761 qui
410 1733 490 1760 supra
506 1731 552 1752 eos
567 1728 724 1758 assurgunt,
738 1724 828 1750 animo
843 1728 870 1750 et
885 1728 974 1750 mente
984 1731 1050 1750 cou-

263 1775 372 1809 cipitur,
389 1772 423 1799 ab
439 1772 472 1799 iis
487 1779 563 1804 vero,
577 1771 622 1806 qui
634 1770 719 1806 magis
733 1770 867 1805 spiritales
878 1775 950 1802 sunt,
962 1770 1044 1797 etiam

263 1820 432 1855 pratdicatur.
445 1818 510 1845 Illud
525 1817 589 1845 item
606 1817 762 1852 praescribe,
776 1822 805 1843 ut
821 1823 870 1843 nec
884 1816 957 1843 Patri
971 1817 1048 1851 prin-

263 1867 362 1901 cipium
378 1865 539 1897 tribuamus,
552 1871 585 1891 ne
599 1863 662 1896 quid
680 1863 768 1898 primo
782 1863 857 1897 prius
873 1862 1043 1896 inducamus,

263 1920 297 1940 ex
315 1919 369 1947 quo
388 1911 471 1938 etiam
486 1910 525 1944 id,
539 1909 611 1941 quod
628 1909 745 1943 primum
759 1914 810 1941 e51,
825 1909 914 1943 perire
935 1916 1046 1937 necesse

1094 1636 1123 1663 τὸ
1138 1637 1250 1672 Πνεῦμα
1265 1637 1296 1664 τὸ
1317 1637 1405 1673 ἆγιον,
1431 1639 1474 1666 ἵνα
1499 1640 1536 1675 μὴ
1564 1639 1594 1665 τὸ
1619 1639 1724 1674 Πατρὺς
1743 1637 1798 1675 (76)
1821 1638 1886 1664 ἴδιον

1097 1683 1275 1718 περιέλωμεν.
1301 1684 1357 1711 Οὐκ
1377 1685 1482 1721 ἄναρχα
1504 1686 1568 1721 γὰρ,
1586 1685 1632 1711 καὶ
1655 1684 1761 1720 ἄναρχά
1780 1693 1854 1715 πως·
1873 1685 1887 1710 ὃ

1101 1729 1148 1755 καὶ
1164 1729 1323 1764 παράδοξον.
1341 1731 1397 1757 υὺκ
1417 1732 1522 1768 ἄναρχα
1538 1732 1587 1767 μὲν
1601 1730 1655 1766 γὰρ
1669 1730 1708 1765 τῷ
1721 1729 1798 1765 αἰτίῳ
1813 1730 1868 1764 (77)
1878 1739 1884 1745 -

1100 1775 1132 1801 ὲκ
1147 1774 1213 1801 Θεοῦ
1226 1774 1289 1811 γὰρ,
1302 1776 1327 1802 εἰ
1341 1777 1388 1803 καὶ
1401 1777 1438 1813 μὴ
1454 1778 1512 1813 μετ’
1525 1777 1615 1809 αὐτὸν,
1628 1777 1664 1808 ὡς
1680 1776 1709 1808 ἐξ
1719 1776 1794 1812 ἡλίου
1810 1775 1868 1810 φῶς
1877 1785 1884 1791 ·

1101 1821 1207 1857 ἄναρχα
1222 1822 1250 1848 δὲ
1263 1822 1302 1858 τῷ
1316 1823 1412 1859 χρόνῳ.
1428 1823 1465 1850 Οὐ
1486 1823 1540 1858 γὰρ
1560 1823 1612 1850 ὑπὸ
1630 1822 1735 1858 χρόνον,
1749 1822 1791 1848 ἵνα
1806 1822 1844 1857 μὴ
1857 1822 1887 1848 τὸ

1103 1865 1194 1904 ῥέονῇ
1211 1868 1266 1895 τῶν
1286 1869 1410 1895 ἑστώτων
1430 1868 1624 1905 πρεσϐύτερον,
1651 1868 1698 1895 καὶ
1718 1867 1771 1894 τῶν
1788 1867 1886 1894 οὐσιῶν

1100 1913 1131 1940 τὸ
1142 1913 1276 1942 ἀνούσιον.

264 1958 315 1989 Sil;
338 1964 388 1984 nec
404 1956 500 1984 Filium
530 1960 557 1983 et
589 1954 718 1990 Spiritum
751 1959 874 1982 sanctum
898 1955 1023 1991 principii
1047 1965 1171 1994 expertes
1195 1968 1255 1989 esse
1280 1967 1441 1995 astruamus,
1460 1969 1493 1989 ne
1505 1962 1590 1992 Patri.
1613 1961 1638 1989 id
1654 1961 1724 1996 quod
1754 1961 1804 1996 ipsi
1826 1968 1888 1995 pro-

265 2003 353 2038 prium
367 2006 419 2035 est,
443 2002 602 2029 adimamus.
637 2000 676 2028 llli
708 2000 807 2035 quippe
825 2006 852 2028 et
886 2001 1019 2036 principio
1046 2005 1158 2033 tninime
1172 2012 1276 2042 carent,
1292 2012 1319 2035 et
1332 2008 1449 2043 quodam
1475 2008 1555 2035 modo
1576 2013 1692 2035 carent:
1720 2008 1791 2042 quod
1819 2014 1886 2034 sane

265 2048 337 2075 (Ιίεῑυ
354 2048 452 2075 ῐηῖτυῐη
466 2053 517 2076 051-
536 2047 594 2075 Νοῐι
617 2048 701 2080 θηῖῐην
717 2052 847 2082 quantum
875 2048 908 2074 ad
932 2055 1055 2084 causam,
1091 2051 1172 2087 467
1206 2054 1341 2089 principio
1360 2059 1475 2082 carent:
1492 2062 1524 2082 ex
1551 2054 1607 2082 Deo
1633 2054 1705 2082 enim
1728 2059 1800 2086 sunt,
1826 2054 1889 2080 licet

266 2102 319 2122 "0“
337 2099 396 2130 905‘
415 2096 514 2130 ῐρειιιη,
542 2095 769 2130 quemadmodum
794 2102 828 2122 ex
862 2095 920 2123 50le
946 2096 1035 2126 lumen
1060 2107 1068 2126 :
1088 2100 1134 2126 sed
1151 2107 1280 2134 quantum
1303 2103 1335 2129 ad
1371 2108 1488 2137 tempus,
1516 2103 1641 2138 principii
1664 2107 1726 2130 sunt
1747 2106 1884 2135 expertes.

267 2141 322 2170 Nec
336 2142 408 2170 enim
426 2141 539 2176 tempori
568 2140 681 2175 subjecti
711 2144 783 2174 sunt,
806 2147 839 2168 ne
858 2143 930 2176 quod
953 2143 1054 2170 ﬂuxum
1073 2148 1126 2177 est,
1140 2144 1174 2172 iis
1191 2153 1250 2180 qum
1265 2148 1370 2175 stabilia
1383 2152 1456 2181 sunt,
1491 2153 1518 2176 et
1537 2148 1608 2182 quod
1627 2155 1680 2174 non
1711 2151 1763 2180 est,
1777 2147 1810 2173 iis
1827 2155 1887 2181 qua:

266 2194 341 2223 sunt,
352 2189 427 2224 prius
436 2193 516 2223 atque
533 2188 669 2223 antiquius
684 2188 729 2215 sit.

303 2234 372 2262 XVI.
387 2233 441 2261 Nec
459 2234 521 2261 item
536 2233 588 2261 tria
616 2233 748 2268 principia
775 2234 982 2269 constituamus,
1010 2244 1043 2264 ne

304 2322 359 2356 (69)
382 2323 474 2357 Τινος.
493 2320 656 2349 Heraclitum
671 2322 804 2357 intelligit.

304 2357 359 2392 (70)
380 2356 637 2393 Πλὰσματᾳτιὶλθιέ.
651 2365 678 2388 a,
693 2357 879 2393 παλαίσματα.

305 2392 366 2428 (71)
381 2392 415 2418 Εἰ
426 2391 484 2428 μὲν
504 2391 534 2417 τὸ
545 2391 644 2428 (Θεῖον,
659 2397 711 2419 etc.
731 2393 784 2428 llic
798 2391 891 2418 ‘oliiter
905 2391 1051 2428 Gregorius

270 2427 428 2462 perstringit
453 2427 673 2462 absurdissimam
706 2427 843 2460 gentilium
869 2427 1050 2462 theologiam,

269 2461 315 2497 Qui
330 2461 380 2489 sub
392 2461 539 2497 fabularum
552 2461 689 2497 i_nvolucro
703 2463 832 2488 Dcitatem
843 2461 1049 2490 adumbrahant.

306 2497 361 2532 (72)
384 2495 446 2529 Τοῖς
465 2495 594 2532 ν’νοητῶς,
620 2502 672 2523 etc.
700 2506 709 2521 ι
725 2497 774 2530 Qui
802 2497 893 2532 solerti
923 2498 1048 2530 ingenio,

271 2531 369 2558 mentis
384 2531 506 2558 acumine
522 2538 552 2556 ea
574 2532 735 2566 intelligunt,
751 2539 810 2565 qua:
826 2531 969 2565 conjuncta
987 2538 1051 2559 sntit

271 2572 299 2593 et
317 2566 463 2598 cohasrenl,
476 2574 485 2591 ι
505 2565 616 2593 Deitatis
639 2565 740 2594 scilicet
761 2574 901 2599 personas,
917 2567 956 2593 sic
974 2568 1050 2594 nubis

271 2609 324 2628 una
341 2602 412 2628 serie
427 2601 594 2635 propositas;
613 2609 645 2628 ex
661 2602 757 2634 quibus
773 2601 871 2634 passim
893 2601 1049 2635 Gregorius,

271 2638 342 2664 sicut
358 2641 385 2662 et
401 2635 513 2661 Basilius
532 2637 655 2669 probant,
672 2636 767 2663 Filium
785 2641 811 2662 et
832 2637 962 2669 Spiritum
989 2645 1053 2663 san-

272 2678 344 2699 ctum
363 2669 446 2697 Deum
464 2669 564 2704 pariter
578 2678 646 2703 esse,
659 2671 735 2698 sicuti
752 2670 840 2697 Pater.

308 2705 364 2740 (75)
388 2705 460 2731 Ὑπὸ
485 2705 592 2739 ἀρχήν,
615 2711 667 2733 etc.
695 2715 704 2731 ‹
724 2704 762 2732 Ne
787 2705 893 2733 Patrem
921 2705 1053 2740 principio

273 2742 384 2767 subesse
398 2744 554 2767 statuamus.
569 2750 579 2766 ι

309 2774 364 2809 (74)
386 2776 415 2802 Τι
431 2773 557 2811 πρῷτον.
578 2775 626 2802 llic
641 2775 748 2811 πρῶτον
766 2775 835 2802 idem
850 2779 926 2811 sonat
941 2782 972 2800 :ic
988 2775 1055 2811 πρό-

273 2808 363 2844 τερον,
377 2811 447 2844 quod
465 2808 566 2837 Graecis
587 2808 717 2837 familiare
737 2815 787 2836 cst.
809 2811 864 2836 Mox
877 2829 883 2840 ,
901 2808 1054 2844 εἰσαγάγω-

275 2843 411 2880 μενςψόιιο
423 2843 505 2880 Πεκὲ
519 2850 546 2870 et
564 2844 651 2875 Pass.,
663 2845 826 2880 εἰσάγωμεν.

309 2878 364 2914 (75)
390 2879 436 2912 Ἐξ
465 2878 501 2909 οὗ
516 2880 565 2907 καὶ
591 2880 624 2906 τὸ
648 2879 733 2914 εἶναι,
750 2878 801 2908 cie.
823 2889 829 2906 :
852 2889 860 2905 ι
876 2888 906 2907 ex
933 2887 985 2914 quo
1009 2880 1052 2911 id,

1133 2236 1191 2269 ΚΤ.
1209 2235 1285 2270 Μήτε
1305 2234 1393 2270 ἀρχὰς
1410 2235 1494 2270 τρεῖς,
1519 2234 1563 2261 ἵνα
1583 2233 1620 2270 μὴ
1639 2233 1803 2268 Ἑλληνικὸν,
1822 2234 1839 2269 ἢ
1859 2235 1889 2260 τὸ

1068 2327 1091 2355 Ῑ)
1105 2323 1175 2357 quod
1190 2323 1304 2356 primum
1318 2326 1369 2354 est,
1385 2322 1515 2355 originem
1532 2323 1647 2349 traxisse
1662 2329 1772 2351 necesse
1784 2325 1827 2351 sit.
1841 2334 1851 2351 ι

1102 2356 1125 2419 ᾖ
1127 2356 1254 2419 11722:.“
1270 2358 1394 2391 Πατρός.
1420 2356 1486 2392 Reg.
1505 2358 1551 2390 hu,
1575 2357 1623 2385 0r.
1638 2358 1663 2390 Ι,
1681 2357 1768 2391 Pass.,
1788 2360 1819 2386 τὸ
1840 2359 1888 2386 τοῦ

1127 2401 1220 2424 ατρος.

1137 2401 1257 2463 Egilia};
1272 2427 1363 2460 αἰτίῳ.
1384 2437 1392 2451 ι
1407 2427 1541 2463 Quantum
1556 2427 1589 2454 ad
1606 2435 1742 2454 causam.»
1763 2428 1838 2455 Licet
1854 2430 1887 2454 :ll)

1102 2462 1153 2489 hac
1168 2462 1234 2490 voce
1246 2463 1397 2490 abstineant
1412 2462 1512 2494 Latini,
1528 2462 1594 2489 nihil
1611 2468 1699 2489 tamen
1714 2468 1755 2489 est
1769 2464 1885 2494 dissidii,

1102 2498 1190 2531 quoad
1217 2505 1273 2524 rem
1295 2503 1322 2524 et
1347 2504 1472 2528 sensum,
1496 2497 1566 2524 inter
1588 2496 1697 2525 Grmcos
1719 2502 1747 2524 et
1762 2497 1885 2525 Latinos.

1102 2533 1177 2565 Quod
1192 2532 1263 2559 cnim
1285 2532 1370 2559 Graeci
1396 2540 1405 2557 ι
1422 2539 1509 2558 οοιιειε
1531 2538 1558 2559 et
1575 2532 1675 2558 causali
1693 2541 1702 2557 ι
1721 2533 1828 2560 nomine
1843 2533 1886 2560 in-

1103 2567 1233 2600 telligunt,
1252 2574 1299 2593 nos
1322 2567 1390 2593 idem
1410 2575 1419 2591 ‹
1440 2567 1562 2600 principii
1587 2571 1615 2594 et.
1637 2567 1789 2601 principiali
1805 2577 1814 2592 ι
1839 2576 1889 2595 no-

1107 2602 1179 2628 mine
1205 2601 1388 2637 intelligimus.
1413 2601 1489 2628 Unde
1512 2606 1622 2628 sanetus
1649 2602 1766 2628 Thomas
1792 2610 1886 2637 opusc.

1104 2642 1198 2663 contra
1212 2635 1311 2663 erroris
1324 2635 1477 2663 Gra’corum
1498 2644 1523 2662 c.
1539 2637 1565 2667 l,
1580 2637 1618 2663 ait
1632 2645 1638 2662 ε
1658 2646 1664 2661 ι
1682 2637 1760 2669 Apud
1775 2635 1887 2664 Latinus

1107 2679 1158 2697 non
1174 2676 1216 2697 est
1231 2676 1396 2703 consuetum,
1411 2671 1482 2705 quod
1498 2671 1578 2697 Pater
1594 2672 1700 2698 dicatur
1715 2680 1796 2699 causa
1812 2671 1886 2704 Filii,

1106 2707 1147 2732 vel
1165 2706 1280 2739 Spiritus
1299 2706 1396 2736 sancti.
1417 2706 1463 2732 sed
1488 2707 1573 2733 solum
1595 2707 1766 2740 principium,
1782 2707 1822 2734 vel
1840 2715 1890 2733 an-

1107 2745 1174 2780 ctor:
1225 2739 1322 2780 Graeci,
1337 2741 1381 2780 qui
1397 2748 1487 2780 cansze
1499 2747 1524 2767 et
1538 2742 1639 2780 causali
1654 2743 1762 2780 noiiiine
1778 2747 1890 2769 utuntur

1107 2775 1132 2801 in
1149 2775 1246 2801 divinis
1263 2776 1393 2808 personis,
1412 2783 1462 2801 non
1483 2777 1622 2803 intendunt
1644 2776 1826 2804 diversitatem
1845 2785 1890 2802 na-

1107 2815 1175 2845 tura:
1193 2810 1331 2840 inducere,
1347 2815 1391 2836 ant
1408 2809 1504 2837 Filium
1519 2818 1580 2838 esse
1595 2817 1765 2842 creaturam;
1781 2812 1826 2838 sed
1842 2819 1889 2845 per

1105 2844 1156 2884 hoc
1173 2845 1263 2870 volunt
1277 2846 1419 2884 ostendere
1441 2845 1524 2884 solam
1544 2847 1675 2881 originem
1699 2844 1885 2881 personarum,

1104 2879 1172 2906 sicut
1190 2888 1237 2906 nos
1253 2881 1360 2907 nomine
1376 2879 1508 2916 principii.
1523 2889 1531 2905 ι
