2060 3140
145 127 210 155 1221

529 127 658 155 ORATIO
678 127 762 155 XXV.
783 144 818 148 —-
837 128 870 156 IN
891 128 1032 157 LAUDEM
1052 126 1203 156 HERONIS
1224 127 1356 157 l’lllLOS.

1695 129 1764 158 1212

144 185 272 213 πολύΘΕον
282 193 289 200 ·
307 184 373 220 μήτε
388 183 452 219 μίαν
471 184 530 219 μὲν,
545 185 692 221 ’Ῑουόαῖκὴν
706 186 733 212 δὲ
749 186 845 222 στενήν
856 194 929 218 τινα,
944 221 945 224 η

988 187 1009 212 in
1027 186 1152 220 gentilem
1166 186 1277 213 deorum
1296 186 1494 214 multitudinem
1519 187 1669 215 inctdamtts
1686 197 1692 216 :
1717 197 1766 218 nec

145 232 191 260 καὶ
216 230 358 266 φθονερὰν,
381 230 428 257 καὶ
450 231 595 258 ὰόύνατον-
613 232 629 267 ἢ
650 232 688 267 τῷ
715 232 869 259 ἀναλίσκειν
890 233 930 264 εἰς

145 277 243 313 ζιαυτὴν
257 277 381 312 θεότητα,
394 276 408 302 ὂ
423 278 479 308 τοῖς
493 277 642 312 προάγουσι
661 278 708 313 μὲν
719 279 751 304 ἐκ
764 278 811 304 τοῦ
825 277 931 312 Πατρὺς

144 323 189 350 τὸν
203 322 277 354 Υῑὸν,
291 323 330 354 εὶς
348 322 466 349 αὑτὸνδὲ
480 323 559 349 πάλιν
571 323 730 351 ἀναλύουσιν
742 324 853 359 ἤρεσεν·
865 323 881 358 ἢ
892 322 931 358 τῷ

146 367 326 395 κακαὸάλλειν
340 367 389 399 τὰς
406 367 509 401 φύσεις,
531 368 578 394 καὶ
592 368 747 402 ἀλλοτριοῦν
765 367 901 403 θεότητος,
917 367 931 392 ὃ

145 416 201 446 τοῖς
214 413 261 441 νῦν
278 413 389 449 ἀρέσκει
405 415 505 448 σοφοῖς,
521 413 614 449 ὥσπερ
623 414 771 441 δεδωκυῖαν
785 413 822 450 μὴ
836 413 930 446 ἀντεξ-

146 461 264 495 άγωνται
288 459 354 494 (78),
372 459 388 495 ἢ
407 460 489 495 μηδὲν
505 459 656 494 δυναμένην
680 460 749 495 ὑπὲρ
766 459 800 486 τὰ
817 459 932 494 κτίσμα-

145 515 188 533 τα.
205 507 281 541 Μήτε
293 505 438 540 ἀγέννητον
448 505 494 532 τὸν
505 505 577 537 Υἱὺν,
592 503 631 536 εἷς
643 505 695 540 γὰρ
707 506 720 531 ὁ
731 506 825 541 Πατήρ
839 515 846 522 ·
864 506 932 541 μήτε

146 552 210 579 Υἱὸν
222 552 252 578 τὺ
265 551 385 586 Πνεῦμα,
402 549 442 583 εἷς
457 551 511 586 γὰρ
522 552 537 577 ὁ
550 552 703 586 Μονογενής
715 560 721 566 ·
737 551 780 577 ἵνα
797 551 842 577 καὶ
854 551 932 578 ’τυῦτο

147 598 236 624 eam
252 597 333 632 ἔχωσι
355 597 386 623 τὸ
408 597 559 632 μοναδικὸν,
577 598 591 623 ὁ
613 597 661 632 μὲν
682 597 732 631 τῆς
752 596 883 632 υῐὸτητος,
902 596 932 623 τὺ

146 644 173 670 δὲ
186 645 234 679 τῆς
251 643 376 679 προόδου,
394 643 440 670 καὶ
457 642 504 677 οὐχ
529 643 660 677 υζότητος.
683 643 802 676 Ἀληθῶς
826 642 932 677 πατέρα

145 689 191 715 τὸν
205 688 325 723 Πατέρα,
336 687 382 714 καὶ
397 687 463 713 πολύ
478 696 510 717 γε
525 686 578 712 τῶν
591 687 654 722 παρ’
665 688 730 721 ἡμῖν
742 686 930 722 ἀληθέστερον,

146 735 187 761 ὅτι
204 734 301 769 μόνως,
320 732 476 768 ἰδιοτρόπως
490 732 554 768 γὰρ,
570 733 617 759 καὶ
629 733 678 767 οὐχ
693 733 730 763 ὡς
747 732 779 758 τὰ
800 732 913 767 σώματα
923 739 930 746 ·

146 781 193 808 καὶ
211 780 301 815 μόνος,
318 780 348 806 οὐ
367 779 420 815 γὰρ
440 780 508 815 μετὰ
523 779 653 813 συζυγίας
666 787 673 795 ·
690 780 737 806 καὶ
760 779 852 814 μόνου,
868 780 933 806 Μο-

146 827 270 862 νογενοῦς
294 827 363 862 γάρ·
384 826 431 852 καὶ
457 825 547 860 μόνον,
569 826 599 851 οὐ
618 825 672 860 γὰρ
692 825 755 856 Υἱὸς
783 825 929 860 πρότερον·

983 238 1076 258 rursus
1088 239 1169 258 untun
1191 232 1310 265 quidem,
1338 232 1385 258 sed
1415 232 1553 259 Judaicum
1574 234 1721 268 quoddam,
1739 239 1766 262 et

982 282 1133 312 angustum,
1163 281 1243 312 atque
1268 277 1387 305 invidum
1412 283 1440 304 et
1468 278 1648 312 imbecillum;
1671 287 1766 313 nempe

982 323 1023 350 vel
1038 323 1165 350 deitatem
1181 323 1206 350 itt
1224 324 1339 358 seipsatn
1353 325 1528 356 absumendo,
1539 326 1764 359 quemadmodum

983 369 1017 396 iis
1035 369 1146 404 placuit,
1163 369 1207 403 qui
1220 369 1318 397 Filium
1339 371 1446 405 quidem
1459 378 1493 397 ex
1508 370 1588 398 Patre
1604 372 1765 405 producunt,

982 414 1106 441 eumdem
1127 419 1215 440 autem
1234 422 1341 441 rursum
1368 415 1394 441 itt
1417 415 1523 442 Patrem
1551 415 1706 449 resolvunt;
1723 417 1766 444 vel

984 464 1095 488 naturas
1118 459 1279 494 dejiciendo,
1304 465 1385 495 atque
1412 469 1427 488 a
1454 462 1592 489 divinitate
1613 462 1765 494 alienando,

983 508 1012 531 ut
1039 505 1205 538 sapientibus
1224 505 1301 539 huius
1318 506 1447 540 temporis
1467 507 1583 540 videtur,
1600 508 1710 542 perinde
1724 513 1766 534 at-

983 557 1035 584 que
1054 551 1109 584 ipsa
1131 551 1182 578 hoc
1207 556 1321 583 metuat,
1337 559 1370 578 ne
1384 552 1449 586 ipsae
1466 553 1607 580 adversum
1632 561 1660 580 se
1678 554 1767 581 insur-

983 601 1060 630 gunt,
1077 603 1123 623 aut
1141 605 1220 630 supra
1243 605 1285 623 res
1300 598 1422 625 cottditas
1446 599 1511 625 nihil
1529 599 1621 633 possit.
1638 599 1691 626 Nec
1708 608 1767 627 rur—

983 650 1042 668 sum
1058 643 1204 677 ingenilum
1221 642 1328 674 Filium,
1346 651 1414 670 unus
1427 644 1498 670 enim
1511 644 1591 672 Pater
1606 645 1740 679 ingenitus
1758 655 1764 672 :

983 695 1033 714 nec
1045 687 1174 722 Spiritum
1192 693 1315 715 sanctum
1330 689 1438 723 Filium,
1456 698 1525 717 unus
1547 691 1618 718 enim
1644 695 1686 718 est
1704 692 1768 719 Uni-

983 734 1104 768 geuitus;
1129 739 1158 760 ul.
1174 735 1224 761 ltoc
1237 742 1344 769 quoque
1358 736 1478 763 divinum
1507 737 1636 769 ltabeant,
1652 737 1768 772 singula-

985 780 1091 806 ritatem
1107 780 1246 813 nimirum,
1268 781 1311 808 ille
1340 781 1488 815 ﬁliationis,
1505 783 1549 810 hic
1575 784 1764 817 processionis,

986 833 1038 852 non
1058 830 1147 852 atttem
1165 825 1310 853 liliationis.
1322 826 1430 854 Patrem
1447 835 1509 854 vere
1520 833 1673 862 patrem,ac
1684 829 1768 855 multo

147 874 193 900 καὶ
206 873 265 899 ὅλον
277 873 382 908 Πατὴρ,
404 871 449 898 καὶ
464 871 535 902 ὅλου,
553 870 582 896 τὸ
599 870 652 905 γὰρ
668 870 800 905 ἡμέτερον
817 869 929 905 ἄδηλον·

988 870 1091 904 quidem
1109 871 1199 897 verius
1233 879 1313 904 quam
1330 871 1375 906 qui
1393 873 1462 906 apud
1476 880 1525 898 rtus
1539 872 1564 899 id
1588 880 1684 900 nomen
1699 873 1768 900 obti—

146 920 191 947 καὶ
206 920 254 946 ἀπ’
269 918 367 954 ἀρχῆς,
387 918 416 944 οὐ
441 917 495 952 γὰρ
519 916 640 952 ὕστερον.
668 916 787 952 Ἀληθῶς
812 915 869 941 υἱον
889 915 934 942 τὸν

146 966 220 997 Υῐδν,
236 965 276 991 ὃτι
299 964 387 999 μόνος,
404 963 451 989 καὶ
469 963 560 998 μόνου,
583 962 629 988 καὶ
648 961 746 997 μόνως,
768 961 816 987 καὶ
834 960 931 995 μόνον·

145 1012 176 1038 οὑ
191 1011 245 1046 γὰρ
257 1010 304 1037 καὶ
318 1009 422 1044 Πατὴρ,
437 1008 484 1034 καὶ
504 1007 564 1034 ὅλον
580 1007 654 1038 Υἱὸς,
675 1007 722 1033 καὶ
738 1006 810 1036 ὅλου,
826 1006 873 1032 καὶ
887 1006 934 1032 ἀπ’

146 1056 244 1091 ἀρχῆς,
260 1054 357 1081 οὔποτε
371 1053 418 1079 τοῦ
442 1050 510 1079 εἶναι
531 1052 594 1083 Υἱὸς
613 1051 765 1087 ἠργμένος·
786 1051 816 1077 οὺ
833 1050 887 1086 γὰρ
904 1051 935 1077 ἐκ

149 1100 327 1137 μεταμελείας
346 1100 361 1134 ὴ
384 1098 487 1133 θεότης,
504 1098 563 1124 οὐδὲ
587 1098 620 1124 ἐκ
639 1097 778 1132 προκοπῆς
793 1098 810 1131 ὴ
827 1096 933 1128 θὲωσις,

147 1148 190 1173 ἵνα
207 1147 287 1181 λείπῃ
303 1145 378 1176 ποτε,
390 1144 427 1179 τῷ
444 1144 491 1180 μὲν
506 1144 535 1170 τὸ
553 1140 622 1169 εἶναι
634 1142 689 1177 (79)
703 1142 801 1177 Πατρὶ,
814 1141 852 1176 τῷ
862 1142 891 1168 δὲ
905 1141 936 1167 τὸ

147 1191 217 1219 εἶναι
229 1191 296 1227 Υἱῷ.
312 1190 429 1226 ’Δληθῶς
446 1190 523 1224 ἆγιον
537 1189 566 1215 τὸ
581 1188 691 1223 Πνεῦμα
704 1188 734 1214 τὸ
746 1188 868 1222 ἅγιον·οὐ
882 1187 935 1222 γὰρ

148 1238 195 1265 καὶ
205 1237 267 1265 ἄλλο
276 1236 394 1263 τοιοῦτον
401 1236 466 1270 (80),
473 1235 533 1261 οὐδὲ
545 1234 637 1266 οὕτως,
647 1234 707 1260 οὐδὲ
717 1235 749 1260 ἐκ
760 1233 915 1270 προσθήκης
922 1234 936 1259 ὁ

148 1282 292 1318 ἁγιασμὸς,
310 1282 367 1308 ἀλλ’
381 1281 571 1315 αὑτοαγιότης·
589 1280 649 1307 οὐδὲ
667 1280 767 1314 μᾶλλον
780 1280 827 1306 καὶ
843 1278 935 1315 ἦττον,

147 1329 207 1356 οὐδὲ
224 1328 374 1365 ἀρξάμενον
387 1326 545 1363 χρονικῶςῆ
566 1326 748 1361 παυσόμενον.
770 1325 867 1352 Κοινὸν
882 1325 936 1361 γὰρ

149 1375 236 1410 Πατρὶ
253 1374 303 1409 μὲν
319 1373 365 1400 καὶ
380 1372 436 1408 Υἱῴ
458 1372 505 1398 καὶ
520 1372 590 1406 ἁγίῳ
612 1371 760 1406 Πνεύματι,
781 1371 811 1397 τὸ
835 1371 871 1406 μὴ
891 1380 936 1405 γε-

148 1421 265 1456 γονέναι,
283 1420 356 1455 καὶή
372 1419 482 1453 θεότης·
498 1418 555 1453 Υἱῷ
579 1417 606 1444 δὲ
627 1418 672 1444 καὶ
695 1417 765 1452 ἁγίῳ
785 1417 935 1452 Πνεὺματι,

148 1468 179 1494 τὸ
193 1468 225 1494 ἐκ
238 1466 284 1493 τοῦ
298 1466 412 1501 Πατρός.
434 1464 513 1491 ’Ίδιον
526 1464 554 1490 δὲ
572 1464 678 1499 Πατρὺς
699 1464 757 1498 μὲν,
774 1464 790 1498 ἡ
807 1464 938 1498 ἀγγεννησ

151 1513 209 1539 σία·
224 1512 287 1539 Υἱοῦ
300 1513 338 1544 δὲ,
354 1513 370 1547 ή
393 1511 533 1544 γέννησι;’
554 1509 711 1544 Πνεύματος
726 1509 765 1542 δὲ,
790 1510 807 1542 ὴ
834 1509 937 1544 ἐκπεμ-

985 919 1060 946 nent,
1084 919 1138 940 tttm
1155 915 1216 949 quia
1246 915 1355 950 proprio
1379 921 1406 942 et
1433 917 1561 951 singulari
1588 918 1666 945 modo
1693 923 1769 952 pater

985 963 1035 991 est,
1053 968 1106 987 non
1123 966 1211 988 autem
1227 961 1297 988 sicut
1310 969 1441 996 corpora;
1457 967 1511 989 ttttu
1527 963 1589 996 qttia
1606 963 1689 997 solus,
1715 971 1766 990 non

984 1006 1055 1032 enitn
1068 1013 1102 1033 ex
1115 1006 1318 1040 conjunctione;
1339 1014 1393 1034 tttnt
1409 1009 1470 1042 quia
1486 1008 1578 1041 solius,
1595 1016 1689 1042 nempe
1704 1009 1768 1036 Uni-

985 1051 1084 1084 geniti;
1107 1056 1160 1077 ttttn
1176 1052 1237 1084 quia
1259 1051 1356 1085 solum,
1373 1061 1423 1079 ttee
1439 1053 1509 1079 enim
1537 1053 1593 1087 ipse
1611 1054 1767 1087 priusquam

985 1102 1061 1130 pater
1075 1101 1158 1129 esset,
1176 1097 1260 1124 Fiiitts
1280 1097 1344 1130 fuit;
1360 1101 1415 1124 ttun
1429 1099 1491 1132 quia
1508 1098 1533 1124 itt
1551 1103 1634 1125 toturn
1649 1103 1676 1125 et
1689 1098 1769 1124 totius

988 1143 1077 1174 Pater,
1097 1144 1167 1177 quod
1186 1143 1218 1171 de
1235 1143 1312 1170 nobis
1329 1149 1404 1171 certe
1431 1143 1557 1170 aﬂirmari
1578 1144 1685 1178 nequit;
1714 1149 1769 1170 tum

985 1189 1045 1222 quia
1059 1189 1092 1215 ab
1110 1188 1199 1220 initio.
1215 1197 1264 1216 nec
1282 1189 1354 1216 enim
1379 1189 1513 1224 posterius
1533 1189 1613 1216 Pater
1639 1196 1698 1217 esse
1716 1196 1771 1216 coe-

986 1235 1035 1268 pit.
1049 1234 1148 1261 Filium
1165 1243 1226 1262 vere
1240 1235 1335 1267 ﬁlium,
1354 1236 1424 1269 qttod
1438 1240 1465 1262 et
1489 1236 1561 1263 solus
1574 1235 1618 1269 sit,
1635 1240 1662 1262 et
1677 1235 1768 1265 solius.

986 1287 1017 1307 ac
1036 1280 1165 1315 singulari
1182 1281 1271 1313 modo,
1285 1285 1313 1308 et
1325 1280 1428 1312 solum;
1454 1289 1506 1308 non
1522 1281 1593 1307 enim
1608 1281 1687 1308 Pater
1703 1288 1770 1314 quo-

987 1333 1038 1361 que
1052 1327 1131 1354 simul
1159 1332 1209 1359 est,
1227 1332 1254 1354 et
1281 1328 1307 1354 in
1329 1332 1414 1354 totum
1441 1328 1534 1360 Filitts,
1556 1333 1583 1355 et
1603 1327 1693 1360 totius,
1715 1332 1742 1354 et
1757 1336 1771 1353 ιι

987 1373 1129 1407 principio,
1146 1374 1214 1400 hanc
1238 1374 1341 1401 scilicet
1369 1374 1500 1401 rationem
1520 1375 1632 1406 habens,
1652 1379 1682 1400 ut
1702 1381 1771 1400 nun-

988 1426 1067 1453 quam
1084 1418 1166 1446 Filius
1179 1427 1238 1446 esse
1250 1420 1377 1454 cmperit;
1392 1428 1444 1447 non
1461 1421 1531 1447 enim
1549 1428 1582 1447 ex
1598 1420 1702 1446 consilii
1715 1427 1774 1446 mu-

990 1465 1090 1492 tatione
1103 1470 1145 1492 est
1166 1465 1262 1496 deitas,
1286 1473 1373 1500 neque
1386 1474 1418 1492 ex
1436 1473 1576 1500 progressu
1589 1465 1732 1496 deilicatio,
1745 1471 1775 1492 ut

989 1510 1034 1538 ille
1053 1511 1197 1545 aliquando
1211 1511 1301 1544 Pater,
1316 1512 1360 1538 hic
1382 1512 1528 1546 aliquando
1542 1511 1625 1538 Filius
1646 1519 1706 1538 esse
1729 1513 1775 1538 dc-

149 1559 195 1594 ψις
209 1558 275 1594 (81).
294 1559 324 1584 Ei.
338 1558 366 1584 δὲ
379 1557 424 1583 τὸν
443 1555 540 1592 τρόπον
558 1554 706 1591 ἐπιζητεῖς,
724 1555 750 1581 τί
763 1555 936 1589 καταλείψεις

988 1556 1069 1582 sinat.
1079 1556 1210 1590 Spiritum
1225 1562 1347 1584 sanctttm
1362 1564 1424 1584 vere
1438 1564 1560 1584 sanctum
1576 1564 1583 1583 :
1600 1565 1686 1591 neque
1701 1557 1772 1583 enim

150 1607 205 1637 τοῖς
222 1605 311 1640 μόνοις
325 1603 468 1638 γινώσκειν
488 1603 600 1637 ἄλληλα,
628 1604 674 1629 καὶ
696 1600 876 1636 γινώσκεσθαι
891 1600 936 1627 ὑπ’

150 1650 270 1686 ἀλλήλων
287 1649 501 1691 μαρτυελομένοις
517 1649 584 1684 (82),
602 1648 618 1681 ἦ
638 1647 684 1673 καὶ
697 1645 775 1682 ἡμῶν
788 1647 844 1677 τοῖς
867 1647 938 1672 ἐκεί-

151 1696 196 1723 θεν
211 1695 350 1731 ἐλλαμιρθη
355 1696 475 1730 σομένοις
490 1694 618 1729 ὖστερον;

988 1601 1056 1629 alius
1081 1602 1144 1629 talis
1162 1607 1214 1636 est,
1231 1610 1281 1630 nec
1295 1603 1389 1629 eodem
1410 1604 1501 1633 modo,
1517 1610 1604 1636 neque
1629 1609 1660 1628 ex
1682 1609 1776 1629 acces-

988 1648 1065 1675 sione
1079 1649 1252 1676 sanctitatem
1271 1649 1362 1680 babet,
1377 1649 1422 1676 sed
1437 1654 1480 1676 est
1495 1649 1609 1682 ipsatnet
1632 1648 1773 1678 sanctitas,

990 1701 1038 1720 nec
1056 1694 1139 1727 magis
1152 1699 1178 1720 et
1197 1695 1294 1725 minus,
1312 1702 1371 1726 ttec,
1387 1694 1474 1728 quoad
1500 1699 1614 1727 tempus,
1639 1693 1774 1727 originem

151 1751 270 1778 ttnqttam
287 1742 388 1774 habuit,
408 1749 456 1768 nec
471 1741 549 1768 linem
576 1741 715 1767 habiturus
727 1744 778 1766 est.
793 1739 848 1766 Hoc
863 1740 934 1766 enim
956 1739 1028 1767 Patri
1042 1745 1069 1766 et
1084 1741 1151 1767 Filio
1164 1746 1191 1767 ct
1209 1740 1320 1775 Spiritui
1346 1746 1440 1768 saneto
1462 1747 1605 1768 commune
1629 1744 1680 1772 est.
1705 1741 1775 1774 quol

152 1788 264 1815 ntinime
280 1787 362 1814 creati
388 1791 460 1818 sunt,
489 1790 569 1820 atque
594 1786 650 1819 ipsa
674 1785 808 1813 divinitas.
838 1784 894 1812 Hoc
910 1789 998 1812 autem
1033 1785 1101 1812 Filio
1133 1791 1160 1813 et
1188 1786 1300 1820 Spiritui
1316 1791 1420 1818 sancto,
1448 1786 1516 1820 quod
1543 1790 1656 1819 ttterque
1684 1793 1775 1812 eorum

152 1843 185 1862 ex
221 1833 301 1860 Patre
334 1837 383 1860 est.
402 1834 436 1859 At
452 1840 515 1859 vero
535 1832 623 1859 Patris
652 1832 803 1866 proprietas
826 1831 883 1857 lucc
908 1837 961 1863 est,
982 1833 1053 1866 quod
1078 1832 1211 1866 ingenuus
1229 1833 1263 1859 sit
1281 1842 1288 1859 :
1306 1833 1388 1865 Filii,
1408 1832 1478 1866 quod
1504 1832 1609 1866 genitus
1626 1839 1634 1858 :
1659 1829 1777 1865 Spiritus

153 1880 250 1912 sancti,
279 1878 350 1914 quod
379 1879 515 1914 procedat.
542 1877 617 1911 Quod
638 1878 659 1904 si
685 1878 793 1904 modum
822 1878 930 1912 quaeris,
952 1879 1017 1913 quid
1032 1879 1064 1905 iis
1086 1879 1230 1906 relicturus
1257 1887 1304 1911 es,
1335 1886 1402 1913 quos
1427 1878 1498 1905 solos
1521 1883 1614 1905 mutuo
1645 1884 1675 1904 se
1694 1876 1778 1912 463

153 1934 316 1962 cognoscere
324 1927 358 1959 ³⁸,
374 1932 454 1961 atqtte
472 1934 486 1953 a
501 1934 530 1953 se
540 1931 632 1953 mutuo
647 1926 774 1960 cognosci
790 1925 930 1960 Scriptura
953 1930 1066 1954 testatur
1079 1927 1112 1959 ι’,
1144 1931 1190 1954 aut
1208 1927 1240 1954 iis
1275 1926 1359 1954 etiam
1376 1929 1509 1958 nostrum,
1526 1925 1570 1959 qui
1586 1928 1678 1959 postea
1707 1925 1777 1951 divt-

157 1976 230 2004 nitus
245 1974 487 2002 illuminabuntur?

191 2022 240 2049 lZ'.
260 2020 342 2048 Γενοῦ
369 2029 395 2047 τι
420 2020 473 2046 τῶν
499 2020 650 2055 εἰρημένων
677 2019 731 2055 (85)
755 2019 895 2055 πρότερον,
921 2019 938 2054 ἢ

154 2067 287 2100 τοιοῦτος,
309 2066 356 2093 καὶ
375 2066 435 2092 τότε
460 2065 552 2101 γνώσῃ
573 2065 709 2096 τοσοῦτον,
733 2065 794 2091 ὅσον
818 2065 874 2100 (84)
893 2065 938 2092 ὑπ’

155 2114 276 2150 ἀλλήλων
291 2112 471 2147 γινώσκεσθαι
488 2111 553 2147 (85).
573 2111 630 2137 Νῦν
646 2111 674 2137 δὲ
690 2111 797 2138 δίδασκε
815 2111 940 2138 τοσοῦτον

156 2160 254 2187 εἰδέναι
272 2158 361 2194 μόνον,
381 2157 480 2193 μονάδα
499 2157 527 2183 ὲν
544 2156 648 2192 Τριάδι,
665 2157 711 2183 καὶ
724 2156 828 2191 Τριάδα
844 2158 874 2183 ὲν
892 2165 940 2192 μο-

156 2205 213 2234 νάδι
235 2203 482 2240 προσκυνουμένην,
509 2203 659 2237 παράδοξον
685 2201 799 2237 ἔχουσαν
823 2202 871 2228 καὶ
891 2202 940 2238 τὴν

156 2252 287 2288 διαίρεσιν
308 2251 354 2278 καὶ
377 2251 426 2287 τὴν
450 2251 555 2278 ἕνωσιν.
581 2251 627 2286 Μὴ
648 2249 768 2285 φοϐηθῇς
793 2249 826 2276 τὰ
851 2249 939 2284 πάθη,

156 2298 281 2333 γέννησιν
293 2297 440 2333 ὁμολογῶν.
462 2296 578 2328 ’Δπαθὲς
588 2295 641 2332 γὰρ
652 2296 681 2322 τὸ
691 2296 777 2327 Θεῖον,
791 2295 837 2322 καὶ
855 2296 878 2321 εἰ
895 2303 942 2329 γε-

158 2345 299 2380 γέννηκεν.
317 2343 386 2379 Ἑγώ
400 2343 541 2370 σοιτούτου
553 2342 699 2378 ἐγγυητὴς,
712 2342 753 2369 ὃτι
765 2342 872 2374 θεῖκῶς,
886 2340 942 2368 ἀλλ’

158 2392 208 2418 οὐκ
223 2389 411 2426 ἀνθρωπικῶς.
428 2389 495 2416 Οὐδὲ
507 2389 561 2424 γὰρ
580 2389 610 2415 τὸ
630 2387 698 2414 εἶναι
718 2387 792 2423 αὑτῴ
808 2387 945 2423 ἀνθρώπι-

159 2445 213 2464 νον.
235 2436 369 2472 Φοϐήθητι
392 2435 420 2462 δὲ
445 2435 500 2471 (86)
523 2435 617 2471 χρόνον
642 2434 689 2461 καὶ
708 2433 806 2461 κτίσιν.
831 2433 867 2459 Οὐ
890 2432 944 2468 γὰρ

195 2517 305 2545 "Joan.
321 2524 388 2550 xvu,
407 2515 452 2544 25.
487 2515 510 2532 ⁵⁸
525 2517 536 2543 1
552 2515 615 2543 Cor.
641 2523 701 2547 sui.
723 2514 767 2542 12.

198 2594 261 2631 (78)¹
276 2593 511 2631 Ἄντεξάμηταέ.
527 2591 617 2631 schol.
633 2601 639 2618 :
654 2589 904 2631 Βιὴὲτιξσιςξσωσιν
917 2589 946 2630 αἱ

163 2625 325 2661 ὑποστάσεις
340 2625 405 2655 Υἱοῦ
422 2629 470 2655 καὶ
484 2626 657 2662 Πνεύματος·
679 2625 741 2653 (Ne
759 2625 820 2653 Filii
843 2630 870 2653 et
889 2625 947 2660 Spi-

163 2666 231 2693 ritus
246 2671 366 2696 persona:
380 2669 473 2691 contra
487 2670 516 2690 se
530 2663 679 2696 insurgant.
696 2670 704 2687 ι

201 2673 231 2692 |IS
264 2672 366 2691 ersona:
380 2672 473 2704 οοιιινξι
487 2672 516 2690 se
531 2672 679 2696 tttsut‘gunt.
696 2672 704 2687 1
773 2695 779 2702 ι

200 2672 261 2734 (791
278 2698 313 2726 Τὸ
336 2699 421 2726 εἶναι.
438 2698 483 2725 Stc
499 2699 581 2732 Regg.
595 2697 649 2730 btn,
667 2697 713 2730 ltu,
732 2695 815 2724 Corsi.
829 2695 838 2722 1
856 2699 884 2723 et
900 2694 947 2723 0r.

165 2735 191 2762 1.
206 2736 284 2761 Deest
296 2734 326 2760 τό
343 2735 368 2760 in
382 2734 448 2761 edit.

200 2769 255 2804 (80)
278 2769 424 2796 Τοιοῦτον.
443 2767 525 2804 Coisl.
540 2767 566 2804 1,
582 2766 697 2804 τοιοῦτο..

201 2801 255 2839 (81)
275 2804 449 2838 Ἐκπεμψις.
470 2812 479 2828 ι
490 2802 616 2839 Emissio.
628 2812 637 2828 ι
660 2801 709 2829 llic
726 2801 796 2830 idem
811 2805 891 2829 sonat
915 2807 947 2828 ac

166 2837 336 2875 ἱκσιτόρευσις,
357 2837 370 2866 ἱ
380 2837 545 2874 processio.)

1029 2012 1108 2045 XVII.
1131 2017 1184 2045 Fac
1198 2017 1236 2045 sis
1260 2018 1336 2051 prius
1354 2015 1481 2050 quiddam
1504 2022 1608 2048 eorum,
1625 2021 1685 2049 quae
1706 2021 1780 2041 como

994 2065 1213 2095 memoravimus,
1235 2067 1281 2090 attt
1294 2067 1368 2089 certe
1383 2061 1442 2089 talis
1459 2070 1466 2087 :
1490 2068 1520 2087 ac
1538 2065 1592 2087 tum
1609 2065 1711 2087 tantum
1732 2067 1778 2087 co-

992 2118 1118 2146 gnosces,
1143 2114 1272 2144 quantum
1290 2108 1347 2136 haec
1362 2113 1456 2135 ntuttto
1469 2114 1483 2133 a
1500 2107 1595 2140 seipsis
1610 2112 1780 2140 cognoscun-

993 2161 1046 2184 tur.
1077 2155 1153 2182 Nunc
1176 2162 1239 2182 vero
1261 2155 1339 2187 doce,
1365 2159 1394 2180 ut
1420 2153 1471 2180 hoc
1495 2152 1626 2179 duntaxat
1650 2151 1777 2181 sciamus.

994 2208 1090 2236 nempe
1107 2201 1268 2228 Trinitatem
1284 2201 1312 2227 in
1328 2199 1433 2226 unitate
1451 2203 1478 2226 et
1493 2198 1623 2225 unitatem
1646 2197 1672 2224 in
1690 2197 1779 2224 Trini-

998 2253 1053 2275 tate
1082 2248 1265 2279 adorandam,
1301 2247 1378 2281 cujus
1404 2250 1432 2273 et
1457 2245 1554 2272 divisio
1579 2249 1606 2271 et
1628 2242 1780 2277 coniunctio

996 2294 1076 2328 plane
1089 2293 1256 2321 admirabilis
1273 2293 1318 2320 sit.
1345 2290 1384 2319 Ne
1412 2290 1552 2325 passiones
1576 2293 1691 2321 metuas,
1715 2288 1779 2315 dum

997 2339 1197 2375 generationem
1211 2338 1359 2366 conﬁteris.
1378 2337 1448 2364 Deus
1464 2336 1535 2363 enim
1565 2335 1598 2362 ab
1619 2333 1694 2362 omni
1719 2341 1781 2368 pas-

998 2386 1074 2413 sione
1092 2385 1159 2412 liber
1182 2389 1234 2417 est,
1250 2383 1355 2411 etiamsi
1375 2381 1477 2417 genuit.
1497 2380 1553 2408 lloc
1574 2379 1622 2407 tibi
1651 2378 1780 2413 spondeo,

999 2439 1060 2459 eum
1076 2431 1174 2463 divino,
1194 2438 1246 2458 non
1272 2434 1361 2456 autent
1387 2429 1505 2455 humano
1528 2426 1607 2454 modo
1631 2424 1781 2460 genuisse:

1031 2586 1087 2622 (82)
1106 2583 1355 2622 Μαρτυρομένοις.
1375 2582 1439 2622 ἷξες.
1456 2580 1513 2612 bm,
1538 2578 1781 2622 μαρτυρουμένοις.

1309 2615 1380 2658 Reg;
1394 2615 1448 2649 hut,
1463 2615 1677 2658 Ἶροειρη-μέγῳν.

1111 2648 1215 2698 ᾯξγὸὶσζ
1230 2656 1277 2681 Sio
1293 2648 1459 2687 tres'ltegg.,
1474 2648 1556 2679 Coisl‘.
1569 2648 1597 2683 '5',
1615 2649 1687 2680 Pan,
1702 2648 1784 2676 Corn-

998 2691 1052 2720 bel'.
1068 2691 1095 2717 ltt
1112 2691 1189 2719 etlit..
1203 2691 1282 2716 ὅσων.

1036 2725 1093 2760 (85)
1112 2724 1327 2752 Γινώσκεσθαι.
1347 2722 1413 2760 Tres
1434 2721 1530 2757 Regg.,
1553 2720 1628 2753 Par.,
1647 2718 1782 2750 Coutbef.,

999 2758 1185 2798 γινώσκεται..
1195 2758 1486 2798 νῆες.,ργινείκῖκονταιἒ

1006 2789 1012 2797 ’
1035 2795 1092 2858 (86)
1110 2794 1256 2835 Φοϐήθῃτι
1343 2793 1388 2820 Sic
1405 2794 1458 2821 duo
1482 2791 1580 2827 Regg.,
1599 2789 1685 2824 Pass,
1706 2789 1784 2818 Cont-

1001 2833 1033 2860 be
1048 2851 1054 2858 .
1071 2830 1150 2859 Deest
1165 2829 1193 2856 δέ
1209 2838 1234 2857 ttt
1250 2830 1314 2858 edtt.

1048 2851 1054 2858 .
1071 2837 1150 2859 DeeSl
1165 2837 1193 2856 οε
1209 2838 1234 2857 Ill
1250 2837 1314 2858 eu“.
