2060 3140
283 154 353 182 ιεες

888 150 917 178 S.
937 149 1104 179 GREGORII
1125 146 1298 176 TllEOLOGl

1846 152 1917 181 1226

282 221 333 240 nec
348 212 457 244 mirum,
472 218 534 239 cum
553 209 635 239 etiam
660 210 746 246 ipsius
762 216 823 237 esse
845 209 957 236 minime
981 208 1074 235 Imma-

1130 207 1203 239 θεὸς,
1217 208 1241 233 εί
1264 207 1369 241 γέγονε,
1387 207 1424 243 μὴ
1441 206 1501 243 Θεῷ
1519 208 1675 245 συνηγορῶν
1697 208 1832 244 διακενῆς,
1849 210 1918 236 Θεὸν

282 266 348 286 num
366 259 412 286 sit.
433 257 534 284 Verum
560 257 625 284 illud
649 256 756 284 demum
786 260 887 287 metue,
908 261 942 282 ne
970 258 1076 288 tempus

281 303 322 332 illi
338 304 453 336 tribuas,
477 310 593 336 eumque
607 306 729 329 creatum
745 301 909 329 contendas.
925 299 984 326 Non
1002 299 1074 325 enim

282 361 404 397 profecto
422 360 494 387 Deus
510 358 573 391 erit.
587 359 608 386 si
626 363 733 386 creatus
751 358 841 390 fuerit,
859 365 891 384 ac
904 365 938 384 ne
962 355 1008 383 Dei
1024 363 1074 390 pa-

284 406 430 434 trocinium
457 406 592 432 incassum
609 404 769 438 suscipiens,
797 403 882 430 Deum
903 402 990 434 tollas.
1011 408 1075 428 cou-

283 459 391 479 servum
407 455 482 478 tuum
500 458 561 478 eum
580 450 693 484 faciens,
712 449 758 485 qui
782 449 861 477 simul
880 448 952 476 Deus
975 452 1027 478 est.
1048 450 1076 473 et

283 498 328 532 qui
346 502 371 524 te
389 503 496 532 quoque
516 504 548 523 ex
568 496 698 523 servitute
720 496 747 523 in
769 496 923 523 libertatem
947 493 1075 525 vindicat,

283 542 305 570 si
324 541 403 568 modo
425 549 490 569 vere
501 546 529 568 et
544 541 650 568 sincere
661 541 810 568 dominium
826 539 992 567 confitearis.
1010 537 1078 564 Pro-

1127 254 1235 289 ἀνέλῃς.
1248 254 1390 289 ὁμόδουλον
1409 254 1496 281 ποιῶν
1513 254 1544 281 τὸ
1565 255 1688 290 ὀμόθεον,
1711 255 1726 281 δ
1746 256 1793 282 καὶ
1818 255 1847 282 σὲ
1868 257 1919 291 τῆς

1127 300 1249 332 δουλείας
1263 300 1409 336 ἐλευθεροῖ,
1425 301 1458 327 ἂν
1474 301 1591 336 γνησίως
1608 301 1663 335 (87)
1674 302 1807 337 ὁμολογῇς
1820 303 1918 330 δεσπο-

1126 345 1212 372 τείαν.
1225 346 1270 381 Μὴ
1280 345 1402 381 φοϐηθῇς
1414 346 1463 381 τὴν
1477 346 1603 381 πρόοδον·
1613 347 1643 373 οὺ
1658 347 1712 383 γὰρ
1725 348 1847 383 ἀνάγκην
1858 348 1916 383 (88)

1127 392 1183 427 ἔχει
1197 392 1274 424 Θεὸς,
1296 391 1312 427 ἦ
1332 391 1369 427 μὴ
1385 391 1558 426 προϐάλλειν,
1576 393 1592 428 ἦ
1617 393 1779 428 προϐάλλειν
1802 394 1916 429 ὁμοίως,

1128 442 1143 468 ὁ
1161 441 1250 468 πάντα
1277 439 1417 470 πλούσιοςο
1445 439 1577 475 φοῦήθητι
1603 439 1632 466 δὲ
1654 440 1702 475 τὴν
1728 440 1916 476 ἀλλοτρίωσιν,

1128 487 1176 513 καὶ
1191 486 1240 521 τὴν
1252 485 1382 520 κειμένην
1396 484 1519 519 ἀπειλὴν,
1536 485 1566 510 οὐ
1582 485 1637 516 τοῖς
1654 484 1832 519 θεολογοῦσιν,
1848 485 1918 512 ἀλλὰ

1128 535 1185 565 τοῖς
1200 531 1388 568 βλασφημοῦσι
1404 531 1434 557 τὸ
1451 530 1562 565 Πνεῦμα
1577 530 1607 557 τὸ
1623 530 1710 565 ἅγιον.

283 587 433 616 cessionem
467 595 500 614 ne
527 587 622 614 timeas
645 595 652 612 :
675 594 725 614 nec
746 587 818 614 enim
850 586 903 613 Deo
922 593 1033 613 necesse
1058 587 1100 610 est
1119 588 1172 608 non
1197 580 1356 614 producere.
1368 583 1414 604 nul
1426 577 1507 604 Sim“i
1522 577 1626 604 Γὶειίοηο
1649 577 1809 612 Ρτοάυοετθν
1824 581 1919 612 υῑΡοιθ

284 634 329 669 qui
361 634 387 661 in
408 636 532 661 omnibus
553 633 629 660 dives
661 637 723 665 est;

763 639 856 659 verum
890 631 1082 659 alienationem
1111 631 1211 656 metue.
1239 632 1272 652 ae
1297 623 1534 651 comminationem
1562 631 1621 650 eam
1651 630 1712 658 quae
1736 631 1783 650 eos
1816 628 1918 656 manet.

284 690 336 709 non
355 681 401 716 qui
422 680 550 714 Spiritum
575 682 700 706 sanctum
723 678 806 705 Deum
821 684 884 705 esse
899 677 1071 712 proﬁtentur,
1092 673 1138 702 sed
1153 673 1198 707 qui
1210 678 1271 698 eum
1286 670 1456 697 comumeliis
1470 669 1598 696 alliciunt.

321 726 412 753 XVIII.
429 725 510 756 Cave,
528 732 560 751 ne
576 725 654 752 unius
671 723 814 758 imperium
837 723 909 750 male
927 722 1014 754 colas,
1035 720 1076 747 di-

284 770 424 797 vinitatem
440 768 604 795 contrahens
637 772 685 794 aut
711 767 925 799 circumcidens;
947 774 997 794 nec
1024 766 1075 792 tri-

286 816 368 844 tlteiaz
387 822 491 842 crimen
509 814 556 842 tibi
572 818 700 848 pudorem
719 817 836 845 moveat.
858 813 978 847 quandiu
1005 812 1074 840 alius

1165 718 1219 744 lH’.
1232 717 1308 751 Μήτε
1321 715 1370 750 τὴν
1382 715 1528 750 μοναρχίαν
1540 714 1632 746 κακῶς
1643 715 1770 750 τιμήσῃς,
1784 713 1919 750 συναιρῶν

1127 763 1144 799 ἢ
1162 762 1336 799 περικόπτων
1354 761 1484 796 θεότητα.’
1514 761 1582 796 μήτε
1599 760 1630 786 τὸ
1647 761 1695 796 τῆς
1716 760 1838 796 τριθεῖας
1860 760 1919 796 (⁸9)

1126 810 1252 845 ἔγκλημα
1269 808 1425 844 αἰσχυνθῇς,
1443 807 1496 839 ἕως
1509 807 1542 833 ἂν
1554 807 1600 833 καὶ
1612 807 1690 838 ἄλλος
1706 807 1761 842 (90)
1775 807 1920 843 κινδυνεύῃ

287 869 396 897 quoque
411 861 506 889 eadem
535 861 641 888 ratione
673 861 700 887 in
733 848 842 887 ditlieia':
870 859 990 894 periculo
1017 867 1078 886 ver-

1130 857 1177 891 τὴν
1190 855 1301 882 διθεῖαν.
1319 855 1353 881 Ἣ
1367 854 1422 889 γὰρ
1433 852 1595 884 σανέλυσας,
1610 853 1626 889 ἢ
1647 853 1853 890 συνηπὸρησας,
1871 854 1887 889 ἢ
1904 855 1919 880 ὁ

285 914 371 936 satur.
401 908 455 935 Aut
479 907 550 935 enim
564 915 625 934 cum
645 907 691 933 illo
704 906 809 934 crimen
825 905 960 940 objectum
973 905 1076 933 dilues:

286 959 331 980 aut
347 960 407 981 cum
420 953 466 980 illo
477 953 592 980 haerebis
604 961 610 978 :
624 956 671 978 aut
688 951 732 978 ille
742 951 849 985 quidem
868 951 946 978 simul
959 959 1018 978 cum
1037 959 1080 978 ra-

287 999 405 1026 tionibus
429 999 486 1026 suis
505 998 655 1025 divinitatis
694 998 866 1031 naufragium
904 997 997 1029 faciet.
1030 997 1078 1024 tibi

286 1052 352 1072 vero
377 1045 520 1072 incolumis
561 1044 689 1071 divinitas
726 1043 903 1078 permanebit.
932 1043 972 1071 Ac
987 1044 1009 1070 si
1036 1051 1080 1070 ra-

288 1091 326 1118 tio
341 1091 396 1125 ipsa
412 1090 597 1117 lmbecillitate
621 1089 763 1122 laborarit,
787 1089 873 1116 salius
887 1093 929 1116 est
945 1089 971 1115 in
996 1088 1080 1115 ratio-

288 1137 368 1163 nibus
394 1135 530 1165 laborare.
549 1135 612 1162 dum
642 1134 773 1170 Spiritum
801 1134 897 1161 ducem
923 1141 1078 1168 sequamur.

288 1189 368 1216 quam
385 1181 476 1215 impiis
488 1181 662 1216 dogmatibus
678 1181 758 1208 facile
777 1181 916 1212 assentiri,
933 1181 996 1207 dum
1024 1181 1079 1207 otio

288 1231 382 1253 nostro
397 1231 424 1253 et
438 1226 547 1254 desidiae
567 1226 745 1253 consulimus.
767 1225 914 1252 Instantius
933 1230 960 1252 et
973 1225 1080 1260 opposi-

289 1273 386 1305 tioaes,
403 1279 555 1307 novamque
567 1272 704 1306 pietatem,
720 1277 747 1298 et
757 1271 876 1305 jejunum
897 1278 930 1298 ac
948 1271 1078 1297 minutam

291 1318 452 1353 sapientiam
469 1322 622 1350 contemne,
637 1323 664 1344 et
681 1317 788 1352 quidem
806 1316 902 1351 magis.
918 1323 999 1351 quam
1015 1323 1079 1342 ara-

289 1371 402 1391 nearum
421 1363 500 1393 telas.
517 1370 577 1397 qua:
598 1370 706 1390 muscas
732 1362 840 1398 quidem
862 1362 989 1393 retinent.
1006 1369 1020 1388 a
1035 1369 1080 1389 ve-

1131 901 1181 937 μὲν
1199 901 1352 935 ὲναυάγησε
1375 899 1445 935 μετὰ
1470 899 1524 926 τῶν
1551 899 1689 934 λογισμῶν
1715 900 1762 926 καὶ
1791 899 1917 935 θεότητα,

1130 948 1171 974 σοὶ
1185 947 1214 973 δὲ
1230 947 1379 982 παρέμεινε
1395 946 1500 981 θεότης.
1519 945 1575 972 Καὶ
1596 946 1620 972 εί
1641 946 1656 972 ὁ
1675 945 1753 980 λόγος
1771 946 1917 981 ἠσθένησε,

1130 995 1256 1030 κρεῖσσον
1281 994 1379 1029 καμεῖν
1402 991 1457 1028 (91)
1483 992 1511 1019 ὲν
1534 993 1591 1024 τοῖς
1614 992 1753 1028 λογισμοῖς
1776 992 1844 1028 μετὰ
1868 993 1919 1028 τῆς

1129 1033 1241 1074 ὁδηγίας
1262 1038 1308 1065 τοῦ
1327 1038 1494 1072 Πνεύματος,
1510 1037 1526 1073 ἧ
1547 1038 1698 1073 προχείρως
1721 1038 1850 1073 ἀσεϐῆσαι
1868 1038 1920 1072 τὴν

1131 1083 1272 1120 ῥαστώνην
1285 1083 1426 1111 διώκοντα.
1443 1084 1560 1111 Διάπτυέ
1580 1092 1624 1119 μοι
1640 1083 1688 1115 τὰς
1703 1084 1853 1116 ἐνστάσεις,
1870 1084 1920 1110 καὶ

1129 1129 1179 1161 τὰς
1202 1129 1365 1161 ἀντιθέσεις,
1392 1130 1440 1156 κα),
1461 1128 1511 1165 τὴν
1534 1129 1597 1155 νέαν
1620 1128 1674 1164 (92)
1695 1129 1844 1161 εὐσέϐειαν,
1871 1129 1920 1156 καὶ

1129 1175 1180 1210 τὴν
1195 1175 1353 1211 μικρολόγον
1368 1175 1481 1210 σοφίαν·
1499 1175 1545 1202 καὶ
1557 1174 1670 1201 διάπτυε
1686 1175 1766 1202 πλέον
1783 1175 1799 1211 ἢ
1817 1175 1851 1202 τὰ
1865 1175 1919 1202 τῶν

1129 1221 1266 1258 ἀραχνίων
1283 1222 1402 1256 νήματα,
1430 1221 1510 1257 μυίας
1535 1221 1584 1257 μὲν
1600 1221 1762 1257 κρατοῦντα,
1789 1221 1871 1257 σφηξὶ
1890 1221 1920 1248 δὲ

1130 1267 1300 1303 ρηγνύμενα,
1309 1267 1384 1294 οὔπω
1395 1267 1468 1302 λέγω
1479 1267 1630 1300 δακτύλοις,
1643 1267 1702 1294 οὐδὲ
1714 1267 1786 1303 ἄλλῳ
1798 1276 1851 1294 τινι
1864 1267 1920 1294 τῶν

1130 1313 1287 1350 βαρυτέρων
1308 1314 1452 1349 σωμάτων.
1472 1314 1520 1341 Ἓν
1541 1314 1650 1340 δίδασκε
1673 1313 1812 1349 φοϐεῖσθαι
1827 1314 1918 1349 μόνον,

1129 1359 1160 1386 τὸ
1172 1359 1246 1386 λύειν
1270 1360 1319 1395 τὴν
1337 1359 1428 1386 πίστιν
1449 1360 1478 1387 ὲν
1499 1361 1555 1392 τοῖς
1575 1360 1748 1396 σοφίσμασιν.
1773 1360 1811 1387 Οὐ
1834 1360 1920 1388 δεινὸν

288 1409 346 1443 spis
360 1413 448 1436 autem
471 1413 694 1443 perrumpuntur,
709 1415 742 1435 ne
761 1408 849 1435 dicam
872 1414 887 1433 a
910 1407 1012 1442 digitis,
1035 1410 1078 1434 aut

1130 1405 1278 1441 ἡττηθῆναι
1290 1406 1372 1441 λόγῳ,
1391 1406 1422 1432 οὐ
1443 1406 1498 1442 γὰρ
1515 1406 1624 1433 πάντων
1641 1407 1655 1433 ό
1671 1407 1748 1441 λόγος
1759 1415 1765 1421 ·
1787 1407 1872 1434 δεινὸν
1890 1407 1920 1434 δὲ

287 1453 370 1490 ωε
392 1454 447 1481 alio
466 1454 593 1488 quopiam
625 1454 742 1487 graviori
763 1461 890 1488 corpore.
917 1452 973 1480 Hoc
995 1461 1077 1480 unum

1130 1451 1300 1487 ζημιωθῆναι
1324 1451 1449 1488 θεότητα,
1474 1452 1583 1479 πάντων
1603 1452 1657 1488 γὰρ
1682 1454 1698 1488 ἡ
1720 1453 1806 1485 ἐλπίς.
1827 1453 1920 1481 Ταῦτα

288 1507 338 1527 nos
354 1500 441 1527 timeri
461 1500 539 1532 doce,
558 1500 686 1526 nimirum
702 1507 736 1527 ne
762 1500 787 1526 in
804 1500 916 1534 argutiis
931 1504 958 1526 et
973 1499 1078 1534 captio-

1131 1498 1180 1533 μὲν
1199 1495 1245 1524 οὖν
1266 1497 1404 1524 καὶκατὰ
1429 1498 1540 1524 σεαυτὸν
1566 1498 1767 1533 φιλοσοφήσειν,
1792 1497 1838 1525 οἷδ’
1866 1499 1918 1531 ὅτι,

290 1546 370 1572 nibus
382 1546 462 1573 fidem
477 1545 623 1573 solvamus.
642 1545 774 1572 Sermone
791 1545 890 1571 victum
908 1552 967 1572 esse
994 1545 1076 1571 mllll-

1131 1543 1335 1579 προθυμότερόν
1365 1552 1395 1569 τε
1425 1543 1481 1579 (93)
1510 1544 1557 1570 καὶ
1582 1544 1759 1580 τελεώτερον·
1787 1546 1920 1580 ἐγγυᾶταί

290 1599 334 1618 me
347 1598 427 1626 grave
441 1596 522 1624 atque
536 1590 663 1618 acerbum
678 1595 730 1622 est,
742 1598 795 1617 non
809 1590 880 1617 enim
897 1590 1020 1616 omnium
1035 1595 1078 1617 est

1133 1598 1177 1624 μοι
1193 1589 1248 1623 (94)
1262 1589 1297 1615 τὰ
1311 1589 1344 1616 σὰ
1360 1589 1515 1625 τραύματα,
1530 1591 1576 1617 κα).
1588 1591 1618 1617 τὸ
1635 1591 1680 1618 σὺν
1698 1592 1776 1627 σῶμα
1793 1592 1863 1628 ὑπὲρ
1874 1593 1920 1618 εὑ-

288 1642 400 1663 serme:
420 1641 446 1662 at
461 1643 524 1662 vero
545 1643 627 1671 grave
640 1640 666 1663 et
691 1637 818 1662 acerbum
840 1639 883 1662 est
907 1635 1014 1662 deitatis
1036 1635 1078 1669 ja-

1132 1634 1239 1666 σεϐείας
1253 1635 1407 1670 πεπονηκός
1416 1645 1424 1652 ·
1437 1636 1484 1662 καὶ
1499 1637 1580 1672 ἡμεῖς
1590 1636 1617 1663 δὲ
1637 1637 1919 1673 συμφιλοσοφήσομεν,

288 1686 393 1708 cturam
407 1681 517 1714 fecisse,
533 1681 655 1708 omnium
672 1682 744 1709 enim
757 1686 798 1708 est
813 1689 886 1716 spes.
904 1681 1004 1708 Verum
1020 1681 1079 1708 haec
1131 1681 1180 1717 ὅση
1196 1681 1253 1715 (95)
1267 1681 1391 1717 δύναμις.

289 1727 347 1761 ipse
361 1733 407 1761 per
422 1731 458 1758 te,
469 1731 513 1753 sat
527 1726 593 1758 scio.
605 1726 756 1761 promptius
773 1731 801 1753 et
814 1725 959 1761 perfectius
971 1725 1221 1761 pbilosoplraberis;
1234 1726 1259 1754 id
1272 1727 1338 1754 mihi
1351 1726 1461 1754 vulnera
1473 1732 1516 1754 tua
1532 1729 1919 1763 spondent.corpusqueistud.

289 1772 360 1808 quod
378 1779 426 1807 pro
438 1772 538 1806 pietate
550 1771 697 1806 permultos
708 1771 814 1798 labores
824 1771 991 1804 esautlavit;
1011 1779 1115 1806 nosque
1128 1773 1209 1799 etiam
1226 1780 1278 1799 una
1294 1778 1381 1799 tecum
1399 1781 1448 1807 pro
1463 1773 1534 1800 virili
1551 1779 1640 1800 nostra
1659 1774 1919 1808 pliilosophabimur.

326 1820 396 1849 XIX.
414 1821 449 1848 At
463 1825 503 1852 tu,
519 1827 580 1847 cum
595 1819 730 1854 egregiam
743 1819 990 1854 peregrinationem
1003 1819 1079 1847 obie-

290 1867 339 1899 ris.
356 1867 506 1899 Trinitatis,
524 1867 550 1893 in
570 1865 752 1894 tabernaculis
775 1866 934 1899 habitantis,
948 1867 970 1893 si
987 1871 1077 1893 tanteu

291 1912 362 1939 Deus
376 1911 486 1938 omnino
506 1911 532 1938 in
557 1911 720 1938 ntanul'actis
740 1911 855 1942 habitat,
881 1919 986 1938 memor
1008 1917 1078 1944 esto.

290 1957 440 1992 messisque
455 1957 535 1992 bujus
546 1957 661 1992 exigum,
676 1965 729 1984 non
743 1965 776 1984 ex
791 1958 881 1992 parvis
899 1957 1007 1992 quidem
1026 1959 1080 1993 pie-

291 2004 354 2031 tatis
373 2003 532 2035 seminibus,
554 2011 643 2037 parvaa
671 2009 759 2030 tamen
784 2003 873 2030 adhuc
896 2009 922 2030 et
943 2003 1032 2035 exilis,
1052 2009 1081 2031 et

291 2057 352 2084 qua:
368 2049 496 2084 paulatim
522 2048 673 2083 colligatur.
694 2048 769 2076 Facti
793 2049 865 2077 enim
890 2057 985 2077 sumus
1009 2050 1080 2077 sicut

291 2095 337 2129 qui
352 2095 477 2130 stipulam
493 2095 518 2121 in
536 2102 624 2122 messe
638 2095 780 2129 colligunt,
798 2099 828 2121 ut
853 2102 914 2121 cum
945 2094 1078 2130 Propheta

1165 1820 1216 1846 18⁸.
1235 1821 1271 1847 Σὺ
1297 1820 1325 1847 δὲ
1343 1821 1407 1847 ὅταν
1417 1820 1474 1855 (96)
1491 1821 1649 1856 ἑκδημὴσῃς
1664 1821 1713 1856 τὴν
1730 1821 1815 1856 καλὴν
1839 1822 1920 1857 ἐκδη-

1133 1867 1206 1902 μίαν,
1223 1866 1345 1901 μέμνησὸ
1364 1875 1408 1901 μοι
1421 1867 1471 1901 τῆς
1483 1867 1596 1902 Τριάδος
1611 1867 1639 1893 ὲν
1654 1869 1765 1902 σκηναῖς
1780 1867 1921 1894 κατοικού-

1132 1921 1182 1948 σης
1193 1914 1261 1949 (97),
1279 1914 1358 1950 εἴπερ
1369 1915 1438 1946 ὅλως
1448 1917 1476 1942 ὲν
1490 1917 1689 1951 χειροποιήτοις
1702 1917 1772 1942 οίκεῖ
1780 1916 1834 1950 (98)
1842 1916 1919 1948 Θεὸς,

1131 1961 1179 1987 καὶ
1197 1961 1244 1987 τοῦ
1262 1961 1361 1997 μικροῦ
1384 1962 1478 1989 τούτου
1504 1962 1610 1997 θέρους.
1627 1963 1677 1989 οὐκ
1699 1963 1730 1989 ἐκ
1749 1963 1853 1999 μικρῶν
1871 1962 1920 1997 μὲν

1132 2005 1186 2032 τῶν
1207 2007 1258 2041 τῆς
1281 2007 1421 2039 εὐσεϐείας
1439 2008 1614 2044 σπερμάτων,
1633 2009 1702 2045 πλὴν
1723 2009 1762 2036 ἔτι
1778 2010 1875 2045 μικροῦ
1889 2018 1920 2036 τε

1133 2051 1180 2078 κα).
1197 2053 1336 2087 πενιχροῦ,
1352 2053 1400 2079 καὶ
1412 2053 1472 2080 κατ’
1490 2054 1579 2089 ὀλίγον
1597 2056 1789 2091 συναγομένου.
1809 2056 1920 2092 Ἐγενή-

1133 2097 1220 2133 θημεν
1231 2099 1286 2133 (99)
1301 2099 1356 2134 γὰρ
1372 2099 1410 2131 ὡς
1436 2101 1599 2134 συνάγοντες
1620 2101 1747 2138 καλάμην
1764 2103 1793 2128 ἐν
1809 2102 1919 2138 ἁμήτῳ,

292 2145 442 2176 opportune
461 2141 566 2176 loquar,
580 2145 607 2167 et
632 2141 783 2168 racemulos
807 2141 833 2168 iu
852 2141 998 2174 vindemia,
1015 2149 1077 2169 cum

1131 2144 1155 2169 εί
1168 2144 1209 2170 δεῖ
1222 2143 1251 2171 τὸ
1265 2144 1311 2170 τοῦ
1329 2145 1473 2180 Προφήτου
1488 2147 1574 2173 εἰπεῖν
1591 2147 1620 2173 ὲν
1637 2147 1734 2182 καιρῷ,
1748 2147 1795 2174 καὶ
1807 2147 1844 2178 ὡς
1860 2148 1921 2174 ἐπι-

329 2231 384 2265 (87)
406 2231 455 2257 Ἂν
471 2231 611 2265 γνησίως.
633 2229 679 2258 Sic
701 2229 821 2265 plerique
834 2230 914 2257 codd.
941 2230 968 2257 ln
984 2231 1074 2264 editis,

293 2267 431 2296 mendose.
446 2266 591 2300 ἁγνησίως.

329 2301 434 2335 (88)οὺ
447 2300 502 2336 γὰρ
509 2299 718 2335 ἂνάγκην,ειο.
727 2300 834 2327 Dillius:
849 2309 859 2325 ι
872 2299 926 2326 Nec
941 2301 1011 2328 enim
1024 2301 1078 2329 Deo

293 2336 335 2363 vel
346 2337 492 2369 producere
501 2336 541 2362 vel
550 2344 600 2362 non
613 2336 759 2370 producere
768 2342 879 2362 necesse
888 2340 940 2370 est,
951 2341 1042 2370 utpote
1051 2338 1077 2363 in

294 2371 418 2397 omnibus
444 2371 555 2397 diviti.»
579 2369 624 2398 Sic
648 2371 729 2398 etiam
757 2370 873 2397 Nicetas.
899 2369 996 2397 Verum
1023 2379 1078 2398 non

293 2405 418 2432 videntur
433 2405 554 2439 Gregorii
569 2409 684 2433 mentem
699 2405 825 2432 assecuti.
844 2404 904 2432 H.r.e
918 2406 990 2432 enim
1007 2408 1079 2434 dicta

294 2445 357 2468 sunt
369 2441 401 2467 de
413 2441 529 2474 Spiritus
540 2441 624 2467 sancti
640 2441 820 2475 processioue.
835 2448 896 2474 qua:
913 2445 975 2467 tunc
988 2448 1003 2467 a
1020 2441 1080 2475 plu-

294 2477 368 2502 ribus
380 2475 596 2509 impugnabatur.
608 2475 683 2503 Unde
695 2475 840 2510 Gregorius
851 2476 902 2501 ait:
917 2484 926 2500 ι
939 2475 975 2502 Ne
986 2477 1080 2504 timeas

293 2510 493 2545 processionem
510 2519 515 2536 :
531 2517 580 2537 nec
595 2511 668 2537 enim
685 2510 740 2536 Deo
755 2517 865 2536 necesse
881 2515 932 2540 est.
947 2519 999 2537 non
1018 2519 1080 2544 pro-

294 2546 402 2576 ducere.
417 2550 463 2571 aut
477 2545 556 2572 simili
573 2546 651 2572 modo
669 2545 825 2579 producere.
841 2554 851 2570 »
869 2545 944 2578 quasi
967 2547 1078 2573 unicum

294 2581 320 2607 in
341 2581 394 2607 Deo
414 2585 485 2607 esset
500 2581 662 2615 producendi
681 2587 775 2613 genus.
799 2579 903 2606 scilicet
926 2587 974 2613 per
997 2589 1080 2615 gene-

295 2616 438 2646 rationem,
454 2615 489 2642 ita
512 2621 541 2642 ut
558 2614 676 2649 Spiritus
693 2619 812 2646 sanctus,
828 2622 888 2641 cuin
904 2623 935 2641 ex
954 2614 1009 2643 Deo
1032 2617 1077 2648 sit,

295 2651 404 2677 deberet
425 2657 532 2685 quoque
553 2657 614 2677 esse
639 2650 763 2686 genitus.
781 2650 852 2686 sicut
879 2649 982 2684 Filius;
1007 2652 1080 2686 quod

294 2686 402 2719 quidem
417 2690 458 2712 est
473 2690 567 2712 contra
583 2685 693 2712 Deitatis
711 2685 829 2711 divitias.

331 2720 387 2755 (89)
409 2721 547 2754 Τριθεΐας.
564 2720 651 2750 Pass..
667 2719 792 2755 Τριὰδος.
818 2719 881 2747 llzec
908 2719 1082 2747 Macedonio-

296 2754 356 2782 rum
374 2755 520 2785 cavillatio.
533 2756 578 2790 qui
595 2754 696 2781 Filium
711 2755 820 2789 quidem
840 2754 925 2782 Deum
942 2755 1080 2788 dicebant,

298 2797 354 2825 non
366 2798 429 2816 vero
447 2789 577 2825 Spiritum
593 2795 728 2825 sanctum.

333 2824 389 2858 (90)
410 2826 464 2851 Καὶ
478 2824 584 2856 ἄλλος.
602 2824 650 2851 0r.
663 2825 688 2857 l.
704 2824 751 2851 καὶ
768 2824 849 2859 ἄλλῳ.

333 2859 389 2896 (9i)
408 2859 625 2896 Kapsir._Coisl.
643 2860 669 2894 l.
683 2864 710 2888 et
725 2859 813 2892 Pass.,
825 2859 948 2895 κάμνειν.
962 2859 1030 2890 Male
1054 2861 1082 2889 in

1128 2233 1206 2263 edit..
1219 2233 1329 2269 κᾴμεῖν.

1165 2269 1221 2302 (92)
1242 2269 1296 2306 Καὶ
1315 2269 1373 2306 τὴν
1389 2269 1475 2298 νέαν.
1490 2271 1536 2298 Sic
1555 2274 1611 2298 tres
1626 2270 1720 2306 Regg..
1739 2271 1787 2299 0r.
1800 2271 1826 2304 1,
1841 2271 1918 2301 Pass.

1130 2303 1209 2331 Deest
1222 2304 1267 2330 καί
1285 2305 1310 2330 in
1323 2305 1388 2331 edit.

1165 2339 1221 2377 (9S)
1241 2340 1468 2377 Hpoﬂvygiré‘pﬁir
1492 2349 1535 2368 τε.
1562 2341 1608 2368 Sic
1625 2345 1679 2368 tres
1696 2341 1780 2377 Regg.
1793 2347 1820 2370 et
1842 2341 1918 2369 Pass.

1129 2372 1157 2400 In
1247 2372 1450 2418 προθυμήτερόν
1465 2385 1502 2418 τις

1243 2408 1474 2448 ξίξγγυιῂαῖμοι.
1494 2412 1520 2438 In
1534 2411 1704 2446 quibusdam,
1718 2412 1805 2448 ἐγγυᾷ
1815 2412 1847 2438 τέ
1863 2421 1919 2447 μοι.

1165 2443 1222 2482 (9Ξξ)
1347 2443 1436 2482 Pass.
1451 2446 1489 2478 ὡς
1503 2448 1532 2482 ἡ.

1165 2479 1222 2513 (96)
1241 2479 1283 2516 Σὺ
1304 2479 1338 2506 δὲ
1358 2479 1441 2512 ὅταν,
1459 2479 1519 2508 ειο.’
1539 2480 1684 2508 Maximum
1706 2481 1750 2508 bic
1776 2482 1920 2516 compellat

1131 2513 1290 2551 Gregorius,
1305 2521 1386 2548 atque
1403 2524 1463 2542 eum
1481 2521 1567 2551 rogat.
1583 2521 1622 2547 ιιι,
1639 2523 1698 2542 cum
1713 2513 1918 2548 Alexandriam.

1131 2548 1309 2576 confessionis
1325 2551 1409 2584 gloria
1435 2548 1591 2583 decoratus,
1609 2558 1732 2578 reversus
1753 2551 1844 2582 fuerit.
1867 2553 1920 2579 illic

1131 2583 1181 2624 sibi
1204 2592 1306 2624 suoque
1327 2583 1406 2620 kregi
1424 2585 1511 2613 faveat
1534 2586 1603 2624 apud
1622 2585 1921 2624 glexaudriuumanli-

1134 2620 1235 2656 alitem,
1251 2620 1328 2654 cujus
1358 2628 1453 2654 magna
1481 2627 1541 2648 erat
1568 2622 1594 2646 in
1619 2621 1919 2656 Constantinopolitana

1131 2653 1251 2680 Ecclesia
1267 2653 1424 2691 auctoritas.
1439 2656 1492 2683 Sed
1507 2664 1554 2683 sua
1566 2655 1726 2691 Gregorium
1740 2653 1918 2691 spes'fefellit,

1132 2692 1161 2714 ut
1177 2696 1238 2715 mox
1254 2689 1412 2716 videbimus.
1625 2689 1634 2691 ⁷
1755 2689 1764 2691 “
1902 2706 1913 2715 ς

1169 2722 1225 2761 (9'5)
1251 2724 1302 2761 ’ἓν
1326 2725 1455 2759 σκηναῖς
1475 2726 1688 2758 κατοικούσης.
1706 2725 1755 2753 Hic
1769 2725 1920 2761 significare

1133 2758 1243 2799 videtur
1257 2758 1414 2794 Gregorius,
1444 2761 1581 2789 Ecclesias
1605 2761 1694 2788 adhuc
1714 2768 1774 2788 esse
1792 2758 1818 2789 i'n
1838 2762 1921 2788 lia-re-

1134 2798 1248 2820 ttcomm
1265 2799 1408 2825 potestate.

1169 2827 1225 2862 (98)
1246 2829 1335 2856 οἰκεῖ.
1355 2830 1441 2861 Pass.
1456 2832 1589 2858 κατοικεῖ.

1171 2863 1227 2899 (99)
1253 2864 1462 2901 Ἐγενγξθημεν.
1478 2867 1567 2901 Pass.,
1579 2866 1739 2903 ιγενόμιθα.
