2060 3140
217 192 288 220 (ἓὲθ
763 193 892 222 ORATIO
912 194 1007 223 XXVI.
1028 211 1062 216 —
1081 196 1114 224 IN
1135 196 1293 225 SEIPSUM.
1673 227 1675 229 .
1768 203 1837 232 1250

222 250 296 278 τοῦτο
312 250 394 285 λέγω,
409 249 456 277 καὶ
476 250 525 287 τὴν
547 250 628 285 ἁγίαν
646 251 800 287 τράπεζαν·
816 248 854 280 ὧν
870 253 950 288 ἡμεῖς
972 253 997 280 τί

1055 255 1114 288 tias,
1126 262 1173 283 eos
1190 256 1234 291 qui
1252 256 1362 292 ducunt,
1379 261 1407 285 et
1420 257 1465 292 qui
1478 258 1621 292 ducuntur,
1637 266 1683 287 eos
1699 260 1743 296 qui
1759 261 1836 289 dam-

219 297 318 333 ιιράτος
341 297 412 333 ἔχειν
430 297 581 330 δοκοῦντες,
603 299 649 324 καὶ
669 297 724 325 τῶν
745 297 909 333 ἐγγιζόντων
929 299 997 332 ὄντες

1056 307 1121 327 num
1136 300 1266 334 inferunt,
1281 306 1308 328 et
1323 302 1368 336 qui
1396 303 1544 337 patiuntur,
1558 311 1605 331 eos
1621 305 1666 339 qui
1682 304 1783 340 lugent,
1810 312 1839 334 et

218 342 287 377 Θεῷ,
302 342 407 370 δέδοικα
424 344 461 379 μὴ
481 344 573 376 κακῶς
585 344 750 379 ὲγγίζωμεν,
766 345 876 382 καὶ,-ὡς
893 345 997 382 καλάμη

1055 346 1100 381 qui
1120 346 1253 381 lugentur,
1273 355 1320 376 eos
1335 349 1379 383 qui
1410 349 1528 384 plorant,
1543 350 1670 384 gaudent,
1699 353 1839 380 matrimo-

219 389 296 424 πυρὶ,
312 388 367 425 πῦρ
380 390 410 416 οὐ
424 390 562 425 φέροντες.

1055 391 1128 419 nium
1157 392 1261 424 ineunt,
1291 393 1434 428 sepeliant,
1459 394 1612 429 laudamur,
1630 397 1837 432 vituperantur,

220 435 299 468 hanc,
314 437 434 472 inquam,
451 437 507 464 vitii
518 437 624 469 silvam,
646 438 737 465 mundi
756 437 901 470 fervorem,
926 438 1030 466 subitas
1044 443 1072 465 et
1085 439 1249 473 repentinas,
1280 441 1352 468 velut
1382 441 1409 469 in
1443 442 1543 477 Euripo
1571 448 1600 471 et
1621 449 1762 473 ventorum
1778 446 1838 481 agi-

223 482 333 515 latione,
360 482 549 517 mutationes),
583 491 674 510 verum
701 483 782 510 etiam
807 484 1001 511 venerabiliora
1021 484 1078 511 haec
1095 489 1123 512 et
1155 487 1353 521 praestantiora,
1386 489 1535 516 sacrarium
1555 497 1651 525 nempe
1675 496 1703 519 et
1731 499 1838 520 sacram

220 535 354 561 mensam;
374 536 487 564 quorum
519 537 579 556 cum
601 529 650 564 ipsi
681 529 860 564 principatum
887 534 979 557 tenere
1009 530 1157 564 videamur,
1174 536 1201 558 et
1233 532 1259 559 in
1285 539 1388 566 eorum,
1400 534 1446 568 qui
1461 534 1494 561 ad
1510 534 1594 563 Deum
1610 538 1837 574 appropinquant.

220 583 331 603 numero
344 575 441 608 simus,
454 582 549 603 vereor
561 582 594 602 ne
609 575 678 604 male
694 577 950 612 appropinquemus,
964 580 1000 609 et,
1021 579 1148 611 tanquam
1166 578 1264 613 stipula
1292 579 1326 606 ad
1358 579 1457 616 ignem,
1479 581 1549 617 ignis
1566 583 1620 611 vim
1633 584 1705 613 ferre
1715 592 1837 622 nequea-

219 629 290 648 lIlllS.

253 669 289 695 B'.
305 668 377 704 Πλὴν
392 668 541 704 ἐπανῆλθον
562 668 636 703 ὑμῖν,
655 668 701 704 βία
717 669 764 704 μὲν
778 668 953 704 ἀποδραμὼν,
969 669 997 696 οὐ

1089 667 1120 695 ll.
1138 668 1269 696 Caeterum
1292 670 1326 697 ad
1340 677 1388 698 vos
1401 671 1479 704 redii,
1493 676 1521 700 et
1536 673 1583 708 qui
1602 681 1616 701 a
1635 675 1714 703 vobis
1738 676 1839 706 invitus

219 715 264 751 βίᾳ
276 714 304 741 δὲ
318 715 509 751 προσδραμὼν,
527 715 594 742 ἀλλὰ
618 715 664 741 καὶ
685 715 756 750 μάλα
778 715 935 751 προθύμως,
954 716 997 742 καὶ

1053 713 1245 747 discesseram,
1262 715 1331 742 idem
1347 723 1399 743 non
1412 717 1522 751 invitus,
1539 718 1585 746 sed
1600 720 1690 748 animo
1707 729 1838 757 perquam

217 761 379 796 αὐτομάτοις
394 761 466 793 ποσὶ,
479 761 509 787 τὸ
521 761 568 787 τοῦ
580 761 672 796 λόγου,
686 761 733 788 τοῦ
745 761 903 796 Πνεῦματος
915 761 997 794 οὕτως

1054 759 1147 792 alacri,
1174 762 1396 797 spontaneisque,
1425 768 1454 791 ut
1476 764 1528 792 dici
1553 766 1632 799 solet,
1656 769 1768 803 pedibus
1793 778 1840 798 ac-

217 808 337 842 ἇγοντος,
352 807 477 842 καθάπερ
489 816 515 834 τι
528 807 626 843 ῥεῦμα,
642 808 708 843 πρὸς
722 809 771 843 μὲν
783 808 812 834 τὺ
824 808 936 840 ἄναντες
945 808 1000 843 (19)

218 853 384 889 βιαζόμενον,
397 854 436 885 εἰς
447 853 471 880 δὲ
495 853 524 880 τὸ
544 854 647 890 πρανὲς
665 853 720 889 (20)
734 853 920 889 ἐπειγόμενον.
938 854 1002 880 Ὄν-

216 910 269 932 τως
283 900 373 935 ἡμέρα
389 899 446 935 μία,
461 899 516 934 βίος
529 899 589 931 ὅλος
602 899 756 936 ἀνθρώπου,
770 901 826 931 τοῖς
842 899 917 934 πόθῳ
930 899 1002 934 κάμ-

216 955 316 974 νουσιν.
340 946 377 973 Τὸ
397 946 450 982 γὰρ
472 945 518 972 τοῦ
551 944 646 972 Ἰακὼϐ
670 945 771 981 ἑτέρως
781 945 837 981 (21)
862 945 933 981 ἔχειν
957 954 1001 981 μοι

215 993 354 1027 φαίνεται·
371 993 399 1024 ὃς
421 992 467 1027 ἐτη
496 992 684 1028 δεκατέσσαρα
708 991 841 1019 δουλεύων
862 991 900 1026 τῷ
923 992 1002 1027 Σύρῳ

215 1038 308 1066 Λάὃαν
324 1038 393 1074 ὑπὲρ
408 1038 461 1064 τῶν
478 1038 524 1065 δύο
540 1038 683 1074 παρθένων
695 1038 744 1065 οὐκ
757 1037 886 1073 ἔκαμνεν
903 1035 1001 1065 τΗσαν

215 1085 270 1120 τὰρ
285 1084 374 1117 αὐτῷ,
387 1085 479 1120 φησιν,
494 1086 523 1111 αἱ
538 1084 634 1112 πᾶσαι
647 1084 763 1120 ἡμέραι,
777 1084 817 1117 ὡς
833 1084 926 1119 ἡμέρα
935 1085 1000 1119 μία,

214 1129 263 1157 διὰ
281 1129 313 1157 τὸ
337 1128 457 1164 ἀγαπᾷν
478 1129 580 1162 αὐτάς.
607 1130 686 1161 Ἴσως
707 1129 747 1155 ὃτι
766 1129 794 1155 ἐν
818 1129 910 1163 ὄψεσιν
923 1127 956 1164 ἦν
971 1129 1002 1156 τὸ

215 1176 390 1211 ποθούμενον,
413 1176 429 1211 ἦ
452 1176 493 1202 ὄτι
509 1175 608 1210 κοῦφον
622 1175 651 1201 τὸ
669 1174 785 1210 κάμνειν
807 1174 900 1210 ἔρωτι,
913 1173 964 1200 κᾶν
984 1175 1001 1209 ἠ

214 1222 331 1258 ἀναϐολὴ
346 1221 377 1248 τὸ
389 1221 509 1256 λυπηρὸν
526 1221 574 1256 ἔχῃ
587 1220 654 1256 (‘29.).
669 1220 761 1252 Οὕτως
775 1220 805 1246 τὸ
825 1220 933 1255 ἕτοιμον
945 1220 1001 1256 (25)

214 1269 253 1300 εἰς
274 1268 409 1302 ἐξουσίαν,
432 1268 516 1303 ἀργὸν
534 1268 574 1299 είς
595 1267 752 1302 ἐπιθυμίαν,
765 1266 804 1298 ὥς
825 1275 867 1297 τις
883 1266 933 1301 ἔφη
948 1267 1000 1293 τῶν

214 1315 267 1351 πρὸ
279 1314 366 1350 ἡμῶν.
389 1314 459 1348 Ἐγὼ
471 1313 536 1348 γοῦν
555 1314 635 1348 ἡνίκα
651 1314 700 1348 μὲν
716 1313 857 1348 παρήμην,
873 1312 1001 1347 ἐλάχιστα

213 1360 259 1387 τοῦ
273 1360 373 1391 πάθους
386 1359 624 1394 ἐπαισθανόμενος,
638 1358 718 1394 ἡνίκα
728 1358 756 1385 δὲ
768 1358 823 1394 (24)
835 1358 999 1393 ὲχωρίσθην,

213 1406 298 1441 ἔγνων
316 1406 362 1432 τὸν
377 1406 459 1432 πόθον
482 1406 528 1432 τὸν
550 1404 650 1439 γλυκὺν
672 1403 820 1440 τύραννον·
841 1403 1000 1440 καινὸν

212 1452 240 1479 δὲ
253 1452 339 1480 οὐδέν.
353 1453 384 1478 Εἰ
397 1452 450 1488 γὰρ
468 1451 593 1478 τοσοῦτον
608 1450 731 1486 ὀδύρεται
747 1450 793 1476 καὶ
811 1449 937 1485 βουκόλος
951 1449 1000 1485 μό-

213 1507 276 1534 σχον
289 1499 337 1533 τῆς
358 1498 456 1533 ἀγέλης
469 1497 701 1532 ἀποφοιτήσαντα,
717 1496 764 1522 καὶ
779 1495 882 1530 ποιμὴν
897 1495 1001 1532 πρόϐα-

212 1554 257 1572 τον
280 1545 404 1580 ὲλλεῐψαν
424 1544 527 1576 δεκάδι,
553 1543 599 1570 καὶ
621 1543 714 1579 ὄρνεον
738 1542 858 1575 νοσσιὰν,
875 1543 909 1578 ἣν
932 1542 1001 1578 πρὸς

1055 806 1138 840 curri,
1155 806 1257 841 Spiritu
1280 808 1385 836 scilicet
1408 817 1462 843 me,
1480 810 1554 839 lluvii
1572 813 1709 848 cujusdam
1726 815 1753 843 in
1783 824 1839 844 mo-

1055 852 1127 885 dum,
1145 858 1251 888 agente,
1265 855 1311 890 qui
1330 863 1378 890 per
1392 857 1504 885 acclivia
1522 859 1630 894 quidem
1650 868 1702 888 non
1714 862 1767 889 nisi
1794 871 1841 890 co-

1054 902 1131 925 actus
1142 897 1238 933 fertur,
1250 908 1298 935 per
1313 909 1397 936 prona
1413 907 1502 931 autem
1518 910 1546 931 et
1567 906 1680 934 declivia
1698 907 1839 937 celerrime

1054 944 1164 972 labitur.
1180 945 1219 973 Ac
1234 946 1354 981 profecto
1369 947 1409 974 vel
1424 949 1519 977 unicus
1534 951 1592 978 dies
1617 952 1699 980 totius
1716 954 1778 982 vitae
1789 954 1839 982 ltu-

1053 997 1138 1017 ntanaa
1155 990 1242 1018 instar
1257 997 1302 1019 est.
1321 993 1456 1021 desiderio
1470 994 1663 1025 laborantibus.
1682 998 1749 1026 Nam
1774 1000 1838 1028 illud

1052 1036 1212 1070 patriarcha
1224 1037 1386 1067 Jacobmihi
1405 1040 1457 1068 alio
1481 1043 1561 1070 modo
1585 1050 1614 1070 se
1640 1043 1741 1072 habere
1761 1047 1839 1074 vide-

1053 1085 1106 1114 tur,
1122 1082 1166 1116 qui
1182 1090 1231 1117 pro
1245 1084 1350 1112 duabus
1364 1085 1513 1120 virginibus
1535 1089 1741 1123 quatuordecim
1758 1093 1838 1120 annis

1052 1126 1144 1155 Laban
1159 1128 1229 1164 Syro
1246 1131 1377 1165 serviens,
1392 1132 1597 1169 haudquaquam
1618 1134 1711 1163 labore
1729 1136 1837 1173 frange-

1052 1173 1141 1201 batur.
1160 1175 1245 1202 Erant
1259 1177 1339 1210 enim,
1353 1177 1548 1213 inquit,omnez
1561 1180 1601 1207 illi
1615 1181 1670 1208 dies
1688 1183 1763 1217 quasi
1781 1184 1838 1210 die:

1051 1226 1130 1251 unus,
1145 1220 1213 1254 quod
1228 1229 1318 1248 earum
1337 1231 1425 1250 amore
1439 1225 1562 1259 ﬂagraret
1571 1226 1603 1253 °'.
1629 1227 1711 1263 Cujus
1726 1228 1764 1256 rei
1780 1229 1839 1257 hth

1051 1263 1168 1292 fortasse
1190 1273 1270 1293 causa
1297 1273 1368 1301 erat,
1391 1270 1456 1304 quia
1484 1271 1522 1297 rei
1545 1272 1671 1306 expetitae
1694 1279 1839 1309 conspectu

1052 1310 1214 1338 fruebatur:
1229 1311 1270 1340 vel
1286 1313 1384 1347 etiam,
1409 1316 1473 1350 quia
1496 1317 1563 1345 levis
1579 1323 1620 1345 est
1647 1319 1732 1346 amori
1749 1321 1837 1354 labor,

1052 1356 1159 1384 tametsi
1176 1356 1269 1386 dilatio
1290 1359 1347 1393 ipsa
1360 1360 1510 1389 molestiam
1530 1362 1634 1390 allerat.
1651 1363 1696 1391 Sic
1712 1365 1840 1394 videlicet

1051 1407 1146 1431 natura
1168 1410 1353 1439 comparatum
1373 1411 1424 1440 est,
1441 1412 1470 1435 ut
1483 1415 1513 1436 ea
1537 1411 1645 1444 segnius
1663 1416 1834 1445 appetamus,

1050 1449 1148 1483 quibus
1173 1450 1252 1478 facile
1276 1451 1415 1488 libereque
1442 1453 1494 1482 frui
1522 1455 1594 1489 licet,
1611 1458 1837 1491 quemadmodum

1050 1501 1170 1523 veterum
1186 1497 1294 1532 quidam
1310 1498 1465 1526 ailirmavit.
1480 1500 1610 1535 Equidem
1625 1502 1692 1537 ipse,
1708 1504 1764 1538 qui,
1776 1511 1838 1532 cum

1051 1542 1184 1576 adessem,
1203 1543 1256 1571 vim
1283 1544 1363 1579 hujus
1379 1544 1490 1574 allectus
1505 1554 1599 1582 parum
1615 1549 1759 1577 admodum
1774 1558 1838 1578 sen-

212 1591 300 1626 ὸλίγον
316 1592 446 1618 ἀπέλιπεν
457 1590 524 1626 (‘26),
540 1589 610 1616 ὥστε
630 1590 654 1616 οἱ
669 1589 717 1625 μὲν
733 1589 783 1621 τὰς
803 1589 935 1624 σύριγγας
949 1588 997 1614 λα-

1052 1588 1162 1620 ticbam,
1190 1593 1367 1624 posteaquam
1389 1598 1405 1618 a
1424 1592 1500 1620 vobis
1518 1593 1673 1628 disjunctus
1693 1603 1764 1629 sum,
1789 1603 1838 1623 cu-

212 1637 313 1669 σόντες,
332 1637 377 1663 ἐπί
393 1646 453 1664 τινα
469 1635 584 1663 σκοπιὰν
608 1634 774 1666 ἀνελθόντες,
791 1633 926 1669 πληροῦσι
947 1633 998 1669 τῆς

212 1683 330 1718 ἀθυμίας
342 1684 403 1714 τοὺς
411 1682 539 1713 δόνακας,
557 1681 604 1707 καὶ
614 1680 820 1712 ἀνακαλοῦνται,
838 1680 875 1711 ὡς
891 1680 998 1714 λογικὰ,

215 1728 244 1755 τὰ
262 1728 439 1762 πλανώμενα·
458 1727 509 1753 κᾶν
531 1726 718 1757 ὑπακούσωσι,
743 1726 868 1761 χαίρουσι
899 1726 999 1761 μᾶλλον

211 1774 228 1809 ἢ
243 1775 324 1800 πᾶσιν
339 1772 405 1808 ὁμοῦ
422 1773 477 1803 τοῖς
493 1771 592 1803 ἄλλοις,
611 1769 648 1798 ὧν
667 1771 716 1797 οὐκ
731 1771 906 1806 ἐφρόντισαν·
925 1771 956 1797 τδ
971 1771 999 1797 δὲ

211 1819 308 1854 τρύζον
319 1819 364 1844 ἐπὶ
373 1817 421 1853 τὴν
431 1817 528 1844 καλιὰν
542 1817 620 1848 ἵεται,
635 1817 682 1844 καὶ
693 1817 820 1851 τρύζουσι
834 1816 1000 1852 προσπίπτει

211 1866 265 1896 τοῖς
286 1866 413 1896 νεοσσοῖς,
440 1864 486 1890 καὶ
511 1863 637 1899 περιέπει
659 1864 720 1893 ταῖς
742 1861 865 1897 πτέρυξι·
885 1861 999 1896 πηλίκον

212 1911 245 1938 ἂν
263 1912 305 1947 εἴη
323 1910 401 1945 δεξιῷ
427 1910 534 1945 ποιμένι
558 1909 655 1943 λογικὰ
671 1908 828 1943 θρέμματα,
846 1908 893 1934 καὶ
915 1904 951 1933 ὧν
972 1916 998 1934 τι

211 1956 461 1993 προεκινδύνευσεν,
474 1955 534 1982 ἐπεὶ
545 1954 590 1981 καὶ
600 1953 678 1980 τοῦτο
688 1953 726 1988 τῷ
735 1952 839 1989 φίλτρῳ
849 1953 904 1988 (27)
912 1961 998 1988 προσ-

211 2004 316 2039 τίθησιν
327 2012 334 2036 ;

1051 1632 1189 1667 piditatem
1204 1641 1387 1669 amoremque,
1403 1635 1507 1663 dulcem
1527 1641 1681 1672 tyrannum,
1692 1647 1839 1673 agnoscere

1050 1678 1136 1712 cepi;
1154 1679 1224 1713 qttod
1238 1680 1346 1713 quidem
1369 1688 1422 1708 non
1444 1686 1484 1709 est
1502 1690 1551 1710 cur
1579 1691 1675 1711 novum
1702 1685 1837 1713 videatur.

1049 1722 1154 1751 Etenim
1171 1724 1194 1750 si
1212 1724 1254 1751 vel
1284 1725 1415 1754 bubulcus
1433 1726 1468 1754 ob
1492 1728 1603 1756 vitulum
1633 1737 1714 1757 ttnum
1735 1731 1767 1758 ab
1793 1740 1839 1758 ar-

1051 1773 1144 1796 mento
1162 1769 1347 1804 aberrantem,
1361 1772 1402 1799 vel
1428 1778 1520 1808 pastor
1535 1774 1569 1802 ob
1587 1776 1715 1809 pecudem
1739 1784 1771 1803 ex
1790 1776 1839 1804 de-

1052 1815 1130 1842 nario
1150 1823 1263 1843 numero
1290 1817 1470 1851 deiicientem,
1488 1819 1528 1846 vel
1553 1820 1612 1848 avis
1639 1821 1674 1848 ob
1704 1821 1836 1855 nidulum,

1047 1866 1127 1893 quem
1144 1860 1176 1887 ad
1189 1860 1270 1889 breve
1291 1865 1395 1896 tempus
1410 1863 1530 1898 reliquit,
1545 1872 1629 1899 usque
1647 1866 1715 1894 adeo
1732 1867 1838 1894 discru-

1047 1905 1113 1932 ciari
1126 1906 1223 1939 solent,
1237 1911 1267 1935 ut
1282 1912 1309 1935 et
1323 1908 1371 1941 illi,
1383 1910 1498 1945 arreptis
1513 1911 1620 1944 fistulis,
1637 1912 1718 1948 473
1732 1913 1759 1940 in
1775 1921 1837 1949 spe—

1047 1954 1135 1981 culam
1154 1955 1296 1990 quamdam
1314 1957 1412 1990 evecti,
1429 1963 1543 1986 mcestos
1556 1959 1787 1994 inllentcalamos,
1810 1966 1841 1993 et

1045 2000 1164 2034 palantia
1189 2002 1326 2036 animalia,
1343 2005 1418 2037 quasi
1435 2004 1543 2032 ratione
1562 2006 1685 2039 prrcdila,
1702 2011 1833 2039 evocent;

213 2059 244 2078 ac.
257 2052 278 2077 si
292 2050 440 2085 paruerint,
454 2048 581 2082 majorem
597 2055 630 2075 ex
648 2047 713 2079 illis,
731 2053 812 2081 quam
825 2053 858 2073 ex
876 2046 986 2081 reliquis
1003 2046 1136 2075 universis
1149 2048 1183 2076 de
1207 2050 1304 2084 quibus
1324 2050 1431 2078 solliciti
1447 2058 1500 2078 non
1524 2051 1643 2086 fuerant,
1678 2052 1837 2081 delectatio-

214 2105 272 2125 nem
290 2096 451 2131 percipiant;
477 2095 534 2122 hzec
551 2101 613 2121 vero
628 2093 744 2120 stridens
764 2093 797 2119 ad
818 2092 910 2119 nidum
928 2092 1062 2124 convolct,
1085 2093 1219 2129 pullisque
1251 2095 1428 2124 stridentibus
1468 2096 1611 2130 allabatur,
1644 2105 1747 2133 eosque
1772 2105 1838 2134 pen'

213 2144 255 2172 nis
267 2144 374 2170 foveat:
400 2146 501 2176 quanto
524 2140 632 2168 tandem
650 2139 789 2166 chariores
810 2145 870 2166 esse
898 2145 946 2172 par
973 2142 1014 2165 est
1047 2139 1117 2174 apud
1137 2140 1235 2168 bonum
1260 2148 1292 2169 ac
1316 2142 1470 2178 pervigilem
1489 2147 1624 2177 pastorem
1648 2151 1712 2172 oves
1731 2145 1837 2173 ratione

212 2190 348 2226 pmdims,
367 2194 394 2217 et
411 2196 459 2223 pro
476 2195 591 2223 quarum
617 2186 703 2214 salute
727 2185 849 2213 nonnihil
881 2185 993 2220 periculi
1013 2187 1105 2220 subiit,
1138 2196 1200 2216 cuin
1239 2189 1290 2217 hoc
1314 2197 1420 2225 quoque
1446 2190 1565 2218 acriores
1592 2192 1693 2219 amoris
1713 2191 1835 2221 ﬂammas

211 2235 330 2264 excitet?

246 2258 349 2312 ἱίὶς
369 2280 423 2315 ἐγὼ
438 2280 543 2307 δέδοικα
570 2279 618 2315 μὲν
640 2279 703 2310 τοὺς
725 2278 816 2314 βαρεῖς
832 2278 941 2310 λύκους,
961 2278 997 2314 μὴ

1085 2279 1128 2306 Ill.
1149 2279 1279 2314 Equidem
1293 2281 1350 2316 ipse
1364 2289 1460 2316 graves
1475 2286 1502 2309 et
1523 2286 1629 2310 atroces
1647 2283 1724 2318 lupos
1742 2284 1833 2317 timeo,

210 2328 260 2363 τὴν
276 2327 453 2362 σκοτόμαιναν
464 2326 517 2361 (28)
530 2325 607 2361 ἡμῶν
619 2326 797 2360 τηρήσαντες,
813 2324 863 2360 τὴν
878 2325 997 2360 ποίμνην

212 2371 369 2410 σπαράξωσι
383 2372 470 2406 λόγοις
485 2372 712 2402 συναοπακτικοῖς
721 2379 750 2396 τε
758 2369 813 2405 (29)
828 2370 874 2396 καὶ
884 2369 994 2402 βιαίοιςο

248 2432 270 2448 ⁸⁸
284 2431 352 2459 Gen.
368 2429 504 2462 sxvnﬂﬁ.

242 2479 302 2523 ’(19)
323 2488 474 2519 Ἄνακτες.
490 2485 536 2512 Sic
549 2483 669 2520 plerique
683 2482 761 2511 codd.
775 2481 860 2510 Prave
872 2482 897 2508 in
913 2482 992 2515 edin,

211 2525 439 2595 ἆνῗέὦοῇρανρς.
455 2555 500 2583 Sic
518 2559 571 2582 tres
585 2553 680 2588 Regg.,
694 2552 776 2580 Coisl.
790 2552 816 2585 Ι,
831 2556 860 2579 et
869 2550 991 2579 Combef.

210 2594 309 2663 mai),
482 2614 604 2658 Coisl.i,
627 2623 676 2658 οὐχ
701 2622 814 2659 ἑτέρως.
836 2621 882 2649 Sic
906 2621 989 2648 etiam

212 2664 276 2698 legit
292 2663 414 2690 Rufinus.
964 2692 971 2697 .

248 2698 303 2733 (‘22)
326 2698 362 2724 Ἢ
383 2696 463 2733 5st,.
476 2716 482 2722 .
500 2692 820 2733 λυπηρὸν-ἐκψνὴο
847 2692 943 2733 desunt
964 2699 992 2718 tn

213 2727 333 2768 pluribus
347 2732 424 2758 codd.
438 2727 596 2768 Nectamen
611 2738 625 2768 ιι
638 2727 768 2768 Gregorio
782 2732 875 2768 nostro
894 2727 990 2768 aliena.

211 2761 377 2801 Augustinus
392 2767 463 2804 enim
489 2765 535 2804 lib.
556 2764 593 2791 De
608 2765 673 2790 bono
690 2761 991 2804 μὶιιιιίίαιξδηιοιηὶίνί,

211 2795 273 2837 pag:
287 2802 350 2834 584,
370 2802 490 2828 eamdem
509 2799 565 2826 fere
582 2799 742 2837 sententiam
770 2798 851 2824 habet
864 2805 879 2837 ι.
890 2805 899 2822 ι
917 2795 993 2824 Nullo

214 2835 302 2869 modo,
326 2837 420 2871 inquit,
447 2840 510 2863 sunt
535 2837 640 2862 onerosi
661 2835 926 2871 laboresamautium
942 2851 948 2857 .
962 2850 969 2858 .
983 2850 990 2858 .

213 2873 279 2899 Νιιιη
295 2868 319 2899 in
335 2868 369 2898 co'
384 2871 454 2905 quod
471 2874 586 2903 amatur,
601 2874 647 2897 aut
667 2876 721 2897 non
738 2868 885 2898 laboratur.
901 2871 946 2894 aut
967 2871 994 2894 et

214 2907 289 2936 labor
303 2911 417 2934 amatur.
430 2915 439 2932 ι

1051 2333 1095 2358 ne,
1111 2326 1225 2362 caligine
1256 2332 1348 2354 nostra
1371 2328 1524 2360 observata,
1545 2329 1636 2364 rapaci
1666 2337 1699 2357 ac
1718 2330 1834 2358 violenta

1050 2369 1173 2398 doctrina
1189 2378 1297 2407 gregem
1313 2371 1472 2400 dilacerent.
1488 2373 1677 2408 lntempestam
1692 2375 1763 2402 enim
1785 2383 1836 2402 uo-

1077 2482 1135 2517 (25)
1156 2482 1255 2521 Οίξτοις
1278 2490 1312 2521 ζο
1334 2482 1464 2521 ἕτοιμον,
1487 2488 1541 2511 etc.
1567 2484 1669 2513 Plinius
1693 2486 1772 2521 epist.
1786 2486 1834 2519 ‘20,

1042 2516 1089 2543 lib.
1104 2518 1234 2556 vnt,__a_it:
1254 2526 1263 2543 t
1278 2516 1404 2556 omnium
1429 2527 1518 2546 rerutn
1542 2521 1640 2555 cupido
1664 2516 1844 2556 languescit,~

1042 2559 1102 2579 cum
1121 2551 1209 2579 facilis
1225 2553 1333 2580 occasio
1346 2557 1397 2580 est.
1413 2563 1422 2580 ›

1077 2586 1134 2630 (2t)
1156 2587 1265 2630 I'Hrlea
1287 2587 1401 2630 μένκι.
1416 2589 1507 2622 ἡνίκα
1523 2588 1566 2616 δέ.
1584 2589 1629 2617 Sic
1644 2590 1735 2625 plures
1750 2591 1830 2619 codd.

1041 2621 1069 2649 In
1087 2622 1130 2657 ed.
1146 2624 1242 2649 desunt
1261 2621 1310 2657 μέν
1326 2627 1353 2649 et
1368 2623 1406 2650 δέ.

1087 2656 1133 2692 25)
1155 2656 1273 2684 Καινόκ.
1292 2657 1356 2692 Reg.
1373 2659 1428 2690 bm,
1443 2659 1490 2685 καὶ
1506 2659 1608 2686 καινόν.

1090 2691 1134 2723 '26)
1160 2691 1414 2725 Ἀπέλιπενξιὶεμ.
1428 2693 1484 2725 btn,
1498 2695 1652 2722 κατέλιπεν.

1077 2726 1132 2762 (27)
1155 2726 1196 2763 Τῷ
1219 2728 1342 2761 φίλτρῳ.
1370 2727 1415 2755 Sic
1433 2728 1499 2763 Reg.
1516 2730 1572 2762 bm,
1588 2729 1635 2757 0r.
1652 2731 1662 2757 1
1680 2734 1707 2758 et
1730 2730 1826 2759 Comb.

1042 2761 1121 2789 Deest
1135 2761 1173 2796 τῷ
1188 2763 1214 2788 itt
1229 2762 1294 2789 edit.

1077 2796 1134 2831 (28)
1155 2797 1366 2831 Σκοτόμαιναιπ
1383 2797 1466 2825 Leuv.
1479 2799 1569 2831 vertit,
1590 2808 1600 2826 ι
1614 2800 1801 2828 interlunium.
1814 2808 1826 2828 ι

1078 2832 1406 2872 (ἐθλΣυναρπςσῐκζικοῖς
1430 2841 1471 2872 τε.
1498 2833 1565 2870 llos.
1590 2835 1653 2871 but,
1674 2843 1830 2872 σπαρακτι·

1043 2869 1111 2900 κοῖς.
1129 2867 1208 2896 Deest
1224 2875 1254 2893 τε
1271 2868 1298 2895 in
1314 2867 1418 2896 duobus
1435 2868 1519 2904 ltcgg.
