2060 3140
225 196 288 224 1231

823 191 850 218 5.
871 190 1012 219 GRECOR
1019 189 1038 217 11
1061 188 1233 217 Τ11Εο1.0(]1

1775 194 1844 222 1252

222 261 291 282 clem
308 257 427 288 captant.
442 252 512 287 quod
539 252 628 286 palam
646 255 792 286 aperteque
809 250 876 277 nihil
901 249 1006 277 eﬁirere

1060 248 1152 284 ἐπειδὴ
1164 248 1212 280 τὰς
1222 247 1350 284 ἀκαιρίας
1361 248 1415 284 (50)
1429 249 1550 285 τηροῦσι,
1563 250 1593 277 τὺ
1605 251 1729 287 φανερῶς
1744 254 1843 288 ἰσχύειν

222 299 336 335 possint.
354 298 438 325 Fures
452 298 533 324 etiam
545 304 577 324 ac
587 297 706 323 latrancs
721 300 820 328 metuo,
835 303 867 322 ne
881 303 929 330 per
940 303 1006 322 cau-

223 346 274 372 lam
291 344 482 375 transilientes,
496 348 542 370 aut
567 342 715 376 impudenti
743 346 824 376 atque
843 346 939 375 aperto
956 341 1008 368 int-

222 396 285 426 petu
299 397 362 417 oves
375 389 512 424 diripiant,
530 393 576 415 aut
586 387 679 415 furtim
694 387 877 422 intercipiant.
893 391 922 414 ut
948 394 1006 413 ma-

221 441 304 470 ctent,
333 441 360 463 et
377 435 510 470 juguient,
527 443 558 462 ac
581 434 694 469 perdant
717 433 756 466 “,
784 433 919 468 rapientes
936 433 1008 468 rapi-

221 491 280 514 nas,
302 487 329 510 et
346 482 449 509 animas
469 482 653 512 comedentes,
676 485 705 508 ut
727 481 855 516 propheta
873 481 1006 515 quispiam

221 529 319 556 cecinit
334 529 367 556 ".
385 528 539 561 Quinetiam
562 527 625 555 illud
646 535 750 557 vereor.
775 535 808 554 ne
824 527 886 562 quis
901 533 1005 556 eorum.

221 574 265 608 qui
281 575 339 601 heri
354 578 382 600 et
404 574 600 601 nudiustertius
615 580 630 600 a
650 573 728 599 nobis
738 572 854 604 stabant,
869 571 1006 607 angustius

221 620 318 646 ostium
335 619 406 646 haud
425 619 544 646 clausum
571 623 678 650 nactus,
699 626 730 645 ac
754 625 801 653 per
816 617 1007 644 familiaritatis

221 666 339 700 speciem
360 665 506 699 ingressus,
529 665 584 697 jam
600 669 630 691 ut
654 664 757 691 alienus
774 663 884 690 insidias
910 662 1005 690 molia-

220 716 275 739 tur.
306 711 395 739 Multm
416 712 488 738 enim
518 711 654 745 variaeque
686 710 826 743 ejus,qui
852 708 1004 743 huiusmodi

220 766 264 785 res
281 759 306 785 in
327 758 463 784 hominum
479 757 583 784 animos
607 756 738 787 immittit,
753 761 825 782 artes
848 760 875 782 et
902 755 1006 782 insidia:

220 809 301 836 sunt;
321 811 371 831 nec
387 803 528 838 quisquam
545 807 599 829 tam
614 801 700 828 solers
714 805 756 828 est
767 808 856 828 rerum
871 800 1005 827 variarum

223 850 396 882 architectus,
419 855 499 884 quam
531 848 633 883 peritus
650 847 706 874 vitii
729 846 828 873 artifex
853 850 894 873 est
914 849 1006 872 noster

223 893 404 921 adversarius.
431 892 490 920 Jam
511 892 576 919 mihi
598 898 705 926 quoque
732 891 854 918 timorem
883 890 1006 925 injiciuut

223 946 315 972 canes,
334 945 382 974 per
397 938 451 965 vim
470 939 496 965 in
523 942 660 972 pastorum
680 937 795 964 classem
816 936 1004 970 irrumpentes.

222 985 312 1019 idque,
327 985 398 1020 quod
411 985 556 1012 absurdum
572 983 651 1010 valde
665 988 716 1016 est,
731 990 794 1010 cum
811 982 844 1009 ad
862 981 1006 1016 pastoralis

221 1031 340 1058 muneris
351 1030 613 1058 administrationem
633 1028 701 1056 nihil
726 1027 838 1055 omnino
853 1027 925 1054 aliud
940 1035 1005 1054 con-

222 1076 341 1109 tulerint,
353 1084 432 1111 quam
445 1075 515 1111 quod
532 1081 648 1106 comam,
661 1074 703 1101 eui
719 1073 848 1100 ornanda
867 1078 894 1100 et
905 1072 1006 1100 alendte

222 1122 335 1155 turpiter
351 1122 519 1153 studuerant,
536 1123 682 1151 raserunt;
708 1119 752 1154 qui
778 1126 827 1146 nec
855 1118 880 1145 in
909 1125 1006 1145 canum

221 1166 314 1193 ordine
329 1169 496 1198 manserunt,
523 1173 571 1192 nec
585 1169 708 1198 pastores
734 1163 797 1191 lacti
813 1167 885 1195 sunt,
902 1163 953 1190 nisi
979 1167 1008 1190 ut

221 1210 322 1236 lanient
336 1214 362 1237 et
372 1210 540 1245 dispergant,
564 1215 645 1244 atque
659 1209 773 1236 aliorum
790 1209 897 1236 labores
909 1208 1007 1236 infrin-

219 1261 293 1292 gant.
308 1255 528 1291 Quandoquidem
541 1255 646 1283 facilius
669 1263 776 1290 semper
789 1259 831 1282 est
846 1254 1008 1282 labefactare

220 1309 252 1329 ac
266 1302 388 1335 perdere,
396 1309 476 1336 quam
485 1308 644 1328 conservare
657 1305 699 1328 :et
713 1300 798 1328 labori
809 1300 915 1335 quidem
928 1300 1008 1327 homo

220 1348 350 1380 nasi-itur,
359 1347 582 1383 quemadmodum
591 1347 626 1374 ait
634 1346 723 1379 Joh",
730 1351 757 1374 et
766 1347 840 1374 navis
846 1346 1006 1378 exstruitur,

221 1398 247 1419 et
261 1393 354 1420 domus
363 1393 526 1425 aedificatur;
541 1393 694 1420 interﬁcere
705 1398 805 1426 autem,
819 1398 865 1419 aut
875 1397 1006 1425 evertere,

221 1444 268 1465 aut
278 1439 421 1466 incendere
435 1439 522 1473 quivis
535 1439 612 1466 facile
620 1443 717 1473 potest.
727 1439 766 1466 Ac
774 1439 886 1473 proinde
894 1446 926 1465 ue
937 1445 1009 1465 nunc

220 1484 328 1519 quidem
364 1485 520 1512 insolentius
544 1492 602 1512 sese
626 1484 750 1516 eﬂerant,
773 1483 819 1518 qui
855 1490 938 1511 canes
963 1483 1010 1509 ad-

221 1537 316 1557 versus
328 1536 434 1564 gregent
451 1530 634 1560 concitarunt,
644 1529 689 1564 qui
710 1536 743 1556 ne
753 1529 884 1556 oviculam
898 1529 1007 1563 quidem

221 1582 301 1602 unam
320 1575 442 1610 proferre
456 1580 580 1610 possunt,
594 1583 674 1608 quam
702 1575 874 1605 adduxerim,
891 1575 931 1601 vel
945 1582 1009 1601 con-

220 1621 365 1648 servarint.
381 1621 435 1648 Nec
451 1621 524 1649 enim
555 1626 629 1648 recte
656 1620 745 1647 facere
761 1620 923 1651 didicerunt,
945 1627 1006 1646 cum

222 1667 420 1701 improbitatem
452 1667 572 1695 studiose
598 1667 748 1694 coluerunt.
776 1665 860 1702 474
889 1666 965 1698 Quod
983 1665 1006 1692 si

221 1721 328 1748 gregem
345 1713 516 1748 perturbant,
532 1713 603 1741 idem
619 1717 648 1740 et
675 1720 757 1748 parva
782 1717 928 1747 tempestas
950 1710 1007 1739 elﬁ-

1058 295 1107 321 οὺκ
1123 294 1238 328 ἔχοντες.
1264 294 1375 322 Δέδοικα
1392 295 1420 322 δὲ
1443 296 1505 328 τοὺς
1521 297 1622 333 λῃστὰς
1644 299 1692 325 καὶ
1713 299 1842 334 κλέπτας,

1059 340 1097 374 μὴ
1113 339 1156 366 διὰ
1170 340 1219 374 τῆς
1243 340 1327 375 αὐλῆς
1350 341 1558 384 ὑπερϐάντες,γῆ
1576 343 1697 380 ἀναιδείᾳ
1724 346 1844 382 συλήσω-

1060 393 1110 416 σιν,
1127 385 1142 420 ἢ
1157 385 1189 411 δι’
1204 386 1312 421 ἀπάτης
1329 385 1473 420 κλέψωσιν,
1498 387 1568 414 ὥστε
1595 388 1688 422 θῦσαι,
1708 391 1754 417 καλ⁵
1778 393 1844 419 ἀπο.

1059 433 1224 463 κτεῖναι,κα“ι
1232 432 1372 464 ἀπολέσαι,
1384 433 1552 467 ἁρπάζοντες
1562 435 1742 470 ἁρπάγματα,
1756 438 1844 472 ψυχὰς

1057 478 1255 510 κατεσθίοντες,
1272 478 1309 509 ὦς
1325 486 1368 510 τις
1380 478 1432 513 ἔφη
1449 479 1504 505 τῶν
1517 481 1673 515 προφητῶν.
1689 482 1799 510 Δέδοικα
1815 484 1843 510 δὲ

1057 524 1106 559 τὴν
1129 524 1293 560 παράθυρον,
1318 525 1354 560 μή
1376 533 1418 556 τις
1442 525 1583 552 ἄκλειστον
1605 527 1692 562 εὑρὼν
1709 530 1763 555 τῶν
1779 530 1843 565 χθὲς

1058 571 1199 606 ἡμετέρων
1214 571 1269 605 (51)
1295 571 1342 597 καὶ
1366 571 1471 607 πρώην,
1489 571 1548 598 εἶτα
1562 573 1600 605 ὡς
1619 574 1684 606 ἴδιος
1705 576 1841 610 εἰσελθὼν,

1057 617 1236 654 ἐπιϐουλεύσῃ
1254 618 1292 649 ὼς
1306 617 1454 652 ἀλλότριος.
1473 619 1572 646 Πολλαὶ
1589 621 1643 655 γὰρ
1661 623 1707 648 καὶ
1723 623 1842 650 ποικίλαι

1057 663 1103 690 τοῦ
1115 664 1149 690 τὰ
1165 663 1276 690 τοιαῦτα
1292 664 1464 700 ἐνεργοῦντος
1484 666 1511 691 αἱ
1533 666 1682 701 μεῦοδεῑειι·
1698 669 1744 694 καὶ
1757 669 1844 701 οὐδεὶς

1056 709 1142 740 οὕτως
1164 710 1331 745 ἀρχιτέκτων
1352 710 1457 742 οὐδενὸς
1477 710 1530 737 τῶν
1545 713 1684 745 ποικίλων,
1701 714 1739 745 ὡς
1767 722 1842 749 σοφι-

1056 754 1122 787 στὴς
1145 754 1242 785 κακίας
1255 755 1269 780 6
1285 755 1478 789 ἀντικείμενος.
1497 756 1607 783 Δέδοικα
1623 757 1651 784 δὲ
1665 758 1714 793 ἤδη
1731 759 1776 785 καὶ
1793 759 1844 785 κύο

1057 794 1181 834 ναςςόὶ),
1204 801 1336 835 ποιμένας
1364 799 1433 827 εἶναι
1460 802 1646 838 βιαζομένους,
1668 805 1713 831 καὶ
1732 805 1762 832 τὸ
1785 806 1842 841 (33)

1057 845 1216 880 παράδοξον,
1238 846 1313 873 οὐδὲν
1333 848 1372 879 εἰς
1397 849 1577 885 ποιμαντικὴν
1595 850 1807 885 εἰσενεγκόντας,
1823 853 1841 888 ἢ

1056 891 1087 917 τὸ
1117 894 1206 928 κεῖραι
1245 894 1349 928 κόμας,
1381 894 1413 926 ἃς
1434 895 1526 926 κακῶς
1556 897 1693 932 ἤσκησαν·
1720 897 1745 924 οῖ
1773 899 1842 934 μήτε

1058 937 1137 969 κύνες
1148 939 1203 972 (54)
1215 938 1334 973 ἔμειναν,
1348 940 1414 975 μήτε
1430 941 1557 975 ποιμένες
1568 943 1706 976 γεγόνασι,
1717 944 1786 979 πλὴν
1794 944 1842 972 τοῦ

1057 984 1204 1019 σπαράξαι,
1226 986 1274 1011 καὶ
1292 985 1447 1021 διασπεῖραι
1458 987 1524 1022 (55'),
1540 988 1587 1014 καὶ
1611 988 1734 1016 διαλῦσαι
1760 991 1843 1018 κόπον

1056 1028 1205 1064 ἀλλότριον.
1226 1030 1334 1066 Ἐπειδὴ
1355 1032 1421 1066 ῥᾷον
1432 1032 1475 1058 ἀεὶ
1491 1033 1522 1058 τὸ
1534 1033 1700 1069 διαφῠείρειν
1713 1035 1761 1061 τοῦ
1779 1044 1842 1062 συν-

1056 1075 1163 1109 τηρεῖν·
1179 1075 1227 1101 καὶ
1242 1077 1368 1110 γεννᾶται
1392 1077 1440 1111 μὲν
1458 1077 1599 1113 ἄνθρωπος
1618 1079 1706 1115 κόπῳ,
1731 1081 1812 1116 φησιν
1829 1083 1844 1108 6

1063 1119 1133 1151 Ίὼῦ,
1148 1121 1195 1147 καὶ
1208 1123 1386 1156 ναυπηγεῖται
1407 1122 1482 1155 ναῦς,
1501 1123 1547 1149 καὶ
1569 1124 1641 1150 οἰκία
1666 1126 1842 1153 συνίσταταιο

1057 1166 1214 1193 ἀποκτεῖναι
1230 1167 1268 1200 δὲ,
1288 1168 1304 1203 ἦ
1331 1168 1478 1196 καταλῦσαι
1489 1170 1555 1203 (56).
1582 1171 1599 1206 ἢ
1623 1172 1773 1207 ἐμπρῆσαι,
1795 1173 1842 1199 τοῦ

1058 1210 1217 1246 βουλομένω
1232 1213 1340 1244 παντός.
1360 1215 1440 1240 Ὥστε
1459 1215 1525 1250 μηδὲ
1545 1215 1591 1241 νῦν
1609 1216 1678 1250 μέγα
1695 1217 1842 1252 φρονείτω-

1058 1265 1106 1282 σαν
1124 1258 1148 1283 οἱ
1171 1259 1204 1293 τῇ
1225 1259 1327 1295 ποίμνῃ
1351 1259 1413 1290 τοὺς
1436 1259 1520 1291 κύνας
1545 1260 1794 1296 ἐπαναστήσαντες,
1816 1262 1843 1288 οι

1058 1304 1192 1338 πρόϐατον
1209 1305 1258 1339 μὲν
1277 1304 1306 1331 ἐν
1328 1305 1376 1331 οὐκ
1394 1305 1426 1332 ἂν
1447 1305 1533 1341 ἔχοιεν
1545 1307 1692 1338 εἰπεῖν.ὼς
1705 1308 1843 1343 προσήγα-

1058 1356 1115 1381 γον,
1163 1348 1307 1375 διέσωσαν·
1323 1350 1353 1375 οὐ
1367 1349 1420 1385 γὰρ
1441 1350 1539 1385 ἔμαθον
1553 1351 1634 1378 καλὸν
1648 1354 1746 1383 ποιεῖν,
1761 1361 1843 1388 πονη-

1060 1393 1119 1427 ρίαν
1143 1394 1325 1428 ἀσκήσαντες.
1349 1395 1380 1420 Εἰ
1403 1395 1430 1420 δὲ
1455 1395 1503 1430 τὴν
1525 1396 1643 1431 ποίμνην
1664 1397 1841 1432 ταράσσουσι,

1059 1438 1137 1464 τοῦτο
1149 1439 1193 1465 καὶ
1207 1439 1273 1475 ζαλη
1295 1440 1390 1475 μικρα,
1411 1440 1490 1467 τοῦτο
1503 1442 1550 1468 καὶ
1568 1442 1645 1474 νόσος
1664 1443 1752 1478 ὀλίγη,
1764 1443 1844 1470 τοῦτο

1059 1485 1105 1511 καὶ
1120 1484 1212 1520 Θηρίον
1231 1485 1258 1511 ἓν
1274 1485 1381 1520 ἁθρόως
1397 1487 1536 1514 ὲπιπεσόν.
1551 1488 1695 1523 Στήτωσαν
1711 1489 1758 1515 οὖν
1770 1489 1794 1515 οξ
1809 1491 1842 1525 τῇ

1059 1529 1163 1556 ἑαυτῶν
1180 1530 1294 1566 αἰσχύνῃ
1319 1531 1584 1566 μεγαλαυχούμενοι”
1608 1534 1654 1559 καὶ
1673 1533 1842 1567 παυσάμενοι

1059 1575 1108 1609 τῆς
1134 1575 1243 1606 κακίας,
1269 1575 1301 1602 ἂν
1326 1576 1379 1611 ἄρα
1401 1576 1541 1609 δύνωνται,
1566 1579 1842 1614 προσκυνησάτωσαν,

1060 1622 1107 1647 καὶ
1127 1621 1366 1655 προσπεσέτωσαν,
1384 1623 1430 1648 καὶ
1444 1622 1638 1650 κλαυσάτωσαν
1652 1625 1770 1651 ἐναντίον
1785 1626 1842 1651 Κυ-

1060 1666 1118 1700 ρίου
1130 1665 1176 1691 τοῦ
1190 1666 1351 1701 ποιήσαντος
1364 1668 1471 1699 αὐτοὺς,
1486 1669 1533 1695 καὶ
1546 1671 1580 1704 τῇ
1596 1670 1695 1706 ποίμνῃ
1709 1670 1844 1706 μιχθήτω-

1059 1720 1119 1742 σαν,
1134 1711 1190 1738 ὅσοι
1208 1711 1245 1747 μὴ
1265 1713 1403 1744 παντελῶς
1417 1713 1532 1740 ἀνίατοι.

221 1768 282 1788 cere
298 1764 395 1800 potest.
411 1761 480 1788 idem
495 1765 523 1788 et
546 1761 660 1796 exiguus
684 1759 804 1793 morbus,
821 1759 890 1786 idem
908 1763 936 1786 et
954 1758 1040 1786 bestia
1072 1766 1123 1784 una
1140 1764 1248 1793 repente
1268 1760 1382 1786 irruens.
1413 1760 1562 1788 Cohiheant
1580 1769 1643 1796 ergo
1660 1769 1700 1794 se,
1732 1762 1777 1797 qui
1806 1770 1842 1790 ex

221 1806 368 1840 ignominia
398 1814 446 1834 sua
470 1806 602 1842 gloriandi
627 1813 719 1834 ansam
747 1806 898 1841 arripiunt;
924 1810 1005 1840 atque
1024 1806 1186 1840 improbitati
1216 1812 1282 1838 sure,
1316 1806 1338 1832 si
1364 1807 1472 1840 quidem
1507 1808 1621 1842 possint,
1646 1808 1726 1835 linem
1755 1810 1843 1844 impo-

221 1858 326 1886 nentes,
356 1854 478 1887 adorent,
507 1858 536 1881 et
561 1853 712 1888 procidant,
745 1857 772 1880 et
799 1853 904 1888 plorent
929 1860 1020 1880 coram

222 1904 354 1934 quotquot
370 1907 422 1927 non
436 1903 498 1927 sunt
520 1900 630 1927 omnino
651 1899 826 1927 insanabiles.

257 1946 300 1973 IV.
316 1945 372 1972 Hoc
389 1952 439 1980 ego
454 1945 497 1972 ille
515 1945 623 1973 timidus
635 1950 725 1980 pastor
739 1949 766 1972 et
782 1944 1003 1979 circumspectus,

221 1998 334 2026 eamque
347 1990 383 2018 ob
396 1998 507 2018 causam
523 1991 667 2023 cautionis,
682 1995 810 2024 tanquam
826 1990 941 2024 ignavia
954 1997 1004 2017 uo-

222 2041 277 2064 tam
293 2036 413 2064 subiens.
441 2035 499 2064 Non
514 2036 586 2063 enim
603 2041 696 2071 pastor
713 2044 771 2063 sttm
787 2043 819 2062 ex
836 2042 929 2062 eorum
955 2043 1005 2062 uu-

220 2088 298 2109 mero
322 2080 466 2116 quispiam,
481 2081 526 2116 qui
554 2081 596 2108 lac
620 2081 774 2112 comedunt,
800 2085 827 2108 et
852 2080 921 2108 lanis
940 2087 1005 2115 ope-

223 2127 343 2156 riunlur.
358 2131 385 2154 et
397 2127 469 2162 quod
481 2134 603 2155 crassum
628 2132 670 2155 est
680 2127 802 2162 jugulant
816 2127 849 2160 ⁷⁸,
868 2134 898 2154 ac
913 2127 1005 2154 labore

221 2172 427 2205 coniiciunt,aut
442 2173 571 2205 vendunt,
586 2177 614 2200 et
637 2173 729 2200 dicunt
747 2181 754 2199 :
776 2172 929 2199 Benedictus
953 2171 1008 2198 Do-

1057 1853 1172 1880 Domino
1197 1853 1243 1888 qui
1270 1853 1333 1880 fecit
1364 1861 1412 1881 eos
1429 1854 1462 1887 “,
1492 1856 1619 1890 gregique
1647 1856 1842 1892 adjungantur,

1093 1944 1128 1968 A'.
1146 1941 1237 1968 Ταῦτα
1253 1942 1267 1968 6
1280 1941 1365 1974 δειλὸς
1381 1942 1436 1977 ἐγὼ
1455 1943 1556 1979 ποιμὴν
1576 1944 1623 1971 καὶ
1639 1952 1841 1981 περιεσκεμμεη

1058 1997 1111 2020 νος,
1130 1988 1175 2014 καὶ
1186 1987 1228 2014 διὰ
1240 1988 1318 2015 τοῦτο
1331 1989 1380 2025 τὴν
1394 1989 1542 2023 ἀσφάλειαν
1556 1989 1593 2021 ὡς
1610 1989 1745 2026 ρᾳθυμίαν
1758 1992 1840 2025 ἐγκαο

1058 2035 1196 2070 λούμενος.
1218 2035 1255 2061 Οὐ
1276 2035 1330 2069 γάρ
1350 2035 1407 2070 είμι
1431 2036 1532 2071 ποιμὴν
1551 2036 1663 2062 ἐκείνων
1676 2046 1718 2068 τις
1738 2037 1792 2064 τῶν
1811 2037 1842 2065 τὸ

1058 2081 1127 2114 γάλα
1145 2080 1351 2112 κατεσθιόντων,
1380 2081 1427 2107 καὶ
1453 2083 1486 2108 τὰ
1512 2081 1572 2116 ἔρια
1596 2081 1842 2117 περιϐαλλομένων,

1058 2127 1106 2154 καὶ
1127 2126 1157 2152 τὺ
1179 2127 1250 2162 παχὺ
1276 2125 1441 2161 σφαζόντων.
1467 2127 1514 2154 καὶ
1531 2126 1623 2162 μόχθῳ
1641 2127 1843 2162 κατεργαζομέ-

1057 2180 1120 2203 νων,
1144 2171 1160 2207 ἢ
1190 2171 1487 2207 ἀπεμπω).ούντων(57)
1510 2171 1556 2198 καὶ
1575 2171 1724 2205 λεγόντων·
1744 2172 1838 2198 Εὐλο-

221 2218 318 2251 minus,
335 2219 397 2253 quia
415 2218 505 2245 divites
517 2219 582 2253 facti
602 2227 690 2246 sumus
702 2219 742 2251 ";
769 2219 813 2253 qui
833 2219 936 2253 seipsos
957 2225 1006 2253 pa-

1060 2218 1150 2252 γητὸς
1164 2218 1278 2251 Κύριος,
1296 2218 1344 2244 καὶ
1362 2217 1628 2251 πεπλουτήκαμενο
1646 2218 1842 2252 ποιμαινόντων

222 2268 313 2296 scunt,
341 2268 368 2291 et
387 2272 439 2291 non
460 2272 535 2297 oves,
561 2265 584 2292 si
603 2265 794 2299 prophetarum
816 2271 896 2292 voces
915 2271 1007 2291 recor-

223 2310 335 2343 damini,
353 2311 450 2345 quibus
466 2311 503 2338 illi
529 2311 555 2338 in
580 2311 666 2338 malos
684 2315 806 2345 pastores
830 2310 1006 2342 invehuntur;

222 2362 316 2382 verum
339 2363 372 2383 ex
393 2356 446 2383 illis
470 2356 568 2390 potius,
585 2356 630 2390 qui
657 2363 717 2382 cum
735 2355 816 2383 Paulo
839 2355 928 2382 dicere
943 2362 1006 2389 pos-

222 2406 284 2440 sunt
301 2410 307 2428 :
323 2401 388 2434 Quis
404 2401 563 2435 inﬁrmatur,
579 2407 602 2428 et
620 2410 672 2428 non
688 2402 830 2436 inﬁrmor?
849 2401 914 2433 Quis
928 2409 1006 2428 scan-

257 2457 371 2520 “5Joan.
388 2467 415 2491 Χ,
435 2459 476 2486 10.
514 2459 536 2474 ⁵⁷
555 2458 652 2486 Ezech'.
671 2465 738 2490 aut,
756 2458 801 2485 25.
840 2458 862 2474 "
878 2456 928 2484 Job
945 2465 970 2490 ν,
987 2457 1013 2485 7.

222 2502 265 2524 XI,
280 2502 306 2520 ἶ).
816 2503 820 2507 ⁷

258 2539 312 2601 ρο)
335 2539 390 2571 Τὰς
412 2538 557 2572 ἀκαιρίας.
574 2547 583 2563 ι
597 2538 756 2573 Intempesta
783 2542 936 2578 tempora;
960 2538 1002 2566 ln-

222 2575 256 2601 tel
271 2579 317 2608 tgtt
330 2574 475 2607 Gregorius
487 2573 687 2608 Catholicorum
709 2574 781 2600 inter
795 2580 824 2599 se
840 2573 964 2600 dissidta.

258 2607 314 2645 (5])
333 2608 408 2645 Χθὲς
421 2608 580 2643 ἡμετέρων.
593 2607 672 2635 Notat
685 2615 741 2641 eos,
752 2608 798 2643 qui
811 2615 872 2635 cum
886 2608 1002 2636 Maximo

222 2649 315 2672 c0utra
332 2644 418 2677 ipsum
435 2645 649 2671 insurrexerunt.

257 2679 314 2714 (32)
333 2678 514 2714 Καινκύνας,
536 2683 598 2714 etcL
616 2677 664 2704 llic
683 2677 777 2704 alludit
798 2678 831 2704 ad
855 2677 1000 2706 Maximum

222 2712 363 2748 Cynicum.
387 2713 442 2741 Vox
457 2721 528 2741 emm
546 2723 555 2738 ι
579 2712 696 2748 Cynicus
716 2722 725 2739 ι
742 2721 756 2739 a
782 2720 877 2740 canum
905 2714 1002 2740 latratu

223 2749 388 2782 desumitur;
416 2751 486 2783 quod
527 2748 676 2783 philosophi
707 2749 793 2783 cynici
827 2749 1004 2783 uudequaque

221 2783 409 2845 (ἐρίτῗὺαιιι,
429 2788 456 2810 et
474 2791 558 2811 coma:
572 2784 675 2811 alenda
689 2788 716 2811 et
739 2785 866 2810 ornanda:
889 2784 1003 2818 turpiter

252 2827 274 2845 Ill
287 2825 301 2843 ο
321 2823 376 2845 ant.

224 2822 376 2846 \tudebant.

257 2853 314 2916 g5)
333 2852 388 2879 Καὶ
403 2853 445 2879 τό.
460 2853 527 2896 Reg.
542 2853 596 2886 bm,
609 2853 623 2879 ὃ
638 2862 693 2880 και.

269 2888 314 2916 οι)
335 2887 369 2915 οι
384 2886 458 2916 μήτε
472 2896 572 2916 κυνες.
585 2894 638 2916 etc.
655 2898 664 2914 ι
675 2889 693 2916 U

269 2888 314 2921 34)
335 2887 369 2915 Ol
383 2886 458 2921 μήτε
472 2888 572 2921 κύνες,
585 2894 638 2916 etc.
655 2898 664 2914 ι
675 2889 723 2921 Qui
737 2896 786 2917 nec
799 2890 825 2916 in
845 2895 941 2916 cauum
956 2895 1001 2916 or-

1061 2262 1182 2294 ἑαυτοὺς,
1198 2262 1229 2288 οὐ
1246 2262 1279 2288 τὰ
1295 2262 1429 2298 πρόϐατα,
1444 2262 1470 2288 εἴ
1483 2270 1508 2288 τι
1523 2261 1578 2288 τῶν
1594 2262 1770 2297 προφητικῶν
1785 2271 1842 2296 φω-

1058 2308 1110 2334 νῶν
1129 2307 1266 2343 μέμνησθε
1277 2307 1344 2343 (38),
1359 2308 1392 2334 δι’
1411 2305 1448 2334 ὧν
1469 2309 1566 2334 ἐκεῖνοι
1582 2309 1642 2340 τοὺς
1662 2309 1762 2340 κακοὺς
1781 2317 1841 2334 ποι-

1060 2356 1142 2390 μένας
1157 2355 1325 2382 ἐλαύνουσιν·
1343 2355 1398 2382 ἀλλ’
1415 2355 1526 2382 ἐκείνων
1542 2355 1641 2391 μᾶλλον
1656 2355 1710 2383 τῶν
1725 2355 1843 2390 δυναμέ-

1058 2409 1111 2426 νων
1135 2401 1221 2428 είπεῖν
1246 2400 1315 2436 μετὰ
1343 2401 1464 2428 Παύλου“
1488 2402 1535 2434 Τίς
1557 2402 1687 2435 ἀσθενεῖ,
1717 2402 1767 2428 καὶ
1787 2403 1843 2428 οὐκ

1066 2457 1087 2472 ’⁸³
1113 2457 1182 2485 Psal.
1210 2466 1281 2491 xcrv,
1298 2458 1325 2486 6.
1375 2459 1399 2474 7°
1427 2458 1524 2486 Ezech.
1552 2467 1643 2493 nuv,
1659 2459 1684 2487 5.
1722 2458 1841 2486 “Zach.

1057 2538 1119 2564 dine
1135 2542 1302 2569 manserunt,
1318 2547 1327 2563 ι
1345 2543 1410 2571 etc.,
1429 2539 1455 2566 id
1473 2544 1528 2571 est,
1556 2540 1640 2573 inquit
1658 2539 1741 2571 Elias,
1766 2549 1775 2565 ι
1791 2547 1841 2567 nec

1055 2573 1174 2607 Cynicus
1193 2574 1300 2604 mansit.
1316 2581 1364 2601 uec
1380 2581 1444 2601 vere
1457 2574 1628 2602 Christianus
1640 2575 1752 2602 euectus
1764 2579 1816 2607 est,
1828 2584 1838 2601 ι

1056 2610 1158 2635 Scilicet
1174 2607 1315 2635 Maximus.

1090 2642 1145 2677 (55)
1165 2643 1347 2680 Διιισπεῑβαι.
1373 2643 1439 2670 Tres
1456 2643 1542 2676 Coll).,
1561 2644 1731 2680 διαφθεῖραι,
1752 2653 1761 2670 ε
1778 2652 1840 2671 cor-

1056 2685 1191 2715 rumpere,
1207 2679 1380 2715 labefactare.
1397 2689 1406 2704 r
1422 2679 1468 2705 Sic
1483 2688 1589 2714 quoque
1603 2679 1804 2715 legit'ltuliuus.

1091 2713 1147 2746 (56)
1167 2713 1352 2750 Kal-argivum.
1372 2714 1428 2741 Duo
1447 2713 1672 2750 Beggq’quatdor
1689 2714 1779 2745 Culh..
1791 2714 1840 2743 0r.

1054 2746 1080 2779 1,
1093 2753 1158 2779 etin,
1173 2747 1329 2774 καταδῦσαι.

1089 2783 1144 2818 (57)
1170 2783 1446 2817 Ὰπεμπωλούντων.
1484 2784 1548 2820 Reg.
1577 2786 1613 2819 ι),
1643 2784 1837 2821 ἁπεμπολούν-

1052 2825 1105 2843 των
1110 2837 1116 2843 .

1088 2853 1144 2891 (ὅβ)
1164 2851 1332 2891 Μέμνησῼε.
1354 2853 1384 2891 lu
1407 2855 1583 2891 quibusdam,
1609 2854 1656 2883 νῦν
1674 2854 1838 2891 μεμνῆσθαι.

1052 2886 1081 2914 In
1099 2888 1169 2922 aliis,
1185 2886 1337 2924 μεμνῆσθαι
1351 2889 1390 2916 δεῖ
1405 2888 1452 2918 ὧν.
