2060 3140
249 171 318 199 1253

798 175 928 204 ORATIO
948 175 1041 204 XXVI.
1061 191 1095 197 —
1113 176 1147 204 IN
1167 177 1324 208 SEIPSUM.

1805 179 1873 207 12-51

245 227 381 261 M05113;
398 228 442 262 τις
463 229 702 264 σκανδαλίζεται,
722 232 770 259 καὶ
793 233 848 259 οὐκ
866 232 923 268 ἐμὴ
942 234 1031 267 πύρω-

1089 234 1232 268 dalizatur,
1249 241 1272 263 et
1297 244 1344 271 ego
1372 243 1423 262 non
1448 243 1518 268 uror,
1544 241 1568 263 et
1592 244 1656 263 cura
1678 237 1823 264 discrucior
1837 238 1874 265 7‘?

247 283 308 308 σις,
324 275 342 308 ἢ
361 276 484 309 φροντίς
500 276 572 311 (59);
600 279 641 304 οὐ
655 277 710 312 γὰρ
727 278 800 312 ζητῶ
812 279 847 306 τὰ
860 279 952 314 ῠμῶν,
964 280 1031 307 ἀλλ’

246 320 335 355 ὑμᾶς.
345 321 410 347 Καὶ·
432 321 593 356 Ἑγενόμην
607 325 822 358 συγ-καιόμενος
834 325 889 360 (40)
906 325 945 357 τῷ
961 326 1032 352 καύ-

247 375 322 394 σωνι
348 367 404 400 τῆς
422 367 544 403 ἡμέρας,
571 370 619 396 καὶ
644 369 683 402 τῷ
710 370 826 405 παγετῷ
845 371 902 405 τῆς
922 372 1032 405 νυκτὸς

247 412 430 447 πιεζόμενος·
449 413 617 449 πατριάρχου
634 415 709 449 φωνὴ
724 416 860 451 ποιμένος,
878 413 908 443 οὗ
921 416 955 443 τὰ
971 417 1031 443 ὲπί-

247 466 322 493 σημα
346 459 477 494 πρόϐατα,
501 460 548 487 καὶ
570 462 630 492 ταῖς
654 461 757 488 ἐκεῖθεν
783 461 873 497 ληνοῖς
900 462 1031 497 ὲγκισσᾷν

248 503 441 540 μελετήσαντα.
459 504 535 532 Οὖτω
553 506 602 541 μεν
616 504 673 538 οὖν,
692 507 739 533 καὶ
753 507 797 534 διὰ
813 508 898 534 ταῦτα
913 509 1031 544 ἐπέστην

247 550 320 584 ὑμῖν,
341 550 389 578 καὶ
401 550 486 583 οὕτως
509 551 626 586 ἔχουσιν.
649 553 725 580 Ἐπεὶ
747 553 776 580 δὲ
792 554 921 588 ἐπέστην,
940 554 1029 589 δῶμεν

246 595 323 630 λόγον
338 596 472 632 ἀλλήλοις,
491 593 529 623 ὧν
544 597 646 633 μεταξὺ
666 598 897 634 κατωρθώσαμεν.
923 599 1031 634 Ἐπειδὴ

246 641 327 668 καλὸν
355 642 392 678 μὴ
419 643 540 678 ῥήματος
567 644 647 679 μόνον
674 644 720 671 καὶ
739 644 873 679 πράξεως,
891 644 959 671 ἀλλὰ
985 645 1031 671 καὶ

246 687 343 724 καιροῦ
360 689 470 720 παντὸς,
498 689 544 715 καὶ
567 689 640 724 ὥρας
657 689 743 725 αὐτῆς
761 689 807 716 τοῦ
826 690 969 726 ἀκαριαίου
985 690 1031 716 καὶ

245 731 408 759 λεπτοτάτου
427 732 529 759 οἴεσθαι
545 733 623 767 λόγον
642 734 816 760 ἀπαιτεῖσθαι
834 735 916 770 ἡμᾶς.
939 735 1031 769 Ὑμεῖς

247 777 295 811 μὲν
309 777 363 812 (41)
387 778 571 812 ἀπαγγείλατέ
591 788 636 815 μοι
656 779 704 815 τὴν
722 779 851 815 ἐργασίαν
868 780 916 815 τὴν
933 780 1030 816 ὑμετέ-

246 830 309 857 ραν·
326 821 381 856 ἐγὼ
393 822 422 849 δὲ
442 823 480 854 εἰς
503 823 584 858 μέσον
608 823 694 858 θήσω,
711 823 730 850 ὃ.
743 823 802 851 καθ’
818 824 932 859 ἡσυχίαν
946 825 1031 859 ἐμαυ-

246 867 283 902 τῷ
300 869 494 904 συγγενόμενος
508 869 700 905 ἐφιλοσόφησα.

278 1008 316 1034 Ε’.
327 1007 394 1034 Τίνα
405 1007 453 1042 μὲν
460 1006 758 1043 θεωρίαντῶνὺψηλῶν,
769 1006 785 1042 ἣ
796 1006 859 1041 παρ’
867 1005 931 1041 ἐμοῦ
941 1006 1031 1032 λαϐόν-

244 1062 286 1086 τες
299 1053 460 1088 ἐφυλάξατε,
469 1053 486 1088 ἢ
495 1061 532 1079 πα
537 1053 559 1087 ρ’
568 1052 738 1087 ὑμῶναύτῶν
747 1051 932 1086 εἰσηνέγκατε,
942 1051 957 1087 ἢ
969 1060 1001 1077 πε
1006 1051 1032 1087 ρὶ

243 1099 417 1134 θεολογίας,ἢ
435 1099 497 1134 περὶ
513 1098 567 1125 τῶν
578 1099 665 1126 ἄλλων
681 1097 834 1133 δογμάτων,
849 1097 867 1124 ἃ
886 1097 969 1124 πολλὰ
985 1097 1031 1124 καὶ

242 1145 371 1177 πολλάκις
380 1145 443 1180 ὑμῖν
454 1144 626 1180 παρεῦέμην;
640 1145 717 1179 Ζητῶ
728 1143 781 1179 γὰρ
792 1144 823 1170 οὐ
834 1143 863 1170 τὸ
872 1143 974 1170 δάνειον
984 1143 1032 1178 μό-

242 1199 297 1223 νον,
308 1190 376 1217 ὰλλὰ
390 1190 437 1216 καὶ
450 1190 495 1216 τὸν
508 1189 586 1216 τόκον
596 1198 602 1204 ·
619 1190 649 1216 οὐ
668 1190 698 1216 τὸ
715 1189 843 1216 τάλαντον
859 1189 949 1224 μόνον,
963 1189 1031 1215 ἀλλὰ

243 1238 289 1264 καὶ
300 1237 349 1272 τὴν
361 1236 505 1272 ἐργασίαν·
521 1237 557 1271 μή
568 1245 608 1268 τις
619 1236 796 1271 κατακρύψας
807 1237 854 1262 καὶ
870 1235 1031 1271 καταχώσας

241 1284 272 1309 τὸ
289 1282 443 1314 πιστευθὲν,
457 1282 496 1308 ἔτι
514 1282 560 1309 καὶ
580 1281 782 1317 καταψεύδηται
805 1281 850 1308 τοῦ
866 1281 1031 1308 πιστεύσαν-

241 1337 297 1360 τος,
310 1328 346 1361 ὡς
361 1327 478 1363 σκληροῦ
489 1336 518 1354 τε
535 1327 580 1354 καὶ
595 1327 647 1354 τῶν
662 1327 808 1363 ἀλλοτρίων
823 1326 1028 1361 ἐπιθυμοῦντος.

242 1375 309 1401 Τίνα
322 1374 351 1401 δὲ
366 1373 464 1410 πρᾶξιν
480 1373 533 1401 τῶν
548 1372 762 1408 ἐπαινουμένων,
778 1372 793 1408 ἦ
812 1372 878 1408 μηδὲ
898 1373 947 1408 τῆς
971 1373 1030 1407 ἀρι-

242 1419 340 1454 στερᾶς
357 1418 552 1453 γινωσκούσης,
570 1418 821 1453 ὲκαρποφερήσατε,
839 1417 855 1452 ἢ
871 1416 940 1442 ὥστε
962 1416 1030 1451 λαμ-

242 1472 302 1491 πειν
318 1463 347 1490 τὸ
362 1464 419 1498 φῶς
435 1462 510 1498 ὑμῶν
527 1462 680 1498 ἔμπροσθεν
696 1461 750 1488 τῶν
762 1460 911 1497 ἀνθρώπων
924 1469 930 1475 ·
949 1461 980 1487 ἵν’
996 1461 1043 1486 ἐκ¹

240 1510 287 1538 τοῦ
303 1510 409 1547 καρποῦ
426 1510 456 1536 τὸ
471 1509 577 1545 δένδρον
587 1509 691 1544 δειχθῇ,
706 1509 752 1535 καὶ
768 1507 811 1534 διὰ
828 1507 881 1534 τῶν
901 1507 1028 1543 μαθητῶν

240 1557 255 1583 ό
271 1556 429 1588 διδάσκαλος
450 1555 507 1591 (4‘2)
522 1555 670 1591 γνωρισθῇ,
696 1555 743 1581 καὶ
759 1554 824 1591 εἴπῃ
841 1563 883 1585 τις
904 1554 958 1581 τῶν
981 1556 1029 1581 ἐπ-

240 1603 406 1630 οπτευόντων
420 1603 454 1629 τὰ
469 1602 590 1637 ἡμέτερα
604 1601 706 1637 (πολλοὶ
716 1601 743 1627 δέ
753 1602 832 1633 εἰσιν,
844 1601 924 1636 οἱμὲν
937 1600 969 1627 δι’
985 1601 1029 1626 εὺ-
1043 1588 1064 1618 C

238 1649 341 1681 δοκίαν,
356 1650 380 1675 οἱ
396 1649 424 1675 δὲ
447 1648 493 1674 καὶ
515 1647 690 1683 περιέργως),
706 1647 746 1672 ὃτι
769 1646 852 1677 ὅντως
876 1647 890 1672 ὁ
914 1646 980 1678 Θεὸς
1000 1647 1028 1673 ὲν

241 1696 303 1730 ὑμῖν
314 1694 368 1730 (45)
382 1695 465 1726 ἐστιν,
489 1694 518 1719 οὺ
543 1692 746 1728 κηρυσσόμενος
761 1691 845 1725 ὑγιῶς
860 1692 949 1726 μόνον,
962 1691 1029 1718 ἀλλὰ

240 1741 288 1767 καὶ
307 1739 503 1775 λατρευόμενος
516 1747 523 1771 ;
553 1739 596 1769 Ὠς
610 1738 665 1772 γὰρ
678 1737 727 1764 οὐκ
740 1737 797 1763 ἐστι
812 1738 896 1772 χωρὶς
912 1737 1028 1768 πίστεως

239 1786 337 1821 πρᾶξις
353 1785 478 1820 ἑγκριτος
493 1783 597 1819 (ἐπειδὴ
614 1784 661 1810 καὶ
674 1783 753 1818 δόξης
774 1783 867 1809 ἕνεκεν
888 1784 912 1809 οἱ
936 1782 1027 1809 πολλοὶ

239 1832 269 1857 τὺ
286 1830 366 1858 καλὸν
389 1829 586 1865 ἐπιτηδεύουσι,
603 1829 649 1855 καὶ
665 1828 771 1863 φύσεως
784 1827 870 1859 οὕτως
893 1827 1026 1863 ἕχοντες)’

239 1878 309 1904 οὕτω
324 1878 370 1904 καὶ
386 1877 403 1912 ἡ
423 1877 514 1907 πίστις
534 1875 617 1910 χωρὶς
632 1874 719 1910 ἔργων
737 1873 833 1909 νεκρά.
858 1874 912 1900 Καὶ
929 1873 965 1909 μή
986 1882 1027 1904 τις

240 1922 311 1957 ὑμᾶς
326 1921 457 1948 ἀπατάτω
472 1921 560 1950 κενοῖς
573 1919 662 1953 λόγοις
678 1918 731 1944 τῶν
749 1919 837 1945 πάντα
853 1918 1026 1954 συγχωρούν-

239 1977 293 1994 των
309 1967 434 2002 ἑτοίμως,
451 1966 522 2001 ὑπὲρ
533 1965 592 1996 ἑνὸς
609 1964 655 1991 τοῦ
668 1964 775 1991 ἀσεϐεῖν
788 1965 816 1991 ὲν
829 1965 884 1995 τοῖς
898 1963 1025 1999 δόγμασι,

239 2016 286 2041 καὶ
310 2013 409 2048 φαῦλον
429 2011 650 2039 καταϐαλλόντων
667 2010 761 2046 μισθὸν
778 2009 879 2044 φαύλου
898 2009 1028 2045 πράγμα-

238 2069 293 2092 τος.
309 2059 416 2092 Δείξατε
430 2056 476 2086 οὖν
491 2059 522 2085 ἐκ
533 2058 586 2084 τῶν
596 2057 684 2093 ἔργων
696 2056 744 2091 τὴν
756 2055 857 2085 πίστιν,
872 2055 921 2090 τῆς
935 2054 1025 2090 χώρας

240 2105 317 2141 ὑμῶν
336 2106 366 2132 τὸ
390 2105 511 2140 γόνιμον,
531 2104 555 2130 εἰ
579 2103 616 2138 μὴ
639 2103 679 2133 εἰς
705 2101 781 2128 κενὸν
806 2100 983 2135 ἐσπείραμεν,
1002 2101 1026 2126 εἰ

238 2152 347 2188 δράγμα
360 2161 385 2178 τι
403 2152 431 2178 ὲν
453 2151 527 2185 ὑμῖν,
542 2149 589 2176 τοῦ
611 2149 723 2184 ποιῆσαι
739 2147 840 2183 ἄλευρα
863 2147 938 2182 ἰσχὺν
954 2146 1024 2182 ἕχον,

238 2199 285 2225 καὶ
308 2197 452 2232 ἀποοηκῶν
476 2196 560 2230 ἄξιον,
586 2196 628 2222 ἵνα
651 2195 697 2221 καὶ
723 2193 927 2230 προθυμότερον
953 2194 1026 2228 ὑμᾶς

238 2244 452 2279 γεωργήσωμεν.
471 2243 519 2274 Τίς
538 2243 577 2274 εἰς
599 2241 694 2269 ἑκατὸν
718 2241 893 2275 καρποτοκεῖ,
925 2240 965 2271 τίς
985 2241 1025 2270 εἰς

239 2291 379 2326 ἑξήκοντα,
397 2290 438 2322 τίς
450 2290 480 2316 τὸ
494 2289 647 2316 τελευταῖον
660 2287 710 2315 κᾶν
722 2288 762 2318 εἰς
775 2287 921 2322 τριάκοντα
933 2294 939 2300 ·
957 2286 973 2321 ἦ
985 2286 1027 2317 τίς

238 2336 354 2371 ἔμπαλιν
372 2336 425 2362 ἀπὸ
440 2334 486 2362 τοῦ
502 2334 648 2370 τριάκοντα
663 2334 702 2365 εἰς
715 2333 761 2360 τὸν
783 2332 914 2367 ἑξήκοντα
930 2331 1026 2367 προελ-

239 2380 292 2407 θὼν
311 2381 418 2415 (ἔχομεν
436 2379 490 2415 γὰρ
503 2380 550 2406 καὶ
566 2379 666 2413 ταύτην
680 2379 707 2405 ὲν
721 2379 776 2410 τοῖς
788 2377 962 2412 Εὐαγγελίοις
978 2377 1025 2413 τὴν

237 2426 336 2459 τάξιν),
355 2427 394 2457 εὶς
414 2425 459 2452 τὸν
479 2426 575 2451 eum
591 2425 765 2460 ἐτελεύτησεν
776 2431 783 2438 ·
801 2424 845 2450 ἳνα
860 2423 1024 2459 προϐαίνων,

237 2473 275 2504 ὡς
288 2474 302 2499 ὀ
322 2471 424 2502 Ἰσαὰκ,
442 2471 529 2507 μέγας
543 2471 665 2506 γένηται,
688 2470 869 2505 πορευόμενος
892 2471 924 2496 ὲκ
947 2470 1027 2496 δυνά-

239 2527 310 2553 μεως
324 2519 364 2550 εις
378 2518 502 2552 δύναμιν,
514 2517 619 2548 καὶτὰς
632 2517 703 2552 ᾠδὰς
716 2516 769 2542 τῶν
787 2515 1025 2551 Ἀναϐαομῶνμιι)

237 2565 318 2600 ᾄδων,
338 2564 382 2590 καὶ
396 2563 542 2594 ἀναϐάσεις
559 2563 587 2589 ὲν
600 2564 632 2598 τῇ
648 2561 746 2597 καρδίᾳ
761 2561 920 2596 τιθέμενος

272 2622 295 2637 τ·
313 2621 332 2647 ιι
348 2621 411 2648 Cor.
428 2628 465 2653 xl,
479 2620 523 2648 29.
562 2620 586 2635 ⁷³
603 2619 624 2646 ιι
640 2619 701 2646 Cor.
722 2627 770 2651 xu,
789 2619 832 2646 ιι.
867 2609 890 2634 ίδ
903 2618 971 2648 Gen.
988 2619 1121 2651 mimo.

1086 281 1148 309 Non
1173 284 1241 309 enim
1265 291 1323 318 qua:
1350 288 1432 310 vestra
1451 289 1509 310 sunt
1534 291 1634 317 qumo,
1649 284 1693 311 sed
1710 291 1753 310 vos
1771 283 1804 310 ".
1822 283 1871 310 Et:

1085 326 1212 355 Perusina
1229 336 1286 356 sum
1306 333 1370 356 testu
1389 329 1452 360 diei,
1474 334 1496 355 et
1511 334 1640 355 nocturna
1654 329 1736 364 glacie
1755 334 1872 360 vexatus,
1903 334 1907 337 ‘

1088 372 1175 407 inquit
1204 374 1357 409 patriarcha
1387 373 1471 402 Jacob
1491 374 1524 406 ⁷⁸,
1551 374 1627 409 cujus
1654 380 1716 401 sunt
1735 381 1798 402 oves
1822 375 1873 401 illac

1084 418 1196 451 signatae
1214 420 1248 451 ⁷⁸,
1273 423 1300 446 et
1314 427 1374 454 quae
1402 419 1428 447 in
1449 419 1602 447 cmlcstibus
1627 420 1763 447 canalibus
1784 421 1873 448 conci-

1084 471 1148 499 pere
1170 465 1331 494 didicerunt.
1349 464 1395 492 Sic
1410 465 1502 501 igitur,
1519 470 1601 500 alque
1613 465 1655 492 his
1675 467 1708 492 de
1726 465 1824 499 causis,
1840 466 1872 492 ad

1084 517 1142 541 vos,
1157 511 1191 537 ad
1208 510 1280 537 hunc
1299 510 1408 537 modum
1425 509 1546 543 affectos,
1562 510 1675 538 accessi.
1693 509 1870 545 Posteaquam

1085 559 1176 582 autem
1202 556 1316 588 accessi,
1331 563 1390 590 age,
1404 555 1474 583 inter
1489 563 1538 583 nos
1554 562 1584 583 ea
1605 555 1797 588 subducamus,
1813 563 1872 591 qua:

1084 599 1185 627 interea
1209 605 1281 627 recte
1298 604 1325 628 et
1341 607 1403 627 cum
1418 599 1519 627 virtute
1542 599 1685 635 gessimus.
1710 599 1871 627 Praeclarum

1084 644 1155 672 enim
1171 650 1212 672 est
1227 653 1275 673 nos
1296 645 1322 673 in
1344 645 1394 672 hac
1408 645 1538 680 opinione
1556 645 1669 679 versari,
1684 651 1713 673 ιιι
1728 653 1780 674 ιιοιι
1792 647 1872 674 modo

1083 691 1233 724 sermonis,
1247 697 1293 719 aut
1314 691 1441 724 actionis.
1458 692 1507 719 sed
1524 692 1606 719 totius
1622 693 1704 720 etiam
1734 693 1870 728 temporis,

1084 740 1165 771 atque
1180 737 1248 764 adeo
1264 738 1414 765 tenuissimi
1434 743 1459 766 et
1480 737 1634 765 brevissimi
1650 738 1782 774 cujusque
1798 739 1872 766 hora:

1084 780 1212 808 momenti
1243 782 1378 809 rationem
1406 789 1420 809 a
1443 782 1520 810 nobis
1543 783 1648 819 reposci
1676 783 1870 811 existimemus.

1083 825 1176 854 Facile
1195 827 1289 862 igitur,
1319 832 1348 854 ut
1371 828 1436 856 mihi
1450 835 1560 864 operam
1580 833 1698 856 vestram
1716 834 1742 856 et
1754 830 1870 857 studium

1083 873 1250 907 exponatis:
1277 877 1304 900 et
1327 873 1385 909 ipse
1412 873 1531 902 vicissim
1554 874 1580 901 in
1607 874 1723 902 medium
1749 874 1870 908 afferam.

1044 915 1066 944 Β
1082 923 1141 951 quae
1157 924 1261 944 mecum
1278 918 1345 953 ipse,
1359 926 1420 946 cum
1448 918 1524 946 solus
1545 926 1644 952 essem,
1662 919 1869 954 philosophatus

1086 970 1156 990 Sull].

1118 1006 1150 1034 V.
1170 1007 1292 1043 Ecquam
1315 1016 1404 1036 rerum
1424 1008 1579 1037 sublimium
1604 1010 1869 1046 contemplationem,

1085 1057 1133 1079 aut
1148 1060 1162 1080 a
1188 1061 1232 1082 me
1251 1058 1388 1089 acceptam
1411 1054 1510 1082 animis
1531 1055 1629 1082 vestris
1646 1055 1807 1090 retinuistis,
1825 1061 1871 1083 aut

1082 1105 1096 1124 a
1131 1098 1208 1126 vobis
1249 1099 1312 1134 ipsis
1348 1099 1510 1132 contulistis,
1528 1099 1570 1127 vel
1593 1099 1626 1127 de
1651 1099 1798 1128 divinitatis
1821 1101 1869 1128 do-

1081 1142 1179 1176 ctrina,
1195 1143 1236 1170 vel
1253 1144 1286 1170 de
1306 1143 1364 1171 aliis
1386 1143 1446 1171 ﬁdei
1474 1144 1618 1179 capitibus,
1642 1152 1701 1179 qua:
1728 1153 1776 1179 ego
1808 1153 1871 1180 per-

1082 1189 1164 1216 multa
1183 1193 1212 1216 et
1231 1196 1352 1224 persaepe
1367 1190 1443 1217 vobis
1461 1190 1592 1225 apposui?
1617 1190 1709 1225 Neque
1725 1191 1795 1218 enim
1812 1199 1870 1217 mu-

1081 1238 1156 1262 tuum
1184 1235 1316 1262 duntaxat
1342 1243 1446 1270 qutero,
1473 1243 1566 1263 verum
1593 1236 1674 1264 etiam
1697 1236 1792 1270 fenus;
1821 1244 1870 1265 nec

1082 1280 1213 1308 talentum
1246 1281 1344 1315 solum,
1370 1283 1417 1309 sed
1445 1287 1473 1310 et
1496 1282 1587 1309 talenti
1608 1287 1739 1316 qumsmm
1756 1283 1806 1309 '”:
1837 1291 1871 1310 ne

1081 1327 1141 1361 quis
1159 1327 1240 1359 forte,
1257 1334 1317 1354 cum
1334 1327 1360 1354 in
1377 1333 1448 1355 terra
1468 1328 1505 1361 id,
1530 1327 1601 1362 quod
1624 1328 1672 1362 ipsi
1696 1329 1869 1356 commissum

1080 1376 1137 1404 est,
1161 1372 1303 1399 occultarit
1320 1393 1327 1407 ,
1361 1378 1388 1400 ct
1415 1373 1557 1405 defoderit,
1578 1373 1737 1401 creditorem
1762 1375 1870 1409 insuper

1081 1418 1157 1452 falso,
1173 1423 1202 1446 ut
1219 1419 1314 1446 durum
1335 1423 1362 1446 ct
1388 1419 1528 1452 acerbum,
1545 1423 1626 1454 atque
1657 1419 1806 1447 alienarum
1824 1428 1869 1448 re-

1080 1471 1140 1490 rum
1156 1463 1304 1499 cupiditate
1326 1463 1407 1499 475
1420 1463 1577 1500 flagrantem
1596 1464 1766 1493 criminetur.
1784 1464 1870 1498 Quam

1080 1509 1218 1536 honestam
1241 1513 1269 1536 et
1290 1509 1452 1537 laudabilem
1480 1510 1612 1538 actionem
1640 1510 1800 1545 protulistis,
1828 1511 1870 1538 vel

1080 1555 1117 1582 ita
1134 1556 1250 1587 occulte,
1268 1561 1296 1583 ut
1313 1563 1347 1583 ne
1368 1555 1477 1584 sinistra
1500 1555 1606 1590 quidem
1630 1564 1725 1584 manus
1750 1557 1819 1585 sciat
1835 1557 1867 1588 ⁷⁷,

1082 1602 1124 1629 vel
1138 1602 1220 1629 etiam
1246 1607 1350 1637 aperte,
1378 1607 1405 1629 ut
1432 1601 1477 1628 lux
1492 1606 1580 1629 vestra
1597 1609 1688 1630 coram
1714 1602 1869 1630 hominibus

1081 1647 1168 1675 luceat
1183 1648 1219 1680 ⁷⁸,
1231 1652 1258 1674 et
1279 1647 1360 1675 arbor
1377 1654 1409 1675 ex
1426 1647 1512 1673 fructu
1537 1652 1700 1681 agnoscatur
1718 1647 1751 1679 τ’,
1769 1653 1796 1674 et
1813 1655 1870 1673 ma-

1080 1694 1164 1728 gister
1178 1701 1226 1727 per
1240 1693 1385 1727 discipulos
1401 1693 1561 1724 innotescat,
1583 1700 1614 1719 ac
1639 1692 1711 1719 dicat
1733 1692 1867 1727 quispiam

1079 1746 1186 1770 eorum,
1213 1738 1258 1772 qui
1287 1737 1348 1764 vita:
1373 1741 1471 1764 nostra:
1498 1737 1617 1763 rationes
1653 1735 1804 1771 inspectant
1830 1735 1868 1770 (id

1079 1782 1149 1817 quod
1170 1782 1245 1809 multi
1272 1781 1382 1814 faciunt,
1410 1781 1453 1808 alii
1479 1781 1594 1815 benigna
1623 1781 1762 1808 voluntate
1779 1781 1866 1812 ducti,

1078 1825 1122 1852 alii
1136 1825 1293 1851 curiositate
1316 1823 1446 1858 impulsi),
1474 1824 1545 1858 quod
1561 1830 1624 1850 vere
1647 1823 1718 1850 Deus
1741 1823 1767 1850 in
1793 1823 1868 1850 vobis

1078 1871 1158 1904 sit”,
1186 1878 1238 1897 nou
1256 1870 1336 1898 modo
1352 1877 1418 1897 sane
1430 1876 1461 1896 ac
1490 1870 1595 1897 sincere
1621 1869 1793 1904 prazdicatus,
1820 1869 1866 1896 sed

1077 1917 1159 1945 etiam
1180 1916 1266 1944 cultus
1288 1919 1315 1943 et
1330 1914 1475 1943 adoratus?
1499 1914 1534 1941 lit
1550 1913 1620 1941 enim
1638 1914 1708 1941 actio
1731 1914 1790 1941 sine
1815 1913 1867 1941 ﬁde

1078 1970 1131 1990 non
1147 1966 1189 1990 est
1205 1966 1315 1997 accepta
1347 1959 1574 1996 (quandoquidem
1595 1959 1671 1986 multi
1691 1959 1782 1995 gloriae
1808 1965 1865 1986 stu-

1079 2008 1134 2039 dio,
1148 2012 1229 2042 atque
1260 2006 1340 2034 etiam
1357 2013 1371 2033 a
1392 2010 1487 2033 natura
1508 2005 1544 2032 ita
1573 2004 1719 2037 informati,
1739 2005 1865 2032 virtutem

1078 2054 1192 2085 colunt),
1216 2053 1252 2080 ita
1272 2052 1341 2079 fides
1358 2051 1419 2079 sine
1441 2050 1568 2086 operibus
1591 2054 1696 2078 mortua
1711 2057 1752 2078 est
1769 2051 1802 2078 ".
1828 2052 1866 2078 Ac

1077 2099 1176 2132 videte,
1186 2105 1219 2126 nc
1228 2098 1287 2132 quis
1301 2104 1393 2124 eorum
1403 2103 1450 2123 vos
1460 2095 1583 2123 inanibus
1591 2095 1810 2131 verbisdccipiat,
1820 2096 1865 2130 qui

1077 2144 1168 2173 omnia
1191 2143 1314 2171 omnibus
1339 2143 1390 2170 hac
1419 2150 1471 2169 una
1502 2142 1534 2169 de
1562 2148 1643 2169 causa
1666 2141 1743 2169 facile
1766 2149 1865 2169 conce-

1077 2192 1154 2224 dunt,
1173 2195 1202 2217 ut
1213 2190 1294 2225 impia
1308 2189 1432 2224 dogmata
1448 2188 1569 2215 homines
1582 2186 1794 2222 compicxentur,
1809 2195 1866 2214 man

1079 2237 1185 2271 iamque
1200 2236 1238 2262 rei
1265 2235 1341 2262 malae
1359 2235 1510 2262 mercedem
1536 2233 1701 2269 persolvunt.
1726 2233 1762 2260 Ex
1781 2234 1866 2268 operi-

1079 2283 1128 2310 bus
1154 2289 1219 2316 ergo
1260 2281 1353 2311 fidem,
1384 2284 1516 2314 terraeque
1544 2283 1640 2306 vestrae
1675 2278 1865 2306 fecunditatem

1075 2328 1223 2361 ostendite,
1241 2333 1270 2354 ut
1294 2326 1466 2362 perspicuum
1494 2325 1550 2358 fiat,
1572 2332 1606 2352 an
1634 2324 1734 2351 frustra
1759 2331 1866 2352 semen-

1078 2380 1131 2402 tem
1153 2373 1308 2404 fecerimus,
1326 2380 1359 2399 an
1385 2371 1537 2406 manipulus
1550 2370 1660 2406 quidam
1680 2370 1706 2397 in
1726 2370 1801 2398 vobis
1823 2377 1866 2396 re-

1078 2422 1209 2458 periatur,
1241 2429 1275 2448 ex
1293 2428 1346 2455 quo
1371 2419 1467 2446 confici
1490 2419 1576 2446 farina
1600 2422 1689 2452 queat,
1717 2418 1865 2452 dignusque

1078 2468 1124 2503 qui
1139 2469 1165 2495 in
1180 2468 1307 2495 horreum
1334 2465 1477 2498 inferatur,
1492 2472 1546 2499 quo
1567 2463 1744 2491 aiacrioribus
1768 2463 1865 2491 animis

1078 2522 1126 2541 vos
1141 2514 1167 2540 in
1190 2517 1329 2548 posterum
1346 2512 1511 2539 excolamus.
1536 2509 1603 2543 Quis
1617 2509 1792 2536 centesimum
1810 2508 1866 2536 fru-

1079 2565 1151 2588 ctum
1168 2559 1242 2586 edit?
1266 2558 1332 2591 Quis
1347 2557 1564 2594 sexagesimum?
1582 2555 1648 2589 Quis
1665 2560 1803 2591 postremo
1820 2556 1866 2582 tri-

1172 2618 1195 2633 "
1207 2616 1276 2644 Gen.
1293 2625 1356 2649 xxx,
1372 2616 1418 2648 '52,
1429 2621 1456 2641 ct
1471 2623 1528 2650 seq.
1552 2649 1555 2650 ν
1572 2614 1595 2631 ⁷⁸
1610 2613 1705 2650 Matth.
1732 2621 1796 2645 xxv,
1820 2613 1864 2646 18,

237 2662 264 2684 et
278 2665 335 2691 seq.
374 2657 395 2672 "
410 2649 502 2683 Matth.
521 2663 559 2688 Vt,
576 2655 603 2682 5.
641 2655 664 2670 7"
680 2649 772 2681 Matth.
795 2662 819 2685 ν,
838 2655 881 2681 16.
921 2655 943 2672 ⁷³
959 2655 1031 2682 Mattl

1080 2661 1114 2688 ιι,
1131 2653 1176 2684 ιο.
1211 2652 1234 2668 '°
1252 2653 1334 2680 lCor.
1353 2660 1409 2684 xxv,
1425 2651 1470 2680 ‘35.
1509 2649 1530 2666 ⁸·
1541 2649 1600 2678 Jac.
1619 2657 1648 2682 ιι,
1662 2649 1707 2676 20.

273 2735 328 2770 (59)
348 2737 500 2770 Πύρωσις.
524 2734 543 2769 ἢ
571 2735 702 2769 φροντίς.
721 2734 767 2762 Sic
783 2733 849 2770 Reg.
863 2735 889 2762 d.
906 2735 933 2762 In
949 2735 1027 2770 edit.,

238 2771 361 2806 πύρωσις
379 2773 394 2806 ὴ
412 2771 531 2806 φροντίς.

272 2804 328 2839 (liti)
349 2804 579 2840 Σύγκὶιιόμενος.
601 2805 667 2839 llcg.
685 2805 728 2832 bin
751 2810 779 2832 et
798 2804 917 2840 quinque
937 2805 1026 2839 Colb.,

238 2849 271 2868 συ
275 2842 377 2876 μφλεγό
381 2851 469 2877 μενος.

277 2875 332 2912 (Η)
360 2875 451 2910 Ὑμεῖς
466 2877 534 2916 μέν,
550 2880 601 2903 etc.
622 2886 630 2901 ι
648 2875 700 2901 Vos
717 2875 800 2916 igitur
813 2876 1024 2916 negotiatioucrn

1077 2734 1246 2771 proferam”
1321 2769 1327 2771 Α
1399 2767 1413 2771 _
1464 2767 1471 2771 _
1600 2765 1607 2771 .
1641 2764 1653 2771 .

1112 2768 1374 2805 (42)Διδάσκᾳλος.
1395 2767 1441 2805 ος.
1461 2767 1473 2805 ι
1496 2766 1579 2798 addit,
1597 2765 1683 2801 ὑμῶν.

1189 2803 1506 2841 ¹Υμῖξχιὶεειξ.-ιι.ςῆμ.ῑνζ
1530 2838 1540 2841 Α
1568 2836 1582 2841 ι

1111 2835 1168 2875 (44)
1188 2835 1243 2872 Τᾶς
1253 2838 1330 2872 ᾠδὰς
1338 2835 1402 2864 *τῶν
1415 2835 1637 2875 ’Ᾰνασαθμῶνκι
1647 2835 1786 2875 Gradtlum
1799 2841 1863 2861 can-

1078 2871 1141 2902 tica.
1159 2871 1216 2902 'Sic
1231 2871 1375 2905 idlCultllll',
1407 2873 1490 2906 inquit
1508 2872 1591 2904 Elias,
1621 2871 1719 2898 Psalmi
1750 2876 1864 2906 numero

240 2904 360 2940 vestram
384 2904 627 2947 Experiundueaiu
652 2919 702 2946 ego
727 2904 891 2939 ~vicissimuiu
907 2911 1030 2939 taedium
1077 2910 1335 2946 quiutlecim,parcs
1347 2904 1475 2944 gradibus
1489 2907 1542 2936 illis
1561 2908 1608 2943 qui
1627 2912 1704 2935 erant
1720 2906 1746 2933 iu
1764 2904 1863 2933 ternio
