  <div class='ocr_page' id='page_1' title='image "/cluster/home/n/w/nwhite01/storage/ocr_20150623/35/njp.32101077772554/634.png"; bbox 0 0 2060 3140; ppageno 0'>
   <div class='ocr_carea' id='block_1_1' title="bbox 145 170 211 198">
    <p class='ocr_par' dir='ltr' id='par_1_1' title="bbox 145 170 211 198">
     <span class='ocr_line' id='line_1_1' title="bbox 145 170 211 198; baseline 0 0"><span class='ocrx_word' id='word_1_1' title='bbox 145 170 211 198; x_wconf 70' lang='lat' dir='ltr'><strong>liti</strong></span> 
     </span>
    </p>
   </div>
   <div class='ocr_carea' id='block_1_2' title="bbox 691 171 985 200">
    <p class='ocr_par' dir='ltr' id='par_1_2' title="bbox 691 171 985 200">
     <span class='ocr_line' id='line_1_2' title="bbox 691 171 985 200; baseline 0 -1"><span class='ocrx_word' id='word_1_2' title='bbox 691 171 818 199; x_wconf 72' lang='lat' dir='ltr'><strong>ORATIO</strong></span> <span class='ocrx_word' id='word_1_3' title='bbox 837 171 930 200; x_wconf 72' lang='lat' dir='ltr'><strong>XXVI.</strong></span> <span class='ocrx_word' id='word_1_4' title='bbox 952 188 985 193; x_wconf 82' lang='lat'><strong><em>—</em></strong></span> 
     </span>
    </p>
   </div>
   <div class='ocr_carea' id='block_1_3' title="bbox 1008 172 1766 202">
    <p class='ocr_par' dir='ltr' id='par_1_3' title="bbox 1008 172 1766 202">
     <span class='ocr_line' id='line_1_3' title="bbox 1008 172 1766 202; baseline 0.001 -3"><span class='ocrx_word' id='word_1_5' title='bbox 1008 172 1040 200; x_wconf 85' lang='lat' dir='ltr'><strong>IN</strong></span> <span class='ocrx_word' id='word_1_6' title='bbox 1060 172 1220 202; x_wconf 83' lang='lat' dir='ltr'><strong>SEIPSUM.</strong></span> <span class='ocrx_word' id='word_1_7' title='bbox 1635 177 1640 182; x_wconf 95' lang='lat'>&#39;</span> <span class='ocrx_word' id='word_1_8' title='bbox 1696 173 1766 200; x_wconf 64' lang='lat'><strong>£24!</strong></span> 
     </span>
    </p>
   </div>
   <div class='ocr_carea' id='block_1_4' title="bbox 146 222 933 266">
    <p class='ocr_par' dir='ltr' id='par_1_4' title="bbox 146 222 933 265">
     <span class='ocr_line' id='line_1_4' title="bbox 146 222 933 265; baseline 0.008 -15"><span class='ocrx_word' id='word_1_9' title='bbox 146 233 234 261; x_wconf 80' lang='grc' dir='ltr'>μενον.</span> <span class='ocrx_word' id='word_1_10' title='bbox 249 224 342 252; x_wconf 86' lang='grc' dir='ltr'>Ταῦτα</span> <span class='ocrx_word' id='word_1_11' title='bbox 358 226 406 261; x_wconf 83' lang='grc' dir='ltr'>μὲν</span> <span class='ocrx_word' id='word_1_12' title='bbox 419 222 465 253; x_wconf 74' lang='grc' dir='ltr'><strong>οὖν</strong></span> <span class='ocrx_word' id='word_1_13' title='bbox 476 225 533 262; x_wconf 75' lang='grc'>(75)</span> <span class='ocrx_word' id='word_1_14' title='bbox 549 227 563 253; x_wconf 84' lang='grc' dir='ltr'><strong>ό</strong></span> <span class='ocrx_word' id='word_1_15' title='bbox 582 227 673 262; x_wconf 82' lang='grc' dir='ltr'>μῦθος.</span> <span class='ocrx_word' id='word_1_16' title='bbox 692 228 737 255; x_wconf 80' lang='grc' dir='ltr'><strong>καὶ</strong></span> <span class='ocrx_word' id='word_1_17' title='bbox 755 229 770 264; x_wconf 83' lang='grc' dir='ltr'>ή</span> <span class='ocrx_word' id='word_1_18' title='bbox 789 229 933 265; x_wconf 80' lang='grc' dir='ltr'>αὐτονομία</span> 
     </span>
    </p>
   </div>
   <div class='ocr_carea' id='block_1_5' title="bbox 985 222 1766 266">
    <p class='ocr_par' dir='ltr' id='par_1_5' title="bbox 986 229 1766 266">
     <span class='ocr_line' id='line_1_5' title="bbox 986 229 1766 266; baseline 0 -10"><span class='ocrx_word' id='word_1_19' title='bbox 986 230 1062 262; x_wconf 77' lang='lat' dir='ltr'><strong>lulat,</strong></span> <span class='ocrx_word' id='word_1_20' title='bbox 1079 235 1170 266; x_wconf 84' lang='lat' dir='ltr'><strong>alque,</strong></span> <span class='ocrx_word' id='word_1_21' title='bbox 1186 239 1246 258; x_wconf 85' lang='lat' dir='ltr'><strong>cum</strong></span> <span class='ocrx_word' id='word_1_22' title='bbox 1262 230 1421 262; x_wconf 86' lang='lat' dir='ltr'><strong>assumitur,</strong></span> <span class='ocrx_word' id='word_1_23' title='bbox 1434 230 1544 257; x_wconf 83' lang='lat' dir='ltr'><strong>crescit.</strong></span> <span class='ocrx_word' id='word_1_24' title='bbox 1568 229 1678 257; x_wconf 86' lang='lat' dir='ltr'><strong>Habetis</strong></span> <span class='ocrx_word' id='word_1_25' title='bbox 1690 229 1766 256; x_wconf 80' lang='lat' dir='ltr'><strong>fabu-</strong></span> 
     </span>
    </p>
   </div>
   <div class='ocr_carea' id='block_1_6' title="bbox 144 270 935 309">
    <p class='ocr_par' dir='ltr' id='par_1_6' title="bbox 144 270 935 309">
     <span class='ocr_line' id='line_1_6' title="bbox 144 270 935 309; baseline 0.006 -13"><span class='ocrx_word' id='word_1_26' title='bbox 144 270 191 297; x_wconf 84' lang='grc' dir='ltr'>τοῦ</span> <span class='ocrx_word' id='word_1_27' title='bbox 207 270 367 306; x_wconf 78' lang='grc' dir='ltr'><strong>πλάσματος</strong></span> <span class='ocrx_word' id='word_1_28' title='bbox 381 271 452 306; x_wconf 84' lang='grc'>(76)·</span> <span class='ocrx_word' id='word_1_29' title='bbox 469 273 529 307; x_wconf 73' lang='grc' dir='ltr'>ἐμοὶ</span> <span class='ocrx_word' id='word_1_30' title='bbox 546 273 574 299; x_wconf 87' lang='grc' dir='ltr'><strong>δὲ</strong></span> <span class='ocrx_word' id='word_1_31' title='bbox 589 273 661 300; x_wconf 84' lang='grc' dir='ltr'>δοκεῖ</span> <span class='ocrx_word' id='word_1_32' title='bbox 674 275 766 308; x_wconf 75' lang='grc' dir='ltr'>σαφῶς</span> <span class='ocrx_word' id='word_1_33' title='bbox 780 275 836 309; x_wconf 90' lang='grc'>(77)</span> <span class='ocrx_word' id='word_1_34' title='bbox 850 275 935 302; x_wconf 88' lang='grc' dir='ltr'>τοιοῦ-</span> 
     </span>
    </p>
   </div>
   <div class='ocr_carea' id='block_1_7' title="bbox 144 315 932 355">
    <p class='ocr_par' dir='ltr' id='par_1_7' title="bbox 144 315 932 355">
     <span class='ocr_line' id='line_1_7' title="bbox 144 315 932 355; baseline 0.006 -13"><span class='ocrx_word' id='word_1_35' title='bbox 144 325 191 342; x_wconf 80' lang='grc' dir='ltr'><strong>τον</strong></span> <span class='ocrx_word' id='word_1_36' title='bbox 203 315 272 343; x_wconf 80' lang='grc' dir='ltr'>εἶναι</span> <span class='ocrx_word' id='word_1_37' title='bbox 285 326 311 343; x_wconf 85' lang='grc' dir='ltr'><strong>τι</strong></span> <span class='ocrx_word' id='word_1_38' title='bbox 328 318 342 343; x_wconf 91' lang='grc' dir='ltr'>ὁ</span> <span class='ocrx_word' id='word_1_39' title='bbox 358 317 511 352; x_wconf 80' lang='grc' dir='ltr'>φιλόσοφος.</span> <span class='ocrx_word' id='word_1_40' title='bbox 529 319 673 354; x_wconf 80' lang='grc' dir='ltr'><strong>Εύδοκιμεῖ</strong></span> <span class='ocrx_word' id='word_1_41' title='bbox 688 320 743 355; x_wconf 80' lang='grc'>(78)</span> <span class='ocrx_word' id='word_1_42' title='bbox 757 322 813 353; x_wconf 83' lang='grc' dir='ltr'>τοῖς</span> <span class='ocrx_word' id='word_1_43' title='bbox 825 321 932 353; x_wconf 84' lang='grc' dir='ltr'>πάθεσι,</span> 
     </span>
    </p>
   </div>
   <div class='ocr_carea' id='block_1_8' title="bbox 146 362 935 401">
    <p class='ocr_par' dir='ltr' id='par_1_8' title="bbox 146 362 935 401">
     <span class='ocr_line' id='line_1_8' title="bbox 146 362 935 401; baseline 0.009 -14"><span class='ocrx_word' id='word_1_44' title='bbox 146 362 193 388; x_wconf 75' lang='grc' dir='ltr'><strong>καὶ</strong></span> <span class='ocrx_word' id='word_1_45' title='bbox 209 362 274 398; x_wconf 80' lang='grc' dir='ltr'>ὓλην</span> <span class='ocrx_word' id='word_1_46' title='bbox 288 363 387 398; x_wconf 82' lang='grc' dir='ltr'>ἀρετῆς</span> <span class='ocrx_word' id='word_1_47' title='bbox 411 366 526 391; x_wconf 82' lang='grc' dir='ltr'>ποιεῖται</span> <span class='ocrx_word' id='word_1_48' title='bbox 545 366 578 391; x_wconf 77' lang='grc' dir='ltr'>τὰ</span> <span class='ocrx_word' id='word_1_49' title='bbox 595 365 712 401; x_wconf 76' lang='grc' dir='ltr'>λυπηρὰ,</span> <span class='ocrx_word' id='word_1_50' title='bbox 731 367 778 393; x_wconf 78' lang='grc' dir='ltr'><strong>καὶ</strong></span> <span class='ocrx_word' id='word_1_51' title='bbox 792 368 848 399; x_wconf 82' lang='grc' dir='ltr'>τοῖς</span> <span class='ocrx_word' id='word_1_52' title='bbox 863 368 935 394; x_wconf 83' lang='grc' dir='ltr'>ἐναν-</span> 
     </span>
    </p>
   </div>
   <div class='ocr_carea' id='block_1_9' title="bbox 146 408 934 448">
    <p class='ocr_par' dir='ltr' id='par_1_9' title="bbox 146 408 934 448">
     <span class='ocr_line' id='line_1_9' title="bbox 146 408 934 448; baseline 0.008 -14"><span class='ocrx_word' id='word_1_53' title='bbox 146 408 214 439; x_wconf 79' lang='grc' dir='ltr'>τίοις</span> <span class='ocrx_word' id='word_1_54' title='bbox 229 409 477 442; x_wconf 78' lang='grc' dir='ltr'>ὲγκαλλωπὶςεται·</span> <span class='ocrx_word' id='word_1_55' title='bbox 502 411 569 446; x_wconf 83' lang='grc' dir='ltr'>μήτε</span> <span class='ocrx_word' id='word_1_56' title='bbox 588 413 644 443; x_wconf 82' lang='grc' dir='ltr'>τοῖς</span> <span class='ocrx_word' id='word_1_57' title='bbox 662 412 757 445; x_wconf 78' lang='grc' dir='ltr'><strong>δεξιοῖς</strong></span> <span class='ocrx_word' id='word_1_58' title='bbox 782 413 872 444; x_wconf 80' lang='grc' dir='ltr'><strong>ὅπλοις</strong></span> <span class='ocrx_word' id='word_1_59' title='bbox 885 415 934 448; x_wconf 81' lang='grc' dir='ltr'><strong>τῆς</strong></span> 
     </span>
    </p>
   </div>
   <div class='ocr_carea' id='block_1_10' title="bbox 146 454 934 493">
    <p class='ocr_par' dir='ltr' id='par_1_10' title="bbox 146 454 934 493">
     <span class='ocr_line' id='line_1_10' title="bbox 146 454 934 493; baseline 0.006 -14"><span class='ocrx_word' id='word_1_60' title='bbox 146 454 318 489; x_wconf 73' lang='grc' dir='ltr'><strong>δικαιοσύνης</strong></span> <span class='ocrx_word' id='word_1_61' title='bbox 329 455 481 490; x_wconf 81' lang='grc' dir='ltr'>αἰρόμενος,</span> <span class='ocrx_word' id='word_1_62' title='bbox 495 457 561 492; x_wconf 84' lang='grc' dir='ltr'>μήτε</span> <span class='ocrx_word' id='word_1_63' title='bbox 578 458 633 488; x_wconf 86' lang='grc' dir='ltr'>τοῖς</span> <span class='ocrx_word' id='word_1_64' title='bbox 645 458 798 493; x_wconf 78' lang='grc' dir='ltr'>ἀριστεροῖς</span> <span class='ocrx_word' id='word_1_65' title='bbox 812 459 934 493; x_wconf 80' lang='grc' dir='ltr'>καμπτό-</span> 
     </span>
    </p>
   </div>
   <div class='ocr_carea' id='block_1_11' title="bbox 149 499 932 538">
    <p class='ocr_par' dir='ltr' id='par_1_11' title="bbox 149 499 932 538">
     <span class='ocr_line' id='line_1_11' title="bbox 149 499 932 538; baseline 0.008 -14"><span class='ocrx_word' id='word_1_66' title='bbox 149 507 227 533; x_wconf 77' lang='grc' dir='ltr'>μενος</span> <span class='ocrx_word' id='word_1_67' title='bbox 238 508 244 514; x_wconf 81' lang='grc'><em>’</em></span> <span class='ocrx_word' id='word_1_68' title='bbox 263 499 320 526; x_wconf 78' lang='grc' dir='ltr'><strong>ἀλλ’</strong></span> <span class='ocrx_word' id='word_1_69' title='bbox 331 500 345 526; x_wconf 84' lang='grc' dir='ltr'>ὁ</span> <span class='ocrx_word' id='word_1_70' title='bbox 360 501 439 532; x_wconf 77' lang='grc' dir='ltr'>αὐτὸς</span> <span class='ocrx_word' id='word_1_71' title='bbox 456 502 504 528; x_wconf 74' lang='grc' dir='ltr'><strong>οὐκ</strong></span> <span class='ocrx_word' id='word_1_72' title='bbox 518 502 545 527; x_wconf 79' lang='grc' dir='ltr'>ὲν</span> <span class='ocrx_word' id='word_1_73' title='bbox 558 503 613 533; x_wconf 79' lang='grc' dir='ltr'>τοῖς</span> <span class='ocrx_word' id='word_1_74' title='bbox 626 502 715 534; x_wconf 76' lang='grc' dir='ltr'>αὐτοῖς</span> <span class='ocrx_word' id='word_1_75' title='bbox 731 504 774 529; x_wconf 72' lang='grc' dir='ltr'><strong>ἀεὶ</strong></span> <span class='ocrx_word' id='word_1_76' title='bbox 789 503 932 538; x_wconf 82' lang='grc' dir='ltr'>διαμένων,</span> 
     </span>
    </p>
   </div>
   <div class='ocr_carea' id='block_1_12' title="bbox 147 542 934 585">
    <p class='ocr_par' dir='ltr' id='par_1_12' title="bbox 147 542 934 585">
     <span class='ocr_line' id='line_1_12' title="bbox 147 542 934 585; baseline 0.008 -16"><span class='ocrx_word' id='word_1_77' title='bbox 147 542 163 578; x_wconf 79' lang='grc' dir='ltr'>ἢ</span> <span class='ocrx_word' id='word_1_78' title='bbox 183 544 229 569; x_wconf 78' lang='grc' dir='ltr'><strong>καὶ</strong></span> <span class='ocrx_word' id='word_1_79' title='bbox 247 544 437 580; x_wconf 74' lang='grc' dir='ltr'>δοκιμώτερος,</span> <span class='ocrx_word' id='word_1_80' title='bbox 461 546 553 582; x_wconf 80' lang='grc' dir='ltr'>ὥσπερ</span> <span class='ocrx_word' id='word_1_81' title='bbox 567 549 596 574; x_wconf 83' lang='grc' dir='ltr'>ἐν</span> <span class='ocrx_word' id='word_1_82' title='bbox 615 548 721 583; x_wconf 87' lang='grc' dir='ltr'>καμίνῳ</span> <span class='ocrx_word' id='word_1_83' title='bbox 737 549 844 583; x_wconf 78' lang='grc' dir='ltr'>χρυσὸς,</span> <span class='ocrx_word' id='word_1_84' title='bbox 862 550 934 585; x_wconf 83' lang='grc' dir='ltr'>εὑρι-</span> 
     </span>
    </p>
   </div>
   <div class='ocr_carea' id='block_1_13' title="bbox 149 588 932 629">
    <p class='ocr_par' dir='ltr' id='par_1_13' title="bbox 149 588 932 629">
     <span class='ocr_line' id='line_1_13' title="bbox 149 588 932 629; baseline 0.009 -16"><span class='ocrx_word' id='word_1_85' title='bbox 149 588 290 623; x_wconf 72' lang='grc' dir='ltr'>σκόμενος.</span> <span class='ocrx_word' id='word_1_86' title='bbox 312 590 459 625; x_wconf 82' lang='grc' dir='ltr'>Σκοπῶμεν</span> <span class='ocrx_word' id='word_1_87' title='bbox 481 592 509 618; x_wconf 79' lang='grc' dir='ltr'><strong>δὲ</strong></span> <span class='ocrx_word' id='word_1_88' title='bbox 531 592 634 624; x_wconf 65' lang='grc' dir='ltr'>οὕτως·</span> <span class='ocrx_word' id='word_1_89' title='bbox 656 593 826 629; x_wconf 81' lang='grc' dir='ltr'>Εὑπατρὶδης</span> <span class='ocrx_word' id='word_1_90' title='bbox 840 595 932 627; x_wconf 86' lang='grc' dir='ltr'>ὲστίν;</span> 
     </span>
    </p>
   </div>
   <div class='ocr_carea' id='block_1_14' title="bbox 148 633 933 674">
    <p class='ocr_par' dir='ltr' id='par_1_14' title="bbox 148 633 933 674">
     <span class='ocr_line' id='line_1_14' title="bbox 148 633 933 674; baseline 0.009 -15"><span class='ocrx_word' id='word_1_91' title='bbox 148 633 359 666; x_wconf 82' lang='grc' dir='ltr'>ἀντεπιδείξεται</span> <span class='ocrx_word' id='word_1_92' title='bbox 375 636 429 671; x_wconf 81' lang='grc'>(79)</span> <span class='ocrx_word' id='word_1_93' title='bbox 448 637 496 672; x_wconf 84' lang='grc' dir='ltr'><strong>τὴν</strong></span> <span class='ocrx_word' id='word_1_94' title='bbox 515 638 658 673; x_wconf 67' lang='grc' dir='ltr'>εὐτροπίαν</span> <span class='ocrx_word' id='word_1_95' title='bbox 675 639 714 674; x_wconf 81' lang='grc' dir='ltr'>τῷ</span> <span class='ocrx_word' id='word_1_96' title='bbox 735 640 829 674; x_wconf 77' lang='grc' dir='ltr'>αἵματι</span> <span class='ocrx_word' id='word_1_97' title='bbox 841 649 848 655; x_wconf 89' lang='grc'>·</span> <span class='ocrx_word' id='word_1_98' title='bbox 864 640 933 666; x_wconf 82' lang='grc' dir='ltr'>ὥστε</span> 
     </span>
    </p>
   </div>
   <div class='ocr_carea' id='block_1_15' title="bbox 147 679 933 720">
    <p class='ocr_par' dir='ltr' id='par_1_15' title="bbox 147 679 933 720">
     <span class='ocr_line' id='line_1_15' title="bbox 147 679 933 720; baseline 0.009 -14"><span class='ocrx_word' id='word_1_99' title='bbox 147 679 251 714; x_wconf 75' lang='grc' dir='ltr'>διχόθεν</span> <span class='ocrx_word' id='word_1_100' title='bbox 276 681 426 717; x_wconf 77' lang='grc' dir='ltr'><strong>εὐδοκιμεῖν</strong></span> <span class='ocrx_word' id='word_1_101' title='bbox 439 702 446 715; x_wconf 86' lang='grc'><strong>,</strong></span> <span class='ocrx_word' id='word_1_102' title='bbox 468 684 514 710; x_wconf 76' lang='grc' dir='ltr'>καὶ</span> <span class='ocrx_word' id='word_1_103' title='bbox 536 684 779 720; x_wconf 75' lang='grc' dir='ltr'><strong>γενεαλογούμενος</strong></span> <span class='ocrx_word' id='word_1_104' title='bbox 801 685 867 720; x_wconf 85' lang='grc'>(80),</span> <span class='ocrx_word' id='word_1_105' title='bbox 886 687 933 713; x_wconf 79' lang='grc' dir='ltr'>καὶ</span> 
     </span>
    </p>
   </div>
   <div class='ocr_carea' id='block_1_16' title="bbox 148 724 933 767">
    <p class='ocr_par' dir='ltr' id='par_1_16' title="bbox 148 724 933 767">
     <span class='ocr_line' id='line_1_16' title="bbox 148 724 933 767; baseline 0.01 -17"><span class='ocrx_word' id='word_1_106' title='bbox 148 724 294 760; x_wconf 74' lang='grc' dir='ltr'>ὁρώμενος.</span> <span class='ocrx_word' id='word_1_107' title='bbox 321 728 455 764; x_wconf 83' lang='grc' dir='ltr'>Δυσγενὴς</span> <span class='ocrx_word' id='word_1_108' title='bbox 475 729 520 757; x_wconf 86' lang='grc' dir='ltr'><strong>τὸν</strong></span> <span class='ocrx_word' id='word_1_109' title='bbox 549 731 694 766; x_wconf 80' lang='grc' dir='ltr'>ἀνδριάντα</span> <span class='ocrx_word' id='word_1_110' title='bbox 717 731 763 758; x_wconf 80' lang='grc' dir='ltr'><strong>καὶ</strong></span> <span class='ocrx_word' id='word_1_111' title='bbox 789 731 833 758; x_wconf 75' lang='grc' dir='ltr'><strong>τὸν</strong></span> <span class='ocrx_word' id='word_1_112' title='bbox 850 731 933 767; x_wconf 66' lang='grc' dir='ltr'>πηλὸν</span> 
     </span>
    </p>
   </div>
   <div class='ocr_carea' id='block_1_17' title="bbox 149 771 933 812">
    <p class='ocr_par' dir='ltr' id='par_1_17' title="bbox 149 771 933 812">
     <span class='ocr_line' id='line_1_17' title="bbox 149 771 933 812; baseline 0.009 -15"><span class='ocrx_word' id='word_1_113' title='bbox 149 771 239 807; x_wconf 72' lang='grc' dir='ltr'>(εἴπερ</span> <span class='ocrx_word' id='word_1_114' title='bbox 254 781 280 798; x_wconf 91' lang='grc' dir='ltr'><strong>τι</strong></span> <span class='ocrx_word' id='word_1_115' title='bbox 298 773 368 807; x_wconf 79' lang='grc' dir='ltr'>μέγα</span> <span class='ocrx_word' id='word_1_116' title='bbox 387 774 471 809; x_wconf 78' lang='grc' dir='ltr'>πηλὸς</span> <span class='ocrx_word' id='word_1_117' title='bbox 493 776 578 811; x_wconf 78' lang='grc' dir='ltr'><strong>πηλοῦ</strong></span> <span class='ocrx_word' id='word_1_118' title='bbox 601 777 750 812; x_wconf 79' lang='grc' dir='ltr'>διαφέρει);</span> <span class='ocrx_word' id='word_1_119' title='bbox 774 777 933 804; x_wconf 84' lang='grc' dir='ltr'>ὰντεισοίσει</span> 
     </span>
    </p>
   </div>
   <div class='ocr_carea' id='block_1_18' title="bbox 147 817 934 858">
    <p class='ocr_par' dir='ltr' id='par_1_18' title="bbox 147 817 934 858">
     <span class='ocr_line' id='line_1_18' title="bbox 147 817 934 858; baseline 0.01 -16"><span class='ocrx_word' id='word_1_120' title='bbox 147 817 196 852; x_wconf 77' lang='grc' dir='ltr'><strong>νιὴν</strong></span> <span class='ocrx_word' id='word_1_121' title='bbox 211 819 357 854; x_wconf 77' lang='grc' dir='ltr'>νοουμένην</span> <span class='ocrx_word' id='word_1_122' title='bbox 371 819 518 854; x_wconf 82' lang='grc' dir='ltr'>εὐγένειαν,</span> <span class='ocrx_word' id='word_1_123' title='bbox 531 822 578 848; x_wconf 77' lang='grc' dir='ltr'><strong>καὶ</strong></span> <span class='ocrx_word' id='word_1_124' title='bbox 594 823 625 858; x_wconf 83' lang='grc' dir='ltr'>ἢν</span> <span class='ocrx_word' id='word_1_125' title='bbox 645 823 757 854; x_wconf 74' lang='grc' dir='ltr'>ἕκαστος</span> <span class='ocrx_word' id='word_1_126' title='bbox 772 823 865 849; x_wconf 72' lang='grc' dir='ltr'>ἑαυτὸν</span> <span class='ocrx_word' id='word_1_127' title='bbox 878 823 934 849; x_wconf 86' lang='grc' dir='ltr'>δια-</span> 
     </span>
    </p>
   </div>
   <div class='ocr_carea' id='block_1_19' title="bbox 148 863 933 904">
    <p class='ocr_par' dir='ltr' id='par_1_19' title="bbox 148 863 933 904">
     <span class='ocr_line' id='line_1_19' title="bbox 148 863 933 904; baseline 0.009 -16"><span class='ocrx_word' id='word_1_128' title='bbox 148 863 260 889; x_wconf 82' lang='grc' dir='ltr'><strong>πλάττει</strong></span> <span class='ocrx_word' id='word_1_129' title='bbox 277 864 344 900; x_wconf 70' lang='grc' dir='ltr'>πρὸς</span> <span class='ocrx_word' id='word_1_130' title='bbox 358 865 386 892; x_wconf 86' lang='grc' dir='ltr'><strong>τὸ</strong></span> <span class='ocrx_word' id='word_1_131' title='bbox 403 868 492 902; x_wconf 84' lang='grc' dir='ltr'>χεῖρον</span> <span class='ocrx_word' id='word_1_132' title='bbox 505 867 521 902; x_wconf 82' lang='grc' dir='ltr'>ἢ</span> <span class='ocrx_word' id='word_1_133' title='bbox 534 866 637 902; x_wconf 78' lang='grc' dir='ltr'>βέλτιον</span> <span class='ocrx_word' id='word_1_134' title='bbox 654 868 710 903; x_wconf 78' lang='grc'>(81)</span> <span class='ocrx_word' id='word_1_135' title='bbox 726 877 731 884; x_wconf 93' lang='grc'><strong>-</strong></span> <span class='ocrx_word' id='word_1_136' title='bbox 748 868 797 904; x_wconf 81' lang='grc' dir='ltr'>τὴν</span> <span class='ocrx_word' id='word_1_137' title='bbox 811 870 838 895; x_wconf 84' lang='grc' dir='ltr'><strong>δὲ</strong></span> <span class='ocrx_word' id='word_1_138' title='bbox 852 869 933 904; x_wconf 83' lang='grc' dir='ltr'>ἄλλην</span> 
     </span>
    </p>
   </div>
   <div class='ocr_carea' id='block_1_20' title="bbox 987 275 1766 311">
    <p class='ocr_par' dir='ltr' id='par_1_20' title="bbox 987 275 1766 311">
     <span class='ocr_line' id='line_1_20' title="bbox 987 275 1766 311; baseline 0.001 -10"><span class='ocrx_word' id='word_1_139' title='bbox 987 277 1050 308; x_wconf 85' lang='lat' dir='ltr'><strong>lam,</strong></span> <span class='ocrx_word' id='word_1_140' title='bbox 1075 277 1137 310; x_wconf 84' lang='lat' dir='ltr'><strong>jure</strong></span> <span class='ocrx_word' id='word_1_141' title='bbox 1164 284 1214 304; x_wconf 87' lang='lat' dir='ltr'><strong>suo</strong></span> <span class='ocrx_word' id='word_1_142' title='bbox 1236 276 1344 311; x_wconf 80' lang='lat' dir='ltr'><strong>quidvis</strong></span> <span class='ocrx_word' id='word_1_143' title='bbox 1366 276 1452 303; x_wconf 82' lang='lat' dir='ltr'><strong>libere</strong></span> <span class='ocrx_word' id='word_1_144' title='bbox 1477 275 1682 310; x_wconf 76' lang='lat' dir='ltr'><strong>contingentem.</strong></span> <span class='ocrx_word' id='word_1_145' title='bbox 1703 275 1766 302; x_wconf 87' lang='lat' dir='ltr'><strong>Mihi</strong></span> 
     </span>
    </p>
   </div>
   <div class='ocr_carea' id='block_1_21' title="bbox 986 320 1767 357">
    <p class='ocr_par' dir='ltr' id='par_1_21' title="bbox 986 320 1767 357">
     <span class='ocr_line' id='line_1_21' title="bbox 986 320 1767 357; baseline 0 -9"><span class='ocrx_word' id='word_1_146' title='bbox 986 329 1049 349; x_wconf 83' lang='lat' dir='ltr'><strong>vero</strong></span> <span class='ocrx_word' id='word_1_147' title='bbox 1063 323 1214 355; x_wconf 89' lang='lat' dir='ltr'><strong>hujusmodi</strong></span> <span class='ocrx_word' id='word_1_148' title='bbox 1232 323 1361 357; x_wconf 82' lang='lat' dir='ltr'><strong>quiddam</strong></span> <span class='ocrx_word' id='word_1_149' title='bbox 1375 321 1454 356; x_wconf 85' lang='lat' dir='ltr'><strong>plane</strong></span> <span class='ocrx_word' id='word_1_150' title='bbox 1469 328 1528 348; x_wconf 86' lang='lat' dir='ltr'><strong>esse</strong></span> <span class='ocrx_word' id='word_1_151' title='bbox 1541 321 1582 347; x_wconf 92' lang='lat' dir='ltr'><strong>vir</strong></span> <span class='ocrx_word' id='word_1_152' title='bbox 1595 320 1767 355; x_wconf 83' lang='lat' dir='ltr'><strong>philosophus</strong></span> 
     </span>
    </p>
   </div>
   <div class='ocr_carea' id='block_1_22' title="bbox 985 364 1768 400">
    <p class='ocr_par' dir='ltr' id='par_1_22' title="bbox 985 364 1768 400">
     <span class='ocr_line' id='line_1_22' title="bbox 985 364 1768 400; baseline 0 -9"><span class='ocrx_word' id='word_1_153' title='bbox 985 365 1102 392; x_wconf 88' lang='lat' dir='ltr'><strong>videtur.</strong></span> <span class='ocrx_word' id='word_1_154' title='bbox 1122 365 1211 392; x_wconf 83' lang='lat' dir='ltr'><strong>Floret</strong></span> <span class='ocrx_word' id='word_1_155' title='bbox 1223 367 1294 392; x_wconf 88' lang='lat' dir='ltr'><strong>enim</strong></span> <span class='ocrx_word' id='word_1_156' title='bbox 1308 366 1378 392; x_wconf 92' lang='lat' dir='ltr'><strong>inter</strong></span> <span class='ocrx_word' id='word_1_157' title='bbox 1392 365 1540 397; x_wconf 85' lang='lat' dir='ltr'><strong>cruciatus,</strong></span> <span class='ocrx_word' id='word_1_158' title='bbox 1564 373 1596 392; x_wconf 88' lang='lat' dir='ltr'><strong>ac</strong></span> <span class='ocrx_word' id='word_1_159' title='bbox 1611 364 1694 400; x_wconf 71' lang='grc'><strong>479</strong></span> <span class='ocrx_word' id='word_1_160' title='bbox 1709 365 1768 392; x_wconf 64' lang='lat' dir='ltr'><strong>vitae</strong></span> 
     </span>
    </p>
   </div>
   <div class='ocr_carea' id='block_1_23' title="bbox 987 411 1767 446">
    <p class='ocr_par' dir='ltr' id='par_1_23' title="bbox 987 411 1767 446">
     <span class='ocr_line' id='line_1_23' title="bbox 987 411 1767 446; baseline -0.001 -9"><span class='ocrx_word' id='word_1_161' title='bbox 987 411 1122 438; x_wconf 83' lang='lat' dir='ltr'><strong>molestias</strong></span> <span class='ocrx_word' id='word_1_162' title='bbox 1140 412 1213 439; x_wconf 84' lang='lat' dir='ltr'><strong>velut</strong></span> <span class='ocrx_word' id='word_1_163' title='bbox 1226 412 1334 440; x_wconf 84' lang='lat' dir='ltr'><strong>virtutis</strong></span> <span class='ocrx_word' id='word_1_164' title='bbox 1356 416 1472 446; x_wconf 81' lang='lat' dir='ltr'><strong>segetem</strong></span> <span class='ocrx_word' id='word_1_165' title='bbox 1485 411 1633 444; x_wconf 85' lang='lat' dir='ltr'><strong>existimat,</strong></span> <span class='ocrx_word' id='word_1_166' title='bbox 1647 417 1728 445; x_wconf 89' lang='lat' dir='ltr'><strong>atque</strong></span> <span class='ocrx_word' id='word_1_167' title='bbox 1741 411 1767 436; x_wconf 94' lang='lat' dir='ltr'><strong>iu</strong></span> 
     </span>
    </p>
   </div>
   <div class='ocr_carea' id='block_1_24' title="bbox 986 454 1769 492">
    <p class='ocr_par' dir='ltr' id='par_1_24' title="bbox 986 454 1769 492">
     <span class='ocr_line' id='line_1_24' title="bbox 986 454 1769 492; baseline -0.001 -10"><span class='ocrx_word' id='word_1_168' title='bbox 986 458 1106 484; x_wconf 84' lang='lat' dir='ltr'><strong>adversis</strong></span> <span class='ocrx_word' id='word_1_169' title='bbox 1118 458 1199 492; x_wconf 79' lang='lat' dir='ltr'><strong>gestit</strong></span> <span class='ocrx_word' id='word_1_170' title='bbox 1214 462 1242 484; x_wconf 88' lang='lat' dir='ltr'><strong>ct</strong></span> <span class='ocrx_word' id='word_1_171' title='bbox 1264 456 1412 492; x_wconf 83' lang='lat' dir='ltr'><strong>gloriatur;</strong></span> <span class='ocrx_word' id='word_1_172' title='bbox 1430 464 1479 483; x_wconf 89' lang='lat' dir='ltr'><strong>nec</strong></span> <span class='ocrx_word' id='word_1_173' title='bbox 1499 457 1533 483; x_wconf 92' lang='lat' dir='ltr'><strong>ob</strong></span> <span class='ocrx_word' id='word_1_174' title='bbox 1549 456 1641 482; x_wconf 82' lang='lat' dir='ltr'><strong>dextra</strong></span> <span class='ocrx_word' id='word_1_175' title='bbox 1656 454 1769 489; x_wconf 71' lang='lat' dir='ltr'><strong>justitize</strong></span> 
     </span>
    </p>
   </div>
   <div class='ocr_carea' id='block_1_25' title="bbox 985 500 1768 534">
    <p class='ocr_par' dir='ltr' id='par_1_25' title="bbox 985 500 1768 534">
     <span class='ocr_line' id='line_1_25' title="bbox 985 500 1768 534; baseline -0.003 -6"><span class='ocrx_word' id='word_1_176' title='bbox 985 510 1060 529; x_wconf 86' lang='lat' dir='ltr'><strong>arma</strong></span> <span class='ocrx_word' id='word_1_177' title='bbox 1081 503 1203 534; x_wconf 79' lang='lat' dir='ltr'><strong>etl&#39;ertur,</strong></span> <span class='ocrx_word' id='word_1_178' title='bbox 1219 510 1268 530; x_wconf 86' lang='lat' dir='ltr'><strong>nec</strong></span> <span class='ocrx_word' id='word_1_179' title='bbox 1283 503 1319 530; x_wconf 87' lang='lat' dir='ltr'><strong>ob</strong></span> <span class='ocrx_word' id='word_1_180' title='bbox 1341 503 1450 530; x_wconf 84' lang='lat' dir='ltr'><strong>sinislra</strong></span> <span class='ocrx_word' id='word_1_181' title='bbox 1478 501 1643 534; x_wconf 82' lang='lat' dir='ltr'><strong>inﬂectitur;</strong></span> <span class='ocrx_word' id='word_1_182' title='bbox 1667 501 1712 527; x_wconf 88' lang='lat' dir='ltr'><strong>sed</strong></span> <span class='ocrx_word' id='word_1_183' title='bbox 1741 500 1768 526; x_wconf 91' lang='lat' dir='ltr'><strong>in</strong></span> 
     </span>
    </p>
   </div>
   <div class='ocr_carea' id='block_1_26' title="bbox 985 547 1769 583">
    <p class='ocr_par' dir='ltr' id='par_1_26' title="bbox 985 547 1769 583">
     <span class='ocr_line' id='line_1_26' title="bbox 985 547 1769 583; baseline -0.003 -9"><span class='ocrx_word' id='word_1_184' title='bbox 985 548 1100 575; x_wconf 85' lang='lat' dir='ltr'><strong>diversis</strong></span> <span class='ocrx_word' id='word_1_185' title='bbox 1118 549 1198 575; x_wconf 86' lang='lat' dir='ltr'><strong>rebus</strong></span> <span class='ocrx_word' id='word_1_186' title='bbox 1216 549 1285 576; x_wconf 87' lang='lat' dir='ltr'><strong>idem</strong></span> <span class='ocrx_word' id='word_1_187' title='bbox 1301 556 1407 583; x_wconf 83' lang='lat' dir='ltr'><strong>semper</strong></span> <span class='ocrx_word' id='word_1_188' title='bbox 1433 548 1529 583; x_wconf 85' lang='lat' dir='ltr'><strong>suique</strong></span> <span class='ocrx_word' id='word_1_189' title='bbox 1550 547 1649 575; x_wconf 83' lang='lat' dir='ltr'><strong>similis</strong></span> <span class='ocrx_word' id='word_1_190' title='bbox 1667 554 1769 581; x_wconf 88' lang='lat' dir='ltr'><strong>perma-</strong></span> 
     </span>
    </p>
   </div>
   <div class='ocr_carea' id='block_1_27' title="bbox 986 592 1770 630">
    <p class='ocr_par' dir='ltr' id='par_1_27' title="bbox 986 592 1770 630">
     <span class='ocr_line' id='line_1_27' title="bbox 986 592 1770 630; baseline -0.003 -9"><span class='ocrx_word' id='word_1_191' title='bbox 986 599 1041 626; x_wconf 84' lang='lat' dir='ltr'><strong>net,</strong></span> <span class='ocrx_word' id='word_1_192' title='bbox 1058 600 1138 628; x_wconf 87' lang='lat' dir='ltr'><strong>atque</strong></span> <span class='ocrx_word' id='word_1_193' title='bbox 1154 595 1222 622; x_wconf 87' lang='lat' dir='ltr'><strong>adeo</strong></span> <span class='ocrx_word' id='word_1_194' title='bbox 1236 595 1385 630; x_wconf 83' lang='lat' dir='ltr'><strong>probatior,</strong></span> <span class='ocrx_word' id='word_1_195' title='bbox 1411 601 1539 629; x_wconf 86' lang='lat' dir='ltr'><strong>tanquam</strong></span> <span class='ocrx_word' id='word_1_196' title='bbox 1563 601 1656 620; x_wconf 88' lang='lat' dir='ltr'><strong>aurum</strong></span> <span class='ocrx_word' id='word_1_197' title='bbox 1672 593 1698 619; x_wconf 93' lang='lat' dir='ltr'><strong>in</strong></span> <span class='ocrx_word' id='word_1_198' title='bbox 1714 592 1770 620; x_wconf 82' lang='lat' dir='ltr'><strong>for-</strong></span> 
     </span>
    </p>
   </div>
   <div class='ocr_carea' id='block_1_28' title="bbox 986 642 1769 678">
    <p class='ocr_par' dir='ltr' id='par_1_28' title="bbox 986 642 1769 678">
     <span class='ocr_line' id='line_1_28' title="bbox 986 642 1769 678; baseline -0.001 -10"><span class='ocrx_word' id='word_1_199' title='bbox 986 649 1064 674; x_wconf 87' lang='lat' dir='ltr'><strong>nace,</strong></span> <span class='ocrx_word' id='word_1_200' title='bbox 1082 643 1224 676; x_wconf 87' lang='lat' dir='ltr'><strong>reperitur.</strong></span> <span class='ocrx_word' id='word_1_201' title='bbox 1240 643 1314 676; x_wconf 87' lang='lat' dir='ltr'><strong>Quod</strong></span> <span class='ocrx_word' id='word_1_202' title='bbox 1339 649 1368 670; x_wconf 90' lang='lat' dir='ltr'><strong>ut</strong></span> <span class='ocrx_word' id='word_1_203' title='bbox 1392 644 1565 678; x_wconf 87' lang='lat' dir='ltr'><strong>perspicuum</strong></span> <span class='ocrx_word' id='word_1_204' title='bbox 1582 642 1639 673; x_wconf 84' lang='lat' dir='ltr'><strong>ﬁat,</strong></span> <span class='ocrx_word' id='word_1_205' title='bbox 1659 642 1694 668; x_wconf 89' lang='lat' dir='ltr'><strong>ita</strong></span> <span class='ocrx_word' id='word_1_206' title='bbox 1712 648 1769 667; x_wconf 84' lang='lat' dir='ltr'><strong>rem</strong></span> 
     </span>
    </p>
   </div>
   <div class='ocr_carea' id='block_1_29' title="bbox 986 688 1768 720">
    <p class='ocr_par' dir='ltr' id='par_1_29' title="bbox 986 688 1768 720">
     <span class='ocr_line' id='line_1_29' title="bbox 986 688 1768 720; baseline -0.003 -6"><span class='ocrx_word' id='word_1_207' title='bbox 986 689 1180 720; x_wconf 78' lang='lat' dir='ltr'><strong>expendamus.</strong></span> <span class='ocrx_word' id='word_1_208' title='bbox 1210 689 1294 716; x_wconf 69' lang='lat' dir='ltr'><strong>Nobili</strong></span> <span class='ocrx_word' id='word_1_209' title='bbox 1316 690 1374 716; x_wconf 88' lang='lat' dir='ltr'><strong>loco</strong></span> <span class='ocrx_word' id='word_1_210' title='bbox 1405 695 1484 716; x_wconf 85' lang='lat' dir='ltr'><strong>natus</strong></span> <span class='ocrx_word' id='word_1_211' title='bbox 1507 689 1574 716; x_wconf 80' lang='lat' dir='ltr'><strong>est?</strong></span> <span class='ocrx_word' id='word_1_212' title='bbox 1604 688 1768 715; x_wconf 88' lang='lat' dir='ltr'><strong>Prohitatem</strong></span> 
     </span>
    </p>
   </div>
   <div class='ocr_carea' id='block_1_30' title="bbox 987 732 1769 769">
    <p class='ocr_par' dir='ltr' id='par_1_30' title="bbox 987 732 1769 769">
     <span class='ocr_line' id='line_1_30' title="bbox 987 732 1769 769; baseline -0.003 -10"><span class='ocrx_word' id='word_1_213' title='bbox 987 741 1093 760; x_wconf 89' lang='lat' dir='ltr'><strong>morum</strong></span> <span class='ocrx_word' id='word_1_214' title='bbox 1122 735 1228 769; x_wconf 89' lang='lat' dir='ltr'><strong>generis</strong></span> <span class='ocrx_word' id='word_1_215' title='bbox 1248 735 1383 769; x_wconf 88' lang='lat' dir='ltr'><strong>splendori</strong></span> <span class='ocrx_word' id='word_1_216' title='bbox 1413 739 1539 769; x_wconf 88' lang='lat' dir='ltr'><strong>opponet.</strong></span> <span class='ocrx_word' id='word_1_217' title='bbox 1560 739 1641 768; x_wconf 87' lang='lat' dir='ltr'><strong>atque</strong></span> <span class='ocrx_word' id='word_1_218' title='bbox 1666 740 1699 760; x_wconf 80' lang='lat' dir='ltr'><strong>ex</strong></span> <span class='ocrx_word' id='word_1_219' title='bbox 1721 732 1769 758; x_wconf 88' lang='lat' dir='ltr'><strong>ad-</strong></span> 
     </span>
    </p>
   </div>
   <div class='ocr_carea' id='block_1_31' title="bbox 986 777 1768 815">
    <p class='ocr_par' dir='ltr' id='par_1_31' title="bbox 986 777 1768 815">
     <span class='ocr_line' id='line_1_31' title="bbox 986 777 1768 815; baseline -0.001 -11"><span class='ocrx_word' id='word_1_220' title='bbox 986 785 1064 806; x_wconf 87' lang='lat' dir='ltr'><strong>verso</strong></span> <span class='ocrx_word' id='word_1_221' title='bbox 1079 780 1254 814; x_wconf 87' lang='lat' dir='ltr'><strong>spectandam</strong></span> <span class='ocrx_word' id='word_1_222' title='bbox 1271 781 1409 815; x_wconf 84' lang='lat' dir='ltr'><strong>producet.</strong></span> <span class='ocrx_word' id='word_1_223' title='bbox 1427 781 1464 807; x_wconf 87' lang='lat' dir='ltr'><strong>Ita</strong></span> <span class='ocrx_word' id='word_1_224' title='bbox 1481 780 1579 814; x_wconf 85' lang='lat' dir='ltr'><strong>duplici</strong></span> <span class='ocrx_word' id='word_1_225' title='bbox 1593 779 1702 807; x_wconf 88' lang='lat' dir='ltr'><strong>nomine</strong></span> <span class='ocrx_word' id='word_1_226' title='bbox 1713 777 1768 804; x_wconf 88' lang='lat' dir='ltr'><strong>cla-</strong></span> 
     </span>
    </p>
   </div>
   <div class='ocr_carea' id='block_1_32' title="bbox 986 826 1769 862">
    <p class='ocr_par' dir='ltr' id='par_1_32' title="bbox 986 826 1769 862">
     <span class='ocr_line' id='line_1_32' title="bbox 986 826 1769 862; baseline -0.001 -11"><span class='ocrx_word' id='word_1_227' title='bbox 986 833 1032 852; x_wconf 93' lang='lat' dir='ltr'><strong>rus</strong></span> <span class='ocrx_word' id='word_1_228' title='bbox 1046 826 1117 858; x_wconf 88' lang='lat' dir='ltr'><strong>erit;</strong></span> <span class='ocrx_word' id='word_1_229' title='bbox 1146 833 1243 860; x_wconf 85' lang='lat' dir='ltr'><strong>nempe</strong></span> <span class='ocrx_word' id='word_1_230' title='bbox 1266 831 1293 853; x_wconf 92' lang='lat' dir='ltr'><strong>et</strong></span> <span class='ocrx_word' id='word_1_231' title='bbox 1322 827 1452 860; x_wconf 86' lang='lat' dir='ltr'><strong>majorum</strong></span> <span class='ocrx_word' id='word_1_232' title='bbox 1474 826 1652 862; x_wconf 78' lang='lat' dir='ltr'><strong>imaginibus,</strong></span> <span class='ocrx_word' id='word_1_233' title='bbox 1669 828 1696 851; x_wconf 90' lang='lat' dir='ltr'><strong>et</strong></span> <span class='ocrx_word' id='word_1_234' title='bbox 1708 831 1769 858; x_wconf 48' lang='lat' dir='ltr'><strong>pro.</strong></span> 
     </span>
    </p>
   </div>
   <div class='ocr_carea' id='block_1_33' title="bbox 986 870 1770 906">
    <p class='ocr_par' dir='ltr' id='par_1_33' title="bbox 986 870 1770 906">
     <span class='ocr_line' id='line_1_33' title="bbox 986 870 1770 906; baseline -0.001 -10"><span class='ocrx_word' id='word_1_235' title='bbox 986 870 1043 904; x_wconf 76' lang='lat' dir='ltr'><strong>prie</strong></span> <span class='ocrx_word' id='word_1_236' title='bbox 1056 871 1155 898; x_wconf 87' lang='lat' dir='ltr'><strong>virtute</strong></span> <span class='ocrx_word' id='word_1_237' title='bbox 1178 871 1325 906; x_wconf 88' lang='lat' dir='ltr'><strong>inspectus.</strong></span> <span class='ocrx_word' id='word_1_238' title='bbox 1348 871 1477 900; x_wconf 82' lang='lat' dir='ltr'><strong>Obscuro</strong></span> <span class='ocrx_word' id='word_1_239' title='bbox 1502 876 1530 898; x_wconf 88' lang='lat' dir='ltr'><strong>et</strong></span> <span class='ocrx_word' id='word_1_240' title='bbox 1546 870 1654 906; x_wconf 79' lang='lat' dir='ltr'><strong>ignobili</strong></span> <span class='ocrx_word' id='word_1_241' title='bbox 1671 875 1770 904; x_wconf 81' lang='lat' dir='ltr'><strong>genere</strong></span> 
     </span>
    </p>
   </div>
   <div class='ocr_carea' id='block_1_34' title="bbox 148 909 933 950">
    <p class='ocr_par' dir='ltr' id='par_1_34' title="bbox 148 909 930 948">
     <span class='ocr_line' id='line_1_34' title="bbox 148 909 930 948; baseline 0.009 -14"><span class='ocrx_word' id='word_1_242' title='bbox 148 909 365 944; x_wconf 60' lang='grc' dir='ltr'>παραγράφεται,</span> <span class='ocrx_word' id='word_1_243' title='bbox 376 911 425 947; x_wconf 79' lang='grc' dir='ltr'>ὅση</span> <span class='ocrx_word' id='word_1_244' title='bbox 440 912 605 948; x_wconf 84' lang='grc' dir='ltr'>σπείρεταιῆ</span> <span class='ocrx_word' id='word_1_245' title='bbox 618 913 761 948; x_wconf 74' lang='grc' dir='ltr'>γράφεται,</span> <span class='ocrx_word' id='word_1_246' title='bbox 775 914 812 946; x_wconf 81' lang='grc' dir='ltr'><strong>ὡς</strong></span> <span class='ocrx_word' id='word_1_247' title='bbox 826 914 930 946; x_wconf 82' lang='grc' dir='ltr'>οὐδενὸς</span> 
     </span>
    </p>
   </div>
   <div class='ocr_carea' id='block_1_35' title="bbox 985 909 1807 950">
    <p class='ocr_par' dir='ltr' id='par_1_35' title="bbox 985 913 1807 950">
     <span class='ocr_line' id='line_1_35' title="bbox 985 913 1807 950; baseline -0.002 -8"><span class='ocrx_word' id='word_1_248' title='bbox 985 920 1055 943; x_wconf 81' lang='lat' dir='ltr'><strong>ortus</strong></span> <span class='ocrx_word' id='word_1_249' title='bbox 1067 921 1118 948; x_wconf 88' lang='lat' dir='ltr'><strong>est,</strong></span> <span class='ocrx_word' id='word_1_250' title='bbox 1131 922 1260 950; x_wconf 81' lang='lat' dir='ltr'><strong>quantum</strong></span> <span class='ocrx_word' id='word_1_251' title='bbox 1274 917 1306 944; x_wconf 89' lang='lat' dir='ltr'><strong>ad</strong></span> <span class='ocrx_word' id='word_1_252' title='bbox 1322 922 1437 944; x_wconf 84' lang='lat' dir='ltr'><strong>statuant</strong></span> <span class='ocrx_word' id='word_1_253' title='bbox 1454 921 1482 944; x_wconf 87' lang='lat' dir='ltr'><strong>et</strong></span> <span class='ocrx_word' id='word_1_254' title='bbox 1497 917 1581 944; x_wconf 91' lang='lat' dir='ltr'><strong>lutum</strong></span> <span class='ocrx_word' id='word_1_255' title='bbox 1599 914 1714 942; x_wconf 85' lang='lat' dir='ltr'><strong>attinet?</strong></span> <span class='ocrx_word' id='word_1_256' title='bbox 1729 913 1770 948; x_wconf 88' lang='lat' dir='ltr'><strong>(Si</strong></span> <span class='ocrx_word' id='word_1_257' title='bbox 1805 944 1807 947; x_wconf 35' lang='grc' dir='ltr'><strong>η</strong></span> 
     </span>
    </p>
   </div>
   <div class='ocr_carea' id='block_1_36' title="bbox 147 953 935 996">
    <p class='ocr_par' dir='ltr' id='par_1_36' title="bbox 147 953 935 996">
     <span class='ocr_line' id='line_1_36' title="bbox 147 953 935 996; baseline 0.01 -17"><span class='ocrx_word' id='word_1_258' title='bbox 147 953 225 986; x_wconf 80' lang='grc' dir='ltr'>ἀξίαν</span> <span class='ocrx_word' id='word_1_259' title='bbox 241 955 287 982; x_wconf 78' lang='grc' dir='ltr'>καὶ</span> <span class='ocrx_word' id='word_1_260' title='bbox 307 956 440 992; x_wconf 78' lang='grc' dir='ltr'>κίϐδηλον.</span> <span class='ocrx_word' id='word_1_261' title='bbox 459 958 536 985; x_wconf 85' lang='grc' dir='ltr'>Ἔστι</span> <span class='ocrx_word' id='word_1_262' title='bbox 556 959 610 994; x_wconf 75' lang='grc' dir='ltr'>γάρ</span> <span class='ocrx_word' id='word_1_263' title='bbox 629 968 654 985; x_wconf 86' lang='grc' dir='ltr'><strong>τι</strong></span> <span class='ocrx_word' id='word_1_264' title='bbox 671 959 748 994; x_wconf 80' lang='grc' dir='ltr'>γένος</span> <span class='ocrx_word' id='word_1_265' title='bbox 762 961 886 996; x_wconf 80' lang='grc' dir='ltr'>τρισσόν·</span> <span class='ocrx_word' id='word_1_266' title='bbox 904 961 935 987; x_wconf 86' lang='grc' dir='ltr'><strong>τὸ</strong></span> 
     </span>
    </p>
   </div>
   <div class='ocr_carea' id='block_1_37' title="bbox 149 1000 933 1042">
    <p class='ocr_par' dir='ltr' id='par_1_37' title="bbox 149 1000 933 1042">
     <span class='ocr_line' id='line_1_37' title="bbox 149 1000 933 1042; baseline 0.01 -16"><span class='ocrx_word' id='word_1_267' title='bbox 149 1000 198 1035; x_wconf 85' lang='grc' dir='ltr'>μὲν</span> <span class='ocrx_word' id='word_1_268' title='bbox 210 1001 312 1029; x_wconf 86' lang='grc' dir='ltr'>ἄνωθεν</span> <span class='ocrx_word' id='word_1_269' title='bbox 326 1003 471 1039; x_wconf 78' lang='grc' dir='ltr'>ἠργμένον,</span> <span class='ocrx_word' id='word_1_270' title='bbox 495 1005 509 1031; x_wconf 80' lang='grc' dir='ltr'><strong>ὃ</strong></span> <span class='ocrx_word' id='word_1_271' title='bbox 535 1005 633 1038; x_wconf 81' lang='grc' dir='ltr'>πάντες</span> <span class='ocrx_word' id='word_1_272' title='bbox 653 1006 735 1042; x_wconf 76' lang='grc' dir='ltr'>ἐσμὲν</span> <span class='ocrx_word' id='word_1_273' title='bbox 757 1007 876 1041; x_wconf 72' lang='grc' dir='ltr'>εὐγενεῖς</span> <span class='ocrx_word' id='word_1_274' title='bbox 890 1006 933 1034; x_wconf 76' lang='grc' dir='ltr'><strong>ἐπ’</strong></span> 
     </span>
    </p>
   </div>
   <div class='ocr_carea' id='block_1_38' title="bbox 148 1046 934 1087">
    <p class='ocr_par' dir='ltr' id='par_1_38' title="bbox 148 1046 934 1087">
     <span class='ocr_line' id='line_1_38' title="bbox 148 1046 934 1087; baseline 0.008 -14"><span class='ocrx_word' id='word_1_275' title='bbox 148 1046 208 1082; x_wconf 75' lang='grc' dir='ltr'>ἴσης</span> <span class='ocrx_word' id='word_1_276' title='bbox 223 1047 290 1083; x_wconf 78' lang='grc'>(82),</span> <span class='ocrx_word' id='word_1_277' title='bbox 315 1049 375 1076; x_wconf 76' lang='grc' dir='ltr'>ἐπεὶ</span> <span class='ocrx_word' id='word_1_278' title='bbox 396 1052 454 1077; x_wconf 87' lang='grc' dir='ltr'>κατ’</span> <span class='ocrx_word' id='word_1_279' title='bbox 475 1051 566 1077; x_wconf 80' lang='grc' dir='ltr'>είκόνα</span> <span class='ocrx_word' id='word_1_280' title='bbox 585 1051 652 1078; x_wconf 83' lang='grc' dir='ltr'>Θεοῦ</span> <span class='ocrx_word' id='word_1_281' title='bbox 673 1051 841 1087; x_wconf 82' lang='grc' dir='ltr'>γεγόναμεν’</span> <span class='ocrx_word' id='word_1_282' title='bbox 856 1052 887 1078; x_wconf 84' lang='grc' dir='ltr'><strong>τὸ</strong></span> <span class='ocrx_word' id='word_1_283' title='bbox 906 1052 934 1079; x_wconf 85' lang='grc' dir='ltr'>δὲ</span> 
     </span>
    </p>
   </div>
   <div class='ocr_carea' id='block_1_39' title="bbox 146 1093 932 1134">
    <p class='ocr_par' dir='ltr' id='par_1_39' title="bbox 146 1093 932 1134">
     <span class='ocr_line' id='line_1_39' title="bbox 146 1093 932 1134; baseline 0.006 -15"><span class='ocrx_word' id='word_1_284' title='bbox 146 1093 200 1119; x_wconf 83' lang='grc' dir='ltr'>ἀπὸ</span> <span class='ocrx_word' id='word_1_285' title='bbox 215 1094 314 1130; x_wconf 72' lang='grc' dir='ltr'>σαρκὸς</span> <span class='ocrx_word' id='word_1_286' title='bbox 333 1093 559 1132; x_wconf 57' lang='grc' dir='ltr'>ἐρχόμενονβῦ),</span> <span class='ocrx_word' id='word_1_287' title='bbox 575 1097 626 1123; x_wconf 83' lang='grc' dir='ltr'><strong>οὐκ</strong></span> <span class='ocrx_word' id='word_1_288' title='bbox 649 1095 697 1124; x_wconf 76' lang='grc' dir='ltr'><strong>οἷδ’</strong></span> <span class='ocrx_word' id='word_1_289' title='bbox 715 1097 743 1123; x_wconf 72' lang='grc' dir='ltr'><strong>εἴ</strong></span> <span class='ocrx_word' id='word_1_290' title='bbox 754 1106 796 1129; x_wconf 83' lang='grc' dir='ltr'>τις</span> <span class='ocrx_word' id='word_1_291' title='bbox 810 1097 932 1134; x_wconf 78' lang='grc' dir='ltr'>εὐγενὴς,</span> 
     </span>
    </p>
   </div>
   <div class='ocr_carea' id='block_1_40' title="bbox 146 1139 934 1180">
    <p class='ocr_par' dir='ltr' id='par_1_40' title="bbox 146 1139 934 1180">
     <span class='ocr_line' id='line_1_40' title="bbox 146 1139 934 1180; baseline 0.008 -15"><span class='ocrx_word' id='word_1_292' title='bbox 146 1139 225 1166; x_wconf 83' lang='grc' dir='ltr'>τοῦτο</span> <span class='ocrx_word' id='word_1_293' title='bbox 240 1140 328 1177; x_wconf 79' lang='grc' dir='ltr'>φθορᾷ</span> <span class='ocrx_word' id='word_1_294' title='bbox 342 1142 550 1178; x_wconf 84' lang='grc' dir='ltr'>συνιστάμενον·</span> <span class='ocrx_word' id='word_1_295' title='bbox 566 1143 596 1170; x_wconf 87' lang='grc' dir='ltr'>τὸ</span> <span class='ocrx_word' id='word_1_296' title='bbox 614 1143 643 1170; x_wconf 77' lang='grc' dir='ltr'><strong>δὲ</strong></span> <span class='ocrx_word' id='word_1_297' title='bbox 657 1143 711 1170; x_wconf 82' lang='grc' dir='ltr'>ἀπὸ</span> <span class='ocrx_word' id='word_1_298' title='bbox 729 1144 827 1176; x_wconf 80' lang='grc' dir='ltr'>κακίας</span> <span class='ocrx_word' id='word_1_299' title='bbox 841 1144 857 1180; x_wconf 84' lang='grc' dir='ltr'>ἢ</span> <span class='ocrx_word' id='word_1_300' title='bbox 870 1145 934 1180; x_wconf 83' lang='grc' dir='ltr'>ἁρε-</span> 
     </span>
    </p>
   </div>
   <div class='ocr_carea' id='block_1_41' title="bbox 146 1186 932 1226">
    <p class='ocr_par' dir='ltr' id='par_1_41' title="bbox 146 1186 932 1226">
     <span class='ocr_line' id='line_1_41' title="bbox 146 1186 932 1226; baseline 0.005 -14"><span class='ocrx_word' id='word_1_301' title='bbox 146 1186 196 1220; x_wconf 77' lang='grc' dir='ltr'><strong>τῆς</strong></span> <span class='ocrx_word' id='word_1_302' title='bbox 207 1187 416 1222; x_wconf 76' lang='grc' dir='ltr'>γνωριζόμενον,</span> <span class='ocrx_word' id='word_1_303' title='bbox 430 1186 460 1215; x_wconf 78' lang='grc' dir='ltr'>οὗ</span> <span class='ocrx_word' id='word_1_304' title='bbox 479 1189 577 1224; x_wconf 79' lang='grc' dir='ltr'>μᾶλλον</span> <span class='ocrx_word' id='word_1_305' title='bbox 592 1190 638 1216; x_wconf 79' lang='grc' dir='ltr'><strong>καὶ</strong></span> <span class='ocrx_word' id='word_1_306' title='bbox 654 1187 736 1226; x_wconf 86' lang='grc' dir='ltr'>ἦττον</span> <span class='ocrx_word' id='word_1_307' title='bbox 756 1190 932 1226; x_wconf 76' lang='grc' dir='ltr'>μεταλαμϐά-</span> 
     </span>
    </p>
   </div>
   <div class='ocr_carea' id='block_1_42' title="bbox 146 1232 931 1272">
    <p class='ocr_par' dir='ltr' id='par_1_42' title="bbox 146 1232 931 1272">
     <span class='ocr_line' id='line_1_42' title="bbox 146 1232 931 1272; baseline 0.006 -13"><span class='ocrx_word' id='word_1_308' title='bbox 146 1240 242 1268; x_wconf 82' lang='grc' dir='ltr'>νομεν,</span> <span class='ocrx_word' id='word_1_309' title='bbox 256 1233 317 1260; x_wconf 79' lang='grc' dir='ltr'>ὅσον</span> <span class='ocrx_word' id='word_1_310' title='bbox 339 1234 383 1266; x_wconf 82' lang='grc' dir='ltr'><strong>ἂν,</strong></span> <span class='ocrx_word' id='word_1_311' title='bbox 404 1232 495 1270; x_wconf 75' lang='grc' dir='ltr'>οἶμαι,</span> <span class='ocrx_word' id='word_1_312' title='bbox 522 1235 538 1272; x_wconf 83' lang='grc' dir='ltr'><strong>ἢ</strong></span> <span class='ocrx_word' id='word_1_313' title='bbox 557 1237 720 1272; x_wconf 79' lang='grc' dir='ltr'>τηρήσωμεν</span> <span class='ocrx_word' id='word_1_314' title='bbox 737 1237 785 1272; x_wconf 86' lang='grc' dir='ltr'>τὴν</span> <span class='ocrx_word' id='word_1_315' title='bbox 797 1237 897 1269; x_wconf 80' lang='grc' dir='ltr'>εἰκόνα,</span> <span class='ocrx_word' id='word_1_316' title='bbox 914 1237 931 1272; x_wconf 84' lang='grc' dir='ltr'>ἢ</span> 
     </span>
    </p>
   </div>
   <div class='ocr_carea' id='block_1_43' title="bbox 146 1277 932 1318">
    <p class='ocr_par' dir='ltr' id='par_1_43' title="bbox 146 1277 932 1318">
     <span class='ocr_line' id='line_1_43' title="bbox 146 1277 932 1318; baseline 0.005 -13"><span class='ocrx_word' id='word_1_317' title='bbox 146 1277 354 1315; x_wconf 79' lang='grc' dir='ltr'>διαφθείρωμεν.</span> <span class='ocrx_word' id='word_1_318' title='bbox 372 1281 478 1316; x_wconf 79' lang='grc' dir='ltr'>Ταύτην</span> <span class='ocrx_word' id='word_1_319' title='bbox 499 1281 635 1317; x_wconf 84' lang='grc' dir='ltr'>ἀγαπήσει</span> <span class='ocrx_word' id='word_1_320' title='bbox 657 1282 712 1317; x_wconf 58' lang='grc'>(84)</span> <span class='ocrx_word' id='word_1_321' title='bbox 729 1282 778 1318; x_wconf 83' lang='grc' dir='ltr'>τὴν</span> <span class='ocrx_word' id='word_1_322' title='bbox 795 1282 932 1317; x_wconf 79' lang='grc' dir='ltr'>εὐγένειαν</span> 
     </span>
    </p>
   </div>
   <div class='ocr_carea' id='block_1_44' title="bbox 145 1324 933 1364">
    <p class='ocr_par' dir='ltr' id='par_1_44' title="bbox 145 1324 933 1364">
     <span class='ocr_line' id='line_1_44' title="bbox 145 1324 933 1364; baseline 0.005 -13"><span class='ocrx_word' id='word_1_323' title='bbox 145 1324 191 1359; x_wconf 80' lang='grc' dir='ltr'>ὅγε</span> <span class='ocrx_word' id='word_1_324' title='bbox 206 1324 312 1360; x_wconf 83' lang='grc' dir='ltr'>ἀληθῶς</span> <span class='ocrx_word' id='word_1_325' title='bbox 332 1327 412 1361; x_wconf 68' lang='grc' dir='ltr'>σοφὸς</span> <span class='ocrx_word' id='word_1_326' title='bbox 433 1327 479 1353; x_wconf 75' lang='grc' dir='ltr'><strong>καὶ</strong></span> <span class='ocrx_word' id='word_1_327' title='bbox 499 1327 652 1362; x_wconf 75' lang='grc' dir='ltr'>φιλόσοφος.</span> <span class='ocrx_word' id='word_1_328' title='bbox 670 1327 706 1354; x_wconf 84' lang='grc' dir='ltr'>Τὸ</span> <span class='ocrx_word' id='word_1_329' title='bbox 727 1327 780 1363; x_wconf 77' lang='grc' dir='ltr'>γὰρ</span> <span class='ocrx_word' id='word_1_330' title='bbox 803 1328 933 1364; x_wconf 83' lang='grc' dir='ltr'>τέταρτον</span> 
     </span>
    </p>
   </div>
   <div class='ocr_carea' id='block_1_45' title="bbox 145 1371 933 1410">
    <p class='ocr_par' dir='ltr' id='par_1_45' title="bbox 145 1371 933 1410">
     <span class='ocr_line' id='line_1_45' title="bbox 145 1371 933 1410; baseline 0.005 -13"><span class='ocrx_word' id='word_1_331' title='bbox 145 1371 234 1404; x_wconf 82' lang='grc' dir='ltr'>γένος,</span> <span class='ocrx_word' id='word_1_332' title='bbox 244 1372 304 1398; x_wconf 82' lang='grc' dir='ltr'>τότε</span> <span class='ocrx_word' id='word_1_333' title='bbox 318 1372 425 1404; x_wconf 80' lang='grc' dir='ltr'><strong>ἀξιώσω</strong></span> <span class='ocrx_word' id='word_1_334' title='bbox 441 1373 529 1407; x_wconf 77' lang='grc' dir='ltr'>λόγου,</span> <span class='ocrx_word' id='word_1_335' title='bbox 544 1373 574 1400; x_wconf 83' lang='grc' dir='ltr'>τὺ</span> <span class='ocrx_word' id='word_1_336' title='bbox 590 1374 619 1400; x_wconf 82' lang='grc' dir='ltr'>ἐν</span> <span class='ocrx_word' id='word_1_337' title='bbox 635 1374 778 1409; x_wconf 82' lang='grc' dir='ltr'>γράμμασι</span> <span class='ocrx_word' id='word_1_338' title='bbox 789 1374 835 1401; x_wconf 77' lang='grc' dir='ltr'>καὶ</span> <span class='ocrx_word' id='word_1_339' title='bbox 849 1383 933 1410; x_wconf 68' lang='grc' dir='ltr'>προσ·</span> 
     </span>
    </p>
   </div>
   <div class='ocr_carea' id='block_1_46' title="bbox 145 1416 932 1456">
    <p class='ocr_par' dir='ltr' id='par_1_46' title="bbox 145 1416 932 1456">
     <span class='ocr_line' id='line_1_46' title="bbox 145 1416 932 1456; baseline 0.005 -13"><span class='ocrx_word' id='word_1_340' title='bbox 145 1416 292 1452; x_wconf 73' lang='grc' dir='ltr'>τάγμασιν,</span> <span class='ocrx_word' id='word_1_341' title='bbox 326 1419 390 1445; x_wconf 85' lang='grc' dir='ltr'>ὃταν</span> <span class='ocrx_word' id='word_1_342' title='bbox 406 1419 452 1445; x_wconf 74' lang='grc' dir='ltr'>κα).</span> <span class='ocrx_word' id='word_1_343' title='bbox 474 1419 570 1451; x_wconf 80' lang='grc' dir='ltr'>κάλλος</span> <span class='ocrx_word' id='word_1_344' title='bbox 588 1419 644 1454; x_wconf 79' lang='grc'>(85)</span> <span class='ocrx_word' id='word_1_345' title='bbox 667 1420 838 1456; x_wconf 78' lang='grc' dir='ltr'>ἀποδέξωμαι</span> <span class='ocrx_word' id='word_1_346' title='bbox 855 1421 886 1447; x_wconf 79' lang='grc' dir='ltr'>τὸ</span> <span class='ocrx_word' id='word_1_347' title='bbox 903 1421 932 1447; x_wconf 76' lang='grc' dir='ltr'>ἐν</span> 
     </span>
    </p>
   </div>
   <div class='ocr_carea' id='block_1_47' title="bbox 146 1462 930 1500">
    <p class='ocr_par' dir='ltr' id='par_1_47' title="bbox 146 1462 930 1500">
     <span class='ocr_line' id='line_1_47' title="bbox 146 1462 930 1500; baseline 0.005 -11"><span class='ocrx_word' id='word_1_348' title='bbox 146 1462 283 1498; x_wconf 83' lang='grc' dir='ltr'>χρώμασι,</span> <span class='ocrx_word' id='word_1_349' title='bbox 299 1464 346 1490; x_wconf 70' lang='grc' dir='ltr'>καὶ</span> <span class='ocrx_word' id='word_1_350' title='bbox 357 1464 472 1500; x_wconf 80' lang='grc' dir='ltr'>πίθηκον</span> <span class='ocrx_word' id='word_1_351' title='bbox 486 1465 600 1492; x_wconf 77' lang='grc' dir='ltr'><strong>αἰδεσθῶ</strong></span> <span class='ocrx_word' id='word_1_352' title='bbox 614 1465 708 1492; x_wconf 82' lang='grc' dir='ltr'>λέοντα</span> <span class='ocrx_word' id='word_1_353' title='bbox 720 1463 790 1493; x_wconf 82' lang='grc' dir='ltr'>εἶναι</span> <span class='ocrx_word' id='word_1_354' title='bbox 805 1466 930 1493; x_wconf 82' lang='grc' dir='ltr'>κεκελευ-</span> 
     </span>
    </p>
   </div>
   <div class='ocr_carea' id='block_1_48' title="bbox 146 1508 256 1542">
    <p class='ocr_par' dir='ltr' id='par_1_48' title="bbox 146 1508 256 1542">
     <span class='ocr_line' id='line_1_48' title="bbox 146 1508 256 1542; baseline 0.009 -8"><span class='ocrx_word' id='word_1_355' title='bbox 146 1508 256 1542; x_wconf 86' lang='grc' dir='ltr'>σμένον.</span> 
     </span>
    </p>
   </div>
   <div class='ocr_carea' id='block_1_49' title="bbox 987 959 1769 997">
    <p class='ocr_par' dir='ltr' id='par_1_49' title="bbox 987 959 1769 997">
     <span class='ocr_line' id='line_1_49' title="bbox 987 959 1769 997; baseline -0.004 -9"><span class='ocrx_word' id='word_1_356' title='bbox 987 962 1051 995; x_wconf 90' lang='lat' dir='ltr'><strong>quid</strong></span> <span class='ocrx_word' id='word_1_357' title='bbox 1066 968 1156 989; x_wconf 88' lang='lat' dir='ltr'><strong>tamen</strong></span> <span class='ocrx_word' id='word_1_358' title='bbox 1180 963 1270 997; x_wconf 86' lang='lat' dir='ltr'><strong>magni</strong></span> <span class='ocrx_word' id='word_1_359' title='bbox 1295 963 1365 991; x_wconf 91' lang='lat' dir='ltr'><strong>inter</strong></span> <span class='ocrx_word' id='word_1_360' title='bbox 1381 964 1466 990; x_wconf 84' lang='lat' dir='ltr'><strong>lutum</strong></span> <span class='ocrx_word' id='word_1_361' title='bbox 1482 970 1513 990; x_wconf 92' lang='lat' dir='ltr'><strong>ac</strong></span> <span class='ocrx_word' id='word_1_362' title='bbox 1532 963 1616 990; x_wconf 92' lang='lat' dir='ltr'><strong>lutum</strong></span> <span class='ocrx_word' id='word_1_363' title='bbox 1634 959 1769 994; x_wconf 87' lang='lat' dir='ltr'><strong>interest.)</strong></span> 
     </span>
    </p>
   </div>
   <div class='ocr_carea' id='block_1_50' title="bbox 987 1007 1770 1042">
    <p class='ocr_par' dir='ltr' id='par_1_50' title="bbox 987 1007 1770 1042">
     <span class='ocr_line' id='line_1_50' title="bbox 987 1007 1770 1042; baseline -0.003 -8"><span class='ocrx_word' id='word_1_364' title='bbox 987 1007 1021 1034; x_wconf 88' lang='lat' dir='ltr'><strong>At</strong></span> <span class='ocrx_word' id='word_1_365' title='bbox 1035 1008 1206 1042; x_wconf 82' lang='lat' dir='ltr'><strong>spiritualem</strong></span> <span class='ocrx_word' id='word_1_366' title='bbox 1236 1009 1403 1037; x_wconf 88' lang='lat' dir='ltr'><strong>nobilitatem</strong></span> <span class='ocrx_word' id='word_1_367' title='bbox 1433 1009 1504 1037; x_wconf 91' lang='lat' dir='ltr'><strong>illius</strong></span> <span class='ocrx_word' id='word_1_368' title='bbox 1527 1009 1585 1035; x_wconf 94' lang='lat' dir='ltr'><strong>loco</strong></span> <span class='ocrx_word' id='word_1_369' title='bbox 1615 1007 1718 1039; x_wconf 75' lang='lat' dir='ltr'><strong>alferct,</strong></span> <span class='ocrx_word' id='word_1_370' title='bbox 1743 1009 1770 1033; x_wconf 90' lang='lat' dir='ltr'><strong>et</strong></span> 
     </span>
    </p>
   </div>
   <div class='ocr_carea' id='block_1_51' title="bbox 987 1052 1770 1090">
    <p class='ocr_par' dir='ltr' id='par_1_51' title="bbox 987 1052 1770 1090">
     <span class='ocr_line' id='line_1_51' title="bbox 987 1052 1770 1090; baseline -0.001 -9"><span class='ocrx_word' id='word_1_371' title='bbox 987 1061 1068 1088; x_wconf 86' lang='lat' dir='ltr'><strong>quam</strong></span> <span class='ocrx_word' id='word_1_372' title='bbox 1085 1055 1135 1082; x_wconf 89' lang='lat' dir='ltr'><strong>sibi</strong></span> <span class='ocrx_word' id='word_1_373' title='bbox 1149 1055 1274 1090; x_wconf 90' lang='lat' dir='ltr'><strong>quisque,</strong></span> <span class='ocrx_word' id='word_1_374' title='bbox 1295 1055 1338 1083; x_wconf 89' lang='lat' dir='ltr'><strong>vel</strong></span> <span class='ocrx_word' id='word_1_375' title='bbox 1360 1056 1387 1083; x_wconf 91' lang='lat' dir='ltr'><strong>in</strong></span> <span class='ocrx_word' id='word_1_376' title='bbox 1415 1055 1510 1082; x_wconf 87' lang='lat' dir='ltr'><strong>melius</strong></span> <span class='ocrx_word' id='word_1_377' title='bbox 1522 1075 1529 1087; x_wconf 90' lang='lat'><strong>,</strong></span> <span class='ocrx_word' id='word_1_378' title='bbox 1543 1054 1586 1082; x_wconf 77' lang='lat' dir='ltr'><strong>vel</strong></span> <span class='ocrx_word' id='word_1_379' title='bbox 1605 1054 1631 1081; x_wconf 93' lang='lat' dir='ltr'><strong>in</strong></span> <span class='ocrx_word' id='word_1_380' title='bbox 1651 1052 1770 1080; x_wconf 80' lang='lat' dir='ltr'><strong>deterius</strong></span> 
     </span>
    </p>
   </div>
   <div class='ocr_carea' id='block_1_52' title="bbox 987 1098 1770 1137">
    <p class='ocr_par' dir='ltr' id='par_1_52' title="bbox 987 1098 1770 1137">
     <span class='ocr_line' id='line_1_52' title="bbox 987 1098 1770 1137; baseline -0.003 -10"><span class='ocrx_word' id='word_1_381' title='bbox 987 1101 1089 1136; x_wconf 79' lang='lat' dir='ltr'><strong>ellingit</strong></span> <span class='ocrx_word' id='word_1_382' title='bbox 1115 1109 1122 1128; x_wconf 92' lang='lat'>:</span> <span class='ocrx_word' id='word_1_383' title='bbox 1155 1101 1273 1137; x_wconf 88' lang='lat' dir='ltr'><strong>reliquas</strong></span> <span class='ocrx_word' id='word_1_384' title='bbox 1299 1106 1388 1129; x_wconf 89' lang='lat' dir='ltr'><strong>autem</strong></span> <span class='ocrx_word' id='word_1_385' title='bbox 1413 1101 1578 1131; x_wconf 80' lang='lat' dir='ltr'><strong>nobilitates,</strong></span> <span class='ocrx_word' id='word_1_386' title='bbox 1599 1107 1659 1134; x_wconf 69' lang='lat' dir='ltr'><strong>qua:</strong></span> <span class='ocrx_word' id='word_1_387' title='bbox 1675 1098 1716 1126; x_wconf 87' lang='lat' dir='ltr'><strong>vel</strong></span> <span class='ocrx_word' id='word_1_388' title='bbox 1730 1098 1770 1125; x_wconf 81' lang='lat' dir='ltr'><strong>fe-</strong></span> 
     </span>
    </p>
   </div>
   <div class='ocr_carea' id='block_1_53' title="bbox 987 1147 1770 1183">
    <p class='ocr_par' dir='ltr' id='par_1_53' title="bbox 987 1147 1770 1183">
     <span class='ocr_line' id='line_1_53' title="bbox 987 1147 1770 1183; baseline -0.004 -9"><span class='ocrx_word' id='word_1_389' title='bbox 987 1151 1094 1179; x_wconf 82' lang='lat' dir='ltr'><strong>runtur,</strong></span> <span class='ocrx_word' id='word_1_390' title='bbox 1123 1147 1162 1174; x_wconf 75' lang='lat' dir='ltr'><strong>vel</strong></span> <span class='ocrx_word' id='word_1_391' title='bbox 1184 1148 1335 1182; x_wconf 89' lang='lat' dir='ltr'><strong>principum</strong></span> <span class='ocrx_word' id='word_1_392' title='bbox 1359 1147 1551 1183; x_wconf 85' lang='lat' dir='ltr'><strong>diplomatibus</strong></span> <span class='ocrx_word' id='word_1_393' title='bbox 1569 1149 1770 1180; x_wconf 85' lang='lat' dir='ltr'><strong>comparantur,</strong></span> 
     </span>
    </p>
   </div>
   <div class='ocr_carea' id='block_1_54' title="bbox 987 1191 1770 1228">
    <p class='ocr_par' dir='ltr' id='par_1_54' title="bbox 987 1191 1770 1228">
     <span class='ocr_line' id='line_1_54' title="bbox 987 1191 1770 1228; baseline -0.004 -9"><span class='ocrx_word' id='word_1_394' title='bbox 987 1193 1094 1221; x_wconf 88' lang='lat' dir='ltr'><strong>utviles</strong></span> <span class='ocrx_word' id='word_1_395' title='bbox 1118 1198 1146 1220; x_wconf 90' lang='lat' dir='ltr'><strong>et</strong></span> <span class='ocrx_word' id='word_1_396' title='bbox 1163 1193 1339 1226; x_wconf 87' lang='lat' dir='ltr'><strong>adulterinas,</strong></span> <span class='ocrx_word' id='word_1_397' title='bbox 1362 1193 1492 1228; x_wconf 87' lang='lat' dir='ltr'><strong>nulloque</strong></span> <span class='ocrx_word' id='word_1_398' title='bbox 1515 1194 1541 1220; x_wconf 94' lang='lat' dir='ltr'><strong>in</strong></span> <span class='ocrx_word' id='word_1_399' title='bbox 1567 1193 1654 1227; x_wconf 86' lang='lat' dir='ltr'><strong>pretio</strong></span> <span class='ocrx_word' id='word_1_400' title='bbox 1668 1191 1770 1218; x_wconf 87' lang='lat' dir='ltr'><strong>haben—</strong></span> 
     </span>
    </p>
   </div>
   <div class='ocr_carea' id='block_1_55' title="bbox 985 1238 1768 1274">
    <p class='ocr_par' dir='ltr' id='par_1_55' title="bbox 985 1238 1768 1274">
     <span class='ocr_line' id='line_1_55' title="bbox 985 1238 1768 1274; baseline -0.006 -8"><span class='ocrx_word' id='word_1_401' title='bbox 985 1240 1047 1271; x_wconf 85' lang='lat' dir='ltr'><strong>das,</strong></span> <span class='ocrx_word' id='word_1_402' title='bbox 1068 1240 1161 1274; x_wconf 88' lang='lat' dir='ltr'><strong>procul</strong></span> <span class='ocrx_word' id='word_1_403' title='bbox 1177 1239 1358 1267; x_wconf 88' lang='lat' dir='ltr'><strong>submovebit.</strong></span> <span class='ocrx_word' id='word_1_404' title='bbox 1386 1238 1434 1266; x_wconf 85' lang='lat' dir='ltr'><strong>Est</strong></span> <span class='ocrx_word' id='word_1_405' title='bbox 1458 1239 1531 1266; x_wconf 90' lang='lat' dir='ltr'><strong>cnim</strong></span> <span class='ocrx_word' id='word_1_406' title='bbox 1554 1238 1650 1272; x_wconf 78' lang='lat' dir='ltr'><strong>triplex</strong></span> <span class='ocrx_word' id='word_1_407' title='bbox 1672 1243 1768 1271; x_wconf 84' lang='lat' dir='ltr'><strong>genus.</strong></span> 
     </span>
    </p>
   </div>
   <div class='ocr_carea' id='block_1_56' title="bbox 986 1281 1768 1320">
    <p class='ocr_par' dir='ltr' id='par_1_56' title="bbox 986 1281 1768 1320">
     <span class='ocr_line' id='line_1_56' title="bbox 986 1281 1768 1320; baseline -0.008 -7"><span class='ocrx_word' id='word_1_408' title='bbox 986 1285 1084 1318; x_wconf 87' lang='lat' dir='ltr'><strong>Unum,</strong></span> <span class='ocrx_word' id='word_1_409' title='bbox 1097 1285 1168 1320; x_wconf 93' lang='lat' dir='ltr'><strong>quod</strong></span> <span class='ocrx_word' id='word_1_410' title='bbox 1183 1293 1299 1320; x_wconf 85' lang='lat' dir='ltr'><strong>superne</strong></span> <span class='ocrx_word' id='word_1_411' title='bbox 1312 1284 1443 1320; x_wconf 76' lang='lat' dir='ltr'><strong>originem</strong></span> <span class='ocrx_word' id='word_1_412' title='bbox 1464 1285 1558 1315; x_wconf 81' lang='lat' dir='ltr'><strong>traxit,</strong></span> <span class='ocrx_word' id='word_1_413' title='bbox 1572 1283 1642 1318; x_wconf 88' lang='lat' dir='ltr'><strong>quod</strong></span> <span class='ocrx_word' id='word_1_414' title='bbox 1661 1281 1768 1317; x_wconf 86' lang='lat' dir='ltr'><strong>quidem</strong></span> 
     </span>
    </p>
   </div>
   <div class='ocr_carea' id='block_1_57' title="bbox 987 1329 1768 1365">
    <p class='ocr_par' dir='ltr' id='par_1_57' title="bbox 987 1329 1768 1365">
     <span class='ocr_line' id='line_1_57' title="bbox 987 1329 1768 1365; baseline -0.006 -8"><span class='ocrx_word' id='word_1_415' title='bbox 987 1331 1009 1357; x_wconf 87' lang='lat' dir='ltr'><strong>si</strong></span> <span class='ocrx_word' id='word_1_416' title='bbox 1028 1331 1241 1364; x_wconf 83' lang='lat' dir='ltr'><strong>consideremus,</strong></span> <span class='ocrx_word' id='word_1_417' title='bbox 1268 1338 1363 1358; x_wconf 88' lang='lat' dir='ltr'><strong>omnes</strong></span> <span class='ocrx_word' id='word_1_418' title='bbox 1385 1337 1513 1365; x_wconf 64' lang='lat' dir='ltr'><strong>peraeque</strong></span> <span class='ocrx_word' id='word_1_419' title='bbox 1538 1329 1642 1356; x_wconf 88' lang='lat' dir='ltr'><strong>nobiles</strong></span> <span class='ocrx_word' id='word_1_420' title='bbox 1664 1334 1768 1358; x_wconf 87' lang='lat' dir='ltr'><strong>sumus,</strong></span> 
     </span>
    </p>
   </div>
   <div class='ocr_carea' id='block_1_58' title="bbox 986 1373 1769 1411">
    <p class='ocr_par' dir='ltr' id='par_1_58' title="bbox 986 1373 1769 1411">
     <span class='ocr_line' id='line_1_58' title="bbox 986 1373 1769 1411; baseline -0.006 -8"><span class='ocrx_word' id='word_1_421' title='bbox 986 1377 1084 1411; x_wconf 90' lang='lat' dir='ltr'><strong>quippe</strong></span> <span class='ocrx_word' id='word_1_422' title='bbox 1098 1377 1130 1403; x_wconf 88' lang='lat' dir='ltr'><strong>ad</strong></span> <span class='ocrx_word' id='word_1_423' title='bbox 1150 1376 1296 1411; x_wconf 89' lang='lat' dir='ltr'><strong>imaginem</strong></span> <span class='ocrx_word' id='word_1_424' title='bbox 1317 1377 1363 1404; x_wconf 87' lang='lat' dir='ltr'><strong>Dei</strong></span> <span class='ocrx_word' id='word_1_425' title='bbox 1379 1377 1462 1404; x_wconf 86' lang='lat' dir='ltr'><strong>creati</strong></span> <span class='ocrx_word' id='word_1_426' title='bbox 1478 1376 1499 1402; x_wconf 85' lang='grc'>³.</span> <span class='ocrx_word' id='word_1_427' title='bbox 1518 1376 1651 1406; x_wconf 87' lang='lat' dir='ltr'><strong>Alterum,</strong></span> <span class='ocrx_word' id='word_1_428' title='bbox 1667 1373 1737 1408; x_wconf 92' lang='lat' dir='ltr'><strong>quod</strong></span> <span class='ocrx_word' id='word_1_429' title='bbox 1754 1379 1769 1399; x_wconf 86' lang='lat' dir='ltr'><strong>a</strong></span> 
     </span>
    </p>
   </div>
   <div class='ocr_carea' id='block_1_59' title="bbox 985 1419 1770 1457">
    <p class='ocr_par' dir='ltr' id='par_1_59' title="bbox 985 1419 1770 1457">
     <span class='ocr_line' id='line_1_59' title="bbox 985 1419 1770 1457; baseline -0.006 -8"><span class='ocrx_word' id='word_1_430' title='bbox 985 1422 1116 1456; x_wconf 80' lang='lat' dir='ltr'><strong>sanguine</strong></span> <span class='ocrx_word' id='word_1_431' title='bbox 1141 1422 1321 1457; x_wconf 81' lang='lat' dir='ltr'><strong>proﬁciscitur</strong></span> <span class='ocrx_word' id='word_1_432' title='bbox 1334 1443 1342 1454; x_wconf 87' lang='lat'><strong>,</strong></span> <span class='ocrx_word' id='word_1_433' title='bbox 1359 1422 1435 1456; x_wconf 85' lang='lat' dir='ltr'><strong>cujus</strong></span> <span class='ocrx_word' id='word_1_434' title='bbox 1453 1421 1558 1448; x_wconf 77' lang='lat' dir='ltr'><strong>ratione</strong></span> <span class='ocrx_word' id='word_1_435' title='bbox 1576 1421 1644 1447; x_wconf 89' lang='lat' dir='ltr'><strong>haud</strong></span> <span class='ocrx_word' id='word_1_436' title='bbox 1660 1419 1770 1454; x_wconf 87' lang='lat' dir='ltr'><strong>quidem</strong></span> 
     </span>
    </p>
   </div>
   <div class='ocr_carea' id='block_1_60' title="bbox 984 1465 1771 1503">
    <p class='ocr_par' dir='ltr' id='par_1_60' title="bbox 984 1465 1771 1503">
     <span class='ocr_line' id='line_1_60' title="bbox 984 1465 1771 1503; baseline -0.003 -9"><span class='ocrx_word' id='word_1_437' title='bbox 984 1468 1087 1499; x_wconf 86' lang='lat' dir='ltr'><strong>scio,an</strong></span> <span class='ocrx_word' id='word_1_438' title='bbox 1099 1468 1242 1503; x_wconf 85' lang='lat' dir='ltr'><strong>quisquam</strong></span> <span class='ocrx_word' id='word_1_439' title='bbox 1254 1468 1351 1495; x_wconf 89' lang='lat' dir='ltr'><strong>nobilis</strong></span> <span class='ocrx_word' id='word_1_440' title='bbox 1363 1469 1415 1495; x_wconf 90' lang='lat' dir='ltr'><strong>dici</strong></span> <span class='ocrx_word' id='word_1_441' title='bbox 1428 1468 1520 1503; x_wconf 89' lang='lat' dir='ltr'><strong>possit.</strong></span> <span class='ocrx_word' id='word_1_442' title='bbox 1529 1475 1590 1494; x_wconf 83' lang='lat' dir='ltr'><strong>Clllll</strong></span> <span class='ocrx_word' id='word_1_443' title='bbox 1600 1465 1771 1498; x_wconf 83' lang='lat' dir='ltr'><strong>corruptione</strong></span> 
     </span>
    </p>
   </div>
   <div class='ocr_carea' id='block_1_61' title="bbox 985 1510 1769 1546">
    <p class='ocr_par' dir='ltr' id='par_1_61' title="bbox 985 1510 1769 1546">
     <span class='ocr_line' id='line_1_61' title="bbox 985 1510 1769 1546; baseline -0.006 -6"><span class='ocrx_word' id='word_1_444' title='bbox 985 1518 1102 1540; x_wconf 76' lang='lat' dir='ltr'><strong>constet.</strong></span> <span class='ocrx_word' id='word_1_445' title='bbox 1132 1513 1254 1540; x_wconf 89' lang='lat' dir='ltr'><strong>Tcrtiutn</strong></span> <span class='ocrx_word' id='word_1_446' title='bbox 1283 1513 1413 1540; x_wconf 88' lang='lat' dir='ltr'><strong>avirtute</strong></span> <span class='ocrx_word' id='word_1_447' title='bbox 1447 1517 1494 1540; x_wconf 84' lang='lat' dir='ltr'><strong>aut</strong></span> <span class='ocrx_word' id='word_1_448' title='bbox 1525 1513 1590 1539; x_wconf 92' lang='lat' dir='ltr'><strong>vitio</strong></span> <span class='ocrx_word' id='word_1_449' title='bbox 1606 1510 1769 1546; x_wconf 73' lang='lat' dir='ltr'><strong>agnoscitur,</strong></span> 
     </span>
    </p>
   </div>
   <div class='ocr_carea' id='block_1_62' title="bbox 146 1555 1772 1595">
    <p class='ocr_par' dir='ltr' id='par_1_62' title="bbox 146 1555 1772 1595">
     <span class='ocr_line' id='line_1_62' title="bbox 146 1555 1772 1595; baseline 0 -13"><span class='ocrx_word' id='word_1_450' title='bbox 146 1555 223 1589; x_wconf 79' lang='lat' dir='ltr'><strong>cujus</strong></span> <span class='ocrx_word' id='word_1_451' title='bbox 238 1557 279 1584; x_wconf 90' lang='lat' dir='ltr'><strong>vel</strong></span> <span class='ocrx_word' id='word_1_452' title='bbox 297 1557 407 1585; x_wconf 88' lang='lat' dir='ltr'><strong>uberius</strong></span> <span class='ocrx_word' id='word_1_453' title='bbox 435 1559 477 1586; x_wconf 83' lang='lat' dir='ltr'><strong>vel</strong></span> <span class='ocrx_word' id='word_1_454' title='bbox 500 1559 598 1586; x_wconf 83' lang='lat' dir='ltr'><strong>exilius</strong></span> <span class='ocrx_word' id='word_1_455' title='bbox 621 1560 768 1594; x_wconf 79' lang='lat' dir='ltr'><strong>participes</strong></span> <span class='ocrx_word' id='word_1_456' title='bbox 791 1559 932 1593; x_wconf 76' lang='lat' dir='ltr'><strong>efficimur,</strong></span> <span class='ocrx_word' id='word_1_457' title='bbox 954 1565 1043 1594; x_wconf 87' lang='lat' dir='ltr'><strong>prout,</strong></span> <span class='ocrx_word' id='word_1_458' title='bbox 1059 1561 1166 1595; x_wconf 85' lang='lat' dir='ltr'><strong>opinor,</strong></span> <span class='ocrx_word' id='word_1_459' title='bbox 1202 1561 1322 1587; x_wconf 88' lang='lat' dir='ltr'><strong>divinam</strong></span> <span class='ocrx_word' id='word_1_460' title='bbox 1354 1560 1499 1595; x_wconf 75' lang='lat' dir='ltr'><strong>imaginem</strong></span> <span class='ocrx_word' id='word_1_461' title='bbox 1517 1558 1558 1585; x_wconf 87' lang='lat' dir='ltr'><strong>vel</strong></span> <span class='ocrx_word' id='word_1_462' title='bbox 1571 1558 1700 1591; x_wconf 87' lang='lat' dir='ltr'><strong>integram</strong></span> <span class='ocrx_word' id='word_1_463' title='bbox 1714 1563 1772 1583; x_wconf 81' lang='lat' dir='ltr'><strong>ser-</strong></span> 
     </span>
    </p>
   </div>
   <div class='ocr_carea' id='block_1_63' title="bbox 146 1603 1771 1642">
    <p class='ocr_par' dir='ltr' id='par_1_63' title="bbox 146 1603 1771 1642">
     <span class='ocr_line' id='line_1_63' title="bbox 146 1603 1771 1642; baseline -0.001 -13"><span class='ocrx_word' id='word_1_464' title='bbox 146 1603 311 1637; x_wconf 87' lang='lat' dir='ltr'><strong>vaverimus,</strong></span> <span class='ocrx_word' id='word_1_465' title='bbox 328 1604 370 1631; x_wconf 85' lang='lat' dir='ltr'><strong>vel</strong></span> <span class='ocrx_word' id='word_1_466' title='bbox 395 1605 610 1640; x_wconf 84' lang='lat' dir='ltr'><strong>corruperimus.</strong></span> <span class='ocrx_word' id='word_1_467' title='bbox 630 1605 720 1640; x_wconf 84' lang='lat' dir='ltr'><strong>Atque</strong></span> <span class='ocrx_word' id='word_1_468' title='bbox 744 1606 814 1633; x_wconf 90' lang='lat' dir='ltr'><strong>hanc</strong></span> <span class='ocrx_word' id='word_1_469' title='bbox 826 1607 931 1642; x_wconf 78' lang='lat' dir='ltr'><strong>demum</strong></span> <span class='ocrx_word' id='word_1_470' title='bbox 954 1606 1118 1634; x_wconf 85' lang='lat' dir='ltr'><strong>nobilitatem</strong></span> <span class='ocrx_word' id='word_1_471' title='bbox 1136 1607 1323 1641; x_wconf 87' lang='lat' dir='ltr'><strong>amplectetur,</strong></span> <span class='ocrx_word' id='word_1_472' title='bbox 1357 1605 1481 1640; x_wconf 87' lang='lat' dir='ltr'><strong>quisquis</strong></span> <span class='ocrx_word' id='word_1_473' title='bbox 1514 1611 1576 1631; x_wconf 90' lang='lat' dir='ltr'><strong>vere</strong></span> <span class='ocrx_word' id='word_1_474' title='bbox 1602 1603 1710 1637; x_wconf 84' lang='lat' dir='ltr'><strong>sapiens</strong></span> <span class='ocrx_word' id='word_1_475' title='bbox 1738 1608 1771 1628; x_wconf 87' lang='lat' dir='ltr'><strong>ac</strong></span> 
     </span>
    </p>
   </div>
   <div class='ocr_carea' id='block_1_64' title="bbox 147 1645 1770 1687">
    <p class='ocr_par' dir='ltr' id='par_1_64' title="bbox 147 1645 1770 1687">
     <span class='ocr_line' id='line_1_64' title="bbox 147 1645 1770 1687; baseline -0.002 -12"><span class='ocrx_word' id='word_1_476' title='bbox 147 1649 320 1684; x_wconf 84' lang='lat' dir='ltr'><strong>philosophus</strong></span> <span class='ocrx_word' id='word_1_477' title='bbox 344 1649 436 1677; x_wconf 77' lang='lat' dir='ltr'><strong>fuerit.</strong></span> <span class='ocrx_word' id='word_1_478' title='bbox 453 1650 519 1678; x_wconf 79' lang='lat' dir='ltr'><strong>Nam</strong></span> <span class='ocrx_word' id='word_1_479' title='bbox 546 1655 672 1685; x_wconf 86' lang='lat' dir='ltr'><strong>quartum</strong></span> <span class='ocrx_word' id='word_1_480' title='bbox 700 1650 763 1677; x_wconf 85' lang='lat' dir='ltr'><strong>illud</strong></span> <span class='ocrx_word' id='word_1_481' title='bbox 789 1651 937 1679; x_wconf 84' lang='lat' dir='ltr'><strong>nobilitatis</strong></span> <span class='ocrx_word' id='word_1_482' title='bbox 956 1659 1050 1687; x_wconf 81' lang='lat' dir='ltr'><strong>genus,</strong></span> <span class='ocrx_word' id='word_1_483' title='bbox 1081 1653 1152 1686; x_wconf 90' lang='lat' dir='ltr'><strong>quod</strong></span> <span class='ocrx_word' id='word_1_484' title='bbox 1177 1651 1202 1678; x_wconf 92' lang='lat' dir='ltr'><strong>iu</strong></span> <span class='ocrx_word' id='word_1_485' title='bbox 1224 1651 1374 1685; x_wconf 87' lang='lat' dir='ltr'><strong>principum</strong></span> <span class='ocrx_word' id='word_1_486' title='bbox 1403 1649 1593 1684; x_wconf 85' lang='lat' dir='ltr'><strong>diplomatibus</strong></span> <span class='ocrx_word' id='word_1_487' title='bbox 1618 1652 1644 1673; x_wconf 93' lang='lat' dir='ltr'><strong>et</strong></span> <span class='ocrx_word' id='word_1_488' title='bbox 1674 1645 1770 1672; x_wconf 83' lang='lat' dir='ltr'><strong>edictis</strong></span> 
     </span>
    </p>
   </div>
   <div class='ocr_carea' id='block_1_65' title="bbox 145 1692 1772 1732">
    <p class='ocr_par' dir='ltr' id='par_1_65' title="bbox 145 1692 1772 1732">
     <span class='ocr_line' id='line_1_65' title="bbox 145 1692 1772 1732; baseline -0.004 -9"><span class='ocrx_word' id='word_1_489' title='bbox 145 1696 281 1728; x_wconf 77' lang='lat' dir='ltr'><strong>Consistit,</strong></span> <span class='ocrx_word' id='word_1_490' title='bbox 299 1701 355 1723; x_wconf 92' lang='lat' dir='ltr'><strong>tum</strong></span> <span class='ocrx_word' id='word_1_491' title='bbox 386 1696 440 1722; x_wconf 90' lang='lat' dir='ltr'><strong>ullo</strong></span> <span class='ocrx_word' id='word_1_492' title='bbox 454 1695 514 1722; x_wconf 88' lang='lat' dir='ltr'><strong>loco</strong></span> <span class='ocrx_word' id='word_1_493' title='bbox 544 1704 576 1723; x_wconf 87' lang='lat' dir='ltr'><strong>ac</strong></span> <span class='ocrx_word' id='word_1_494' title='bbox 610 1696 696 1730; x_wconf 89' lang='lat' dir='ltr'><strong>pretio</strong></span> <span class='ocrx_word' id='word_1_495' title='bbox 729 1696 846 1730; x_wconf 88' lang='lat' dir='ltr'><strong>habebo,</strong></span> <span class='ocrx_word' id='word_1_496' title='bbox 877 1704 938 1723; x_wconf 91' lang='lat' dir='ltr'><strong>cum</strong></span> <span class='ocrx_word' id='word_1_497' title='bbox 960 1697 1040 1724; x_wconf 87' lang='lat' dir='ltr'><strong>sitam</strong></span> <span class='ocrx_word' id='word_1_498' title='bbox 1059 1696 1086 1723; x_wconf 90' lang='lat' dir='ltr'><strong>in</strong></span> <span class='ocrx_word' id='word_1_499' title='bbox 1118 1696 1255 1723; x_wconf 89' lang='lat' dir='ltr'><strong>coloribus</strong></span> <span class='ocrx_word' id='word_1_500' title='bbox 1279 1694 1507 1732; x_wconf 87' lang='lat' dir='ltr'><strong>pulchritudinem</strong></span> <span class='ocrx_word' id='word_1_501' title='bbox 1531 1693 1671 1728; x_wconf 84' lang='lat' dir='ltr'><strong>amplexus</strong></span> <span class='ocrx_word' id='word_1_502' title='bbox 1696 1692 1772 1718; x_wconf 83' lang='lat' dir='ltr'><strong>fuero</strong></span> 
     </span>
    </p>
   </div>
   <div class='ocr_carea' id='block_1_66' title="bbox 146 1741 1076 1776">
    <p class='ocr_par' dir='ltr' id='par_1_66' title="bbox 146 1741 1076 1776">
     <span class='ocr_line' id='line_1_66' title="bbox 146 1741 1076 1776; baseline -0.002 -6"><span class='ocrx_word' id='word_1_503' title='bbox 146 1743 305 1776; x_wconf 85' lang='lat' dir='ltr'><strong>simiamque</strong></span> <span class='ocrx_word' id='word_1_504' title='bbox 322 1742 357 1768; x_wconf 89' lang='lat' dir='ltr'><strong>ob</strong></span> <span class='ocrx_word' id='word_1_505' title='bbox 382 1741 407 1768; x_wconf 89' lang='lat' dir='ltr'><strong>id</strong></span> <span class='ocrx_word' id='word_1_506' title='bbox 428 1741 550 1768; x_wconf 85' lang='lat' dir='ltr'><strong>venerari</strong></span> <span class='ocrx_word' id='word_1_507' title='bbox 578 1749 698 1773; x_wconf 73' lang='lat' dir='ltr'><strong>cmpero.</strong></span> <span class='ocrx_word' id='word_1_508' title='bbox 723 1741 793 1775; x_wconf 81' lang='lat' dir='ltr'><strong>quod</strong></span> <span class='ocrx_word' id='word_1_509' title='bbox 808 1742 851 1769; x_wconf 90' lang='lat' dir='ltr'><strong>leo</strong></span> <span class='ocrx_word' id='word_1_510' title='bbox 868 1749 926 1769; x_wconf 86' lang='lat' dir='ltr'><strong>esse</strong></span> <span class='ocrx_word' id='word_1_511' title='bbox 942 1741 1018 1775; x_wconf 84' lang='lat' dir='ltr'><strong>jussa</strong></span> <span class='ocrx_word' id='word_1_512' title='bbox 1033 1743 1076 1768; x_wconf 88' lang='lat' dir='ltr'><strong>sit.</strong></span> 
     </span>
    </p>
   </div>
   <div class='ocr_carea' id='block_1_67' title="bbox 180 1785 933 1823">
    <p class='ocr_par' dir='ltr' id='par_1_67' title="bbox 180 1787 928 1823">
     <span class='ocr_line' id='line_1_67' title="bbox 180 1787 928 1823; baseline -0.001 -8"><span class='ocrx_word' id='word_1_513' title='bbox 180 1788 232 1816; x_wconf 72' lang='lat' dir='ltr'><strong>IA&#39;.</strong></span> <span class='ocrx_word' id='word_1_514' title='bbox 257 1787 326 1818; x_wconf 81' lang='grc' dir='ltr'><strong>Νὲος</strong></span> <span class='ocrx_word' id='word_1_515' title='bbox 339 1787 414 1819; x_wconf 74' lang='grc' dir='ltr'>ἐστίς</span> <span class='ocrx_word' id='word_1_516' title='bbox 429 1787 509 1814; x_wconf 80' lang='grc' dir='ltr'>Κατὰ</span> <span class='ocrx_word' id='word_1_517' title='bbox 523 1787 577 1814; x_wconf 85' lang='grc' dir='ltr'><strong>τῶν</strong></span> <span class='ocrx_word' id='word_1_518' title='bbox 597 1787 691 1814; x_wconf 80' lang='grc' dir='ltr'>παθῶν</span> <span class='ocrx_word' id='word_1_519' title='bbox 709 1788 928 1823; x_wconf 76' lang='grc' dir='ltr'>ἀνδρισθήσεται,</span> 
     </span>
    </p>
   </div>
   <div class='ocr_carea' id='block_1_68' title="bbox 985 1785 1770 1823">
    <p class='ocr_par' dir='ltr' id='par_1_68' title="bbox 1015 1785 1770 1816">
     <span class='ocr_line' id='line_1_68' title="bbox 1015 1785 1770 1816; baseline -0.005 -2"><span class='ocrx_word' id='word_1_520' title='bbox 1015 1788 1062 1815; x_wconf 84' lang='lat' dir='ltr'><strong>XI.</strong></span> <span class='ocrx_word' id='word_1_521' title='bbox 1080 1788 1190 1816; x_wconf 79' lang='lat' dir='ltr'><strong>Juvenis</strong></span> <span class='ocrx_word' id='word_1_522' title='bbox 1203 1788 1264 1816; x_wconf 85' lang='lat' dir='ltr'><strong>est?</strong></span> <span class='ocrx_word' id='word_1_523' title='bbox 1284 1789 1422 1815; x_wconf 76' lang='lat' dir='ltr'><strong>Adversus</strong></span> <span class='ocrx_word' id='word_1_524' title='bbox 1445 1787 1556 1813; x_wconf 89' lang='lat' dir='ltr'><strong>vitiosos</strong></span> <span class='ocrx_word' id='word_1_525' title='bbox 1578 1785 1660 1812; x_wconf 91' lang='lat' dir='ltr'><strong>animi</strong></span> <span class='ocrx_word' id='word_1_526' title='bbox 1682 1790 1770 1811; x_wconf 79' lang='lat' dir='ltr'><strong>motus</strong></span> 
     </span>
    </p>
   </div>
   <div class='ocr_carea' id='block_1_69' title="bbox 145 1832 933 1869">
    <p class='ocr_par' dir='ltr' id='par_1_69' title="bbox 145 1832 933 1869">
     <span class='ocr_line' id='line_1_69' title="bbox 145 1832 933 1869; baseline -0.001 -8"><span class='ocrx_word' id='word_1_527' title='bbox 145 1834 193 1862; x_wconf 77' lang='grc' dir='ltr'>καὶ</span> <span class='ocrx_word' id='word_1_528' title='bbox 213 1832 292 1860; x_wconf 83' lang='grc' dir='ltr'>τοῦτο</span> <span class='ocrx_word' id='word_1_529' title='bbox 315 1832 464 1859; x_wconf 79' lang='grc' dir='ltr'>ἀπολαύσει</span> <span class='ocrx_word' id='word_1_530' title='bbox 490 1834 539 1868; x_wconf 78' lang='grc' dir='ltr'>τῆς</span> <span class='ocrx_word' id='word_1_531' title='bbox 559 1833 700 1868; x_wconf 83' lang='grc' dir='ltr'>νεότητος,</span> <span class='ocrx_word' id='word_1_532' title='bbox 715 1833 746 1859; x_wconf 83' lang='grc' dir='ltr'>τὸ</span> <span class='ocrx_word' id='word_1_533' title='bbox 762 1834 799 1869; x_wconf 81' lang='grc' dir='ltr'>μὴ</span> <span class='ocrx_word' id='word_1_534' title='bbox 815 1834 850 1860; x_wconf 79' lang='grc' dir='ltr'>τὰ</span> <span class='ocrx_word' id='word_1_535' title='bbox 866 1834 933 1861; x_wconf 82' lang='grc' dir='ltr'>νέων</span> 
     </span>
    </p>
   </div>
   <div class='ocr_carea' id='block_1_70' title="bbox 145 1879 933 1915">
    <p class='ocr_par' dir='ltr' id='par_1_70' title="bbox 145 1879 933 1915">
     <span class='ocr_line' id='line_1_70' title="bbox 145 1879 933 1915; baseline -0.004 -7"><span class='ocrx_word' id='word_1_536' title='bbox 145 1880 252 1912; x_wconf 84' lang='grc' dir='ltr'>παθεῖν,</span> <span class='ocrx_word' id='word_1_537' title='bbox 264 1879 331 1906; x_wconf 81' lang='grc' dir='ltr'>ἀλλὰ</span> <span class='ocrx_word' id='word_1_538' title='bbox 341 1879 425 1911; x_wconf 77' lang='grc' dir='ltr'>δεῖξαι</span> <span class='ocrx_word' id='word_1_539' title='bbox 440 1879 623 1915; x_wconf 75' lang='grc' dir='ltr'>πρεσϐυτικὴν</span> <span class='ocrx_word' id='word_1_540' title='bbox 636 1879 765 1915; x_wconf 78' lang='grc' dir='ltr'>φρόνησιν</span> <span class='ocrx_word' id='word_1_541' title='bbox 778 1881 806 1906; x_wconf 75' lang='grc' dir='ltr'>ὲν</span> <span class='ocrx_word' id='word_1_542' title='bbox 821 1879 933 1914; x_wconf 80' lang='grc' dir='ltr'>ἀκμαίῳ</span> 
     </span>
    </p>
   </div>
   <div class='ocr_carea' id='block_1_71' title="bbox 146 1925 933 1961">
    <p class='ocr_par' dir='ltr' id='par_1_71' title="bbox 146 1925 933 1961">
     <span class='ocr_line' id='line_1_71' title="bbox 146 1925 933 1961; baseline -0.001 -9"><span class='ocrx_word' id='word_1_543' title='bbox 146 1926 184 1961; x_wconf 83' lang='grc' dir='ltr'><strong>τῷ</strong></span> <span class='ocrx_word' id='word_1_544' title='bbox 204 1925 326 1960; x_wconf 83' lang='grc' dir='ltr'>σώματι·</span> <span class='ocrx_word' id='word_1_545' title='bbox 353 1925 399 1952; x_wconf 73' lang='grc' dir='ltr'><strong>καὶ</strong></span> <span class='ocrx_word' id='word_1_546' title='bbox 425 1926 552 1961; x_wconf 81' lang='grc' dir='ltr'>χαιρήσει</span> <span class='ocrx_word' id='word_1_547' title='bbox 574 1927 607 1961; x_wconf 83' lang='grc' dir='ltr'>τῇ</span> <span class='ocrx_word' id='word_1_548' title='bbox 632 1925 694 1961; x_wconf 82' lang='grc' dir='ltr'>νίκῃ</span> <span class='ocrx_word' id='word_1_549' title='bbox 712 1925 792 1952; x_wconf 82' lang='grc' dir='ltr'>πλέον</span> <span class='ocrx_word' id='word_1_550' title='bbox 812 1925 828 1961; x_wconf 87' lang='grc' dir='ltr'>ἢ</span> <span class='ocrx_word' id='word_1_551' title='bbox 855 1926 880 1952; x_wconf 84' lang='grc' dir='ltr'><strong>οἱ</strong></span> <span class='ocrx_word' id='word_1_552' title='bbox 904 1926 933 1952; x_wconf 87' lang='grc' dir='ltr'>ὲν</span> 
     </span>
    </p>
   </div>
   <div class='ocr_carea' id='block_1_72' title="bbox 153 1971 933 2007">
    <p class='ocr_par' dir='ltr' id='par_1_72' title="bbox 153 1971 933 2007">
     <span class='ocr_line' id='line_1_72' title="bbox 153 1971 933 2007; baseline -0.001 -8"><span class='ocrx_word' id='word_1_553' title='bbox 153 1971 287 2007; x_wconf 80' lang='grc' dir='ltr'>Ὀλυμπίᾳ</span> <span class='ocrx_word' id='word_1_554' title='bbox 318 1971 549 2007; x_wconf 76' lang='grc' dir='ltr'>στεφανούμενοι·</span> <span class='ocrx_word' id='word_1_555' title='bbox 577 1972 682 2007; x_wconf 83' lang='grc' dir='ltr'>νικήσει</span> <span class='ocrx_word' id='word_1_556' title='bbox 710 1972 764 2007; x_wconf 81' lang='grc' dir='ltr'>γὰρ</span> <span class='ocrx_word' id='word_1_557' title='bbox 794 1973 823 1998; x_wconf 81' lang='grc' dir='ltr'>ὲν</span> <span class='ocrx_word' id='word_1_558' title='bbox 851 1971 933 2007; x_wconf 87' lang='grc' dir='ltr'>κοινῷ</span> 
     </span>
    </p>
   </div>
   <div class='ocr_carea' id='block_1_73' title="bbox 147 2016 933 2053">
    <p class='ocr_par' dir='ltr' id='par_1_73' title="bbox 147 2016 933 2053">
     <span class='ocr_line' id='line_1_73' title="bbox 147 2016 933 2053; baseline 0 -10"><span class='ocrx_word' id='word_1_559' title='bbox 147 2016 252 2052; x_wconf 73' lang='grc' dir='ltr'>θεάτρῳ</span> <span class='ocrx_word' id='word_1_560' title='bbox 275 2018 308 2052; x_wconf 80' lang='grc' dir='ltr'>τῇ</span> <span class='ocrx_word' id='word_1_561' title='bbox 332 2016 495 2053; x_wconf 73' lang='grc' dir='ltr'>οἰκουμένῃ,</span> <span class='ocrx_word' id='word_1_562' title='bbox 518 2017 565 2043; x_wconf 76' lang='grc' dir='ltr'>καὶ</span> <span class='ocrx_word' id='word_1_563' title='bbox 588 2017 665 2052; x_wconf 85' lang='grc' dir='ltr'>νίκην</span> <span class='ocrx_word' id='word_1_564' title='bbox 691 2017 824 2052; x_wconf 78' lang='grc' dir='ltr'>ἄπρατον.</span> <span class='ocrx_word' id='word_1_565' title='bbox 850 2017 933 2043; x_wconf 83' lang='grc' dir='ltr'>Νεὺει</span> 
     </span>
    </p>
   </div>
   <div class='ocr_carea' id='block_1_74' title="bbox 147 2062 933 2098">
    <p class='ocr_par' dir='ltr' id='par_1_74' title="bbox 147 2062 933 2098">
     <span class='ocr_line' id='line_1_74' title="bbox 147 2062 933 2098; baseline 0 -9"><span class='ocrx_word' id='word_1_566' title='bbox 147 2063 216 2098; x_wconf 75' lang='grc' dir='ltr'>πρὸς</span> <span class='ocrx_word' id='word_1_567' title='bbox 227 2063 331 2098; x_wconf 79' lang='grc' dir='ltr'>γῆρα;;</span> <span class='ocrx_word' id='word_1_568' title='bbox 350 2062 420 2089; x_wconf 83' lang='grc' dir='ltr'><strong>Ἀλλ’</strong></span> <span class='ocrx_word' id='word_1_569' title='bbox 437 2063 497 2098; x_wconf 75' lang='grc' dir='ltr'>οὐχὶ</span> <span class='ocrx_word' id='word_1_570' title='bbox 515 2063 630 2098; x_wconf 77' lang='grc' dir='ltr'>γηράσει</span> <span class='ocrx_word' id='word_1_571' title='bbox 645 2063 692 2089; x_wconf 81' lang='grc' dir='ltr'>καὶ</span> <span class='ocrx_word' id='word_1_572' title='bbox 707 2063 755 2096; x_wconf 69' lang='grc' dir='ltr'><strong>τὴν</strong></span> <span class='ocrx_word' id='word_1_573' title='bbox 769 2063 873 2098; x_wconf 68' lang='grc' dir='ltr'>ψυχήν·</span> <span class='ocrx_word' id='word_1_574' title='bbox 891 2062 933 2089; x_wconf 82' lang='grc' dir='ltr'><strong>δέ·</strong></span> 
     </span>
    </p>
   </div>
   <div class='ocr_carea' id='block_1_75' title="bbox 147 2107 933 2143">
    <p class='ocr_par' dir='ltr' id='par_1_75' title="bbox 147 2107 933 2143">
     <span class='ocr_line' id='line_1_75' title="bbox 147 2107 933 2143; baseline 0.001 -10"><span class='ocrx_word' id='word_1_575' title='bbox 147 2108 222 2141; x_wconf 81' lang='grc' dir='ltr'>ξεται</span> <span class='ocrx_word' id='word_1_576' title='bbox 232 2108 281 2142; x_wconf 86' lang='grc' dir='ltr'>τὴν</span> <span class='ocrx_word' id='word_1_577' title='bbox 291 2107 421 2140; x_wconf 79' lang='grc' dir='ltr'>διάλυσιν,</span> <span class='ocrx_word' id='word_1_578' title='bbox 435 2107 471 2139; x_wconf 79' lang='grc' dir='ltr'><strong>ὡς</strong></span> <span class='ocrx_word' id='word_1_579' title='bbox 485 2108 653 2143; x_wconf 79' lang='grc' dir='ltr'>προθεσμίαν</span> <span class='ocrx_word' id='word_1_580' title='bbox 664 2108 816 2142; x_wconf 79' lang='grc' dir='ltr'>ἀναγκαίας</span> <span class='ocrx_word' id='word_1_581' title='bbox 827 2107 933 2134; x_wconf 78' lang='grc' dir='ltr'>ἐλευθε-</span> 
     </span>
    </p>
   </div>
   <div class='ocr_carea' id='block_1_76' title="bbox 149 2152 934 2189">
    <p class='ocr_par' dir='ltr' id='par_1_76' title="bbox 149 2152 934 2189">
     <span class='ocr_line' id='line_1_76' title="bbox 149 2152 934 2189; baseline 0.001 -10"><span class='ocrx_word' id='word_1_582' title='bbox 149 2153 221 2188; x_wconf 81' lang='grc' dir='ltr'>ρίας·</span> <span class='ocrx_word' id='word_1_583' title='bbox 240 2153 325 2188; x_wconf 78' lang='grc' dir='ltr'>ἡδέως</span> <span class='ocrx_word' id='word_1_584' title='bbox 339 2153 393 2188; x_wconf 86' lang='grc'>(86)</span> <span class='ocrx_word' id='word_1_585' title='bbox 406 2153 473 2188; x_wconf 80' lang='grc' dir='ltr'>πρὸς</span> <span class='ocrx_word' id='word_1_586' title='bbox 484 2153 517 2179; x_wconf 78' lang='grc' dir='ltr'>τὰ</span> <span class='ocrx_word' id='word_1_587' title='bbox 531 2152 593 2188; x_wconf 74' lang='grc' dir='ltr'><strong>ἑξῆς</strong></span> <span class='ocrx_word' id='word_1_588' title='bbox 608 2154 803 2189; x_wconf 74' lang='grc' dir='ltr'>μεταὸήσεται,</span> <span class='ocrx_word' id='word_1_589' title='bbox 812 2153 875 2181; x_wconf 76' lang='grc' dir='ltr'>ἔνθα</span> <span class='ocrx_word' id='word_1_590' title='bbox 884 2154 934 2180; x_wconf 84' lang='grc' dir='ltr'>οὐκ</span> 
     </span>
    </p>
   </div>
   <div class='ocr_carea' id='block_1_77' title="bbox 147 2199 933 2236">
    <p class='ocr_par' dir='ltr' id='par_1_77' title="bbox 147 2199 933 2236">
     <span class='ocr_line' id='line_1_77' title="bbox 147 2199 933 2236; baseline 0.001 -10"><span class='ocrx_word' id='word_1_591' title='bbox 147 2201 221 2227; x_wconf 79' lang='grc' dir='ltr'>ἔστιν</span> <span class='ocrx_word' id='word_1_592' title='bbox 247 2200 352 2235; x_wconf 82' lang='grc' dir='ltr'>ἄωρος,</span> <span class='ocrx_word' id='word_1_593' title='bbox 380 2199 441 2226; x_wconf 75' lang='grc' dir='ltr'><strong>οὐδὲ</strong></span> <span class='ocrx_word' id='word_1_594' title='bbox 469 2199 641 2235; x_wconf 80' lang='grc' dir='ltr'>πρεσϐύτης,</span> <span class='ocrx_word' id='word_1_595' title='bbox 671 2199 740 2226; x_wconf 79' lang='grc' dir='ltr'><strong>ἀλλὰ</strong></span> <span class='ocrx_word' id='word_1_596' title='bbox 765 2200 864 2232; x_wconf 79' lang='grc' dir='ltr'>πάντες</span> <span class='ocrx_word' id='word_1_597' title='bbox 885 2200 933 2236; x_wconf 83' lang='grc' dir='ltr'>τὴν</span> 
     </span>
    </p>
   </div>
   <div class='ocr_carea' id='block_1_78' title="bbox 148 2244 934 2281">
    <p class='ocr_par' dir='ltr' id='par_1_78' title="bbox 148 2244 934 2281">
     <span class='ocr_line' id='line_1_78' title="bbox 148 2244 934 2281; baseline 0.001 -10"><span class='ocrx_word' id='word_1_598' title='bbox 148 2245 335 2281; x_wconf 81' lang='grc' dir='ltr'>πνευματικὴν</span> <span class='ocrx_word' id='word_1_599' title='bbox 352 2244 461 2281; x_wconf 78' lang='grc' dir='ltr'>ἡλικίαν</span> <span class='ocrx_word' id='word_1_600' title='bbox 479 2245 586 2272; x_wconf 74' lang='grc' dir='ltr'>τέλειοι.</span> <span class='ocrx_word' id='word_1_601' title='bbox 615 2245 699 2281; x_wconf 81' lang='grc' dir='ltr'>Ὥρας</span> <span class='ocrx_word' id='word_1_602' title='bbox 716 2245 829 2280; x_wconf 73' lang='grc' dir='ltr'>ἔλαχεν;</span> <span class='ocrx_word' id='word_1_603' title='bbox 849 2246 934 2273; x_wconf 79' lang='grc' dir='ltr'>Ἀντι-</span> 
     </span>
    </p>
   </div>
   <div class='ocr_carea' id='block_1_79' title="bbox 148 2290 931 2327">
    <p class='ocr_par' dir='ltr' id='par_1_79' title="bbox 148 2290 931 2327">
     <span class='ocr_line' id='line_1_79' title="bbox 148 2290 931 2327; baseline 0.001 -10"><span class='ocrx_word' id='word_1_604' title='bbox 148 2291 305 2326; x_wconf 65' lang='grc' dir='ltr'>στίλψεντὸ</span> <span class='ocrx_word' id='word_1_605' title='bbox 322 2290 419 2322; x_wconf 77' lang='grc' dir='ltr'>κάλλος</span> <span class='ocrx_word' id='word_1_606' title='bbox 434 2290 473 2326; x_wconf 83' lang='grc' dir='ltr'><strong>τῷ</strong></span> <span class='ocrx_word' id='word_1_607' title='bbox 489 2291 597 2323; x_wconf 82' lang='grc' dir='ltr'>κάλλει,</span> <span class='ocrx_word' id='word_1_608' title='bbox 611 2291 640 2318; x_wconf 81' lang='grc' dir='ltr'>τὸ</span> <span class='ocrx_word' id='word_1_609' title='bbox 654 2291 704 2326; x_wconf 82' lang='grc' dir='ltr'><strong>τῆς</strong></span> <span class='ocrx_word' id='word_1_610' title='bbox 720 2291 808 2327; x_wconf 74' lang='grc' dir='ltr'><strong>ψυχῆς</strong></span> <span class='ocrx_word' id='word_1_611' title='bbox 826 2291 865 2326; x_wconf 83' lang='grc' dir='ltr'><strong>τῷ</strong></span> <span class='ocrx_word' id='word_1_612' title='bbox 884 2291 931 2318; x_wconf 86' lang='grc' dir='ltr'>τοῦ</span> 
     </span>
    </p>
   </div>
   <div class='ocr_carea' id='block_1_80' title="bbox 148 2336 932 2373">
    <p class='ocr_par' dir='ltr' id='par_1_80' title="bbox 148 2336 932 2373">
     <span class='ocr_line' id='line_1_80' title="bbox 148 2336 932 2373; baseline 0 -9"><span class='ocrx_word' id='word_1_613' title='bbox 148 2337 284 2372; x_wconf 85' lang='grc' dir='ltr'>σώματος.</span> <span class='ocrx_word' id='word_1_614' title='bbox 293 2336 420 2372; x_wconf 82' lang='grc' dir='ltr'>Παρῆλθε</span> <span class='ocrx_word' id='word_1_615' title='bbox 429 2337 459 2363; x_wconf 84' lang='grc' dir='ltr'><strong>τὸ</strong></span> <span class='ocrx_word' id='word_1_616' title='bbox 467 2337 546 2368; x_wconf 78' lang='grc' dir='ltr'>ἄνθος</span> <span class='ocrx_word' id='word_1_617' title='bbox 555 2337 756 2372; x_wconf 81' lang='grc' dir='ltr'>ἀνεπηρέαστον</span> <span class='ocrx_word' id='word_1_618' title='bbox 768 2345 774 2369; x_wconf 92' lang='grc'><strong>;</strong></span> <span class='ocrx_word' id='word_1_619' title='bbox 785 2337 858 2364; x_wconf 83' lang='grc' dir='ltr'>νεύει</span> <span class='ocrx_word' id='word_1_620' title='bbox 865 2338 932 2373; x_wconf 76' lang='grc' dir='ltr'>πρὸς</span> 
     </span>
    </p>
   </div>
   <div class='ocr_carea' id='block_1_81' title="bbox 985 1829 1770 1868">
    <p class='ocr_par' dir='ltr' id='par_1_81' title="bbox 985 1829 1770 1868">
     <span class='ocr_line' id='line_1_81' title="bbox 985 1829 1770 1868; baseline -0.005 -10"><span class='ocrx_word' id='word_1_621' title='bbox 985 1834 1100 1860; x_wconf 82' lang='lat' dir='ltr'><strong>viriliter</strong></span> <span class='ocrx_word' id='word_1_622' title='bbox 1116 1841 1145 1861; x_wconf 88' lang='lat' dir='ltr'><strong>se</strong></span> <span class='ocrx_word' id='word_1_623' title='bbox 1161 1838 1252 1868; x_wconf 85' lang='lat' dir='ltr'><strong>geret,</strong></span> <span class='ocrx_word' id='word_1_624' title='bbox 1269 1838 1350 1868; x_wconf 90' lang='lat' dir='ltr'><strong>atque</strong></span> <span class='ocrx_word' id='word_1_625' title='bbox 1373 1833 1424 1859; x_wconf 90' lang='lat' dir='ltr'><strong>hoc</strong></span> <span class='ocrx_word' id='word_1_626' title='bbox 1449 1830 1581 1858; x_wconf 88' lang='lat' dir='ltr'><strong>commodi</strong></span> <span class='ocrx_word' id='word_1_627' title='bbox 1604 1837 1636 1856; x_wconf 78' lang='lat' dir='ltr'><strong>ex</strong></span> <span class='ocrx_word' id='word_1_628' title='bbox 1656 1829 1770 1864; x_wconf 83' lang='lat' dir='ltr'><strong>juvenili</strong></span> 
     </span>
    </p>
   </div>
   <div class='ocr_carea' id='block_1_82' title="bbox 984 1878 1771 1916">
    <p class='ocr_par' dir='ltr' id='par_1_82' title="bbox 984 1878 1771 1916">
     <span class='ocr_line' id='line_1_82' title="bbox 984 1878 1771 1916; baseline -0.006 -8"><span class='ocrx_word' id='word_1_629' title='bbox 984 1885 1064 1908; x_wconf 64' lang='lat' dir='ltr'><strong>attate</strong></span> <span class='ocrx_word' id='word_1_630' title='bbox 1081 1881 1227 1916; x_wconf 85' lang='lat' dir='ltr'><strong>percipiet,</strong></span> <span class='ocrx_word' id='word_1_631' title='bbox 1248 1887 1277 1908; x_wconf 93' lang='lat' dir='ltr'><strong>ut</strong></span> <span class='ocrx_word' id='word_1_632' title='bbox 1292 1880 1326 1907; x_wconf 89' lang='lat' dir='ltr'><strong>iis</strong></span> <span class='ocrx_word' id='word_1_633' title='bbox 1342 1879 1484 1907; x_wconf 60' lang='lat' dir='ltr'><strong>aﬂ‘ectibus</strong></span> <span class='ocrx_word' id='word_1_634' title='bbox 1496 1899 1504 1911; x_wconf 93' lang='lat'><strong>,</strong></span> <span class='ocrx_word' id='word_1_635' title='bbox 1521 1879 1618 1912; x_wconf 87' lang='lat' dir='ltr'><strong>quibus</strong></span> <span class='ocrx_word' id='word_1_636' title='bbox 1633 1878 1689 1904; x_wconf 62' lang='lat' dir='ltr'><strong>haec</strong></span> <span class='ocrx_word' id='word_1_637' title='bbox 1705 1881 1771 1904; x_wconf 70' lang='lat' dir='ltr'><strong>tetas</strong></span> 
     </span>
    </p>
   </div>
   <div class='ocr_carea' id='block_1_83' title="bbox 983 1924 1771 1960">
    <p class='ocr_par' dir='ltr' id='par_1_83' title="bbox 983 1924 1771 1960">
     <span class='ocr_line' id='line_1_83' title="bbox 983 1924 1771 1960; baseline -0.004 -7"><span class='ocrx_word' id='word_1_638' title='bbox 983 1927 1096 1953; x_wconf 81' lang='lat' dir='ltr'><strong>obnoxia</strong></span> <span class='ocrx_word' id='word_1_639' title='bbox 1110 1930 1168 1958; x_wconf 87' lang='lat' dir='ltr'><strong>est,</strong></span> <span class='ocrx_word' id='word_1_640' title='bbox 1190 1935 1243 1953; x_wconf 84' lang='lat' dir='ltr'><strong>non</strong></span> <span class='ocrx_word' id='word_1_641' title='bbox 1262 1926 1414 1960; x_wconf 81' lang='lat' dir='ltr'><strong>indulgeat,</strong></span> <span class='ocrx_word' id='word_1_642' title='bbox 1436 1925 1482 1952; x_wconf 90' lang='lat' dir='ltr'><strong>sed</strong></span> <span class='ocrx_word' id='word_1_643' title='bbox 1502 1925 1528 1951; x_wconf 92' lang='lat' dir='ltr'><strong>in</strong></span> <span class='ocrx_word' id='word_1_644' title='bbox 1544 1924 1643 1958; x_wconf 79' lang='lat' dir='ltr'><strong>vigenti</strong></span> <span class='ocrx_word' id='word_1_645' title='bbox 1659 1930 1771 1956; x_wconf 79' lang='lat' dir='ltr'><strong>corpore</strong></span> 
     </span>
    </p>
   </div>
   <div class='ocr_carea' id='block_1_84' title="bbox 983 1967 1771 2006">
    <p class='ocr_par' dir='ltr' id='par_1_84' title="bbox 983 1967 1771 2006">
     <span class='ocr_line' id='line_1_84' title="bbox 983 1967 1771 2006; baseline -0.006 -8"><span class='ocrx_word' id='word_1_646' title='bbox 983 1971 1094 1998; x_wconf 86' lang='lat' dir='ltr'><strong>senilem</strong></span> <span class='ocrx_word' id='word_1_647' title='bbox 1113 1972 1284 2006; x_wconf 87' lang='lat' dir='ltr'><strong>prudentiam</strong></span> <span class='ocrx_word' id='word_1_648' title='bbox 1303 1971 1444 2002; x_wconf 77' lang='lat' dir='ltr'><strong>exhibeat,</strong></span> <span class='ocrx_word' id='word_1_649' title='bbox 1465 1969 1648 2004; x_wconf 73' lang='lat' dir='ltr'><strong>maioremque</strong></span> <span class='ocrx_word' id='word_1_650' title='bbox 1669 1975 1700 1995; x_wconf 85' lang='lat' dir='ltr'><strong>ex</strong></span> <span class='ocrx_word' id='word_1_651' title='bbox 1720 1967 1771 1994; x_wconf 77' lang='lat' dir='ltr'><strong>hac</strong></span> 
     </span>
    </p>
   </div>
   <div class='ocr_carea' id='block_1_85' title="bbox 982 2014 1770 2051">
    <p class='ocr_par' dir='ltr' id='par_1_85' title="bbox 982 2014 1770 2051">
     <span class='ocr_line' id='line_1_85' title="bbox 982 2014 1770 2051; baseline -0.008 -9"><span class='ocrx_word' id='word_1_652' title='bbox 982 2016 1096 2042; x_wconf 84' lang='lat' dir='ltr'><strong>victoria</strong></span> <span class='ocrx_word' id='word_1_653' title='bbox 1113 2016 1257 2051; x_wconf 88' lang='lat' dir='ltr'><strong>voluptatis</strong></span> <span class='ocrx_word' id='word_1_654' title='bbox 1271 2023 1380 2043; x_wconf 88' lang='lat' dir='ltr'><strong>sensum</strong></span> <span class='ocrx_word' id='word_1_655' title='bbox 1395 2016 1481 2049; x_wconf 87' lang='lat' dir='ltr'><strong>capiet</strong></span> <span class='ocrx_word' id='word_1_656' title='bbox 1491 2027 1505 2048; x_wconf 72' lang='grc' dir='ltr'>,ι</span> <span class='ocrx_word' id='word_1_657' title='bbox 1517 2021 1597 2049; x_wconf 90' lang='lat' dir='ltr'><strong>quam</strong></span> <span class='ocrx_word' id='word_1_658' title='bbox 1621 2014 1666 2047; x_wconf 90' lang='lat' dir='ltr'><strong>qui</strong></span> <span class='ocrx_word' id='word_1_659' title='bbox 1690 2019 1770 2038; x_wconf 84' lang='lat' dir='ltr'><strong>coro-</strong></span> 
     </span>
    </p>
   </div>
   <div class='ocr_carea' id='block_1_86' title="bbox 987 2059 1770 2097">
    <p class='ocr_par' dir='ltr' id='par_1_86' title="bbox 987 2059 1770 2097">
     <span class='ocr_line' id='line_1_86' title="bbox 987 2059 1770 2097; baseline -0.006 -9"><span class='ocrx_word' id='word_1_660' title='bbox 987 2069 1049 2088; x_wconf 86' lang='lat' dir='ltr'><strong>nam</strong></span> <span class='ocrx_word' id='word_1_661' title='bbox 1064 2062 1091 2088; x_wconf 88' lang='lat' dir='ltr'><strong>in</strong></span> <span class='ocrx_word' id='word_1_662' title='bbox 1105 2062 1237 2097; x_wconf 77' lang='lat' dir='ltr'><strong>Olympiis</strong></span> <span class='ocrx_word' id='word_1_663' title='bbox 1249 2062 1444 2096; x_wconf 86' lang='lat' dir='ltr'><strong>adipiscuntur.</strong></span> <span class='ocrx_word' id='word_1_664' title='bbox 1460 2061 1606 2088; x_wconf 80' lang='lat' dir='ltr'><strong>Victoriam</strong></span> <span class='ocrx_word' id='word_1_665' title='bbox 1617 2059 1688 2086; x_wconf 88' lang='lat' dir='ltr'><strong>euitn</strong></span> <span class='ocrx_word' id='word_1_666' title='bbox 1704 2059 1770 2084; x_wconf 78' lang='lat' dir='ltr'><strong>feret</strong></span> 
     </span>
    </p>
   </div>
   <div class='ocr_carea' id='block_1_87' title="bbox 987 2105 1770 2140">
    <p class='ocr_par' dir='ltr' id='par_1_87' title="bbox 987 2105 1770 2140">
     <span class='ocr_line' id='line_1_87' title="bbox 987 2105 1770 2140; baseline -0.005 -7"><span class='ocrx_word' id='word_1_667' title='bbox 987 2107 1014 2134; x_wconf 92' lang='lat' dir='ltr'><strong>in</strong></span> <span class='ocrx_word' id='word_1_668' title='bbox 1038 2108 1174 2134; x_wconf 91' lang='lat' dir='ltr'><strong>communi</strong></span> <span class='ocrx_word' id='word_1_669' title='bbox 1197 2108 1270 2135; x_wconf 91' lang='lat' dir='ltr'><strong>orbis</strong></span> <span class='ocrx_word' id='word_1_670' title='bbox 1287 2113 1366 2134; x_wconf 82' lang='lat' dir='ltr'><strong>teme</strong></span> <span class='ocrx_word' id='word_1_671' title='bbox 1382 2107 1503 2138; x_wconf 86' lang='lat' dir='ltr'><strong>theatro,</strong></span> <span class='ocrx_word' id='word_1_672' title='bbox 1522 2110 1548 2133; x_wconf 93' lang='lat' dir='ltr'><strong>et</strong></span> <span class='ocrx_word' id='word_1_673' title='bbox 1563 2106 1669 2140; x_wconf 88' lang='lat' dir='ltr'><strong>quidem</strong></span> <span class='ocrx_word' id='word_1_674' title='bbox 1687 2105 1770 2130; x_wconf 90' lang='lat' dir='ltr'><strong>victo-</strong></span> 
     </span>
    </p>
   </div>
   <div class='ocr_carea' id='block_1_88' title="bbox 986 2149 1770 2184">
    <p class='ocr_par' dir='ltr' id='par_1_88' title="bbox 986 2149 1770 2184">
     <span class='ocr_line' id='line_1_88' title="bbox 986 2149 1770 2184; baseline -0.003 -6"><span class='ocrx_word' id='word_1_675' title='bbox 986 2152 1054 2179; x_wconf 86' lang='lat' dir='ltr'><strong>riam</strong></span> <span class='ocrx_word' id='word_1_676' title='bbox 1071 2153 1182 2180; x_wconf 89' lang='lat' dir='ltr'><strong>minime</strong></span> <span class='ocrx_word' id='word_1_677' title='bbox 1196 2154 1329 2180; x_wconf 85' lang='lat' dir='ltr'><strong>venalem.</strong></span> <span class='ocrx_word' id='word_1_678' title='bbox 1358 2153 1397 2180; x_wconf 80' lang='lat' dir='ltr'><strong>Ad</strong></span> <span class='ocrx_word' id='word_1_679' title='bbox 1421 2156 1585 2179; x_wconf 86' lang='lat' dir='ltr'><strong>senectutem</strong></span> <span class='ocrx_word' id='word_1_680' title='bbox 1610 2151 1712 2184; x_wconf 81' lang='lat' dir='ltr'><strong>vergit?</strong></span> <span class='ocrx_word' id='word_1_681' title='bbox 1735 2149 1770 2176; x_wconf 82' lang='lat' dir='ltr'><strong>At</strong></span> 
     </span>
    </p>
   </div>
   <div class='ocr_carea' id='block_1_89' title="bbox 986 2197 1770 2234">
    <p class='ocr_par' dir='ltr' id='par_1_89' title="bbox 986 2197 1770 2234">
     <span class='ocr_line' id='line_1_89' title="bbox 986 2197 1770 2234; baseline -0.004 -10"><span class='ocrx_word' id='word_1_682' title='bbox 986 2205 1040 2225; x_wconf 91' lang='lat' dir='ltr'><strong>non</strong></span> <span class='ocrx_word' id='word_1_683' title='bbox 1054 2199 1145 2226; x_wconf 87' lang='lat' dir='ltr'><strong>animo</strong></span> <span class='ocrx_word' id='word_1_684' title='bbox 1159 2206 1265 2234; x_wconf 90' lang='lat' dir='ltr'><strong>quoque</strong></span> <span class='ocrx_word' id='word_1_685' title='bbox 1281 2203 1418 2231; x_wconf 83' lang='lat' dir='ltr'><strong>senescet;</strong></span> <span class='ocrx_word' id='word_1_686' title='bbox 1436 2197 1648 2228; x_wconf 83' lang='lat' dir='ltr'><strong>dissolutionem,</strong></span> <span class='ocrx_word' id='word_1_687' title='bbox 1663 2201 1689 2222; x_wconf 91' lang='lat' dir='ltr'><strong>ut</strong></span> <span class='ocrx_word' id='word_1_688' title='bbox 1704 2204 1770 2230; x_wconf 74' lang='lat' dir='ltr'><strong>pra:-</strong></span> 
     </span>
    </p>
   </div>
   <div class='ocr_carea' id='block_1_90' title="bbox 986 2243 1768 2278">
    <p class='ocr_par' dir='ltr' id='par_1_90' title="bbox 986 2243 1768 2278">
     <span class='ocr_line' id='line_1_90' title="bbox 986 2243 1768 2278; baseline -0.001 -7"><span class='ocrx_word' id='word_1_689' title='bbox 986 2245 1108 2272; x_wconf 88' lang='lat' dir='ltr'><strong>stitutum</strong></span> <span class='ocrx_word' id='word_1_690' title='bbox 1139 2246 1298 2273; x_wconf 66' lang='lat' dir='ltr'><strong>necessariae</strong></span> <span class='ocrx_word' id='word_1_691' title='bbox 1328 2245 1459 2272; x_wconf 85' lang='lat' dir='ltr'><strong>libertatis</strong></span> <span class='ocrx_word' id='word_1_692' title='bbox 1486 2249 1606 2278; x_wconf 88' lang='lat' dir='ltr'><strong>tempus,</strong></span> <span class='ocrx_word' id='word_1_693' title='bbox 1633 2243 1768 2277; x_wconf 84' lang='lat' dir='ltr'><strong>accipiet:</strong></span> 
     </span>
    </p>
   </div>
   <div class='ocr_carea' id='block_1_91' title="bbox 986 2291 1771 2328">
    <p class='ocr_par' dir='ltr' id='par_1_91' title="bbox 986 2291 1771 2328">
     <span class='ocr_line' id='line_1_91' title="bbox 986 2291 1771 2328; baseline -0.001 -10"><span class='ocrx_word' id='word_1_694' title='bbox 986 2292 1072 2320; x_wconf 86' lang='lat' dir='ltr'><strong>libens</strong></span> <span class='ocrx_word' id='word_1_695' title='bbox 1088 2293 1120 2321; x_wconf 91' lang='lat' dir='ltr'><strong>ad</strong></span> <span class='ocrx_word' id='word_1_696' title='bbox 1133 2301 1177 2325; x_wconf 88' lang='lat' dir='ltr'><strong>ea,</strong></span> <span class='ocrx_word' id='word_1_697' title='bbox 1191 2301 1249 2328; x_wconf 77' lang='lat' dir='ltr'><strong>qua:</strong></span> <span class='ocrx_word' id='word_1_698' title='bbox 1265 2293 1335 2320; x_wconf 82' lang='lat' dir='ltr'><strong>hanc</strong></span> <span class='ocrx_word' id='word_1_699' title='bbox 1356 2293 1436 2319; x_wconf 82' lang='lat' dir='ltr'><strong>vitam</strong></span> <span class='ocrx_word' id='word_1_700' title='bbox 1455 2297 1612 2326; x_wconf 87' lang='lat' dir='ltr'><strong>sequuntur,</strong></span> <span class='ocrx_word' id='word_1_701' title='bbox 1634 2291 1771 2325; x_wconf 70' lang='lat' dir='ltr'><strong>migrabit,</strong></span> 
     </span>
    </p>
   </div>
   <div class='ocr_carea' id='block_1_92' title="bbox 985 2337 1771 2374">
    <p class='ocr_par' dir='ltr' id='par_1_92' title="bbox 985 2337 1771 2374">
     <span class='ocr_line' id='line_1_92' title="bbox 985 2337 1771 2374; baseline -0.004 -8"><span class='ocrx_word' id='word_1_702' title='bbox 985 2339 1031 2366; x_wconf 90' lang='lat' dir='ltr'><strong>ubi</strong></span> <span class='ocrx_word' id='word_1_703' title='bbox 1053 2347 1134 2366; x_wconf 86' lang='lat' dir='ltr'><strong>nemo</strong></span> <span class='ocrx_word' id='word_1_704' title='bbox 1158 2344 1199 2367; x_wconf 92' lang='lat' dir='ltr'><strong>est</strong></span> <span class='ocrx_word' id='word_1_705' title='bbox 1225 2340 1398 2371; x_wconf 88' lang='lat' dir='ltr'><strong>immaturus,</strong></span> <span class='ocrx_word' id='word_1_706' title='bbox 1415 2338 1499 2374; x_wconf 63' lang='grc'><strong>480</strong></span> <span class='ocrx_word' id='word_1_707' title='bbox 1513 2345 1590 2365; x_wconf 89' lang='lat' dir='ltr'><strong>nemo</strong></span> <span class='ocrx_word' id='word_1_708' title='bbox 1607 2345 1706 2368; x_wconf 82' lang='lat' dir='ltr'><strong>senex,</strong></span> <span class='ocrx_word' id='word_1_709' title='bbox 1723 2337 1771 2364; x_wconf 87' lang='lat' dir='ltr'><strong>sed</strong></span> 
     </span>
    </p>
   </div>
   <div class='ocr_carea' id='block_1_93' title="bbox 147 2379 933 2421">
    <p class='ocr_par' dir='ltr' id='par_1_93' title="bbox 147 2379 933 2418">
     <span class='ocr_line' id='line_1_93' title="bbox 147 2379 933 2418; baseline 0.001 -10"><span class='ocrx_word' id='word_1_710' title='bbox 147 2382 252 2414; x_wconf 74' lang='grc' dir='ltr'>ἑαυτὸν,</span> <span class='ocrx_word' id='word_1_711' title='bbox 268 2381 328 2408; x_wconf 76' lang='grc' dir='ltr'><strong>οὐδὲ</strong></span> <span class='ocrx_word' id='word_1_712' title='bbox 348 2379 417 2408; x_wconf 81' lang='grc' dir='ltr'>οἶδεν</span> <span class='ocrx_word' id='word_1_713' title='bbox 432 2380 578 2417; x_wconf 84' lang='grc' dir='ltr'>ὁρώμενος.</span> <span class='ocrx_word' id='word_1_714' title='bbox 595 2382 711 2417; x_wconf 77' lang='grc' dir='ltr'>Αίσχρὸς</span> <span class='ocrx_word' id='word_1_715' title='bbox 732 2382 787 2418; x_wconf 90' lang='grc'>(87)</span> <span class='ocrx_word' id='word_1_716' title='bbox 805 2383 835 2409; x_wconf 86' lang='grc' dir='ltr'>τὸ</span> <span class='ocrx_word' id='word_1_717' title='bbox 847 2383 933 2418; x_wconf 78' lang='grc' dir='ltr'>φαινό-</span> 
     </span>
    </p>
   </div>
   <div class='ocr_carea' id='block_1_94' title="bbox 985 2379 1770 2421">
    <p class='ocr_par' dir='ltr' id='par_1_94' title="bbox 987 2383 1770 2421">
     <span class='ocr_line' id='line_1_94' title="bbox 987 2383 1770 2421; baseline -0.003 -9"><span class='ocrx_word' id='word_1_718' title='bbox 987 2393 1081 2414; x_wconf 87' lang='lat' dir='ltr'><strong>omncs</strong></span> <span class='ocrx_word' id='word_1_719' title='bbox 1097 2386 1123 2413; x_wconf 93' lang='lat' dir='ltr'><strong>in</strong></span> <span class='ocrx_word' id='word_1_720' title='bbox 1141 2386 1274 2421; x_wconf 83' lang='lat' dir='ltr'><strong>spirituali</strong></span> <span class='ocrx_word' id='word_1_721' title='bbox 1291 2390 1369 2413; x_wconf 77' lang='lat' dir='ltr'><strong>:etate</strong></span> <span class='ocrx_word' id='word_1_722' title='bbox 1386 2384 1510 2420; x_wconf 79' lang='lat' dir='ltr'><strong>perfecti.</strong></span> <span class='ocrx_word' id='word_1_723' title='bbox 1531 2383 1646 2411; x_wconf 86' lang='lat' dir='ltr'><strong>Pulcher</strong></span> <span class='ocrx_word' id='word_1_724' title='bbox 1663 2383 1723 2410; x_wconf 84' lang='lat' dir='ltr'><strong>est?</strong></span> <span class='ocrx_word' id='word_1_725' title='bbox 1741 2383 1770 2410; x_wconf 86' lang='lat' dir='ltr'><strong>ld</strong></span> 
     </span>
    </p>
   </div>
   <div class='ocr_carea' id='block_1_95' title="bbox 184 2439 368 2472">
    <p class='ocr_par' dir='ltr' id='par_1_95' title="bbox 184 2439 368 2472">
     <span class='ocr_line' id='line_1_95' title="bbox 184 2439 368 2472; baseline -0.005 -5"><span class='ocrx_word' id='word_1_726' title='bbox 184 2440 194 2456; x_wconf 87' lang='grc'><em>³</em></span> <span class='ocrx_word' id='word_1_727' title='bbox 209 2439 276 2467; x_wconf 87' lang='lat' dir='ltr'><strong>Gen.</strong></span> <span class='ocrx_word' id='word_1_728' title='bbox 292 2448 311 2472; x_wconf 81' lang='grc' dir='ltr'><strong>ι,</strong></span> <span class='ocrx_word' id='word_1_729' title='bbox 323 2439 368 2466; x_wconf 70' lang='grc'>27.</span> 
     </span>
    </p>
   </div>
   <div class='ocr_carea' id='block_1_96' title="bbox 184 2495 830 2530">
    <p class='ocr_par' dir='ltr' id='par_1_96' title="bbox 184 2495 830 2530">
     <span class='ocr_line' id='line_1_96' title="bbox 184 2495 830 2530; baseline 0.009 -9"><span class='ocrx_word' id='word_1_730' title='bbox 184 2495 240 2530; x_wconf 86' lang='grc'>(75)</span> <span class='ocrx_word' id='word_1_731' title='bbox 255 2496 350 2524; x_wconf 81' lang='grc' dir='ltr'>Ταῦτα</span> <span class='ocrx_word' id='word_1_732' title='bbox 367 2497 424 2530; x_wconf 84' lang='grc' dir='ltr'><strong>μὲν</strong></span> <span class='ocrx_word' id='word_1_733' title='bbox 439 2495 505 2524; x_wconf 82' lang='grc' dir='ltr'>οὖν.</span> <span class='ocrx_word' id='word_1_734' title='bbox 525 2497 587 2525; x_wconf 65' lang='lat' dir='ltr'><strong>llaec</strong></span> <span class='ocrx_word' id='word_1_735' title='bbox 597 2499 692 2526; x_wconf 86' lang='lat' dir='ltr'><strong>desunt</strong></span> <span class='ocrx_word' id='word_1_736' title='bbox 703 2500 728 2526; x_wconf 91' lang='lat' dir='ltr'><strong>in</strong></span> <span class='ocrx_word' id='word_1_737' title='bbox 745 2499 791 2527; x_wconf 85' lang='lat' dir='ltr'><strong>0r.</strong></span> <span class='ocrx_word' id='word_1_738' title='bbox 805 2501 830 2527; x_wconf 84' lang='grc'><strong>1.</strong></span> 
     </span>
    </p>
   </div>
   <div class='ocr_carea' id='block_1_97' title="bbox 185 2531 935 2568">
    <p class='ocr_par' dir='ltr' id='par_1_97' title="bbox 185 2531 935 2568">
     <span class='ocr_line' id='line_1_97' title="bbox 185 2531 935 2568; baseline 0.007 -11"><span class='ocrx_word' id='word_1_739' title='bbox 185 2531 241 2568; x_wconf 77' lang='grc'>(76)</span> <span class='ocrx_word' id='word_1_740' title='bbox 258 2531 467 2568; x_wconf 60' lang='grc' dir='ltr'>ζιιαρτονομία</span> <span class='ocrx_word' id='word_1_741' title='bbox 480 2532 533 2566; x_wconf 67' lang='grc' dir='ltr'>τοῦ</span> <span class='ocrx_word' id='word_1_742' title='bbox 544 2532 732 2568; x_wconf 79' lang='grc' dir='ltr'><strong>πλάσματος.</strong></span> <span class='ocrx_word' id='word_1_743' title='bbox 744 2535 800 2563; x_wconf 85' lang='lat' dir='ltr'><strong>Sic.</strong></span> <span class='ocrx_word' id='word_1_744' title='bbox 811 2535 858 2563; x_wconf 88' lang='lat' dir='ltr'><strong>0r.</strong></span> <span class='ocrx_word' id='word_1_745' title='bbox 869 2535 894 2562; x_wconf 82' lang='grc'>1.</span> <span class='ocrx_word' id='word_1_746' title='bbox 907 2535 935 2562; x_wconf 95' lang='lat' dir='ltr'><strong>In</strong></span> 
     </span>
    </p>
   </div>
   <div class='ocr_carea' id='block_1_98' title="bbox 149 2566 534 2603">
    <p class='ocr_par' dir='ltr' id='par_1_98' title="bbox 149 2566 534 2603">
     <span class='ocr_line' id='line_1_98' title="bbox 149 2566 534 2603; baseline 0.005 -11"><span class='ocrx_word' id='word_1_747' title='bbox 149 2566 204 2603; x_wconf 68' lang='lat' dir='ltr'><strong>ed.,</strong></span> <span class='ocrx_word' id='word_1_748' title='bbox 214 2566 359 2603; x_wconf 59' lang='lat' dir='ltr'><strong>getovopja</strong></span> <span class='ocrx_word' id='word_1_749' title='bbox 366 2567 534 2603; x_wconf 65' lang='grc' dir='ltr'>πλάσματος.</span> 
     </span>
    </p>
   </div>
   <div class='ocr_carea' id='block_1_99' title="bbox 185 2601 936 2639">
    <p class='ocr_par' dir='ltr' id='par_1_99' title="bbox 185 2601 936 2639">
     <span class='ocr_line' id='line_1_99' title="bbox 185 2601 936 2639; baseline 0.005 -12"><span class='ocrx_word' id='word_1_750' title='bbox 185 2601 240 2639; x_wconf 64' lang='grc'>(77)</span> <span class='ocrx_word' id='word_1_751' title='bbox 251 2601 372 2639; x_wconf 61' lang='grc' dir='ltr'><strong>Σαφῶς.</strong></span> <span class='ocrx_word' id='word_1_752' title='bbox 385 2601 430 2630; x_wconf 86' lang='lat' dir='ltr'><strong>Sic</strong></span> <span class='ocrx_word' id='word_1_753' title='bbox 441 2601 538 2637; x_wconf 78' lang='lat' dir='ltr'><strong>plures</strong></span> <span class='ocrx_word' id='word_1_754' title='bbox 550 2602 632 2639; x_wconf 66' lang='grc' dir='ltr'>Ἆρες.</span> <span class='ocrx_word' id='word_1_755' title='bbox 650 2610 677 2632; x_wconf 86' lang='lat' dir='ltr'><strong>et</strong></span> <span class='ocrx_word' id='word_1_756' title='bbox 688 2604 765 2633; x_wconf 87' lang='lat' dir='ltr'><strong>Colb.</strong></span> <span class='ocrx_word' id='word_1_757' title='bbox 782 2605 810 2633; x_wconf 85' lang='lat' dir='ltr'><strong>lu</strong></span> <span class='ocrx_word' id='word_1_758' title='bbox 822 2606 877 2638; x_wconf 89' lang='lat' dir='ltr'><strong>ed.,</strong></span> <span class='ocrx_word' id='word_1_759' title='bbox 889 2613 936 2632; x_wconf 85' lang='grc' dir='ltr'>σα-</span> 
     </span>
    </p>
   </div>
   <div class='ocr_carea' id='block_1_100' title="bbox 152 2636 495 2671">
    <p class='ocr_par' dir='ltr' id='par_1_100' title="bbox 152 2636 495 2671">
     <span class='ocr_line' id='line_1_100' title="bbox 152 2636 495 2671; baseline 0.009 -9"><span class='ocrx_word' id='word_1_760' title='bbox 152 2636 208 2670; x_wconf 73' lang='grc' dir='ltr'><strong>φές.</strong></span> <span class='ocrx_word' id='word_1_761' title='bbox 224 2637 302 2663; x_wconf 68' lang='lat' dir='ltr'><strong>Deest</strong></span> <span class='ocrx_word' id='word_1_762' title='bbox 320 2639 346 2663; x_wconf 88' lang='lat' dir='ltr'><strong>in</strong></span> <span class='ocrx_word' id='word_1_763' title='bbox 358 2637 423 2671; x_wconf 74' lang='lat' dir='ltr'><strong>Reg.</strong></span> <span class='ocrx_word' id='word_1_764' title='bbox 440 2636 495 2665; x_wconf 86' lang='lat' dir='ltr'><strong>bm.</strong></span> 
     </span>
    </p>
   </div>
   <div class='ocr_carea' id='block_1_101' title="bbox 152 2670 934 2732">
    <p class='ocr_par' dir='ltr' id='par_1_101' title="bbox 152 2670 934 2732">
     <span class='ocr_line' id='line_1_101' title="bbox 152 2670 934 2713; baseline 0.008 -16"><span class='ocrx_word' id='word_1_765' title='bbox 152 2706 158 2713; x_wconf 46' lang='lat'><em>‘</em></span> <span class='ocrx_word' id='word_1_766' title='bbox 186 2670 241 2705; x_wconf 77' lang='grc'>(78)</span> <span class='ocrx_word' id='word_1_767' title='bbox 259 2670 426 2707; x_wconf 79' lang='grc' dir='ltr'>Εὺὸοκιμέῖ.</span> <span class='ocrx_word' id='word_1_768' title='bbox 454 2674 511 2702; x_wconf 93' lang='lat' dir='ltr'><strong>Duo</strong></span> <span class='ocrx_word' id='word_1_769' title='bbox 536 2674 633 2711; x_wconf 71' lang='lat' dir='ltr'><strong>chg.,</strong></span> <span class='ocrx_word' id='word_1_770' title='bbox 651 2675 732 2703; x_wconf 86' lang='lat' dir='ltr'><strong>Coisl.</strong></span> <span class='ocrx_word' id='word_1_771' title='bbox 751 2675 762 2702; x_wconf 81' lang='grc'>1</span> <span class='ocrx_word' id='word_1_772' title='bbox 781 2680 808 2703; x_wconf 87' lang='lat' dir='ltr'><strong>et</strong></span> <span class='ocrx_word' id='word_1_773' title='bbox 827 2675 934 2708; x_wconf 89' lang='lat' dir='ltr'><strong>Comb.,</strong></span> 
     </span>
     <span class='ocr_line' id='line_1_102' title="bbox 152 2706 325 2732; baseline 0 0"><span class='ocrx_word' id='word_1_774' title='bbox 152 2706 325 2732; x_wconf 72' lang='grc' dir='ltr'>ενευδοκιιιεῖ.</span> 
     </span>
    </p>
   </div>
   <div class='ocr_carea' id='block_1_102' title="bbox 150 2714 325 2741">
    <p class='ocr_par' dir='ltr' id='par_1_102' title="bbox 150 2714 325 2741">
     <span class='ocr_line' id='line_1_103' title="bbox 150 2714 325 2741; baseline 0 -8"><span class='ocrx_word' id='word_1_775' title='bbox 150 2714 303 2741; x_wconf 78' lang='grc' dir='ltr'>ενευοοκιμε</span> <span class='ocrx_word' id='word_1_776' title='bbox 308 2714 325 2733; x_wconf 79' lang='grc' dir='ltr'><strong>ῐ.</strong></span> 
     </span>
    </p>
   </div>
   <div class='ocr_carea' id='block_1_103' title="bbox 187 2741 934 2776">
    <p class='ocr_par' dir='ltr' id='par_1_103' title="bbox 187 2741 934 2776">
     <span class='ocr_line' id='line_1_104' title="bbox 187 2741 934 2776; baseline 0.008 -9"><span class='ocrx_word' id='word_1_777' title='bbox 187 2741 242 2775; x_wconf 85' lang='grc'>(79)</span> <span class='ocrx_word' id='word_1_778' title='bbox 264 2742 517 2776; x_wconf 69' lang='grc' dir='ltr'>Ἄπεπιὸείξεται,</span> <span class='ocrx_word' id='word_1_779' title='bbox 538 2750 591 2772; x_wconf 89' lang='lat' dir='ltr'><strong>etc.</strong></span> <span class='ocrx_word' id='word_1_780' title='bbox 617 2754 626 2770; x_wconf 87' lang='grc'><strong><em>‹</em></strong></span> <span class='ocrx_word' id='word_1_781' title='bbox 648 2745 812 2772; x_wconf 83' lang='lat' dir='ltr'><strong>Probitatein</strong></span> <span class='ocrx_word' id='word_1_782' title='bbox 831 2754 934 2773; x_wconf 88' lang='lat' dir='ltr'><strong>morum</strong></span> 
     </span>
    </p>
   </div>
   <div class='ocr_carea' id='block_1_104' title="bbox 151 2777 933 2814">
    <p class='ocr_par' dir='ltr' id='par_1_104' title="bbox 151 2777 933 2814">
     <span class='ocr_line' id='line_1_105' title="bbox 151 2777 933 2814; baseline 0.006 -12"><span class='ocrx_word' id='word_1_783' title='bbox 151 2783 184 2802; x_wconf 77' lang='lat' dir='ltr'><strong>ex</strong></span> <span class='ocrx_word' id='word_1_784' title='bbox 194 2777 310 2814; x_wconf 56' lang='lat' dir='ltr'><strong>adverso</strong></span> <span class='ocrx_word' id='word_1_785' title='bbox 323 2779 430 2811; x_wconf 83' lang='lat' dir='ltr'><strong>generis</strong></span> <span class='ocrx_word' id='word_1_786' title='bbox 439 2779 554 2807; x_wconf 85' lang='lat' dir='ltr'><strong>claritati</strong></span> <span class='ocrx_word' id='word_1_787' title='bbox 566 2781 771 2814; x_wconf 84' lang='lat' dir='ltr'><strong>respondentem</strong></span> <span class='ocrx_word' id='word_1_788' title='bbox 782 2781 915 2808; x_wconf 83' lang='lat' dir='ltr'><strong>ostendet.</strong></span> <span class='ocrx_word' id='word_1_789' title='bbox 924 2791 933 2807; x_wconf 73' lang='grc' dir='ltr'>ι</span> 
     </span>
    </p>
   </div>
   <div class='ocr_carea' id='block_1_105' title="bbox 188 2810 935 2851">
    <p class='ocr_par' dir='ltr' id='par_1_105' title="bbox 188 2810 935 2851">
     <span class='ocr_line' id='line_1_106' title="bbox 188 2810 935 2851; baseline 0.009 -14"><span class='ocrx_word' id='word_1_790' title='bbox 188 2810 244 2846; x_wconf 86' lang='grc'>(80)</span> <span class='ocrx_word' id='word_1_791' title='bbox 258 2810 544 2851; x_wconf 57' lang='grc' dir='ltr'>Γενεαλοτοιίιμενος,</span> <span class='ocrx_word' id='word_1_792' title='bbox 557 2810 631 2842; x_wconf 55' lang='grc' dir='ltr'>οιρίι</span> <span class='ocrx_word' id='word_1_793' title='bbox 648 2814 715 2842; x_wconf 90' lang='lat' dir='ltr'><strong>Tum</strong></span> <span class='ocrx_word' id='word_1_794' title='bbox 727 2816 868 2851; x_wconf 80' lang='lat' dir='ltr'><strong>majorum,</strong></span> <span class='ocrx_word' id='word_1_795' title='bbox 880 2821 935 2844; x_wconf 89' lang='lat' dir='ltr'><strong>tum</strong></span> 
     </span>
    </p>
   </div>
   <div class='ocr_carea' id='block_1_106' title="bbox 152 2849 741 2884">
    <p class='ocr_par' dir='ltr' id='par_1_106' title="bbox 152 2849 741 2884">
     <span class='ocr_line' id='line_1_107' title="bbox 152 2849 741 2884; baseline 0.005 -12"><span class='ocrx_word' id='word_1_796' title='bbox 152 2852 245 2884; x_wconf 80' lang='lat' dir='ltr'><strong>per__s_e</strong></span> <span class='ocrx_word' id='word_1_797' title='bbox 257 2851 284 2884; x_wconf 59' lang='lat' dir='ltr'><strong>et</strong></span> <span class='ocrx_word' id='word_1_798' title='bbox 294 2849 523 2884; x_wconf 25' lang='lat' dir='ltr'><strong>propriaivirtute</strong></span> <span class='ocrx_word' id='word_1_799' title='bbox 537 2851 711 2884; x_wconf 86' lang='lat' dir='ltr'><strong>conspicuus.</strong></span> <span class='ocrx_word' id='word_1_800' title='bbox 731 2859 741 2875; x_wconf 74' lang='grc' dir='ltr'>ι</span> 
     </span>
    </p>
   </div>
   <div class='ocr_carea' id='block_1_107' title="bbox 192 2880 937 2919">
    <p class='ocr_par' dir='ltr' id='par_1_107' title="bbox 192 2880 937 2919">
     <span class='ocr_line' id='line_1_108' title="bbox 192 2880 937 2919; baseline 0.008 -11"><span class='ocrx_word' id='word_1_801' title='bbox 192 2880 248 2913; x_wconf 76' lang='grc'><strong>’81)</strong></span> <span class='ocrx_word' id='word_1_802' title='bbox 261 2880 394 2912; x_wconf 68' lang='grc' dir='ltr'><strong>Βέλτιον.</strong></span> <span class='ocrx_word' id='word_1_803' title='bbox 409 2883 504 2912; x_wconf 81' lang='lat' dir='ltr'><strong>Plures</strong></span> <span class='ocrx_word' id='word_1_804' title='bbox 517 2880 695 2919; x_wconf 48' lang='lat' dir='ltr'><strong>ReggfetOr.</strong></span> <span class='ocrx_word' id='word_1_805' title='bbox 707 2885 719 2914; x_wconf 84' lang='grc'><strong>1</strong></span> <span class='ocrx_word' id='word_1_806' title='bbox 732 2885 832 2915; x_wconf 84' lang='lat' dir='ltr'><strong>addunt</strong></span> <span class='ocrx_word' id='word_1_807' title='bbox 848 2896 854 2916; x_wconf 84' lang='lat'><strong>:</strong></span> <span class='ocrx_word' id='word_1_808' title='bbox 866 2887 937 2915; x_wconf 80' lang='grc' dir='ltr'><strong>Ταύ-</strong></span> 
     </span>
    </p>
   </div>
   <div class='ocr_carea' id='block_1_108' title="bbox 988 2495 1773 2538">
    <p class='ocr_par' dir='ltr' id='par_1_108' title="bbox 988 2495 1773 2538">
     <span class='ocr_line' id='line_1_109' title="bbox 988 2495 1773 2538; baseline -0.01 -9"><span class='ocrx_word' id='word_1_809' title='bbox 988 2510 1038 2537; x_wconf 86' lang='grc' dir='ltr'><strong>την</strong></span> <span class='ocrx_word' id='word_1_810' title='bbox 1055 2501 1263 2538; x_wconf 21' lang='grc' dir='ltr'>ἀγαπήσειῗτὴν-</span> <span class='ocrx_word' id='word_1_811' title='bbox 1275 2499 1413 2538; x_wconf 75' lang='grc' dir='ltr'>εὐγένειαν</span> <span class='ocrx_word' id='word_1_812' title='bbox 1432 2497 1611 2538; x_wconf 39' lang='grc' dir='ltr'><strong>ὅγε-ηᾲληθῷξ</strong></span> <span class='ocrx_word' id='word_1_813' title='bbox 1626 2495 1704 2529; x_wconf 73' lang='grc' dir='ltr'>σοφὸς</span> <span class='ocrx_word' id='word_1_814' title='bbox 1725 2503 1773 2524; x_wconf 81' lang='grc' dir='ltr'><strong>και</strong></span> 
     </span>
    </p>
   </div>
   <div class='ocr_carea' id='block_1_109' title="bbox 989 2532 1772 2572">
    <p class='ocr_par' dir='ltr' id='par_1_109' title="bbox 989 2532 1772 2572">
     <span class='ocr_line' id='line_1_110' title="bbox 989 2532 1772 2572; baseline -0.013 -8"><span class='ocrx_word' id='word_1_815' title='bbox 989 2532 1148 2572; x_wconf 62' lang='grc' dir='ltr'>φιλόσοφος’</span> <span class='ocrx_word' id='word_1_816' title='bbox 1165 2546 1174 2562; x_wconf 84' lang='grc'><strong>(</strong></span> <span class='ocrx_word' id='word_1_817' title='bbox 1196 2532 1269 2562; x_wconf 67' lang='lat' dir='ltr'><strong>Illam</strong></span> <span class='ocrx_word' id='word_1_818' title='bbox 1289 2532 1457 2562; x_wconf 74' lang='lat' dir='ltr'><strong>nobilitatetti</strong></span> <span class='ocrx_word' id='word_1_819' title='bbox 1469 2534 1559 2568; x_wconf 81' lang='lat' dir='ltr'><strong>diliget</strong></span> <span class='ocrx_word' id='word_1_820' title='bbox 1583 2532 1628 2558; x_wconf 84' lang='lat' dir='ltr'><strong>ille</strong></span> <span class='ocrx_word' id='word_1_821' title='bbox 1645 2540 1706 2558; x_wconf 81' lang='lat' dir='ltr'><strong>vere</strong></span> <span class='ocrx_word' id='word_1_822' title='bbox 1725 2539 1772 2557; x_wconf 63' lang='grc' dir='ltr'>εεις</span> 
     </span>
    </p>
   </div>
   <div class='ocr_carea' id='block_1_110' title="bbox 988 2572 1329 2606">
    <p class='ocr_par' dir='ltr' id='par_1_110' title="bbox 988 2572 1329 2606">
     <span class='ocr_line' id='line_1_111' title="bbox 988 2572 1329 2606; baseline -0.012 -7"><span class='ocrx_word' id='word_1_823' title='bbox 988 2573 1064 2606; x_wconf 80' lang='lat' dir='ltr'><strong>piens</strong></span> <span class='ocrx_word' id='word_1_824' title='bbox 1075 2578 1100 2599; x_wconf 90' lang='lat' dir='ltr'><strong>et</strong></span> <span class='ocrx_word' id='word_1_825' title='bbox 1120 2572 1303 2605; x_wconf 78' lang='lat' dir='ltr'><strong>philosophus.</strong></span> <span class='ocrx_word' id='word_1_826' title='bbox 1321 2580 1329 2595; x_wconf 81' lang='grc' dir='ltr'>ι</span> 
     </span>
    </p>
   </div>
   <div class='ocr_carea' id='block_1_111' title="bbox 1035 2601 1662 2641">
    <p class='ocr_par' dir='ltr' id='par_1_111' title="bbox 1035 2601 1662 2641">
     <span class='ocr_line' id='line_1_112' title="bbox 1035 2601 1662 2641; baseline -0.011 -7"><span class='ocrx_word' id='word_1_827' title='bbox 1035 2608 1078 2641; x_wconf 75' lang='lat'><strong>8&#39;2)</strong></span> <span class='ocrx_word' id='word_1_828' title='bbox 1102 2601 1164 2634; x_wconf 75' lang='grc' dir='ltr'><strong>Ἐπ’</strong></span> <span class='ocrx_word' id='word_1_829' title='bbox 1183 2601 1262 2639; x_wconf 83' lang='grc' dir='ltr'><strong>ῖσὴς.</strong></span> <span class='ocrx_word' id='word_1_830' title='bbox 1279 2606 1325 2632; x_wconf 85' lang='grc' dir='ltr'><strong>Οι·.</strong></span> <span class='ocrx_word' id='word_1_831' title='bbox 1339 2605 1350 2632; x_wconf 83' lang='grc'><strong>1</strong></span> <span class='ocrx_word' id='word_1_832' title='bbox 1365 2603 1540 2641; x_wconf 72' lang='lat' dir='ltr'><strong>conjunmim,</strong></span> <span class='ocrx_word' id='word_1_833' title='bbox 1555 2601 1662 2636; x_wconf 77' lang='grc' dir='ltr'>ἐπίσης.</span> 
     </span>
    </p>
   </div>
   <div class='ocr_carea' id='block_1_112' title="bbox 1022 2608 1551 2677">
    <p class='ocr_par' dir='ltr' id='par_1_112' title="bbox 1022 2608 1551 2677">
     <span class='ocr_line' id='line_1_113' title="bbox 1035 2608 1540 2641; baseline -0.008 -8"><span class='ocrx_word' id='word_1_834' title='bbox 1035 2608 1078 2641; x_wconf 75' lang='lat'><strong>8&#39;2)</strong></span> <span class='ocrx_word' id='word_1_835' title='bbox 1102 2608 1164 2634; x_wconf 75' lang='grc' dir='ltr'><strong>Ἐπ’</strong></span> <span class='ocrx_word' id='word_1_836' title='bbox 1183 2608 1262 2639; x_wconf 83' lang='grc' dir='ltr'>ἴσης.</span> <span class='ocrx_word' id='word_1_837' title='bbox 1279 2608 1325 2632; x_wconf 85' lang='grc' dir='ltr'><strong>Οι·.</strong></span> <span class='ocrx_word' id='word_1_838' title='bbox 1339 2608 1350 2632; x_wconf 84' lang='grc' dir='ltr'><strong>ι</strong></span> <span class='ocrx_word' id='word_1_839' title='bbox 1365 2608 1540 2637; x_wconf 82' lang='lat' dir='ltr'><strong>conjuncttm,</strong></span> 
     </span>
     <span class='ocr_line' id='line_1_114' title="bbox 1022 2608 1551 2677; baseline -0.004 -10"><span class='ocrx_word' id='word_1_840' title='bbox 1022 2608 1076 2677; x_wconf 46' lang='lat'><strong>£85)</strong></span> <span class='ocrx_word' id='word_1_841' title='bbox 1092 2643 1279 2677; x_wconf 71' lang='grc' dir='ltr'>Ἐρχόμενογ.</span> <span class='ocrx_word' id='word_1_842' title='bbox 1299 2640 1344 2677; x_wconf 89' lang='lat' dir='ltr'><strong>0r_.</strong></span> <span class='ocrx_word' id='word_1_843' title='bbox 1358 2640 1381 2669; x_wconf 78' lang='grc'>1.</span> <span class='ocrx_word' id='word_1_844' title='bbox 1392 2639 1551 2677; x_wconf 76' lang='grc' dir='ltr'>ἀρχόμενον.</span> 
     </span>
    </p>
   </div>
   <div class='ocr_carea' id='block_1_113' title="bbox 1024 2668 1772 2713">
    <p class='ocr_par' dir='ltr' id='par_1_113' title="bbox 1024 2668 1772 2713">
     <span class='ocr_line' id='line_1_115' title="bbox 1024 2668 1772 2713; baseline -0.013 -8"><span class='ocrx_word' id='word_1_845' title='bbox 1024 2668 1080 2713; x_wconf 62' lang='lat' dir='ltr'><strong>(si)</strong></span> <span class='ocrx_word' id='word_1_846' title='bbox 1100 2668 1225 2710; x_wconf 19' lang='grc' dir='ltr'><strong>νΫάῦἱην</strong></span> <span class='ocrx_word' id='word_1_847' title='bbox 1241 2668 1418 2713; x_wconf 26' lang='grc' dir='ltr'>ἀγνοήσει-,μ’</span> <span class='ocrx_word' id='word_1_848' title='bbox 1430 2668 1481 2701; x_wconf 66' lang='lat' dir='ltr'><strong>Eié.</strong></span> <span class='ocrx_word' id='word_1_849' title='bbox 1496 2674 1557 2713; x_wconf 48' lang='lat' dir='ltr'><strong>Ila-lc</strong></span> <span class='ocrx_word' id='word_1_850' title='bbox 1576 2678 1658 2713; x_wconf 63' lang='lat' dir='ltr'><strong>usque</strong></span> <span class='ocrx_word' id='word_1_851' title='bbox 1679 2670 1711 2696; x_wconf 87' lang='lat' dir='ltr'><strong>ad</strong></span> <span class='ocrx_word' id='word_1_852' title='bbox 1734 2668 1772 2696; x_wconf 80' lang='grc' dir='ltr'><strong>Τὸ</strong></span> 
     </span>
    </p>
   </div>
   <div class='ocr_carea' id='block_1_114' title="bbox 988 2708 1622 2748">
    <p class='ocr_par' dir='ltr' id='par_1_114' title="bbox 988 2708 1622 2748">
     <span class='ocr_line' id='line_1_116' title="bbox 988 2708 1622 2748; baseline -0.008 -9"><span class='ocrx_word' id='word_1_853' title='bbox 988 2708 1161 2748; x_wconf 36' lang='grc' dir='ltr'>γάρηίίθειιιιι</span> <span class='ocrx_word' id='word_1_854' title='bbox 1177 2708 1203 2738; x_wconf 82' lang='lat' dir='ltr'><strong>iu</strong></span> <span class='ocrx_word' id='word_1_855' title='bbox 1217 2708 1375 2748; x_wconf 46' lang='lat' dir='ltr'><strong>quibusmaui</strong></span> <span class='ocrx_word' id='word_1_856' title='bbox 1390 2710 1472 2743; x_wconf 67' lang='lat' dir='ltr'><strong>liegg.</strong></span> <span class='ocrx_word' id='word_1_857' title='bbox 1488 2713 1516 2735; x_wconf 90' lang='lat' dir='ltr'><strong>et</strong></span> <span class='ocrx_word' id='word_1_858' title='bbox 1535 2708 1581 2748; x_wconf 67' lang='lat' dir='ltr'><strong>0r.</strong></span> <span class='ocrx_word' id='word_1_859' title='bbox 1598 2708 1622 2734; x_wconf 82' lang='lat' dir='ltr'><strong>l.</strong></span> 
     </span>
    </p>
   </div>
   <div class='ocr_carea' id='block_1_115' title="bbox 1005 2744 1771 2782">
    <p class='ocr_par' dir='ltr' id='par_1_115' title="bbox 1005 2744 1771 2782">
     <span class='ocr_line' id='line_1_117' title="bbox 1005 2744 1771 2782; baseline -0.01 -7"><span class='ocrx_word' id='word_1_860' title='bbox 1005 2749 1007 2751; x_wconf 87' lang='grc'><em>’</em></span> <span class='ocrx_word' id='word_1_861' title='bbox 1024 2744 1079 2782; x_wconf 67' lang='grc'>(85)</span> <span class='ocrx_word' id='word_1_862' title='bbox 1094 2744 1298 2782; x_wconf 46' lang='grc' dir='ltr'><strong>Κάλως-[εις.</strong></span> <span class='ocrx_word' id='word_1_863' title='bbox 1324 2745 1382 2782; x_wconf 82' lang='lat' dir='ltr'><strong>Bill.</strong></span> <span class='ocrx_word' id='word_1_864' title='bbox 1400 2752 1418 2782; x_wconf 54' lang='grc' dir='ltr'><strong>εΔ</strong></span> <span class='ocrx_word' id='word_1_865' title='bbox 1437 2754 1445 2769; x_wconf 81' lang='grc' dir='ltr'><strong>ι</strong></span> <span class='ocrx_word' id='word_1_866' title='bbox 1470 2751 1530 2770; x_wconf 84' lang='lat' dir='ltr'><strong>eum</strong></span> <span class='ocrx_word' id='word_1_867' title='bbox 1551 2744 1648 2777; x_wconf 73' lang='lat' dir='ltr'><strong>pictam</strong></span> <span class='ocrx_word' id='word_1_868' title='bbox 1663 2746 1771 2775; x_wconf 81' lang='lat' dir='ltr'><strong>quoque</strong></span> 
     </span>
    </p>
   </div>
   <div class='ocr_carea' id='block_1_116' title="bbox 988 2780 1544 2818">
    <p class='ocr_par' dir='ltr' id='par_1_116' title="bbox 988 2780 1544 2818">
     <span class='ocr_line' id='line_1_118' title="bbox 988 2780 1544 2818; baseline -0.013 -8"><span class='ocrx_word' id='word_1_869' title='bbox 988 2780 1216 2818; x_wconf 63' lang='lat' dir='ltr'><strong>pulchritudinem</strong></span> <span class='ocrx_word' id='word_1_870' title='bbox 1231 2781 1392 2818; x_wconf 81' lang='lat' dir='ltr'><strong>l_audandar_n</strong></span> <span class='ocrx_word' id='word_1_871' title='bbox 1405 2780 1515 2818; x_wconf 53' lang='lat' dir='ltr'><strong>duty-ro:</strong></span> <span class='ocrx_word' id='word_1_872' title='bbox 1536 2787 1544 2803; x_wconf 76' lang='grc' dir='ltr'>ι</span> 
     </span>
    </p>
   </div>
   <div class='ocr_carea' id='block_1_117' title="bbox 1024 2811 1663 2864">
    <p class='ocr_par' dir='ltr' id='par_1_117' title="bbox 1024 2811 1663 2864">
     <span class='ocr_line' id='line_1_119' title="bbox 1024 2811 1663 2864; baseline 0 0"><span class='ocrx_word' id='word_1_873' title='bbox 1024 2819 1080 2864; x_wconf 69' lang='lat' dir='ltr'><strong>ea</strong></span> <span class='ocrx_word' id='word_1_874' title='bbox 1103 2811 1663 2864; x_wconf 57' lang='lat' dir='ltr'><strong>Z‘f‘i‘ffis-_“°.¥.8;ffzd’.,ﬁtE”?i&#39;.:.1:.9‘é”i</strong></span> 
     </span>
    </p>
   </div>
   <div class='ocr_carea' id='block_1_118' title="bbox 1024 2847 1685 2890">
    <p class='ocr_par' dir='ltr' id='par_1_118' title="bbox 1024 2847 1685 2890">
     <span class='ocr_line' id='line_1_120' title="bbox 1024 2847 1685 2890; baseline -0.008 -12"><span class='ocrx_word' id='word_1_875' title='bbox 1024 2847 1079 2890; x_wconf 68' lang='grc'>(87)</span> <span class='ocrx_word' id='word_1_876' title='bbox 1096 2847 1238 2888; x_wconf 65' lang='grc' dir='ltr'>Δισχρὶίς.</span> <span class='ocrx_word' id='word_1_877' title='bbox 1264 2847 1466 2886; x_wconf 65' lang='grc' dir='ltr'>Ιῖῖιιιιὶῠυειίιιιιι</span> <span class='ocrx_word' id='word_1_878' title='bbox 1485 2848 1590 2876; x_wconf 78' lang='lat' dir='ltr'><strong>additur</strong></span> <span class='ocrx_word' id='word_1_879' title='bbox 1617 2847 1685 2877; x_wconf 76' lang='grc' dir='ltr'>ἐστι.</span> 
     </span>
    </p>
   </div>
  </div>
