2060 3140
114 173 192 201 -12ί9

670 168 797 197 ORATIO
818 167 914 194 XXVI.
934 182 968 188 --
988 167 1020 194 IN
1043 167 1202 195 SEIPSUM.

1675 170 1743 198 1250

123 234 263 266 ποικίλων,
275 233 334 259 ἀλλ’
353 232 412 259 ὅλον
429 232 484 268 (16)
504 230 550 258 τοῦ
570 230 616 258 νοῦ
630 230 660 256 τὸ
674 230 764 266 ἔργον,
790 229 836 255 καὶ
864 228 907 254 διὰ

967 232 1078 255 nentum
1093 228 1214 255 auditum
1227 227 1315 260 est",
1330 225 1376 253 sed
1398 226 1496 254 menlis
1513 231 1596 254 totum
1610 227 1661 255 hoc
1677 235 1745 262 opus

123 280 238 316 θεωρίας
269 280 286 314 ἡ
313 278 444 310 ἀνάϐασις
472 278 538 313 (17).
565 276 658 311 Τούτῳ
686 276 908 311 παραστήσομαι,

122 323 210 358 τούτῳ
223 323 296 349 Otium
310 322 403 356 δεκτὰ,
418 322 528 354 θυσίαν,
542 322 589 348 καὶ
604 320 769 356 προσφορὰν,
788 320 835 346 καὶ
853 320 911 346 ὁλο-

123 368 309 404 καυτώματα,
326 369 468 405 κρείττονα
486 368 540 395 τῶν
557 368 603 396 νῦν
621 367 842 403 προσαγομένων,
857 366 910 400 ὅσῳ

114 417 246 451 »κρεῖττον
264 416 342 447 σκιᾶς
354 415 467 450 ἀλήθεια
477 424 483 429 ·
499 415 562 450 περὶ
577 411 606 441 οὗ
624 423 668 449 μοι
681 413 814 440 δοκεῖκαὶ
829 412 911 438 Δαὸὶδ

124 463 138 487 ὁ
156 461 243 495 μέγας
258 461 426 496 φιλοσοφεῖν,
439 460 534 495 λέγων·
545 460 599 488 Καὶ
612 459 822 494 εἰσελεύσομαι
836 458 911 493 πρὸς

125 508 158 534 τὸ
173 507 389 541 θυσιαστήριον
399 507 451 534 τοῦ
466 506 549 540 Θεοῦ,
563 506 616 533 τοῦ
628 506 842 540 εὑφραίνοντος
855 504 912 538 τὴν

125 553 331 588 πνευματικήν
339 562 399 588 μου
415 553 551 586 νεότητα.
567 552 668 579 Τούτου
689 552 738 586 μὲν
751 552 802 578 οὐκ
813 550 911 583 ἀπάξει

128 609 161 635 με
175 600 222 627 τοῦ
238 599 429 635 Θυσιαστηρίου
444 600 498 631 πᾶς
513 599 527 625 ὁ
548 598 718 634 βουλόμενος.
738 597 843 629 Πόλεως
860 598 912 624 ἀπ-

126 647 282 678 ελάσουσιν;
303 646 360 672 ἁλλ’
381 646 440 681 οὐχὶ
457 646 505 672 καὶ
526 645 574 681 τῆς
593 645 649 672 ἄνω
669 644 808 679 κειμένης.
828 643 912 670 Τοῦτο

126 692 315 728 δυνηθήτωσαν
329 692 353 717 οἱ
375 690 517 726 μισοῦντες
534 691 626 726 ἡμᾶς,
652 690 699 716 καὶ
725 689 808 721 ὄντως
829 698 913 715 πεπο-

127 737 280 772 λεμήκασιν
292 745 298 751 ·
317 736 369 767 ἕως
383 735 405 761 δ’
426 735 458 761 ἂν
477 734 514 770 μὴ
535 734 613 761 τοῦτο
630 733 685 769 (18)
699 733 841 763 δύνωνται,
868 733 913 767 ῥα-

126 782 181 809 νίσι
209 781 367 817 βάλλουσιν,
392 780 408 815 ἢ
434 779 531 815 αὔραις
556 779 700 810 παίουσιν,
728 778 744 814 ἢ
772 778 913 810 παίζουσιν

126 828 256 855 ἐνύπνια·
280 827 367 859 οὕτως
394 827 483 853 αὐτῶν
512 826 569 861 ἐγὼ
595 825 685 861 βλέπω
711 824 757 851 τὸν
784 824 911 859 πόλεμον.

127 874 283 911 Χρημάτων
315 874 554 909 περιαιρήσο·.›σιν;
587 872 690 904 Τίνωνς
719 871 751 897 Εἰ
780 871 828 906 μὲν
858 870 912 896 τῶν

127 920 212 955 ἐμῶν,
226 919 273 946 καὶ
292 919 346 946 τῶν
370 918 512 954 πτερύγων
531 918 786 953 περικοπτέτωςαν,
810 912 847 942 ὧν
863 916 913 942 οὐκ

127 966 308 1001 ὲπιϐἐὸλημαι
320 975 326 980 ·
342 967 364 992 εἰ
380 966 408 991 δὲ
423 965 475 991 τῶν
490 966 537 999 τῆς
558 963 719 998 Ἐκκλησίας
729 982 737 994 ,
749 962 827 989 τοῦτὸ
840 963 913 989 ἐστιν

128 1013 197 1046 ὑπὲρ
210 1009 239 1038 οἵ)
251 1012 303 1042 πᾶς
316 1012 330 1037 ὀ
344 1011 458 1045 πόλεμος
470 1019 475 1025 ’
488 1011 521 1036 δι’
533 1010 549 1035 ἂ
560 1009 706 1044 ζηλοτυπεῖ
718 1008 772 1044 (19)
787 1009 816 1034 τὸ
828 1007 915 1042 γλωσ-

129 1058 242 1092 σόκομον
253 1057 266 1082 ὁ
278 1057 406 1091 κλέπτης,
420 1057 466 1083 καὶ
476 1056 520 1082 τὸν
531 1056 596 1081 Θεὶιν
610 1055 754 1090 προδίδωσι
767 1055 914 1090 τριάκοντα

127 1102 283 1138 ἀργυρίων,
301 1102 330 1128 τὸ
348 1101 507 1127 δεινότατον.
532 1100 664 1127 Τοσούτου
680 1100 737 1136 (20)
753 1100 818 1135 γὰρ,
836 1100 884 1135 οὐχ
900 1101 915 1126 ὁ

128 1148 330 1184 προδιδόμενος,
346 1147 401 1174 ἀλλ’
418 1149 432 1173 ὁ
448 1146 588 1182 προδιδοὺς
603 1146 684 1179 ἄξιος.

165 1281 215 1308 1Ζ’.
237 1280 331 1311 Οἰκίας
357 1279 565 1311 ἀποκλείσουσι;
597 1278 707 1314 Τρυφὰς
732 1278 788 1313 (‘21)
807 1278 917 1313 περικό-

129 1326 225 1361 om;
245 1325 340 1356 Φίλους
364 1324 591 1360 ἀλλοτριώσουσι;
607 1324 679 1350 Πάνυ
699 1323 763 1359 γὰρ,
784 1323 821 1354 ὡς
839 1324 915 1358 ὁρᾷς,

132 1371 265 1398 πλείστων
280 1370 334 1405 (2‘2)
351 1370 594 1405 κατεναρκήσαμεν
606 1389 612 1401 ,
630 1369 750 1403 καίτοιγε
767 1369 918 1404 προκαλου-

134 1417 222 1452 μένων
237 1417 292 1452 (25)
312 1417 352 1451 (οὐ
368 1416 421 1452 γὰρ
443 1416 660 1451 ἀχαριστήσομεν
672 1415 680 1450 )
692 1424 698 1430 ·
711 1416 735 1441 εί
747 1415 775 1441 δὲ
792 1415 838 1441 καὶ
851 1423 916 1441 κατ-

132 1464 333 1498 εναρκήσαμεν,
341 1462 379 1497 τῷ
387 1462 524 1497 φείδεσθαι
533 1462 653 1497 μᾶλλονῆ
663 1462 701 1497 τῷ
709 1461 917 1497 προσίεσθαι.Τὸ

132 1509 160 1535 δὲ
168 1510 264 1539 αἴτιον.
273 1507 346 1540 οἶκός
355 1518 399 1541 τις
408 1510 560 1536 ἀνέπαυσεν
569 1509 642 1544 ἡμᾶς
657 1508 772 1542 εὐσεῦης
790 1508 836 1534 καὶ
845 1508 918 1542 φιλόν-

132 1558 203 1590 θεος,
212 1560 258 1585 καὶ
264 1556 319 1590 οἶος
327 1559 372 1585 τὸν
381 1557 531 1584 Ἐλισσαῖον
537 1557 550 1583 ὁ
556 1556 605 1590 τῆς
612 1554 811 1590 Σουναμίτιδος,
822 1563 918 1589 συγγε-

132 1604 187 1631 νῶν
195 1604 224 1630 to
234 1605 322 1640 σῶμα,
335 1603 473 1638 συγγενῶν
488 1602 517 1628 τὸ
528 1601 646 1637 πνεῦμα,
656 1601 745 1628 πάντα
759 1600 899 1635 φιλότιμος
909 1609 914 1614 ·

133 1653 197 1687 παρ’
208 1650 248 1681 οἷς
263 1651 331 1678 καὶὸ
344 1651 407 1681 λαὸς
413 1647 488 1680 οὗτος
505 1649 604 1683 ἐπάγη,
622 1648 743 1674 κλέπτων
753 1647 849 1682 ἕτιτὴν
855 1647 916 1673 διω-

133 1697 252 1732 κομένην
270 1696 420 1726 εὐσέϐειαν,
434 1695 484 1721 οὐκ
494 1694 589 1725 ἀδεῶς,
606 1694 666 1719 οὐδὲ
680 1692 836 1724 ἀκινδύνως.
859 1693 918 1719 Ἀν-

132 1743 295 1777 τιμετρήσαι
322 1740 395 1775 αὖτῷ
417 1740 519 1775 Κύριος
542 1740 570 1765 ὲν
591 1739 682 1773 ἡμέρᾳ
696 1738 916 1769 ἀνταποδόσεωςί

133 1788 243 1823 Τρυφὴν
258 1787 286 1813 δὲ
302 1787 325 1812 εἰ
341 1785 474 1820 διώκομεν
489 1784 556 1819 (21),
573 1784 741 1818 τρυφήσαιεν
763 1783 823 1809 καθ’
841 1783 918 1818 ἡμῶν

132 1835 157 1860 οἱ
181 1832 322 1868 μισοῦντες
344 1832 432 1866 ἡμᾶς·
448 1830 479 1857 οὑ
498 1830 552 1865 γὰρ
569 1830 632 1857 ἄλλο
648 1839 673 1856 τι
691 1829 783 1864 μεῖξον
809 1828 920 1864 ἐμαυτῷ

133 1878 333 1913 καταράσομαι.
355 1876 441 1902 Φίλων
461 1875 499 1906 δὲ,
520 1876 543 1901 οἱ
562 1874 610 1909 μὲν
628 1874 688 1900 οὐδὲ
707 1873 856 1908 πάσχοντες
871 1882 920 1899 κα-

135 1925 200 1956 κῶς,
217 1922 245 1950 εὖ
262 1922 329 1954 οἶδα,
344 1922 484 1957 φεύξονται
500 1922 574 1956 ἡμᾶς
589 1921 628 1956 (τὸ
642 1920 695 1957 γὰρ
710 1919 919 1951 συναδικεῖσθαι,

135 1971 182 1996 καὶ
195 1969 335 2003 συναλγεῖν
349 1967 482 2002 πεποίηκε
494 1966 504 2001 )
514 1975 520 1981 ·
539 1965 593 1992 τῶν
606 1966 633 1992 δὲ
645 1965 694 2001 ἤδη
711 1964 922 2000 γεγυμνάσμεθα

136 2016 182 2042 καὶ
199 2014 402 2050 ὑπερορώμενοι
425 2013 518 2048 φέρειν
532 2012 581 2047 τὴν
606 2011 767 2047 ὑπεροψίαν.
789 2011 849 2037 Τῶν
867 2010 921 2045 γὰρ

137 2061 220 2095 φίλων
234 2061 280 2088 καὶ
292 2060 345 2087 τῶν
357 2059 468 2095 πλησίον
484 2057 550 2093 (25),
567 2058 591 2084 οἱ
619 2058 668 2093 μὲν
683 2058 729 2084 καὶ
742 2057 866 2093 φανερῶς
889 2057 923 2090 ἐξ

136 2107 274 2139 ἐναντίας
290 2105 344 2142 (26)
365 2105 496 2140 ἤγγισαν
512 2104 560 2130 καὶ
577 2104 726 2137 ἔστησαν·
740 2104 765 2130 οἱ
779 2103 818 2136 δὲ,
835 2103 864 2130 τὸ
878 2112 923 2138 φι-

137 2152 377 2187 λανθριιιπότατον,
400 2149 459 2177 ἀπὸ
484 2149 633 2184 μακρόθεν
655 2149 800 2182 ἔστησαν,
828 2148 874 2175 καὶ
896 2149 924 2175 ἐν

137 2201 169 2234 τῇ
184 2199 261 2225 νυκτὶ
273 2198 358 2233 ταύτῃ
374 2197 473 2227 πάντες
486 2194 742 2230 ἐσκανδαλίσθησαν.
758 2194 865 2230 Μικροῦ
878 2194 925 2221 καὶ

960 278 1017 304 est,
1039 279 1123 306 eoque
1145 280 1191 307 per
1204 272 1455 306 contemplationem
1470 271 1655 299 subvehimur.
1676 271 1744 300 Huic

961 319 1076 352 astabo,
1101 326 1182 353 super
1205 318 1269 346 illud
1296 323 1372 353 grata
1395 318 1556 351 immolabo,
1582 319 1745 347 sacriﬁcium

962 371 1068 399 nempe,
1083 368 1109 391 et
1123 363 1299 396 oblationem,
1315 369 1341 390 et
1357 364 1523 396 holocausta,
1542 369 1615 391 tanto
1628 365 1671 397 iis.
1686 372 1746 399 quae

962 418 1032 437 nunc
1044 409 1205 442 oﬂ'eruntur,
1223 410 1416 437 excellentium
1429 430 1435 441 ,
1453 414 1554 443 quanto
1571 411 1671 437 veritas
1690 419 1747 437 Illll-

962 457 1016 484 brae
1032 456 1177 483 antecellit.
1203 456 1241 482 De
1256 463 1309 490 quo
1328 456 1392 482 mihi
1405 464 1513 491 quoque
1529 456 1612 484 David
1625 456 1745 490 philoso-

962 502 1037 537 phari
1060 502 1175 534 videtur,
1193 510 1254 529 cum
1270 503 1308 529 ait
1323 510 1331 529 :
1348 501 1382 528 Et
1402 503 1515 529 introibo
1539 503 1573 529 ad
1587 502 1670 530 altare
1685 503 1743 534 Dei,

961 548 1006 582 qui
1019 548 1181 582 spiritualem
1193 556 1276 575 meam
1287 548 1449 583 juventutem
1463 549 1580 584 [mliﬁcat
1590 549 1621 576 ".
1636 549 1676 576 Ah
1694 550 1744 577 hoc

963 593 1038 620 altari
1055 601 1097 621 me
1114 601 1166 621 non
1180 594 1336 626 abstrahet,
1352 594 1475 629 quisquis
1490 595 1570 621 volet.
1595 595 1616 622 E
1636 595 1745 622 civitate

963 639 1088 672 ejicient?
1103 639 1202 667 Verum
1218 647 1269 667 non
1283 640 1318 666 ita
1331 647 1364 667 ex
1376 648 1419 674 ea,
1434 648 1493 675 qum
1506 641 1531 667 in
1545 641 1613 668 caelo
1626 642 1676 668 sita
1692 646 1746 668 est.

963 684 1021 712 Hoc
1043 685 1065 712 si
1080 684 1185 712 ellicere
1202 691 1312 719 possent
1332 685 1361 718 ii,
1382 685 1426 720 qui
1450 693 1500 713 nos
1520 686 1620 713 invisos
1635 687 1747 719 habent,

963 739 1027 758 vere
1043 731 1142 758 bellum
1157 731 1301 758 inferrent.
1317 731 1441 764 Quandiu
1460 737 1550 759 autem
1572 732 1682 758 minime
1699 740 1749 766 po-

965 777 1075 810 tuerint,
1089 777 1201 811 gntlulis
1216 785 1292 812 aqua
1306 785 1348 804 me
1360 782 1464 812 petunt,
1479 783 1525 804 aut
1539 778 1624 805 ventis
1637 778 1747 813 feriunt,

964 827 1011 849 aut
1027 823 1053 849 in
1071 823 1174 850 somnis
1192 823 1299 850 ludunt.
1326 822 1371 850 Sic
1392 823 1464 850 enim
1487 830 1579 850 eorum
1596 823 1693 851 bellum
1710 825 1749 851 in-

967 873 1108 903 terpretor.
1136 868 1269 896 Pecunias
1297 869 1433 903 eripient?
1454 869 1527 902 Quas
1556 870 1686 897 tandem?
1718 870 1748 897 Si

965 922 1039 942 meas
1054 915 1176 949 quidem,
1192 915 1242 949 ipsi
1258 915 1351 942 eadem
1367 922 1448 950 opera
1464 923 1566 950 pennas
1579 917 1671 948 etiam,
1688 916 1749 950 qui—

964 961 1014 987 bus
1029 961 1139 988 minime
1152 961 1261 988 indutus
1275 969 1333 988 sum
1347 982 1355 994 ,
1370 962 1538 990 abscindunt.
1554 963 1580 990 Si
1596 969 1684 990 autem
1699 963 1749 990 Ec-

965 1006 1055 1034 clesiw
1068 1027 1076 1039 ,
1096 1007 1160 1034 illud
1175 1006 1276 1042 quippe
1291 1012 1342 1040 est,
1358 1016 1406 1042 pro
1423 1016 1476 1043 quo
1494 1008 1593 1036 bellum
1608 1017 1688 1037 omne
1702 1017 1748 1044 ge-

965 1054 1044 1080 ritur.
1071 1052 1111 1080 Ob
1137 1054 1263 1088 pecunias
1288 1053 1332 1082 fur
1350 1055 1394 1083 ille
1410 1055 1542 1090 zelotypia
1564 1063 1628 1091 erga
1644 1063 1750 1083 crume-

966 1107 1028 1126 nam
1042 1104 1139 1126 testuat
1151 1100 1182 1130 ιδ,
1202 1108 1234 1127 ac
1248 1100 1332 1127 Deum
1347 1103 1437 1135 prodit
1450 1122 1456 1133 ,
1471 1107 1517 1133 et,
1533 1102 1604 1136 quod
1623 1102 1750 1135 gravissi-

966 1152 1039 1171 mum
1063 1149 1124 1176 est,
1150 1145 1259 1180 triginta
1284 1147 1420 1181 argenteis
1440 1147 1575 1174 vendit".
1595 1146 1752 1183 48411οο

966 1190 1037 1217 enim
1054 1190 1140 1224 pretio
1163 1191 1259 1225 dignus
1282 1196 1360 1225 erat,
1374 1201 1426 1220 non
1445 1193 1490 1228 qui
1512 1194 1691 1228 prodebalur,
1704 1194 1751 1221 sed

967 1237 1011 1270 qui
1030 1237 1171 1270 prodebat.

1004 1281 1083 1308 XVII.
1103 1282 1139 1309 At
1156 1283 1236 1310 domo
1253 1284 1417 1311 excludenl?
1434 1285 1548 1312 Delicias
1573 1285 1753 1312 resecabunl?

967 1327 1123 1354 Amicorum
1142 1327 1248 1358 animos
1262 1336 1276 1355 a
1294 1330 1372 1356 nobis
1386 1329 1530 1356 avertant?
1547 1329 1699 1357 Permultos
1712 1330 1754 1356 vi-

968 1372 1065 1400 delicet
1080 1374 1252 1408 gravavitnus
1264 1394 1271 1407 ,
1290 1375 1414 1410 quamvis
1430 1376 1464 1402 ab
1482 1376 1547 1409 ipsis
1568 1375 1672 1402 invitati
1689 1376 1753 1411 (non

968 1418 1040 1444 enim
1054 1418 1151 1453 ingrati
1165 1419 1252 1446 animi
1266 1420 1332 1447 vitio
1350 1420 1552 1455 laboravimus).
1567 1421 1642 1454 Quod
1654 1422 1676 1448 si
1690 1429 1754 1456 gra-

969 1464 1103 1496 vavimus,
1117 1464 1143 1491 id
1161 1466 1298 1499 parcendo
1313 1467 1412 1499 potius,
1425 1474 1506 1501 quant
1522 1466 1679 1500 accipiendo
1694 1466 1754 1493 fuit.

970 1509 1055 1544 llujus
1071 1511 1108 1538 rei
1123 1512 1144 1538 si
1162 1519 1271 1539 causam
1285 1512 1423 1546 quaeritis,
1447 1512 1543 1540 domus
1564 1513 1687 1548 quaedam
1712 1513 1756 1547 pia

971 1555 1074 1590 Deique
1095 1565 1186 1584 amore
1203 1557 1331 1593 ﬂagrans,
1350 1566 1403 1586 non
1429 1567 1507 1586 secus
1531 1563 1613 1593 atque
1637 1558 1756 1586 Elisenm

970 1598 1146 1627 Snnantitidis
1159 1600 1255 1629 domus
1267 1603 1300 1634 ὀ,
1319 1610 1367 1629 nos
1386 1602 1546 1630 refocillavit
1558 1623 1566 1635 ,
1584 1604 1696 1634 domus,
1714 1604 1756 1630 in-

968 1652 1066 1679 quam,
1082 1645 1237 1679 hominum,
1255 1648 1300 1681 qui
1326 1653 1382 1674 tum
1410 1649 1531 1683 corporis
1543 1668 1550 1679 ,
1573 1653 1628 1675 tum
1646 1648 1758 1683 spiritus

969 1692 1130 1724 cognatione
1144 1699 1250 1718 mecum
1263 1692 1400 1726 conjuncti
1414 1698 1490 1726 sttnl,
1502 1701 1534 1721 ac
1548 1693 1677 1728 singulari
1691 1693 1757 1720 libe-

970 1736 1074 1763 ralitate
1089 1737 1203 1771 przediti,
1217 1738 1287 1771 apud
1300 1746 1368 1772 quos
1385 1739 1429 1766 hic
1441 1747 1548 1773 quoque
1559 1739 1672 1773 populus
1682 1747 1756 1767 com-

971 1787 1064 1814 pactus
1079 1787 1131 1815 est,
1147 1790 1207 1809 eum
1222 1784 1385 1818 exagitatam
1403 1789 1429 1811 et
1444 1791 1568 1812 vexatam
1592 1785 1653 1813 ﬁdei
1672 1786 1759 1820 pieta-

972 1829 1023 1851 tem
1039 1826 1125 1853 adtnlc
1140 1828 1300 1862 surriperet,
1314 1836 1484 1864 nequaquam
1501 1829 1601 1862 libere,
1623 1838 1672 1857 nec
1699 1831 1759 1858 sine

971 1871 1248 1908 periculo.Rependat
1262 1874 1298 1901 illi
1312 1875 1441 1902 Dominus
1453 1875 1479 1902 in
1496 1876 1539 1902 die
1553 1877 1756 1905 retributionis!

971 1917 1085 1946 Delicias
1099 1925 1188 1946 autem
1203 1920 1226 1947 si
1246 1925 1447 1953 consectantur,
1462 1921 1612 1949 ell'erantnr
1627 1924 1759 1951 adversus

973 1975 1042 1999 nos,
1066 1966 1112 2001 qui
1137 1966 1215 1993 nobis
1238 1967 1395 1994 inimicitias
1413 1968 1586 2002 indixerunt;
1611 1976 1661 1996 nec
1686 1970 1758 1996 enim

973 2013 1081 2048 gravius
1095 2012 1167 2042 aliud
1180 2012 1327 2047 quidquam
1342 2013 1521 2047 imprecabor.
1536 2014 1611 2047 Quod
1622 2020 1712 2042 autem
1726 2015 1760 2042 ad

974 2059 1074 2085 amicos
1085 2058 1191 2090 attinet,
1204 2058 1259 2091 alii,
1272 2063 1314 2085 sat
1327 2059 1395 2091 scio,
1411 2067 1444 2086 ne
1457 2059 1513 2087 laesi
1526 2060 1644 2094 quidem,
1659 2069 1708 2087 nos
1720 2061 1761 2088 fu-

973 2103 1047 2137 gient
1061 2102 1133 2136 (nam
1149 2103 1166 2129 ii
1180 2103 1289 2129 demum
1305 2103 1407 2130 doloris
1423 2104 1512 2132 socios
1526 2112 1555 2131 se
1567 2105 1699 2139 przcbent,
1714 2106 1761 2140 qui

976 2148 1073 2182 injuria
1088 2148 1168 2175 simul
1183 2148 1349 2184 afﬁciuntur)
1364 2158 1371 2176 :
1391 2149 1505 2177 aliorum
1518 2156 1608 2178 autem
1633 2159 1761 2186 arrogan-

977 2195 1041 2221 tiam
1058 2195 1198 2229 nostrique
1213 2200 1396 2230 contemptqu
1416 2204 1493 2231 mquo
1506 2197 1597 2224 animo
1615 2198 1687 2224 ferre
1702 2198 1763 2225 diu-

138 2246 241 2280 Πέτρος
256 2243 311 2278 (27)
324 2242 465 2278 ἠρνήσατὸ
482 2250 515 2277 με
525 2249 532 2257 ο
550 2241 596 2267 καὶ
608 2240 686 2275 τυχὸν
700 2239 760 2266 οὐδὲ
772 2239 861 2266 κλαίει
878 2248 915 2266 πι-

978 2245 1056 2267 turno
1069 2240 1124 2275 jam
1143 2248 1191 2267 usu
1205 2241 1357 2268 didicimus.
1373 2241 1411 2268 Ex
1427 2242 1524 2270 amicis
1542 2244 1614 2269 enim
1630 2248 1657 2269 et
1672 2244 1763 2277 proxi-

138 2290 221 2326 κρῶς,
241 2289 284 2315 ἵνα
302 2287 458 2323 θεραπεύσῃ
470 2287 519 2322 τὴν
535 2286 683 2321 ἁμαρτίαν.

977 2286 1027 2314 mis
1044 2287 1123 2319 meis,
1139 2288 1182 2314 alii
1196 2287 1267 2314 haud
1281 2287 1395 2315 obscure
1411 2289 1550 2315 adversum
1566 2297 1606 2316 me
1622 2290 1763 2324 appropin-

138 2340 282 2372 quaverunt
295 2355 302 2366 ,
327 2339 350 2361 et
376 2333 530 2360 steterunt“
543 2341 552 2359 ;
575 2332 640 2364 alii,
655 2336 682 2357 ct
694 2330 800 2365 quidem
823 2331 860 2364 ii,
874 2333 920 2366 qui
942 2332 1138 2360 humanissime
1152 2341 1257 2361 mecum
1268 2338 1392 2368 egerunt,
1404 2334 1509 2370 alonge
1527 2340 1654 2362 steterunt
1672 2336 1705 2368 ",
1735 2340 1764 2363 et

176 2415 198 2430 ¹⁶
211 2413 241 2441 Ill
254 2413 319 2447 Reg.
337 2420 375 2443 vr,
394 2411 421 2437 7.
446 2446 452 2447 7
471 2409 578 2447 "7Psal.
592 2418 657 2443 XLII,
672 2409 699 2437 ιι.

141 2446 304 2481 xuvtt,1‘2.
360 2448 382 2463 ¹¹
399 2446 465 2473 ibid.
480 2446 522 2472 15.

141 2575 163 2582 Μ
177 2539 232 2574 (16)
252 2538 351 2564 Ὀλον.
375 2536 421 2564 Sic
450 2535 518 2570 Reg.
547 2534 591 2561 bm
616 2540 642 2562 et
671 2534 718 2562 0r.
744 2534 770 2561 1.
799 2533 827 2561 ln
859 2534 921 2567 ed.,

140 2575 231 2643 θλῗῖἀ)
257 2609 290 2635 Ἡ
307 2606 464 2640 ἀνάϐασις.
489 2606 569 2633 Deest.
585 2605 610 2632 in
636 2604 835 2639 ΟΓ.1.ΕιΙ.,ἣ
860 2604 915 2631 ἀνά-

142 2645 230 2675 ϐασις.

177 2674 232 2713 (18)
253 2678 300 2712 Μὴ
317 2678 419 2713 τοῦτο.
431 2676 476 2713 Sic
489 2676 556 2713 Reg.
574 2676 628 2713 lim.
650 2675 727 2713 Deest
740 2674 820 2713 τοῦτο
837 2674 863 2701 in
881 2675 924 2713 et}.

177 2680 221 2713 (18
253 2680 300 2712 Μὴ
317 2680 415 2705 τοῦτο.
431 2680 476 2704 Sic
491 2680 556 2710 “eg.
574 2680 628 2701 tim.
650 2680 727 2702 Deest
740 2683 820 2701 τουτο
838 2683 863 2701 ιιι
881 2680 924 2702 ett.

177 2680 232 2750 (19;
253 2712 431 2748 Ζηλοτυπεῖ.
457 2712 506 2739 llic
531 2711 674 2738 Maximum
709 2710 852 2744 designare
883 2710 924 2736 vi-

142 2751 229 2778 detur.

178 2785 234 2825 (29)
257 2784 416 2811 Τοσούτου.
432 2782 477 2810 Sic
498 2781 565 2816 Reg.
580 2781 623 2809 bm
637 2785 664 2809 et
679 2779 760 2808 Coisl.
775 2780 801 2807 1.
817 2779 844 2807 In
869 2780 923 2813 ed.,

142 2828 277 2848 τοσουτον.

179 2855 234 2890 (2|)
257 2854 382 2888 Τρυφὰς.
397 2852 479 2890 Coisl.
493 2852 518 2884 1,
534 2851 645 2890 τροφᾲς,
664 2860 673 2876 ι
690 2850 826 2878 alimenta.
841 2860 850 2877 ι

179 2887 234 2927 (2'!)
254 2887 418 2916 Πλεῖστων.
434 2889 498 2922 licg.
512 2896 536 2921 ιι,
551 2887 685 2913 πλεῖστον.

754 2410 776 2425 ⁸³
790 2409 867 2437 Joan.
885 2418 933 2443 χιι,
947 2410 973 2438 6.

1027 2413 1048 2427 ²⁹
1064 2411 1236 2446 Μιιιιιωιινι,
1255 2413 1297 2440 15.

1351 2414 1374 2430 ’θ
1387 2414 1421 2441 lV
1438 2414 1505 2450 Reg.
1522 2421 1558 2448 tv,
1573 2414 1600 2442 8.
1651 2416 1672 2431 “
1692 2414 1762 2441 Psat.

999 2535 1067 2596 é(‘23)
1086 2535 1352 2569 Προκαλουμένων.
1375 2535 1403 2562 In
1426 2535 1571 2567 nonnullis,
1596 2535 1766 2570 προσκαλου-

1013 2579 1074 2596 νων.

1013 2579 1074 2596 νων.

978 2579 1074 2640 μεὲῗό
1087 2606 1121 2631 El
1141 2604 1295 2640 διώκομεν.
1309 2605 1373 2639 licg.
1386 2606 1441 2637 btn,
1455 2606 1479 2631 εί
1494 2605 1653 2640 ἐδιώκομεν.

1012 2641 1069 2674 (25)
1089 2641 1187 2667 Φίλων
1198 2639 1247 2667 καὶ
1256 2640 1315 2667 τῶν
1328 2642 1472 2674 πλησίον.
1482 2641 1538 2667 Duo
1547 2639 1629 2675 Regg.
1643 2639 1724 2667 etOr.
1737 2639 1764 2672 1.,

976 2676 1060 2710 φίλων
1076 2684 1126 2710 μου
1144 2676 1191 2702 καὶ
1205 2676 1258 2702 τῶν
1276 2676 1406 2711 πλησίων.

1012 2711 1068 2746 (26)
1094 2711 1144 2743 Ἐξ
1156 2712 1304 2743 ἐναντίας.
1325 2712 1391 2745 Reg.
1403 2719 1417 2737 ιι
1434 2711 1517 2746 addit,
1538 2719 1600 2745 μου.

1015 2744 1071 2782 (‘27)
1091 2746 1209 2779 Πέτρος.
1230 2746 1331 2773 Alludit.
1349 2744 1438 2774 forsan
1455 2746 1487 2771 ad
1512 2744 1620 2782 Petrum
1644 2744 1764 2782 Alexan-

976 2780 1065 2808 unum
1084 2782 1241 2815 praesulem,
1273 2782 1317 2814 qui
1344 2782 1499 2816 aliquandiu
1528 2780 1767 2816 Maxitnoril'avere

981 2818 1058 2855 v_i_sus_
1069 2816 1210 2855 est._El_ias
1232 2818 1258 2843 id
1276 2816 1357 2844 refert
1377 2815 1410 2844 ad
1433 2817 1576 2855 quemdam
1599 2823 1614 2843 e
1628 2815 1767 2850 discipulis

979 2853 1030 2879 sibi
1047 2852 1297 2879 fatniliarissimnm.
