4080 6290
1613 337 2109 420 SfECULUM
2175 339 2300 419 IV-

1034 540 1258 621 ΤΟΥ
1325 541 1457 616 ΕΝ
1537 538 1897 616 ΑΓΙΟΙΣ
1963 537 2404 614 ΠΑΤΡΟΣ
2471 536 2792 614 ΗΜΩΝ

900 778 2932 1024 ΓΡΗΓΟΡΙΟΥ

1231 1184 1553 1310 ΤΟΥ
1645 1181 2621 1338 ΘΕΟΛΟΓΟΥ,

759 1445 1016 1532 ΑΡΧΙ
1033 1444 1686 1528 ΕΠΙΣΚΟΠΟΥ
1753 1443 1978 1523 ΚΩΝ
1997 1445 2481 1524 ΣΤΑΝΤΙΝ
2498 1446 3094 1528 ΟΥΠΟΛΕΩΣ

1070 1661 1236 1751 TA
1312 1655 2204 1749 ΕΥΡΙΣΚΟΜΕΝΑ
2285 1658 2766 1758 ΠΑΝΤΑ.

1337 2030 1712 2123 SANCTI
1782 2032 2174 2124 PATRIS
2238 2033 2310 2122 Ν
2318 2032 2645 2124 OSTBI

524 2282 1801 2552 GBEGOBII
1999 2286 3367 2500 THEOLOGI

974 2611 1183 2664 VULGO
1218 2611 1644 2672 ΝΑΖΙΑΝΖΕΝΙ,
1683 2612 2160 2663 ARCHIEPISCOPI
2196 2613 2585 2664 CONSTANTIN

1336 2612 1644 2672 ZIANZENI,
1683 2612 2160 2663 ARCHIEPISCOPI
2196 2611 2947 2673 CONSTANTINOPOLITANI,

731 2798 1217 2903 OPEBA
1346 2798 1665 2925 QUZE
1770 2794 2478 2908 EXSTANT
2607 2801 3128 2940 OMNIA,

344 3079 437 3125 AD
488 3077 651 3124 MISS.
707 3077 946 3124 CODICES
995 3077 1384 3138 GALLICANOS,
1439 3079 1788 3137 VATICA'NOS,
1843 3081 2245 3139 GERMANICOS,
2299 3081 2613 3140 ANGLICOS,
2668 3082 2780 3127 NEC
2828 3082 2945 3128 ΝΟΝ
2995 3083 3071 3127 AD
3119 3084 3510 3136 ANTIQUIORES

1052 3194 1359 3240 EDITIONES
1407 3195 1754 3252 CASTIGATA,
1809 3195 2025 3242 MULTIS
2073 3197 2268 3242 AUCTA
2317 3197 2389 3241 ET
2438 3198 2823 3255 lLLUSTRATA,

567 3307 725 3357 CURA
774 3310 847 3356 ET
893 3301 1100 3357 STUDTO
1148 3310 1557 3357 MONACHORUM
1607 3311 1839 3356 ORDINIS
1888 3312 1950 3356 S.
2011 3313 2319 3357 BENEDIGTI
2370 3315 2403 3358 Ε
2455 3313 2948 3359 CONGREGATIONE
2999 3315 3060 3359 S.
3123 3315 3337 3361 MAURI.

1795 3450 2097 3497 ACCEDUNT

682 3589 1035 3643 VARIORUM
1067 3591 1546 3645 COMMENTARII
1569 3593 1961 3644 ETSCHOLIA
1987 3595 2059 3644 IN
2079 3593 2285 3645 ΟΜΝΙΑ
2322 3595 2538 3645 OPERA
2573 3595 2809 3646 SANCTI
2840 3597 3172 3648 GREGORII
3203 3611 3214 3656 ;

677 3827 686 3833 '
776 3814 1392 3890 ACCURANTE
1445 3819 1577 3892 ET
1618 3819 2502 3896 RECOGNOSCENTE
2582 3823 2794 3896 J.-P.
2858 3824 3203 3912 MIGNE,

1157 4020 1812 4071 BIBLIOTHBCE
1892 4024 2158 4073 CLEBI
2236 4026 2734 4091 υηινεειειω,

749 4267 1001 4310 ουιιευωι
1040 4267 1443 4311 ΟΟΠΡΙιΕΤΟῆυΜ
1475 4271 1534 4311 IN
1574 4270 1844 4312 SINGULOS
1884 4273 2152 4314 SCIENTIJE
2190 4274 2360 4315 ECCLE

1574 4270 1844 4312 SINGULOS
1884 4273 2152 4314 SCIENTIJE
2190 4274 2629 4316 ECCLESIASTICE
2659 4275 2846 4319 RAMOS
2885 4276 3146 4316 EDITOBE.

1547 4708 1890 4788 TOMUS
2007 4710 2406 4791 PRIMUS.

1687 5163 2237 5250 PARISIIS

301 5335 605 5411 APUD
659 5332 1082 5403 GARNIER
1120 5336 1570 5421 FRATRES,
1617 5339 2068 5410 EDITORES
2111 5342 2222 5409 ET
2258 5342 2462 5411 J.-P.
2511 5342 2805 5410 MIGNE
2845 5342 3520 5424 SUCCESSORES,

469 5461 567 5518 IN
613 5459 746 5514 VIA
786 5458 1011 5514 DICTA
1047 5463 1099 5517 Α
1118 5461 1394 5518 VENUE
1427 5465 1546 5518 DU
1581 5465 1870 5532 MAINE,
1914 5467 2036 5533 189,
2079 5468 2262 5522 OLIM
2311 5454 2735 5524 CHAUSSE’E
2774 5469 2892 5524 DU
2926 5468 3219 5537 MAINE,
3264 5469 3386 5524 127.

1859 5684 2023 5737 1885
