4080 6290
174 422 1238 432 ,υ--ρ--ο-φ-υ--ῤ--τ
3044 422 3050 423 κ
3209 422 3228 423 η
3249 422 3396 426 κὴ-
3425 422 3532 426 --ισ-

173 422 3596 470 Μ

685 653 1746 820 PR/EFATIO
1878 654 3076 821 GENERALIS.

261 1144 572 1205 Praeclara
631 1141 757 1201 duo
813 1140 1106 1201 Ecclesia
1165 1142 1396 1201 Greece:
1472 1139 1697 1212 sidera,
1760 1137 2149 1216 Grasgorium
2238 1138 2696 1198 Nazianzenum
2766 1145 2828 1199 et
2910 1141 3212 1202 Basilium
3271 1145 3596 1226 Magnum,

179 1243 392 1303 eadem
455 1242 642 1299 tellus
702 1239 920 1299 eodem
992 1245 1274 1317 tempore
1334 1237 1499 1297 tulit.
1560 1237 1761 1297 Ambo
1838 1236 2243 1297 sanctissimis
2303 1236 2450 1296 editi
2511 1237 2898 1315 parentibus,
2957 1239 3146 1300 ambo
3194 1241 3316 1320 ipsi
3366 1246 3599 1306 sancti-

181 1347 303 1400 tate
359 1339 664 1416 insignes,
730 1336 916 1396 ambo
966 1335 1214 1395 dicendi
1273 1336 1452 1414 c0pia
1507 1335 2029 1413 prmstantissimi.
2093 1334 2279 1393 ambo
2339 1334 2612 1412 denique
2669 1335 2929 1414 paribus
2975 1338 3197 1398 studiis
3244 1340 3605 1403 universam

181 1437 520 1498 Ecclesiam
561 1453 752 1513 quam
788 1434 910 1494 late
945 1438 1135 1511 patet,
1171 1433 1418 1511 scriptis
1449 1433 1864 1504 illustrarunt,
1902 1432 2182 1491 moribus
2214 1437 2538 1491 ornarunt.

257 1534 635 1611 Pluresjam
672 1532 819 1592 anni
851 1537 1020 1603 sunt,
1054 1549 1130 1590 ex
1161 1549 1286 1608 quo
1319 1531 1548 1590 eximia
1611 1530 1824 1590 Basilii
1895 1530 2128 1609 scripta
2199 1530 2505 1607 castigata
2576 1535 2637 1590 et
2699 1531 2978 1610 pristinae
3040 1534 3286 1596 reddita
3355 1536 3608 1616 integri-

181 1633 286 1694 tati
372 1633 436 1692 in
511 1632 720 1690 lucem
779 1629 1003 1689 emissa
1059 1634 1225 1687 sunt.
1289 1632 1443 1707 Spes
1506 1635 1641 1688 erat
1673 1628 2043 1706 Gregorium
2090 1627 2546 1688 Nazianzenum
2621 1629 2910 1706 proximo
2979 1638 3340 1694 secuturum
3412 1635 3609 1696 inter-

177 1731 363 1791 vallo.
412 1730 484 1791 Id
514 1729 640 1787 fuit.
698 1728 761 1786 in
795 1726 1004 1799 votis;
1069 1731 1131 1785 et
1191 1733 1357 1786 certe
1442 1726 1588 1785 item
1649 1743 1902 1803 sperare
1975 1725 2203 1785 licebat
2260 1725 2339 1785 ab
2380 1725 2477 1796 iis,
2537 1726 2644 1804 qui
2689 1733 2816 1786 tam
2865 1729 3237 1806 praeclaram
3295 1731 3359 1790 in
3389 1751 3606 1793 emen-

174 1827 394 1888 dandis
470 1827 552 1885 ad
616 1829 895 1884 veterum
984 1823 1269 1884 codicum
1345 1823 1533 1881 ﬁdem
1607 1828 1737 1881 tum
1782 1824 2139 1882 Graecorum
2174 1828 2306 1882 tum
2343 1823 2703 1883 Latinorum
2753 1827 3010 1884 Patrum
3043 1827 3293 1906 scriptis
3334 1848 3607 1891 navave-

176 1934 310 1985 rant
343 1942 635 2004 operam.
672 1923 824 1982 Cum
857 1922 1022 1981 enim
1056 1922 1328 2000 primum
1381 1922 1461 1980 ad
1491 1922 1660 1998 opud
1720 1921 1888 1980 istud
1943 1921 2224 1980 animum
2259 1922 2651 1999 appulissent
2684 1924 2906 1996 nostri,
2941 1942 3258 2003 novasque
3289 1927 3351 1986 in
3385 1928 3547 1988 diem
3574 1947 3608 1990 θ

175 2027 344 2106 prelo
395 2027 706 2083 exeuntes
755 2022 1098 2099 priscorum
1156 2026 1706 2079 monumentorum
1769 2019 2074 2078 editiones
2130 2019 2377 2097 placere
2435 2020 2616 2080 bonis
2664 2021 2956 2081 omnibus
3012 2024 3505 2102 conspexissent,
3546 2027 3611 2087 id

175 2124 283 2184 sibi
316 2121 559 2200 negotii
593 2118 993 2179 crediderunt
1024 2118 1181 2190 dari,
1211 2123 1280 2177 ut
1305 2117 1613 2177 maximos
1645 2136 1930 2195 quosque
1965 2118 2287 2197 utriusque
2315 2118 2627 2192 Ecclesiae,
2666 2120 2896 2180 Graecae
2929 2120 3164 2182 scilicet
3213 2128 3274 2184 et
3328 2125 3588 2200 Latinae,

179 2225 390 2283 Patres
423 2220 488 2279 in
523 2219 731 2278 lucem
767 2216 1139 2276 emitterent.
1177 2215 1269 2276 Ad
1304 2234 1460 2293 opus
1491 2221 1618 2274 tam
1652 2215 1914 2274 arduum
1970 2224 2220 2275 strenue
2277 2216 2553 2294 aggressi
2609 2222 2773 2276 sunt.
2837 2221 2973 2289 Quo
3029 2237 3318 2281 successu
3368 2229 3604 2285 norunt

178 2339 410 2381 omnes.
447 2317 741 2395 Insigues
772 2319 1042 2394 quatuor
1073 2314 1276 2398 Latini
1311 2316 1543 2385 Patres,
1571 2314 1973 2391 Augustinus,
2003 2314 2396 2386 Ambrosius,
2425 2315 2861 2394 Hieronymus,
2890 2318 3247 2395 Gregorius,
3283 2321 3603 2399 prodiere;

177 2425 292 2480 tres
323 2435 590 2498 quoque
628 2433 658 2474 e
683 2413 932 2488 Graecis,
961 2411 1364 2484 Athanasius,
1398 2411 1680 2484 Basilius,
1718 2410 2223 2488 Chrysostomus.
2263 2413 2432 2472 Unus
2482 2411 2787 2472 hactenus
2845 2416 3368 2492 exspectabatur;
3405 2438 3604 2481 unum

179 2536 388 2578 omnes
421 2512 920 2575 desiderabant:
969 2516 1315 2571 extremum
1352 2510 1472 2569 hoc
1519 2529 1747 2568 munus
1804 2508 2229 2587 postulabant.
2267 2509 2416 2579 Quae
2450 2514 2642 2570 tantae
2676 2511 3043 2588 Gregorium
3081 2533 3273 2575 morae
3317 2521 3607 2579 tenerent

180 2614 602 2675 mirabantur.
641 2609 808 2669 Nihil
841 2626 1089 2668 necesse
1117 2616 1210 2668 est
1239 2626 1461 2668 causas
1493 2625 1877 2686 percurrere,
1914 2625 2054 2684 qua
2088 2606 2304 2666 tandiu
2340 2606 2708 2684 Gregorium
2743 2610 3164 2670 retardarunt.
3217 2613 3388 2673 Varii
3417 2631 3608 2675 even-

178 2722 294 2784 tus,
332 2727 642 2787 morsque
673 2708 810 2786 ipsa
839 2707 1289 2785 impedimento
1321 2706 1458 2765 fuit.
1495 2709 1773 2765 Domnus
1794 2708 1894 2765 Fr.
1934 2704 2221 2765 Louvard
2279 2704 2447 2765 istud
2479 2723 2638 2783 opus
2682 2725 3014 2784 aggressus
3047 2708 3272 2782 fuerat,
3321 2711 3416 2771 vir
3445 2712 3611 2774 acris

174 2831 238 2872 ac
267 2804 932 2883 vehementisingenii
967 2812 1028 2866 et
1067 2827 1096 2863 α
1127 2803 1306 2881 quasi
1355 2803 1555 2881 ignisIs
1591 2823 1605 2872 ;
1643 2827 1671 2857 »
1725 2802 1924 2861 multa
1973 2801 2108 2881 jam
2169 2809 2592 2880 congesserat,
2628 2803 2991 2865 innumeras
3021 2825 3097 2866 ex
3128 2807 3314 2868 variis
3349 2827 3607 2872 manus-

175 2910 381 2987 criptis
413 2903 749 2967 codicibus
778 2902 1077 2962 lectiones
1109 2900 1528 2979 descripserat
1558 2901 1711 2979 ipse,
1751 2906 1811 2960 et
1841 2899 2110 2959 describi
2141 2906 2507 2972 curaverat;
2545 2901 2654 2960 sed
2685 2905 2777 2961 tot
2825 2900 3103 2979 jactatus
3132 2911 3223 2964 est
3273 2912 3608 2986 tempesta-

175 3007 351 3078 tibus,
389 3011 460 3064 ut
492 3005 756 3079 incepto
789 2999 1081 3059 desistere
1115 3004 1367 3058 coactus
1411 2997 1511 3057 sit.
1545 3002 1703 3057 'l‘um
1737 2996 1871 3075 ejus
1930 2997 2178 3068 scrinia,
2239 3004 2300 3055 et
2354 3015 2747 3076 quaecunque
2780 3007 3133 3077 paraverat,
3167 3001 3230 3062 in
3263 3005 3449 3065 amici
3483 3024 3608 3068 ma-

177 3123 280 3163 nus
336 3117 712 3182 pervenere,
749 3116 874 3175 quo
931 3115 1053 3156 non
1114 3102 1247 3155 erat
1303 3096 1636 3173 quisquam
1693 3113 1766 3154 ex
1828 3095 2056 3154 nostris
2112 3095 2191 3153 ad
2241 3094 2412 3173 opud
2470 3094 2638 3154 istud
2697 3097 3146 3174 perficiendum
3217 3102 3416 3179 magis
3472 3105 3608 3166 ido-

179 3221 343 3263 neus.
381 3204 689 3262 Nostrum
725 3197 865 3256 dico
897 3194 1304 3254 Prudentium
1341 3195 1578 3265 Maran,
1620 3193 1728 3271 qui
1759 3193 1820 3251 in
1855 3193 2068 3253 Basilii
2101 3193 2508 3271 epistolarum
2542 3194 2815 3255 editione
2867 3196 3275 3272 elaboranda,
3334 3201 3601 3282 aliisque

183 3299 494 3379 praeclaris
532 3295 850 3375 operibus,
890 3293 1230 3352 maximam
1280 3292 1530 3352 laudem
1587 3292 1854 3370 adeptus
1911 3298 2035 3351 est:
2100 3291 2207 3368 qui
2266 3293 2478 3352 Graece
2537 3293 2882 3372 Latineque
2939 3294 3291 3358 luculenter
3320 3299 3599 3376 sciebat;

183 3401 280 3478 qui
309 3401 371 3460 in
395 3395 728 3459 versandis
757 3393 984 3453 diurna
1002 3397 1435 3469 nocturnaque
1457 3409 1642 3449 manu
1673 3396 2034 3450 sanctorum
2059 3391 2341 3462 Patrum,
2378 3390 2652 3452 maxime
2686 3394 3068 3468 ercorum,
3103 3395 3371 3475 scriptis,
3409 3399 3606 3461 vitam

185 3517 424 3557 omnem
457 3496 966 3571 consumpserat.
997 3491 1119 3552 Sed
1151 3489 1271 3550 heu
1299 3490 1312 3549 l
1350 3489 1499 3550 dum
1532 3489 1789 3549 nimium
1825 3488 1998 3567 operi
2034 3507 2285 3548 manum
2319 3488 2655 3549 admovere
2688 3497 2989 3565 moratur,
3027 3493 3292 3572 aliisque
3362 3495 3425 3556 in
3469 3498 3603 3560 dies

182 3593 583 3657 elaborandis
614 3589 860 3668 scriptis
889 3593 1254 3667 occupatur,
1289 3593 1492 3648 morte
1522 3593 1871 3666 correptus,
1904 3588 2338 3666 imperfectum
2373 3587 2538 3647 istud
2595 3589 2915 3667 relinquit.
2950 3591 3265 3652 Audacior
3314 3597 3597 3672 profecto

184 3693 511 3764 videbitur,
555 3687 840 3767 quisquis
868 3685 1233 3746 inchoatum
1267 3692 1393 3745 tam
1427 3685 1681 3745 difﬁcile
1709 3702 1869 3762 opus
1899 3683 2262 3763 susceperit.
2299 3687 2423 3743 Nec
2472 3684 2733 3744 dubium
2767 3685 2918 3763 quin
2952 3688 3320 3748 temerarius
3351 3692 3607 3769 audiat,

184 3809 244 3850 ac
267 3793 324 3851 in
359 3791 458 3850 sui
495 3785 975 3865 comparatione
1006 3784 1283 3844 defuncti
1305 3783 1680 3843 desiderium
1708 3783 1955 3843 excitet.
1990 3785 2435 3844 Verumtamen
2467 3784 2516 3842 si
2549 3783 2689 3861 quis
2723 3784 3092 3845 temeritatis
3117 3793 3330 3847 notam
3365 3789 3602 3862 inurat,

182 3890 336 3966 justa
368 3887 562 3948 nobis
591 3902 723 3945 esse
750 3889 957 3962 potest
986 3882 1326 3942 excusatio.
1363 3884 1678 3953 Quantum
1703 3882 1867 3941 enim
1898 3880 2092 3953 licuit,
2129 3899 2288 3940 onus
2341 3886 2469 3940 tam
2503 3882 2708 3960 impar
2755 3882 2992 3943 viribus
3033 3885 3260 3945 nostris
3291 3887 3608 3968 suscipere

187 3987 655 4056 recusavimus;
690 3983 796 4042 sed
833 3981 1306 4051 reluctantibus,
1341 3986 1403 4040 et
1424 3980 1792 4039 tenuitatem
1828 3985 2105 4039 nostram
2164 3980 2570 4040 causantibus
2600 3980 2895 4060 imposita
2952 3983 3132 4042 nobis
3163 3984 3297 4044 hac
3330 3991 3424 4047 est
3453 4007 3606 4067 pro-

189 4087 378 4146 vincia
409 4085 493 4144 ab
528 4082 647 4151 his,
683 4099 954 4159 quorum
976 4080 1241 4157 imperia
1271 4079 1617 4138 detrectare
1649 4079 1824 4137 nefas
1849 4077 2086 4136 fuisset.
2116 4077 2494 4137 Jubentibus
2526 4079 2738 4156 itaque
2769 4080 3068 4140 cessimus
3095 4097 3108 4140 :
3144 4083 3403 4144 admota
3428 4085 3607 4145 dein-

188 4203 322 4262 ceps
351 4181 538 4262 operi
575 4198 786 4250 manu,
822 4197 936 4238 nec
969 4177 1133 4236 curis
1162 4194 1276 4236 nec
1309 4176 1630 4236 laboribus
1658 4173 2058 4254 pepercimus
2083 4181 2151 4234 ut
2198 4173 2377 4253 jussa
2431 4175 2899 4236 facesseremus.
2936 4180 3130 4238 Nemo
3155 4197 3278 4239 non
3308 4181 3608 4262 intelligit

189 4288 489 4360 quantum
524 4277 757 4339 laboris
788 4282 849 4336 et
878 4293 1086 4354 operae
1116 4272 1611 4352 impendendum
1644 4272 1830 4332 fuerit
1859 4272 1920 4332 in
1946 4273 2365 4343 emendanda,
2401 4274 2622 4334 saltem
2650 4274 2935 4353 pluribus
2965 4275 3026 4335 in
3052 4277 3226 4349 locis,
3253 4280 3449 4340 veteri
3477 4284 3609 4343 edi-

190 4381 371 4451 tione,
408 4380 473 4439 in
510 4374 847 4453 seligendis
879 4373 1065 4433 variis
1096 4371 1493 4442 lectionibus,
1551 4370 1853 4430 vertenda
1909 4371 2262 4430 carminum
2321 4375 2499 4448 parte
2571 4372 2871 4444 maxima,
2935 4372 3341 4453 disponendis
3399 4379 3618 4441 ordine

192 4475 640 4554 chronologico
689 4472 997 4552 epistolis,
1049 4471 1112 4530 in
1173 4469 1549 4530 adornanda
1607 4471 1668 4530 S.
1729 4468 2012 4545 Gregorii
2042 4468 2204 4540 Vita,
2257 4467 2632 4545 exponenda
2662 4467 2798 4547 ejus
2827 4469 3137 4546 doctrina,
3171 4472 3235 4533 in
3267 4476 3617 4538 enodandis

192 4576 371 4635 variis
403 4570 914 4639 difficultatibus,
962 4568 1272 4646 rebusque
1301 4567 1364 4627 in
1393 4567 1532 4626 aliis
1564 4565 1849 4646 pluribus
1880 4585 2039 4644 quas
2069 4573 2366 4626 accurata
2398 4566 2587 4628 editio
2622 4568 2922 4646 postulat.

3079 4735 3616 4760 ﬁ

1387 4880 1774 4976 PARS
1894 4877 2422 4972 PRIMA.

1117 5223 1148 5299 §
1177 5222 1225 5282 Ι.
1260 5237 1338 5281 ne
1383 5235 1585 5281 unus
1606 5235 1658 5282 s.
1687 5234 1974 5282 esseom
2017 5235 2258 5283 omnem
2291 5237 2700 5285 snII'Iomsus.

276 5379 552 5439 Primum
607 5373 865 5454 quidem
941 5372 1270 5434 doctorum
1340 5372 1643 5448 virorum,
1723 5372 1831 5451 qui
1901 5391 2097 5453 opera
2167 5374 2450 5453 Gregorii
2502 5374 2567 5434 in
2611 5375 2816 5436 lucem
2888 5378 3169 5456 proferre
3224 5380 3627 5461 studuerunt,

203 5475 448 5536 labores
481 5481 628 5535 sunt
680 5471 1244 5533 commemorandi.
1310 5471 1426 5530 Alii
1487 5470 1689 5549 plura,
1735 5470 1839 5532 alii
1898 5471 2386 5551 pauciorazalii
2447 5475 2680 5546 Gmce,
2746 5474 2852 5535 alii
2911 5478 3128 5538 Latine
3187 5486 3458 5556 tantum,
3520 5485 3628 5547 alii

273 5667 289 5701 ¹
324 5663 496 5721 Eccli.
528 5678 725 5728 ιινιιι,
759 5662 810 5717 1,

478 5794 741 5856 PATROL.
787 5788 893 5853 Ga.
928 5786 1169 5853 XXXV.
3303 5800 3341 5889 ι
