4080 6474
460 377 523 431 u
1478 361 1891 422 PILEFATIO
1939 362 2406 422 GENEHALIS.
2441 394 2520 407 -—
2552 360 2748 425 PARS
2796 365 2845 424 Ι.
3794 379 3865 443 η

452 509 663 567 Graece
700 507 988 566 simulet
1040 504 1296 576 Latine;
1349 501 1455 561 alii
1505 499 1809 578 quasdam
1862 502 2106 557 tantum
2158 498 2492 570 orationes,
2548 504 2656 558 aut
2704 502 3053 562 carminum
3117 513 3360 583 partem
3427 510 3727 589 aliquam,
3774 518 3869 578 vel

447 606 882 684 epistola-um.
944 608 1076 665 Non
1129 603 1295 662 enim
1367 600 1581 660 omnia
1649 597 1856 668 simul,
1936 597 2219 675 dispersa
2279 596 2426 655 hinc
2500 597 2646 656 inde
2715 602 2915 660 sancti
2997 603 3272 665 doctoris
3353 627 3548 688 opera
3619 616 3867 692 prodire

444 715 758 790 poterant,
794 708 895 767 sed
930 723 1042 785 per
1076 698 1439 781 particulas,
1514 702 1827 775 quatenus
1882 695 1947 753 in
2020 694 2343 753 hominum
2412 694 2835 755 studiosorum
2873 716 3098 759 manus
3136 707 3198 761 et
3229 706 3653 783 cognitionem
3686 728 3867 772 vene-

445 814 614 868 runt.
676 800 807 868 Sua
859 800 1123 881 singulis
1183 799 1319 857 laus
1376 794 1736 864 reddenda;
1786 792 2018 870 quippe
2069 793 2199 869 qui,
2262 792 2513 851 tametsi
2563 791 2997 871 imperfectum
3059 798 3430 878 reliquerint
3485 823 3646 885 opus
3694 809 3864 887 quod

449 906 874 985 aggredimur,
910 899 1090 961 nobis
1118 903 1329 958 tamen
1359 890 1700 973 praeeundo
1733 889 1896 949 viam
1930 889 2434 963 monstraverint,
2498 894 2560 949 et
2615 890 2696 950 ad
2754 892 3205 971 perﬁciendum
3264 901 3551 964 nonnihil
3577 905 3860 967 contule-

442 1005 592 1064 rint.

1864 1129 2178 1192 Edi’tz'ones
2212 1127 2430 1192 ercae

513 1280 560 1337 Ι.
594 1280 676 1339 Ut
706 1276 781 1335 de
814 1272 1042 1335 Gracis
1072 1269 1452 1332 editionibus
1486 1266 1759 1346 primum
1793 1263 2104 1335 dicamus,
2140 1262 2309 1340 quod
2339 1261 2593 1339 quidem
2626 1262 2782 1323 ordo
2813 1264 3061 1327 videtur
3108 1271 3455 1347 postulare,
3490 1276 3696 1354 prima
3724 1296 3859 1340 sese

430 1376 613 1435 offert
643 1374 777 1447 illa,
812 1390 937 1451 qua
968 1370 1370 1431 continentur
1407 1388 1435 1423 (ι
1466 1362 1747 1440 Gregorii
1780 1361 2151 1421 Nazianzeni
2180 1359 2497 1420 orationes
2544 1359 2894 1422 lectissimae
2928 1382 3035 1426 xvr
3095 1367 3305 1429 Graece
3352 1389 3431 1431 ex
3461 1373 3735 1436 editione
3765 1377 3849 1440 M.

434 1473 712 1533 Musuri:
746 1469 1021 1531 Venetiis
1048 1469 1113 1527 in
1147 1466 1385 1527 aedibus
1416 1463 1557 1523 Aldi
1590 1463 1770 1534 1516,
1803 1461 1958 1520 in-8°
1990 1458 2091 1537 (α).
2132 1481 2164 1513 ››

503 1570 800 1649 Epistolae
834 1567 1154 1628 nonnullae
1187 1564 1489 1641 Gregorii,
1529 1581 1653 1621 una
1685 1578 1827 1619 cum
1859 1558 2139 1636 epistolis
2191 1556 2423 1628 Basilii,
2460 1556 2624 1635 typis
2654 1575 2900 1619 excusa;
2950 1568 3093 1623 sunt
3150 1565 3423 1642 primum
3479 1571 3850 1648 Haganonaa

425 1688 591 1729 anno
626 1670 783 1728 1528
814 1669 1005 1736 ὶηο8ο,
1044 1665 1269 1725 deinde
1300 1661 1573 1723 Venetiis
1604 1679 1771 1719 anno
1794 1659 1949 1717 1532
1970 1656 2133 1716 curis
2162 1656 2474 1735 Obsopaai,
2513 1657 2725 1716 in-fol.

508 1768 789 1845 Gregorii
824 1763 1195 1825 Nazianzeni
1224 1760 1531 1837 Theologi
1561 1758 1878 1818 orationes
1908 1773 1965 1816 1x
1998 1754 2479 1832 elegantissimae
2526 1755 2896 1832 prodierunt
2926 1776 3091 1820 anno
3120 1762 3271 1822 1536
3298 1763 3359 1822 in
3394 1764 3633 1827 aedibus
3664 1767 3857 1829 haere-

430 1865 581 1925 dum
613 1864 779 1938 Aldi,
810 1864 1003 1923 in-8°.

508 1963 772 2023 Easdem
806 1961 1122 2021 orationes
1149 1958 1315 2037 typis
1339 1955 1656 2015 mandavit
1689 1952 2019 2013 Vechelius
2048 1950 2295 2011 Parisiis
2326 1969 2492 2010 anno
2530 1953 2707 2011 1544.

502 2061 699 2120 Paulo
733 2071 873 2139 post
906 2058 1091 2134 longe
1122 2054 1497 2133 locupletior
1553 2052 1813 2129 vulgata
1868 2057 1962 2110 est
2018 2048 2209 2109 editio
2258 2050 2533 2127 Opcrnm
2597 2050 2921 2127 Gregorii;
2957 2072 3098 2131 quae
3132 2075 3256 2117 non
3290 2061 3477 2121 modo
3509 2064 3851 2138 orationes,

419 2159 470 2218 si
494 2159 700 2218 minus
732 2175 972 2227 omnes,
1007 2155 1226 2214 saltem
1263 2170 1477 2212 earum
1508 2156 1749 2229 partem
1784 2148 2165 2219 maximam;
2201 2165 2419 2206 verum
2474 2148 2662 2206 etiam
2702 2165 2855 2209 Lxxx
2900 2153 3221 2230 epistolas,
3256 2164 3319 2217 et
3350 2161 3667 2237 permulta
3710 2181 3855 2223 car-

417 2257 590 2316 mina
617 2254 1188 2333 complectebatur.
1215 2255 1396 2311 Anno
1426 2249 1655 2309 Christi
1705 2248 1860 2306 1550
1922 2245 2153 2324 prodiit
2212 2245 2488 2320 Basileae,
2548 2248 2908 2324 sumptibus
2935 2250 3196 2312 Joannis
3253 2257 3569 2335 Hervagii,
3631 2262 3855 2323 Graeca

414 2354 526 2413 illa
557 2353 783 2426 editio;
818 2369 1008 2430 quam
1041 2350 1352 2429 proxime,
1387 2348 1606 2407 eodem
1640 2345 1874 2406 scilicet
1904 2363 2094 2415 anno,
2128 2344 2463 2403 subsecuta
2491 2350 2585 2401 est
2614 2346 2977 2405 eorumdem
3010 2366 3271 2428 operum
3307 2353 3632 2418 elaborata
3662 2359 3856 2419 variis

416 2452 496 2512 ab
526 2451 887 2511 auctoribus
920 2449 1139 2509 Latina
1170 2445 1630 2524 interpretatio.
1667 2446 1885 2502 Exstat
1914 2443 1975 2500 in
2012 2440 2203 2518 Regia
2232 2439 2625 2500 Bibliotheca
2654 2441 2843 2519 hujus
2901 2448 3131 2508 Graecae
3189 2450 3483 2513 editionis
3524 2458 3855 2535 exemplar

422 2568 562 2609 cum
613 2549 776 2609 notis
807 2548 886 2607 ad
910 2566 1087 2607 oram
1120 2545 1262 2605 libri
1294 2543 1563 2623 scriptis.
1602 2545 1666 2600 in
1701 2541 1820 2601 hac
1843 2540 2115 2599 editione
2146 2545 2506 2598 recensetur
2530 2538 2695 2599 inter
2717 2543 2921 2619 Opera
2952 2547 3234 2624 Gregorii
3267 2551 3597 2627 tragaedia,
3635 2553 3842 2616 Claris-

414 2656 506 2706 tus
547 2648 800 2727 patiens,
832 2665 972 2725 quae
1017 2644 1153 2724 jam
1210 2644 1304 2703 bis
1336 2646 1547 2703 Graece
1604 2639 1780 2719 prelo
1810 2639 2085 2699 exierat:
2125 2639 2364 2708 Romae,
2399 2654 2565 2696 anno
2604 2641 2777 2713 1542,
2812 2639 3003 2714 in-8°,
3037 2663 3150 2722 per
3192 2650 3534 2710 Antonium
3569 2651 3847 2716 Bladum

414 2746 763 2805 Asulanum
796 2764 809 2817 ;
843 2751 905 2804 et
934 2742 1194 2805 Lovanii
1226 2760 1392 2801 anno
1430 2743 1604 2811 1544,
1631 2758 1741 2816 per
1774 2741 2120 2814 Rutgerum
2154 2734 2437 2796 ltescium
2467 2751 2479 2792 :
2537 2737 2860 2814 utriusque
2909 2740 3199 2803 editionis
3252 2744 3443 2825 hujus
3514 2752 3846 2828 tragoedia:

411 2862 540 2904 non
576 2843 859 2903 meminit
894 2841 1235 2902 Fabricius.
1274 2839 1506 2900 Eodem
1540 2856 1705 2898 anno
1737 2836 1928 2896 editio
1959 2834 2139 2894 Biadi
2196 2833 2451 2893 Parisiis
2496 2832 2560 2891 in
2623 2835 2875 2895 ofﬁcina
2906 2828 3242 2902 Christiani
3288 2844 3563 2908 Vechelii
3625 2868 3849 2913 recusa

416 2947 530 3002 est.

492 3038 847 3099 Sententias
878 3045 939 3098 et
969 3037 1217 3115 regulas
1243 3035 1381 3096 vitae
1413 3054 1488 3096 ex
1522 3032 1799 3111 Gregorii
1846 3031 2217 3092 Nazianzeni
2265 3031 2509 3109 scriptis
2555 3030 2873 3107 collectas,
2931 3039 3182 3113 Graece;
3246 3040 3530 3120 ejusdem
3589 3047 3845 3109 iambos

412 3137 679 3216 aliquot,
716 3140 925 3197 Graece
956 3136 1169 3209 etiam,
1196 3136 1402 3196 studio
1432 3132 1692 3195 Joannis
1709 3132 2025 3204 Sambuci,
2090 3133 2450 3208 Antuerpiaa
2508 3128 2569 3188 in
2612 3129 2813 3191 lucem
2850 3135 3056 3197 emisit
3100 3138 3429 3202 Plautinus
3459 3161 3625 3206 anno
3661 3148 3845 3224 1568,
3901 3124 3909 3131 ’

404 3235 613 3295 in-8°.

491 3335 616 3393 Nec
649 3351 796 3393 vero
825 3330 1368 3411 praetermittenda
1429 3328 1663 3390 Selecta
1718 3329 1988 3388 carmina
2026 3326 2103 3387 ab
2134 3326 2503 3410 Hieronymo
2534 3332 2825 3393 Brunello
2848 3333 2910 3393 S.
2945 3334 3005 3395 J.
3038 3333 3226 3409 edita,
3264 3355 3407 3398 cum
3439 3341 3707 3420 Georgio
3740 3345 3845 3405 Pi—

413 3431 545 3491 side
575 3438 636 3491 et
666 3431 909 3509 Synesii
940 3449 1014 3490 ac
1037 3427 1374 3490 Clementis
1404 3426 1745 3485 Alexandri
1774 3426 2059 3503 hymnis:
2100 3428 2313 3485 Romae
2345 3446 2509 3489 anno
2544 3431 2723 3503 1590,
2746 3430 2809 3489 in
2839 3432 2929 3489 8°.

494 3528 801 3588 Addenda
822 3528 1011 3588 etiam
1047 3532 1341 3606 poemata
1372 3524 1661 3604 quaedam
1695 3543 1731 3582 a
1758 3523 1992 3583 Davide
2049 3524 2425 3599 Hceschelio,
2486 3528 2777 3605 Lugduni
2829 3528 3210 3589 Batavorum
3243 3550 3411 3593 anno
3444 3536 3620 3609 1591,
3656 3536 3839 3615 in-80,

429 3646 503 3687 ex
562 3627 815 3687 ofﬁcina
870 3626 1295 3697 Plantiniana,
1365 3641 1505 3684 cum
1569 3621 1938 3701 paraphrasi
1996 3624 2234 3695 Graeca,
2283 3642 2475 3701 quam
2534 3624 2925 3685 ilceschelius
2981 3626 3212 3687 Nicetae
3271 3648 3431 3709 opus
3488 3650 3621 3695 esse
3664 3637 3836 3697 arbi-

418 3729 639 3786 tratur.

484 3824 787 3901 Denique,
820 3822 1086 3901 geminae
1115 3813 1395 3899 Gregorii
1424 3820 1487 3880 in
1542 3818 1863 3880 Julianum
1924 3818 2367 3897 imperatorem
2428 3818 2777 3894 invectivaa,
2814 3825 3047 3893 Graece,
3082 3841 3224 3883 cum
3273 3825 3529 3888 scholiis
3560 3832 3831 3909 Graecis;

406 3922 686 3999 ejusdem
719 3924 920 3981 oratio
953 3922 1015 3979 ιή
1046 3920 1347 4001 Martyres
1377 3930 1429 3978 et
1461 3930 1666 3977 contra
1698 3918 1994 3987 Aricinos;
2030 3917 2241 3977 decem
2281 3937 2454 3978 novas
2496 3920 2797 3998 epistolae,
2836 3927 3279 3983 testamentum
3328 3926 3651 4004 Gregorii:
3688 3949 3830 3991 om-

406 4019 511 4078 nia
542 4037 617 4078 ex
645 4017 1035 4078 Bibliotheca
1058 4017 1303 4077 llenrici
1337 4016 1552 4077 Savilii
1582 4015 1750 4075 edita
1780 4021 1926 4074 sunt
1958 4016 2196 4088 Etonae,
2222 4015 2282 4074 in
2313 4020 2396 4089 4°,
2434 4035 2599 4077 anno
2628 4020 2806 4092 1610,
2858 4038 3009 4079 cura
3040 4026 3101 4080 et
3147 4021 3354 4083 studio
3386 4025 3456 4084 Β.
3497 4027 3827 4105 Montagu,

320 4118 323 4119 ⁷
406 4116 573 4195 typis
603 4117 862 4178 Joannis
893 4119 1152 4176 Norton.

1826 4255 2135 4318 Edz'tz'ones
2162 4256 2393 4317 Latinae

488 4392 768 4471 Gregorii
799 4393 1169 4453 Nazianzeni
1196 4392 1496 4464 carmina,
1534 4390 1613 4452 ad
1644 4391 1802 4451 bene
1834 4392 2141 4469 beateque
2176 4392 2510 4452 vivendum
2546 4393 2898 4468 utilissima,
2932 4395 3178 4469 Latine,
3229 4415 3305 4458 ex
3354 4398 3628 4461 editione
3684 4404 3832 4465 Aldi

404 4492 669 4552 Manutii
699 4491 965 4551 Romani
998 4497 1059 4551 et
1100 4492 1269 4551 Petri
1318 4491 1582 4550 Candidi
1618 4490 1931 4549 monachi.
1974 4490 2263 4561 Venetiis,
2300 4491 2497 4550 Aldus
2528 4491 2869 4565 Manutius,
2904 4493 3086 4565 ἰωήν,
3160 4496 3299 4555 504.

481 4592 660 4649 Anno
695 4591 871 4661 1508,
907 4590 1118 4650 decem
1155 4589 1436 4668 Gregorii
1466 4589 1802 4657 orationes,
1840 4606 1913 4647 ex
1946 4606 2164 4647 earum
2198 4606 2460 4647 numero
2493 4607 2648 4666 quas
2678 4609 2717 4648 θ.
2750 4589 2975 4650 Ruﬁno
3035 4593 3257 4652 Latine
3280 4594 3555 4655 redditas
3587 4597 3823 4675 ferunt,

399 4689 674 4768 vulgata
706 4694 849 4747 sunt
878 4688 1299 4765 Argentorati,
1338 4704 1475 4746 cum
1510 4685 1706 4764 ipsius
1738 4684 2105 4763 praefatione
2162 4688 2237 4744 a-l
2301 4685 2756 4762 Apronianum,
2807 4705 2920 4764 per
2964 4688 3274 4750 Joannem
3306 4691 3678 4754 Knobaucb.
3713 4697 3828 4757 Hae

399 4792 546 4846 sunt
576 4787 912 4857 orationes,
957 4786 1104 4845 olim
1137 4804 1179 4859 Ι,
1216 4802 1325 4858 xu,
1351 4801 1451 4857 xv,
1489 4801 1639 4857 xvn,
1678 4800 1894 4854 xxvm,
1928 4800 2147 4853 xxxm,
2182 4799 2439 4849 xxxvm,
2476 4799 2686 4851 xxxnx,
2722 4801 2888 4855 XLIV,
2922 4802 2975 4844 L.

478 4884 717 4944 Eodem
748 4902 935 4955 anno,
971 4882 1126 4943 alias
1156 4888 1395 4962 septem
1428 4882 1765 4955 orationes,
1801 4880 2017 4940 Latine
2048 4899 2085 4939 a
2115 4899 2178 4940 se
2212 4880 2508 4952 redditas,
2554 4882 2849 4958 Augustae
2907 4882 3374 4947 Vindelicorum
3409 4888 3829 4970 OEcolampa—

397 4982 537 5042 dius
560 4982 861 5060 vulgavit.

476 5083 657 5140 Anno
692 5084 866 5153 1522,
903 5081 1025 5141 alia
1048 5080 1469 5159 quarumdam
1504 5078 1787 5156 Gregorii
1816 5079 2173 5140 orationum
2206 5076 2397 5138 editio
2427 5077 2651 5157 Lipsiae
2684 5079 2920 5157 prodiit
2950 5079 3148 5142 in-8':
3183 5087 3247 5143 at
3274 5082 3386 5144 illa
3432 5103 3560 5145 non
3612 5085 3830 5151 differt

395 5179 476 5240 ab
509 5180 1046 5257 Argentoratensi.

475 5280 655 5345 Anno
690 5280 866 5346 1531,
899 5276 1246 5337 Bilibaldus
1275 5275 1763 5347 Pirkheimerus,
1790 5275 1901 5355 qui
1929 5275 2130 5336 tribus
2170 5281 2315 5336 ante
2373 5274 2553 5337 annis
2611 5277 2896 5355 Gregorii
2953 5277 3435 5358 Apologeticum
3479 5280 3825 5347 Latinitate

395 5375 701 5436 donatum
758 5376 821 5435 in
880 5374 1081 5435 lucem
1143 5374 1458 5449 emiserat,
1523 5374 1782 5452 triginta
1836 5379 1978 5435 octo
2050 5373 2394 5447 orationes,
2468 5392 2626 5453 quas
2696 5376 2920 5437 Latine
2990 5382 3288 5455 verterat,
3348 5378 3610 5440 Basileaa
3640 5383 3824 5460 prelo

395 5517 749 5596 supposuit.
843 5519 1122 5579 Necdum
1232 5517 1379 5579 inde
1490 5517 1793 5595 exierant,
1908 5536 2048 5579 cum
2136 5536 2305 5578 mors
2412 5518 2669 5579 abstulit
2750 5518 3231 5597 interpretem;
3306 5520 3486 5601 cujus
3576 5544 3606 5582 α
3688 5542 3825 5588 non

464 5678 542 5757 (α)
572 5683 689 5734 Cat.
724 5679 871 5734 Bibl.
909 5680 1071 5753 Reg,
1103 5682 1246 5737 tom.
1276 5679 1320 5747 Ι,
1354 5694 1485 5751 pag.
1520 5679 1643 5753 340,
1677 5696 1733 5735 n.
1766 5680 1889 5739 204.
