4080 6406
240 378 305 438 l3
1230 370 1649 436 PR/EFATIO
1695 366 2158 434 GENEltALIS.
2191 405 2269 419 —
2311 373 2511 435 PARS
2557 373 2606 434 l.
3561 378 3639 442 14

245 515 482 570 mortem
516 508 1114 587 deplorandam,ait
1170 510 1481 584 Erasmus,
1546 508 1652 567 sed
1712 506 2066 566 deflendam
2118 505 2435 584 publicam
2496 506 2846 567 studiorum
2897 507 3238 587 jacturam.
3275 534 3305 566 »
3368 512 3635 592 Quippe,

243 607 707 679 Pirkheimerus,
775 607 843 666 ni
898 606 1115 667 festina
1196 625 1359 666 mors
1436 604 1773 677 obstitisse,
1861 627 1892 660 «
1943 603 2242 664 eximium
2326 604 2697 664 Christianae
2786 604 3208 686 philosOphiaa
3278 626 3637 687 praeconem

242 705 580 783 Gregorium
655 706 1067 765 Naziazenum
1138 704 1225 764 sic
1296 705 1512 765 Latine
1583 704 1941 782 loquentem
2012 702 2251 762 nobis»
2305 702 2566 762 daturus
2636 702 2876 777 fuisset,
2923 710 2995 765 ut
3066 706 3267 767 Graeci
3331 707 3639 767 sermonis

239 822 409 864 sonos
493 822 680 863 nemo
756 803 1215 863 desideraturus
1287 802 1526 863 fuisset.
1583 803 1859 861 Joannes
1943 800 2205 874 Straub,
2269 800 2562 860 Bilibaldi
2631 819 2847 879 gener,
2906 804 3246 865 translatas
3314 823 3351 865 a
3420 823 3637 867 socero

239 920 339 962 suo
408 901 726 962 orationes
798 901 1065 961 edendas
1135 901 1379 961 curavit.
1443 900 1702 961 Basilea:
1774 916 1847 958 ex
1900 898 2177 964 .ofﬂcina
2245 899 2664 974 Frobeniana,
2699 918 2866 961 anno
2940 903 3115 961 1431.
3150 902 3448 980 Editioni,
3496 921 3636 982 quae

242 1000 492 1077 plurima
522 1000 647 1059 alia
678 999 958 1078 Gregorii
998 1017 1193 1078 opera
1235 998 1731 1077 complectictur,
1781 995 2037 1076 praeﬁxa
2098 1002 2192 1057 est
2246 997 2714 1076 elegantissima
2768 999 3014 1059 Erasmi
3070 1000 3336 1079 epistola
3388 1002 3454 1062 in
3512 1020 3638 1083 qua

234 1096 433 1157 laudes
461 1096 819 1175 interpretis
848 1096 1268 1176 prosequitur.

302 1198 470 1254 Anno
534 1195 841 1274 sequenti,
912 1194 1214 1254 Claudius
1283 1193 1627 1255 Chevallon
1698 1191 1952 1253 Parisiis
2022 1192 2307 1270 vulgavit
2396 1193 2680 1271 Gregorii
2758 1193 3127 1255 Nazianzeni
3215 1202 3637 1274 cognomento

232 1291 512 1371 Theologi
569 1292 890 1352 orationes
945 1309 1204 1363 xxxvur,
1264 1296 1591 1363 tractatus,
1656 1307 1978 1351 sermones
2033 1297 2095 1350 et
2151 1291 2344 1351 libros
2400 1292 2645 1370 aliquot
2699 1291 2940 1369 Latine,
2972 1293 3292 1355 Bilibaldo
3349 1294 3638 1355 Pirkhei-

235 1409 411 1462 mero,
469 1390 700 1450 Ruﬁno
756 1390 1151 1469 presbytero,
1214 1396 1276 1450 et
1335 1392 1517 1450 Petro
1568 1389 1912 1449 Mosellano
1970 1388 2440 1466 interpretibus,
2490 1408 2565 1449 ex
2634 1389 2907 1450 editione
2964 1391 3228 1452 Joannis
3288 1392 3521 1453 Straub
3577 1397 3641 1453 et

242 1487 519 1548 Desiderii
553 1489 822 1548 Erasmi.
872 1488 1069 1563 Hujus
1102 1487 1469 1548 Parisiensis
1500 1486 1791 1547 editionis
1822 1486 1975 1546 anni
2008 1489 2163 1546 1532
2191 1505 2315 1547 non
2351 1487 2597 1547 videtur
2629 1487 2986 1549 meminisse
3018 1488 3366 1550 Fabricius.

301 1587 491 1645 Aliam
523 1606 693 1647 anno
727 1588 879 1648 1550
927 1586 1274 1664 Volfangus
1324 1586 1658 1658 Musculus,
1694 1585 1980 1657 Basileze,
2024 1585 2194 1663 apud
2241 1587 2551 1646 Joannem
2611 1586 3012 1663 Hervagium,
3063 1587 3323 1666 praefixa
3370 1588 3641 1667 epistola

234 1685 681 1765 nuncupatoria
738 1688 1117 1762 Augustanae
1176 1684 1539 1764 reipublicae
1601 1683 1949 1763 presefectis
1996 1683 2384 1758 consulibus,
2448 1682 2748 1744 adornari
2804 1686 3046 1745 curavit
3100 1685 3439 1747 editionem
3496 1705 3639 1766 quae

230 1783 426 1841 Latine
469 1783 727 1843 exhibet
756 1782 1058 1861 quidquid
1092 1784 1302 1844 Greece
1335 1782 1789 1861 complectitur
1844 1781 2033 1841 editio
2093 1782 2372 1859 ejusdem
2432 1782 2583 1842 anni
2639 1782 2809 1860 apud
2866 1784 3157 1844 eumdem
3214 1785 3633 1863 Hervagium;

226 1880 442 1941 scilicet
497 1898 745 1943 xxxvm
794 1881 1109 1941 orationes
1164 1898 1201 1940 a
1250 1880 1684 1940 Pirkheimero
1744 1881 1961 1940 Latine
2021 1878 2319 1952 redditas,
2379 1879 2697 1940 orationes
2755 1879 3035 1959 quinque
3083 1881 3161 1941 de
3216 1882 3567 1960 Theologia
3600 1901 3639 1943 a

224 1978 391 2039 Petro
420 1978 788 2053 Mosellano,
825 1984 1056 2057 quater
1087 1983 1299 2039 autem
1333 1978 1411 2039 ab
1444 1978 1583 2057 ipso
1618 1978 1924 2051 Musculo,
1959 1995 2206 2057 nempe,
2240 1994 2284 2050 ι,
2318 1995 2440 2052 xu,
2473 1995 2587 2040 XLV
2616 1984 2677 2039 et
2708 1996 2907 2051 XLVII;
2944 1980 3197 2040 demum
3239 1981 3634 2059 tragzediam,

230 2074 476 2137 Christus
497 2076 745 2158 patiens
776 2096 852 2136 ex
886 2076 1168 2137 versione
1223 2075 1580 2138 Sebastiani
1629 2075 2034 2137 Guldebeccii
2088 2076 2396 2154 Tigurini,
2432 2083 2494 2138 et
2547 2075 2676 2137 alia
2724 2083 3023 2156 poemata
3061 2095 3203 2138 cum
3260 2076 3640 2159 interpreta-

227 2174 377 2235 tione
410 2175 547 2236 Aldi
582 2174 871 2236 Manutii.

292 2276 462 2334 Anno
496 2274 675 2347 1550,
712 2274 1063 2333 orationem
1094 2273 1173 2335 de
1204 2274 1588 2353 pauperibus
1620 2272 1909 2334 amandis
1940 2279 2000 2333 et
2029 2272 2418 2352 benignitate
2467 2272 2981 2353 complectendis,
3021 2291 3167 2336 cum
3210 2275 3457 2336 duabus
3488 2277 3642 2338 Gre-

223 2371 366 2449 gorii
396 2372 665 2451 Nysseni
695 2371 1088 2433 orationibus
1117 2371 1402 2451 ejusdem
1435 2371 1812 2451 argumenti,
1840 2390 1915 2433 ex
1946 2372 2467 2451 interpretatione
2510 2372 2678 2433 Petri
2716 2373 3032 2434 Francisci
3076 2373 3212 2435 Zini
3241 2374 3437 2436 edidit
3456 2373 3644 2436 Pari-

223 2470 315 2530 siis
340 2472 760 2544 Vascosanus,
798 2470 980 2530 in-4°.

291 2571 457 2631 Anno
493 2570 683 2643 1569,
721 2568 958 2648 prodiit
985 2568 1239 2629 Parisiis
1268 2569 1437 2647 apud
1469 2566 1798 2629 Claudium
1835 2570 2061 2648 Fremy
2092 2567 2297 2648 prima
2335 2571 2611 2648 Operum
2636 2568 2937 2647 Gregorii,
2974 2569 3282 2631 adornata
3310 2588 3349 2631 a
3396 2570 3637 2632 Jacobo

221 2668 385 2730 Billio
421 2675 699 2730 Prunaeo
762 2668 978 2729 Sancti
1032 2667 1358 2729 Michaelis
1413 2667 1475 2727 in
1536 2686 1747 2728 eremo
1805 2667 2055 2739 abbate,
2120 2667 2334 2740 editio,
2391 2667 2518 2727 sive
2570 2667 3029 2745 interpretatio.
3072 2669 3258 2728 Aliud
3316 2668 3483 2729 enim
3545 2674 3645 2730 est

222 2766 417 2839 editio,
450 2768 631 2828 aliud
663 2768 1123 2845 interpretatio.
1159 2768 1225 2827 Id
1260 2767 1452 2826 sensit
1479 2767 1613 2846 ipse
1642 2766 1881 2839 Billius,
1916 2766 2276 2845 librumque
2307 2784 2488 2825 suum
2530 2765 2875 2844 inscripsit:
2914 2764 3193 2846 Gregorii
3242 2766 3437 2846 Opera
3484 2787 3671 2845 nova

216 2865 591 2927 translatione
654 2864 901 2938 donata,
934 2872 1077 2939 etc.,
1112 2884 1255 2925 cum
1291 2865 1760 2925 commentariis
1792 2865 2023 2926 Nicetes
2082 2864 2380 2937 Scrionii,
2418 2870 2536 2924 etc.
2572 2867 2708 2925 Non
2742 2884 2867 2924 una
2896 2884 3075 2925 novae
3108 2865 3297 2943 hujus
3321 2866 3634 2945 interpre-

215 2965 451 3025 tationis
483 2966 606 3025 fuit
646 2965 861 3025 editio.
895 2964 1005 3025 Vel
1034 2964 1171 3044 ipso
1202 2983 1368 3024 anno
1424 2964 1711 3042 sequenti
1769 2964 1999 3043 prodiit
2056 2962 2354 3035 Coloniae,
2390 2963 2751 3042 pluriesque
2790 2963 3085 3042 deinceps
3138 2982 3358 3025 recusa
3390 2970 3502 3039 est,
3541 2966 3631 3026 De

216 3061 319 3123 hac
347 3063 657 3135 versione,
694 3080 833 3141 quae
870 3062 1118 3123 caeteris
1149 3061 1336 3140 longe
1368 3068 1645 3140 praestat,
1685 3081 1829 3121 mox
1854 3061 2038 3141 plura
2080 3062 2383 3121 dicemus.

284 3161 406 3231 Que
437 3168 730 3240 tempore
771 3160 988 3220 Billius
1020 3160 1303 3238 Gregorii
1350 3159 1659 3239 Operibus
1708 3160 1925 3220 Latine
1974 3160 2291 3219 vertendis
2338 3158 2766 3231 incumbebat,
2801 3158 3284 3233 Leuvenklaius,
3317 3160 3632 3231 hortanti-

218 3257 326 3318 bus
355 3259 598 3329 amicis,
639 3256 926 3318 eumdem
962 3257 1239 3318 laborem
1272 3262 1673 3336 susceperat;
1711 3276 1979 3337 cumque
2012 3258 2087 3317 de
2118 3258 2282 3318 Billii
2314 3257 2529 3318 labore
2578 3258 2807 3318 certior
2843 3259 3047 3318 factus
3100 3258 3340 3330 fuisset,
3376 3277 3631 3319 mauum

222 3355 290 3415 de
317 3357 529 3417 tabula
563 3356 789 3417 tollere
820 3356 1160 3434 cogitabat.
1186 3356 1266 3415 At
1286 3374 1360 3415 eo
1391 3355 1686 3435 deinceps
1716 3356 1883 3416 edito
1916 3356 2289 3416 sententiam
2317 3356 2605 3429 mutavit,
2626 3374 2769 3416 cum
2801 3362 3085 3417 cerneret
3112 3375 3177 3417 se
3212 3375 3403 3435 quam
3437 3358 3637 3418 multa

222 3474 332 3514 non
364 3457 538 3535 prius
570 3455 728 3527 visa,
766 3454 993 3533 quibus
1024 3453 1325 3513 caruisset
1354 3454 1596 3527 Billius,
1631 3454 2055 3531 congessisse;
2093 3455 2363 3514 maxime
2412 3472 2559 3514 vero
2608 3454 2778 3532 quod
2827 3460 3048 3515 nactus
3094 3460 3256 3515 esset
3306 3454 3457 3515 Elim
3486 3459 3635 3517 Cre-

225 3553 399 3612 tensis
430 3551 899 3631 archiepiscopi
926 3552 991 3611 in
1022 3551 1476 3612 Nazianzenum
1508 3552 2018 3626 commentarios,
2053 3538 2284 3631 quibus
2312 3551 2577 3612 ducibus
2602 3552 2681 3613 ad
2713 3552 3023 3613 eruendos
3054 3552 3377 3613 abstrusos
3404 3554 3467 3613 in
3500 3554 3637 3633 ple-

217 3650 411 3730 risque
443 3652 605 3713 locis
638 3648 1009 3710 Nazianzeni
1040 3667 1257 3709 sensus
1281 3650 1371 3709 uti
1400 3669 1467 3711 se
1500 3668 1679 3728 posse
1707 3669 1938 3728 magna
1968 3670 2111 3709 cum
2146 3650 2415 3710 utilitate
2445 3651 2794 3728 conspexit.
2823 3653 3133 3712 Praeterea
3153 3652 3407 3730 egregia
3436 3654 3635 3733 scrip-

214 3754 405 3809 torum
442 3748 821 3810 Nazianzeni
848 3747 1259 3821 exemplaria,
1293 3749 1522 3826 quibus
1578 3767 1723 3808 usus
1754 3754 1868 3823 est,
1902 3748 2199 3821 celebrat,
2236 3749 2400 3808 inter
2438 3767 2579 3827 quae
2611 3748 2735 3823 duo
2766 3750 3029 3809 summis
3061 3749 3241 3810 effert
3286 3750 3618 3824 laudibus;

212 3846 466 3907 alterum
533 3846 857 3907 Ghoniatze
904 3845 1260 3905 Acuminati
1294 3864 1485 3906 manu
1542 3846 1887 3924 scriptum;
1945 3846 2216 3906 alterum
2272 3845 2459 3923 longe
2517 3845 2859 3923 antiquius,
2906 3846 3255 3906 litterarum
3315 3846 3630 3925 elegantia

210 3952 532 4022 praestans,
572 3950 633 4005 et
671 3943 1028 4022 scriptionis
1056 3942 1458 4021 integritate;
1493 3949 1671 4005 tanta
1697 3944 1930 4005 scilicet
1965 3943 2292 4023 diligentia
2321 3950 2673 4020 exaratum,
2707 3944 2950 4004 nullum
3001 3950 3069 4004 ut
3116 3944 3179 4003 in
3228 3962 3302 4005 eo
3357 3945 3617 4005 verbum

209 4062 533 4121 perperam
592 4041 895 4120 scriptum
929 4040 1299 4120 reperiatur.
1362 4046 1418 4102 ls
1476 4043 1675 4103 codex
1732 4043 2073 4116 Basileam,
2120 4041 2226 4101 ubi
2256 4042 2623 4103 etiamnum.
2666 4060 2898 4120 magna
2957 4043 3359 4103 veneratione
3417 4062 3621 4104 asser-

209 4147 395 4217 vatur,
434 4142 672 4201 allatus
705 4146 985 4219 tempore
1016 4139 1264 4199 concilii
1284 4140 1992 4220 Basileensis,plurimas
2013 4140 2269 4201 exhibet
2303 4140 2599 4219 picturas,
2630 4139 2871 4219 hasque
2900 4140 3065 4201 inter
3086 4140 3436 4218 elegantem
3472 4144 3625 4202 Gre-

206 4240 352 4315 gorii
374 4238 739 4317 imaginem.
770 4240 1003 4299 Horum
1038 4238 1570 4317 exemplariorum
1603 4259 1721 4319 ope
1753 4240 2095 4319 depravata
2127 4238 2399 4317 plurima
2430 4256 2493 4298 se
2525 4238 2891 4312 correxisse,
2925 4245 2987 4298 et
3020 4240 3241 4299 mutila
3271 4239 3621 4318 integritati

204 4339 545 4398 restituisse
601 4336 819 4397 asserit
876 4336 1355 4397 Leuvenklaius.
1390 4338 1630 4398 Prodiit
1659 4339 1767 4398 illa
1797 4338 1987 4399 editio
2018 4338 2275 4397 Basileae
2308 4355 2475 4397 anno
2510 4338 2657 4395 1571
2695 4356 2770 4396 ex
2792 4338 3045 4398 ofﬁcina
3076 4338 3491 4416 Hervagiana,
3517 4357 3623 4399 ea-

201 4454 312 4512 que
343 4444 472 4495 tam
527 4434 838 4494 diuturnis
869 4434 1094 4512 vigiliis
1126 4436 1441 4513 tantisque
1470 4440 1633 4495 curis
1663 4437 2018 4510 elaborata,
2057 4443 2123 4495 ut
2152 4436 2215 4494 in
2250 4435 2452 4515 prima
2498 4435 2641 4495 libri
2690 4436 2920 4514 pagina
2952 4436 3087 4496 haec
3116 4436 3456 4497 inscribere
3497 4457 3622 4497 non

200 4533 621 4594 dubitaverit:
661 4555 691 4587 «
724 4536 849 4593 Nec
879 4534 1175 4611 deinceps
1215 4534 1403 4593 aliam
1437 4535 1787 4612 exspectari
1816 4535 2294 4614 locupletiorem
2330 4552 2509 4612 posse
2539 4535 2616 4595 de
2646 4535 2956 4613 prommio
2987 4535 3186 4596 lector
3216 4534 3552 4613 intelliget.
3589 4558 3620 4590 »

200 4634 350 4691 Num
384 4636 737 4693 Germanus
767 4631 1077 4710 interpres
1108 4634 1246 4709 plus
1278 4650 1461 4712 aequo
1491 4633 1610 4693 sibi
1639 4634 1992 4711 indulgeat,
2026 4652 2101 4693 ex
2135 4633 2415 4693 dicendis
2447 4633 2893 4694 declarabitur.

272 4728 735 4789 Leuvenklaius
801 4729 1137 4789 editionem
1195 4729 1255 4788 in
1309 4736 1434 4789 tres
1465 4730 1722 4791 omnino
1780 4730 2100 4791 distribuit
2156 4736 2699 4808 tomoszquorum
2739 4732 2981 4809 primus
3010 4730 3329 4792 orationes
3357 4747 3439 4791 xx
3474 4748 3619 4790 cum

198 4828 419 4888 Elianis
470 4827 939 4887 commentariis
970 4829 1265 4902 continet,
1303 4834 1598 4907 totusque
1626 4829 1823 4908 ipsius
1851 4829 2116 4890 debetur
2170 4829 2274 4888 ind
2289 4830 2519 4902 ustriaa,
2553 4829 2663 4907 qui
2693 4848 2838 4889 eum
2872 4829 2949 4889 de
2980 4832 3195 4890 Graeco
3225 4829 3289 4888 in
3320 4829 3617 4889 Latinum

196 4941 552 4987 sermonem
582 4924 921 4985 transtulit.
955 4926 1127 4986 Alter
1163 4926 1437 5005 reliquas
1486 4928 1804 4987 orationes
1858 4944 2057 4999 xxxn,
2092 4944 2234 4987 cum
2266 4926 2546 5004 epistolis
2572 4932 2634 4985 et
2692 4928 3024 5005 poematiis
3074 4926 3382 4987 hactenus
3440 4926 3623 4987 editis

196 5024 674 5105 complectitur;
728 5043 869 5103 quae
928 5025 1184 5105 quidem
1247 5026 1514 5106 sumpsit
1570 5046 1647 5087 ex
1704 5028 1971 5088 Billiana
2028 5026 2329 5086 editione.
2366 5026 2519 5085 Huic
2580 5032 2751 5086 tomo
2810 5026 3359 5104 praefatiunculam
3431 5025 3620 5087 Billio

194 5120 607 5184 honoriﬁcam
668 5123 957 5202 praeﬁxit,
1017 5123 1243 5203 hisque
1300 5125 1507 5186 verbis
1564 5144 1707 5186 eum
1765 5125 2150 5205 alloquitur:
2190 5148 2219 5180 ι
2255 5126 2654 5203 Quapropter
2711 5123 2867 5184 mihi
2926 5124 3230 5203 polliceor
3292 5129 3353 5184 te
3409 5123 3616 5184 virum

193 5221 541 5299 sapientem
598 5239 670 5282 ac
727 5222 983 5283 doctum
1040 5221 1346 5301 Optimam
1402 5224 1467 5284 in
1522 5230 1767 5303 partem
1827 5223 2160 5285 consilium
2227 5226 2512 5283 nostrum
2568 5221 3150 5302 interpretaturum.
3196 5221 3394 5283 Debet
3448 5222 3617 5283 enim

190 5316 429 5393 abesse,
466 5337 608 5380 cum
639 5320 812 5380 omni
842 5319 921 5381 ab
952 5319 1283 5381 hominum
1315 5340 1564 5400 genere,
1613 5327 1745 5383 tum
1781 5341 1818 5384 a
1872 5323 2166 5383 litteratis
2219 5320 2615 5402 potissimum
2668 5320 2940 5395 invidia;
2975 5320 3206 5401 quibus
3263 5338 3398 5382 esse
3453 5319 3615 5382 nihil

191 5416 511 5496 antiquius
542 5436 657 5495 par
685 5424 799 5491 est,
836 5436 1025 5498 quam
1060 5430 1125 5479 ut
1166 5425 1227 5480 et
1273 5420 1427 5499 ispsi
1450 5420 1751 5500 juvandaa
1807 5422 1957 5483 totis
2010 5420 2247 5481 viribus
2304 5418 2669 5499 reipublicae
2726 5420 3044 5495 studeant,
3072 5442 3103 5475 »
3138 5423 3259 5481 etc.
3292 5418 3421 5480 Sua
3467 5420 3622 5479 Leu-

189 5515 547 5576 venklaium
604 5535 750 5595 spes
780 5517 1036 5583 fefellit:
1072 5536 1221 5578 nam
1255 5520 1418 5579 male
1448 5528 1543 5581 est
1572 5524 1609 5581 ὰ
1640 5521 1822 5581 Billio
1854 5520 2131 5593 habitus,
2164 5526 2227 5580 et
2269 5537 2306 5580 a
2357 5508 2638 5579 Billiana;
2667 5508 3205 5599 interpretationis
3252 5516 3403 5579 anni
3456 5517 3623 5591 1583,

191 5614 640 5675 Parisiensibus
668 5614 1034 5689 editoribus,
1071 5622 1207 5677 tum
1237 5617 1300 5677 in
1351 5618 1741 5696 praefatione,
1778 5626 1912 5681 tum
1943 5620 2006 5681 in
2034 5618 2222 5691 notis,
2257 5617 2322 5678 in
2354 5617 2586 5695 quibus
2615 5618 2990 5696 plerumque
3026 5616 3375 5679 acrioribus
3409 5614 3614 5678 verbis

190 5712 473 5796 repulsus
500 5719 561 5776 et
588 5713 937 5796 increpitus
983 5719 1098 5778 est.
1132 5715 1203 5777 In
1249 5716 1505 5780 tertium
1564 5723 1627 5780 et
1682 5718 1973 5783 ultimum
2028 5725 2295 5794 tomum,
2337 5740 2367 5773 ‹‹
2401 5716 2508 5799 qui
2566 5722 2755 5792 totus,
2792 5738 2818 5775 υ
2857 5715 3065 5803 inquit
3125 5714 3609 5802 Leuvenklaius,
