4080 6416
461 356 534 416 15
1482 346 1906 408 PRJEFATIO
1955 345 2072 407 CEI

2265 349 2418 410 .LIS.
2450 382 2530 396 —
2564 349 2761 411 PARS
2809 349 2856 410 Ι.
3810 359 3876 417 16

455 487 674 549 itidem
708 490 922 545 noster
952 488 1066 558 est,
1099 503 1125 538 ι)
1166 499 1237 540 ea
1265 480 1451 541 refert
1481 479 1763 556 Gregorii
1795 485 2106 558 poemata,
2142 497 2283 559 quin
2333 481 2636 544 hactenus
2685 503 2810 544 non
2859 491 3039 546 erant
3089 485 3227 547 luce
3275 488 3533 551 donata.
3565 491 3877 552 Praeterea

458 586 691 647 Nicetaa
723 581 1245 644 commentarium
1288 579 1352 638 in
1411 577 1692 656 Gregorii
1743 578 2108 652 sententias,
2145 583 2270 639 tam
2331 583 2654 659 quaternis
2684 601 2873 662 quam
2935 583 3196 662 singulis
3234 587 3516 649 versibus
3574 589 3868 663 inclusas,

457 684 713 763 adjecit,
747 688 810 742 et
867 679 1189 758 egregium
1249 676 1435 737 Pselli
1483 675 1817 736 Christiani
1873 675 2237 755 philosophi
2269 678 2342 738 de
2400 679 2750 740 difﬁcilium
2785 682 3157 744 Nazianzeni
3205 685 3487 746 locorum
3547 687 3874 749 intellectu

457 783 688 843 librum
717 801 730 840 :
766 780 1024 839 demum
1055 776 1361 854 dialogos,
1397 793 1556 853 quos
1584 774 1852 834 Caesario
1884 774 2041 835 falso
2073 776 2376 854 ascriptos
2407 795 2483 837 ne
2513 779 2767 854 quidem
2799 780 3174 858 suspicatur.

535 879 740 941 Julius
772 876 1074 939 Gabrielis
1103 873 1472 951 Eugubinus
1502 879 1627 931 tres
1651 873 1935 949 Gregorii
1964 873 2298 943 orationes,
2339 877 2396 932 1°
2428 875 2895 955 Apologeticum,
2931 881 2992 937 2°
3028 878 3116 938 De
3163 899 3364 941 amore
3385 900 3530 961 erga
3553 903 3777 965 ραυρρ)
3793 904 3870 957 es,

458 980 522 1036 3°
555 976 628 1036 In
676 975 932 1036 natalem
961 972 1112 1033 diem
1147 971 1478 1033 Salvatom's
1535 971 1745 1040 nostri,
1782 970 2000 1030 Latine
2050 970 2325 1030 redditas
2381 973 2575 1031 edidit
2633 992 2797 1035 anno
2854 977 3028 1048 1573,
3064 979 3451 1058 Antuerpiae,
3485 983 3651 1060 typis
3685 983 3872 1042 Plan-

458 1074 735 1145 tinianis,
768 1072 960 1132 in-8°:
996 1089 1150 1147 quas
1182 1069 1368 1128 etiam
1403 1068 1680 1138 scholiis,
1716 1068 1842 1126 sive
1873 1068 2339 1128 commentariis
2370 1070 2726 1132 illustravit.
2762 1073 3017 1132 Addidit
3047 1081 3354 1152 praeterea
3399 1080 3875 1141 emendationes

459 1191 536 1233 ex
571 1171 784 1231 multis
813 1168 1247 1229 vetustissimis
1278 1184 1348 1227 ac
1409 1166 1868 1245 probatissimis
1925 1166 2390 1245 exemplaribus
2447 1175 2656 1229 erutas
2711 1171 2774 1229 in
2809 1172 3022 1231 Graeca
3076 1174 3287 1235 omnia
3317 1176 3598 1253 Gregorii
3656 1195 3872 1257 opera,

458 1289 599 1349 quae
628 1268 900 1330 editione
929 1266 1187 1326 Basileae
1218 1265 1371 1325 anni
1417 1265 1572 1324 1550
1601 1264 2022 1324 continentur.
2057 1264 2325 1325 Praeﬁxa
2364 1273 2457 1326 est
2486 1269 2948 1347 nuncupatoria
2991 1272 3261 1334 Antonio
3293 1274 3534 1334 Carafaa
3568 1277 3879 1338 cardinali

456 1367 742 1447 epistola.

534 1465 806 1526 Billiana
835 1461 1036 1523 versio
1066 1462 1292 1521 iterum
1326 1459 1578 1520 Parisiis
1609 1459 1779 1538 apud
1810 1459 2144 1520 Nivellium
2188 1468 2251 1522 et
2281 1462 2606 1522 Nicolaum
2651 1463 2993 1539 Chesneau,
3031 1486 3195 1529 anno
3257 1473 3431 1541 1583,
3465 1489 3543 1532 ex
3599 1475 3879 1536 secunda

452 1563 639 1637 Billii,
676 1561 1127 1639 recognitione,
1165 1559 1274 1637 qui
1322 1559 1499 1636 operi
1548 1558 1927 1618 immortuus
1977 1562 2109 1617 est:
2144 1576 2362 1618 verum
2411 1560 2653 1620 auctior
2699 1561 2809 1621 illa
2855 1569 3045 1641 atque
3093 1567 3484 1629 emendatior
3532 1588 3754 1632 recusa
3782 1581 3878 1634 est

450 1681 604 1722 cura
635 1666 695 1722 et
725 1659 932 1720 studio
961 1657 1364 1728 Genebrardi,
1403 1655 1510 1734 qui
1549 1673 1687 1716 eam
1740 1656 2036 1732 Gregorio
2083 1656 2217 1717 XIII
2270 1657 2556 1717 Pontifici
2586 1659 2837 1720 dicavit.
2872 1661 2935 1720 ln
2987 1662 3146 1722 duos
3193 1665 3488 1726 distincta
3517 1676 3609 1727 est
3638 1676 3868 1744 tomos,

449 1766 711 1839 protper
741 1776 971 1817 novam
1009 1755 1422 1835 plurimorum
1473 1754 1779 1812 librorum
1820 1753 2264 1813 accessionem.
2302 1757 2628 1816 Accessere
2677 1758 2986 1835 siquidem
3035 1762 3266 1822 Nicetaa
3319 1766 3618 1838 Serronii,
3652 1769 3869 1841 Pselli,

449 1857 601 1918 Elim
631 1855 939 1916 Cretensis
970 1852 1428 1922 commentarii,
1459 1851 1741 1929 epistolae
1773 1851 2109 1929 plusquam
2141 1859 2390 1912 centum
2426 1854 2908 1933 quinquaginta,
2945 1862 3074 1917 tam
3107 1861 3337 1920 Graecae
3379 1880 3567 1939 quam
3605 1865 3870 1927 Latinae.

527 1960 710 2016 Anno
745 1956 923 2026 1753,
955 1952 1231 2013 Venetiis
1261 1949 1620 2028 sum'ptibus
1676 1949 1932 2008 Antonii
1985 1951 2166 2009 Zatta
2194 1950 2411 2010 Latine
2469 1952 2837 2030 prodierunt
2888 1955 3102 2015 omnia
3161 1958 3442 2036 Gregorii
3498 1962 3877 2025 Nazianzeni

446 2056 654 2132 Opera
697 2071 773 2112 ex
803 2051 1020 2113 eadem
1051 2049 1338 2109 versione
1387 2055 1450 2108 et
1479 2065 1622 2106 cum
1653 2046 1872 2106 iisdem
1923 2048 2391 2107 commentariis
2422 2055 2483 2108 et
2511 2049 2762 2110 scholiis
2790 2068 2803 2122 ;
2837 2052 3063 2129 quibus
3113 2071 3428 2132 accessere
3476 2059 3696 2120 Latine
3727 2067 3874 2122 tan-

450 2156 586 2210 tum
618 2167 760 2230 quae
791 2167 830 2209 a
856 2148 1094 2210 Jacobo
1119 2145 1324 2208 Tollio
1354 2151 1416 2206 et
1447 2145 1790 2206 Muratorio
1824 2151 2091 2224 utraque
2121 2145 2340 2224 lingua
2361 2146 2498 2225 jam
2531 2148 2699 2208 edita
2730 2151 2997 2225 fuerant,
3033 2158 3103 2212 ut
3133 2159 3351 2232 postea
3379 2155 3681 2219 dicemus.

1737 2425 2051 2488 Edz'tz'ones
2093 2425 2585 2492 Graeco-Latinas.

519 2665 799 2725 Primum
831 2667 1171 2723 occurrunt
1226 2659 1508 2737 Gregorii
1557 2659 1922 2720 Nezianzeni
1980 2659 2260 2721 carmina
2316 2661 2394 2720 ad
2439 2662 2593 2723 bene
2654 2663 2961 2744 beateque
3016 2667 3352 2730 vivendum
3414 2674 3773 2752 utilissima,
3833 2699 3872 2741 e

441 2767 658 2826 Graeco
717 2763 782 2822 in
833 2761 1118 2821 Latinum
1153 2760 1234 2818 ad
1265 2759 1526 2818 verbum
1561 2776 1862 2817 conversa
1909 2759 1989 2818 ab
2045 2759 2204 2820 Aldo
2267 2761 2544 2821 Manutio
2607 2765 2913 2836 Romano,
2946 2772 3007 2825 ot
3067 2766 3344 2846 ejusdem
3404 2773 3572 2851 typis
3632 2793 3874 2840 excusa

443 2864 658 2923 Graece
690 2865 752 2918 et
787 2857 1027 2917 Latine.
1061 2855 1360 2929 Venetiis,
1397 2872 1562 2914 anno
1596 2855 1772 2930 1504,
1813 2855 1991 2914 inut".
2029 2856 2408 2917 Laudandus
2436 2858 2652 2930 Aldus,
2690 2861 2795 2939 qui
2833 2861 3070 2939 primus
3103 2872 3344 2944 partem
3397 2869 3677 2949 aliquam
3714 2876 3870 2935 Gre-

444 2959 606 3040 gorii
634 2955 985 3018 carminum
1020 2960 1260 3014 vertere
1291 2951 1595 3026 tentavit;
1627 2953 1918 3030 quamvis
1948 2953 2113 3013 enim
2148 2971 2358 3016 crassa
2390 2964 2450 3016 et
2477 2957 2819 3036 ineleganti
2877 2978 2949 3021 ea
2997 2969 3162 3024 veste
3217 2965 3569 3043 donaverit,
3605 2971 3873 3035 donavit

444 3068 680 3131 tamen,
715 3063 775 3117 et
805 3055 944 3116 aliis
974 3054 1138 3116 viam
1171 3052 1438 3132 aperuit.

528 3153 813 3232 Gregorii
839 3153 1131 3232 quaedam
1182 3157 1244 3212 et
1299 3155 1518 3211 sancta
1546 3150 1828 3210 carmina
1858 3169 2000 3210 cum
2055 3153 2315 3214 Joannis
2375 3155 2571 3233 Langi
2629 3155 2832 3217 Silesii
2886 3157 3424 3239 interpretatione,
3459 3172 3521 3226 et
3581 3168 3873 3247 ejusdem

435 3254 633 3333 Langi
661 3257 956 3332 poemata
998 3251 1240 3329 aliquot
1269 3249 1666 3309 Christiana:
1703 3248 1981 3324 Basileaa,
2021 3251 2198 3324 1561,
2231 3251 2424 3325 in-8°,
2458 3272 2572 3331 per
2598 3254 2904 3315 Joannem
2937 3259 3306 3335 Oporinum.
3347 3264 3576 3325 Versus
3615 3269 3874 3330 Graecos

439 3351 676 3415 Latinis
709 3349 971 3410 totidem
1005 3347 1284 3408 versibus
1316 3365 1444 3407 non
1475 3347 1938 3424 inelegantibus
1968 3348 2174 3408 reddit
2202 3349 2531 3429 interpres.

515 3456 699 3511 Anno
732 3448 908 3519 1568,
946 3446 1250 3506 Henricus
1279 3446 1640 3522 Stephanus
1676 3447 1741 3504 in
1800 3446 2006 3506 lucem
2063 3446 2292 3520 emisit,
2329 3465 2474 3507 cum
2535 3449 2778 3528 Synesii
2838 3451 3111 3530 hymnis,
3147 3457 3430 3535 Gregorii
3486 3462 3869 3526 Nazianzeni

440 3549 594 3609 odas
625 3545 869 3624 aliquot
899 3545 1112 3604 Graece
1140 3548 1202 3602 et
1233 3542 1470 3616 Latine,
1508 3561 1581 3602 ex
1612 3543 1898 3602 versione
1927 3551 1990 3602 et
2019 3562 2161 3603 cum
2192 3544 2357 3604 notis
2387 3547 2700 3624 Francisci
2734 3549 2901 3608 Porti
2928 3567 2939 3608 :
2976 3552 3250 3626 Parisiis,
3283 3553 3462 3616 in-24
3495 3557 3599 3638 (a).

520 3644 754 3704 lbidem
783 3660 950 3702 anno
985 3643 1157 3714 1570,
1193 3641 1466 3700 Joannes
1496 3642 1851 3700 Benenatus
1910 3640 2193 3718 vulgavit
2225 3643 2505 3719 Gregorii
2554 3643 2921 3705 Nazianzeni
2975 3648 3129 3707 odas
3186 3652 3422 3725 Graece,
3460 3673 3602 3714 cum
3640 3660 3872 3722 Latina

437 3742 742 3817 versione,
775 3741 930 3800 in-8°
963 3738 1062 3818 (ὁ).
1098 3738 1359 3805 lbidem,
1394 3737 1673 3816 Gregorii
1710 3738 2084 3797 Nazianzeni
2114 3738 2251 3798 odee
2285 3739 2526 3817 aliquot
2553 3743 2764 3801 Graece
2797 3748 2858 3802 et
2889 3745 3129 3819 Latine,
3165 3765 3242 3808 ex
3293 3751 3581 3812 versione
3630 3761 3693 3814 et
3721 3775 3869 3818 cum

435 3843 601 3903 notis
630 3838 944 3900 Franscici
972 3839 1171 3910 Porti,
1203 3837 1376 3916 apud
1407 3837 1739 3897 Claudium
1774 3837 2127 3909 Morellum,
2166 3839 2346 3901 1618.
2372 3838 2553 3897 in-21
2583 3839 2681 3918 (c).

516 3936 835 4016 Opuscula
865 3932 1157 4011 quaedam
1191 3940 1343 3992 tunc
1374 3932 1648 4011 primum
1680 3933 1743 3991 in
1775 3934 1976 3992 lucem
2020 3934 2207 4008 edita,
2245 3936 2497 4014 aliaque
2545 3937 2692 3996 item
2749 3939 3028 4000 versibus
3074 3942 3339 4016 reddita,
3377 3963 3736 4028 magnaque
3787 3971 3870 4014 ex

436 4042 618 4116 parte
647 4033 789 4113 Cyri
820 4031 1240 4110 Dadybrensis
1271 4030 1550 4109 episcopi
1580 4031 2050 4090 commentariis
2081 4032 2415 4107 illustrata,
2455 4053 2594 4094 cum
2629 4035 2864 4114 praevia
2896 4039 3161 4117 epistola
3201 4043 3279 4100 ad
3313 4045 3696 4107 cardinalem
3730 4050 3870 4110 Sir—

435 4136 656 4206 letum,
691 4132 1033 4208 interprete
1062 4129 1300 4190 Jacobo
1332 4127 1537 4201 Billio,
1572 4128 1760 4201 in-8°,
1801 4131 1978 4201 1575,
2009 4131 2282 4204 Parisiis,
2316 4133 2481 4209 apud
2515 4134 2823 4194 Joannem
2857 4137 3264 4199 Benenatum.

528 4234 710 4292 Anno
745 4231 920 4300 1582,
955 4227 1180 4306 Lipsiae
1213 4228 1378 4306 typis
1405 4227 1666 4287 Joannis
1698 4227 1975 4287 Steiman
2011 4229 2241 4306 prodiit
2272 4230 2426 4291 Ill-8°
2458 4230 2565 4311 (ά),
2601 4232 2803 4293 oratio
2855 4236 3134 4314 Gregorii
3168 4239 3532 4304 Nazianzeni
3587 4244 3678 4304 De
3708 4244 3872 4308 Pen-

445 4338 650 4391 tecoste
679 4331 891 4386 Graece
921 4330 982 4385 et
1013 4323 1253 4396 Latine,
1286 4343 1361 4384 ex
1393 4324 1664 4384 editione
1695 4331 1757 4384 et
1786 4343 1927 4385 cum
1962 4325 2216 4386 scholiis
2245 4327 2508 4388 Matthei
2539 4330 2833 4391 Dresseri.

519 4429 702 4487 Anno
734 4425 912 4492 1591,
949 4424 1015 4484 S.
1050 4422 1331 4499 Gregorii
1364 4421 1738 4482 Nazianzeni
1784 4422 2180 4483 deﬁnitiones
2231 4444 2438 4484 rerum
2489 4426 2802 4504 simplices
2851 4429 3073 4490 incerti
3123 4434 3421 4507 auctoris,
3477 4444 3540 4498 et
3604 4440 3876 4504 Maximi

438 4522 734 4587 monachi
764 4521 1184 4592 definitiones,
1220 4523 1430 4581 Graece
1461 4527 1522 4579 et
1551 4521 1769 4580 Latine
1799 4540 1875 4581 ex
1908 4523 2189 4582 versione
2221 4525 2484 4583 Joannis
2518 4526 2941 4598 Leuvenklaii,
2979 4547 3052 4588 ex
3087 4531 3360 4591 editione
3391 4540 3455 4594 et
3501 4554 3642 4596 cum
3695 4543 3874 4602 notis

433 4622 688 4685 Davidis
719 4619 1093 4681 Hceschelii:
1131 4619 1583 4696 Heidelbergse,
1617 4637 1687 4678 ex
1724 4621 1978 4679 ofﬁcina
2009 4623 2488 4681 Santandreana
2525 4623 2680 4682 in-8°
2711 4623 2811 4702 (e).

509 4725 690 4782 Anno
723 4719 898 4790 1596,
936 4716 1139 4776 Nonni
1200 4716 1709 4793 Panopolitani...
1745 4723 1805 4777 et
1855 4720 1918 4778 S.
1957 4719 2248 4795 Gregorri
2299 4720 2663 4778 Nazianzeni
2710 4722 3102 4796 tetrasticha,
3157 4725 3449 4803 disticha,
3500 4734 3862 4798 monastica

429 4818 714 4882 carmina
743 4835 885 4876 cum
919 4815 1203 4875 versione
1235 4815 1457 4874 Latina
1487 4833 1520 4875 e
1554 4815 1826 4892 regione,
1864 4834 1941 4874 ex
1962 4816 2483 4893 interpretatione
2516 4818 2778 4878 Erhardi
2806 4819 3174 4881 Hedeneccii
3203 4840 3215 4881 :
3250 4824 3507 4886 Basileze
3558 4830 3635 4888 ad
3669 4832 3868 4912 Lecy-

429 4919 608 4978 thum
641 4912 1234 4983 Valdkirchianum,
1269 4911 1398 4972 in-8
1433 4913 1532 4990 (ί).

507 5019 690 5075 Anno
724 5013 900 5083 1608,
935 5010 1219 5086 Gregorii
1248 5009 1619 5068 Nazianzeni
1675 5009 2028 5081 Threnodz'a,
2066 5027 2173 5069 seu
2225 5011 2585 5087 poemation
2634 5011 2987 5092 elegiacum
3038 5015 3115 5075 de
3162 5016 3356 5077 animi
3390 5020 3486 5080 sui
3517 5022 3859 5088 affectibus

426 5118 488 5174 et
518 5110 803 5184 miseriis,
838 5111 1048 5171 Graece
1080 5115 1142 5168 et
1169 5107 1425 5167 Latine:
1460 5107 1832 5185 Ingolstadt,
1869 5107 2067 5168 Adam
2101 5108 2410 5185 Saturius,
2446 5110 2623 5184 1608,
2658 5110 2840 5171 in-8°.

497 5441 576 5520 (31)
606 5440 729 5498 Cat.
788 5441 914 5498 Bib.
946 5441 1115 5514 Reg.,
1146 5441 1288 5493 tom.
1323 5441 1364 5506 Ι,
1399 5451 1534 5509 pag.
1590 5438 1717 5505 350,
1752 5454 1857 5494 suc
1913 5455 2075 5494 num.
2263 5436 2339 5520 (ά)
2575 5457 2632 5496 n.
2663 5442 2790 5520 298.

422 5507 565 5591 30:2,:
605 5586 643 5591 __
674 5584 684 5591 _
710 5585 724 5591 _
902 5585 999 5591 ___
1033 5507 1110 5514 ”’
1400 5507 1420 5509 ⁷
1482 5507 1505 5509 ⁷
2265 5507 2338 5591 (ξ)
2367 5511 2537 5591 Ibid,
2570 5530 2626 5567 n.
2654 5515 2764 5591 ?9_8
2794 5517 2852 5569 et
2881 5531 2940 5571 n.
2971 5515 3097 5572 258.

523 5586 551 5640 b
605 5584 774 5656 Ibid.,
808 5602 866 5641 n.
899 5585 1025 5640 303.
2268 5581 2332 5652 (Ῑ)
2365 5581 2537 5656 Ιὺὶά.,
2563 5601 2618 5641 n.
2649 5586 2775 5642 230.

496 5587 572 5741 Ecl
600 5657 770 5734 Ibid.,
794 5675 852 5714 n.
884 5657 1010 5718 304.
