4080 6406
222 456 282 514 17
1235 457 1656 519 PREFATIO
1703 456 2167 517 GENERALIS.
2202 490 2278 499 —
2308 455 2511 518 PARS
2557 456 2608 516 Ι.
3558 453 3634 517 18

287 593 456 650 Anno
509 591 692 668 1619,
745 589 1046 671 Epistolas
1094 592 1374 671 Gregorii
1422 592 1834 653 Nazianzeni:
1890 590 2258 668 lngolstadt.
2325 590 2805 668 Elegantissime
2857 589 2994 651 haec
3047 595 3139 650 est
3202 585 3630 668 Epistolarum

216 687 411 748 editio.

285 789 454 847 Anno
485 789 649 848 1658
703 788 942 868 prodiit
970 789 1143 864 liber,
1197 790 1297 850 cui
1346 790 1565 850 titulus
1596 795 1896 868 Ἐμπύρευι

2020 789 2276 865 ὂσεϐείας,
2313 788 2487 849 varia
2517 806 2595 847 ex
2643 786 2936 848 Patribus
2981 786 3211 847 Graecis
3243 785 3631 847 collectanea

213 884 518 956 exhibens,
579 893 782 964 atque
836 886 994 947 inter
1047 906 1119 948 ea
1181 912 1212 945 «
1271 889 1553 966 Gregorii
1611 887 1984 948 Nazianzeni
2059 887 2339 947 carmina
2418 887 2788 964 quaedam...
2842 910 2871 941 »
2935 887 3159 946 Omnia
3216 888 3428 946 Graece
3486 904 3627 945 cum

214 982 688 1061 interpetatione
720 986 944 1045 Latina
971 991 1031 1045 et
1078 1004 1151 1046 ex
1184 986 1457 1047 editione
1495 986 1755 1047 Joannis
1812 984 2075 1065 Gaspari
2126 984 2402 1045 Suiceri:
2457 985 2696 1063 Tiguri,
2750 986 2934 1045 Joan.
2984 984 3203 1044 Jacob.
3256 984 3624 1057 Bodmerus,

211 1079 374 1140 in-12
403 1081 506 1144 (al.

284 1082 374 1140 ~12
425 1100 460 1140 a
493 1127 506 1140 .

284 1081 672 1254 Antio)1696,
715 1180 789 1240 Ι).
829 1180 1107 1261 Gregorii
1131 1182 1507 1244 Nazianzeni
1550 1182 1811 1262 theologi
1855 1180 2144 1244 Carmina
2191 1200 2417 1262 cygneo
2467 1181 2704 1241 inedita.
2740 1182 2886 1242 Hinc
2915 1181 3318 1242 continentur
3345 1181 3407 1241 in
3441 1181 3623 1255 libro,

210 1276 299 1336 cui
327 1277 580 1338 titulus:
618 1278 837 1340 Jacobi
875 1280 1048 1341 Tollii
1076 1283 1330 1362 insignia
1362 1282 1590 1342 itineris
1622 1280 1854 1342 Italici:
1891 1280 2163 1357 Trajecti
2195 1279 2273 1339 ad
2313 1278 2620 1350 Rhenum,
2660 1279 2835 1351 1696,
2877 1279 3057 1339 in-4°.

279 1378 456 1434 Anno
490 1378 672 1449 1709,
735 1378 1033 1453 carmina,
1070 1380 1197 1440 sive
1228 1381 1690 1460 epigrammata
1720 1395 1985 1442 ccxxvm
2043 1380 2108 1440 S.
2144 1377 2428 1456 Gregorii
2487 1377 2895 1438 Nazianzeni:
2935 1377 3194 1453 Patavii,
3238 1376 3429 1437 in~4°.
3463 1376 3627 1438 inter

208 1471 494 1534 Anecdota
578 1473 836 1550 Graeca,
897 1495 1038 1555 quas
1114 1477 1425 1538 Antonius
1484 1476 1901 1550 Muratorius,
1978 1476 2153 1536 ducis
2215 1474 2469 1535 Mutina
2545 1475 3102 1546 bibliothecarius,
3163 1475 3399 1554 publici
3461 1474 3625 1554 juris

208 1570 362 1630 fecit.

279 1670 454 1730 Anno
488 1673 675 1747 1716,
710 1672 972 1735 collecta
1000 1674 1073 1745 D,
1110 1674 1390 1754 Gregorii
1446 1674 1819 1736 Nazianzeni
1873 1672 2148 1754 plurima
2198 1677 2492 1752 poemata
2551 1672 2613 1731 in
2673 1671 2962 1732 Latinum
3006 1689 3330 1744 conversa,
3365 1677 3622 1733 auctore

206 1767 484 1848 Dionysio
528 1770 871 1850 Gaullyer:
902 1773 1173 1848 Parisiis,
1208 1773 1400 1834 ἰπὶ-12.

1437 1995 1747 2058 Editiones
1802 1996 2058 2078 Vulgari
2082 2015 2368 2058 sermone.

274 2210 591 2285 Quatrains
619 2215 991 2276 sententieux
1019 2214 1088 2275 de
1119 2214 1190 2276 S.
1231 2214 1516 2292 Gre’goire
1544 2214 1614 2275 de
1646 2214 1971 2289 Nazianze,
2003 2234 2143 2278 avec
2169 2235 2283 2274 une
2312 2214 2503 2275 briéve
2531 2214 2879 2295 exposition,
2915 2214 3152 2273 τοῖιν-πάι
3183 2231 3253 2273 en
3284 2230 3408 2273 vers
3440 2215 3618 2293 fran-

202 2307 309 2382 pais
333 2328 448 2387 par
473 2310 736 2391 Jacques
765 2310 834 2371 de
869 2311 1068 2393 Billy:
1097 2313 1302 2387 Paris,
1344 2312 1682 2375 Guillaume
1707 2312 2062 2375 Chaudiére.
2100 2316 2276 2387 1576,
2315 2313 2491 2374 in-8°.

276 2409 443 2469 1693.
479 2411 819 2471 Orationes
851 2429 1066 2471 omnes
1099 2413 1331 2473 Gallico
1360 2411 1662 2472 idiomate
1692 2431 1887 2474 versae
1919 2420 2064 2472 sunt
2095 2431 2205 2492 per
2234 2412 2559 2472 Nicolaum
2595 2410 2922 2482 Fontaine,
2957 2415 3027 2469 ut
3050 2409 3386 2470 notaturin
3411 2410 3610 2469 Gatal.

205 2504 340 2580 Reg.
373 2506 532 2566 Bibl.
567 2508 853 2582 Parisiis,
889 2511 926 2568 2
955 2509 1076 2571 vol.
1111 2511 1299 2584 in-8°,
1336 2510 1504 2590 apud
1533 2511 1842 2572 Joannem
1873 2511 2156 2571 Pralard.

279 2603 444 2664 1735.
481 2607 786 2668 Geminas
819 2608 1133 2669 orationes
1156 2613 1374 2669 contra
1405 2608 1725 2671 Julianum
1761 2609 2162 2684 desertorem,
2199 2627 2236 2670 a
2266 2628 2329 2669 se
2361 2608 2594 2670 Gallice
2627 2607 2923 2682 redditas,
2959 2624 3100 2666 cum
3135 2607 3296 2667 notis
3340 2606 3616 2667 edendas

204 2703 426 2762 curavit
453 2705 932 2766 ecclesiasticus
961 2706 1615 2787 Grationopolitanus:
1654 2708 1963 2787 Lugduni,
1989 2707 2189 2782 ἰπὶ-12,
2226 2708 2396 2787 apud
2423 2706 2714 2786 Duplain.

277 2801 444 2861 1747.
503 2803 724 2865 Oratio
786 2806 841 2879 Ι,
903 2804 1030 2866 sive
1086 2805 1524 2888 Apologeticus,
1589 2806 1821 2869 Gallice
1880 2824 2024 2868 cum
2101 2807 2316 2868 notis:
2383 2805 2663 2880 Parisiis,
2727 2804 2896 2884 apud
2952 2803 3345 2865 Ludovicum
3413 2805 3621 2865 Lottin

197 2894 379 2958 in-12.

1157 3121 1241 3181 De
1289 3120 1546 3181 editione
1597 3120 2052 3184 Graec-Latina
2100 3121 2434 3182 Parisiensi
2474 3122 2653 3182 1630.

263 3332 432 3394 Nunc
464 3335 547 3394 ad
584 3335 1135 3397 Graeco-Latinam
1169 3335 1532 3410 editionem,
1567 3354 1709 3415 quae
1743 3339 2026 3397 Graecum
2076 3336 2379 3415 Gregorii,
2408 3343 2470 3397 et
2501 3338 2790 3396 Latinam
2839 3333 3002 3394 Billii
3032 3333 3617 3413 interpretationem

189 3431 642 3508 complectitur,
677 3435 1031 3494 veniamus.
1067 3437 1200 3494 Non
1235 3454 1358 3495 una
1386 3440 1477 3494 est
1509 3435 1644 3495 haec
1672 3434 1888 3495 editio.
1939 3435 2182 3495 Prodiit
2233 3435 2501 3513 primum
2551 3452 2718 3494 anno
2755 3434 2930 3508 1609,
2965 3431 3192 3493 deinde
3232 3451 3400 3493 anno
3436 3433 3616 3506 1630,

189 3527 450 3603 Parisiis,
487 3531 767 3610 denique
799 3531 1099 3605 Coloniae,
1136 3532 1227 3591 vel
1265 3532 1472 3610 potius
1505 3533 1725 3610 Lipsize
1753 3553 1766 3606 ;
1801 3551 1942 3611 quae
1975 3533 2166 3593 editio
2197 3533 2276 3592 ab
2300 3533 2438 3592 aliis
2464 3532 2581 3591 hoc
2604 3532 2738 3591 solo
2767 3531 3101 3609 discrepat,
3129 3530 3299 3608 quod
3334 3530 3617 3608 pluribus

187 3626 410 3687 licateat
441 3630 718 3690 mendis.
752 3631 927 3688 Hanc
961 3629 1290 3707 magniﬁce
1334 3631 1751 3690 “commendat
1808 3630 2173 3691 Fredericus
2235 3629 2526 3689 Morellus
2588 3651 2617 3687 α
2647 3635 2716 3688 ut
2747 3647 2784 3688 a
2813 3645 3138 3704 nunquam
3172 3628 3324 3687 satis
3355 3627 3614 3688 laudato

190 3722 354 3784 Billio
385 3727 732 3805 diligenter
760 3728 1054 3788 collatam
1091 3747 1230 3788 cum
1266 3730 1470 3806 Regiis
1506 3748 1677 3794 mss..
1726 3735 1785 3789 et
1824 3747 1967 3789 cum
2018 3729 2330 3788 Medicseis
2384 3728 2635 3803 Reginae
2686 3726 2923 3796 matris,
2961 3744 3205 3784 necnon
3247 3744 3406 3802 quos
3435 3725 3614 3786 illus-

190 3822 486 3884 trissimus
517 3824 867 3884 cardinalis
899 3825 1161 3884 Sirletus
1192 3844 1265 3884 ex
1301 3826 1477 3885 Italia
1513 3827 1789 3897 miserat,
1825 3826 2095 3904 denique
2156 3844 2295 3885 cum
2352 3825 2567 3884 codice
2628 3842 2813 3900 quem
2868 3823 3034 3882 ultro
3065 3822 3491 3883 commodavit
3521 3825 3616 3884 vir

189 3917 564 3983 clarissimus
594 3923 833 3983 Paulus
863 3923 1175 3996 Petavius,
1214 3924 1401 3984 curiae
1459 3943 1771 4002 supremas
1829 3931 2082 3984 senator
2137 3923 2579 4000 integerrimus
2606 3942 2618 3994 ;
2649 3922 2714 3980 in
2745 3921 2925 3998 cujus
2957 3920 3099 3980 libri
3129 3937 3242 3980 ora
3280 3921 3617 3998 marginali

185 4018 491 4080 variantes
519 4021 782 4100 quidem
819 4021 1140 4094 lectiones,
1174 4022 1570 4099 conjecturas
1597 4028 1658 4082 et
1688 4022 2160 4083 emendationes
2192 4021 2408 4082 Billius
2439 4039 2705 4100 operosa
2737 4019 3069 4080 sedulitate
3102 4019 3538 4092 adnotaverat,
3584 4044 3613 4075 »

184 4121 288 4173 etc.
325 4119 470 4178 Haec
503 4125 569 4179 et
601 4119 728 4178 alia
763 4118 920 4178 mira
953 4119 1275 4198 praedicat.
1316 4122 1463 4178 Rem
1501 4127 1710 4179 tamen
1743 4121 2001 4199 propius
2050 4119 2536 4192 considerantes,
2589 4118 2777 4177 ﬁdem
2811 4116 3046 4176 habere
3076 4115 3448 4176 detrectant.
3485 4116 3612 4177 lmo

178 4213 638 4277 Parisiensibus
670 4217 1101 4296 typOgraphis,
1139 4237 1250 4296 pro
1283 4217 1574 4278 laudibus
1607 4224 1733 4278 tam
1767 4219 2048 4298 impense
2081 4219 2324 4278 dilectae
2358 4217 2614 4278 editioni
2645 4215 2977 4288 concessis,
3016 4237 3043 4272 α
3076 4233 3181 4274 eos
3214 4213 3370 4274 nihil
3403 4215 3612 4276 minus

177 4314 572 4387 prasstitisse,
607 4333 795 4393 quam
841 4316 1007 4393 quod
1054 4315 1316 4394 polliciti
1351 4323 1530 4376 erant
1557 4316 1658 4396 (b),
1696 4341 1724 4371 »
1763 4336 1800 4377 a
1837 4317 2222 4379 Montacutio
2281 4317 2594 4393 objectum
2633 4321 2744 4387 est,
2783 4313 2890 4392 qui
2922 4313 3300 4392 praeclarum
3334 4312 3606 4390 elogium

174 4408 380 4472 irridet
410 4417 475 4472 et
507 4411 777 4490 depellit
805 4411 893 4472 sic
923 4413 1366 4491 prosequendo
1395 4434 1408 4474 :
1449 4437 1478 4468 «
1510 4413 1841 4474 Habebant
1870 4415 2158 4485 fortasse,
2195 4414 2428 4473 habere
2460 4432 2609 4474 sane
2641 4417 2952 4490 poterant,
2993 4410 3239 4488 Regios,
3275 4410 3606 4488 Regineos,

176 4506 404 4569 Petavii
439 4510 914 4583 libros,5irleti,
947 4516 1092 4584 etc.,
1121 4511 1249 4583 sed,
1287 4518 1356 4572 ut
1384 4512 1487 4572 ille
1521 4512 1787 4588 Epicteti
1816 4513 2165 4584 lucernam,
2199 4512 2278 4572 ad
2310 4510 2819 4582 ostentationem,
2855 4527 2981 4568 non
3014 4508 3094 4568 ad
3120 4526 3298 4568 usum
3326 4525 3340 4580 ;
3377 4507 3611 4586 quippe

178 4606 273 4682 qui
305 4607 756 4668 deformarunt
786 4608 984 4684 magis
1016 4609 1382 4687 Gregorium
1419 4629 1608 4689 quam
1644 4610 1846 4670 fuerat
1874 4610 1938 4669 in
1971 4610 2242 4670 editione
2278 4609 2499 4687 prima.
2535 4630 2564 4664 ι)

247 4705 404 4775 Quid
439 4712 583 4766 tum
617 4706 1015 4778 Parisienses,
1053 4713 1114 4767 et
1144 4708 1427 4768 fortassis
1457 4709 1591 4787 ipse
1624 4708 1920 4768 Morellus
1942 4710 1971 4767 ?
2015 4709 2093 4768 ab
2133 4709 2283 4786 ipsis
2332 4708 2702 4768 audiamus:
2746 4730 2776 4758 «
2808 4707 2934 4765 Nec
2966 4703 3324 4774 molestum,
3359 4721 3475 4762 nec
3505 4704 3602 4762 in-

173 4801 516 4878 iucundum
556 4803 694 4876 tibi,
727 4804 971 4882 (lectori
1000 4807 1318 4888 φιλαληθεῐ>
1350 4806 1644 4885 inquiunt
1700 4807 1761 4866 in
1819 4807 2326 4885 preefatiuncula,
2387 4807 2438 4865 si
2499 4803 2802 4884 propositi
2861 4803 3229 4880 consiliique
3279 4800 3496 4873 nostri,
3534 4819 3608 4860 ac

175 4919 289 4960 non
325 4903 546 4962 dubiae
581 4902 1015 4962 destinationis
1049 4905 1112 4963 in
1143 4906 1214 4964 D.
1251 4905 1528 4982 Gregorii
1586 4905 1958 4966 Nazianzeni
2002 4906 2297 4983 operibus
2358 4907 2568 4966 Greece
2623 4909 2684 4962 et
2745 4901 2959 4962 Latine
3000 4900 3255 4961 edendis
3289 4907 3346 4959 te
3385 4898 3606 4977 paucis

173 5000 609 5060 admonemus.
647 5000 748 5059 Sic
777 5000 970 5078 igitur
995 5001 1252 5074 habeto,
1288 5022 1402 5062 nos
1433 5003 1494 5061 in
1527 5004 1738 5064 animo
1772 5003 2066 5063 habuisse
2125 5002 2316 5081 hujus
2374 5001 2746 5062 sanctissimi
2779 5006 2839 5060 et
2869 4997 3372 5077 eloquentissimi
3407 4997 3602 5056 antis-

173 5097 288 5157 titis
317 5116 592 5177 cperum
629 5101 927 5178 δίγλωττον
957 5099 1294 5160 editionem
1327 5102 1587 5179 aggredi
1617 5121 1694 5161 ex
1725 5122 1784 5161 cc

1987 5101 2318 5162 lasiliensis
2349 5104 2614 5168 εκδὸσεως
2643 5098 2792 5159 anni
2826 5098 2981 5158 1550
3012 5096 3182 5175 apud
3215 5094 3598 5173 Ilervagium

171 5213 346 5270 quem
382 5195 777 5255 clarissimus
806 5196 901 5255 vir
926 5197 1200 5258 Jacobus
1229 5199 1464 5270 Billius,
1502 5200 1827 5278 utriusque
1858 5200 2088 5278 linguae
2126 5199 2559 5278 peritissimus,
2595 5215 2737 5257 cum
2763 5195 2970 5273 Regiis
2994 5194 3313 5255 codicibus
3346 5192 3604 5253 Gallicis

170 5299 224 5351 et
255 5311 395 5353 cum
431 5293 670 5353 ltalicis
702 5301 991 5355 accurate
1034 5298 1463 5358 contulerat...
1493 5300 1723 5359 Verum
1761 5299 1927 5357 enim
1961 5297 2262 5376 quoniam
2315 5315 2438 5355 non
2486 5295 2718 5373 ubique
2751 5312 2892 5352 cum
2925 5293 3120 5371 ipsius
3154 5291 3376 5351 Latina
3404 5290 3599 5350 inter-

171 5393 526 5466 pretatione
561 5392 1019 5452 conveniebant
1046 5393 1183 5471 ejus
1212 5397 1684 5456 emendationes
1714 5402 1775 5455 et
1805 5401 2072 5474 εἷκασμοί,
2111 5395 2434 5472 multaque
2482 5393 2561 5453 ab
2603 5393 2711 5452 illo
2755 5393 3005 5452 fuerant
3050 5391 3114 5450 in
3147 5395 3321 5450 textu
3368 5387 3599 5460 deleta,

171 5506 306 5566 quae
338 5490 513 5550 idem
549 5508 761 5550 rursus
792 5494 1052 5574 ’δευτέρων
1088 5499 1385 5573 ἀμεινόνων
1421 5495 1782 5573 reponenda

1993 5499 2144 5564 dealt;
2174 5497 2524 5567 censuerat,
2561 5497 2622 5551 et
2651 5497 2871 5551 contra
2915 5489 3255 5549 sustulerat
3285 5489 3349 5545 in
3382 5485 3604 5547 Latina

240 5785 318 5854 (a)
342 5787 472 5842 Cat.
503 5785 627 5842 Lib.
664 5785 794 5858 Reg.
827 5787 973 5842 tom.
1006 5786 1048 5855 Ι,
1081 5804 1140 5844 n.
1171 5789 1297 5843 271.
1839 5787 1913 5861 (b)
1945 5787 2116 5860 Greg.
2152 5788 2311 5855 Naz.,
2352 5787 2415 5840 in
2453 5786 2562 5842 Jul.
2596 5784 2808 5840 invest.
2842 5785 2990 5839 duae.
