4080 6412
413 436 487 497 19
1428 432 1844 494 ΡΗᾹΞΡΑΊἾΟ
1893 435 2024 494 GEI‘

2231 435 2359 494 LIS.
2397 466 2471 478 —
2499 434 2702 495 PARS
2752 433 2798 493 l.
3765 437 3842 496 20

407 567 954 647 interpretatione,
988 585 1128 646 qua
1159 567 1220 628 in
1255 568 1482 629 Gracis
1513 568 1730 629 relicta
1759 573 1975 638 erant;
2011 575 2255 629 tantum
2292 568 2408 628 sibi
2436 586 2754 629 assumere
2786 567 2987 628 noluit
3033 571 3368 648 prafectus
3401 575 3742 650 διορθώσεσι,
3777 578 3845 632 ut

409 667 488 727 de
519 667 680 726 tanti
711 667 826 726 viri
857 685 1046 745 opere
1105 672 1166 726 et
1195 673 1454 748 ἀγχινοίᾳ
1483 667 1856 727 sententiam
1919 669 2147 738 ferret;
2212 667 2559 744 maluitque
2597 667 2672 726 de
2730 666 2836 726 lzoc
2893 665 3009 726 sibi
3069 667 3291 727 tradito
3343 670 3720 748 exprimere,
3772 688 3844 730 ac

411 764 640 826 deinde
665 766 724 825 in
759 764 923 825 notis
951 783 1024 824 ac
1055 765 1307 824 scholiis
1337 765 1631 825 collectas
1681 765 1884 824 varias
1942 765 2240 824 lectiones
2313 771 2792 842 reprasentare,
2827 784 3094 844 quaque
3129 767 3328 844 magis
3359 787 3500 828 cum
3531 769 3840 846 interpre-

411 867 545 923 tum
579 864 862 924 oratione
894 862 1336 934 consentirent,
1370 863 1466 922 vel
1494 881 1635 922 cum
1668 863 1942 922 auctoris
1973 881 2155 922 sensu
2186 881 2259 922 co
2279 863 2633 929 nvenirent.
2669 865 2730 922 in
2763 863 2916 923 locis
2949 864 3259 942 ambiguis
3290 866 3594 926 indicare.
3633 892 3661 920 »

490 962 819 1032 Quodnam
856 967 1063 1020 autem
1105 984 1134 1016 ‹‹
1168 961 1462 1019 traditum
1497 961 1673 1035 illud,
1706 961 1781 1020 de
1838 979 1962 1037 quo
2020 960 2189 1019 bona
2247 960 2368 1019 fide
2399 960 2781 1020 correctioni
2818 962 3152 1038 prafectus
3184 963 3536 1038 eXprimere
3571 963 3843 1023 maluit?

409 1058 476 1119 Si
511 1058 807 1118 traditum
840 1057 1019 1126 illud,
1054 1057 1104 1117 is
1136 1063 1265 1116 erat
1299 1057 1668 1117 emendatus
1698 1077 1736 1117 a
1768 1058 1944 1117 Billio
2005 1057 2204 1116 codex
2264 1058 2460 1135 probe
2511 1058 2777 1117 collatus
2809 1065 2868 1116 et
2900 1058 3424 1136 castigatissimus
3472 1061 3773 1132 eerctus;
3808 1085 3836 1114 ››

406 1175 519 1218 cur
549 1157 628 1216 ad
659 1156 892 1216 calcem
927 1155 1174 1233 rejecta
1204 1155 1366 1215 Billii
1398 1156 1744 1216 lectiones?
1774 1156 2102 1215 Hominem
2133 1155 2365 1233 quippe
2414 1156 2658 1225 credas,
2693 1155 2861 1234 quod
2895 1155 3071 1225 solet,
3109 1157 3406 1234 quodque
3443 1176 3700 1235 prorsus
3737 1159 3839 1218 hic

406 1255 614 1334 operis
643 1253 1085 1320 necessarium,
1122 1273 1250 1332 pra
1284 1253 1574 1314 manibus
1605 1253 1897 1314 habuisse
1928 1252 2093 1313 Billii
2127 1252 2449 1331 quoddam
2483 1252 2994 1332 autographum;
3030 1253 3080 1312 si
3131 1254 3335 1313 minus
3372 1279 3400 1309 ‹‹
3437 1255 3842 1332 castigatissi-

407 1373 600 1426 mum,
639 1376 667 1406 »
704 1357 769 1412 at
797 1370 829 1411 e
861 1371 987 1429 quo
1019 1351 1284 1429 diligens
1315 1351 1533 1412 saltem
1569 1359 1629 1412 et
1659 1359 1878 1411 acutus
1936 1351 2372 1429 typographus
2423 1352 2719 1429 expedire
2769 1370 2832 1410 se
2893 1357 3213 1430 utcunque
3260 1359 3489 1430 posset.
3526 1353 3647 1413 Sed
3683 1372 3836 1413 neu-

405 1459 573 1514 trum
609 1450 854 1528 uspiam
883 1449 1157 1509 afﬁrmat
1192 1450 1647 1510 Genebrardus.
1686 1450 1882 1528 Igitur
1920 1471 1946 1505 (ι
1979 1448 2028 1508 si
2063 1449 2360 1508 traditum
2396 1473 2424 1503 »
2464 1449 2618 1509 illud
2681 1449 2838 1508 nihil
2899 1456 2992 1509 est
3051 1450 3164 1509 nisi
3223 1451 3621 1528 Hervagiana
3653 1451 3844 1512 editio

406 1548 784 1619 Basiliensis,
823 1548 1023 1618 unius,
1062 1555 1129 1607 ut
1158 1553 1425 1620 constat,
1488 1548 1650 1608 Billii
1713 1567 1926 1621 manu,
1989 1545 2317 1625 liturisque
2378 1554 2505 1608 tam
2565 1548 2850 1620 Confusa,
2888 1554 3014 1606 tam
3050 1547 3442 1624 perturbata,
3485 1573 3514 1602 «
3549 1555 3615 1607 ut
3646 1568 3839 1626 quam

407 1651 550 1723 λέξιν
581 1653 671 1707 καὶ
704 1651 854 1727 ῥῆσιν
892 1645 1090 1721 magis
1121 1645 1437 1722 probaret,
1473 1664 1663 1722 quam
1696 1647 2002 1723 reiiceret,

2243 1651 2339 1724 δην
2376 1664 2699 1723 nunquam
2732 1645 3137 1722 exprimeret,
3175 1669 3202 1698 ››
3241 1645 3407 1723 quod
3443 1645 3575 1723 ipse
3609 1646 3842 1706 fatetur

406 1752 599 1823 atque
629 1743 816 1804 etiam
851 1743 1065 1802 scribit
1095 1744 1388 1803 Morellus
1415 1760 1427 1802 :
1464 1761 1574 1802 cur
1603 1744 1852 1805 inserta
1880 1747 2112 1824 passim
2143 1752 2334 1824 atque
2391 1745 2675 1805 sutfecta
2735 1743 2903 1803 Billii
2954 1761 3062 1802 seu
3093 1742 3414 1818 lectiones,
3449 1761 3559 1803 seu
3592 1743 3844 1821 conjec-

407 1848 602 1912 tura;
639 1860 780 1902 cum
813 1842 1045 1900 fatente
1077 1841 1356 1914 Morello,
1395 1860 1471 1901 ne
1501 1843 1763 1903 obscure
1793 1846 2071 1922 quidem,
2111 1864 2220 1905 nec
2255 1846 2381 1904 ullo
2443 1843 2629 1902 modo
2674 1859 2954 1919 unquam
2997 1841 3396 1918 expresserit,
3430 1841 3582 1919 quid
3615 1841 3846 1920 proba-

401 1948 520 2010 ret,
555 1941 705 2019 quid
738 1939 1070 2019 rejiceret?
1099 1939 1379 2018 Denique
1411 1941 1550 2019 quis
1583 1942 1878 2002 Hercules
1908 1945 1988 2004 ad
2039 1944 2160 2003 hoc
2212 1968 2238 1998 α
2299 1942 2514 2020 Augia
2566 1965 2594 1994 »
2653 1940 2994 2017 plusquam
3063 1963 3090 1992 «
3147 1938 3464 1998 stabulum
3500 1957 3846 2018 repurgan-

399 2039 600 2099 dum?
633 2062 658 2094 ι›
695 2040 772 2098 Et
802 2044 1012 2098 tamen
1044 2037 1191 2097 huic
1219 2037 1395 2116 operi
1448 2038 1820 2100 admovetur
1856 2065 1885 2096 «
1918 2043 2249 2119 prafectus
2281 2037 2776 2100 correctionibus
2819 2036 3344 2116 typographicis;
3379 2060 3408 2092 »
3445 2036 3555 2114 qui
3586 2037 3851 2098 forsitan

404 2137 531 2208 vix,
565 2142 632 2195 ut
663 2136 791 2196 fere
821 2135 912 2207 fit,
950 2137 1160 2196 Graece
1194 2135 1399 2214 legere
1432 2143 1638 2197 norat.

480 2234 679 2293 Venia
733 2239 944 2292 tamen
1003 2233 1178 2311 digni
1235 2233 1526 2292 videntur
1587 2236 1966 2297 Parisienses
2011 2237 2306 2297 editores.
2371 2261 2398 2290 «
2457 2234 2616 2306 Quid
2647 2233 2815 2294 enim
2853 2232 2956 2292 hic
2989 2251 3162 2309 agas,
3201 2254 3228 2289 ι)
3268 2238 3336 2291 ut
3366 2231 3612 2292 Morelli
3641 2231 3854 2292 verbis

404 2336 572 2402 utar,
608 2354 635 2383 «
671 2329 779 2388 ubi
810 2348 1000 2406 quam
1032 2334 1172 2404 λέξιν
1207 2336 1294 2389 καὶ
1329 2336 1482 2411 ῥῆσιν
1513 2331 1711 2410 magis
1747 2333 2060 2411 probaret,
2108 2350 2301 2410 quam
2348 2331 2637 2409 rejiceret
2684 2329 2918 2388 diserte
2971 2347 3294 2406 nunquam
3332 2327 3604 2406 (Billius)
3635 2328 3851 2406 expri-

408 2428 651 2488 meret?
681 2426 799 2489 Ubi
829 2445 954 2486 non
991 2427 1244 2505 ubique,
1278 2449 1305 2485 ι)
1344 2430 1515 2506 quod
1546 2430 1724 2508 ajunt
1754 2430 1817 2489 in
1850 2431 2048 2491 altera
2080 2431 2471 2509 prafatione,
2511 2453 2538 2484 «
2583 2447 2728 2488 cum
2779 2426 3005 2487 Latina
3054 2425 3569 2504 interpretatione
3614 2444 3844 2486 conve-

409 2525 670 2585 niebant
700 2525 1169 2584 emendationes
1200 2531 1257 2584 et
1306 2526 1726 2603 conjectura:
1788 2528 1898 2588 ubi
1957 2528 2155 2589 multa
2200 2530 2262 2588 in
2323 2533 2499 2587 textu
2557 2525 2787 2600 deleta,
2822 2543 2965 2602 qua
3007 2525 3172 2584 idem
3209 2524 3425 2584 Billius
3482 2525 3851 2602 reponenda

403 2629 771 2694 censuerat;
805 2630 867 2683 et
894 2630 1116 2682 contra
1146 2623 1484 2684 sustulerat
1531 2626 1594 2684 in
1642 2627 1866 2686 Latina
1919 2627 2460 2705 interpretatione,
2516 2643 2659 2702 qua
2710 2623 2773 2683 in
2825 2623 3056 2683 Graecis
3117 2622 3340 2682 relicta
3388 2627 3604 2682 erant:
3655 2646 3684 2677 »
3718 2641 3848 2682 uno

400 2720 619 2792 verbo,
651 2720 761 2781 ubi
791 2739 904 2780 nec
939 2720 1162 2780 Latina
1191 2739 1330 2781 cum
1366 2723 1615 2793 Gracis,
1654 2741 1766 2784 nec
1793 2727 2007 2785 Graeca
2038 2744 2180 2784 cum
2214 2723 2449 2785 Latinis
2480 2722 2912 2782 convenirent.
2948 2719 3107 2792 Quid
3151 2737 3330 2798 agas,
3379 2719 3664 2797 inquam,
3699 2719 3846 2792 nisi,

401 2837 517 2878 nec
548 2818 930 2890 Basiliensia,
965 2837 1106 2896 qua
1138 2818 1509 2896 plerumque
1539 2821 1744 2880 deleta
1774 2829 1885 2882 aut
1915 2823 2304 2900 perturbata,
2341 2840 2453 2880 nec
2484 2820 2753 2881 Billiana
2785 2837 2933 2898 qua
2967 2817 3161 2878 dubia
3193 2819 3448 2898 penitus
3479 2823 3540 2878 et
3577 2817 3846 2891 incerta,

408 2915 518 2976 sed
549 2916 940 2976 inconditum
975 2915 1318 2993 quoddam,
1353 2917 1621 2979 informe
1652 2925 1715 2979 et
1745 2921 2115 2998 ambiguum
2149 2940 2307 3000 opus
2339 2920 2486 2979 edas
2507 2921 2536 2979 ?

482 3015 640 3074 Ecce
662 3013 820 3093 jam,
858 3033 981 3074 non
1019 3039 1048 3069 α
1080 3015 1496 3093 propositum,
1531 3038 1559 3072 ι)
1601 3037 1723 3078 non
1763 3042 1791 3072 «
1823 3019 2153 3078 consilium
2187 3037 2260 3079 ac
2292 3017 2652 3088 destinatio,
2691 3041 2718 3071 η
2755 3015 2861 3075 sed
2912 3033 3106 3092 opera
3153 3012 3601 3073 Parisiensium
3637 3012 3847 3073 edito-

398 3129 564 3172 rum.
599 3113 728 3172 Hoc
760 3131 976 3172 eorum
1009 3131 1186 3191 opus,
1223 3113 1376 3190 ipsis
1408 3114 1768 3174 fatentibus.
1806 3116 1959 3176 Hinc
1994 3117 2206 3176 mirari
2237 3116 2405 3175 subit
2448 3115 2555 3193 qui
2609 3114 2766 3173 falso
2816 3113 3060 3172 Gracis
3090 3111 3459 3189 inscriptum
3497 3111 3850 3170 doctissimi

397 3209 564 3272 Billii
595 3228 824 3270 nomen
856 3209 1071 3271 doctos
1103 3211 1338 3289 pariter
1367 3217 1428 3271 et
1458 3212 1743 3274 indoctos
1768 3214 1828 3272 in
1880 3234 2155 3275 errorem
2201 3215 2544 3288 induxerit,
2597 3218 2665 3272 ut
2712 3213 2774 3271 in
2829 3211 2945 3271 hac
2995 3209 3300 3281 editione,
3334 3211 3549 3269 Graca
3581 3209 3846 3270 meliora

397 3327 590 3388 quam
622 3308 686 3367 in
723 3309 1042 3369 Basiliensi
1073 3309 1190 3369 sibi
1223 3310 1694 3388 persuaderent.
1731 3313 1880 3372 Inde
1912 3313 2246 3392 Gregorius
2278 3313 2394 3373 sub
2429 3311 2564 3372 falsi
2600 3311 2764 3370 Billii
2799 3309 3074 3369 nominis
3109 3308 3332 3367 umbra
3384 3307 3706 3384 neglectus
3736 3308 3835 3368 in-

397 3407 730 3488 cultusque
751 3406 944 3486 jacet,
979 3407 1126 3486 quia
1157 3427 1405 3469 summa
1433 3427 1584 3470 cura
1614 3411 1881 3472 collatus
1911 3431 2054 3472 cum
2087 3431 2233 3474 mss.
2266 3417 2330 3472 et
2356 3411 2730 3472 emendatus
2755 3428 2794 3469 a
2823 3408 3007 3468 Billio
3041 3413 3275 3468 temere
3313 3405 3714 3485 praedicatur.

1572 3773 1660 3834 De
1688 3773 2050 3834 correctione
2099 3791 2198 3833 seu
2249 3771 2445 3832 codice
2485 3769 2679 3831 Billii.

485 4069 622 4128 Pra
656 4066 948 4128 manibus
979 4066 1286 4127 habemus
1315 4068 1627 4129 famosum
1685 4069 1849 4130 Billii
1887 4068 2205 4141 volumen,
2270 4069 2346 4128 de
2404 4086 2529 4147 quo
2590 4073 2722 4128 tam
2786 4065 2943 4126 mira
3004 4067 3466 4143 Genebrardus,
3523 4065 3848 4137 Morellus,

401 4172 633 4252 aliique
667 4172 1032 4251 pradicant.
1069 4171 1368 4233 Chatardi
1400 4174 1696 4252 primum,
1731 4175 1831 4235 cui
1864 4175 2315 4235 bibliothecam
2373 4173 2590 4234 Billius
2647 4173 2913 4251 legarat,
2953 4179 3084 4232 tum
3162 4171 3573 4245 Genebrardi,
3622 4170 3855 4230 deinde

403 4270 468 4332 in
505 4271 744 4331 Petavii
777 4289 996 4331 manus
1028 4270 1199 4330 venit
1230 4272 1278 4330 is
1310 4271 1530 4333 codex.
1568 4277 1617 4333 A
1649 4273 1901 4334 Petavio
1933 4281 2221 4332 senatore
2274 4272 2603 4332 Parisiensi
2653 4271 2734 4331 ad
2790 4271 3140 4344 Richerios,
3172 4270 3590 4331 Sorbonicum
3627 4268 3852 4329 docto-

404 4388 534 4429 rem
567 4370 860 4442 alterum,
887 4371 1156 4429 alterum
1194 4371 1502 4430 medicum
1535 4372 1742 4432 fratris
1773 4371 1910 4448 ejus
1941 4372 2164 4444 ﬁlium,
2220 4371 2472 4431 demum
2515 4371 2598 4430 ad
2649 4369 3030 4448 bibliopolas
3063 4369 3327 4429 transiit.
3364 4371 3540 4428 Hunc
3562 4374 3851 4446 emptum

406 4468 500 4528 vir
529 4468 758 4538 clarus,
793 4468 1099 4528 librorum
1133 4476 1195 4528 et
1230 4469 1582 4529 litterarum
1614 4489 1857 4539 amans,
1884 4473 1955 4530 D.
1981 4473 2187 4531 Baron
2216 4470 2595 4530 Senonensis
2629 4469 2997 4546 metrOpolis
3025 4468 3369 4528 canonicus
3400 4473 3461 4527 et
3495 4473 3847 4545 promotor,

407 4584 549 4626 cum
581 4566 659 4626 de
689 4584 853 4626 nova
884 4566 1165 4643 Gregorii
1197 4585 1462 4644 operum
1516 4569 1792 4630 editione
1849 4569 2128 4646 cogitare
2181 4574 2464 4629 nostrum
2517 4567 2792 4627 audisset
2822 4566 3250 4635 Louvardum,
3283 4565 3401 4644 ipsi
3432 4564 3642 4625 statim
3685 4564 3856 4624 ultro

408 4663 638 4724 obtulit
664 4663 918 4735 librum,
953 4669 1143 4743 atque
1177 4664 1364 4725 etiam
1399 4666 1764 4744 generosius
1795 4666 1981 4726 misit.

496 4761 677 4822 Liber
708 4761 911 4822 editus
943 4767 1036 4822 est
1069 4763 1328 4823 Basilea
1361 4764 1529 4842 apud
1563 4765 1941 4842 Hervagium
1995 4783 2162 4825 anno
2216 4767 2390 4825 1550.
2429 4789 2455 4817 ‹‹
2517 4764 2587 4823 In
2648 4781 2782 4835 ora,
2827 4783 2855 4819 ι)
2923 4781 3047 4822 non
3106 4767 3380 4834 tantum,
3427 4766 3496 4821 ut
3555 4759 3857 4821 Morellus

413 4859 820 4932 admonebat,
855 4859 964 4919 sed
998 4859 1165 4920 intra
1209 4861 1405 4921 lineas
1455 4862 1640 4941 longe
1697 4863 2122 4940 frequentius;
2184 4885 2210 4917 α
2275 4882 2390 4922 nec
2447 4861 2941 4933 emendationes,
3001 4859 3421 4938 conjecturas,
3483 4859 3848 4918 lectiones»

411 4958 744 5029 duntaxat,
783 4976 992 5017 verum
1025 4958 1416 5034 glossemata
1454 4960 1667 5033 etiam,
1702 4979 2073 5040 synonyma,
2108 4969 2170 5021 et
2208 4961 2270 5020 id
2304 4980 2500 5038 genus
2533 4959 2676 5032 alia,
2717 4979 2905 5019 manu
2938 4978 3052 5019 sua
3083 4958 3412 5018 adnotavit
3440 4956 3682 5016 Billius.
3720 4959 3846 5017 Sed

411 5056 580 5116 intra
612 5055 807 5114 lineas
835 5055 922 5115 ita
955 5055 1328 5135 plerumque
1357 5057 1493 5118 hac
1523 5057 1775 5130 inserta,
1828 5064 1954 5118 tam
2008 5059 2169 5118 male
2229 5059 2416 5136 picta,
2473 5064 2646 5118 tanta
2704 5058 3070 5118 confusione
3117 5056 3394 5134 ascripta
3424 5059 3593 5126 sunt,
3628 5061 3697 5114 ut
3726 5073 3845 5114 nec

413 5159 654 5232 aperte,
689 5170 801 5212 nec
830 5153 1123 5225 obscure,
1164 5154 1464 5232 nulloque
1497 5174 1752 5234 prorsus
1784 5156 1974 5216 modo
2009 5175 2369 5234 pernoscas,
2396 5177 2517 5215 lmn
2553 5157 2782 5232 dicam,
2819 5174 2960 5234 qua
2991 5154 3208 5234 spuria
3239 5154 3339 5226 sit,
3374 5171 3515 5231 qua
3546 5169 3858 5230 germana

413 5251 622 5323 lectio,
658 5253 764 5312 sed
802 5257 868 5310 ut
900 5271 974 5309 ne
1007 5251 1350 5313 divinando
1391 5253 1645 5332 quidem
1681 5255 2058 5332 assequaris,
2093 5274 2172 5313 an
2205 5255 2315 5314 illa
2346 5255 2529 5315 lectio
2577 5255 2657 5315 sit
2704 5273 2736 5314 e
2787 5252 3230 5332 manuscriptis
3269 5257 3468 5323 eruta,
3505 5255 3615 5310 aut
3644 5267 3678 5309 e
3711 5250 3857 5328 qui-

413 5348 709 5420 busnam,
741 5367 819 5408 an
856 5348 1088 5427 glossa,
1123 5369 1202 5408 an
1235 5353 1622 5429 conjectura,
1659 5370 1738 5411 an
1771 5353 2148 5412 emendatio.
2185 5353 2382 5413 Credo
2415 5354 2728 5430 equidem,
2768 5369 2845 5410 ne
2877 5351 3095 5412 Billius
3140 5351 3274 5429 ipse
3327 5347 3665 5421 redivivus,
3700 5349 3857 5424 quid

414 5445 532 5506 sibi
563 5452 694 5507 tum
730 5447 940 5518 vellet,
977 5449 1165 5507 modo
1197 5456 1404 5526 posset
1433 5449 1772 5528 explicare.
1807 5453 1972 5510 Pura
2003 5458 2157 5528 puta
2189 5458 2334 5511 sunt
2357 5451 2737 5523 adversaria,
2762 5451 2825 5510 in
2851 5469 2994 5528 qua
3025 5450 3195 5510 aliud
3227 5453 3484 5526 agentes
3515 5444 3862 5523 scriptores

416 5545 646 5605 cursim
679 5563 750 5605 ac
785 5546 1156 5606 festinanter
1184 5565 1258 5606 ex
1293 5553 1574 5626 tempore
1607 5554 1879 5608 mentem
1918 5554 2286 5621 exonerant,
2322 5549 2454 5609 sine
2488 5550 2674 5622 serie,
2708 5549 2841 5608 sine
2885 5548 3127 5624 ordine,
3162 5547 3293 5606 sine
3325 5541 3746 5615 distinctione,
3785 5543 3866 5602 ut

419 5642 540 5702 nisi
568 5643 715 5715 cito,
742 5649 852 5703 aut
883 5643 1178 5722 perendie
1210 5643 1522 5721 digerant,
1557 5645 1707 5723 quid
1737 5646 1854 5706 sibi
1887 5646 2222 5720 voluerint,
2257 5647 2371 5725 ipsi
2407 5653 2624 5725 postea
2655 5665 2782 5707 non
2812 5645 3192 5723 intelligant.

498 5740 857 5802 Versionem
918 5760 1096 5801 suam
1157 5742 1361 5821 primo
1421 5743 1672 5822 quidem
1721 5764 1975 5824 magna,
2039 5750 2171 5805 tum
2230 5745 2519 5806 secundis
2578 5745 2742 5805 curis
2799 5762 3046 5804 summa
3106 5741 3440 5804 sedulitate
3490 5738 3708 5800 Billius
3737 5739 3854 5798 ad-
