4080 6442
251 443 294 503 il
1348 449 1765 511 PR/EFATIO
1811 448 1858 509 G

2148 449 2292 509 LlS.
2327 484 2403 494 —-
2433 451 2634 510 PARS
2680 449 2728 509 Ι.
2980 456 3005 469 “
3674 454 3751 513 22

249 581 511 656 ornavit;
555 584 657 645 ad
692 586 944 666 idque
967 586 1219 648 consilii
1243 585 1565 658 lectiones,
1602 583 1866 655 scholia,
1899 583 2162 660 glossas,
2196 582 2616 661 conjecturas,
2654 583 3125 645 emendationes
3156 585 3220 644 in
3261 585 3427 646 edito
3452 605 3566 647 suo
3601 607 3745 665 pro-

249 678 455 741 miscue
491 686 923 763 congessit.
956 688 1196 749 Verum
1227 684 1301 743 de
1335 682 1562 745 Graecis
1587 681 1863 753 edendis,
1900 700 2006 739 seu
2040 680 2389 759 desperarit
2419 682 2698 757 omnino,
2752 682 2919 761 quod
2952 683 3229 743 insinuat
3260 685 3735 759 Genehrardus;

247 794 326 837 seu
351 782 543 857 quod
578 784 875 859 verius,
924 785 1098 845 serio
1124 800 1444 861 nunquam
1477 781 1769 859 cogitarit
1796 779 1904 853 ;iis
1936 785 2103 840 certe
2136 799 2338 858 neque
2360 781 2660 860 studium,
2696 800 2899 855 neque
2932 801 3145 842 curam
3182 783 3375 842 ullam
3402 783 3740 862 impendit;

246 874 342 937 imo
376 878 477 939 sic
510 882 979 959 perturbata
1006 882 1277 960 reliquit,
1306 886 1374 942 ut
1405 880 1556 959 quid
1589 878 2023 955 rejiciendum,
2059 878 2209 957 quid
2269 879 2690 953 retinendum,
2744 879 2864 958 ipsi
2921 880 3191 941 editores
3248 900 3373 941 non
3434 883 3752 960 potuerint

252 992 601 1053 agnoscere
637 997 785 1040 nec
822 982 1182 1060 quisquam
1214 979 1409 1059 possit
1438 977 1807 1055 intelligere.
1843 979 2177 1054 Nunquam
2228 978 2435 1037 Grmce
2459 977 2739 1055 Gregorii
2771 996 2965 1056 opera
3004 979 3187 1039 edere
3220 979 3598 1039 destinatum
3656 981 3749 1041 illi

258 1074 457 1136 animo
485 1077 667 1138 fuit:
710 1085 789 1140 et
825 1086 1037 1151 certe,
1071 1079 1122 1138 si
1150 1079 1211 1138 id
1244 1078 1406 1138 serio
1438 1077 1797 1155 cogitasset,
1831 1074 1881 1134 si
1904 1074 2079 1152 operi
2111 1092 2366 1135 manum
2401 1076 2801 1147 admovisset,
2860 1076 2911 1135 si
2960 1066 3111 1154 quid
3169 1078 3602 1156 promovisset,
3638 1098 3751 1139 cur

262 1189 324 1232 eo
343 1178 525 1235 statu
552 1175 824 1237 saltem
863 1180 1091 1239 Graeca
1122 1174 1491 1236 Nazianzeni
1524 1194 1648 1233 non
1682 1173 1956 1250 reliquit,
1993 1191 2119 1250 quo
2151 1173 2371 1232 Isidori
2402 1173 2736 1233 Pelusiolre
2781 1175 3101 1251 epistolas,
3137 1194 3295 1252 quas
3325 1194 3357 1234 e
3383 1175 3547 1235 Billii
3580 1177 3751 1237 sche-

272 1270 354 1332 dis
380 1274 686 1335 triennio
724 1282 895 1354 post
927 1276 1065 1354 ejus
1086 1274 1328 1335 obitum
1363 1276 1573 1334 Graece
1605 1279 1664 1331 et
1711 1271 1926 1331 Latine
1957 1270 2305 1331 Chatardus
2335 1270 2559 1331 excudi
2590 1272 2867 1331 curavit:
2906 1273 3033 1332 imo
3084 1293 3209 1351 quo
3262 1279 3428 1333 statu
3489 1275 3747 1354 reliquit

279 1376 529 1432 centum
562 1372 824 1451 viginti
849 1378 1097 1453 septem
1143 1371 1423 1449 ejusdem
1455 1368 1734 1447 Gregorii
1768 1368 2087 1448 epistolas,
2123 1387 2264 1446 qua}
2307 1371 2517 1429 Graece
2550 1368 2786 1447 pariter
2834 1375 2896 1428 et
2952 1370 3169 1429 Latine
3227 1370 3364 1447 ipso
3416 1391 3574 1449 pene
3624 1393 3749 1450 quo

288 1475 576 1529 mortuus
607 1476 711 1530 est
745 1489 929 1531 anno
962 1470 1249 1549 prodiere
1276 1469 1306 1529 ?
1338 1468 1497 1540 Quid
1520 1467 1896 1538 Chatardus,
1930 1466 2039 1544 qui
2061 1472 2121 1526 et
2145 1466 2206 1525 in
2241 1466 2444 1545 elogio
2474 1466 2695 1527 Jacobi
2724 1467 2912 1538 Billii,
2951 1474 3013 1526 et
3042 1467 3103 1525 in
3135 1468 3401 1545 epistola
3431 1470 3511 1528 ad
3540 1471 3744 1530 Gode-

297 1567 527 1628 fridum
558 1568 846 1629 Billium
874 1569 1015 1647 ejus
1046 1569 1325 1641 fratrem,
1360 1567 1651 1646 deposita
1680 1565 1851 1644 apud
1883 1583 1949 1625 se
1982 1564 2121 1625 Bilii
2152 1565 2390 1624 inedita
2420 1583 2636 1643 opera,
2680 1586 2707 1621 «
2739 1566 2913 1624 velut
2960 1565 3333 1642 posthumos
3368 1590 3396 1621 ›)
3433 1569 3741 1645 quosdam

307 1690 335 1721 α
363 1666 559 1727 libros
592 1691 625 1723 ››
664 1667 1002 1746 pollicitus
1033 1673 1189 1739 erat,
1224 1666 1393 1725 hunc
1422 1664 1603 1725 nobis
1638 1682 1851 1736 unum,
1888 1669 1949 1723 et
1979 1668 2131 1723 natu
2170 1664 2496 1741 majorem,
2552 1669 2615 1723 et
2668 1663 2919 1741 parenti
2966 1663 3345 1737 chariorem,
3398 1670 3459 1724 et
3516 1667 3739 1727 merito

310 1766 825 1845 praestantiorem
861 1767 1131 1827 invidit?
1164 1766 1371 1827 Primo
1400 1782 1673 1843 namque
1704 1767 2045 1841 conceptus
2076 1782 2111 1823 a
2145 1762 2325 1823 Billio
2357 1764 2519 1824 fetus
2552 1763 2651 1823 hic
2684 1763 2821 1831 fuit,
2859 1763 3087 1843 vixque
3121 1767 3352 1825 Graecae
3384 1765 3616 1843 linguae
3650 1771 3746 1846 ty-

313 1864 552 1924 rocinia
574 1870 941 1925 excesserat
968 1864 1099 1937 ille,
1139 1888 1168 1919 «
1198 1863 1281 1943 (a)
1313 1866 1467 1924 Cum
1499 1862 1751 1922 incessit
1782 1862 1837 1921 ei
1868 1860 2180 1940 cupiditas
2213 1860 2548 1920 Latinitate
2582 1860 2749 1921 hunc
2784 1860 3201 1940 (Gregorium)
3240 1862 3519 1923 donandi
3575 1870 3636 1923 et
3667 1866 3747 1923 ab

314 1962 669 2023 innumeris
700 1962 935 2041 quibus
966 1962 1246 2022 scatebat
1289 1960 1530 2021 mendis
1555 1965 1616 2021 et
1644 1958 1905 2020 salebris
1936 1959 2344 2037 repurgandi.
2395 1961 2590 2019 Totus
2647 1964 2782 2019 erat
2832 1958 3094 2039 (Billius)
3127 1959 3189 2018 in
3224 1961 3609 2039 Gregoriano
3638 1962 3748 2023 illo

314 2078 533 2139 opere,
564 2060 742 2139 quod
776 2078 903 2121 non
934 2060 1250 2121 immerito
1284 2059 1613 2139 pistrinum
1648 2076 1855 2130 suum,
1889 2056 1952 2117 in
2010 2075 2137 2134 quo
2196 2057 2300 2116 diu
2361 2056 2417 2117 ei
2478 2056 2841 2117 molendum
2895 2057 3033 2129 fuit,
3085 2056 3321 2117 alicubi
3373 2060 3676 2138 appellat.
3719 2085 3745 2116 »

310 2156 506 2218 Addit
532 2158 704 2218 infra
736 2157 1133 2218 Chatardus:
1175 2155 1542 2235 «Cupiebat
1598 2161 1659 2216 et
1711 2156 1845 2235 ipse
1905 2153 2166 2234 (Billius)
2228 2155 2533 2233 impense,
2591 2155 2741 2214 dum
2801 2161 3116 2233 superstes
3147 2162 3303 2227 erat,
3365 2163 3434 2216 ut
3493 2159 3745 2218 Graecus

309 2260 685 2316 sanctorum
713 2254 967 2315 illorum
996 2258 1248 2315 Pateum
1273 2273 1432 2334 quos
1462 2253 1806 2325 transtulit,
1843 2257 2173 2313 contextus
2203 2252 2282 2311 ab
2339 2254 2474 2330 ipso
2534 2252 2895 2330 recognitus
2925 2259 2984 2312 et
3014 2253 3094 2313 ab
3124 2253 3471 2314 innumeris
3505 2256 3745 2315 mendis

315 2352 678 2413 vindicatus
707 2353 1132 2426 recuderetur,
1167 2354 1563 2431 maximeque
1591 2352 1661 2410 D.
1700 2350 1982 2429 Gregorii
2012 2351 2458 2411 Nazianzeni...
2491 2352 2554 2410 in
2614 2370 2738 2430 quo
2796 2351 3185 2429 castigando,
3231 2354 3655 2415 convertendo
3688 2361 3748 2415 et

308 2451 464 2511 illus
484 2450 719 2512 trando
751 2450 856 2511 diu
884 2450 1279 2529 multumque
1309 2470 1373 2512 se
1405 2450 1659 2511 torsit...
1696 2450 1818 2512 Sed
1836 2450 1957 2510 hoc
1987 2467 2023 2510 a
2054 2449 2414 2528 bibliopolis
2444 2468 2770 2528 nunquam
2794 2451 3095 2529 consequi
3125 2451 3352 2530 potuit,
3388 2453 3495 2530 qui
3526 2471 3564 2513 a
3586 2456 3747 2514 Graev

311 2548 408 2609 cis
437 2555 503 2610 et
533 2548 818 2609 Hebraeis
846 2548 1105 2609 edendis
1134 2549 1322 2628 plane
1354 2548 1721 2609 abhorrent.
1755 2571 1786 2604 »

396 2665 468 2725 Id
500 2663 760 2742 quidem
791 2665 1072 2745 impense
1098 2664 1339 2740 Billius,
1375 2670 1437 2726 et
1465 2683 1501 2725 a
1535 2663 1752 2745 primis
1782 2664 1911 2724 fere
1969 2665 2199 2725 Graecae
2258 2663 2489 2741 linguae
2547 2661 2869 2741 tyrociniis
2908 2662 3204 2743 cupiebat,
3239 2664 3449 2724 nullus
3479 2664 3698 2725 dubito
3726 2686 3739 2727 :

308 2761 511 2841 Operi
542 2780 661 2840 par
689 2768 843 2835 erat,
878 2769 939 2823 et
968 2764 1227 2824 confusa
1258 2764 1402 2823 licet
1431 2766 1655 2842 parata
1684 2761 1973 2835 materia,
2004 2762 2269 2821 feliciter
2298 2769 2509 2821 tamen
2542 2760 2903 2839 perfecisset
2932 2760 3277 2840 inceptum,
3312 2762 3362 2821 si
3394 2781 3535 2841 spes
3557 2762 3745 2824 eden—

311 2860 383 2919 di
416 2860 638 2938 aliqua
668 2866 800 2920 tum
831 2861 1189 2922 affulsisset.
1224 2864 1455 2925 Verum
1488 2879 1629 2922 cum
1654 2861 1830 2920 nulla
1859 2858 2213 2937 aﬂ'ulgeret,
2246 2860 2311 2919 in
2344 2859 2570 2921 Graecis
2603 2878 2812 2937 operae
2846 2865 3091 2920 tantum
3124 2859 3481 2935 collocavit,
3541 2881 3744 2941 quan—

319 2964 459 3018 tum
492 2958 1005 3038 interpretationi
1035 2979 1163 3020 suae
1194 2961 1547 3021 conducere
1570 2959 1900 3039 judicavit.
1937 2962 2066 3019 Hoc
2126 2959 2244 3019 fuit
2291 2977 2447 3037 Opus
2477 2958 2643 3018 Billii
2701 2958 2867 3018 circa
2926 2960 3209 3019 Grmcum
3272 2960 3592 3037 Gregorii:
3649 2961 3751 3021 hic

318 3076 488 3117 unus
518 3056 725 3130 labor,
756 3079 785 3115 α
816 3060 879 3117 in
907 3076 1034 3136 quo
1065 3065 1232 3119 totus
1264 3059 1398 3131 fuit,
1440 3082 1467 3113 ››
1501 3059 1601 3119 cui
1634 3060 1820 3118 etiam
1854 3058 2233 3117 immortuus
2264 3064 2377 3117 est.
2417 3059 2572 3117 Cum
2606 3062 2815 3116 autem
2874 3057 3229 3117 Chatardus
3288 3058 3377 3117 ait
3430 3058 3494 3117 in
3543 3058 3748 3135 elogio

313 3155 538 3216 Billii:
584 3177 615 3212 α
648 3156 873 3216 Omnia
912 3159 986 3216 D.
1020 3157 1303 3234 Gregorii
1350 3157 1722 3217 Nazianzeni
1770 3160 1975 3234 Opera
2023 3162 2366 3233 repurgata
2413 3161 2475 3213 et
2526 3154 2722 3213 multo
2780 3153 3064 3213 auctiora
3133 3155 3318 3227 facta,
3380 3156 3750 3233 conquisitis

313 3253 627 3313 nimirum
660 3253 1079 3332 undequaque
1111 3255 1423 3315 veteribus
1455 3254 1684 3315 Graecis
1714 3253 2198 3332 exemplaribus,
2237 3251 2573 3330 multisque
2605 3252 2684 3310 ad
2718 3270 2860 3311 eum
2898 3252 3172 3313 missis...
3211 3252 3372 3329 typis
3396 3255 3677 3327 mandat,
3712 3278 3741 3309 ››

313 3358 471 3411 etc.:
506 3369 582 3411 ex
616 3351 711 3411 his
733 3352 939 3412 verbis
967 3353 1282 3425 discimus,
1317 3372 1610 3433 quaenam
1636 3372 1673 3413 a
1702 3353 1884 3413 Billio
1923 3374 1953 3410 α
1983 3358 2400 3430 repurgata,»
2466 3357 2528 3409 et
2583 3350 2680 3409 cui
2742 3352 2824 3409 rei
2894 3372 2921 3407 (ί
2952 3350 3303 3428 conquisita
3335 3375 3364 3405 ››
3432 3352 3748 3430 missaque

314 3449 719 3529 exemplaria
751 3452 1003 3524 Greca;
1035 3451 1331 3512 nimirum
1368 3475 1398 3508 «
1432 3452 1835 3529 castigandis,
1899 3449 2438 3527 recognoscendis,
2501 3450 3027 3527 repurgantisque
3059 3472 3088 3502 ››
3155 3449 3437 3526 pauculis
3495 3452 3745 3521 Graecis,

316 3553 388 3608 et
420 3548 664 3607 Latinae
694 3547 888 3627 ipsius
916 3548 1422 3628 interpretationi
1451 3550 1837 3627 editionique
1861 3548 2145 3627 Gregorii
2179 3548 2594 3626 perficiendae,
2633 3547 2885 3625 qualem
2920 3553 3201 3606 extrema
3261 3565 3453 3607 manu
3485 3548 3749 3626 politam

316 3646 606 3706 moriens
637 3663 805 3706 anno
839 3646 995 3707 1582
1026 3646 1243 3708 Billius
1275 3647 1531 3726 reliquit
1558 3666 1827 3728 qumque
1855 3664 2022 3706 anno
2054 3645 2342 3725 sequenti
2398 3664 2431 3704 e
2494 3645 2666 3723 prelo
2726 3662 2977 3721 egressa
3007 3649 3136 3704 est:
3172 3648 3237 3703 at
3267 3644 3495 3705 Graecis
3524 3647 3756 3707 oratio-

317 3741 538 3815 nibus,
568 3743 977 3817 carminibus,
1013 3750 1074 3804 et
1100 3744 1379 3825 epistolis
1409 3746 1551 3825 plus
1580 3763 1789 3825 operae
1813 3750 2118 3825 prazterea
2147 3743 2306 3803 nihil
2333 3740 2659 3820 impendit.

410 3857 476 3919 Si
508 3859 760 3920 Graecus
787 3866 1115 3922 contextus
1136 3881 1173 3923 a
1200 3862 1382 3923 Billio
1403 3868 1499 3923 est
1530 3887 1559 3917 «
1594 3863 1883 3933 collatus,
1920 3861 2300 3939 recognitus,
2360 3866 2758 3938 repurgatus,
2828 3857 3471 3936 castigatissimusque
3498 3884 3525 3914 ι)
3567 3860 3751 3920 effec-

318 3958 454 4026 tus,
490 3962 561 4016 ut
589 3964 849 4018 narrant
880 3959 1316 4021 Genebrardus
1344 3966 1408 4021 et
1436 3959 1788 4021 Chatardus
1824 3977 1838 4032 ;
1872 3978 2005 4032 cur,
2041 3977 2278 4037 quasso,
2315 3957 2426 4016 viri
2458 3956 2627 4017 docti
2683 3955 2992 4033 Billioque
3049 3954 3546 4034 conjunctissimi
3590 3976 3752 4036 opus

328 4073 364 4109 α
402 4054 959 4133 castigatissimum
986 4081 1016 4114 ι
1048 4077 1178 4137 pra;
1210 4058 1453 4119 caeteris
1484 4058 1771 4119 mandari
1800 4057 1965 4137 typis
1995 4076 2117 4117 non
2152 4056 2500 4116 curarunt?
2536 4057 2779 4133 Ergone
2838 4054 2902 4113 id
2950 4073 2987 4114 a
3044 4054 3403 4132 bibliopolis
3451 4058 3752 4136 consequi

323 4169 459 4211 non
493 4159 877 4231 potuerunt;
926 4155 1035 4233 qui
1066 4156 1591 4217 recalescentibus
1622 4156 1812 4236 paulo
1864 4162 2009 4235 post
2067 4159 2421 4217 Graecarum
2484 4154 3062 4229 Hebraicarumque
3119 4152 3471 4213 litterarum
3505 4154 3748 4229 studiis,

320 4249 530 4328 ipsius
563 4253 935 4314 Nazianzeni
963 4254 1259 4334 plurima,
1291 4261 1423 4316 tum
1457 4255 1682 4315 Isidori
1715 4256 2006 4315 volumen
2038 4255 2381 4332 integrum,
2441 4254 2674 4325 omnia,
2729 4255 2941 4312 Graece
2983 4262 3045 4311 et
3102 4252 3316 4311 Latine
3358 4252 3698 4330 vulgarunt
3726 4255 3755 4312 ?

322 4347 496 4417 Quin
519 4348 709 4409 etiam
743 4350 913 4412 haud
944 4352 1032 4412 ita
1066 4353 1262 4413 multo
1285 4358 1447 4432 post,
1483 4353 1620 4430 ipsa
1653 4353 1933 4431 Gregorii
1964 4352 2337 4412 Nazianzeni
2367 4352 2583 4411 omnia
2604 4350 3002 4427 aliorumque
3023 4349 3181 4409 bene
3217 4349 3557 4409 multorum
3592 4370 3747 4430 ope-

321 4462 406 4505 ra
436 4448 648 4507 Greece
678 4454 740 4508 et
768 4450 983 4510 Latine
1014 4451 1177 4530 typis
1200 4451 1681 4529 elegantissimis
1713 4451 1882 4511 edita
1912 4456 2075 4511 sunt.
2111 4454 2317 4513 Unum
2344 4450 2651 4509 duntaxat
2682 4448 2908 4508 addam
2939 4466 2951 4505 :
2990 4454 3195 4507 textus
3238 4447 3342 4506 ille
3376 4472 3402 4502 α
3432 4467 3747 4527 expurga-

319 4545 436 4601 tus
465 4549 531 4602 et
560 4544 1095 4622 castigatissimus,
1131 4569 1158 4604 ››
1196 4566 1387 4625 quam
1413 4547 1766 4609 Chatardus
1796 4553 1858 4607 et
1886 4546 2323 4607 Genebrardus
2354 4545 2665 4617 viderunt,
2719 4544 2824 4603 ille
2880 4544 3013 4622 ipse
3069 4548 3183 4615 est,
3245 4562 3433 4620 quem
3493 4544 3756 4605 exhibet
3854 4547 3857 4551 ’

325 4645 626 4718 emptum
674 4659 711 4700 a
737 4644 808 4702 D.
844 4644 1049 4704 Baron
1083 4644 1461 4705 Senonensis
1494 4644 1860 4723 metropolis
1891 4643 2215 4716 canonico,
2246 4643 2631 4721 missumque
2679 4642 2749 4699 D.
2814 4640 3147 4700 Francisco
3205 4641 3496 4700 Louvard
3551 4660 3757 4701 exem-

324 4738 521 4816 plar;
556 4741 722 4817 quod
755 4748 1110 4820 opportune
1139 4747 1454 4802 servatum
1491 4761 1613 4803 non
1646 4742 1899 4803 excidit.
1964 4742 2120 4801 Hinc
2167 4747 2337 4800 certo
2394 4741 2691 4800 discimus
2752 4738 3203 4797 correctionem
3254 4738 3583 4798 Billianam
3616 4758 3760 4799 nus-

327 4854 533 4913 quam
566 4842 1151 4919 exstare,nusquam
1187 4840 1515 4913 exstitisse,
1548 4842 1834 4919 adeoque
1863 4840 2279 4900 Parisiensem
2338 4837 2677 4898 editionem
2728 4855 2853 4896 non
2890 4835 3113 4913 majori
3142 4836 3207 4895 in
3266 4835 3525 4907 honore,
3563 4855 3755 4915 quam

330 4935 759 4995 Basileensem
792 4936 1172 5010 habendam,
1208 4938 1285 4997 de
1316 4957 1443 5017 qua
1474 4938 1728 4999 Billius:
1773 4961 1802 4995 α
1831 4938 2265 5016 Hervagianus
2288 4937 2505 5008 codex,
2531 4936 2637 5013 qui
2670 4954 2832 4995 unus
2861 4935 3629 5013 suppetebat,tottamque
3652 4936 3759 4995 fm-

329 5034 434 5093 dis
463 5034 781 5094 erroribus
810 5036 1109 5107 scatebat,
1132 5042 1202 5095 ut
1223 5036 1304 5096 ad
1330 5040 1447 5096 hoc
1469 5036 1685 5115 Augia:
1707 5036 2025 5097 stabulum
2048 5034 2517 5114 repurgandum
2552 5052 2674 5095 non
2710 5052 2836 5093 uno
2866 5032 3130 5092 Hercule
3161 5052 3320 5110 opus
3350 5038 3531 5092 esset.
3568 5033 3754 5093 Nulla

334 5132 758 5202 oratio,nulla
781 5133 1240 5212 propemodum
1260 5134 1493 5213 pagina
1521 5134 1945 5213 gravissimis:

2145 5155 2167 5194 s
2188 5134 2691 5195 vacabatfolocu’)
2702 5138 2971 5212 ματος,υὶ
2988 5131 3459 5205 itadicam,erat
3476 5131 3611 5191 haec
3628 5131 3756 5211 pla-

330 5248 440 5309 ga.
482 5254 511 5285 ι’
563 5229 915 5291 Chatardus
963 5232 1150 5292 etiam
1192 5231 1327 5291 haec
1384 5232 1462 5292 de
1517 5232 1698 5293 Billio
1755 5232 1969 5293 scribit
2027 5233 2105 5293 ad
2140 5232 2395 5292 fratrem
2446 5230 2583 5309 ejus
2633 5229 3111 5290 Laudunensem
3144 5228 3460 5297 abbatem,
3497 5228 3598 5288 cui
3629 5228 3755 5289 Bil-

330 5329 579 5391 lianam
610 5329 920 5391 Isidorum
950 5334 1299 5409 nuncupat.
1362 5353 1392 5386 «
1415 5330 1702 5391 Pudebat
1757 5330 1922 5391 enim
1981 5348 2151 5403 eum,
2213 5330 2382 5409 quod
2440 5329 2749 5390 Graecia...
2786 5334 2912 5388 tam
2944 5327 3223 5399 doctum,
3260 5333 3388 5385 tam
3422 5326 3751 5399 disertum,

333 5433 597 5508 tamque
627 5427 972 5489 facundum
1001 5434 1325 5490 auctorem
1348 5435 1412 5490 et
1439 5434 1753 5491 oratorem
1786 5448 1969 5490 suum
2000 5428 2265 5489 haberet
2294 5435 2423 5489 tam
2458 5428 2748 5495 mutilum
2798 5444 2872 5486 ac
2931 5425 3231 5496 lacerum,
3289 5429 3505 5501 totque
3553 5424 3757 5503 plagis

409 5804 488 5874 (a)
516 5801 678 5876 Elog.
716 5799 900 5869 Billii,
931 5799 1099 5873 epist.
1132 5801 1204 5857 ad
1238 5800 1437 5857 Godef.
1478 5799 1734 5871 Billium,
1766 5816 1925 5871 oper.
1959 5799 2197 5871 Gregor.
2231 5798 2324 5854 ed.
2357 5815 2431 5853 an
2466 5797 2621 5865 1583,
2655 5815 2711 5869 p.
2749 5797 2901 5853 1550.
