4080 6440
372 399 449 462 93
1405 401 1825 464 PREFA'I‘IO
1871 401 2332 463 GENEBALIS.
2369 435 2446 446 —
2476 402 2679 462 PARS
2727 401 2778 462 Ι.
3746 397 3824 454 24

371 534 762 608 confossum,
800 540 867 594 ut
897 535 1234 596 semivivus
1265 535 1524 596 relictus
1558 535 1894 595 videretur.
1932 559 1961 590 »
1999 537 2146 606 Quae
2179 554 2318 595 cum
2350 554 2494 594 vera
2526 535 2668 607 sint,
2706 539 2894 612 atque
2917 533 2979 593 in
3011 533 3432 594 Parisiensem
3467 531 3823 591 editionem

369 631 616 710 possint
646 633 1022 708 retorqueri,
1061 640 1129 692 ut
1158 653 1232 693 ex
1265 633 1446 692 dictis
1478 640 1748 704 constat,
1773 632 1918 692 inde
1950 652 2200 710 quoque
2234 639 2520 692 constare
2553 632 2740 691 debet
2771 631 3188 691 necessariam
3222 649 3354 690 esse
3387 647 3625 689 novam
3656 630 3824 707 Ope-

277 723 282 728 ’
371 746 512 787 rum
560 729 846 806 Gregorii
879 729 1256 789 Nazianzeni
1289 729 1670 801 editionem;
1700 730 1970 789 maxime
2012 748 2152 788 cum
2216 729 2391 788 nulla
2442 729 2520 788 sit
2577 747 2718 806 quae
2761 728 2977 788 omnia
3036 728 3172 805 ejus
3228 729 3436 805 Opera
3467 726 3823 796 contineat,

370 826 549 886 nulla
579 845 724 904 quae
757 845 882 886 non
915 827 1266 886 innumeris
1301 827 1543 886 mendis
1573 835 1829 886 scateat.
1865 827 1957 885 Ad
1984 845 2208 885 novam
2248 827 2437 904 igitur
2469 831 2740 903 Operum
2774 825 3056 902 Gregorii
3101 825 3442 885 editionem
3506 823 3831 884 adornan-

369 922 516 983 dam
551 925 746 984 nostri
771 931 918 984 sunt
940 925 1243 1003 aggressi.
1270 926 1518 984 Primus
1550 925 1725 1002 operi
1758 942 2014 983 manum
2048 925 2328 984 admovit
2358 928 2428 984 D.
2471 923 2743 984 Jacobus
2801 923 3118 983 Frischius
3151 944 3164 996 ;
3230 943 3356 1002 quo
3418 922 3616 1001 paulo
3682 929 3828 1000 post

369 1021 707 1098 exstincto,
742 1023 919 1100 operi
952 1023 1254 1082 successit
1284 1026 1354 1082 D.
1382 1023 1751 1082 Franciscus
1781 1023 2068 1080 Louvard
2099 1041 2113 1094 ;
2150 1041 2364 1081 verum
2400 1028 2493 1080 tot
2533 1021 3012 1099 tempestatibus
3075 1021 3343 1096 iactatus
3399 1029 3500 1080 est
3562 1028 3634 1079 ut
3694 1037 3829 1078 rem

369 1119 671 1180 infectam
705 1120 1064 1199 relinquere
1097 1127 1355 1180 coactus
1386 1120 1486 1180 sit.
1521 1123 1680 1180 Tum
1716 1126 1924 1198 partes
1948 1119 2085 1178 illas
2116 1120 2387 1197 suscepit
2411 1122 2479 1179 D.
2520 1118 2890 1178 Prudentius
2934 1120 3175 1190 Maran,
3236 1119 3342 1177 sed
3396 1136 3430 1176 e
3463 1124 3832 1177 transverso

373 1235 544 1278 mors
572 1218 903 1278 incurrens
933 1220 1137 1278 virum
1162 1219 1420 1279 doctum
1445 1217 1725 1288 abstulit,
1764 1218 2129 1295 priusquam
2162 1236 2319 1294 opus
2351 1233 2742 1294 promovere,
2776 1217 3005 1275 nedum
3042 1216 3341 1292 perficere
3375 1214 3684 1294 potuerit.
3715 1215 3833 1273 De-

376 1332 550 1374 mum
585 1334 722 1390 nos,
756 1313 902 1376 licet
932 1315 1208 1394 impares
1241 1320 1417 1374 tanto
1449 1313 1645 1385 oneri,
1689 1336 1718 1367 «
1749 1313 1809 1372 in
1843 1331 2059 1373 eorum
2094 1313 2362 1385 labores,
2405 1339 2430 1367 »
2465 1313 2643 1372 inviti
2665 1314 2770 1373 sed
2794 1312 2974 1391 jussi,
3013 1313 3411 1372 intravimus.
3477 1311 3649 1384 Quid
3701 1311 3828 1371 sin-

372 1412 591 1490 guliin
624 1412 745 1474 bac
773 1412 1052 1474 editione
1085 1412 1515 1492 praestiterint,
1548 1429 1714 1471 nunc
1745 1411 2212 1490 exponendum.

530 1769 568 1846 §
597 1768 850 1838 11.0010
894 1783 1116 1829 nos-riu
1159 1782 1222 1828 nl
1267 1783 1385 1829 asc
1430 1782 1717 1828 BDITIORE
1761 1782 2003 1828 oraaun
2046 1781 2329 1829 esseom
2373 1783 2741 1828 anoamnns
2788 1781 3242 1828 Ρηετιτειιιιτ
3288 1785 3664 1832 axrom'rua.

451 2089 749 2152 Stadium
784 2089 954 2150 istud
986 2089 1095 2167 qui
1126 2089 1302 2168 prior
1331 2087 1651 2166 ingressus
1683 2088 1908 2160 fuerat,
1943 2087 2218 2148 Jacobus
2251 2089 2566 2150 Frischius
2600 2095 2798 2150 morte
2843 2090 3051 2150 statim
3111 2096 3205 2151 est
3265 2090 3601 2165 sublatus;
3641 2109 3844 2170 quas-

372 2189 521 2249 dam
558 2193 811 2247 tantum
847 2186 1163 2246 variantes
1193 2185 1496 2246 lectiones
1523 2186 1798 2263 reliquit.

457 2289 532 2345 D.
565 2284 944 2345 Franciscus
975 2284 1290 2355 Louvard,
1325 2283 1434 2361 qui
1465 2283 1766 2342 successit
1795 2282 1994 2360 operi,
2058 2280 2164 2340 diu
2226 2282 2618 2358 multumque
2675 2283 3014 2356 insudavit,
3077 2285 3232 2344 nulli
3283 2285 3572 2363 pepercit
3603 2286 3847 2348 labori.

376 2381 679 2445 Ardentis
721 2382 961 2460 ingenii
991 2382 1300 2460 impetum
1334 2388 1608 2452 secutus,
1635 2379 2057 2457 undequaque
2088 2379 2502 2456 conquirebat
2545 2380 2851 2457 quidquid
2899 2383 3294 2460 propositum
3357 2402 3546 2442 suum
3604 2383 3848 2462 juvare

377 2487 618 2561 posset.
648 2481 784 2552 Quo
815 2481 1051 2540 factum
1085 2485 1201 2551 est,
1241 2485 1306 2538 ut
1337 2479 1708 2538 immensam
1743 2497 1950 2538 rerum
1983 2477 2063 2537 ad
2097 2478 2378 2554 Gregorii
2408 2479 2745 2538 editionem
2805 2482 3300 2540 necessariarum
3361 2482 3617 2561 copiam
3680 2501 3846 2543 con-

381 2579 673 2658 gesserit.
710 2581 945 2638 Omnes
975 2596 1135 2657 pene
1155 2576 1465 2637 editiones
1495 2576 1908 2656 comparavit,
1968 2577 2099 2635 sive
2147 2579 2413 2646 Graecas,
2449 2576 2578 2634 sive
2637 2577 2908 2652 Latinas,
2974 2578 3101 2636 sive
3151 2580 3721 2653 Graeco-Latinas;
3759 2581 3848 2641 ad

373 2696 562 2758 quas,
599 2700 628 2732 ι
665 2677 901 2747 omnia,
937 2678 989 2736 si
1019 2676 1300 2755 paucula
1328 2675 1616 2752 quaedam
1652 2674 1948 2752 excipias,
1983 2697 2013 2728 »
2052 2691 2170 2733 ase
2201 2680 2422 2732 exacta
2453 2673 2637 2732 fuisse
2668 2675 2948 2750 Gregorii
2978 2679 3185 2753 Opera
3210 2682 3507 2737 testatur.
3543 2679 3676 2739 Has
3707 2698 3852 2740 om-

375 2793 487 2834 nes
521 2773 715 2850 longe
745 2773 969 2832 ordine
996 2778 1304 2841 recenset,
1339 2770 1746 2845 Basileenses,
1781 2771 2100 2841 Billianas,
2137 2776 2282 2841 etc.,
2322 2769 2640 2840 lectiones,
2677 2789 2816 2848 quae
2871 2771 2947 2830 ad
3007 2772 3245 2832 calcem
3279 2774 3636 2833 editionum
3684 2777 3854 2856 reji-

372 2871 670 2930 ciuntur:
703 2875 898 2947 atque
919 2869 1112 2928 etiam
1146 2868 1374 2944 siquas
1407 2867 1706 2926 lectiones
1737 2868 1833 2926 vel
1866 2874 2045 2926 notas
2077 2885 2114 2926 a
2135 2866 2286 2924 viris
2317 2866 2514 2924 doctis
2541 2866 2601 2924 in
2634 2884 2744 2926 ora
2777 2866 3080 2927 librorum
3115 2871 3387 2948 scriptas
3418 2872 3624 2945 novit,
3664 2878 3859 2935 tanta

371 2962 713 3041 diligentia
743 2962 1105 3041 exquisivit,
1141 2969 1212 3020 ut
1242 2960 1498 3020 tandem
1532 2961 1854 3038 repererit.
1892 2960 2401 3020 Famosissimum
2458 2959 2750 3019 volumen
2782 2962 3148 3022 Basileensis
3205 2963 3534 3037 editionis,
3598 2967 3665 3025 in
3722 2987 3860 3046 quo

373 3061 687 3123 lectiones
717 3066 780 3119 et
808 3059 1310 3128 emendationes,
1349 3076 1489 3134 qua:
1522 3076 1554 3117 e
1588 3076 1779 3116 manu
1813 3057 1974 3117 Billii
2005 3059 2085 3117 ad
2117 3075 2260 3118 oras
2317 3064 2378 3116 et
2435 3057 2597 3116 intra
2656 3058 2850 3117 lineas
2905 3061 3155 3138 scriptae
3215 3070 3388 3134 sunt,
3459 3071 3697 3142 sponte
3731 3085 3864 3128 sua

374 3159 659 3236 benigne
690 3157 948 3216 obtulit.
984 3164 1056 3216 ut
1079 3157 1215 3233 jam
1249 3155 1486 3214 dictum
1511 3163 1625 3226 est,
1687 3155 1781 3213 vir
1837 3155 2219 3214 clarissimus
2252 3157 2320 3213 D.
2358 3156 2584 3214 Baron.
2622 3156 2806 3214 Aliud
2839 3157 3119 3234 ejusdem
3151 3159 3454 3220 editionis
3477 3165 3854 3242 exemplar,

372 3282 402 3313 ι
438 3274 592 3318 cum
629 3254 1187 3314 emendationibus
1217 3260 1280 3313 et
1309 3253 1826 3312 adnotationibus
1857 3253 2106 3331 scriptis
2139 3271 2330 3311 manu
2363 3253 2476 3310 viri
2504 3253 2669 3311 docti
2705 3277 2731 3306 »
2770 3256 3010 3333 accepit
3054 3273 3091 3314 a
3123 3258 3195 3315 D.
3251 3259 3508 3330 Naulin,
3547 3261 3688 3320 viro
3725 3281 3859 3323 cae-

377 3361 521 3413 tera
555 3353 768 3422 docto,
799 3359 995 3429 atque
1023 3351 1338 3428 imprimis
1369 3351 1837 3429 Scripturarum
1862 3351 2069 3409 studio
2102 3349 2473 3420 clarissimo,
2496 3351 2558 3408 in
2591 3351 2760 3409 curia
2812 3353 3140 3411 Parisiensi
3200 3353 3541 3416 advocato.
3613 3361 3855 3419 Exem-

366 3454 519 3529 plar
541 3449 712 3508 istud
771 3448 1191 3524 Hervagianae
1251 3447 1566 3517 editionis,
1631 3448 1693 3505 in
1753 3447 1986 3505 Heinsii
2046 3445 2453 3505 Bibliotheca:
2488 3447 2775 3524 catalogo
2805 3449 3093 3525 Lugduni
3127 3451 3514 3511 Batavorum
3553 3456 3734 3515 edito
3771 3476 3857 3517 an

372 3550 558 3616 1683,
599 3564 661 3622 p.
695 3549 756 3616 '7,
786 3565 850 3604 u.
889 3547 1006 3603 129
1037 3543 1411 3620 inscriptum
1446 3550 1557 3602 est.
1623 3544 1946 3602 Lectiones
1978 3551 2038 3601 et
2077 3542 2545 3602 emendationes
2575 3550 2722 3602 sunt
2769 3545 3087 3621 eleganter
3143 3547 3351 3623 pictae,
3386 3550 3499 3608 sed
3531 3554 3856 3630 Anglum,

365 3643 624 3706 Calvini
654 3641 1059 3720 discipulum,
1096 3641 1376 3719 sapiunt,
1413 3641 1475 3698 ni
1506 3641 1714 3698 fallor.
1750 3639 2065 3709 Quasdam
2097 3639 2593 3710 emendationes,
2635 3658 2790 3716 quas
2817 3641 2878 3698 in
2937 3659 3047 3700 ora
3105 3644 3477 3705 Parisiensis
3542 3650 3860 3712 editionis

365 3741 524 3802 anni
562 3740 744 3806 1630,
779 3739 932 3799 olim
969 3738 1270 3816 apposuit
1300 3737 1701 3796 doctissimus
1732 3737 1809 3794 de
1872 3738 2100 3794 Barcos
2153 3735 2350 3794 abbas
2408 3737 2892 3814 Sancygiranus,
2955 3739 3222 3798 describi
3284 3748 3345 3799 et
3404 3744 3486 3802 ad
3543 3765 3613 3806 se
3653 3751 3855 3823 mitti,

363 3835 859 3900 emendationes
891 3854 1147 3913 quoque
1178 3853 1252 3894 ac
1285 3840 1468 3893 notas
1497 3852 1534 3891 a
1565 3833 1930 3891 doctissimo
1962 3832 2365 3891 Tillemontio
2397 3832 2474 3890 ad
2508 3851 2680 3892 oram
2710 3833 3071 3894 Parisiensis
3102 3837 3398 3898 editionis
3444 3843 3752 3923 scriptas,
3794 3855 3861 3908 et

362 3934 698 3998 adomino
728 3933 1052 3993 Troncbai
1081 3932 1337 3991 oblatas
1369 3929 1638 3988 exscribi
1673 3930 1939 3988 curavit.

446 4029 748 4093 Tandem
781 4028 1252 4106 copiosissimas
1308 4026 1634 4094 lectiones,
1671 4043 1827 4102 quas
1875 4044 1906 4084 e
1970 4026 2198 4104 Regiis,
2235 4025 2608 4086 Colbertinis
2638 4027 3151 4107 Mazarinaeisque
3203 4038 3664 4116 manuscriptis
3735 4044 3869 4103 col-

369 4132 604 4196 lectas,
641 4124 723 4184 ad
753 4143 932 4184 oram
966 4123 1456 4185 Graeco-Latinae
1489 4121 1784 4180 editionis
1815 4121 2178 4181 Parisiensis
2200 4122 2347 4180 anni
2385 4126 2537 4184 1630
2570 4143 2756 4183 manu
2790 4127 3043 4203 propria
3089 4129 3380 4205 appinxit
3413 4133 3510 4192 vir
3540 4136 3862 4200 doctissi-

373 4245 548 4297 mus,
587 4240 664 4282 ac
694 4221 771 4281 de
803 4222 1028 4282 litteris
1052 4220 1291 4282 Graecis
1323 4219 1563 4294 optime
1597 4217 1853 4276 meritus
1886 4219 1952 4276 R.
2010 4221 2072 4276 P.
2109 4219 2537 4290 Combefisius,
2601 4222 3069 4298 Dominicanus,
3131 4227 3263 4303 ipse
3322 4247 3439 4290 sua
3499 4237 3864 4316 exscripsit

371 4330 610 4385 noster
642 4317 1015 4378 Louvardus
1049 4335 1062 4376 :
1090 4316 1194 4376 cui
1219 4321 1529 4392 prmterea
1563 4316 1634 4372 R.
1671 4315 1739 4372 P.
1774 4314 1830 4372 le
1890 4315 2085 4385 Quien
2143 4315 2452 4388 doctrina,
2514 4319 2888 4392 eruditione,
2922 4321 3168 4398 scriptis
3199 4324 3615 4403 clarissimus,
3658 4351 3695 4393 e
3727 4314 3867 4396 bo-

371 4419 717 4483 minicana
737 4415 1000 4485 familia,
1034 4412 1293 4473 Parisiis
1326 4411 1405 4469 ad
1453 4410 1660 4469 vicum
1690 4410 1900 4470 Sancti
1930 4413 2254 4483 Honorati,
2288 4414 2382 4471 sui
2413 4415 2599 4474 decus
2634 4417 2977 4475 maximum
3039 4419 3300 4494 ordinis,
3364 4429 3871 4493 emendationes

369 4525 434 4579 et
467 4519 668 4575 notas
698 4509 1018 4569 censorias
1050 4510 1114 4568 in
1145 4506 1485 4567 Billianam
1518 4523 1770 4564 omnem
1800 4525 2060 4583 operum
2094 4509 2378 4584 Gregorii
2407 4511 3011 4589 interpretationem,
3039 4514 3118 4571 ab
3151 4517 3374 4577 eodem
3425 4522 3621 4584 Patre
3655 4530 3865 4588 Com-

369 4612 615 4676 beﬁsio
647 4607 1009 4666 elaboratas
1038 4607 1316 4681 benigne
1349 4603 1608 4661 tradidit
1635 4620 1648 4668 ;
1681 4609 1742 4661 et
1772 4604 2020 4679 quidem
2050 4625 2122 4665 eo
2155 4606 2382 4681 majori
2441 4609 2842 4685 benignitate,
2906 4611 3078 4686 quod
3127 4613 3262 4690 ipse
3317 4635 3478 4694 pene
3533 4628 3868 4689 statuerat

367 4714 574 4773 edere
606 4704 1011 4782 Gregorium,
1047 4709 1315 4781 propter
1340 4699 1725 4777 singularem
1758 4700 2033 4780 theologi
2056 4703 2424 4762 afﬁnitatem
2457 4723 2598 4765 cum
2635 4709 3040 4777 Damasceno,
3078 4711 3260 4787 cujus
3309 4719 3445 4774 tum
3494 4720 3863 4789 editionem

370 4803 767 4871 adornabat.

455 4903 760 4967 Primum
793 4905 1006 4958 autem
1040 4904 1261 4957 nostro
1296 4894 1626 4998 Louvardo
1659 4896 1932 4955 studium
1965 4899 2082 4957 fuit
2110 4898 2338 4957 scrinia
2367 4898 2892 4960 bibliothecarum
2944 4904 3285 4976 revolvere,
3353 4917 3413 4970 et
3457 4916 3788 4998 quidquid
3826 4943 3865 4984 θ

376 5027 445 5069 re
479 5020 610 5065 sua
641 5008 776 5058 erat
810 4999 1190 5058 describere.
1227 4995 1621 5071 Scriptorum
1659 5013 1844 5053 manu
1876 4997 2161 5056 codicum
2195 5003 2432 5056 tantam
2484 5001 2710 5077 reperit
2767 5001 3036 5078 copiam,
3098 5013 3164 5063 ut
3226 5007 3288 5064 in
3350 5009 3448 5069 bis
3503 4995 3866 5095 diligendis

379 5118 610 5184 opera:
645 5096 788 5173 plus
817 5097 1242 5172 insumptum,
1305 5109 1497 5168 quam
1530 5091 1594 5148 in
1617 5091 2000 5152 inveniendis
2031 5095 2322 5164 fateatur,
2357 5107 2546 5171 atque
2577 5116 2654 5156 ex
2684 5097 2760 5155 iis
2809 5097 3181 5160 immensam
3245 5106 3568 5172 variarum
3621 5091 3865 5181 lectio-

383 5219 545 5263 num
574 5195 830 5272 copiam
863 5195 992 5251 sive
1025 5191 1310 5269 propria,
1347 5189 1476 5246 sive
1509 5187 1714 5246 aliena
1747 5206 1931 5248 manu
1965 5190 2240 5265 collegit.

466 5299 588 5358 His
650 5292 948 5350 omnibus
1006 5285 1418 5364 comparatis,
1473 5285 1893 5360 praefationes,
1955 5289 2146 5346 vitam
2207 5290 2502 5358 auctoris,
2586 5290 2999 5366 prmﬁgendas
3097 5298 3362 5375 singulis
3441 5312 3867 5379 orationibus

383 5391 892 5457 admonitiones,
955 5384 1270 5464 quidquid
1343 5383 1596 5441 demum
1655 5391 2010 5442 accuratam
2088 5383 2246 5442 solet
2303 5389 2491 5460 atque
2575 5391 2763 5446 etiam
2821 5389 3006 5447 debet
3115 5394 3458 5460 editionem
3518 5411 3834 5475 comitari

382 5503 650 5552 summa
721 5483 1052 5559 diligentia
1111 5499 1184 5539 ac
1236 5478 1560 5537 celeritate
1620 5477 1902 5553 parabat,
1946 5489 2136 5555 atque
2193 5494 2265 5536 eo
2323 5497 2678 5554 progressu.
2757 5490 2822 5542 ut
2882 5486 3198 5562 fastigium
3254 5498 3429 5570 operi
3491 5463 3860 5582 imposui;

382 5597 498 5652 εει,
546 5584 615 5643 ni
665 5581 982 5640 continuis
1016 5577 1321 5637 molestiis
1353 5573 1901 5670 etiuipedimentis
1933 5574 2324 5670 conﬂictatus
2355 5576 2587 5636 fuisset.
2618 5583 2877 5639 Demum
2922 5582 3173 5662 incepto
3202 5588 3504 5657 desistere
3553 5573 3831 5670 coactus

384 5683 545 5746 nihil
587 5677 886 5738 absolvit.
921 5680 1084 5737 Tum
1147 5669 1450 5753 pependit
1511 5667 1859 5745 interrupta
1917 5668 2194 5746 Gregorii
2251 5686 2507 5746 operum
2567 5675 2777 5744 editio,
2816 5659 3125 5756 minaeque
3183 5682 3476 5762 ingentes
3539 5659 3859 5780 ope-£8.13:
