4080 6442
269 383 315 443 2⁵
1357 397 1777 460 PRIEFATIO
1823 398 2282 461 GENERALIS.
2318 433 2395 446 --
2433 400 2634 462 PARS
2679 399 2730 461 Ι.
3677 396 3754 456 26

270 518 429 597 Mina,
463 525 831 606 inquam,
879 533 1188 611 ingentes
1217 552 1477 613 operum
1507 553 1520 607 ;
1553 551 1700 594 nam
1733 542 1961 614 praeter
2010 536 2315 613 Gragorti
2345 538 2573 614 Opera,
2606 536 2757 596 Elia
2804 534 2869 595 in
2921 531 3351 595 novemdecim
3410 529 3751 604 orationes,

267 638 458 702 easque
495 625 978 708 insigniores
1014 651 1086 692 ac
1119 631 1537 711 theologicas;
1573 634 1804 693 Niceta
1835 633 1984 693 item
2018 634 2080 692 in
2111 634 2423 695 sexdecim
2458 635 2613 694 alias
2635 633 2962 695 Orationes
2993 629 3486 701 commentaria;
3513 629 3753 702 Basilii,

265 721 438 782 medio
474 727 770 789 saeculo
814 730 1094 790 decimo
1125 730 1411 792 Ecclesia
1443 731 1839 792 Casariensis
1871 731 2147 811 episcopi
2178 732 2362 810 longe
2393 732 2616 811 optimi
2663 731 3040 803 scholiasta,
3073 729 3137 790 in
3170 727 3326 789 duas
3374 746 3564 806 supra
3595 745 3753 804 qua-

268 817 546 898 draginta
583 829 983 890 orationes
1021 829 1299 903 scholia;
1330 831 1581 891 demum
1617 830 1803 890 simul
1836 849 1977 890 cum
2010 830 2306 909 operibus
2339 831 2646 907 Gregorii,
2675 831 2816 909 plus
2865 836 3103 907 septem
3156 827 3557 906 scriptorum,
3595 844 3753 903 quo-

268 937 375 979 rum
411 940 496 981 ne
536 925 856 1002 quidem
901 934 1061 989 nota
1084 936 1228 988 sunt
1257 929 1534 1004 nomina,
1570 930 1732 989 fetus
1767 930 1973 997 edere,
2011 929 2137 989 imo
2171 929 2554 1006 pramittere
2585 934 2909 988 statuerat.
2947 928 3252 1004 Pleraque
3287 931 3507 1003 parata
3551 928 3754 996 erant,

272 1025 315 1077 et
339 1020 620 1096 quidem
664 1025 884 1101 prelo
924 1027 1272 1086 maluriora
1303 1046 1491 1104 quam
1523 1028 1661 1103 ipsa
1693 1027 1973 1104 Gregorii
2003 1029 2230 1105 Opera.

338 1119 840 1181 lntermissum
877 1125 993 1183 diu
1043 1144 1219 1202 opus,
1257 1125 1507 1184 tandem
1558 1124 1748 1202 longo
1799 1131 1938 1203 post
1987 1134 2272 1201 tempore
2320 1124 2382 1183 in
2435 1125 2631 1183 nostri
2677 1123 2997 1185 Prudentii
3032 1140 3254 1180 manus
3300 1120 3607 1199 pervenit,
3642 1119 3756 1178 viri

286 1218 646 1279 eruditione
685 1227 762 1280 et
800 1223 1139 1282 laboribus
1173 1223 1463 1282 Ecclesia
1516 1223 1768 1283 utilitati
1827 1222 2148 1300 impensis,
2185 1241 2409 1302 nempe
2457 1222 2713 1282 edendis
2765 1227 3126 1281 sanctorum
3183 1221 3434 1278 Patrum
3484 1216 3754 1295 scriptis,

295 1313 658 1377 clarissimi.
693 1321 921 1378 Nemo
955 1325 1121 1379 certe
1145 1339 1176 1380 e
1206 1321 1435 1380 nostris
1466 1321 1543 1380 ad
1579 1321 1857 1398 Gregorii
1891 1320 2227 1380 editionem
2262 1321 2787 1392 concinnandam,
2822 1325 2884 1379 et
2915 1320 2992 1378 ad
3043 1317 3362 1396 inceptum
3398 1335 3556 1394 opus
3587 1313 3756 1374 istud

304 1413 782 1490 perﬁciendum
823 1418 1035 1495 magis
1063 1417 1346 1478 idoneus.
1384 1418 1608 1477 Verum
1643 1423 1932 1497 suscepto
1965 1418 2141 1498 operi
2173 1419 2368 1478 serius
2401 1436 2660 1478 manum
2697 1416 2996 1488 admovit,
3036 1432 3147 1474 nec
3209 1415 3474 1473 multum
3511 1411 3752 1472 accele-

315 1512 485 1571 tavit.
521 1514 882 1574 Delectum
919 1516 1256 1595 quemdam
1297 1516 1614 1576 variarum
1666 1516 2028 1593 lectionum,
2065 1535 2332 1595 quarum
2379 1517 2595 1577 ﬂorem
2646 1516 2974 1584 libaverat,
3009 1512 3144 1592 ejus
3193 1531 3377 1572 manu
3427 1509 3754 1590 scriptum,

321 1614 378 1669 et
402 1608 697 1688 plurima
726 1613 1045 1686 carmina,
1083 1632 1220 1694 qua
1253 1615 1469 1675 stricta
1509 1614 1791 1676 oratione
1823 1619 2102 1676 verterat
2129 1614 2370 1692 Billius,
2405 1615 2484 1676 ab
2519 1615 2654 1694 ipso
2712 1615 2917 1676 soluta
2974 1610 3258 1673 oratione
3306 1608 3550 1670 reddita
3580 1627 3760 1688 repe-

326 1725 538 1768 rimus.

405 1806 682 1868 Multum
717 1808 932 1870 adhuc
963 1829 1169 1890 opera
1199 1817 1260 1872 et
1307 1811 1542 1874 laboris
1589 1811 2085 1890 impendendum
2137 1816 2484 1891 supererat,
2524 1813 2605 1873 ad
2654 1812 3100 1891 perﬁciendam
3147 1814 3422 1889 Operum
3483 1803 3764 1882 Gregorii

334 1903 699 1966 editionem.
739 1907 965 1970 Collati
995 1909 1247 1987 quidem
1281 1917 1463 1971 erant
1493 1929 1685 1970 manu
1715 1910 1958 1971 exarati
1987 1909 2234 1971 codices
2264 1911 2644 1982 orationum,
2682 1910 3091 1988 epistolarum
3123 1914 3185 1970 et
3223 1906 3575 1968 carminum
3603 1921 3616 1975 ;
3651 1903 3762 1963 sed

335 2004 525 2066 varia
548 2005 856 2066 lectiones
887 2007 1094 2067 adhuc
1125 2009 1465 2086 dissipatae,
1499 2010 1561 2068 in
1593 2009 1829 2070 chartis
1859 2015 2106 2070 tantum
2137 2009 2487 2088 descripta,
2524 2009 2789 2069 necdum
2823 2009 2901 2068 ad
2924 2027 3100 2069 oram
3133 2004 3510 2085 exemplaris
3534 2001 3762 2063 edendi

337 2103 637 2181 appicta.
675 2104 1218 2174 Quemadmodum
1255 2107 1621 2185 priusquam
1656 2108 1882 2167 domus
1912 2107 2274 2182 adiﬁcetur,
2310 2126 2406 2167 res
2449 2109 2524 2167 ad
2578 2107 3020 2166 adificandum
3054 2104 3440 2174 necessaria,
3476 2100 3762 2167 materia,

339 2201 506 2271 calx,
544 2209 878 2272 camenta,
914 2203 1105 2280 ligna,
1144 2211 1205 2263 et
1235 2223 1628 2283 quacunque
1680 2205 2014 2264 adificanti
2044 2211 2191 2264 sunt
2249 2204 2621 2276 necessaria,
2659 2210 3136 2283 praparantur;
3172 2203 3258 2262 sic
3316 2219 3458 2280 qua
3503 2199 3582 2259 ad
3633 2197 3764 2256 edi-

343 2298 588 2358 tionem
624 2301 905 2377 Gregorii
937 2303 1306 2373 necessaria,
1346 2309 1700 2382 praparata
1733 2304 2012 2380 quidem,
2046 2305 2152 2363 sed
2187 2303 2465 2362 nondum
2514 2308 2780 2362 tractata
2829 2308 2890 2362 et
2930 2301 3295 2361 elaborata:
3330 2298 3518 2358 varia
3549 2296 3769 2357 lectio-

343 2416 458 2456 nes
491 2399 793 2458 sanandis
825 2400 1018 2458 Graci
1052 2405 1258 2460 textus
1289 2401 1440 2460 locis
1468 2401 1827 2479 depravatis
1860 2405 2087 2479 prasto
2119 2406 2320 2472 erant,
2358 2401 2461 2459 sed
2509 2401 2788 2460 nondum
2843 2400 3145 2460 adhibita
3173 2417 3185 2471 ;
3218 2399 3503 2475 adeoque
3553 2413 3769 2456 emen-

347 2496 604 2555 dandus
635 2504 957 2575 supererat
989 2502 1216 2575 textus,
1250 2499 1645 2559 emendanda
1675 2518 1928 2577 quoque
1950 2499 2112 2558 Billii
2142 2498 2600 2577 interpretatio.
2622 2497 3074 2558 Concinnanda
3121 2501 3256 2557 erat
3286 2496 3413 2556 vita
3446 2491 3727 2571 Gregorii
3755 2510 3768 2564 ;

347 2593 426 2652 ad
459 2593 632 2672 quod
665 2612 822 2671 opus
853 2595 1202 2672 fragmenta
1233 2595 1468 2656 Gallica
1494 2596 1878 2656 Tillemontii
1922 2596 2542 2668 commentariorum,
2577 2615 2717 2675 qua
2763 2614 2980 2655 omnes
3032 2595 3290 2654 minime
3338 2592 3768 2670 complectun-

343 2698 474 2761 tur,
510 2692 830 2770 pracipue
860 2693 1300 2771 suppetebant.
1333 2696 1507 2754 Notae
1530 2695 1657 2753 sive
1688 2694 2182 2768 observationes,
2215 2694 2464 2772 aliaque
2496 2694 2768 2773 plurima
2795 2712 2936 2773 qua
2986 2693 3393 2772 requiruntur
3424 2690 3502 2752 ad
3552 2689 3770 2752 editio-

340 2808 518 2862 nem,
554 2790 834 2849 nondum
868 2791 1228 2851 elaborata:
1268 2791 1404 2852 hac
1435 2793 1648 2851 omnia
1682 2811 1793 2871 pro
1826 2791 2062 2852 viribus
2090 2797 2387 2871 prastare
2421 2792 2629 2853 conati
2659 2811 2895 2853 sumus.

426 2888 710 2948 Primum
743 2888 803 2946 id
839 2889 1017 2948 nobis
1047 2889 1321 2950 studium
1358 2891 1472 2950 fuit
1504 2891 1707 2950 varias
1739 2891 2036 2951 lectiones
2065 2909 2209 2950 cum
2259 2891 2428 2951 edito
2478 2891 2759 2968 Gregorii
2811 2896 2982 2950 textu
3033 2892 3248 2950 Graco
3293 2888 3598 2958 conferre,
3635 2885 3775 2946 loca

336 2991 649 3063 cnrrupta
677 3003 921 3056 sanare,
952 2991 1018 3045 ut
1045 3005 1156 3046 sua
1189 2988 1384 3047 textui
1418 2988 1654 3066 puritas
1698 2988 2152 3061 restitueretur,
2189 3006 2462 3065 suusque
2514 2988 2680 3047 nitor
2729 2988 3115 3048 redderetur.
3160 2987 3253 3045 Ad
3301 2983 3767 3064 interpretatio—

338 3103 489 3144 nem
521 3085 690 3162 quod
726 3090 989 3162 spectat,
1028 3085 1242 3144 Billius
1275 3087 1366 3145 vir
1408 3087 1735 3163 utriusque
1784 3085 2020 3163 lingua
2056 3085 2492 3164 peritissimus,
2530 3087 2811 3164 Gregorii
2833 3092 3040 3164 Opera
3088 3091 3213 3146 tam
3264 3084 3427 3144 felici
3475 3101 3767 3143 successu

336 3184 563 3243 Latine
597 3183 869 3243 reddidit
899 3190 1200 3259 tantoque
1230 3186 1396 3263 apud
1430 3203 1648 3245 omnes
1678 3185 1738 3243 in
1774 3185 2012 3244 honore
2052 3191 2145 3245 est
2175 3184 2309 3261 ejus
2359 3185 2814 3262 interpretatio,
2854 3192 2922 3244 ut
2971 3184 3343 3244 temerarius
3394 3189 3559 3242 certe
3590 3180 3772 3239 audi-

340 3286 524 3338 turus
559 3280 660 3351 sit,
686 3280 968 3358 quisquis
998 3299 1226 3340 novam
1259 3281 1568 3341 adornare
1604 3279 1957 3340 tentaverit.
1995 3280 2157 3339 Nihil
2192 3287 2402 3340 tamen
2434 3300 2506 3340 eo
2541 3281 2617 3339 de
2649 3281 2917 3341 Billiana
2968 3279 3487 3357 interpretatione
3533 3273 3773 3355 judicio

341 3377 689 3437 deterritus
722 3385 933 3438 noster
962 3380 1347 3449 Louvardus,
1384 3380 1572 3438 aliam
1608 3379 1724 3437 sibi
1755 3378 2204 3438 elaborandam
2239 3385 2594 3456 putaverat,
2629 3386 2689 3438 et
2719 3380 2781 3438 in
2811 3378 3125 3437 vertendis
3177 3377 3422 3436 duabus
3470 3373 3773 3436 orationi-

341 3475 488 3546 bus,
527 3494 752 3555 nempe
785 3477 985 3554 prima
1036 3485 1094 3536 et
1135 3479 1430 3546 secunda,
1465 3478 1545 3537 al.
1587 3481 1645 3536 1⁸
1676 3483 1737 3537 et
1767 3479 1891 3549 41³,
1929 3477 2014 3536 rei
2064 3477 2414 3556 periculum
2464 3479 2733 3536 fecerat:
2772 3493 2991 3537 verum
3049 3481 3290 3534 mutata
3337 3473 3644 3534 sententia
3676 3473 3776 3531 in-

340 3580 533 3650 cepto
557 3574 812 3644 destitit,
850 3580 910 3634 et
942 3575 1269 3635 Billianam
1304 3575 1887 3655 interpretationem
1920 3593 2169 3636 servare
2200 3575 2494 3636 decrevit.
2526 3575 2697 3634 Idem
2730 3575 2844 3634 fuit
2875 3574 3203 3633 consilium
3240 3578 3453 3632 nostro
3485 3571 3769 3631 Pruden-

343 3671 453 3729 tio.
495 3671 834 3749 Utriusque
866 3673 1141 3750 vestigiis
1173 3674 1573 3745 inharentes,
1608 3693 1745 3733 eam
1778 3692 1812 3734 e
1844 3673 2097 3751 regione
2126 3674 2322 3732 Graci
2354 3677 2684 3732 contextus
2715 3684 2948 3731 sartam
2985 3677 3210 3730 tectam
3246 3669 3670 3739 servavimus;
3707 3677 3769 3727 et

341 3770 400 3827 si
436 3770 692 3846 quando
727 3788 764 3829 a
795 3775 1002 3830 mente
1033 3772 1310 3849 Gregorii
1360 3773 1627 3832 Billiana
1659 3771 2098 3850 interpretatio
2156 3772 2450 3831 aberrare
2510 3777 2619 3831 aut
2665 3789 2801 3829 eam
2851 3789 2973 3828 non
3009 3769 3157 3828 satis
3215 3767 3461 3846 assequi
3498 3767 3631 3825 visa
3663 3772 3775 3837 est,

347 3869 547 3928 aliam
584 3869 789 3929 textui
817 3870 1088 3931 inserere
1120 3890 1244 3931 non
1280 3871 1729 3942 dubitavimus,
1766 3870 1862 3930 vel
1909 3870 1972 3929 in
2032 3870 2196 3932 notis
2254 3869 2584 3948 subjicere,
2632 3871 2928 3929 lectorem
2992 3867 3324 3927 monendo.
3363 3866 3431 3926 1d
3464 3873 3672 3926 autem
3706 3865 3783 3924 de

346 3966 746 4026 orationibus
775 3974 1017 4027 tantum
1052 3975 1112 4028 et
1142 3969 1424 4046 epistolis
1481 3969 1997 4047 intelligendum;
2036 3987 2180 4027 nam
2243 3969 2320 4028 de
2378 3969 2762 4028 carminibus
2825 3966 2993 4026 aliud
3059 3966 3174 4025 fuit
3232 3965 3585 4025 consilium.
3625 3967 3779 4024 Cum

356 4064 530 4123 enim
567 4065 785 4124 Latina
815 4065 979 4125 Billii
1011 4067 1290 4126 carmina
1319 4048 1858 4145 GracisGregorii
1892 4065 2277 4126 carminibus
2310 4086 2434 4125 non
2488 4067 2638 4126 satis
2690 4065 3136 4143 respondeant,
3175 4062 3372 4123 visum
3426 4069 3519 4121 est
3567 4063 3783 4121 Graca

349 4162 634 4239 pedestri
657 4181 942 4222 sermone
973 4164 1252 4235 reddere,
1288 4165 1523 4225 Latinis
1554 4165 1721 4224 Billii
1753 4164 2033 4224 versibus
2063 4165 2144 4224 ad
2178 4164 2522 4242 marginem
2555 4163 2912 4223 interiorem
2948 4162 3214 4238 rejectis.

439 4261 810 4339 Priusquam
845 4268 1055 4321 autem
1091 4263 1349 4322 ulterius
1391 4263 1896 4341 progrediamur,
1933 4263 2035 4322 hic
2065 4262 2267 4322 obiter
2323 4263 2769 4341 exponendum
2825 4261 3081 4338 quinam
3142 4263 3267 4318 sint
3316 4279 3504 4319 manu
3540 4260 3783 4319 exarati

349 4358 631 4430 codices,
668 4360 876 4420 excusi
907 4379 944 4420 a
974 4363 1044 4420 D.
1079 4361 1427 4431 Louvardo,
1463 4362 1692 4440 quibus
1714 4361 1809 4421 usi
1839 4380 2075 4421 sumus.

741 4735 771 4808 §
817 4735 922 4794 III.
970 4749 1207 4795 NOTITIA
1249 4751 1534 4795 veranum
1583 4751 1870 4809 CODICUM,
1917 4753 1996 4796 Αι)
2041 4752 2189 4804 quos
2235 4750 2514 4796 GRBGORH
2561 4749 2893 4795 ORATIONES
2939 4749 3399 4793 ansamvmus.

442 5060 756 5120 Plurimos
786 5065 844 5120 et
895 5060 1146 5138 quidem
1210 5058 1667 5138 probatissima
1724 5064 1888 5120 nota
1948 5058 2193 5118 codices
2252 5058 2312 5116 in
2365 5057 2697 5117 concilium
2768 5051 3193 5114 adhibuimus.
3229 5053 3355 5112 llos
3411 5051 3572 5110 inter
3622 5070 3782 5109 unus

351 5167 452 5219 est
477 5159 730 5236 Regius,
762 5159 910 5218 olim
944 5179 1119 5218 num.
1156 5162 1330 5232 1809,
1365 5180 1533 5221 nunc
1582 5165 1792 5220 autem
1844 5177 2017 5217 num.
2061 5157 2181 5217 510
2241 5162 2369 5216 tota
2423 5155 2744 5232 republica
2795 5152 3100 5212 litteraria
3158 5152 3634 5220 famosissimus,
3673 5149 3782 5226 qui

352 5259 531 5318 solus
565 5276 596 5315 e
629 5257 958 5315 Gallicanis
988 5259 1281 5318 omnibus
1312 5266 1569 5320 cunctas
1601 5257 1882 5335 Gregorii
1940 5255 2255 5316 orationes
2315 5255 2615 5314 continet.
2655 5256 2735 5312 De
2790 5270 2915 5329 quo
2978 5251 3233 5309 Billius:
3272 5275 3298 5306 ‹‹
3336 5250 3498 5317 'l‘uli,
3542 5248 3770 5324 inquit,

355 5356 820 5434 amplissimum
854 5356 1127 5416 codicem
1191 5358 1565 5435 capitalibus
1621 5355 1840 5415 litteris
1897 5358 2250 5425 exaratum,
2294 5359 2541 5412 tantum
2600 5349 2994 5427 antiquitatis
3039 5367 3169 5427 pra
3227 5367 3289 5408 se
3350 5349 3675 5418 ferentem,
3712 5354 3778 5405 ut

354 5458 555 5534 ipsius
610 5454 893 5532 Gregorii
953 5458 1408 5535 propemodum
1468 5461 1655 5516 atate
1714 5455 1982 5531 scriptus
2041 5471 2171 5512 esse
2229 5452 2565 5522 videretur,
2618 5447 2725 5527 qui
2785 5455 3010 5525 prater
3068 5447 3364 5524 epistolas
3423 5451 3482 5504 et
3538 5463 3775 5516 versus,

357 5556 569 5615 omnia
601 5554 800 5634 ipsius
831 5555 1036 5632 Opera
1066 5555 1445 5616 continebat.
1482 5556 1676 5626 Quem
1707 5571 1846 5613 cum
1882 5550 2271 5630 paucissimis
2303 5549 2523 5608 diebus
2570 5546 2918 5607 incredibili
2973 5544 3288 5605 celeritate
3344 5543 3770 5623 perlegissem,

359 5673 434 5713 ex
466 5674 663 5734 eoque
694 5655 1031 5713 innumera
1059 5653 1216 5724 loca,
1254 5673 1395 5732 qua
1425 5655 1487 5714 in
1516 5655 1820 5732 impresso
1864 5651 2082 5710 vitiose
2111 5650 2483 5728 legebantur
2522 5643 2865 5724 integritati
2918 5663 3045 5705 sua
3097 5643 3527 5716 restituissem,
3563 5643 3770 5702 statim

360 5773 498 5816 eum
533 5755 817 5815 Athenas
848 5752 998 5828 (quo
1030 5752 1191 5812 enim
1220 5752 1345 5814 alio
1376 5754 1627 5813 nomine
1657 5749 2152 5828 incomparabile
2180 5747 2335 5808 illud
2370 5747 2676 5806 bonarum
2721 5745 3000 5804 omnium
3049 5743 3400 5804 litterarum
3451 5741 3770 5820 gazophy-
