4080 6482
309 418 386 478 27
1336 425 1755 486 ΡΗιΕΡΑΤΙΟ
1801 427 1920 486 GEI

2123 426 2270 488 LlS.
2302 457 2378 471 —
2404 427 2606 487 PARS
2653 427 2704 486 Ι.
3654 418 3732 479 28

301 551 536 614 locium
567 554 952 635 appellem?)
983 557 1379 618 referendum
1411 561 1626 620 habui.
1661 585 1691 616 »
1731 564 2049 633 Quantum
2080 562 2402 622 festinaret
2445 561 2684 632 Billius,
2719 561 2820 622 hic
2877 579 2953 620 ex
3008 560 3144 638 ipso
3191 557 3518 630 discimus,
3553 575 3627 616 ac
3657 556 3734 616 de

303 652 535 712 Graacis
571 675 600 710 ιι
629 653 975 732 integritati
1005 675 1135 716 suae
1165 658 1566 719 restituendis
1596 684 1625 714 »
1661 679 1804 720 eum
1838 679 1965 720 non
1997 660 2326 737 cogitasse,
2361 661 2479 720 nisi
2510 659 2722 739 quoad
2750 659 3023 720 versioni
3073 677 3204 718 suae
3237 657 3388 718 satis
3446 655 3732 715 haberet.

379 751 631 810 Famosi
659 751 828 812 illius
864 753 1116 826 codicis,
1143 757 1424 816 omnium
1457 763 1772 836 quotquot
1800 759 1863 818 in
1914 757 2106 836 Regia
2164 759 2550 819 bibliotheca
2606 759 2802 819 Graeci
2860 763 3267 818 asservantur
3323 751 3736 823 ornatissimi,

297 848 567 908 formam
600 868 675 908 ex
731 851 1022 929 catalogo
1075 853 1474 914 bibliothecae
1532 857 1738 933 Hegias
1797 875 2154 934 expressam
2189 857 2387 917 oculis
2434 856 2762 935 subjicere,
2811 875 2926 916 nec
2986 855 3319 916 molestum
3381 852 3585 924 nobis,
3623 867 3737 910 nec

296 947 507 1005 forsan
543 947 660 1025 ipsi
690 948 1010 1024 ingratum
1046 951 1284 1010 lectori.
1323 954 1840 1013 Membranaceus
1871 955 2068 1014 codex
2101 962 2212 1026 est,
2243 961 2410 1015 totus
2441 974 2476 1014 a
2506 955 2712 1032 capite
2744 955 2823 1013 ad
2857 954 3091 1013 calcem
3127 951 3481 1011 uncialibus
3512 948 3740 1008 litteris

297 1043 590 1121 oblongis
647 1050 708 1103 et
739 1045 816 1103 ad
877 1046 1193 1106 sinistram
1253 1050 1582 1126 paululum
1660 1051 1920 1110 deﬂexis
1966 1051 2428 1128 elegantissime
2477 1051 2847 1129 descriptus,
2910 1069 3054 1110 cum
3113 1048 3476 1110 accentibus
3533 1045 3741 1125 prima

303 1158 518 1201 manu.
551 1143 870 1202 Columnis
918 1145 1164 1204 duabus
1196 1147 1446 1224 paginae
1507 1147 1870 1221 distinctae;
1909 1150 2074 1209 tituli
2106 1150 2463 1209 orationum
2521 1150 2584 1209 in
2632 1149 3001 1210 membrana
3049 1166 3243 1209 aurea
3291 1145 3575 1207 exarati:
3612 1143 3742 1202 sin-

305 1238 469 1315 gulm
525 1239 719 1299 ferme
777 1241 1210 1303 distinctiones
1261 1244 1552 1323 majores,
1617 1253 1726 1306 aut
1776 1247 2040 1326 periodi,
2076 1247 2300 1308 litteris
2350 1248 2578 1324 aureis,
2614 1247 2874 1327 pictisve
2918 1246 3135 1325 figuris
3185 1243 3518 1323 incipiunt.
3553 1240 3742 1301 Initio

302 1335 612 1415 imagines
661 1339 941 1418 quinque
1001 1342 1269 1420 paginas
1325 1343 1606 1421 singulas
1665 1353 2018 1424 occupant:
2052 1345 2296 1424 primae,
2336 1345 2534 1407 tertiae
2574 1351 2636 1405 et
2691 1351 2934 1424 quarta:
3001 1344 3371 1405 membrana
3425 1339 3742 1410 cmrulea;

305 1435 596 1495 secundae
628 1455 776 1498 vero
808 1444 870 1498 et
899 1440 1166 1518 quinraa,
1204 1459 1419 1501 aurea.

382 1532 434 1591 Ι⁸
463 1533 744 1595 Christus
773 1535 834 1595 in
869 1536 1174 1598 cathedra
1199 1539 1444 1613 sedens,
1485 1546 1545 1601 et
1577 1541 1832 1600 sinistra
1865 1560 2054 1601 manu
2089 1541 2322 1601 librum
2356 1541 2740 1620 resignatum
2774 1547 3016 1601 tenens.
3051 1541 3121 1600 In
3151 1538 3315 1599 libro
3347 1537 3485 1596 haec
3518 1535 3750 1612 legun-

301 1634 443 1690 tur:
479 1638 713 1713 Εἰρήνην
749 1641 846 1708 τὴν
881 1640 1020 1712 ἐμὴν
1057 1639 1285 1714 δίδωμι,
1324 1637 1386 1696 id
1419 1643 1512 1697 est
1543 1637 1762 1698 Pacem
1793 1656 1912 1697 mea

1272 1687 1285 1711 ,
1324 1637 1386 1696 id
1419 1643 1512 1697 est
1543 1637 1762 1698 Pacem
1793 1656 1978 1697 meam
2012 1637 2086 1697 do
2121 1638 2281 1698 vobis
2310 1639 2349 1696 ι.
2389 1641 2630 1700 Caetera
2657 1637 2882 1697 deleta.

387 1731 466 1790 11⁸
492 1732 646 1791 Tres
675 1731 895 1808 ﬁgurae
925 1738 1165 1793 stantes
1195 1752 1337 1793 cum
1377 1735 1758 1794 diadematis
1787 1741 1850 1794 et
1881 1735 2044 1795 alliis
2073 1735 2363 1814 impereii
2385 1735 2756 1812 insignibus.
2782 1736 2851 1794 In
2889 1734 3092 1794 medio
3124 1731 3407 1794 Eudocia
3439 1732 3751 1806 Augusta,

305 1824 529 1886 dextra
557 1834 902 1906 sceptrum,
934 1830 1189 1889 sinistra
1246 1831 1504 1908 globum
1567 1837 1808 1891 tenens.
1841 1832 2034 1891 Juxta
2090 1832 2216 1891 duo
2278 1831 2432 1904 filii;
2468 1831 2614 1890 hinc
2675 1834 2796 1890 Leo
2828 1831 3129 1908 Despota,
3160 1829 3306 1887 inde
3363 1823 3751 1885 Alexander.

301 1923 583 2001 Uterque
613 1925 867 1986 sinistra
896 1927 1156 2005 globum
1190 1933 1414 2004 gestat.
1450 1929 1799 2005 Imaginem
1824 1929 2024 1988 ambit
2054 1928 2286 1988 limbus
2307 1928 2564 2007 quidam
2595 1928 2946 2000 caarulaeus,
2979 1927 3042 1987 in
3074 1944 3201 2006 quo
3235 1925 3300 1984 hi
3331 1941 3556 1984 versus
3587 1920 3754 1982 albis

303 2020 530 2080 litteris
558 2028 706 2081 sunt
729 2024 966 2102 scripti.

1054 2155 1238 2231 Εῷκλη
1252 2160 1522 2228 ματοῧσαν
1558 2155 1890 2231 ἅμπελόν-σε
1920 2160 2014 2231 τφῦ
2044 2157 2275 2231 δράτᾳυς

1054 2227 1259 2306 B6199:
1286 2231 1553 2306 φὲρουᾳαγ
1583 2227 1713 2306 τρὺξ
1742 2227 2035 2306 γᾳληνρὺςι
2053 2227 2312 2291 δέσπότας

1057 2298 1578 2369 Βαάέλειόξπρόηξε
1610 2298 1882 2370 Ῥομὰξῳν
1913 2298 2038 2368 ἄναξ

1058 2373 1185 2425 Μεθ’
1216 2372 1290 2424 ὢν
1319 2369 1964 2444 προλάμπειςςΕὐδοκία
1995 2370 2306 2448 φωσφόρος.

1061 2496 1313 2552 Felicem
1346 2500 1404 2552 te
1434 2496 1782 2569 palmitibus
1811 2496 1992 2551 vitem
2026 2496 2265 2569 imperii

1068 2569 1358 2624 Bacemos
1393 2567 1698 2634 ferentem,
1723 2584 1960 2624 serenes
1991 2567 2215 2623 scilicet
2246 2567 2562 2639 principes.

1063 2640 1322 2695 Basilius
1354 2641 1647 2711 promovit
1687 2640 2088 2694 Romanorum
2125 2641 2448 2711 imperator

1058 2717 1205 2767 Cum
1233 2710 1452 2783 quibus
1486 2711 1820 2784 praefulges,
1854 2711 2114 2766 Eudocia
2141 2710 2406 2766 lucifera.

383 2859 496 2919 lll‘
525 2865 588 2920 et
619 2861 731 2920 IV'l
764 2879 980 2921 cruces
1012 2863 1155 2923 duae
1187 2881 1398 2923 aureae
1429 2870 1766 2942 gemmatee
1797 2882 1940 2924 cum
1973 2863 2236 2924 ﬁmbriis
2265 2862 2560 2941 utrinque
2591 2861 3019 2940 pendentibus
3067 2867 3130 2921 et
3184 2859 3303 2920 hac
3347 2855 3773 2936 inscriptione

304 2973 363 3018 Ic
394 2975 470 3017 xc
504 2969 650 3033 νικᾷ.
693 2981 722 3012 ‹‹
754 2959 938 3018 Jesus
971 2959 1254 3020 Christus
1285 2961 1502 3020 vincit.
1544 2985 1571 3015 ι

390 3058 489 3114 V‘.
525 3058 678 3115 Tres
714 3055 931 3133 ﬁguras
960 3063 1220 3118 stantes.
1256 3060 1324 3118 In
1359 3059 1568 3118 medio
1599 3059 1867 3119 Basilius
1895 3077 2039 3117 cum
2071 3059 2319 3136 imperii
2346 3057 2714 3136 insignibus.
2750 3060 2983 3117 Dextra
3019 3056 3182 3116 Elias
3215 3052 3564 3133 propheta,
3602 3050 3776 3112 rosei

315 3173 422 3214 seu
459 3153 652 3213 lucidi
683 3154 914 3213 coloris
947 3163 1115 3216 veste
1162 3155 1445 3226 indutus,
1481 3157 1768 3216 labarum
1805 3175 1998 3216 manu
2029 3157 2262 3215 elatum
2297 3162 2536 3227 tenens,
2570 3161 2633 3214 et
2684 3155 2914 3215 Basilio
2946 3154 3129 3232 quasi
3186 3153 3548 3230 porrigens.
3586 3153 3781 3210 Laeva

314 3251 568 3313 Gabriel
599 3251 1046 3328 archangelus,
1078 3254 1289 3314 alatus
1320 3259 1382 3314 et
1430 3253 1649 3313 habitu
1699 3255 2133 3331 imperatorio,
2166 3255 2458 3314 diadema
2489 3253 2700 3314 Basilii
2759 3252 2952 3331 capiti
3010 3253 3370 3329 imponens.
3405 3248 3774 3325 Imaginem

310 3355 515 3410 totam
547 3348 749 3408 ambit
777 3347 1129 3428 inscriptio,
1163 3369 1275 3410 seu
1311 3350 1747 3424 tetrastichon,
1780 3351 1963 3428 cujus
1987 3369 2200 3410 versus
2230 3351 2469 3430 primus
2515 3351 2756 3410 deletus
2787 3357 2877 3410 est
2906 3367 2919 3421 ;
2955 3349 3184 3427 reliqui
3234 3355 3362 3407 tres
3410 3346 3778 3406 etiamnum

313 3446 441 3525 legi
471 3453 759 3524 possunt.

1074 3607 1245 3672 Νικήν
1278 3610 1395 3658 κατ’
1426 3602 1636 3695 ὲζθρῶν
1671 3603 1862 3665 Ἠλίας
1895 3604 2218 3695 ὑπογράςει·

1075 3678 1135 3695 οη
1171 3683 1208 3695 τ.
1249 3672 1280 3695 ρ
1357 3674 1408 3695 εκ
1475 3665 1502 3695 ’\
1585 3677 1598 3693 ε
1727 3678 1735 3692 1

1075 3678 1138 3734 Ὁ
1169 3665 1420 3750 έᾳὸριήλ
1455 3665 1638 3750 δέτὴν
1668 3678 1843 3750 χᾲραν
1871 3665 2231 3750 προμήνᾷων,

1073 3747 1352 3815 Bacticis,
1386 3749 1564 3824 στέφει
1598 3768 1654 3801 σε
1682 3747 1895 3819 δὶόὶτμου
1917 3747 2254 3820 λπροστάτην.

1082 3873 1413 3929 Victoriam
1445 3873 1517 3926 de
1546 3872 1818 3927 hostibus
1849 3870 2002 3926 Elias
2030 3870 2317 3942 designat,

1081 3943 1318 3999 Gabriel
1344 3947 1544 3997 autem
1568 3943 1849 4014 gaudium
1880 3943 2260 4010 annuntians,

1082 4019 1127 4072 Ο
1167 4014 1373 4084 Basili,
1409 4019 1650 4067 coronat
1679 4019 1735 4068 te
1767 4013 1925 4069 orbis
1956 4017 2261 4070 rectorem.

409 4172 504 4230 Ex
538 4167 637 4226 his
665 4165 888 4243 figuris
913 4172 1179 4244 apparet
1210 4165 1519 4241 scriptum
1552 4181 1684 4222 esse
1713 4164 1881 4222 hunc
1911 4164 2185 4224 codicem
2235 4171 2380 4224 ante
2435 4182 2669 4224 annum
2728 4165 2870 4234 886,
2905 4181 3032 4240 quo
3079 4181 3247 4222 anno
3309 4162 3475 4223 obiit
3503 4163 3800 4222 Basilius

330 4267 710 4346 imperator,
749 4270 1171 4340 cognomento
1204 4260 1491 4331 Macedo,
1528 4261 1790 4319 maritus
1821 4260 2141 4333 Eudoxim,
2173 4262 2397 4321 Leonis
2433 4261 2748 4340 Sapientis
2778 4266 2839 4319 et
2869 4260 3213 4320 Alexandri
3242 4268 3449 4339 pater.

417 4367 743 4424 Praeterea
779 4360 839 4418 in
874 4359 1095 4420 eodem
1128 4360 1348 4420 codice
1378 4375 1507 4417 una
1538 4363 1597 4416 et
1628 4358 2048 4436 quadraginta
2105 4358 2408 4437 imagines
2451 4365 2597 4420 sunt
2626 4358 3077 4436 amplissimae;
3114 4364 3333 4437 totque
3380 4358 3534 4419 olim
3579 4365 3802 4434 erant,

335 4468 527 4544 quot‘
556 4458 902 4519 orationes.
938 4457 1059 4517 Sed
1092 4477 1166 4516 ex
1198 4456 1325 4516 illis
1355 4456 1619 4532 integrae
1643 4475 1861 4516 novem
1896 4455 2348 4517 desiderantur.
2383 4459 2472 4518 Ex
2515 4458 2590 4517 iis
2620 4474 2761 4534 quae
2811 4462 3152 4534 supersunt
3199 4475 3428 4517 novem
3485 4456 3806 4518 decemve

333 4563 412 4622 ad
451 4555 788 4618 historiam
821 4553 1334 4626 ecclesiasticam,
1372 4552 1646 4611 maxime
1675 4554 1954 4630 Gregorii
2006 4555 2220 4626 nostri,
2250 4555 2583 4633 pertinent.
2617 4553 2986 4615 Orationum
3034 4554 3192 4613 ordo
3239 4555 3305 4613 in
3353 4553 3478 4614 hoc
3525 4572 3804 4614 manus-

331 4661 545 4737 cripto
578 4654 658 4712 ad
693 4651 1217 4727 chronologicum
1249 4648 1541 4728 proxime
1565 4650 1823 4722 accedit,
1855 4650 2033 4710 initio
2064 4651 2354 4711 maxime.
2390 4651 2601 4710 Prima
2645 4666 2919 4726 namque
2949 4655 3062 4721 est,
3100 4673 3129 4704 α
3166 4650 3228 4709 in
3281 4650 3532 4710 Pascha
3566 4657 3630 4710 et
3664 4659 3805 4712 tar-

330 4757 628 4821 ditatem,
665 4771 698 4803 »
733 4765 876 4826 quae
910 4747 1071 4807 male
1101 4747 1166 4806 in
1198 4745 1384 4806 editis
1415 4753 1546 4804 xu“
1575 4751 1687 4804 est.

415 4849 723 4914 Codicem
755 4845 927 4903 hunc
958 4862 1101 4904 cum
1160 4843 1460 4903 omnibus
1509 4841 1692 4902 editis
1748 4843 2140 4903 orationibus
2170 4851 2380 4905 noster
2435 4842 2802 4904 Louvardus
2860 4843 3151 4915 contulit,
3186 4862 3374 4922 quem
3407 4845 3508 4904 his
3567 4845 3814 4907 litteris

336 4949 639 5025 designat
671 4942 705 5000 ὁ
733 4962 812 5008 m.
849 4942 999 5019 quia
1028 4947 1316 5020 tempore
1345 4938 1563 4999 Basilii
1592 4940 1949 5000 Macedonis
1978 4941 2248 5018 scriptus
2276 4942 2520 5019 ipsique
2543 4940 2815 5000 oblatus.

420 5051 721 5119 Longum
754 5044 917 5098 esset
943 5039 1032 5099 ire
1060 5057 1171 5117 per
1191 5038 1488 5115 singula:
1523 5043 1620 5095 sat
1649 5038 1766 5097 erit
1812 5037 2374 5115 codicuquuibus
2420 5038 2515 5099 usi
2562 5054 2802 5108 sumus,
2836 5036 3071 5115 quique
3120 5058 3158 5098 a
3204 5045 3423 5100 nostro
3455 5043 3813 5104 Louvardo

338 5142 565 5208 collati
597 5143 749 5197 sunt
779 5136 1005 5196 seriem
1037 5142 1281 5207 texere,
1316 5151 1461 5193 cum
1492 5133 1657 5194 notis
1689 5134 1918 5212 quibus
1946 5133 2325 5194 indicantur.

412 5307 435 5342 ³
462 5307 642 5358 Joan.
673 5311 794 5365 xw,
818 5295 910 5349 27.
