4080 6406
303 386 370 448 29

1292 376 1714 438 ΡΗᾸΞΕἊΤΙΟ
1760 374 2223 438 GENERALIS.
2259 407 2339 423 —-
2365 374 2569 437 PARS
2611 375 2670 439 I.‘

2089 374 2223 438 LIS.
2259 407 2339 423 —-
2365 374 2569 437 PARS
2611 375 2670 439 I.‘
3620 372 3700 433 30

785 534 1087 603 Catalogu:
1116 547 1241 587 mss.
1277 530 1547 597 codicum,
1580 528 1775 600 quibus
1801 529 1859 584 in
1890 528 2245 586 mandandis
2277 531 2545 600 Gregorii
2575 530 2842 602 Operibus
2871 530 2961 586 usi
2986 545 3197 586 sumus.

300 626 456 682 Nom
496 640 740 679 INDIGES.

495 712 711 770 REGII.

494 802 692 859 Olim..
720 844 731 860 .
756 818 960 860 .nunc.

299 902 343 940 ε.
490 883 906 939 1914....512.

295 1026 345 1081 b.
490 1026 726 1083 1916...
754 1026 905 1082 .517.

292 1186 335 1224 c.

290 1312 339 1367 d.
486 1312 903 1367 2297....512.

290 1400 333 1438 e.
487 1385 643 1438 1915.
670 1424 683 1439 .
708 1424 721 1438 .
746 1384 900 1437 .571.

291 1454 324 1509 f.
479 1455 895 1510 2311....541.

290 1614 339 1669 g.
490 1599 650 1656 1820.
676 1640 687 1654 .
714 1596 903 1653 .1173.

287 1739 340 1794 h.
484 1740 904 1796 2426....858.

285 1881 320 1936 1.
478 1884 902 1941 2886....98-1.

285 1971 356 2008 ιιι.
484 1956 645 2012 1913.
671 1999 682 2011 .
706 1998 719 2011 .
744 1955 901 2011 .573.

286 2114 338 2151 n.
483 2098 904 2154 2315....570.

286 2184 330 2222 ο.
477 2171 722 2227 2885...
773 2170 903 2223 996.

284 2240 374 2312 pb.
482 2243 719 2297 1917.2.
746 2242 902 2298 .525.

479 2596 719 2650 1917.1.
746 2595 901 2651 .518.

481 2668 648 2722 1918.
671 2707 685 2723 .
710 2708 724 2723 .
748 2667 902 2723 .516.

474 2739 623 2775 9900
779 2739 879 2775 ςςι

279 2610 328 2665 q.

280 2683 322 2720 r.

276 2741 313 2791 t.

273 2968 322 3006 u.
472 2953 904 3008 2308....524.

274 3023 362 3079 Vel
394 3025 560 3097 Cypr.

270 3182 325 3221 τ’.
470 3167 897 3223 2310....540.

271 3254 321 3292 χ.
470 3241 649 3295 2312.
672 3280 684 3295 .
709 3280 720 3294 .
744 3240 898 3295 .553.

273 3396 321 3452 γ.
477 3382 899 3439 1921....526.

269 3538 313 3577 z.

267 3593 375 3650 bm.
473 3596 646 3652 1800.
668 3635 682 3652 .
706 3635 718 3651 .
744 3596 897 3653 .510.

266 3664 360 3722 bu.
471 3668 898 3726 2302....552.

264 3808 899 3883 Chrys.........543.

266 3950 429 4009 Non;
465 3969 723 4010 lNDICES.

477 2739 909 2795 2299....551.

1027 876 1524 943 Membranaceus,
1559 876 1851 931 Francisci
1888 877 1907 931 Ι
1940 876 2371 932 Parisiensibus
2415 877 2739 933 editoribus
2776 879 2866 932 Ιιιε.
2902 876 3215 932 Maximam
3250 880 3473 947 partem
3515 892 3695 930 manu

1096 948 1340 1004 antiqua
1371 948 1607 1002 ineunte
1640 965 1770 1003 saec.
1802 966 1860 1002 χι
1892 953 2162 1003 exaratos
2192 949 2443 1004 videtur.

1025 1022 1173 1077 Olim
1209 1018 1540 1083 Mediczeus,
1572 1026 1705 1075 ante
1737 1036 1921 1074 annos
1961 1020 2170 1075 saltem
2200 1021 2307 1074 700
2341 1021 2571 1075 videtur
2600 1020 2888 1091 scriptus;
2930 1021 3031 1075 sed
3063 1020 3261 1075 Oratio
3294 1020 3353 1073 in
3386 1018 3604 1091 pascha
3642 1024 3699 1073 et

1092 1092 1449 1157 tarditatem,
1485 1108 1640 1146 nunc
1673 1094 1724 1157 1,
1758 1092 2067 1147 recentiori
2102 1108 2301 1146 manu.

1021 1164 1211 1235 Codex
1240 1163 1453 1218 saeculo
1486 1180 1586 1218 xm
1618 1164 1871 1235 eleganti
1902 1180 2077 1218 manu
2112 1164 2387 1235 scriptus,
2423 1162 2634 1218 litteris
2668 1164 2859 1235 aureis
2905 1163 3071 1218 initio
3105 1162 3456 1229 orationum,
3491 1164 3547 1217 et
3576 1160 3698 1233 pic-

1095 1234 1246 1290 turis
1277 1237 1540 1307 ornatus.
1573 1235 1613 1289 E
1649 1234 1793 1307 Bibl.
1832 1235 2139 1290 Petaviana
2170 1234 2497 1307 in’Regiam
2530 1234 2784 1290 transiit.

1026 1307 1190 1362 Circa
1221 1305 1516 1378 decimum
1551 1306 1863 1374 smculum;
1899 1308 2130 1378 praefert
2161 1305 2371 1362 nomen
2404 1308 2573 1363 Joan.
2609 1307 2814 1362 Gaddi.

1021 1379 1171 1433 Olim
1205 1376 1532 1441 Medicaeus,
1566 1395 1639 1432 xv
1670 1379 1885 1433 saeculi.

1015 1451 1205 1507 Codex
1254 1449 1489 1520 optimis
1541 1456 1706 1513 nota,
1742 1449 1883 1505 olim
1936 1450 2339 1520 Mazarinteus,
2376 1455 2512 1505 ante
2562 1466 2748 1505 annos
2780 1451 2883 1503 700
2915 1450 2985 1505 ad
3018 1450 3239 1515 minus,
3272 1448 3529 1519 scriptus
3580 1448 3694 1505 ele-

1133 1520 1457 1577 antissime.
3262 1555 3271 1561 .

1025 1538 1563 1650 Oliggimrlrfgbnzigterii
1593 1594 1813 1666 Gryptae
1861 1593 2130 1663 Ferrataz,
2173 1609 2325 1666 anno
2372 1593 2478 1666 950
2518 1592 2879 1663 descriptus;
2916 1592 3067 1648 inter
3113 1589 3301 1646 multa
3356 1594 3691 1647 sanctorum

1091 1666 1327 1720 Patrum
1362 1664 1683 1736 opuscula;
1700 1664 1924 1736 septem
1957 1665 2216 1737 Gregorii
2250 1664 2541 1721 orationes
2571 1665 2850 1737 continet.

1026 1737 1181 1792 Duas
1225 1734 1484 1861 tatntuind
1503 1734 2109 1861 Gtregoriiorationes',
2140 1738 2432 1793 variorum
2478 1736 2783 1809 opusculis
2833 1735 3143 1806 permistas
3191 1734 3369 1789 habet
3399 1752 3412 1789 :
3446 1751 3526 1789 xu
3557 1751 3690 1790 sane.

1091 1824 1264 1861 exara
1295 1825 1363 1861 us
1396 1823 1446 1861 v1
1493 1825 1522 1861 e
1554 1826 1641 1861 ur.

1091 1812 1363 1864 exaratus
1396 1809 1641 1863 videtur.

1023 1880 1398 1941 Chartaceus,
1430 1896 1526 1934 xw
1555 1895 1686 1935 saec.

1023 1952 1343 2007 Membran.
1380 1950 1577 2005 Basilii
1612 1950 1833 2023 scholia
1881 1950 1938 2005 in
1982 1950 2279 2007 orationes
2313 1951 2575 2023 Gregorii
2607 1950 2995 2023 quadraginta
3026 1949 3288 2022 quinque
3332 1950 3639 2005 continens
3672 1966 3684 2004 :

1090 2040 1171 2088 χι,
1203 2028 1269 2077 ut
1298 2023 1575 2092 creditur,
1610 2022 1822 2079 saeculo
1849 2022 2195 2096 exscriptus.

1023 2094 1373 2151 Cbartaceus
1412 2112 1508 2150 xxv
1537 2112 1665 2150 saec.

1022 2168 1311 2238 Anonymi
1344 2166 1565 2221 scholia
1595 2167 1650 2220 in
1684 2165 1942 2237 Gregorii
1975 2166 2269 2221 orationes
2296 2166 2737 2237 quatuordecim
2771 2165 3101 2235 continens,
3130 2181 3372 2238 xngsaac.

1021 2256 1057 2294 χ
1086 2236 1172 2292 vel
1196 2235 1357 2293 certe
1387 2255 1445 2291 χι
1478 2240 1720 2293 ineunte
1749 2235 1879 2293 snio.
1911 2238 2142 2293 videtur
2185 2235 2474 2293 exaratus.
2512 2239 2706 2308 Longe
2756 2238 2989 2308 optimas
3024 2240 3171 2292 notae
3220 2235 3389 2306 liber,
3421 2237 3520 2308 qui
3553 2253 3685 2308 pas-

1086 2309 1199 2382 sim
1242 2326 1308 2365 ac
1357 2307 1570 2380 ubique
1623 2326 1765 2382 pene
1815 2326 1949 2365 cum
1999 2310 2398 2365 famosissimo
2429 2311 2556 2365 cod.
2588 2311 2714 2376 510,
2749 2307 2909 2382 olim.
2949 2310 3086 2382 1809
3114 2307 3449 2382 consonati
3478 2307 3565 2363 vel
3618 2326 3685 2363 eo

1089 2381 1263 2436 etiam
1314 2380 1698 2436 emendatior.
1747 2381 2127 2437 Paucissimis
2182 2382 2635 2438 amanuensium
2688 2380 3040 2453 sphalmatis
3096 2380 3518 2453 dehonestatur
3550 2397 3562 2436 :
3594 2398 3689 2436 χνι

1087 2456 1315 2525 tantum
1360 2454 1658 2525 orationes
1694 2457 2105 2525 repraesentat.
2143 2453 2432 2510 Ludovico
2481 2452 2904 2525 magno,’anno
2943 2454 3103 2517 1701,
3133 2453 3205 2508 ab
3252 2452 3688 2524 archiepiscopo

1091 2523 1625 2595 Pbilippopolitano
1655 2523 1887 2581 oblatus
1916 2529 2007 2580 est
2035 2525 2131 2580 hic
2162 2525 2359 2581 codex.

1022 2595 1526 2661 Membranaceus,
1553 2596 1841 2652 Francisci
1874 2597 1896 2651 Ι
1929 2597 2040 2653 sub
2070 2597 2249 2651 ﬁnem
2278 2614 2314 2651 χ
2344 2612 2474 2652 saec.

1023 2668 1165 2722 Item
1202 2667 1494 2723 Francisci
1528 2668 1570 2723 Ι.
1604 2668 2035 2723 Parisiensibus
2067 2668 2189 2737 111³⁸,
2218 2686 2255 2723 χ
2292 2685 2422 2723 saec.

1029 2738 1531 2810 Membranaceus,
1572 2757 1676 2795 xm
1725 2756 1854 2795 saec.
1906 2736 2200 2795 orationes
2257 2740 2454 2795 decem
2490 2743 2546 2795 et
2574 2742 2794 2809 septem
2853 2736 3180 2805 continens,
3214 2754 3465 2809 quarum
3525 2738 3692 2794 initio

1090 2810 1371 2883 leguntur
1414 2811 1678 2866 carmina
1727 2817 2141 2883 argumentum
2172 2812 2516 2883 explicantis
2556 2828 2568 2866 :
2602 2812 2775 2866 editis
2822 2811 2881 2865 in
2933 2810 3210 2866 omnibus
3260 2811 3377 2866 fere
3424 2827 3689 2867 concors.

1088 2882 1265 2936 Henri
1302 2882 1371 2935 IV
1402 2899 1611 2937 nomen
1646 2887 1705 2938 et
1734 2882 1992 2955 insignia
2022 2882 2271 2955 praefert}

1022 2955 1169 3007 Ante
1199 2971 1385 3008 annos
1415 2956 1522 3007 500
1551 2952 2109 3026 exaratum—optimae
2156 2959 2324 3019 notae,
2357 2957 2414 3008 et
2443 2953 2687 3026 optimis
2711 2952 3062 3026 lectionibus
3111 2954 3380 3009 refertus.
3417 2954 3548 3026 Ideo
3580 2953 3691 3009 hac

1090 3030 1248 3098 nota,
1297 3028 1466 3097 Cypr.
1517 3026 1867 3098 quandoque
1914 3024 2258 3098 designatus
2315 3024 2866 3096 quod'Vanslebius
2924 3026 3081 3081 hunc
3138 3026 3279 3081 emit
3332 3025 3573 3082 Nicosite
3630 3027 3689 3080 in

1090 3096 1296 3223 Cypro,
1330 3096 1473 3151 etin
1507 3097 1935 3181 bibliothecam.
1955 3096 2195 3170 Regiam
2228 3098 2457 3166 detulit,
2494 3114 2646 3153 anno
2682 3098 2838 3151 1671.

1090 3184 1167 3223 3m
1218 3185 1519 3223 ranaceus.
1553 3168 1693 3223 olim
1728 3170 2127 3223 Mazarinaaus.
2160 3188 2239 3223 χιι
2270 3187 2400 3223 saec.

1018 3167 1519 3236 Membranaceus,
1553 3168 1693 3224 olim
1728 3167 2127 3236 Mazarinaaus,
2160 3188 2239 3224 χιι
2270 3187 2400 3225 saec.

1019 3239 1168 3294 Olim
1222 3240 1623 3306 Mazarinaeus,
1659 3258 1865 3297 novem
1899 3246 2127 3297 tantum
2159 3242 2453 3297 orationes
2485 3240 2729 3307 habens,
2761 3240 2979 3312 quibus
3026 3239 3234 3296 Nicetze
3286 3240 3694 3296 commentarii

1091 3312 1398 3381 accedunt,
1430 3329 1535 3367 χιιι
1568 3329 1700 3368 saec.

1019 3382 1521 3450 Membranaceus,
1552 3402 1610 3440 χι
1647 3400 1779 3440 saec.
1840 3400 1910 3440 ex
1957 3384 2190 3441 Oriente
2245 3383 2305 3438 in
2365 3383 2777 3439 bibliothecam
2841 3383 3104 3456 Regiam,
3159 3400 3312 3440 anno
3370 3384 3507 3439 1669
3563 3383 3691 3441 illa-

1089 3458 1207 3511 tus.

1018 3527 1516 3595 Membranaceus,
1551 3543 1653 3582 χιιι
1684 3542 1815 3584 sec.
1844 3527 2209 3593 Quibusdam
2238 3525 2602 3583 orationibus
2633 3527 2832 3583 addita
2860 3531 3001 3583 sunt
3029 3526 3269 3584 scholia.

1017 3597 1444 3672 Geleberrimus
1474 3599 1672 3664 codex,
1705 3600 1777 3655 de
1807 3615 1923 3672 quo
1953 3616 2141 3672 supra
2157 3600 2382 3672 dictum
2415 3602 2522 3672 est.

1018 3669 1520 3739 Membranaceus,
1573 3686 1679 3726 χιιι
1730 3668 1859 3727 saec.
1911 3688 1980 3727 ex
2024 3668 2380 3728 bibliotheca
2437 3668 2686 3726 Huraltii
2744 3669 3067 3727 Boistalerii
3131 3670 3190 3727 in
3250 3670 3489 3744 Regiam
3548 3670 3687 3727 illa-

1011 3746 1255 3869 miusi'ec.
1288 3816 1585 3881 exaratus,
1618 3816 1675 3869 et
1714 3813 2004 3873 Ludovico
2047 3815 2145 3871 XV
2192 3812 2427 3871 oblatus
2454 3830 2487 3868 a
2517 3812 2838 3885 Chrysanto
2888 3812 3221 3886 patriarcha
3268 3813 3686 3887 Hierosolymi-

1079 3888 1239 3941 tano.

432 4026 723 4101 Gomsar.
1429 4026 1647 4085 Codices
1679 4028 1820 4086 olim
1854 4028 2157 4086 Colbertini
2186 4028 2316 4086 dein
2346 4029 2522 4101 Regii.
3114 4100 3123 4101 ί
3551 4077 3557 4081 .

363 4096 486 4153 Vel.
2423 4096 2440 4101 ⁷
3099 4100 3350 4159 Olim...
3373 4142 3385 4158 .
3411 4118 3613 4159 .nunc.

366 4194 424 4234 a.
663 4178 3249 4239 1.3062....................2294.
3440 4183 3570 4238 576.

365 4319 427 4375 b.
657 4320 1925 4381 2.2696..........

3102 4254 3233 4309 3.3.

2024 4325 3251 4383 ..........1917.
3438 4326 3570 4383 528.

363 4479 417 4519 ο.
663 4463 1932 4525 3.2695..........

3093 4398 3224 4453 5.5.

2028 4469 3570 4527 ..........1918.545.

362 4606 424 4661 d.
658 4606 1925 4666 4.42ι11..........

3104 4542 3232 4596 3.3.

2021 4613 3249 4669 ..........2891.
3438 4613 3569 4669 977.

361 4765 417 4805 e.
651 4748 1928 4810 5.2776..........

3100 4685 3230 4739 3.3.

2023 4756 3248 4813 ..........1918.
3439 4756 3570 4811 529.

363 4891 408 4948 1‘.
657 4828 3569 4956 547.

362 5050 425 5105 g.
656 5035 1923 5106 g.2494..........

3438 5043 3568 5098 575.

362 5175 1926 5240 h.k.8.1342..........

3438 5186 3570 5244 569.

361 5320 407 5376 i.
650 5319 710 5375 9.
863 5320 1922 5383 642..........

2019 5258 3256 5387 ......'....1931°4.
3436 5330 3567 5387 532.

360 5458 409 5519 ι.
622 5401 3567 5532 766.

362 5604 1926 5669 ω.11.4248..........

2020 5543 3245 5676 ..........23ῗ)έ.
3434 5614 3566 5675 515.

1578 5769 1697 5827 Alii
1725 5771 1938 5830 codices
1972 5773 2360 5845 manuscripii.
3145 5686 3207 5746 5.

262 5851 361 5935 Or.
592 5854 662 5935 1.._
682 5854 988 5935 πωπω»
1016 5854 1145 5913 cod.
1178 5858 1605 5935 mss._0rato_rii
1632 5860 1869 5935 pomini
1896 5862 2038 5919 Jesu
2064 5861 2123 5918 in
2157 5862 2282 5919 vico
2313 5862 2511 5919 Sancti
2541 5863 2843 5935 Honorati,
2878 5864 3056 5924 Paris.

265 5923 390 5986 Jes.
594 5925 717 5985 65°-
744 5923 897 5989 iiter
924 5942 1071 5991 mss.
1103 5927 1233 5991 cod.
1267 5927 1495 6003 collegii
1526 5930 1805 6013 Ludovici
1834 5934 2053 6009 Magni,
2082 5935 2179 5996 via
2202 5935 2482 5997 Jacobaea.
