4080 6476
332 413 403 474 31
1354 413 1780 478 ΡΒΛΕΡΑΤΙΟ
1826 416 1943 476 GE}

2146 417 2291 479 LlS.
2323 450 2400 463 —
2430 416 2634 480 PARS
2678 417 2726 480 Ι.
3678 422 3756 483 32

336 547 499 604 Pass.
657 549 794 604 Cod.
831 564 974 604 mss.
1008 549 1457 605 eminentissimi
1486 549 1801 606 cardinslis
1831 551 2165 606 Passionaei.

331 619 463 672 Vat.
657 620 795 675 Cod.
831 638 973 675 mss.
1008 636 1075 675 ex
1107 620 1459 676 bibliotheca
1486 621 1785 676 Vaticana.

334 690 511 746 Coisl.
658 693 793 749 Cod.
832 708 974 747 mss.
1012 697 1072 746 D.
1099 695 1170 747 de
1199 692 1435 760 Coislin,
1461 711 1614 748 nunc
1646 693 1705 748 in
1737 693 1878 748 bibl.
1911 697 1968 747 S°
2003 693 2275 750 Germani
2308 714 2341 751 a
2370 696 2574 751 Pratis.

1812 872 2026 929 Codices
2067 875 2270 930 excusi.

335 993 462 1049 Ald.
655 994 782 1049 Aldi
817 995 1061 1049 Manutii
1093 996 1268 1051 editio
1300 995 1432 1051 anni
1470 997 1625 1051 1516.

336 1067 469 1121 Bas.
659 1065 850 1120 Basilii
885 1067 1221 1122 Scholiasta
1251 1067 1549 1123 lectiones.

335 1137 443 1193 Bil.
657 1138 883 1203 Billius,
921 1138 1176 1193 Billianaa
1207 1140 1513 1206 editiones,
1549 1157 1615 1195 ac
1649 1140 1925 1196 lectiones
1954 1159 2095 1198 mss.

336 1209 478 1265 Bod.
657 1209 1007 1265 Bodleianus
1037 1212 1216 1266 codex
1247 1211 1303 1264 in
1341 1212 1720 1268 Montacutio.

339 1280 538 1336 Comb.
666 1280 994 1336 Combefisii
1029 1281 1325 1338 lectiones.

341 1351 424 1407 El.
459 1351 607 1408 Cret.
665 1351 816 1407 Elias
848 1353 1159 1408 Cretensis.

340 1423 486 1479 Gab.
660 1423 933 1479 Gabrielii
964 1424 1258 1480 lectiones.

337 1494 534 1550 Heins.
660 1495 958 1551 Heinsiani
988 1497 1204 1551 codicis
1237 1496 1534 1552 lectiones.

335 1566 505 1641 tierv.
657 1566 1218 1641 hasileensiseditio
1251 1569 1405 1640 apud
1438 1568 1811 1641 Hervagium,
1847 1571 1999 1628 1550.

336 1637 510 1694 Leuv.
660 1637 1028 1694 Leuvenklaii
1060 1639 1259 1696 editio.

339 1709 521 1766 Mont.
663 1710 1076 1766 Montacutius.

339 1780 442 1855 9x.
662 1781 1009 1855 pxoniensis
1041 1781 1256 1855 codicis
1288 1781 1563 1839 lectiones
1593 1783 1747 1855 apud
1785 1783 2224 1842 Montacutium.

339 1853 469 1907 Par.
660 1853 1083 1928 Parisiensium
1115 1853 1292 1910 editio
1325 1855 1462 1910 1609
1492 1872 1558 1911 ac
1588 1853 1884 1928 deinceps.

340 1929 470 1980 Sav.
663 1924 931 1981 Savilius.

341 1993 574 2069 Sancig.
661 1995 1670 2069 Sancigyranﬁensisiemendationes.

343 2066 479 2122 Sch.
528 2066 546 2068 ’
673 2066 909 2123 Andreae
940 2068 1166 2124 Schotti
1195 2068 1253 2122 in
1285 2069 1638 2126 Montacutio
1669 2069 1927 2128 Schedaa.

345 2139 472 2211 Syr.
665 2139 874 2211 Syrleti
907 2157 1049 2195 mss.
1084 2142 1143 2195 in
1178 2140 1305 2195 Bill.
1339 2141 1472 2196 lect.

343 2209 452 2264 Th.
666 2209 856 2266 Codex
889 2228 1030 2266 mss.
1064 2212 1128 2266 D.
1165 2213 1461 2269 Thomson
1496 2212 1552 2267 in
1589 2213 1840 2268 Montac.

345 2279 477 2335 Till.
667 2283 785 2338 DD.
818 2282 1246 2340 Tillemontius.

345 2352 444 2428 :Ijr.
670 2353 858 2428 Codex
889 2371 1030 2428 mss.
1054 2355 1122 2428 iS.
1156 2355 1471 2428 Trinitatis,
1495 2356 1647 2428 apud
1681 2356 1932 2412 Montac.

344 2422 490 2494 Vaq.
669 2425 934 2498 Vaquerii
967 2427 1144 2484 codex
1174 2427 1230 2483 in
1265 2428 1417 2484 notis
1451 2422 1898 2485 Parisiensibus.

437 2850 512 2910 Hi
541 2851 848 2911 suntlibri
881 2852 1137 2930 majoris
1170 2855 1634 2928 momenti,tam
1665 2873 1859 2915 manu
1890 2856 2332 2936 scripti,quam
2363 2854 2594 2928 excusi,
2622 2873 2890 2934 quorum
2923 2856 3203 2918 subsidio
3233 2873 3460 2917 novam
3488 2855 3789 2934 Gregorii

352 2951 627 3027 Operum
659 2949 998 3010 editionem
1031 2951 1362 3028 adornare,
1396 2952 1844 3032 inceptumque
1876 2971 2034 3033 opus
2064 2959 2126 3014 et
2154 2954 2260 3013 diu
2291 2955 2714 3034 interruptum
2746 2954 3042 3035 prosequi
3072 2960 3135 3015 et
3183 2954 3508 3015 absolvere
3566 2958 3777 3014 tenta—

352 3046 581 3106 vimus.
616 3047 808 3108 Multo
839 3047 1050 3128 plures
1082 3049 1327 3111 codices
1357 3051 1818 3131 manuscriptos
1849 3052 2498 3132 evolvimus,quorum
2543 3052 2765 3114 seriem
2788 3053 3098 3133 integram
3130 3052 3218 3114 ibi
3264 3058 3476 3113 texere
3507 3052 3781 3130 longum

353 3144 610 3204 fuisset:
646 3146 1000 3227 praecipuos
1055 3147 1383 3227 designare
1415 3150 1564 3210 satis
1595 3150 1797 3210 visum
1826 3155 1958 3224 est;
1994 3155 2254 3213 caeteros
2286 3150 2625 3212 acervatim
2674 3151 2952 3230 generali
3002 3150 3476 3231 nuncupatione
3500 3149 3563 3209 in
3616 3149 3791 3210 notis

354 3242 834 3320 appellavimus,
872 3245 1144 3308 maxime
1175 3247 1323 3307 dum
1365 3248 1428 3308 in
1489 3249 1774 3310 eamdem
1833 3249 2170 3311 lectionem
2233 3249 2660 3311 convenirent.
2697 3250 2979 3329 Optimae
3027 3267 3311 3329 quasque
3361 3267 3436 3308 ex
3482 3246 3784 3308 omnibus

352 3341 542 3401 variis
573 3341 945 3405 lectionibus
975 3346 1572 3427 selegimus,easque
1603 3348 1701 3408 vel
1731 3347 1927 3410 textui
1958 3347 2360 3422 inseruimus,
2386 3356 2455 3410 ut
2486 3349 2797 3429 corruptis
2828 3349 3242 3421 mederemur,
3277 3347 3329 3408 si
3359 3366 3465 3409 eas
3505 3346 3572 3407 in
3620 3364 3782 3408 con-

355 3445 595 3501 textum
629 3442 843 3502 referri
895 3443 1120 3505 vulnus
1162 3446 1529 3524 postulavit,
1562 3447 1854 3526 apposita
1884 3447 1964 3508 ad
2009 3447 2327 3526 maginem
2381 3454 2533 3509 nota
2563 3467 2706 3526 quae
2736 3447 3034 3509 lectorem
3093 3445 3550 3508 emendationis
3609 3465 3789 3506 com-

356 3539 798 3614 monefaceret,
835 3541 932 3602 vel
961 3542 1025 3602 in
1077 3545 1358 3622 margine
1406 3545 1685 3606 inferiori
1728 3545 2133 3624 subjecimus.
2168 3548 2327 3606 Sunt
2375 3546 2718 3623 aliquando
2768 3546 3085 3625 longiores
3135 3551 3321 3618 notas,
3365 3563 3508 3605 cum
3557 3545 3782 3621 expla-

354 3638 570 3696 nanda
599 3638 939 3700 difficultas
984 3643 1277 3715 occurrit,
1312 3644 1406 3704 vel
1460 3644 1678 3723 spinae,
1713 3663 1871 3722 quas
1919 3643 2040 3703 sibi
2088 3663 2214 3703 non
2267 3644 2458 3704 recidi
2506 3645 2701 3705 lector
2750 3663 2916 3721 agre
2964 3645 3172 3704 ferret.
3209 3644 3600 3714 Orationum,
3636 3662 3784 3722 qua

355 3734 577 3795 ordine
611 3741 962 3815 temporum
996 3740 1406 3813 collocantur,
1441 3743 1633 3801 fronti
1664 3742 1938 3820 prmﬁxm
1970 3746 2117 3800 sunt
2165 3741 2646 3811 admonitiones,
2683 3741 2747 3800 in
2798 3741 3027 3818 quibus
3090 3747 3336 3817 tempus
3383 3760 3508 3818 quc
3557 3739 3783 3800 habita

355 3852 625 3912 qumque
669 3841 761 3895 est
791 3838 1115 3913 astruitur,
1149 3845 1209 3899 et
1250 3847 1658 3916 augmentum
1711 3839 2068 3918 exponitur.
2122 3838 2574 3916 Exspatiantur
2619 3839 2747 3899 illa;
2796 3857 3253 3917 nonnunquam
3304 3838 3589 3898 fortassis
3637 3839 3780 3897 lon-

354 3932 513 4010 gius,
549 3933 658 3992 sed
688 3934 777 3993 rei
807 3937 1102 4012 gravitas,
1138 3938 1235 3996 vel
1267 3938 1692 4009 difﬁcultates,
1732 3955 1872 4015 quae
1922 3937 2088 3997 intra
2146 3942 2439 3997 notarum
2491 3938 2814 4015 augustias
2867 3937 3163 3996 concludi
3205 3937 3303 3996 vel
3358 3936 3612 3995 dissolvi
3653 3955 3782 3996 non

357 4037 673 4111 poterant,
706 4033 1098 4093 brevioribus
1126 4053 1258 4095 esse
1291 4055 1414 4096 non
1450 4037 1755 4115 permisit.
1791 4037 2121 4099 Orationes
2149 4038 2212 4097 in
2246 4036 2480 4116 capita,
2513 4056 2619 4097 seu
2667 4053 2966 4096 numeros
3021 4034 3259 4109 divisa,
3300 4053 3372 4094 ac
3426 4041 3787 4114 temporum

359 4129 578 4190 ordine
610 4137 755 4190 sunt
786 4131 1134 4192 collocata.
1169 4134 1443 4194 Minutus
1479 4141 1690 4196 autem
1751 4153 1969 4196 earum
2028 4154 2351 4208 numerus,
2387 4135 2619 4195 nedum
2679 4140 2938 4195 auctus:
2977 4134 3212 4214 quippe
3271 4152 3345 4193 ex
3379 4133 3629 4193 illarum
3663 4152 3786 4192 nu-

363 4247 537 4289 mero
572 4235 840 4290 resectas
871 4236 1166 4309 quatuor,
1199 4231 1364 4293 inter
1384 4233 1630 4313 spurios
1662 4235 1822 4294 fetus
1853 4233 2350 4294 amandavimus.
2390 4233 2682 4296 Geminas
2719 4253 2968 4314 quoque
2998 4233 3078 4294 ad
3107 4231 3478 4293 Cledonium
3511 4231 3781 4304 litteras,

363 4332 424 4388 et
447 4347 634 4389 unam
668 4328 748 4389 ad
777 4330 1138 4391 Nectarium
1173 4350 1249 4393 ex
1279 4334 1635 4394 orationum
1669 4333 1865 4395 classe
1893 4337 2188 4407 remotas,
2227 4334 2306 4394 ad
2337 4333 2660 4413 pmpriam
2711 4332 2922 4394 sedem
2971 4331 3137 4392 inter
3184 4330 3482 4410 epistolas
3535 4349 3788 4393 revoca-

358 4445 584 4489 v1mus.

439 4543 719 4604 'l‘andem
766 4545 1018 4624 praafari
1065 4545 1736 4627 desinam,postquam
1794 4548 2074 4609 virorum
2131 4548 2482 4620 doctorum,
2524 4547 2634 4626 qui
2689 4547 2958 4608 amicam
3016 4552 3433 4625 porrexerunt
3491 4565 3780 4622 manum,

360 4641 569 4703 ofﬁcia
599 4660 1200 4706 commemoravero.
1234 4645 1480 4706 Primus
1513 4665 1645 4708 sese
1692 4646 1873 4707 offert
1924 4646 2021 4705 vir
2073 4663 2108 4707 e
2140 4646 2332 4724 Regia
2380 4645 2857 4719 numismatnm,
2901 4644 3403 4723 inscriptionum,
3441 4644 3781 4705 humanio-

359 4759 627 4818 rumque
659 4740 1011 4801 litterarum
1042 4743 1380 4803 Academia
1404 4745 1804 4817 clarissimus,
1841 4744 2282 4824 esjusdemque
2319 4740 2695 4817 Γραμματεύς,
2729 4745 2797 4802 D.
2835 4745 3082 4822 Dupuy,
3120 4741 3180 4801 in
3215 4741 3439 4820 quovis
3486 4741 3784 4801 scientia-

360 4857 502 4900 rum
535 4856 762 4917 genere
790 4845 854 4900 et
893 4839 1279 4918 linguarum,
1317 4842 1590 4903 maxime
1622 4845 1875 4916 Graecae,
1909 4843 2368 4904 versatissimus
2398 4847 2460 4903 et
2489 4841 2938 4922 peritissimus;
2973 4840 3083 4920 qui
3138 4859 3264 4900 non
3323 4839 3774 4918 perfunctorie,

360 4937 468 4997 sed
492 4936 826 5015 diligenter
856 4939 1130 4999 censoris
1160 4939 1326 5000 vices
1357 4959 1573 5019 agens,
1606 4941 1853 5020 singula
1884 4946 2073 5020 prout
2103 4940 2390 5020 subjecta
2421 4940 2598 5019 prelo
2629 4939 2888 5000 exibant
2918 4939 3088 5012 folia,
3123 4936 3280 4997 nihil
3310 4941 3661 5011 cunctatus,
3700 4956 3777 4998 ea

357 5037 570 5113 legere
602 5036 824 5097 solitus
854 5042 914 5097 et
946 5039 1337 5118 expendere;
1374 5045 1565 5118 atque
1598 5045 1664 5100 ut
1692 5040 1785 5100 vir
1813 5038 1918 5099 ille
1948 5039 2152 5099 bonus
2181 5045 2242 5098 et
2272 5039 2567 5119 prudens,
2604 5039 2682 5099 de
2720 5057 2846 5118 quo
2878 5037 3196 5109 Horatius,
3231 5033 3533 5115 culpabat
3589 5035 3775 5108 dura,

360 5135 664 5195 mutanda
695 5134 978 5208 notabat,
1015 5136 1310 5215 ambigue
1341 5137 1508 5199 dicta
1538 5138 1865 5214 arguebat,
1901 5155 2125 5218 parum
2173 5137 2359 5198 claris
2413 5137 2643 5198 addere
2691 5137 2895 5197 lucem
2948 5134 3267 5208 monebat,
3301 5140 3419 5194 etc.
3455 5135 3775 5206 Quantum

357 5233 478 5312 ipsi
510 5233 853 5295 debeamus
887 5235 982 5295 vix
1016 5235 1244 5312 dicere,
1279 5237 1508 5297 nedum
1542 5236 1799 5315 gratias,
1833 5240 2103 5314 quantas
2135 5235 2457 5310 debemus,
2490 5236 2800 5315 possimus
2829 5235 3082 5296 referre.

435 5348 907 5426 Vigilantissimi
938 5356 1000 5410 et
1028 5349 1370 5411 doctissimi
1403 5352 1611 5430 Regiee
1645 5350 2042 5412 bibliothecas
2071 5356 2412 5426 curatores,
2449 5352 2519 5409 D.
2556 5350 2935 5430 Caperonier
2965 5356 3027 5409 et
3050 5352 3118 5408 D.
3158 5347 3356 5427 Bejot,
3392 5347 3770 5408 dilissimum

358 5446 527 5506 hunc
559 5447 922 5507 thesaurum
955 5455 1356 5526 peramanter
1387 5469 1500 5527 pro
1534 5468 1706 5510 more
1735 5452 2097 5510 reserarunt
2122 5466 2135 5520 ;
2163 5466 2276 5508 nec
2310 5449 2495 5510 modo
2527 5449 2618 5509 uti
2649 5449 3090 5527 permiserunt,
3122 5446 3231 5506 sed
3279 5453 3341 5506 et
3388 5464 3579 5507 manu
3619 5463 3771 5504 exa-

358 5551 531 5605 ratos
563 5545 833 5617 codices,
869 5565 1026 5623 quos
1056 5546 1301 5618 vellem,
1337 5549 1417 5607 ad
1451 5555 1671 5607 nutum
1703 5547 1976 5624 benigna
2005 5564 2193 5606 manu
2228 5546 2733 5626 suppeditarunt.

439 5660 679 5720 Vellem
721 5660 821 5720 hic
852 5679 968 5738 ego
1017 5661 1275 5733 cunctis,
1321 5662 1428 5741 qui
1487 5663 1809 5741 suppetias
1867 5660 2288 5734 contulerunt,
2330 5662 2638 5740 imprimis
2694 5660 3221 5722 bibliothecarum
3279 5656 3615 5737 praefectis,
3649 5675 3774 5717 non

358 5764 602 5818 tantum
640 5759 1120 5830 Gallicanarum,
1158 5759 1264 5818 sed
1296 5761 1482 5819 etiam
1514 5768 1895 5833 exterarum,
1933 5764 2140 5837 grates
2171 5778 2284 5838 pro
2317 5762 2445 5820 suis
2473 5761 2536 5819 in
2569 5778 2683 5820 nos
2710 5759 3030 5819 beneﬁciis
3061 5759 3283 5835 dignas
3323 5755 3690 5834 rependere.

448 5874 992 5938 Eminentissimus
1024 5875 1364 5938 cardinalis
1393 5877 1807 5952 Passionaeus,
1841 5875 1951 5957 qui
1981 5875 2130 5938 dum
2161 5874 2397 5938 viveret
2425 5875 2668 5938 litteras
2696 5873 2955 5938 amabat
2984 5878 3048 5936 et
3084 5871 3361 5950 fovebat,
3392 5870 3617 5933 litteris
3645 5870 3785 5950 ipse

364 5974 822 6055 ornatissimus,
871 5975 968 6040 his
997 5974 1227 6040 nostris
1256 5975 1507 6042 favebat
1528 5975 1772 6055 studiis,
1802 5981 1874 6043 ut
1900 5979 2276 6058 argumento
2305 5979 2453 6042 sunt
2479 5975 2694 6060 plures
2751 5973 2918 6041 data
2947 5972 3030 6041 ad
3056 5975 3345 6039 nostrum
3374 5967 3781 6038 Franciscum
