4080 6402
243 383 310 445 33
1218 370 1636 436 PREFATIO
1683 371 2151 436 GENERALIS.
2187 405 2262 419 —
2302 373 2505 434 PARS
2554 367 2628 433 ll.
3559 381 3636 440 34

248 518 620 582 Louvardum
682 522 746 576 et
806 514 1209 576 Prudentium
1243 513 1571 573 Maranum
1621 510 1868 584 litterae,
1902 509 2131 588 quibus
2163 529 2477 589 propensa
2505 508 2570 569 in
2603 528 2716 570 nos
2755 516 3094 589 nostraque
3124 511 3354 586 studia,
3383 534 3457 576 ac
3486 535 3638 576 con-

246 629 459 682 testata
487 616 876 686 humanitas,
911 623 968 675 et
996 632 1170 675 amor
1200 613 1741 688 litterarum,quas
1770 611 1905 689 ipse
1934 629 2058 669 non
2092 611 2295 670 colere
2328 611 2555 682 solum,
2581 611 2688 669 sed
2712 629 2938 670 ornare
2956 612 3266 673 studebat.
3295 618 3643 681 Permultas

248 738 313 779 ex
330 719 504 777 variis
525 716 850 776 codicibus
878 732 1061 773 manu
1092 711 1356 789 scriptis,
1391 729 1519 770 non
1549 715 1792 769 tantum
1826 727 1954 768 suae
1977 709 2172 786 ipsius
2202 708 2622 779 bibliothecae,
2650 709 2753 767 sed
2780 710 2966 768 etiam
2996 711 3644 784 Vaticananectiones

250 818 457 887 varias,
490 822 616 874 tam
652 813 1228 889 orationum,quam
1262 808 1694 887 epistolarum,
1723 814 1913 884 atque
1942 807 2130 866 etiam
2164 806 2514 866 carminum
2548 806 2989 866 describendos
3020 808 3647 896 eleganter,ipsisque

251 913 568 974 mittendas
598 910 862 970 curavit.
898 911 988 968 Ad
1017 927 1176 986 opus
1206 913 1459 968 strenue
1516 905 1831 983 agendum
1885 904 2365 975 cohortabatur,
2424 905 2783 981 significans
2817 923 3132 965 summum
3178 912 3537 985 pontiﬁcem
3573 916 3648 998 (is

249 1017 368 1070 erat
397 1010 585 1069 felicis
617 1007 936 1067 memoriae
966 1005 1336 1066 Benedictus
1382 1004 1537 1082 XIV)
1593 1003 1657 1061 in
1719 1020 1948 1080 magno
2006 1002 2196 1079 hujus
2255 1002 2543 1061 editionis
2590 1019 2724 1062 esse
2774 1001 3104 1076 desiderio,
3142 1010 3203 1065 et
3234 1009 3645 1077 Sanctitatem

249 1111 420 1170 Suam
455 1126 576 1166 una
607 1124 816 1165 secum
851 1105 926 1164 de
954 1105 1062 1163 illo
1095 1120 1282 1181 opere
1314 1103 1704 1180 frequentem
1741 1100 1970 1161 habere
2003 1118 2380 1160 sermonem.

316 1222 571 1300 Insignis
603 1221 874 1281 abbatize
908 1222 968 1281 S.
1007 1217 1300 1281 Germani
1327 1215 1864 1289 bibliothecarius,
1899 1235 1933 1278 e
1962 1215 2346 1278 charissimis
2377 1215 2605 1277 nostris
2635 1217 2954 1278 sodalibus
2987 1237 3169 1296 unus,
3208 1224 3278 1282 D.
3315 1225 3546 1303 Patert,
3573 1248 3650 1290 ex

247 1321 511 1400 pluribus
540 1321 861 1382 codicibus
889 1319 1134 1397 scriptis
1165 1336 1380 1389 manu,
1416 1337 1538 1378 non
1576 1322 1817 1377 tantum
1854 1318 1919 1377 S.
1955 1315 2270 1392 Germani,
2303 1316 2410 1376 sed
2455 1316 2647 1376 etiam
2685 1316 2912 1393 Regize,
2948 1318 3476 1398 Claromontanee,
3501 1335 3648 1404 etc.,

244 1421 430 1480 varias
460 1420 779 1492 lectiones,
811 1424 875 1478 et
898 1417 1152 1497 quidem
1183 1415 1652 1494 elegantissima
1685 1433 1875 1474 manu
1921 1418 1984 1474 et
2032 1414 2339 1491 sagaciter
2394 1414 2742 1492 descriptas
2781 1414 3119 1476 liberaliter
3151 1420 3653 1486 subministravit

248 1521 313 1578 D.
347 1517 680 1578 Prudentio
712 1518 948 1578 Maran.
988 1516 1156 1577 Alias
1187 1532 1442 1594 quoque
1471 1514 1631 1574 alter
1661 1531 1693 1572 e
1726 1511 1974 1587 nostris,
2014 1533 2051 1572 a
2081 1531 2144 1572 se
2202 1512 2570 1590 descriptas,
2606 1515 2676 1571 D.
2710 1513 2990 1573 Andreas
3029 1515 3216 1574 Brion
3251 1531 3653 1595 peramanter

246 1615 478 1675 obtulit.

316 1735 428 1792 Nec
460 1732 724 1791 tacitum
758 1730 1106 1808 relinquam
1167 1727 1637 1788 dilectissimum
1699 1726 1978 1788 sodalem
2039 1727 2110 1788 D.
2169 1726 2489 1786 Danielem
2549 1726 2813 1798 Labbat,
2877 1727 2984 1806 qui
3042 1729 3324 1808 diligenti
3357 1740 3417 1793 et
3453 1736 3650 1796 multo

248 1832 442 1892 labore
485 1833 725 1891 indices
757 1829 1278 1909 locupletissimos
1338 1827 1688 1899 adornavit,
1755 1845 1867 1886 nec
1926 1832 1993 1888 D.
2060 1827 2424 1905 Dionysium
2486 1826 2746 1896 d'Ulive,
2791 1828 2897 1906 qui
2933 1828 3156 1889 menda
3193 1836 3652 1914 typographica

249 1931 581 2009 corrigendi
615 1931 884 1991 libenter
913 1930 975 1988 in
1008 1948 1072 1989 se
1104 1947 1318 1989 curam
1351 1927 1650 2006 suscepit,
1710 1941 1772 1986 et
1829 1945 2084 2005 operam
2147 1926 2421 1986 studiose
2480 1932 2849 2004 prosecutus
2888 1933 2999 1987 est.
3033 1930 3173 1988 Jam
3211 1930 3364 1992 faxit
3394 1936 3553 1994 Deus
3586 1940 3655 1996 ut

249 2039 438 2091 noster
469 2031 567 2091 hic
603 2030 1197 2110 quantuluscunque
1229 2027 1404 2087 labor
1434 2026 1495 2085 in
1529 2045 1674 2085 usus
1725 2026 1908 2086 cedat
1955 2026 2250 2086 Ecclesiae
2308 2025 2659 2101 catholicae,
2696 2027 2796 2085 cui
2829 2026 3133 2106 quidquid
3166 2029 3413 2090 fecerim
3452 2039 3653 2094 totum

251 2147 546 2203 consecro,
580 2127 892 2209 quidquid
925 2125 1278 2206 scripserim
1309 2129 1512 2186 totum
1542 2124 1865 2186 submitto.

1319 2709 2061 2804 SECUNDA
2168 2711 2578 2804 PARS.

1482 3000 1868 3059 DEFENSIO
1893 2998 2422 3060 GREGORIANA.

1247 3433 1281 3511 §
1313 3434 1359 3494 Ι.
1394 3447 1687 3492 nassusw
1717 3446 1996 3492 casconu
2020 3447 2330 3492 mvensus
2377 3447 2661 3493 TULLIUM.

333 3709 539 3768 Plures
573 3725 702 3766 non
739 3710 981 3764 tantum
1042 3721 1117 3762 ex
1168 3701 1593 3772 heterodoxis,
1649 3701 1815 3780 quod
1877 3700 2100 3760 mirum
2167 3721 2289 3761 non
2349 3709 2464 3776 est,
2508 3707 2614 3765 sed
2648 3706 2835 3766 etiam
2871 3725 2946 3764 ex
2975 3705 3338 3778 Catholicis,
3374 3708 3674 3784 Gregorio

265 3826 466 3884 parum
502 3822 726 3883 aequos
759 3822 821 3861 se
853 3801 1276 3880 praebuerunt,
1313 3800 1441 3858 imo
1473 3817 1612 3858 eum
1649 3798 1945 3858 couviciis
1986 3798 2308 3871 lacessere,
2364 3802 2696 3863 calumniis
2745 3810 2934 3881 atque
2965 3804 3151 3862 etiam
3194 3804 3365 3863 falsis
3396 3806 3675 3865 crimini-

265 3905 366 3963 bus
395 3902 768 3963 insimulare
800 3899 931 3958 ausi
964 3904 1128 3968 sunt,
1166 3915 1431 3976 quorum
1471 3896 1882 3975 petulantiam
1916 3897 2205 3974 frangere
2238 3905 2298 3957 et
2331 3902 2743 3961 contumelias
2767 3901 2950 3978 juvat
2998 3901 3350 3960 retundere.
3388 3902 3681 3980 Singulo-

263 4022 387 4062 rum
421 4009 636 4062 tamen
695 3997 1024 4057 calumniis
1053 4003 1116 4056 et
1147 3995 1417 4054 dicteriis
1446 3995 1504 4052 in
1540 3993 1907 4071 Gregorium
1966 3994 2326 4054 refellendis
2387 4017 2510 4056 non
2571 3999 2975 4059 immorabor.
3015 3999 3212 4057 Missis
3244 4000 3436 4076 igitur
3466 4001 3686 4060 Dallaei

263 4101 489 4170 Clerici,
526 4097 847 4172 Basnagii,
883 4103 1029 4166 etc.,
1063 4101 1159 4154 sat
1190 4095 1307 4153 erit
1353 4093 1624 4153 Tollium
1678 4093 1784 4170 qui
1835 4111 1939 4152 eos
1987 4094 2268 4153 imitatus
2319 4104 2432 4166 est,
2487 4099 2817 4172 castigare,
2855 4105 2915 4157 et
2946 4097 3182 4156 diluere
3215 4117 3354 4175 quae
3388 4099 3688 4159 adversus

265 4199 622 4276 Gregorium
662 4199 818 4255 falso
851 4200 912 4253 et
941 4192 1356 4253 inverecunde
1387 4192 1657 4269 scripsit.
1693 4194 1747 4250 ls
1779 4192 2033 4268 quidem
2067 4193 2127 4250 in
2161 4194 2408 4272 scriptis
2450 4197 2756 4272 Theologi
2788 4196 3266 4266 versatissimus,
3303 4196 3411 4255 sed
3442 4196 3506 4255 in
3539 4215 3687 4256 auc-

264 4306 444 4356 torem
481 4292 939 4373 iniquissimus,
984 4297 1112 4350 tam
1147 4291 1345 4349 multa
1370 4290 1494 4348 huc
1525 4289 1698 4361 illuc,
1729 4295 1985 4368 tamque
2015 4289 2322 4368 injuriosa
2374 4293 2506 4352 viro
2556 4300 2773 4352 sancto
2819 4293 3049 4371 sparsit
3097 4293 3159 4352 in
3209 4295 3594 4372 argumentis
3626 4299 3687 4353 et

263 4395 414 4456 notis
441 4390 869 4474 quorumdam
901 4390 1277 4462 carminum,
1311 4407 1450 4467 quae
1474 4387 1606 4466 ipse
1636 4387 1919 4464 vulgavit
1949 4407 2115 4448 anno
2152 4391 2326 4463 1690,
2364 4397 2430 4451 ut
2459 4392 2674 4452 omnia
2704 4393 2983 4472 proferre
3015 4394 3273 4471 longum
3300 4394 3495 4453 foret:
3533 4412 3688 4472 prae-

264 4494 435 4572 cipua
466 4500 684 4552 tamen
715 4487 1012 4559 delibare,
1054 4494 1115 4546 et
1145 4486 1304 4546 falsa
1333 4485 1686 4558 ostendere,
1722 4485 1971 4544 animus
2003 4495 2116 4545 est.

336 4610 614 4669 Primum
644 4604 899 4683 quidem
932 4602 994 4663 in
1024 4609 1422 4681 argumento,
1457 4601 1585 4660 sive
1619 4625 1650 4656 ‹‹
1685 4619 1872 4660 causa
1904 4603 2120 4680 scripti
2151 4625 2179 4658 ι)
2220 4605 2538 4672 carminis.
2598 4605 2769 4684 quod
2823 4607 3158 4684 Gregorius
3191 4629 3218 4662 ι
3256 4608 3331 4667 de
3363 4626 3426 4666 se
3456 4608 3594 4685 ipso
3627 4613 3691 4666 et

265 4709 551 4768 adversus
583 4704 916 4782 episcopos
949 4724 978 4756 »
1013 4700 1316 4773 condidit,
1352 4699 1650 4779 quodque
1682 4699 1921 4759 Tollius
1953 4702 2164 4762 Graece
2196 4702 2439 4779 primus
2471 4704 2774 4781 vulgavit,
2799 4704 2886 4764 sic
2907 4704 3138 4764 amaris
3171 4705 3406 4764 salibus
3438 4711 3690 4783 poetam

266 4806 494 4885 carpit:
534 4830 562 4860 ι(
599 4804 757 4863 Cum
791 4817 937 4859 vero
969 4799 1143 4859 omni
1175 4798 1323 4870 vita,
1361 4803 1491 4857 tum
1526 4803 1587 4856 et
1618 4796 1792 4856 cultu
1840 4796 2130 4876 victuque
2184 4801 2564 4860 monachum
2601 4802 2809 4880 potius
2839 4802 3250 4862 severissimae
3285 4802 3689 4879 integritatis,

267 4924 445 4982 quam
480 4910 677 4963 tanta:
708 4898 1032 4975 dignitatis
1062 4902 1278 4974 ageret
1307 4914 1381 4956 ac
1413 4897 1673 4955 referret
1703 4895 2066 4974 episcopum
2098 4915 2110 4970 ;
2171 4898 2249 4957 ad
2311 4899 2445 4958 haec
2504 4903 2565 4958 et
2623 4898 2876 4959 altiores
2907 4898 2987 4959 ob
3030 4901 3441 4960 eruditionem
3479 4901 3692 4960 defen-

266 5021 517 5082 samque
566 5001 683 5061 SS.
716 4995 1036 5057 Trinitatis
1068 4995 1417 5055 doctrinam
1452 4994 1707 5072 spiritus
1755 5011 1970 5071 gerere
2021 4995 2355 5071 videretur,
2409 4996 2958 5077 Ciceronianzeque
3008 4998 3423 5060 imbecillitati
3464 4997 3694 5070 affinis,

265 5108 328 5161 ut
354 5102 458 5162 ille
491 5097 894 5161 consulatum
927 5113 1109 5153 suum
1141 5099 1204 5153 et
1232 5094 1566 5172 expulsum
1601 5092 1752 5152 urbe
1785 5092 2117 5152 Catilinam
2153 5095 2447 5155 omnibus
2493 5102 2739 5156 tantum
2790 5113 2917 5156 non
2949 5095 3121 5156 horis
3153 5097 3572 5167 memorabat,
3609 5097 3698 5157 ita

264 5207 320 5260 et
347 5201 479 5279 ipse
510 5203 809 5258 contusus
838 5192 1100 5252 Arianos
1132 5197 1194 5252 et
1219 5210 1398 5252 suam
1430 5190 1725 5252 'l‘riadem
1759 5190 2008 5251 assidue
2041 5193 2438 5270 praedicaret,
2474 5194 2793 5271 ingentem
2827 5193 2945 5254 sibi
2977 5195 3400 5273 quorumdam
3438 5214 3696 5254 suorum

267 5297 799 5377 presbyterorum,
837 5290 1230 5370 aliorumque
1262 5290 1702 5369 episcoporum
1735 5288 2034 5350 conflavit
2062 5290 2442 5352 invidiam...
2481 5294 2633 5354 Sero
2682 5291 2937 5370 sapiunt
2988 5294 3286 5372 Phryges.
3335 5295 3694 5370 Gregorius,

269 5398 368 5474 qui
398 5390 940 5474 promptissimum
969 5387 1137 5448 hunc
1166 5406 1491 5449 assensum
1524 5407 1649 5448 non
1680 5393 2108 5468 exspectarat;
2145 5391 2402 5469 propria
2430 5409 2496 5451 se
2526 5395 2782 5468 captum
2812 5391 3030 5451 videns
3051 5392 3444 5470 ingenuitate
3476 5392 3692 5458 animi,

270 5511 630 5573 quanquam
663 5487 876 5549 statim
908 5487 1054 5548 facti
1083 5487 1451 5566 pmnitebat,
1486 5486 1728 5566 pudore
1760 5493 1974 5547 tamen
2027 5488 2362 5562 adductus,
2420 5489 2484 5548 in
2543 5488 2852 5548 sententia
2909 5491 3262 5567 perstitit...
3299 5492 3455 5550 Hinc
3486 5488 3697 5548 statim

271 5599 429 5653 natae
463 5593 560 5652 hae
595 5587 892 5670 querelae,
925 5585 1070 5647 hinc
1099 5586 1250 5663 illa,
1283 5592 1353 5647 ut
1380 5586 1470 5647 ita
1499 5586 1729 5660 dicam,
1766 5585 2064 5664 lacrymae
2093 5593 2156 5647 et
2203 5588 2414 5648 caeteri
2455 5587 2688 5660 threni,
2739 5587 2803 5646 in
2855 5589 3084 5665 quibus
3115 5595 3176 5648 et
3206 5589 3603 5669 patientiam,
3639 5594 3702 5646 et

271 5692 460 5755 animi
489 5690 706 5764 robur,
739 5704 814 5746 ac
845 5684 1341 5747 moderationem
1401 5685 1468 5745 in
1523 5690 1654 5745 tam
1711 5684 1912 5768 probo
1974 5685 2112 5773 viro
2169 5687 2560 5777 desideres...
2620 5685 2982 5776 Giceronem
3039 5705 3190 5752 sane
3231 5703 3433 5752 nemo
3479 5685 3700 5748 melius
