4080 6474
400 384 475 444 35
1387 377 1810 450 PH/EFATIO
1855 375 2324 440 GENERALIS.
2360 412 2436 420 —
2471 377 2668 438 PARS
2712 375 2788 438 Il.
3735 378 3801 442 36

397 513 703 595 expressit
732 512 881 586 vita,
938 511 1238 583 moribus,
1271 511 1654 589 eloquentia,
1683 513 1960 584 fortuna,
1995 529 2192 589 usque
2237 511 2300 569 in
2357 510 2687 584 exsilium;
2741 515 2801 572 et
2855 510 2918 570 in
2968 511 3210 586 exsilio,
3265 520 3401 573 uter
3435 512 3684 574 mollior
3711 514 3799 573 vix

397 617 734 694 quisquam
767 612 1014 673 dixerit.
1053 635 1080 667 ι

478 743 693 818 Neque
723 757 868 797 vero
903 737 999 796 his
1029 741 1359 795 contentus
1388 736 1648 807 ’l‘ollius,
1697 735 2067 812 Gregorium
2124 735 2332 795 adhuc
2382 735 2635 811 gravius
2672 734 3036 812 perstringit
3065 735 3122 794 in
3159 736 3323 796 notis
3352 737 3431 795 ad
3463 738 3739 796 carmina
3764 755 3798 797 a

396 858 461 899 se
489 838 771 915 vulgata.
806 836 897 895 Ad
933 835 1203 912 primum
1266 852 1510 893 versum
1571 834 1868 892 carminis
1910 835 2212 895 adversus
2267 833 2594 912 episcopos
2626 833 2711 912 (p.
2747 833 2806 912 4)
2847 850 2860 892 :
2930 855 2958 890 (ι
2989 834 3097 893 Est
3136 835 3197 893 in
3232 834 3401 895 hisce
3432 835 3546 907 vir,
3580 835 3792 913 inquit,

391 935 822 998 sanctissimus
853 931 1091 1011 aliquid
1147 931 1407 990 humani
1467 950 1727 1009 passus;
1792 932 2015 1010 optimi
2067 931 2320 1010 quidem
2380 931 2623 990 consilii
2679 938 2868 1009 atque
2908 931 3270 1005 voluntatis,
3308 934 3414 993 sed
3443 933 3504 992 in
3538 933 3797 993 ferendis

387 1035 636 1114 injuriis
664 1032 988 1111 aliquanto
1020 1046 1211 1108 quam
1245 1029 1575 1106 oportebat
1607 1029 1877 1102 mollior,
1915 1030 2246 1107 minusque
2296 1047 2330 1088 a
2379 1028 2676 1088 conviciis
2707 1033 2768 1088 et
2797 1028 3163 1102 acerbitate,
3197 1049 3337 1108 quae
3382 1031 3791 1091 Christianum

389 1135 672 1204 dedecet,
705 1137 1086 1206 temperans.
1122 1151 1152 1183 »
1191 1127 1350 1198 Quin
1383 1133 1446 1186 et
1476 1126 1611 1186 haec
1641 1127 1875 1206 scripta
1927 1145 2061 1187 esse
2111 1127 2355 1187 dixerat
2383 1126 2640 1201 Tollius,
2699 1132 2885 1186 aucto
2917 1145 2991 1187 ex
3027 1128 3395 1206 poenitentia
3425 1135 3484 1188 et
3514 1129 3796 1190 adversa-

387 1234 626 1293 riorum
662 1225 969 1300 ludibriis,
1005 1224 1244 1293 dolore,
1279 1223 1634 1301 irritatique
1665 1224 1812 1284 inde
1844 1225 1905 1283 in
1941 1225 2103 1284 hanc
2133 1224 2322 1284 veluti
2369 1224 2706 1285 vindictam
2756 1225 2907 1304 aegri
2943 1224 3081 1304 jam
3129 1226 3312 1286 nimis
3345 1227 3539 1287 animi
3567 1233 3799 1306 pertur-

385 1331 658 1391 batione.
697 1325 792 1386 Ad
826 1342 1072 1383 versum
1112 1325 1181 1381 18
1210 1321 1490 1400 ejusdem
1520 1322 1835 1395 carminis,
1875 1323 1980 1381 ubi
2010 1323 2099 1384 ait
2133 1322 2502 1400 Gregorius:
2538 1347 2564 1378 «
2599 1324 2921 1384 Neminem
2973 1323 3036 1382 in
3085 1325 3159 1384 iis
3209 1343 3350 1402 quas
3397 1324 3603 1385 dicam
3639 1325 3797 1385 indi-

385 1429 583 1496 cabo;
618 1430 922 1494 attamen,
956 1443 982 1478 υ
1022 1421 1227 1498 inquit
1257 1419 1494 1480 Tollius
1518 1420 1604 1498 (p.
1640 1421 1724 1498 5),
1764 1444 1793 1475 ‹‹
1824 1421 1885 1479 id
1919 1421 2199 1480 carmine
2233 1421 2308 1480 de
2351 1422 2477 1481 vita
2508 1441 2621 1482 sua
2668 1422 2934 1500 impigre
2984 1428 3046 1482 et
3085 1422 3423 1501 peracerbe
3456 1425 3643 1496 fecit;
3681 1448 3708 1478 ››
3742 1423 3801 1483 id

383 1534 498 1599 est,
535 1522 904 1584 nominavit.
939 1519 1127 1579 Addit
1157 1520 1414 1597 insuper
1443 1519 1681 1578 Tollius
1710 1518 1800 1596 (p.
1846 1519 1901 1596 6)
1933 1536 1945 1577 :
1988 1542 2017 1574 ‹‹
2047 1521 2141 1579 Ita
2187 1527 2406 1579 exacte
2452 1520 2528 1578 iis
2577 1521 2939 1597 designatis,
2974 1540 3132 1598 quos
3162 1522 3550 1599 perstringit,
3586 1528 3655 1582 ut
3693 1541 3799 1581 no-

383 1625 652 1683 minasse
684 1638 810 1680 non
842 1637 1001 1697 opus
1032 1618 1257 1689 fuerit;
1292 1617 1398 1675 sed
1425 1623 1488 1676 et
1519 1617 1668 1675 alibi
1704 1617 2043 1676 Maximum
2077 1618 2433 1677 nominat...
2488 1617 2624 1695 ejus
2669 1637 2914 1676 comam
2951 1619 3107 1678 adeo
3139 1620 3406 1697 satyrice
3439 1621 3718 1697 exagitat
3745 1625 3801 1679 et

383 1723 542 1784 adeo
603 1736 847 1797 aspere,
885 1724 952 1775 ut
1009 1715 1165 1774 nihil
1213 1733 1424 1793 supra.
1489 1715 1706 1785 Quid?
1766 1715 1992 1792 inquit,
2054 1714 2345 1792 laqueum
2408 1735 2757 1794 proponere
2815 1716 3070 1776 inimico
3129 1717 3208 1775 ad
3266 1718 3698 1795 suspendium,
3732 1725 3802 1777 ut

380 1820 537 1879 nihil
569 1819 644 1877 de
695 1814 992 1876 conviciis
1039 1813 1170 1872 istis
1221 1813 1456 1882 dicam,
1521 1813 1874 1871 hominisne
1924 1819 2016 1872 est
2074 1813 2388 1873 Christum
2441 1813 2792 1872 sectantis?
2824 1817 2958 1872 Non
3020 1814 3286 1873 videtur.
3331 1815 3671 1893 Denique»
3726 1815 3800 1875 ad

382 1915 678 1979 carminis
710 1916 766 1988 5,
801 1931 963 1972 vers.
1002 1914 1056 1984 1,
1093 1911 1180 1990 (ρ.
1215 1912 1318 1985 84)
1356 1933 1384 1967 α
1414 1911 1767 1989 Capistrum
1801 1911 1894 1970 ori
1942 1929 2054 1970 suo
2102 1910 2492 1989 impositum,
2529 1918 3028 1989 praereptamque
3083 1912 3349 1972 docendi
3405 1914 3656 1990 publice
3710 1913 3800 1972 fa-

384 2016 684 2076 cultatem
720 2009 1057 2088 Gregorius
1089 2009 1457 2086 gravissime
1492 2007 1636 2067 tulit
1666 2016 1803 2068 et...
1857 2008 2096 2068 acerbis
2147 2009 2471 2086 questibus
2503 2010 2831 2086 deplorat;
2883 2027 3034 2087 ergo
3085 2028 3249 2070 nunc
3297 2010 3360 2070 in
3419 2011 3803 2072 adversarios

381 2131 554 2186 suos,
578 2111 686 2190 qui
716 2127 859 2170 eum
893 2105 1073 2166 malis
1103 2105 1344 2166 artibus
1374 2105 1453 2165 ad
1483 2105 1883 2184 episcopatus
1917 2105 2378 2166 abdicationem
2406 2107 3150 2186 compulerant,satyrice
3183 2108 3521 2169 invehitur.
3555 2131 3584 2165 ι)

461 2235 760 2314 Gregorio
791 2232 1029 2311 aequior
1059 2250 1187 2291 non
1217 2231 1334 2289 fuit
1363 2230 1694 2308 Dupinius,
1728 2232 1838 2310 qui
1890 2232 1966 2292 de
2025 2249 2099 2291 eo
2157 2232 2309 2291 talia
2354 2233 2624 2292 scribere
2681 2251 2802 2292 non
2857 2239 2952 2292 est
2986 2233 3215 2292 veritus
3248 2231 3370 2312 (a):
3409 2258 3436 2288 α
3474 2235 3806 2312 Gregorius

378 2335 635 2414 quidem
667 2331 984 2410 piissimus
1013 2329 1152 2397 fuit,
1188 2328 1294 2388 sed
1327 2327 1516 2387 homo
1550 2328 1738 2405 paulo
1773 2328 1981 2388 minus
2011 2328 2468 2401 consideratus,
2503 2343 2562 2388 et
2602 2329 2866 2407 negotiis
2915 2330 3189 2408 ineptus.
3222 2332 3424 2390 'l‘anto
3455 2330 3807 2390 solitudinis

376 2431 687 2493 desiderio
719 2427 1053 2505 ﬂagrabat,
1088 2432 1159 2486 ut
1188 2425 1384 2499 nullo,
1422 2426 1592 2504 quod
1624 2427 1702 2485 ab
1729 2445 1802 2486 ea
1839 2427 2223 2499 retrahebat,
2258 2427 2465 2487 ofﬁcio
2498 2427 2602 2486 diu
2638 2427 2810 2505 fungi
2843 2437 3071 2505 posset.
3109 2428 3381 2506 Aggredi
3416 2447 3512 2489 res
3543 2429 3800 2502 arduas,

375 2548 649 2608 moxque
680 2531 1004 2603 susceptas
1037 2524 1389 2600 relinquere
1422 2525 1665 2603 pernix.
1701 2525 1852 2585 Cum
1904 2531 2029 2584 tres
2085 2527 2492 2604 episcopatus
2547 2526 2857 2595 habuerit,
2892 2545 2971 2585 ne
3004 2544 3197 2586 unum
3233 2527 3489 2604 quidem
3525 2527 3802 2604 legitime

378 2628 669 2688 habuisse
701 2624 824 2685 dici
858 2629 1082 2702 potest.
1134 2623 1391 2700 Ingenio
1447 2628 1580 2682 erat
1631 2623 1968 2700 Gregorius
2014 2642 2261 2683 moroso
2320 2631 2382 2684 et
2438 2623 2731 2700 satyrico,
2769 2630 2830 2682 et
2867 2625 2956 2683 ita
2986 2624 3064 2683 ad
3091 2623 3434 2701 jocandum
3469 2642 3706 2702 procax
3741 2629 3806 2683 ut

372 2727 606 2788 nemini
637 2729 944 2804 parceret,
981 2740 1052 2781 ac
1087 2740 1163 2781 ne
1195 2721 1446 2799 quidem
1481 2721 1812 2800 episcopis,
1851 2721 2079 2800 quibus
2111 2727 2245 2781 erat
2274 2721 2558 2801 apprime
2609 2723 2907 2781 infensus.
2943 2724 3057 2794 lta,
3092 2741 3278 2800 quem
3315 2722 3599 2800 impense
3634 2722 3806 2800 prius

371 2826 687 2902 laudat-at,
749 2819 1009 2883 Maximi
1071 2819 1300 2878 famam
1361 2819 1511 2879 atris
1570 2819 1913 2879 admodum
1972 2825 2032 2880 et
2098 2820 2178 2880 ad
2220 2828 2540 2899 stuporem
2601 2819 2932 2880 infuscavit
2988 2820 3306 2880 coloribus
3364 2838 3436 2880 ac
3505 2821 3801 2899 denigra-

371 2925 480 2984 vit.
518 2945 545 2981 »

389 3029 398 3038 ’
451 3048 688 3110 Vellem
719 3054 787 3106 ut
817 3044 1047 3105 eruditi
1077 3042 1194 3103 viri
1225 3042 1333 3121 qui
1365 3042 1498 3102 haec
1531 3042 1607 3102 de
1642 3042 1941 3121 Gregorio
1972 3044 2247 3103 sentiunt
2296 3049 2358 3103 et
2405 3045 2640 3116 dicunt,
2698 3043 2956 3103 nomina
2985 3061 3226 3114 eorum,
3263 3062 3532 3122 quorum
3567 3044 3804 3104 famam

370 3148 657 3224 maligno
689 3145 876 3204 dente
909 3141 1301 3222 prosciderit,
1339 3141 1399 3200 in
1436 3141 1710 3200 medium
1773 3143 2144 3219 proferrent.
2205 3145 2359 3202 Nam
2420 3143 2590 3221 quod
2651 3148 2892 3220 spectat
2952 3141 3315 3212 Maximum,
3380 3160 3567 3219 quem
3602 3161 3804 3202 unum

370 3250 722 3325 opponunt,
758 3242 914 3302 nihil
961 3259 1194 3301 moror.
1231 3242 1472 3299 interea
1503 3258 1650 3299 vero
1685 3238 1863 3299 nobis
1894 3241 1985 3299 fas
2017 3244 2109 3299 est
2137 3239 2234 3300 his
2265 3241 2560 3301 conviciis
2591 3247 2652 3300 et
2681 3239 3011 3299 calumniis
3041 3239 3255 3300 omnia
3286 3240 3565 3317 Gregorii
3605 3259 3805 3319 opera

367 3350 496 3405 tam
530 3342 870 3413 orationes,
904 3357 1093 3418 quam
1126 3338 1423 3418 epistolas
1453 3343 1514 3397 et
1544 3338 1822 3397 carmina
1853 3357 2193 3416 opponere.
2229 3341 2568 3417 Legantur,
2619 3339 2900 3416 inquam,
2944 3338 3282 3410 orationes,
3339 3339 3608 3397 maxime
3639 3357 3804 3418 quas

368 3441 590 3502 habuit
623 3441 700 3499 de
733 3437 1164 3498 moderatione
1198 3437 1261 3495 in
1296 3436 1826 3514 disputationibus
1880 3436 2206 3508 servanda,
2263 3443 2380 3497 etc.
2433 3440 2749 3514 Legantur
2806 3437 3110 3514 epistolas,
3144 3436 3204 3496 in
3241 3435 3490 3515 quibus,
3526 3436 3701 3497 velut
3733 3439 3798 3498 in

365 3542 520 3614 filio,
557 3538 835 3618 parentis
865 3537 1077 3612 imago
1111 3534 1486 3612 resplendet.
1521 3534 1613 3594 Ibi
1646 3535 1934 3595 liberales
1959 3534 2111 3612 joci,
2138 3536 2632 3613 jucundissimus
2662 3535 2724 3594 in
2750 3534 3026 3612 jocando
3060 3537 3255 3612 lepos,
3300 3535 3563 3612 argutias
3597 3553 3795 3596 merae

371 3659 443 3700 ac
478 3656 760 3711 veneres,
795 3636 901 3695 sed
933 3642 1159 3713 satyrze
1193 3632 1404 3692 nullae.
1446 3637 1756 3711 tegantur
1782 3633 2064 3711 epistolae
2096 3633 2174 3693 ad
2218 3635 2617 3695 Theodorum
2679 3640 2739 3693 et
2795 3634 2874 3693 ad
2904 3635 3334 3693 'l‘heoctenum
3379 3631 3478 3713 (ὑ),
3514 3652 3791 3713 quorum

362 3739 545 3810 iram,
579 3735 1086 3811 desideriumque
1118 3731 1408 3791 vindictae
1435 3751 1546 3791 suo
1577 3731 1770 3810 ipsius
1801 3732 2090 3809 exemplo
2123 3734 2504 3810 comprimit.
2538 3735 2850 3808 Legantur
2880 3731 3065 3791 etiam
3102 3732 3382 3790 carmina
3413 3731 3486 3810 (c)
3514 3752 3527 3792 :
3565 3732 3793 3810 legan-

362 3842 484 3908 tur,
513 3836 792 3913 inquam,
821 3833 917 3892 vel
948 3850 1021 3890 ea
1050 3832 1186 3908 ipsa
1218 3831 1384 3889 unde
1416 3829 1843 3889 calumniandi
1874 3848 2090 3889 ansam
2126 3831 2389 3908 arripuit
2427 3831 2688 3891 Tollius.
2737 3834 2909 3890 Hanc
2941 3830 3058 3889 sibi
3101 3831 3314 3889 statim
3348 3831 3631 3908 regulam
3667 3839 3794 3892 sta-

355 3936 472 3994 tuit
503 3932 877 4008 Gregorius:
917 3952 948 3984 «
979 3928 1286 3987 Conviciis
1320 3928 1573 4004 quidem
1609 3928 1929 4003 exagitare
1965 3927 2055 3986 fas
2086 3947 2209 3986 non
2243 3935 2336 3987 est
2366 3945 2790 4006 quemquam;
2847 3934 2907 3986 et
2940 3934 3006 3986 ut
3038 3928 3323 3987 homines
3355 3929 3564 3988 cuncti
3594 3928 3678 3988 ab
3715 3949 3792 3990 eo

352 4031 720 4102 abhorrent,
753 4030 842 4088 ita
874 4026 1271 4106 peculiariter
1300 4024 1431 4103 ipse
1465 4026 1682 4084 vitium
1717 4026 1835 4085 hoc
1866 4027 1991 4085 odi.
2020 4048 2048 4084 »
2110 4028 2242 4099 Vel,
2306 4032 2373 4086 ut
2426 4027 2560 4103 ipse
2619 4028 2801 4086 vertit
2859 4026 3097 4086 Tollius
3128 4025 3213 4104 (p.
3249 4026 3351 4106 5):
3393 4048 3420 4083 «
3453 4027 3787 4088 Neminem

348 4147 498 4189 vero
528 4128 590 4187 in
625 4127 722 4186 his
752 4143 894 4204 quae
927 4125 1157 4189 dicam.
1192 4122 1507 4194 indicabo,
1544 4123 1779 4182 veritus
1810 4141 1886 4182 ne
1918 4141 2298 4202 quemquam
2362 4123 2734 4183 calumniari
2789 4123 3044 4195 videar;
3097 4142 3237 4201 qum
3287 4142 3385 4183 res
3435 4130 3496 4183 et
3553 4142 3668 4202 per
3720 4143 3786 4184 se

346 4227 565 4288 illicita
603 4232 722 4298 est,
755 4230 815 4284 et
848 4222 1000 4282 mihi
1033 4241 1162 4301 prae
1194 4221 1413 4300 primis
1444 4239 1654 4280 exosa.
1692 4223 1825 4280 Non
1858 4223 2023 4280 enim
2056 4241 2440 4300 quemquam
2489 4221 2854 4299 designabo,
2895 4240 2971 4280 ne
3026 4222 3307 4299 proferre
3336 4221 3550 4281 videar
3578 4222 3641 4282 in
3679 4223 3780 4283 lu-

350 4344 485 4386 cem
519 4342 659 4401 quae
689 4322 1070 4382 occultanda
1098 4325 1300 4380 erant.
1339 4344 1366 4374 ι)
1400 4321 1477 4379 Et
1509 4318 1696 4397 paulo
1729 4324 1870 4396 post
1900 4317 1987 4398 ((1)
2021 4336 2033 4377 :
2069 4321 2145 4379 Et
2177 4321 2437 4397 quinam
2469 4320 2594 4379 sint
2625 4321 2772 4380 mali
2807 4320 3046 4399 patebit
3073 4320 3390 4398 deinceps,
3428 4321 3533 4380 ubi
3567 4339 3783 4382 meam

350 4424 702 4484 orationem
733 4438 1109 4499 oppugnans
1141 4418 1473 4477 manifesto
1530 4422 1590 4475 te
1645 4417 2067 4494 tuimetipsius
2120 4425 2552 4479 accusatorem
2609 4419 3042 4479 declaraveris.
3079 4442 3111 4474 »
3165 4419 3496 4488 Nimirum,
3532 4424 3602 4478 ut
3633 4437 3787 4481 cum

349 4521 552 4583 Tollio
582 4520 806 4597 loquar
837 4517 937 4597 (θ),
973 4536 1144 4594 «ego
1177 4515 1490 4575 neminem
1524 4516 1803 4575 nomino.
1867 4515 2072 4585 Quare
2126 4517 2312 4576 irasci
2369 4535 2554 4577 nemo
2617 4517 2769 4576 mihi
2821 4517 3089 4594 poterit;
3138 4517 3256 4576 nisi
3291 4517 3397 4594 qui
3428 4523 3570 4576 ante
3602 4517 3682 4577 de
3718 4538 3785 4578 se

350 4618 617 4679 voluerit
646 4616 949 4677 confiteri.
986 4639 1014 4670 »
1053 4616 1203 4686 Quae
1237 4615 1427 4673 verba
1457 4613 1875 4692 Hieronymus
1924 4614 2004 4673 ad
2035 4615 2451 4692 Nepotianum
2485 4614 2558 4694 (ί)
2590 4615 2667 4674 de
2696 4615 3065 4676 clericorum
3100 4615 3260 4674 vitiis
3299 4625 3361 4674 et
3384 4615 3516 4694 ipse
3549 4615 3776 4694 dispu-

344 4723 484 4776 tans
517 4719 796 4792 usurpat,
845 4719 910 4772 ut
942 4712 1020 4771 ad
1055 4712 1376 4772 Rusticum
1405 4711 1516 4790 (g),
1551 4729 1623 4770 ex
1659 4711 1920 4789 prologo
1952 4711 2096 4770 libri
2152 4713 2339 4785 tertii,
2396 4712 2808 4773 Phaedriana:
2879 4737 2908 4768 «
2940 4714 3057 4784 Qui
3101 4711 3455 4790 generalem
3491 4713 3566 4772 de
3601 4714 3775 4775 vitiis

345 4813 834 4892 disputationem
867 4812 928 4870 in
962 4828 1140 4870 suam
1201 4812 1480 4870 referunt
1536 4810 2061 4870 contumeliam...
2121 4828 2299 4870 suam
2358 4811 2642 4870 indicant
2696 4811 3245 4883 conscientiam;»
3312 4811 3407 4870 vel
3438 4811 3779 4889 ipsissimis

345 4911 594 4973 Phaedri
626 4909 830 4970 verbis
861 4907 1231 4986 elegantius,
1266 4908 1454 4967 stulte
1486 4908 1815 4967 nudabunt
1845 4907 2038 4967 animi
2070 4908 2539 4968 conscientiam.
2577 4931 2605 4964 »
2645 4909 2820 4970 Unde
2871 4910 3289 4988 Hieronymus
3342 4916 3549 4969 contra
3592 4909 3776 4991 Ruﬁ-

343 5031 482 5070 num
514 5007 889 5088 generaliter
919 5007 1289 5086 pronuntiat
1315 5006 1400 5085 (ἡ)
1429 5024 1442 5065 :
1486 5031 1513 5062 «
1545 5007 1807 5078 Quando
1839 5006 1970 5066 sine
2000 5008 2254 5067 nomine
2281 5015 2502 5067 contra
2541 5008 2691 5067 vitia
2721 5008 3053 5078 scribitur;
3099 5008 3205 5087 qui
3235 5007 3545 5081 irascitur,
3581 5027 3779 5070 accu-

340 5113 513 5170 sator
541 5107 637 5168 sui
666 5111 780 5168 est.
805 5129 836 5162 »

411 5433 488 5573 (αξ
519 5432 666 5518 Bibl.
701 5432 932 5502 eccles.,
963 5437 1004 5489 t.
1039 5433 1105 5490 ΙΙ.
1142 5434 1339 5506 p.655
2172 5433 2250 5573 ξε)
2286 5439 2390 5489 Pro
2422 5431 2538 5501 lege
2569 5430 2787 5505 Μαηίιο,
2821 5433 2981 5490 c.13-

341 5506 464 5573 ΗΗ)
521 5505 701 5573 Epist.
737 5506 812 5561 al.
836 5508 900 5560 81
929 5510 987 5561 et
1021 5507 1144 5562 198.
2193 5507 2238 5573 Ῑ)
2269 5505 2423 5560 Hier.
2458 5522 2548 5573 ep.
2574 5506 2663 5571 35,
2704 5510 2746 5561 t.
2783 5506 2873 5573 IV,
2899 5523 2981 5573 pa:

338 5505 487 5578 me)
521 5505 701 5578 Epist.
737 5506 812 5561 al.
836 5508 900 5560 81
929 5510 987 5561 et
1021 5505 1152 5562 198.
1214 5577 1221 5578 7
1562 5576 1571 5578 _
1936 5575 1983 5578 __
2172 5505 2238 5576 (Ῑ)
2269 5505 2548 5578 Hier.e_p.
2574 5506 2663 5571 35,
2696 5510 2746 5578 At.
2783 5506 2873 5574 IV,
2899 5522 3024 5577 par.
3059 5522 3122 5573 II,
3156 5523 3212 5578 p.
3245 5505 3370 5560 266.

409 5576 479 5648 (c)
510 5577 700 5632 Carm.
735 5579 804 5634 de
837 5579 1030 5649 seipso
1073 5583 1130 5635 et
1159 5577 1436 5632 adversus
1484 5576 1812 5648 episcopos,
1845 5593 1896 5630 ν.
1924 5575 1992 5630 19
2171 5579 2245 5722 ἓθ)
2279 5579 2386 5641 Id.,
2419 5576 2586 5647 ibid.,
2617 5576 2785 5658 epist.
2819 5575 2991 5650 95,p.
3022 5578 3148 5633 771.

417 5665 581 5722 seqq.
707 5719 725 5722 Α
747 5720 763 5722 _
2196 5649 2253 5721 h)
2284 5648 2413 5704 Adv.
2443 5649 2588 5721 Rufi,
2633 5647 2733 5718 lib,
2766 5665 2807 5719 ι,
2838 5653 2882 5704 t.
2907 5649 2975 5718 ll,
3009 5655 3148 5721 part.

338 5654 660 5774 θιῧῧίιδὸη
701 5719 773 5774 29
930 5647 942 5649 ἡ
1525 5647 1536 5648 ί
1691 5647 1699 5648 ί
2171 5647 2253 5722 (ἦ)
2284 5648 2413 5704 Adv.
2443 5649 2588 5721 Rufi,
2633 5647 2733 5718 lib,
2766 5665 2807 5719 ι,
2838 5653 2882 5704 t.
2907 5647 2975 5718 ll,
3009 5655 3156 5721 part.
3191 5667 3253 5720 II,
3289 5666 3344 5723 p.
3375 5647 3499 5703 361.

409 5719 486 5799 (d)
513 5719 679 5775 Vers.
701 5719 793 5776 29.
