4080 6414
231 375 283 433 3Ἱ
1264 372 1685 436 PRIEFATIO
1733 373 2196 433 GENERALIS.
2235 406 2308 418 —-
2355 373 2548 434 PAltS
2597 372 2673 435 Il.
3603 377 3686 436 38

295 511 762 573 Conticescant
794 513 1013 591 igitur
1041 516 1222 590 atque
1252 509 1646 582 erubescant,
1681 507 1788 585 qui
1821 506 2118 585 Gregorio
2151 507 2414 568 crimina
2441 508 2742 584 inferunt,
2769 528 2911 589 quae
2969 509 3210 583 oderat,
3271 516 3332 571 et
3388 531 3424 572 a
3456 512 3685 591 quibus

247 609 697 688 «peculiariter
733 610 1164 672 abhorrebat.
1203 632 1232 664 «
1264 607 1591 667 Neminem
1628 623 2012 685 quemquam
2047 606 2364 678 conviciis,
2402 607 2499 667 vel
2549 608 2775 686 satyris
2823 609 3156 685 lacessivit,
3203 630 3315 670 nec
3348 612 3463 672 nisi
3495 633 3682 691 gene-

250 707 369 767 ralis
399 707 542 787 eius
578 708 664 768 de
699 708 888 769 vitiis
920 712 1016 768 est
1045 703 1404 785 disputatio.
1442 706 1519 764 At
1548 703 1894 763 nominavit
1928 703 2296 780 Maximum,
2329 703 2598 782 inquies.
2661 706 2889 776 Quidni
2950 707 3334 768 nominasset
3389 712 3684 770 Proteum

257 807 434 878 illum,
472 807 742 886 lupum,
779 804 1127 867 Christiani
1157 803 1324 864 orbis
1356 801 1547 863 totius
1578 801 1880 873 fabulam,
1935 808 2282 879 notumque
2341 803 2846 880 perturbatorcm
2870 807 2898 863 ?
2956 805 3228 866 Hoccine
3284 809 3536 868 demum
3593 815 3688 869 est

271 905 579 984 denigrare
611 905 956 965 hominem
977 905 1006 963 ?
1040 902 1307 963 Hoccine
1329 902 1561 961 famam
1595 899 1731 978 ejus
1753 900 1904 959 atris
1943 900 2285 960 admodum
2319 905 2381 960 et
2436 901 2515 961 ad
2573 908 2895 980 stuporem
2953 903 3268 963 coloribus
3325 905 3636 967 infuscare
3657 910 3686 968 ?

277 1006 386 1064 lmo
417 1022 595 1076 vero,
627 1002 744 1082 qui
778 1003 936 1062 talia
963 1002 1150 1073 fatur,
1186 1000 1394 1060 nivem
1440 998 1717 1077 aspergit
1748 998 2093 1076 nigredine,
2132 1004 2200 1057 ut
2230 998 2592 1077 Ethiopem
2622 1000 2828 1071 lavet;
2864 1008 2926 1061 et
2974 1002 3108 1061 viro
3167 1004 3561 1066 sanctissimo
3598 1007 3689 1066 in-

281 1103 516 1163 famiam
548 1103 777 1176 inurit,
812 1106 883 1162 ut
912 1099 1222 1179 perditam
1255 1098 1452 1177 impio
1484 1098 1718 1158 famam
1751 1097 2058 1156 restituat.
2086 1096 2243 1166 Quid
2277 1098 2446 1175 quod
2479 1098 2664 1176 longe
2693 1098 2985 1176 graviora
3043 1100 3120 1159 de
3177 1101 3444 1162 Maximo
3473 1104 3692 1166 reticet

283 1202 604 1280 Gregorius
620 1200 651 1260 ?

347 1329 576 1387 Verum
625 1325 710 1407 (a)
747 1350 775 1381 «
811 1330 1070 1385 caeteros
1100 1323 1188 1384 ita
1218 1321 1529 1400 designat,
1562 1327 1632 1382 ut
1662 1320 2019 1382 nominasse
2051 1339 2176 1380 non
2208 1339 2365 1399 opus
2425 1320 2631 1381 fuerit.
2667 1345 2697 1374 »
2752 1323 3049 1382 Fatemur
3103 1323 3165 1384 id
3224 1325 3502 1404 quidem.
3558 1331 3693 1402 Qua

277 1444 414 1486 vero
438 1425 756 1498 cautione,
791 1441 1028 1502 quaeso,
1063 1421 1373 1481 attendas.
1408 1419 1618 1479 Primo
1655 1437 1953 1493 namque,
1988 1437 2065 1478 ne
2096 1418 2158 1477 in
2191 1418 2611 1497 episcopalem
2646 1419 2926 1480 ordinem
2963 1421 3230 1483 dicenda
3259 1424 3694 1488 derivarentur

278 1530 333 1583 et
361 1521 792 1581 redundarent
819 1520 1118 1580 admonet
1148 1517 1522 1594 Gregorius:
1565 1537 1592 1573 α
1626 1519 1761 1576 Non
1795 1515 2105 1588 omnium,
2137 1515 2344 1593 inquit
2373 1515 2473 1595 (ὁ),
2510 1516 2892 1576 mentionem
2938 1519 3240 1580 faciam...
3276 1523 3432 1580 Nam
3461 1525 3694 1584 multos

274 1622 455 1681 etiam
490 1620 660 1692 novi,
697 1619 773 1678 de
805 1618 1032 1697 quibus
1064 1617 1451 1696 loquendum
1483 1622 1576 1675 est
1607 1614 1952 1675 honestius.
1987 1616 2219 1675 Verum
2253 1615 2533 1691 quisquis
2562 1615 2888 1693 improbus
2919 1623 3033 1688 est,
3087 1625 3149 1676 et
3213 1619 3547 1697 plusquam
3582 1623 3694 1682 im-

276 1720 533 1800 probus,
567 1717 730 1776 vinci
762 1735 826 1776 se
861 1715 1231 1792 domarique
1266 1714 1542 1792 patiatur
1569 1713 1665 1792 (ο).
1704 1713 1851 1773 Mali
1874 1713 2183 1791 quidquid
2205 1719 2296 1772 est
2318 1713 2675 1772 vulnerabit
2714 1715 3013 1773 orationis
3044 1716 3291 1792 gladius
3327 1735 3340 1789 ;
3375 1719 3500 1777 imo
3533 1721 3694 1780 sica-

278 1819 400 1878 rios
433 1824 496 1877 et
558 1814 1048 1891 homicidas,qui
1079 1813 1248 1872 falsis
1280 1812 1672 1872 sermonibus
1703 1817 1894 1890 atque
1954 1812 2294 1888 figmentis,
2331 1832 2359 1867 »
2424 1817 2707 1889 pastores
2737 1812 3066 1890 ipsamque
3124 1815 3474 1876 doctrinam
3536 1819 3695 1878 infa-

280 1922 545 1985 mantes,
591 1913 974 1973 «innoxium
1011 1912 1362 1971 animarum
1409 1911 1779 1987 sanguinem
1827 1910 2310 1970 effundebant.»
2367 1909 2570 1969 Verbo
2631 1910 2862 1982 dicam,
2918 1911 3098 1989 lupos
3155 1921 3438 1991 pastores
3495 1917 3697 1978 insec-

277 2021 468 2085 tatur,
504 2015 796 2072 doctores
829 2010 1072 2089 spurios
1093 2016 1153 2069 et
1185 2010 1594 2068 adulterinos.
1629 2009 1902 2067 Putasne
1958 2026 2105 2067 vero
2139 2026 2462 2086 nunquam
2519 2008 2725 2078 licere,
2791 2010 3106 2069 laudabile
3161 2031 3488 2091 nunquam
3539 2034 3692 2089 esse,

276 2114 529 2173 ovinam
569 2111 792 2189 pellem
826 2127 898 2168 ac
930 2109 1166 2167 larvam
1199 2107 1363 2185 lupis
1395 2107 1749 2177 detrahere,
1788 2113 1857 2166 ut
1887 2107 2117 2167 detecti
2149 2109 2659 2184 cognoscantur?
2697 2132 2726 2162 «
2759 2106 2824 2167 Si
2876 2107 3238 2186 reipublicae
3294 2111 3551 2173 interest
3597 2133 3700 2175 co-

277 2211 496 2290 gnosci
528 2208 766 2280 malos;
800 2232 828 2263 »
865 2207 1144 2286 profecto
1174 2206 1434 2265 interest
1462 2204 1783 2278 Ecclesiaa,
1845 2204 2053 2264 minus
2110 2205 2478 2281 catholicos,
2517 2205 2832 2283 falsosque
2875 2213 3157 2285 pastores
3188 2228 3588 2287 cognoscere.
3625 2217 3702 2274 Et

278 2310 384 2388 qui
415 2309 659 2368 larvam
693 2303 987 2376 detrahit,
1024 2309 1092 2364 ut
1146 2307 1628 2381 cognoscantur,
1669 2321 1747 2362 ne
1775 2308 2050 2363 mactent
2081 2309 2139 2364 et
2161 2303 2470 2375 furentur,
2531 2303 2582 2363 is
2615 2303 2948 2363 laudabilis
2977 2311 3091 2366 est.

355 2435 426 2495 Id
501 2431 794 2510 praestitit
823 2429 1178 2507 Gregorius,
1240 2429 1350 2507 qui
1409 2428 1771 2508 posthabito
1820 2427 2069 2508 privato
2127 2428 2482 2500 commodo,
2553 2429 3038 2505 periclitentium
3098 2431 3286 2492 saluti
3342 2434 3698 2495 animarum

285 2530 708 2607 Ecclesiaeque
733 2529 923 2590 totius
954 2528 1307 2611 consulens,
1337 2528 1401 2586 in
1432 2527 1756 2605 improbos
1786 2533 1849 2587 et
1879 2527 2031 2586 vitia
2056 2525 2370 2585 calamum
2431 2526 2719 2596 strinxit;
2785 2526 2940 2586 nihil
2981 2527 3097 2588 nisi
3156 2530 3553 2602 charitatem,
3592 2535 3710 2594 nisi

281 2648 500 2710 pacem
534 2628 784 2706 spirans
814 2625 921 2705 (τί).
958 2629 1081 2686 Ista
1111 2625 1266 2684 ﬂens
1300 2625 1509 2701 potius
1540 2642 1730 2701 quam
1767 2623 2059 2683 mordens
2089 2624 2374 2701 scripsit;
2422 2624 2548 2683 imo
2584 2647 2611 2677 α
2652 2625 2874 2683 ludens
2904 2646 2932 2680 »
2996 2644 3480 2707 nonnunquam,
3555 2632 3706 2709 quia

281 2725 621 2787 ridiculum
656 2724 787 2786 acri
818 2742 914 2784 res
946 2723 1163 2783 fortius
1190 2740 1264 2781 ac
1287 2722 1510 2781 melius
1537 2721 1910 2799 plerumque
1933 2739 2144 2781 secare
2177 2729 2459 2781 noverat.
2493 2723 2679 2781 Miror
2712 2723 2933 2797 virum,
2972 2724 3208 2802 alioqui
3250 2726 3504 2804 ingenio
3539 2749 3716 2808 pers.

281 2825 507 2904 picaci,
545 2823 750 2884 lusum
784 2840 906 2882 non
939 2819 1326 2890 intellixisse,
1363 2818 1471 2878 ubi
1502 2819 1856 2895 Gregorius,
1894 2817 2158 2877 dubium
2191 2819 2267 2877 de
2300 2838 2480 2879 coma
2525 2820 2678 2898 quid
2735 2818 2922 2880 faciat
2969 2839 3040 2880 ac
3074 2826 3530 2900 prepomodum
3566 2827 3707 2887 des-

285 2929 614 3003 perantem
649 2920 939 2999 cynicum
973 2919 1235 2995 fingens,
1269 2934 1558 2977 sermone
1583 2915 1716 2994 jam
1749 2915 1965 2975 tritum
1997 2916 2053 2975 ei
2112 2918 2513 2998 proverbium
2573 2918 2789 2977 festive
2848 2921 3128 2997 suggerit
3163 2937 3176 2979 :
3234 2945 3264 2977 «
3298 2924 3544 3002 Reliqui
3598 2925 3712 2987 tibi

281 3028 514 3101 praeter
539 3019 772 3078 malam
807 3034 1055 3077 crucem
1105 3015 1237 3093 jam
1272 3015 1452 3075 video
1506 3014 1683 3074 nihil.
1718 3037 1747 3069 »
1825 3014 1973 3084 Quis
2031 3033 2258 3074 vanam
2309 3016 2492 3075 Tollii
2527 3015 2599 3096 (e)
2657 3015 3179 3078 exclamationem
3224 3021 3352 3080 risu
3385 3041 3508 3082 non
3541 3025 3712 3083 exci-

282 3120 469 3200 piat?
501 3119 637 3188 Cui,
672 3117 958 3195 inquam,
990 3115 1180 3174 risum
1213 3132 1338 3173 non
1370 3118 1621 3173 moveat
1650 3111 1786 3172 hac
1818 3113 2152 3172 verborum
2179 3114 2458 3192 Gregorii
2491 3115 2773 3193 acceptio
2794 3115 2822 3173 ‘I
2857 3138 2886 3169 «
2935 3116 3093 3186 Quid
3115 3118 3144 3175 ?
3193 3120 3514 3198 Laqueum
3564 3141 3712 3200 pro-

283 3236 522 3298 ponere
553 3215 814 3276 inimico
844 3213 921 3274 ad
954 3211 1381 3291 suspendium,
1419 3211 1774 3272 hominisne
1805 3216 1898 3270 est
1928 3211 2242 3272 Christum
2265 3212 2560 3273 sectantis
2581 3215 2610 3272 ?
2644 3237 2672 3267 υ
2711 3213 2860 3285 Quis
2899 3215 3065 3274 enim
3120 3217 3329 3278 mitior
3365 3220 3714 3298 Gregorio?

281 3317 548 3379 Etiamsi
579 3315 815 3392 scripta
845 3317 1128 3374 tacerent
1157 3311 1342 3382 facta,
1377 3311 1517 3389 ipsa
1550 3310 1808 3371 Maximi
1840 3311 2126 3385 historia,
2178 3319 2320 3372 aeta
2376 3312 2645 3386 concilii,
2708 3313 2934 3387 sicarii,
2971 3314 3211 3394 lapides
3253 3336 3410 3395 quos
3442 3321 3711 3400 excepit,

281 3437 397 3477 nec
422 3432 814 3494 quemquam
849 3411 1061 3472 ulcisci
1093 3429 1311 3489 passus
1340 3416 1452 3470 est.

369 3544 437 3602 In
479 3541 573 3600 bis
609 3558 746 3618 quae
777 3537 1160 3616 objiciuntur
1194 3534 1476 3612 Gregorii
1508 3535 1913 3608 carminibus,
1951 3536 2128 3607 nihil,
2182 3542 2292 3597 aut
2323 3538 2448 3597 fere
2505 3537 2660 3596 nihil
2725 3539 2891 3616 quod
2966 3539 3028 3598 in
3079 3541 3458 3621 Apofogelico
3481 3564 3593 3605 suo
3655 3551 3718 3607 et

289 3641 443 3701 alibi
480 3639 712 3718 passim
738 3636 816 3697 ad
849 3635 1155 3715 populum
1183 3633 1572 3693 orationibus
1595 3652 1717 3694 non
1750 3634 2140 3713 reperiatur;
2177 3636 2304 3695 imo
2363 3636 2520 3695 nihil
2570 3636 2741 3713 quod
2799 3637 2863 3696 in
2895 3639 3021 3697 suis
3055 3638 3141 3698 De
3186 3642 3514 3702 sacerdotio
3545 3645 3720 3704 libris

299 3758 429 3799 non
463 3735 788 3815 scripserit
820 3734 1010 3814 paulo
1036 3739 1179 3811 post
1207 3731 1713 3811 Chrysostomus.
1755 3735 1890 3792 Non
1922 3733 2114 3811 igitur
2144 3735 2337 3794 animi
2381 3758 2409 3792 (ι
2438 3733 2890 3807 imbecillitate,
2926 3758 2952 3792 ››
3014 3755 3138 3796 non
3203 3762 3233 3793 ‹‹
3265 3740 3656 3816 aegritudine,
3687 3767 3716 3798 »

297 3856 426 3895 non
466 3860 496 3890 «
527 3832 806 3912 impositi
830 3830 1084 3909 capistri
1121 3855 1146 3885 ι
1181 3829 1418 3901 dolore,
1457 3848 1580 3888 non
1613 3829 1888 3889 abdicati
1939 3853 1967 3885 α
2002 3832 2377 3909 poenitentia
2410 3854 2435 3887 ιι
2501 3831 2922 3908 episc0patus,
2987 3853 3129 3910 quae
3181 3836 3355 3895 nulla
3409 3838 3549 3910 fuit,
3611 3840 3724 3900 illa

301 3931 680 4010 conscripsit
713 3929 1067 4007 Gregorius.
1101 3928 1433 4005 Figmenta
1464 3927 1599 3987 haec
1621 3933 1765 3988 sunt
1797 3929 1876 3988 ab
1911 3927 2313 3990 heterodoxis
2347 3930 2611 4008 prolata,
2663 3930 2824 3990 male
2856 3950 2891 3990 a
2951 3932 3330 4009 quibusdam
3390 3937 3725 3998 Catholieis

301 4034 600 4113 repetita.
637 4035 848 4108 Apage
872 4047 1045 4105 ergo,
1072 4026 1538 4105 Tolli,lepidam
1569 4025 1732 4087 hanc
1767 4033 1962 4105 tuam,
1987 4031 2116 4090 imo
2148 4028 2514 4106 injuriosam
2547 4029 2606 4087 in
2633 4030 2998 4107 Gregorium
3033 4036 3732 4115 comparationem,qua

300 4131 704 4205 TbeOIOgum
737 4147 879 4188 cum
912 4126 1211 4188 Cicerone
1243 4125 1568 4202 componis
1596 4143 1608 4196 ;
1646 4124 1764 4185 hoc
1796 4135 1909 4204 est,
1939 4153 1965 4182 α
2001 4130 2089 4188 ita
2115 4129 2327 4187 animo
2360 4127 2646 4205 perculso
2679 4135 2740 4186 et
2793 4129 3060 4204 abjecto,
3125 4138 3193 4190 ut
3248 4133 3379 4194 sine
3439 4154 3729 4198 sermone

302 4231 462 4296 ullo,
501 4229 633 4288 sine
663 4226 1044 4304 cogitatione
1077 4225 1204 4284 ulla
1227 4224 1487 4302 jaceret,
1527 4247 1555 4277 »
1622 4229 1690 4283 ut
1754 4247 1781 4281 α
1842 4227 1917 4305 (f)
1975 4227 2199 4286 mentis
2254 4244 2464 4286 errore
2522 4227 2778 4286 teneri»
2814 4229 3005 4306 vulgo
3036 4229 3396 4291 crederetur
3422 4232 3531 4313 (g).
3567 4235 3729 4306 Quid

304 4329 563 4390 confers
584 4325 927 4385 violentum
959 4329 1246 4384 coactum
1277 4321 1465 4381 Tullii
1496 4322 1810 4397 exsilium,
1845 4343 1988 4385 cum
2021 4324 2378 4385 voluntaria
2409 4325 2713 4402 Gregorii,
2751 4332 2811 4383 et
2835 4327 3134 4404 eXpetita,
3168 4334 3359 4407 atque
3390 4332 3580 4392 etiam
3621 4351 3730 4393 ex-

302 4434 482 4487 torta
515 4425 594 4484 ab
628 4425 1028 4501 imperatore,
1072 4427 1134 4481 et
1164 4419 1445 4480 omnium
1479 4427 1738 4480 aetatum
1771 4424 2186 4484 admiratione
2219 4423 2429 4500 digna,
2493 4423 3206 4502 Constantinopolitanae
3264 4429 3426 4488 sedis
3483 4431 3734 4492 abdica-

304 4525 536 4587 tione?
567 4521 648 4602 (Ιι)
687 4521 841 4593 Quid
874 4524 1408 4600 puerumtantum
1441 4537 1566 4577 non
1615 4518 1982 4596 ejulantem,
2043 4529 2102 4582 et
2159 4521 2426 4594 ﬂetibus,
2487 4539 2562 4580 ne
2611 4522 2929 4594 scriberet,
3000 4523 3520 4602 «impeditum,»
3586 4547 3730 4590 cum

305 4623 560 4685 athleta
588 4627 653 4681 et
682 4619 954 4698 glorioso
991 4642 1020 4674 (ι
1053 4618 1406 4678 confessore
1430 4636 1455 4671 ι)
1525 4619 1849 4696 componis
1885 4619 1954 4700 (τ’)
1986 4624 2013 4680 ?
2048 4619 2292 4697 ἱοςεειίδ
2314 4637 2532 4679 omnes
2564 4620 2641 4679 ad
2686 4620 2957 4680 Atticum
2993 4622 3314 4699 epistolas,
3372 4645 3512 4704 quae
3573 4628 3738 4688 libro

312 4721 508 4783 tertio
528 4718 947 4792 continentur,
984 4716 1263 4795 Liviique
1294 4713 1712 4776 Historiarum
1744 4717 1973 4777 librum
2008 4736 2146 4795 cxx,
2179 4724 2241 4778 et
2271 4723 2394 4778 tuae
2427 4723 2486 4777 te
2512 4719 2745 4796 pudeat
2773 4721 3280 4798 comparationis.

399 4845 684 4923 Denique
742 4842 892 4921 quid
947 4841 1280 4902 ambitiosa
1334 4838 1442 4898 illa
1497 4842 1813 4903 Ciceronis
1871 4849 1934 4902 et
1984 4860 2438 4921 usquequaque
2499 4843 2637 4901 fusa
2679 4841 3012 4920 jactantia,
3074 4863 3214 4903 cum
3275 4847 3550 4922 assidua,
3598 4869 3743 4911 cum

316 4945 634 5014 modesta,
685 4959 825 5000 cum
885 4941 1235 5002 necessaria
1291 4945 1352 5001 et
1428 4943 1721 5021 religiosa
1807 4941 2257 5020 praedicatione
2341 4940 2712 5001 Trinitatis?
2798 4941 2959 5013 Quid
3040 4942 3270 5003 Christi
3348 4947 3425 5005 ad
3502 4949 3748 5010 Belial?

315 5043 484 5116 Quid
516 5041 620 5101 hic
653 5039 944 5117 theologo
967 5038 1359 5100 sanctissimo
1392 5059 1534 5102 cum
1569 5046 1822 5102 oratoro
1855 5040 2166 5119 profano?
2202 5040 2361 5112 Quid
2397 5039 2772 5100 humilitatis
2810 5041 3042 5103 Christi
3072 5042 3404 5121 discipulo,
3439 5065 3580 5107 cum
3613 5054 3748 5109 tur-

425 5429 479 5505 a)
507 5429 656 5505 :Ifoll.
687 5432 803 5486 not.
832 5429 902 5487 ad
934 5447 988 5486 ν.
1018 5429 1078 5486 21
1115 5447 1296 5486 carm.
1321 5432 1370 5500 1,
1407 5449 1462 5503 p.
1494 5431 1548 5486 6.

1494 5431 1548 5486 6.
2169 5431 2238 5505 (ί)
2268 5431 2550 5505 ᾼᾴίΑιιίση
2593 5431 2694 5488 lib.
2731 5450 2816 5499 ιιι,
2851 5434 3020 5505 epist.
3053 5436 3105 5489 2.

423 5501 473 5575 ὑ)
507 5501 667 5575 Yers.
702 5505 774 5575 23_
794 5509 850 5559 et
871 5517 1034 5575 seqq.
1410 5501 1424 5503 ⁷
2170 5501 2249 5575 (g‘)
2280 5503 2451 5573 Ibid.,
2482 5521 2572 5575 ep.
2610 5505 2696 5558 12.

422 5573 469 5647 οξ)
497 5573 687 5631 Carm.
723 5573 797 5631 al.
835 5573 995 5641 12,9.
1033 5575 1120 5645 12,
1155 5575 1350 5629 15-17.

1099 5612 1120 5645 η,
1155 5575 1350 5629 15-17.
2169 5573 2249 5647 (h)
2285 5575 2458 5642 Ibid.,
2500 5573 2592 5647 ep.
2626 5575 2710 5637 44.

420 5645 474 5720 d)
503 5649 687 5704 Carm.
726 5647 802 5703 al.
830 5649 880 5719 1,
914 5665 967 5704 v.
998 5647 1054 5701 6.

2175 5645 2238 5719 (ε)
2268 5648 2440 5718 Ibid.,
2473 5645 2563 5720 cp".
2603 5649 2686 5704 ιθ.

400 5651 453 5715 (d
503 5651 687 5704 Carm.
726 5651 802 5703 al.

400 5651 474 5796 (ei
501 5723 661 5779 Vere.
695 5721 824 5778 939.
