4080 6440
357 403 434 460 39
1367 395 1781 458 PREFATIO
1828 398 1968 458 GEb‘

2169 399 2297 459 LlS.
2330 429 2408 444 —
2453 399 2648 460 PARS
2698 395 2769 458 ll.
3705 399 3780 460 40

353 534 417 614 pi
451 540 512 594 et
542 531 792 612 abjecto
825 525 1040 610 gloria
1076 529 1411 608 mancipio,
1450 549 1634 608 quem
1669 530 2025 610 gloriolam,
2056 533 2337 594 veritatis
2369 533 2720 612 dispendio,
2756 551 3090 611 corrogare
3121 553 3247 595 non
3281 535 3524 614 pudet?
3557 535 3776 608 Ardea,

355 632 562 712 inquit
595 630 863 712 epistola
895 627 973 689 ad
1007 628 1303 688 Luceium
1329 628 1432 708 (α),
1473 653 1502 685 ‹‹
1534 630 1881 708 cupiditate
1909 631 2418 692 incredibili......
2457 650 2686 691 nomen
2721 639 2788 692 ut
2819 640 3102 691 nostrum
3167 633 3538 704 illustretur,
3576 641 3640 694 et
3677 653 3780 694 ce-

358 731 637 792 lebretur
664 729 916 790 tuis.....
949 729 1169 805 Itaque
1203 732 1260 786 te
1295 727 1480 805 plane
1510 727 1700 787 etiam
1730 735 1920 806 atque
1951 729 2138 788 etiam
2176 748 2350 806 rogo,
2386 735 2452 788 ut
2474 735 2535 787 et
2565 747 2750 788 ornes
2792 747 2867 788 ea
2897 729 3333 790 vehementius
3364 732 3554 791 etiam
3588 751 3781 810 quam

357 831 620 890 fortasse
653 828 942 888 sentis....
979 825 1307 902 amorique
1339 831 1552 885 nostro
1611 827 1966 904 plusculum
2016 827 2228 899 etiam,
2264 846 2453 905 quam
2505 827 2792 886 concedit
2822 828 3070 897 veritas,
3110 827 3401 906 largiare.
3435 850 3464 886 ι)
3516 831 3671 889 Item
3706 831 3785 889 ad

357 929 634 989 Atticum
668 925 935 1004 epistola
966 927 1067 983 58.
1108 947 1138 980 ‹‹
1169 924 1534 1001 Epistolam,
1582 925 1806 1002 inquit,
1846 924 2071 984 Luceio
2103 943 2293 1003 quam
2326 925 2622 1001 misi,qua
2660 942 2756 984 res
2787 942 2958 984 meas
2987 931 3057 984 ut
3099 926 3330 986 scribat
3362 945 3539 1004 rogo,
3587 928 3686 988 fac
3720 933 3788 988 ut

357 1026 437 1086 ab
469 1043 544 1085 eo
575 1039 824 1091 sumas;
860 1021 1044 1080 valde
1079 1020 1242 1079 bella
1270 1026 1381 1092 est,
1411 1038 1682 1097 eumque
1715 1027 1781 1080 ut
1829 1028 2212 1100 approperet
2269 1021 2596 1092 adorteris,
2670 1026 2732 1081 et
2761 1022 2930 1099 quod
2998 1022 3148 1081 mihi
3208 1024 3295 1084 ita
3351 1041 3414 1084 se
3470 1025 3787 1085 facturum

359 1122 700 1201 rescripsit,
736 1119 973 1197 gratias
1004 1135 1179 1195 agas.
1213 1138 1241 1173 ι»
1280 1117 1428 1187 Quis
1460 1117 1672 1176 tulerit
1703 1136 1845 1178 cum
1883 1119 2137 1178 homine
2169 1126 2296 1179 tam
2329 1119 2602 1196 glorioso
2645 1120 3011 1197 Gregorium
3046 1121 3390 1202 componi?
3438 1124 3789 1201 Nequidem

358 1223 600 1282 ratione
633 1218 1008 1296 eloquentia
1043 1215 1399 1293 comparari
1435 1234 1615 1293 posse
1648 1218 2081 1277 concederem.
2113 1220 2418 1295 Argutum
2452 1236 2745 1296 namque,
2785 1224 3062 1292 acutum,
3100 1227 3159 1280 et
3193 1221 3378 1299 plane
3431 1221 3787 1282 laconicum

358 1317 669 1380 scribendi
699 1334 916 1394 genus,
953 1320 1224 1374 sectatus
1255 1315 1747 1391 estGregorius;
1782 1314 2027 1375 Tullius
2054 1334 2221 1390 vero,
2287 1321 2354 1375 ut
2409 1316 2625 1376 scribit
2675 1322 2896 1377 auctor
2955 1317 3124 1397 (pag.
3181 1319 3306 1398 78),
3351 1342 3381 1378 α
3430 1320 3789 1381 obstetricis

358 1418 712 1478 animorum
741 1436 770 1472 η
801 1414 977 1472 Edm.
1018 1411 1364 1484 Richerius,
1403 1435 1434 1467 «
1464 1413 1761 1472 Asianum
1794 1421 1855 1474 et
1887 1414 2246 1474 redundans
2277 1438 2306 1469 »
2344 1415 2552 1493 potius
2609 1434 2799 1494 quam
2833 1416 3094 1477 atticum
3125 1424 3186 1477 et
3246 1437 3528 1497 pressum
3589 1419 3786 1480 affec-

365 1516 617 1576 tavit.ln
641 1512 905 1593 Dialogo
921 1510 996 1570 de
1019 1510 1437 1579 oratoribus,¢
1456 1511 1771 1570 elumbem
1799 1518 1859 1571 et
1880 1519 2245 1572 enervatam
2269 1513 2583 1573 Ciceronis
2615 1513 3040 1591 eloquentiam
3069 1537 3095 1572 ι)
3137 1522 3320 1575 vocat
3352 1517 3783 1577 Brutus.Diu-

364 1614 484 1674 tius
537 1614 743 1672 forsan
769 1610 844 1669 iis
878 1607 1232 1668 refellendis
1262 1608 1739 1687 immoror,qua
1777 1609 2042 1670 ridenda
2071 1610 2280 1688 potius
2308 1617 2371 1670 et
2402 1610 2885 1681 contemnenda,
2939 1630 3129 1688 quam
3181 1613 3343 1672 serio
3391 1621 3572 1674 erant
3609 1615 3795 1675 refel-

358 1713 565 1772 lenda.
598 1713 1047 1771 Verumtamen
1081 1726 1224 1766 cum
1269 1706 1535 1767 lectores
1577 1708 1862 1767 nonnulli
1919 1709 2066 1779 sint,
2128 1709 2358 1786 quibus
2419 1709 2560 1786 plus
2620 1709 2937 1785 religionis
2999 1728 3185 1786 quam
3261 1712 3540 1773 scientia
3597 1714 3793 1789 inest,

361 1817 420 1870 et
481 1826 750 1886 quorum
811 1804 1196 1865 conscientia
1250 1804 1503 1863 inﬁrma
1552 1822 1625 1864 ac
1673 1805 1895 1863 timida
1955 1804 2096 1864 ladi
2155 1811 2365 1883 posset
2394 1805 2780 1864 carminibus
2819 1806 3120 1866 adversus
3151 1807 3493 1868 Maximum
3533 1817 3593 1869 et
3625 1813 3797 1890 epis-

359 1927 550 1986 copos
582 1904 866 1981 scriptis;
898 1902 1084 1980 juxat
1116 1903 1227 1960 hos
1278 1921 1354 1961 ex
1387 1901 1613 1960 animis
1644 1903 1970 1980 scrupolos
2002 1903 2288 1972 evellere,
2353 1903 2611 1980 quinam
2673 1903 2763 1961 illi
2823 1904 2946 1962 sint
3000 1905 3296 1983 episcopi,
3362 1926 3517 1986 quos
3577 1911 3801 1987 exagi-

357 2007 517 2066 tavit
566 2003 928 2080 Gregorius,
989 1999 1418 2070 ostendendo;
1483 2007 1549 2059 ut
1609 2001 1830 2060 merito
1889 2000 2262 2078 exagitatos,
2300 2007 2489 2078 atque
2517 2000 2702 2058 etiam
2738 1999 2892 2058 dure
2924 2000 3284 2080 increpitos,
3321 2004 3584 2081 quilibet
3615 2007 3798 2067 intel-

361 2104 537 2181 ligat.

439 2235 652 2297 Primo
684 2233 938 2312 quidem
974 2248 1159 2290 nemo
1194 2228 1389 2289 nescit
1409 2228 1817 2288 correctionis
1850 2230 2142 2290 fraterna
2174 2239 2560 2310 praceptum
2593 2249 2724 2290 esse
2747 2238 2874 2290 tam
2926 2231 2989 2290 in
3036 2232 3227 2292 veteri
3260 2253 3451 2312 quam
3511 2237 3572 2296 in
3631 2258 3805 2300 nova

361 2334 499 2413 lege
526 2351 539 2393 :
579 2357 610 2391 «
642 2335 780 2392 Non
809 2328 1016 2392 oderis
1048 2329 1305 2388 fratrem
1340 2332 1545 2402 tuum,
1582 2352 1611 2382 »
1637 2327 1727 2387 ait
1758 2328 2000 2408 Moyses
2023 2330 2070 2396 ³,
2123 2351 2152 2387 (ι
2185 2332 2292 2390 sed
2320 2329 2566 2408 publice
2599 2347 2792 2406 argue
2823 2329 3026 2401 illum,
3062 2349 3138 2390 ne
3172 2330 3409 2392 habeas
3448 2353 3639 2412 super
3685 2338 3803 2399 illo

363 2437 692 2512 peccatum
722 2447 735 2502 ;
762 2452 791 2483 »
829 2426 1053 2489 Matth.
1088 2442 1241 2496 xvn,
1279 2426 1374 2495 16,
1412 2427 1527 2484 17:
1557 2446 1584 2482 α
1619 2425 1685 2486 Si
1715 2433 1924 2487 autem
1958 2434 2019 2488 te
2040 2446 2165 2487 non
2191 2427 2461 2487 audierit
2519 2427 2733 2504 (frater
2791 2425 2981 2504 tuus),
3044 2427 3275 2488 adhibe
3328 2435 3537 2490 tecum
3582 2434 3803 2496 adhuc

366 2548 587 2600 unum,
624 2527 721 2587 vel
753 2526 910 2586 duos
940 2530 1206 2584 testes...
1240 2523 1420 2594 Quod
1449 2523 1501 2582 si
1532 2542 1654 2583 non
1689 2526 1958 2585 audierit
2001 2543 2146 2586 eos:
2182 2525 2281 2584 dic
2312 2525 2628 2585 Ecclesia.
2665 2546 2693 2581 »
2732 2524 2892 2595 Quin
2949 2533 3010 2583 et
3042 2530 3187 2584 ante
3226 2526 3429 2605 legem
3464 2530 3801 2609 scriptam,

366 2633 608 2687 natura
640 2625 699 2684 vi
729 2631 790 2684 et
820 2621 1170 2693 charitatis,
1203 2640 1276 2680 eo
1303 2622 1572 2700 quisque
1604 2622 1812 2681 ofﬁcio
1847 2624 2200 2694 tenebatur,
2235 2622 2544 2702 imprimis
2577 2622 2918 2700 prapositi,
2947 2629 3259 2700 parentes,
3298 2627 3603 2704 magistri,
3658 2650 3808 2709 pag-

363 2735 552 2789 tores.
587 2727 681 2787 Ab
714 2727 852 2804 ipsa
882 2725 1047 2785 enim
1082 2730 1309 2783 natura
1337 2729 1397 2782 et
1429 2722 1761 2797 charitate,
1796 2741 1920 2802 qua
1952 2723 2226 2802 proximi
2259 2722 2429 2782 salus
2459 2723 2639 2785 nobis
2662 2723 2835 2782 cordi
2859 2740 2991 2783 esse
3023 2723 3232 2797 debet,
3267 2724 3457 2804 hujus
3499 2733 3812 2809 praecepti

368 2825 704 2888 necessitas
737 2823 895 2883 fluit.

448 2964 663 3021 Potest
691 2964 928 3036 itaque,
964 2962 1156 3032 atque
1187 2953 1376 3013 etiam
1435 2954 1623 3013 debet
1652 2960 1713 3013 et
1733 2959 2004 3027 tenetur,
2040 2956 2149 3033 qui
2180 2955 2462 3025 scientia,
2503 2955 2831 3033 dignitate,
2865 2961 2926 3015 et
2956 2955 3163 3016 ofﬁcio
3213 2957 3473 3033 eminet,
3535 2979 3815 3039 arguere

373 3065 727 3138 peccantes,
758 3080 788 3111 «
836 3055 991 3114 dure
1022 3078 1051 3109 »
1090 3053 1276 3113 etiam
1314 3053 1630 3112 interdum
1668 3052 2134 3129 «increpare,»
2175 3053 2445 3113 maxime
2481 3079 2509 3108 «
2547 3060 2614 3112 ut
2653 3053 2787 3112 sani
2818 3053 2942 3112 sint
2973 3055 3033 3112 in
3095 3053 3283 3124 ﬁde‘,
3319 3079 3348 3111 »
3405 3065 3476 3117 ut
3525 3062 3816 3124 vitentur

372 3156 649 3236 improbi
673 3156 716 3224 ⁵,
754 3153 942 3231 idque
1000 3149 1372 3210 nominatim
1433 3149 1889 3227 utdiscipulus,
1927 3168 2111 3233 quem
2146 3151 2462 3229 deligebat
2489 3152 2668 3212 Jesus
2693 3152 2752 3223 ⁶;
2791 3151 2885 3209 vel
2912 3152 3231 3230 graphice,
3267 3160 3337 3212 ut
3359 3159 3812 3233 apostolorum

372 3253 739 3332 Princeps",
774 3269 847 3311 ac
876 3249 1018 3311 Jud.
1057 3249 1100 3321 ⁸,
1137 3247 1578 3326 perstringere,
1615 3253 1805 3325 atque
1844 3247 2028 3306 etiam
2065 3248 2313 3326 publice
2346 3250 2698 3308 traducere.
2765 3272 2795 3303 «
2828 3249 3154 3309 Manifesta
3213 3251 3378 3310 enim
3444 3262 3726 3330 peccata,
3779 3283 3810 3314 ι

375 3352 671 3431 utinquit
705 3348 1041 3427 Gregorius
1073 3347 1231 3407 alter
1263 3352 1325 3405 et
1352 3346 1488 3423 ipse
1521 3347 1782 3423 Magnus
1814 3344 1921 3422 (ὁ),
1986 3370 2017 3401 ‹‹
2047 3365 2172 3405 non
2234 3347 2480 3407 occulta
2538 3347 2927 3406 correctione
2984 3349 3354 3425 purganda;
3415 3352 3525 3411 sed
3584 3355 3814 3432 palam

371 3458 518 3513 sunt
547 3447 874 3527 arguendi,
901 3446 1008 3523 qui
1042 3444 1249 3522 palam
1284 3447 1534 3501 nocent.
1574 3466 1601 3497 »
1631 3443 1930 3520 Apostolo
1965 3444 2365 3522 pracipiente
2393 3462 2405 3502 :
2442 3467 2468 3501 α
2501 3446 2837 3503 Peccantes
2866 3459 3077 3502 coram
3110 3445 3404 3504 omnibus
3437 3466 3633 3526 argue
3656 3452 3678 3485 θ
3715 3471 3726 3510 ;
3766 3475 3800 3510 ι

373 3548 538 3630 quod
573 3545 858 3607 Christus
887 3542 1101 3602 docuit
1143 3547 1204 3600 et
1233 3541 1396 3614 fecit,
1438 3564 1466 3594 «
1503 3539 1727 3599 acerbe
1758 3546 1819 3598 et
1851 3558 2085 3613 amare,
2118 3565 2147 3596 »
2191 3547 2256 3601 ut
2287 3542 2374 3600 ait
2414 3541 2802 3618 Augustinus
2851 3540 2964 3619 (c):
3027 3542 3180 3601 «sed
3231 3545 3530 3618 amando,
3558 3569 3586 3605 ι)
3638 3569 3814 3626 quos

373 3644 679 3725 arguebat
702 3641 958 3704 Judaos
1015 3641 1144 3699 Hoc
1171 3657 1206 3698 a
1239 3638 1564 3718 prophetis
1596 3642 1658 3696 et
1688 3636 1991 3714 apostolis
2013 3638 2262 3716 egregie
2296 3639 2647 3717 prastitum
2679 3656 2861 3698 nemo
2895 3640 3113 3698 nescit.

451 3779 740 3841 Ecclesia
770 3783 936 3837 certe
966 3775 1226 3834 interest
1261 3797 1292 3828 «
1324 3772 1586 3850 hypocri
1601 3779 1717 3842 tas,
1746 3770 1934 3829 falsos
1970 3771 2328 3850 prophetas,
2369 3798 2394 3827 η
2431 3773 2615 3850 lupos
2646 3772 2759 3830 sub
2786 3772 2972 3830 ovina
3001 3773 3161 3852 pelle
3193 3775 3458 3833 latentes
3491 3775 3822 3852 dignosci,

375 3886 441 3939 ut
469 3880 531 3939 in
566 3878 780 3938 odium
817 3875 1215 3934 adducantur
1244 3878 1304 3930 et
1337 3871 1660 3948 fugiantur
1691 3887 1726 3926 a
1757 3869 2268 3945 simplicioribus,
2306 3877 2371 3929 ut.
2406 3870 2637 3929 nemini
2663 3878 2927 3930 noceant
2957 3872 3066 3951 (α’).
3129 3873 3272 3932 Hac
3321 3874 3538 3931 omnia
3597 3872 3822 3931 chari-

374 3979 519 4036 tatis
549 3994 700 4052 erga
732 3972 1112 4051 proximum,
1150 3987 1301 4044 erga
1359 3971 1554 4026 Deum
1614 3973 1676 4026 et
1727 3966 2092 4042 Ecclesiam,
2128 3968 2334 4028 ofﬁcia
2367 3969 2540 4027 fuere
2565 3969 2623 4025 in
2659 3967 2929 4038 Christo,
2972 3969 3035 4029 in
3056 3971 3320 4035 Joanne,
3359 3969 3421 4028 in
3455 3969 3823 4047 Stephano,

374 4074 473 4134 cui
508 4073 776 4148 «lingua
802 4070 1001 4141 ferox,
1037 4068 1175 4126 lene
1206 4083 1354 4136 cor;
1387 4087 1416 4122 η
1457 4065 1564 4142 qui
1614 4063 1913 4123 saviebat
1967 4072 2029 4125 et
2086 4067 2364 4125 amabat.
2402 4089 2431 4121 »
2497 4067 2643 4124 Hac
2693 4065 2884 4125 etiam
2917 4067 2978 4125 in
3006 4067 3329 4144 Theologo
3363 4067 3630 4145 aliisque
3662 4069 3832 4128 viris

374 4170 627 4242 sanctis,
665 4186 824 4246 quas
852 4164 1194 4243 aliquando
1227 4163 1336 4222 Dei
1366 4162 1587 4240 gloria,
1625 4161 1795 4220 zelus
1826 4161 2048 4223 domus
2086 4163 2218 4233 Dei,
2273 4161 2669 4222 imminentia
2729 4161 3115 4240 simplicibus
3154 4164 3342 4236 mala,
3377 4183 3687 4243 oppressa
3717 4184 3832 4227 ca-

378 4267 634 4327 lumniis
663 4263 1049 4333 innocentia,
1085 4260 1328 4337 religio,
1355 4259 1705 4318 acrioribus
1735 4257 1940 4317 verbis
1969 4260 2197 4339 impios
2225 4261 2547 4338 exagitare
2576 4261 3042 4339 compulerunt,
3065 4262 3392 4322 charitatis
3428 4262 3639 4323 ofﬁcia
3673 4264 3834 4324 fuis-

376 4385 442 4425 se
472 4365 735 4425 dubium
768 4380 894 4422 non
923 4368 1039 4421 est.

461 4501 638 4558 Nunc
697 4496 807 4574 qui
867 4501 928 4554 et
986 4492 1207 4573 quales
1256 4493 1510 4552 fuerunt
1569 4490 1871 4570 episcopi,
1956 4511 2113 4572 quos
2200 4492 2540 4572 Gregorius
2607 4491 2671 4550 in
2750 4493 3136 4554 carminibus
3191 4493 3495 4570 exagitat,
3557 4502 3620 4555 et
3679 4515 3835 4574 qua

383 4596 570 4655 facies
633 4592 924 4654 Ecclesia
983 4591 1175 4651 totius
1235 4590 1443 4663 fuerit,
1504 4590 1790 4650 dicamus
1846 4588 1949 4671 (e).
2003 4591 2398 4652 Theodosius
2459 4608 2728 4666 magnus
2813 4609 2979 4651 anno
3066 4592 3186 4651 380
3239 4609 3420 4651 sacro
3479 4592 3657 4653 fonte
3747 4597 3838 4654 ab

385 4691 684 4754 Ascholio
739 4689 1284 4750 Thessalonicensi
1332 4689 1628 4768 episcopo
1671 4688 1973 4749 lustratus
2037 4708 2356 4750 «aureum
2433 4689 2515 4748 ad
2599 4689 2908 4766 populum
2988 4689 3162 4749 urbis
3235 4689 3838 4769 Constantinopoli-

387 4797 549 4853 tana
583 4814 612 4843 »
696 4788 971 4848 edictum
1026 4787 1220 4857 dedit,
1257 4806 1381 4864 quo
1438 4786 1708 4846 sancivit
1769 4809 1798 4839 «
1844 4785 2221 4863 judicandos
2301 4785 2795 4865 plectendosque
2851 4786 3200 4856 hareticos,
3259 4806 3288 4841 υ
3367 4786 3478 4864 qui
3544 4809 3574 4845 α
3629 4807 3837 4867 quam

385 4889 672 4967 pontifex
731 4889 1038 4946 Damasus
1122 4887 1469 4963 Petrusque
1534 4883 1934 4945 Alexandria
2004 4884 2337 4963 episcopus
2385 4881 2846 4960 sequebantur,
2915 4883 3100 4943 ﬁdem
3169 4901 3292 4944 non
3359 4885 3840 4963 amplecteren-

385 4991 510 5045 tur.
544 5009 572 5041 ι)
605 4989 782 5043 'l‘unc
813 4982 1024 5059 itaque
1057 4984 1122 5042 in
1171 4981 1477 5059 palatium
1538 4981 1844 5042 redeunte
1898 5000 1969 5041 ac
2004 4981 2371 5041 dominante
2427 4978 2743 5040 catholica
2776 4980 2919 5057 ﬁde,
2971 4980 3053 5040 ad
3111 4999 3248 5041 eam
3289 4999 3545 5060 quoque
3585 4985 3844 5048 rediere

457 5213 692 5342 '2‘I).evit.
723 5230 840 5280 xxx,
866 5214 948 5270 17.
987 5215 1006 5249 ‘
1035 5213 1148 5268 Tit.
1185 5230 1224 5280 ι,
1257 5212 1340 5266 13.
1375 5213 1394 5247 ⁵
1426 5214 1473 5269 ΙΙ
1505 5212 1659 5269 Tim.
1721 5228 1785 5279 ιι,
1841 5211 1943 5279 17;
1990 5228 2068 5282 Πῐι

2246 5210 2323 5266 ΙΙΙ
2352 5211 2521 5266 Joan.
2552 5209 2606 5262 9.
2639 5208 2658 5242 ⁷
2686 5208 2732 5262 Il
2766 5208 2915 5264 Petr.
2951 5227 3010 5278 II,
3045 5209 3069 5266 1
3108 5227 3238 5282 sqq.
3272 5211 3292 5245 ⁸
3322 5212 3460 5267 Jud.
3486 5212 3538 5266 4.
3575 5215 3597 5248 ³
3633 5216 3838 5275 ITim.

391 5302 443 5354 ν,
471 5302 562 5342 zu.

467 5584 544 5656 (ιι)
575 5584 778 5651 Cicer.,
813 5585 907 5656 Ep.
939 5587 1101 5656 fam,
1125 5585 1226 5640 lib.
1263 5603 1313 5649 ν,
1345 5603 1436 5656 ep.
1473 5582 1559 5640 13.
1656 5652 1705 5656 __
1903 5647 2027 5656 MM
2234 5578 2311 5656 (ά)
2342 5582 2498 5656 Aug.
2533 5592 2708 5656 Serm.
2741 5577 3033 5656 313,_ton_1.
3067 5580 3135 5646 V,
3178 5596 3237 5656 p.
3270 5582 3429 5637 1262.

468 5588 521 5651 (ιι
575 5584 778 5651 Cicer.,
813 5585 907 5656 Ep.
939 5587 1101 5656 fam,
1125 5585 1226 5640 lib.
1263 5603 1313 5649 ν,
1345 5603 1436 5656 ep.
1473 5582 1559 5640 13.
2256 5580 2289 5633 d
2345 5582 2498 5649 Aug.
2533 5592 2708 5631 serm.
2741 5580 2864 5643 313,
2890 5581 3033 5631 tom.
3067 5580 3135 5646 V,
3223 5623 3233 5635 .
3270 5582 3429 5637 1262.

468 5584 544 5803 Eb§
563 5657 800 5727 Gregor.
825 5662 1104 5783 Magqueg.
1130 5657 1332 5724 17,1ib.
1357 5673 1470 5725 xxv,
1488 5664 1630 5711 tom.
1655 5652 1728 5720 II,
1753 5647 2050 5722 pag.1280.
2234 5580 2311 5720 ie;
2340 5649 2525 5728 Socr._.
2559 5647 2657 5702 lib.
2691 5664 2745 5713 v,
2778 5649 2916 5715 0.6;
2976 5650 3126 5716 Soz.,
3178 5596 3286 5711 lib.
3329 5672 3429 5720 vn,
3480 5671 3530 5712 ο.
3565 5659 3644 5730 7;
3697 5662 3841 5721 Cod.

491 5743 518 5782 c
573 5734 742 5802 Aug.,
772 5744 952 5786 serm.
993 5730 1053 5784 .11
1101 5772 1115 5803 ,
1147 5733 1290 5785 tom.
1321 5727 1392 5802 V,
1426 5744 1481 5801 p.
1518 5726 1679 5781 1270.
2169 5719 2449 5795 Theodos.,
2482 5721 2574 5773 tit.
2607 5719 2659 5790 1,
2694 5717 2803 5793 leg.
2835 5721 2891 5792 2,
2924 5719 3155 5779 Gothof.

491 5717 540 5802 ε)
573 5717 742 5802 Αυξη
772 5717 952 5786 εθιειηῖ
982 5717 1115 5803 ’31”7,
1147 5717 1290 5785 ω’ω.
1321 5727 1392 5802 V,
1426 5717 1481 5801 p'.
1518 5726 1679 5781 1270.
1715 5717 1722 5720 ⁷
1753 5717 1771 5722 ’
1834 5717 1856 5720 ⁷
2169 5717 2449 5795 Hiberica,
2482 5720 2574 5773 tit.
2607 5719 2659 5790 1,
2694 5717 2803 5793 leg.
2835 5721 2891 5792 2,
2924 5719 3155 5779 Gothof.
