4080 6422
226 388 280 456 41
1176 382 1590 450 Pll/EFATIO
1638 385 2101 450 GENERALH.
2139 425 2216 435 -
2246 393 2445 452 mus
2501 389 2576 451 ll.
3526 394 3606 453 η

225 533 278 589 et
317 525 482 588 aulici
535 523 863 605 praesules,
908 522 1010 603 qui
1066 541 1140 585 ex
1199 524 1556 604 principum
1616 523 1830 584 favore
1889 529 2184 604 metuque
2233 527 2513 604 penduli,
2575 527 2750 585 omni
2805 526 2988 586 facile
3045 533 3232 586 vento
3290 527 3595 586 doctrinae

224 623 556 698 circumlati,
612 623 808 685 dubio
865 621 1068 683 animo
1125 627 1186 683 et
1240 623 1384 696 ﬁde,
1449 627 1771 683 momento
1832 622 1954 682 huc
2010 621 2162 683 illuc
2219 623 2709 702 impellebantur
2745 641 2758 682 :
2796 647 2823 678 α
2881 623 3129 696 Misera,
3180 623 3386 702 inquit
3447 626 3602 684 Gre-

224 724 407 802 gorius
452 721 549 801 (a),
598 729 663 789 et
722 722 1140 782 abominanda
1202 722 1342 781 vitae
1403 720 1724 780 ludibria:
1771 721 1941 799 quod
1999 721 2179 781 ﬁdem
2234 721 2481 794 attinet,
2545 727 2791 800 partem
2847 721 2912 781 in
2971 729 3308 800 utramque
3367 721 3598 800 parati,

223 841 331 881 non
359 821 456 881 Dei
483 821 712 897 legum,
748 820 855 880 sed
907 825 1258 898 temporum
1319 819 1745 879 observantes.
1782 819 1998 898 Euripi
2052 820 2380 892 doctrinae,
2415 819 2560 879 hinc
2617 820 2761 880 inde
2819 819 3139 899 reciproce
3195 820 3597 892 fluctuantes,

226 919 566 991 adulatores,
626 919 834 979 dulcia
892 918 1219 979 mulierum
1272 935 1534 993 venena,
1599 918 1808 995 parvis
1867 917 2099 989 leones,
2158 923 2222 977 at
2271 937 2481 977 rerum
2540 918 2927 997 potientibus
2984 936 3190 979 canes.
3242 938 3270 975 ››
3327 919 3398 977 In
3455 935 3597 976 car-

225 1017 365 1076 mine
417 1015 500 1076 De
555 1016 678 1076 vita
735 1035 842 1076 sua
891 1039 920 1071 «
971 1016 1279 1077 aleatores
1334 1037 1364 1073 »
1428 1021 1614 1076 vocat
1670 1014 1787 1075 hos

1984 1033 2194 1094 copos,
2255 1017 2526 1094 κυϐισταί,
2585 1015 3096 1091 chamaeleontes,
3156 1020 3595 1098 χαμαιλεόντων,

222 1111 294 1165 καὶ
322 1111 506 1186 τρόπον
538 1109 887 1168 πολυπόδων.

285 1220 451 1280 Tales
515 1221 811 1299 episcopi,
873 1221 981 1298 qui
1050 1219 1214 1280 inter
1279 1219 1545 1280 Arianos
1615 1224 1677 1279 et
1758 1219 2114 1282 Catholicos
2196 1221 2407 1294 medii,
2469 1220 2718 1300 utrique
2803 1221 2990 1301 parti,
3053 1239 3168 1300 pro
3242 1227 3598 1301 temporum

219 1318 453 1391 ratione,
501 1336 563 1378 se
635 1318 1067 1391 venditabant,
1129 1319 1208 1378 ab
1281 1318 1557 1378 Ecclesia
1643 1337 1783 1378 cum
1871 1319 2270 1398 episcopatus
2339 1319 2809 1398 dignitatisque,
2891 1339 3081 1397 quam
3168 1319 3598 1392 obtinuerant,

218 1415 427 1475 honore
471 1422 528 1474 et
585 1417 786 1493 gradu
844 1416 1138 1493 suscepti,
1175 1416 1609 1494 improborum
1661 1415 1796 1494 jam
1853 1416 2291 1495 episcoporum
2347 1418 2435 1477 ita
2492 1435 2827 1478 numerum
2897 1423 3231 1488 auxerant,
3291 1423 3362 1476 ut
3419 1415 3603 1476 bonis

217 1513 510 1593 episcopis,
546 1521 737 1592 atque
766 1515 1046 1574 etiamin
1082 1514 1364 1574 conciliis
1395 1513 1738 1592 aliquando
1770 1515 2207 1592 praevalerent.
2242 1515 2398 1575 Hinc
2455 1515 2579 1574 illa;
2631 1515 2932 1592 Gregorii,
2987 1515 3094 1593 qui
3140 1515 3340 1574 zelum
3393 1520 3455 1574 et
3500 1514 3600 1573 in-

217 1611 610 1688 dignationem
671 1611 992 1671 continere
1051 1630 1177 1672 non
1232 1611 1504 1682 valebat,
1533 1611 1722 1690 justae
1781 1613 2077 1690 querelae.
2113 1613 2269 1674 Hinc
2319 1631 2497 1673 suam
2547 1613 2764 1691 ipsius,
2800 1613 2899 1672 vel
2931 1631 3044 1673 suo
3077 1612 3286 1691 potius
3316 1611 3592 1685 nomine,

216 1707 562 1786 collegarum
595 1709 657 1767 in
692 1709 1035 1769 sacerdotio
1065 1709 1434 1769 facilitatem
1465 1709 1527 1768 in
1561 1709 1925 1787 hujusmodi
1956 1710 2265 1789 episcopis
2296 1710 2703 1770 admittendis
2761 1710 3052 1789 deplorat
3096 1711 3192 1770 his
3221 1709 3428 1769 verbis
3459 1708 3545 1789 (ὁ)
3582 1725 3596 1768 :

219 1829 240 1858 α
271 1805 696 1883 Proposuimus
729 1824 877 1865 voce
908 1807 1235 1883 praconis,
1269 1825 1381 1885 pro
1417 1807 1652 1866 foribus
1710 1808 2053 1868 sanctuarii
2104 1808 2396 1869 omnibus
2446 1808 2958 1868 denuntiavimus
2991 1825 3005 1865 :
3043 1807 3442 1884 Ingrediatur
3490 1806 3600 1884 qui

215 1901 377 1975 volet,
407 1903 500 1962 bis
528 1903 695 1975 licet,
731 1905 1055 1962 autetiam
1089 1903 1317 1982 saepius
1366 1903 1576 1979 ﬁdem,
1625 1923 1740 1983 pro
1788 1905 2138 1979 occasione,
2194 1905 2555 1966 mutaverit.
2590 1905 2782 1966 Adest
2829 1911 3079 1984 tempus
3137 1904 3592 1978 nundinarum,

215 2016 371 2059 nemo
399 1998 580 2060 abeat
610 2000 773 2059 nihil
805 2006 1117 2079 operatus,
1155 2024 1184 2055 »
1223 2007 1342 2061 etc.

276 2115 542 2193 Quisquis
593 2115 733 2175 hac
790 2122 851 2175 et
907 2116 1028 2174 alia
1084 2115 1312 2175 similia
1365 2115 1431 2175 in
1483 2115 1620 2175 aliis
1707 2117 1989 2191 Gregorii
2066 2117 2451 2179 carminibus
2521 2117 2767 2196 legerit,
2828 2118 2879 2177 is
2941 2118 3222 2196 profecto
3282 2116 3596 2195 intelliget

211 2213 435 2290 quinam
491 2214 730 2273 fuerint
787 2213 1086 2291 episcopi,
1160 2213 1237 2272 de
1294 2213 1522 2291 quibus
1578 2219 1785 2274 tacere
1843 2233 1966 2274 non
2043 2217 2338 2293 potuerit,
2396 2235 2510 2277 nec
2595 2217 2902 2276 debuerit.
2989 2215 3380 2276 Excusanda
3464 2220 3596 2275 tam

209 2316 573 2388 praposterae
631 2310 1011 2386 benignitati
1059 2328 1130 2370 ac
1187 2310 1474 2370 facilitati
1532 2311 1689 2371 tales
1740 2312 2068 2391 episcopos
2128 2314 2526 2388 admittendi,
2588 2313 3030 2375 Alexandrina:
3116 2313 3342 2392 synodi
3431 2331 3598 2373 anno

208 2408 304 2464 362
357 2407 600 2481 habitae,
667 2410 767 2467 vel
845 2413 1009 2467 certe
1079 2408 1407 2468 Athanasii
1454 2408 1531 2469 de
1591 2409 1966 2487 recipiendis
2042 2411 2356 2472 haereticis
2412 2413 2732 2472 decretum
2792 2411 3012 2492 procul
3072 2411 3264 2472 dubio
3320 2415 3601 2489 praeten-

212 2504 429 2566 debant.
516 2508 783 2580 Verum,
871 2511 941 2566 ut
1023 2505 1317 2566 observat
1401 2507 1739 2568 Annalium
1825 2509 2354 2568 eminentissimus
2438 2527 2702 2588 parens,
2781 2509 3224 2570 Alexandrinis
3305 2508 3602 2569 Patribus

214 2627 234 2654 ι)
265 2621 472 2682 magna
530 2605 723 2677 ratio,
788 2604 954 2682 quod
1007 2604 1340 2683 multiplex
1386 2604 1664 2678 illorum,
1725 2625 1753 2664 ι)
1815 2606 1924 2684 qui
1973 2606 2168 2685 recipi
2227 2606 2645 2684 jubebantur,
2705 2607 3149 2686 episcoporum
3213 2630 3244 2661 «
3300 2622 3606 2666 numerus

212 2709 364 2776 esset,
396 2703 500 2782 qui
555 2703 625 2762 in
688 2703 957 2762 concilio
1013 2726 1043 2757 »
1108 2703 1510 2778 Ariminensi,
1575 2704 1670 2764 vel
1728 2704 2094 2779 nescientes,
2160 2705 2254 2764 vel
2309 2705 2532 2776 coacti,
2591 2706 2838 2765 Arianis
2891 2711 3386 2777 consenserant;
3449 2702 3606 2782 ipsi-

212 2816 330 2876 que,
387 2801 491 2878 qui
573 2800 662 2861 ab
722 2801 970 2860 Arianis
1054 2801 1342 2879 partibus
1414 2807 1548 2861 tum
1633 2801 1947 2875 redibant,
2008 2802 2251 2862 sincero
2337 2803 2620 2862 veritatis
2695 2820 2910 2863 amore
2978 2802 3248 2881 odioque
3297 2800 3600 2880 perﬁdiae,

212 2897 413 2977 quippe
435 2899 542 2977 qui
600 2898 726 2958 sub
756 2897 1007 2959 Juliano
1055 2901 1361 2977 Apostata
1415 2899 1495 2958 ad
1553 2898 1619 2958 id
1674 2899 1904 2958 adduci
1959 2899 2359 2960 videbantur.
2403 2902 2736 2973 Praeterea,
2775 2907 2844 2960 ut
2899 2900 2990 2960 ait
3044 2901 3462 2978 Hieronymus
3497 2899 3605 2979 (ε),

217 2994 398 3055 «huic
452 3015 749 3058 assensus
807 3001 900 3056 est
954 2997 1296 3069 Occidens;
1330 3001 1390 3056 et
1445 3015 1558 3076 per
1614 3002 1740 3057 tam
1799 2998 2219 3058 necessarium
2269 2999 2629 3073 concilium,
2689 3000 2940 3060 Satanae
2989 2998 3277 3058 faucibus
3354 3003 3608 3076 ereptus

206 3100 282 3152 est
307 3095 590 3156 mundus.
632 3118 666 3150 »

269 3206 464 3282 Longe
522 3221 678 3264 vero
735 3202 948 3282 dispar
1002 3203 1162 3263 ratio
1215 3202 1330 3262 sub
1385 3203 1762 3277 Theodosio,
1817 3203 2067 3282 aliaque
2127 3204 2420 3265 Ecclesiae
2477 3204 2686 3266 facies.
2742 3206 2834 3265 Ex
2892 3203 2967 3264 iis
3038 3202 3205 3263 enim
3264 3202 3602 3282 episcopis,

200 3300 292 3376 qui
343 3320 446 3379 spe
501 3302 605 3361 vel
671 3306 840 3360 metu
913 3300 1223 3374 redibant,
1282 3301 1568 3381 plerique
1655 3320 1872 3361 omnes
1929 3303 2009 3361 ab
2069 3302 2339 3376 Arianis,
2391 3303 2760 3363 Constantio
2849 3307 3122 3375 mortuo,
3185 3301 3604 3377 desciverant,

196 3396 521 3478 iisdemque
609 3401 840 3459 iterum
918 3418 1051 3460 sese
1135 3399 1559 3477 adjunxerant
1623 3402 1741 3461 sub
1799 3401 2080 3475 Valente,
2147 3421 2174 3459 α
2237 3401 2330 3461 bis
2387 3420 2461 3461 ac
2535 3401 2793 3480 saepius,
2844 3424 2873 3456 »
2933 3407 3002 3460 ut
3077 3401 3165 3460 ait
3240 3400 3603 3477 Gregorius,

198 3497 422 3557 «ﬁdem
480 3503 830 3571 mutantes,
888 3503 947 3558 et
1004 3498 1283 3558 alearum
1341 3498 1623 3572 instar,»
1692 3504 1803 3558 aut
1858 3498 2183 3558 arundinis
2248 3504 2566 3559 momento
2631 3498 2880 3559 versati.
2946 3498 3121 3560 Unde
3175 3497 3441 3558 facilitas
3499 3497 3613 3558 illa

193 3593 495 3675 episcopos
590 3596 806 3674 lapsos
877 3595 1239 3673 recipiendi,
1301 3614 1465 3675 quae,
1532 3597 1912 3675 Hieronymo
1997 3602 2153 3657 teste
2212 3594 2326 3677 (cl),
2381 3596 2554 3656 laudi
2611 3596 2957 3657 Athanasio
3046 3595 3392 3674 quondam,
3456 3594 3613 3655 vitio

201 3692 535 3772 probroque
596 3701 752 3754 tunc
804 3694 953 3754 data
1010 3698 1102 3753 est
1158 3694 1344 3754 Petro
1403 3694 1830 3754 Alexandrino
1889 3695 2164 3772 praesuli.
2223 3719 2253 3751 «
2304 3698 2540 3754 Praesto
2591 3695 2742 3754 n'ei
2801 3694 3350 3771 concilim-inquit
3405 3694 3602 3753 Baro-

194 3787 313 3849 nius
343 3790 411 3869 (ε)
472 3792 549 3853 de
611 3791 880 3851 concilio
941 3791 1217 3868 generali
1266 3791 1966 3870 Constantinopolitano
2023 3788 2228 3870 primo
2288 3791 2575 3869 loquens,
2650 3815 2680 3846 «
2739 3792 2991 3850 fuerunt
3049 3790 3261 3869 plures
3318 3809 3396 3850 ex
3451 3789 3603 3864 illis,

193 3887 285 3962 qui
329 3896 535 3962 antea,
602 3888 884 3949 Valentis
960 3894 1264 3966 tempore,
1317 3888 1515 3965 pulsis
1590 3888 1982 3962 orthodoxis,
2038 3890 2412 3948 Arianorum
2499 3889 2733 3960 favore,
2793 3895 3089 3947 vacantes
3170 3887 3350 3946 sedes
3428 3904 3617 3946 acce-

191 3992 412 4060 perant.
473 3988 554 4047 Hi
616 3987 784 4047 enim
869 3985 1142 4063 tempori:
1221 3985 1651 4062 inservientes,
1713 3986 1828 4045 sub
1915 3986 2226 4047 catholico
2303 3986 2684 4065 imperatore
2778 4003 2955 4064 aeque
3039 3984 3369 4045 catholica:
3459 3982 3608 4045 ﬁdei

192 4079 528 4145 defensores
604 4102 671 4144 se
744 4084 1096 4163 praebuere,
1157 4102 1301 4144 cum
1358 4090 1544 4144 antea
1610 4085 1708 4144 vel
1770 4085 1976 4163 gratia
2035 4085 2267 4145 ducum
2326 4085 2660 4154 exercitus,
2725 4084 2822 4144 vel
2879 4084 3096 4144 favore
3144 4082 3412 4144 aliorum
3473 4100 3610 4143 ma-

190 4178 582 4256 gistratuum,
642 4183 707 4242 in
786 4182 1218 4261 episcopatum
1295 4182 1552 4243 omnino
1639 4182 1785 4244 licet
1867 4182 2114 4261 indigni
2197 4183 2610 4244 nihilominus
2692 4181 3112 4260 irrepsissent.
3203 4183 3292 4242 De
3379 4180 3612 4260 quibus

189 4279 460 4340 omnibus
523 4281 728 4340 fusius
784 4280 919 4359 ipse
976 4280 1310 4357 Gregorius
1357 4281 1807 4340 Nazianzenus.
1866 4301 1896 4337 »
1953 4284 2098 4341 Hac
2181 4282 2510 4355 Baronius,
2589 4281 2723 4360 qui,
2787 4297 3082 4358 expressa
3159 4279 3388 4339 horum
3476 4278 3609 4358 epi-

183 4392 504 4455 sc0porum
585 4378 891 4456 imagine,
945 4377 1031 4438 sic
1115 4379 1520 4456 prosequitur
1565 4377 1643 4458 (/)
1701 4396 1714 4438 :
1783 4399 1812 4437 «
1866 4379 2194 4458 Intelligis,
2254 4385 2432 4458 puto,
2495 4380 2740 4459 quales,
2799 4379 3080 4458 exceptis
3165 4377 3406 4456 paucis,
3460 4381 3610 4437 tunc

185 4491 302 4533 esse
384 4476 669 4537 solerent
748 4474 1026 4555 episc0pi
1111 4474 1446 4536 Orientalis
1521 4476 1858 4551 Ecclesiae;
1919 4477 2238 4557 quomodo
2296 4477 2487 4538 ﬁdem
2547 4477 2783 4538 habere
2839 4476 3282 4538 consueverint
3340 4494 3454 4554 pro
3501 4494 3605 4535 ra-

185 4571 338 4633 tione
397 4574 708 4652 temporis
785 4574 1105 4649 mobilem,
1159 4579 1221 4634 et
1283 4574 1532 4636 nonnisi
1587 4575 1668 4636 ad
1727 4576 2042 4655 privatum
2115 4577 2519 4638 commodum
2580 4575 3149 4638 accommodatam.
3211 4573 3405 4652 Cujus
3475 4573 3612 4652 qui-

181 4667 306 4729 dem
355 4673 444 4731 rei
491 4690 624 4730 non
683 4671 1016 4750 Gregorius
1059 4671 1390 4746 duntaxat,
1421 4672 1528 4733 sed
1577 4678 1640 4733 et
1692 4674 1956 4734 Basilius
1986 4674 2111 4734 suis
2169 4674 2418 4753 scriptis
2477 4673 2768 4752 locuplex
2827 4672 3000 4732 testis
3059 4671 3323 4744 accedit,
3360 4675 3432 4730 ut
3487 4687 3602 4729 suo

179 4766 305 4828 loco
385 4769 683 4849 superius
759 4775 852 4829 est
916 4769 1442 4830 demonstratum.
1502 4791 1531 4827 ι)
1601 4771 1773 4832 Alios
1847 4773 2008 4833 bene
2096 4772 2328 4832 multos
2373 4770 2674 4831 adhibere
2719 4775 2929 4845 testes,
2993 4769 3268 4828 maxime
3329 4766 3603 4845 Chryso-

182 4871 444 4926 stomum
509 4872 574 4927 et
630 4867 1105 4946 Hieronymum,
1157 4872 1404 4946 poterat
1461 4868 1809 4943 Baronius;
1864 4871 1996 4950 qui,
2052 4874 2386 4950 postquam
2446 4867 2729 4929 narravit
2785 4885 2977 4946 quam
3037 4866 3200 4926 male
3261 4871 3454 4943 atque
3516 4865 3608 4924 in-

180 4961 354 5038 digne
406 4965 781 5040 Gregorium
831 4963 1213 5025 habuerint:
1253 4987 1280 5018 α
1318 4966 1410 5025 Ex
1452 4963 1569 5041 his,
1631 4965 1837 5046 inquit
1868 4969 1971 5049 (g),
2009 4968 2181 5028 disce
2236 4967 2384 5038 alia,
2420 4985 2647 5046 nempe
2707 4983 2897 5044 quam
2956 4982 3104 5025 vera
3154 4963 3279 5023 sint
3335 4981 3477 5042 quae
3534 4962 3600 5023 in

184 5060 390 5121 eodem
425 5061 768 5138 Gregorius
800 5061 1191 5142 conscripsit.
1233 5085 1260 5117 κ

252 5175 319 5238 Id
378 5176 643 5258 quidem
698 5176 937 5258 optime
993 5182 1056 5239 et
1112 5177 1399 5259 apposite
1458 5184 1679 5242 auctor
1737 5180 2290 5245 eminentissimus.
2351 5183 2510 5244 Nam
2567 5178 2804 5261 palam,
2859 5177 3014 5241 vivis
3070 5177 3195 5242 illis
3236 5183 3298 5243 et
3354 5176 3608 5242 audien-

245 5501 318 5574 (a)
352 5501 554 5560 Carm.
592 5504 642 5579 1,
675 5503 845 5581 Toll.,
873 5525 926 5566 ν.
958 5506 1222 5567 334-338.

245 5577 314 5649 (b)
346 5577 550 5635 Carm.
583 5579 605 5634 4
643 5581 718 5636 De
749 5584 861 5638 vita
889 5599 1009 5649 sua,
1043 5599 1094 5638 ν.
1132 5583 1313 5639 17-27.

1008 5506 1222 5567 34-338.
2014 5509 2094 5649 ἑά)
2129 5508 2336 5568 Chron.
2364 5524 2460 5568 an.
2492 5505 2619 5567 374.

1008 5627 1009 5642 κ
1043 5599 1094 5638 v.
1132 5583 1313 5639 17-27.
2036 5584 2084 5649 ε)
2105 5585 2212 5638 An.
2246 5584 2370 5649 381,
2404 5584 2434 5649 ᾗ
2463 5582 2556 5638 22.

241 5577 314 5657 (ὁ)
346 5577 550 5657 Carm.
583 5579 605 5634 4
624 5577 718 5657 4De
749 5577 861 5657 uita
889 5599 1009 5652 sua,
1043 5599 1094 5638 ν.
1132 5583 1313 5657 17-27.

944 5599 1009 5652 ια,
1043 5599 1094 5638 v.
1132 5583 1313 5657 17-27.
2014 5577 2212 5656 (elAn.
2246 5584 2370 5651 381,
2404 5584 2434 5657 §
2463 5582 2555 5638 22.

239 5650 310 5733 (Ac)
370 5650 527 5707 Dial.
570 5651 689 5708 adv.
740 5655 948 5727 Lucif.,
994 5650 1150 5711 tom.
1203 5655 1296 5725 IV,
1349 5656 1500 5729 part.
1569 5664 1631 5730 il,
1693 5671 1830 5733 pag.
2013 5650 2244 5733 (Q§A4.9_.

171 5719 294 5780 362'
880 5719 942 5727 ,γ
1282 5719 1369 5729 .-

880 5719 942 5727 ’⁷
1282 5719 1291 5725 ’
1349 5719 1369 5729 ’
1616 5719 1629 5730 ’
1693 5719 1714 5732 ’
1772 5719 1805 5733 “
2015 5719 2262 5805 (esse

467 5850 726 5921 Panos.
773 5854 881 5922 Gn.
914 5856 1153 5924 XXXV.
3285 5854 3323 5949 9
