4080 6406
494 352 571 412 43
1506 350 1925 412 PB/EFATIU
1972 351 2434 414 GENEIIALIS.
2467 387 2545 401 —-
2585 352 2785 417 PARS
2832 348 2909 417 ll.
3828 366 3898 429 44

494 486 681 553 tibus,
739 483 912 545 vales
968 485 1398 545 sanctissimus
1474 504 1625 545 vera
1693 503 1757 545 se
1832 486 2039 545 dicere
2129 488 2446 563 professus
2529 494 2621 548 est
2709 508 2823 549 nec
2898 492 3232 569 quisquam
3294 513 3482 555 ausus
3523 504 3618 557 est
3670 516 3896 561 comra-

494 581 701 643 dicere
734 597 750 641 :
782 580 873 642 Ὠς
920 576 1125 657 σφόδρα
1174 581 1416 657 χρώμεθ’
1462 578 1696 650 ἀναξίοις
1740 584 1854 641 τοῖς
1902 582 2265 654 προσράταιςέ
2302 583 2543 655 Βο·ιίσομ’
2573 584 2635 637 οὐ
2668 581 2839 657 ψευδῆ
2888 586 3006 658 μὲν,
3041 586 3148 662 οὐχ
3186 586 3383 657 ἥδιστα
3414 587 3472 645 δὲ
3651 619 3677 651 α
3714 600 3896 669 Quam

487 678 780 758 indignos
836 680 1145 741 habemus
1202 680 1549 741 antistites!
1617 680 1889 740 Elatiore
1943 681 2199 759 quidem
2262 700 2415 743 voce
2472 683 2703 757 dicam,
2766 704 2893 745 non
2979 686 3137 747 falsa
3195 690 3475 767 quidem,
3529 693 3641 752 sed
3689 696 3894 757 auditu

487 795 612 838 non
636 777 941 856 jucunda.
980 798 1010 835 ι)
1051 778 1114 840 Si
1143 796 1293 839 vera
1348 778 1483 837 haec
1542 782 1711 851 sunt,
1747 784 1818 838 ut
1874 797 2023 838 vera
2053 796 2184 838 esse
2243 786 2524 852 constat;
2562 782 2701 859 quis
2759 788 2889 842 tam
2948 784 3186 861 gravia,
3225 792 3350 847 tam
3412 796 3635 868 aperta
3691 794 3893 855 Eccle-

486 874 594 935 siae
646 873 882 955 probra
936 880 1127 955 atque
1182 875 1503 948 scandala,
1556 874 2007 953 simpliciorum
2063 876 2390 954 dispendio
2449 884 2511 937 et
2577 879 2858 956 periculo
2908 882 3289 955 animarum,
3353 887 3623 948 tacenda
3679 891 3896 955 audeat

484 973 808 1034 asserere?
867 972 1077 1045 Quid?
1133 972 1301 1052 quod
1352 972 1548 1031 multo
1597 972 1845 1051 pejores
1902 972 2111 1032 adhuc
2168 979 2348 1033 erant
2398 973 2511 1047 illi,
2572 976 2651 1035 de
2708 976 2937 1054 quibus
2994 978 3276 1057 loquitur
3319 983 3703 1061 Gregorius?
3748 990 3891 1048 Nam

482 1071 560 1131 de
616 1071 693 1131 iis
746 1070 1082 1149 Gregorius
1139 1070 1439 1150 pleraque
1484 1075 1672 1130 tacet.
1736 1070 2069 1143 Maximus,
2131 1070 2239 1149 qui
2298 1090 2455 1132 cane
2527 1074 2707 1152 pejor
2761 1080 2824 1134 et
2880 1094 3108 1153 angue,
3160 1096 3234 1139 ac
3302 1081 3519 1159 vipera
3590 1084 3886 1163 fabulosa,

478 1186 621 1248 quae
678 1186 744 1229 se
797 1168 1110 1229 foventem
1169 1169 1230 1228 in
1290 1169 1426 1227 sinu
1477 1167 1781 1240 enecavit,
1835 1187 2053 1228 omnes
2140 1169 2322 1229 facile
2408 1170 2775 1245 sceleribus,
2834 1172 3035 1251 iisque
3094 1176 3385 1254 publicis,
3446 1185 3508 1240 et
3564 1180 3887 1261 impuden-

473 1266 564 1327 tia
618 1266 976 1347 superabat.
1034 1266 1161 1345 Ipsi
1234 1284 1359 1326 non
1416 1265 1769 1326 difﬁtentur
1851 1265 2213 1326 adversarii.
2278 1268 2456 1329 Unde
2518 1270 2735 1330 mirari
2807 1270 2996 1344 subit,
3056 1291 3168 1332 cur
3223 1276 3484 1350 Tollius,
3560 1280 3668 1357 qui
3752 1280 3890 1342 huic

474 1370 756 1426 monstro
841 1364 1155 1445 parcitum
1242 1363 1455 1437 vellet,
1524 1363 1761 1424 Juliani
1846 1365 2166 1443 Apostatae
2251 1385 2375 1425 non
2448 1367 2637 1427 etiam
2716 1375 2938 1429 contra
3014 1372 3381 1449 Gregorium
3469 1375 3884 1441 defensionem

471 1480 661 1524 ausus
718 1461 797 1523 sit
852 1463 1191 1542 suscipere.
1252 1462 1507 1535 Verum,
1572 1461 1742 1541 quod
1799 1480 1988 1522 ausus
2044 1481 2170 1523 non
2224 1469 2315 1524 est
2374 1464 2634 1539 Tollius,
2688 1467 2880 1527 audet
2927 1466 3211 1545 clericus,
3259 1473 3427 1550 quod
3492 1474 3718 1535 mirum
3770 1497 3885 1538 non

469 1566 601 1634 est;
654 1561 784 1621 imo
842 1578 875 1620 e
914 1559 1275 1633 Catholicis,
1336 1560 1504 1638 quod
1561 1560 1917 1620 luctuosum
1997 1559 2201 1633 valde,
2264 1569 2413 1621 sunt
2486 1564 2800 1636 nonnulli,
2850 1584 3120 1643 quorum
3210 1570 3447 1630 nomini
3507 1591 3718 1651 parco,
3786 1575 3888 1655 qui

465 1664 786 1739 Apostatm
836 1658 1134 1719 adversus
1188 1658 1583 1737 Theologum
1642 1657 2143 1739 patrocinentur,
2206 1665 2397 1738 atque
2452 1661 2686 1723 Juliani
2741 1663 2960 1723 laudes
3050 1666 3395 1744 praedicare
3472 1688 3598 1730 non
3674 1690 3886 1733 vereu-

469 1763 594 1820 tur.

550 1876 769 1937 Plures
818 1874 1008 1936 etiam
1058 1892 1135 1935 ex
1192 1872 1561 1935 orthodoxis
1617 1872 1929 1953 epiSCOpis
1982 1872 2148 1933 viliis
2198 1873 2494 1951 gravibus
2561 1875 2942 1952 laborantes,
2996 1897 3264 1957 quorum
3346 1881 3676 1944 minimum
3756 1890 3883 1947 erat

472 1974 915 2054 «ignorantia,
951 1990 1093 2052 qum
1145 1972 1401 2051 quidem
1462 1972 1600 2051 ipsa
1656 1972 1892 2033 malum
1944 1977 2037 2032 est

2304 1970 2489 2045 ἄγνοια
2531 1972 2630 2047 γὰρ
2680 1970 2843 2027 κακὸν
2898 1972 3014 2046 μὲν,
3050 1971 3177 2028 ἀλλ’
3205 1977 3370 2044 ἧσσον
3398 1977 3584 2033 κακόν·
3621 1983 3731 2061 qui
3786 1984 3880 2043 vix

461 2074 782 2153 baptismo
831 2070 1190 2150 expurgati,
1250 2091 1279 2127 «
1323 2070 1536 2148 priora
1594 2070 1766 2145 vitia,
1820 2094 1847 2124 «
1896 2069 1972 2149 (c)
2016 2068 2082 2122 τὰ
2114 2067 2238 2139 πρὶν
2271 2066 2428 2138 κακά,
2472 2070 2733 2131 virtutes
2782 2072 2990 2133 uullas
3046 2074 3128 2135 ad
3179 2075 3613 2155 episcopatum
3677 2080 3882 2141 affere-

455 2169 633 2229 bant.
694 2170 782 2229 De
839 2166 934 2226 his
988 2166 1075 2226 sic
1130 2164 1323 2226 habet
1380 2165 1715 2244 Gregorius
1774 2164 1859 2245 (d)
1914 2183 1929 2225 :
1987 2190 2018 2221 «
2075 2164 2276 2225 Pudet
2326 2183 2425 2226 me
2499 2167 2756 2245 quidem
2805 2167 3011 2229 dicere
3068 2188 3195 2248 quo
3248 2177 3434 2250 pacto
3496 2191 3593 2234 res
3656 2180 3880 2237 nostras

456 2270 841 2346 comparata:
897 2264 1043 2338 sint,
1095 2264 1203 2323 sed
1262 2281 1485 2323 canam
1546 2269 1776 2323 tamen.
1820 2262 1916 2343 (e).
1964 2264 2117 2324 Gum
2198 2262 2471 2324 ordinati
2528 2266 2977 2345 constitutique
3037 2267 3231 2329 simus
3276 2269 3528 2331 virtutis
3571 2272 3879 2347 doctores,

458 2364 743 2426 omnium
806 2360 1117 2422 malorum
1167 2359 1419 2420 officina
1476 2378 1713 2421 sumus.
1761 2359 1843 2439 (χ’)
1902 2360 2176 2421 Antistes
2250 2361 2417 2421 facili
2496 2368 2813 2424 momento
2891 2365 3221 2443 reperitur,
3284 2367 3393 2446 qui
3454 2368 3611 2429 nihil
3699 2378 3881 2433 antea

460 2461 848 2543 praestiterit,
908 2464 971 2521 et
1018 2458 1291 2518 novitius
1355 2459 1435 2518 ad
1484 2458 1856 2536 dignitatem
1908 2460 2185 2519 accedat.
2240 2458 2322 2538 (g)
2371 2461 2490 2520 lies
2565 2460 2791 2521 divinae
2869 2462 3056 2523 modo
3113 2470 3258 2525 sunt
3307 2464 3518 2543 jactus
3571 2468 3875 2545 alearum,

463 2560 980 2638 cuborumque...
1030 2556 1121 2637 (li)
1175 2556 1321 2616 Heri
1374 2556 1642 2617 oratoris
1691 2574 1948 2617 munere
2027 2557 2322 2635 fungens,
2360 2556 2461 2635 jus
2542 2559 2757 2637 fasque
2841 2560 3061 2620 venale
3143 2560 3550 2624 habebas.....
3607 2565 3678 2646 (ἢ
3723 2586 3880 2628 nunc

462 2666 674 2721 autem
731 2656 938 2719 subito
986 2655 1185 2735 judex
1239 2661 1301 2715 et
1356 2654 1576 2715 Daniel
1614 2654 1816 2714 factus
1874 2673 2065 2715 es.....
2122 2653 2205 2733 (λ’)
2250 2656 2337 2715 Ne
2394 2655 2835 2716 vestimentum
2894 2657 3147 2736 quidem
3207 2666 3337 2721 tam
3398 2662 3578 2723 facile
3639 2672 3882 2726 mutare

478 2756 622 2836 quis
675 2760 887 2835 queat,
926 2760 994 2813 ut
1048 2760 1116 2813 tu
1166 2770 1371 2811 mores
1429 2758 1765 2812 mutas.....
1825 2752 1905 2833 (k)
1964 2752 2112 2812 Heri
2160 2752 2379 2813 Simon
2434 2754 2651 2831 Magus
2706 2772 2866 2827 eras,
2929 2754 3117 2816 hodie
3170 2757 3383 2818 Simon
3445 2761 3691 2823 Petrus.
3752 2764 3879 2823 Heu

478 2855 738 2919 nimiam
788 2851 1198 2913 celeritatem!
1239 2851 1407 2910 Heul
1457 2869 1570 2929 pro
1632 2849 1963 2928 vulpecula
2020 2851 2118 2911 leo
2176 2850 2462 2929 prodisti.
2511 2874 2540 2904 ››
2596 2851 2644 2911 Ii
2702 2857 2847 2911 sunt
2895 2852 3172 2932 episcopi
3232 2855 3307 2913 de
3367 2856 3699 2935 quibusin
3755 2878 3883 2920 car-

475 2956 645 3017 mine
698 2952 789 3012 De
843 2950 968 3011 υίια
1012 2967 1117 3008 sua
1166 2947 1381 3008 scribit
1436 2948 1503 3026 (Ι)
1554 2964 1567 3007 :
1634 2971 1663 3001 «
1724 2950 1856 3007 Hoc
1912 2948 2344 3009 brevissimum
2396 2948 2531 3008 dari
2590 2957 2795 3027 potest
2852 2957 3261 3030 praeceptum,
3316 2958 3376 3012 et
3436 2956 3747 3034 optimum
3807 2977 3879 3018 ne

468 3053 673 3115 salute
724 3049 977 3111 excidas
1035 3046 1507 3119 documentum,
1555 3052 1624 3106 ut
1673 3065 1799 3124 qua
1851 3046 1944 3105 illi
2000 3052 2309 3125 praeeunt,
2372 3066 2450 3107 ne
2507 3048 2832 3125 sequaris:
2896 3068 3166 3127 quorum
3226 3050 3491 3112 thronus
3547 3061 3877 3117 accusator

466 3158 561 3212 est
614 3166 896 3222 morum;
931 3152 993 3207 ct
1047 3144 1312 3205 cancelli
1365 3151 1555 3221 atque
1612 3143 2015 3223 supercilium
2077 3145 2284 3224 potius
2342 3163 2529 3224 quam
2592 3145 2720 3205 vita
2777 3145 2891 3205 hos
2949 3166 2982 3206 a
3017 3147 3197 3225 plebe
3255 3156 3677 3211 secernunt.»
3721 3157 3872 3213 Hor—

461 3251 602 3310 rida
658 3267 809 3309 sane
864 3249 1189 3324 pastorum
1247 3242 1435 3321 hujus
1493 3243 1795 3321 temporis
1852 3244 2103 3322 imago;
2165 3263 2321 3323 quos
2397 3262 2471 3304 ea
2530 3248 2773 3304 tantum
2837 3245 3079 3321 ratione
3128 3246 3312 3307 utiles
3369 3248 3518 3309 dicit
3582 3252 3876 3312 Ecclesia

464 3346 824 3426 Gregorius,
859 3350 946 3417 ut,
982 3362 1107 3423 quo
1139 3362 1260 3403 non
1292 3340 1569 3402 eundum
1600 3343 1699 3416 sit,
1733 3360 1952 3402 eorum
1984 3332 2276 3423 exemplo
2311 3342 2521 3403 ﬁdeles
2553 3350 2925 3421 agnoscant.

541 3464 795 3541 Eligant
841 3461 975 3541 jam
1034 3478 1199 3520 nunc
1255 3458 1614 3519 adversarii.
1678 3458 1783 3519 Vel
1865 3458 2003 3519 haec
2065 3459 2222 3519 falsa
2285 3477 2417 3519 esse
2490 3459 2778 3538 probent,
2843 3458 2943 3520 vel
2989 3460 3374 3522 contendant
3424 3480 3497 3523 ea
3559 3482 3687 3524 non
3748 3484 3877 3526 esse

459 3561 841 3642 huiusmodi,
905 3578 1047 3639 qua:
1098 3558 1227 3619 acri
1274 3565 1336 3618 et
1391 3556 1643 3636 publica
1700 3558 1890 3619 etiam
1959 3557 2445 3637 reprehensione
2510 3558 2705 3637 digna
2776 3558 3150 3633 videantur;
3204 3560 3321 3635 vel,
3380 3560 3430 3621 si
3507 3580 3658 3623 vera
3747 3582 3877 3624 esse

456 3664 797 3731 fateantur,
832 3657 1001 3737 quod
1058 3656 1314 3736 quidem
1372 3656 1689 3716 fateantur
1746 3674 1993 3715 necesse
2050 3662 2163 3729 est,
2225 3656 2560 3716 ostendant
2618 3675 2655 3716 a
2711 3656 2959 3717 nemine
3020 3676 3319 3736 unquam,
3385 3677 3462 3718 ne
3522 3659 3782 3737 quidem
3840 3680 3875 3721 a

455 3759 833 3840 pastoribus,
867 3756 1056 3817 etiam
1086 3754 1416 3834 episc0pis,
1450 3754 1539 3814 ita
1579 3753 1831 3825 debere,
1865 3759 1975 3813 aut
2020 3771 2221 3832 posse,
2264 3753 2462 3813 illaesa
2491 3752 2823 3827 charitate,
2856 3753 3159 3833 exagitari
3197 3772 3209 3813 :
3245 3756 3416 3833 quod
3473 3757 3668 3817 sacris
3711 3758 3874 3820 Serio

452 3859 657 3937 pturis
687 3857 1080 3927 adversatur,
1112 3860 1172 3914 et
1217 3853 1508 3913 fraternas
1557 3852 1964 3913 correctionis
2018 3858 2405 3931 praeceptum
2456 3850 2701 3911 evertit.
2734 3851 3043 3912 Salutaris
3089 3852 3254 3912 enim
3307 3854 3513 3931 pudor
3570 3874 3866 3915 nonnun-

450 3973 643 4035 quam
697 3951 1119 4026 incutiendus,
1153 3957 1216 4010 et
1273 3956 1601 4028 peccantes
1659 3950 2043 4028 corripiendi
2101 3955 2268 4023 sunt,
2321 3955 2451 4009 tum
2517 3949 2792 4028 propriae
2850 3949 3155 4028 ipsorum,
3192 3959 3323 4009 tum
3363 3951 3586 4011 salutis
3645 3970 3867 4013 eorum

447 4071 662 4124 causa,
696 4070 855 4130 quos
906 4048 1242 4117 scandatis,
1281 4067 1473 4127 prava
1519 4048 1827 4120 doctrina,
1865 4049 2194 4127 pravisque
2242 4048 2550 4126 exemplis
2601 4048 3009 4125 pessundant.
3049 4048 3299 4120 «Quasi
3349 4049 3523 4119 tuba,
3559 4049 3649 4109 ait
3697 4051 3866 4111 Scri-

443 4156 634 4231 ptura
666 4148 735 4223 ¹⁰,
769 4147 980 4209 exalta
1006 4162 1224 4207 vocem
1257 4150 1452 4217 tuam,
1488 4151 1550 4204 et
1580 4146 1885 4205 annuntia
1921 4146 2157 4224 pOpulO
2215 4164 2355 4207 meo
2411 4145 2649 4207 scelera
2706 4164 2946 4219 eorum,
2982 4154 3042 4205 et
3089 4146 3306 4207 domui
3353 4146 3548 4208 Jacob
3603 4154 3869 4225 peccata

441 4265 685 4308 eorum.
718 4270 749 4303 »
785 4247 929 4306 Reis
961 4263 1111 4323 ergo
1142 4244 1578 4304 annuntianda
1608 4252 1756 4303 sunt
1809 4250 2107 4322 peccata;
2138 4243 2459 4323 justaque,
2494 4244 2845 4305 necessaria
2875 4250 2937 4304 et
2964 4251 3183 4305 sancta
3229 4244 3581 4322 indignatio
3634 4253 3698 4304 et
3726 4265 3864 4307 ver-

438 4345 664 4407 borum
698 4342 1086 4419 acrimonia;
1123 4360 1238 4401 nec
1266 4341 1607 4420 injuriosus
1632 4348 1695 4402 et
1719 4341 2210 4402 contumeliosus
2240 4348 2335 4403 est
2363 4342 2714 4415 habendus,
2750 4342 2859 4420 qui
2890 4341 3062 4402 duris
3093 4348 3155 4401 et
3204 4342 3521 4421 probrosis
3570 4342 3867 4423 increpa-

436 4443 716 4505 tionibus
752 4448 1113 4521 peccatores
1144 4445 1412 4501 coercet.

513 4563 609 4619 An
658 4576 807 4619 vero
852 4556 1209 4635 Gregorius,
1255 4556 1758 4637 Chrysostomus,
1815 4562 1877 4617 et
1934 4558 2041 4618 alii
2103 4556 2334 4637 passim
2394 4556 2513 4617 viri
2569 4556 2793 4632 sancti,
2854 4575 2979 4616 non
3040 4562 3366 4630 noverant,
3418 4574 3559 4635 quas
3617 4555 3729 4616 illa
3787 4556 3865 4616 sit

434 4656 790 4731 acerbitas,
842 4672 1035 4735 quam
1112 4655 1396 4716 Christus
1481 4656 1782 4730 damnat,
1849 4675 1990 4734 qua:
2064 4656 2543 4729 maledicentia;
2604 4655 2758 4733 quid
2842 4655 2921 4714 sit
2996 4654 3183 4714 alicui
3246 4654 3629 4727 detrahere,
3705 4652 3860 4732 quid

433 4754 809 4832 denigrare?
868 4758 1067 4826 Quam
1124 4754 1325 4832 iniqui
1380 4761 1742 4815 sanctorum
1804 4774 1918 4815 nos
1972 4773 2190 4815 sumus
2250 4754 2702 4814 aestimatores!
2763 4752 2860 4814 Ab
2918 4753 2994 4813 iis
3049 4752 3381 4814 exercendi
3438 4751 3552 4811 zeli
3603 4758 3665 4811 et
3727 4769 3864 4811 cor-

430 4851 725 4914 rectionis
781 4852 951 4931 leges
1007 4850 1415 4932 accipiendae,
1456 4872 1584 4915 non
1640 4871 1678 4914 a
1724 4852 1905 4914 nobis
1960 4852 2324 4926 damnandi,
2378 4851 2487 4932 qui
2540 4851 2763 4914 eodem
2815 4852 3037 4931 spiritu
3094 4870 3219 4913 non
3269 4851 3520 4930 agimur
3576 4856 3637 4911 et
3682 4850 3862 4928 igno-

500 5085 545 5121 ¹⁰
576 5084 685 5143 Isa.
721 5100 875 5157 Lvm,
906 5085 961 5146 1.

492 5327 576 5465 (αξ
603 5327 733 5410 Adv.
758 5331 950 5400 0pm.,
981 5345 1035 5386 ν.
1067 5328 1194 5401 557,
1215 5328 1340 5387 558.
2261 5326 2337 5401 (g)
2370 5326 2542 5411 Ibid.,
2566 5343 2618 5384 v.
2644 5325 2769 5383 396.

494 5400 547 5465 (ι)
602 5399 773 5459 μηδ..
798 5418 850 5455 ν.
884 5401 1013 5457 331.
2257 5401 2338 5465 (h)
2372 5399 2542 5465 ibid.,
2573 5415 2627 5456 v.
2662 5400 2767 5455 1.15

632 5399 850 5475 hidgv.
884 5401 1013 5475 331.
1082 5474 1123 5475 η
1179 5399 1187 5401 ⁷
1972 5468 1978 5475 ,
2257 5399 2338 5472 (h)
2358 5399 2542 5475 _I_bid.,
2573 5400 2787 5475 νη41Α5.

2260 5471 2327 5541 (ἱ)
2357 5471 2532 5539 Ibid.,
2564 5488 2615 5527 ν.
2642 5472 2766 5527 419.

491 5400 571 5523 512‘)
602 5400 773 5483 ibid”
798 5418 850 5455 ν.
884 5401 1013 5457 331.

514 5490 561 5525 rx
596 5470 761 5536 lbid.,
798 5490 848 5527 ν.
885 5474 1005 5540 446,
1032 5474 1154 5529 448.

489 5546 566 5620 (τί)
594 5544 761 5620 1pm.,
787 5561 835 5598 ν.
859 5545 974 5620 δμεξιΔ
995 5550 1052 5603 et
1075 5562 1201 5620 seq.

1164 5563 1201 5620 ιο
2258 5545 2329 5620 (Ι)
2356 5543 2530 5620 ῙΡίΞῘν
2562 5560 2618 5599 ν·
2650 5543 2775 5620 [£2.4-

490 5617 558 5685 (τ)
596 5616 841 5689 lbid.,v.
878 5617 1003 5673 393.
1159 5614 1179 5620 ‘

2244 5614 2336 5689 (γέ)
2370 5614 2545 5683 Ibid.,
2578 5632 2632 5689 ν.
2666 5616 2791 5689 430.

487 5688 557 5767 υ)
594 5687 767 5767 Ibid.,
792 5704 843 5745 ν.
876 5689 1003 5749 394.

2260 5685 2327 5765 (ι)
2346 5690 2536 5743 Carm.
2568 5688 2663 5759 36,
2696 5688 2785 5761 37,
2819 5685 2908 5752 38.
