4080 6436
212 384 260 450 l5
1281 399 1706 468 passuro
1754 401 2217 468 GENERALIS.
2256 440 2333 452 ..-
2363 402 2567 468 PARS
2612 401 2692 468 II.
3629 412 3706 475 46

215 543 389 592 ramus
421 535 613 614 quid
653 539 756 602 sit
797 563 833 597 «
870 542 1159 604 zelatum
1192 559 1322 603 esse
1354 561 1470 621 pro
1501 543 1767 603 Domino
1816 546 1945 603 Deo
1990 542 2378 603 exercituum
2418 543 2485 615 “,
2522 568 2551 596 »
2588 548 2651 603 et
2698 563 2840 621 qua:
2887 543 3239 605 Christiana
3288 546 3543 607 libertas
3573 566 3708 609 esse

220 625 417 692 debeat.
454 650 475 708 ;
513 634 984 715 ignoramus,
1020 640 1298 720 inquam,
1336 641 1482 701 licet
1510 644 1570 702 et
1602 640 1922 720 apostolos
1954 640 2245 720 virosque
2278 640 2680 720 apostolicos,
2713 641 2843 702 imo
2873 642 3120 721 Agnum
3154 642 3361 722 ipsum
3411 661 3708 706 mansue-

223 732 325 791 tum
357 730 462 794 ita
492 735 724 799 fuisse
760 738 1066 801 locutum
1112 740 1394 817 legamus
1424 744 1485 800 et
1511 739 1867 799 audiamus.

287 831 427 892 Non
492 851 669 913 ergo
742 838 1137 917 culpandus,
1197 837 1305 898 sed
1362 836 1717 899 laudandus
1776 836 2135 915 Gregorius,
2196 838 2304 916 qui
2363 837 2718 898 Christiana
2776 837 3069 900 libertate
3127 845 3329 915 utens,
3389 840 3710 921 apostolo-

237 946 360 990 rum
421 936 489 993 et.
548 933 817 996 Christi
872 936 1074 1015 ipsius
1135 936 1392 1015 vestigia
1447 940 1721 1009 secutus,
1789 956 1818 993 ‹‹
1877 937 2008 995 zelo
2065 934 2302 995 zelatus
2359 940 2451 995 est
2506 954 2621 1015 pro
2675 936 2947 1005 Domino
3004 939 3133 998 Deo
3193 937 3603 1011 exercituum,
3672 960 3702 993 »

246 1047 311 1090 ac
355 1037 755 1110 peccatores
816 1033 975 1094 dure
1030 1034 1399 1114 increpavit.
1460 1037 1595 1095 Non
1650 1058 1681 1089 «
1736 1033 2124 1113 imprudenti
2179 1034 2442 1094 nimium
2507 1035 2777 1107 fervore,
2834 1057 2865 1090 »
2931 1041 2999 1094 ut
3055 1035 3394 1096 somniavit
3438 1035 3702 1109 Tollius,

260 1153 285 1184 ι(
341 1148 793 1193 successorem
855 1132 973 1193 sibi
1032 1132 1298 1208 petivit;
1334 1156 1364 1189 »
1400 1132 1509 1193 sed
1563 1131 1809 1193 ardenti
1865 1149 1939 1193 ac
1997 1131 2241 1193 sincero
2299 1131 2446 1192 vitae
2506 1132 2770 1211 privata:
2829 1137 2891 1193 et
2954 1132 3312 1195 solitudinis
3366 1133 3701 1196 desiderio.

263 1229 393 1289 Non
438 1248 591 1289 eum
630 1254 663 1285 ‹‹
726 1231 964 1305 statim,
1027 1255 1058 1286 »
1119 1249 1234 1291 nec
1290 1250 1570 1311 unquam
1627 1230 1947 1310 pcenituit,
2008 1230 2179 1309 quod
2224 1229 2435 1291 sedem
2492 1229 3258 1310 Constantinopolitanam
3320 1231 3700 1295 abdicasset.

266 1326 465 1387 Nullae
515 1327 670 1389 inde
736 1352 769 1385 (ι
830 1329 1123 1407 querelae,
1164 1354 1191 1385 ι»
1251 1329 1442 1390 nulla:
1503 1353 1530 1383 «
1594 1329 1975 1408 lacrymaa,»
2040 1329 2197 1388 nulli
2236 1351 2266 1387 α
2323 1328 2555 1401 threni,
2616 1329 2679 1388 in
2740 1329 2972 1407 quibus
3027 1330 3400 1408 patientiam
3456 1336 3517 1391 et
3575 1331 3706 1391 ani-

271 1424 355 1484 mi
411 1425 609 1486 robur
669 1444 743 1486 ac
802 1426 1293 1487 moderationem
1354 1426 1417 1487 in
1462 1432 1590 1487 tam
1652 1425 1851 1505 probo
1910 1426 2045 1486 viro
2103 1426 2504 1487 desideres.»
2560 1426 2623 1486 Id
2684 1444 2872 1487 omne
2927 1427 2991 1486 in
3044 1428 3176 1487 viro
3235 1434 3455 1488 sancto
3505 1427 3700 1489 mira-

273 1541 414 1582 mur
472 1540 486 1581 :
552 1526 895 1603 aequiorem
957 1529 1201 1585 tantum
1262 1526 1325 1585 in
1370 1524 1575 1586 'l‘ollio
1632 1543 1839 1585 rerum
1892 1525 2337 1585 aestimatorem
2384 1524 2835 1585 desideramus.
2888 1524 3144 1585 Fabulae
3190 1531 3252 1587 et
3290 1526 3537 1587 somnia
3567 1525 3706 1587 haec

266 1625 465 1681 sunt:
522 1621 713 1700 longe
777 1622 915 1682 aliae
970 1628 1116 1682 sunt
1173 1622 1567 1702 querelarum
1620 1622 1901 1702 Gregorii
1959 1628 2021 1683 et
2080 1623 2503 1702 laerymarum
2549 1640 2777 1683 causae.
2835 1622 3124 1695 Dolebat,
3185 1622 3236 1683 si
3292 1622 3542 1695 doluit,
3604 1624 3709 1683 de-

266 1719 527 1779 relictas
584 1737 754 1791 oves,
814 1738 968 1799 quas
1022 1721 1202 1780 unice
1259 1720 1582 1798 diligebat,
1617 1720 1745 1780 imo
1803 1739 1963 1799 quos
2020 1721 2083 1780 in
2144 1719 2393 1781 Christo
2450 1726 2756 1798 genuerat
2812 1719 3026 1792 ﬁlios;
3089 1720 3206 1781 hos
3262 1720 3469 1781 alieno
3507 1767 3522 1795 ,
3593 1722 3707 1801 qui

267 1834 390 1876 nec
450 1834 670 1876 amore
741 1823 981 1897 patrem
1056 1818 1227 1889 satis,
1289 1836 1404 1878 nec
1461 1818 1881 1878 sollicitudine
1938 1824 2253 1896 pastorem
2329 1818 2589 1878 referret
2647 1817 2911 1878 traditos
2977 1816 3272 1892 dolebat,
3336 1820 3543 1891 fame,
3602 1819 3707 1879 siti

267 1920 553 1986 arentes,
616 1914 964 1994 baresique
1022 1934 1218 1995 prope
1274 1916 1626 1976 dominanti
1690 1916 2059 1995 expositos.
2122 1916 2190 1977 Id
2241 1916 2522 1996 quidem,
2583 1921 2646 1976 et
2715 1914 2938 1975 merito
3012 1914 3269 1976 dolebat
3344 1916 3701 1994 Gregorius.

268 2012 439 2073 Hinc
493 2013 622 2073 illae
680 2013 969 2092 lacrymar
1030 2015 1247 2075 fuere:
1301 2033 1424 2076 non
1485 2014 1787 2088 aliunde;
1824 2034 1974 2089 non,
2035 2015 2101 2075 ul
2155 2014 2319 2075 male
2376 2032 2568 2074 sanus
2622 2014 2805 2092 ﬁngit
2862 2013 3101 2074 Tollius
3144 2013 3232 2093 (p.
3292 2015 3371 2074 84
3422 2014 3488 2074 in
3546 2013 3708 2095 not.)

269 2110 452 2189 quod
520 2134 552 2165 «
615 2111 952 2189 capistrum
1013 2114 1105 2173 ori
1176 2132 1289 2172 suo
1348 2113 1711 2192 impositum
1750 2159 1763 2186 ,
1826 2119 2336 2192 praereptamque
2394 2112 2660 2172 docendi
2718 2111 2970 2191 publice
3018 2112 3406 2185 facultatem,
3466 2133 3497 2169 ι
3560 2131 3708 2191 gra-

268 2210 539 2268 vissime
599 2210 809 2269 ferret.
864 2211 1027 2270 Nihil
1079 2230 1113 2271 a
1160 2213 1421 2272 veritate
1480 2212 1679 2290 magis
1737 2212 2011 2272 alienum
2062 2212 2214 2289 ﬁngi
2272 2218 2529 2290 potest;
2590 2212 2643 2270 si
2701 2210 2954 2288 quidem
3015 2212 3173 2271 adeo
3232 2210 3464 2270 silentii
3519 2218 3710 2272 tenax

271 2312 420 2366 erat
480 2308 838 2385 Gregorius,
894 2314 961 2367 ut
1010 2308 1129 2369 hoc
1183 2310 1323 2387 ipso
1372 2309 1560 2369 etiam
1613 2315 1920 2389 tempore,
1974 2328 2052 2369 ne
2105 2309 2367 2369 verbum
2427 2308 2683 2387 quidem
2740 2325 2853 2386 per
2899 2312 3096 2368 totam
3150 2307 3710 2386 Quadragesimam

267 2405 356 2464 sit
414 2404 834 2484 prolocutus;
881 2413 942 2466 et
1000 2406 1079 2466 ad
1138 2408 1524 2485 loquendum
1586 2408 1743 2467 alias
1796 2407 1884 2467 sic
1939 2407 2184 2477 tardus,
2251 2413 2320 2467 ut
2374 2408 2452 2467 ad
2511 2407 2575 2467 id
2632 2405 2736 2466 vix
2795 2423 2869 2467 ac
2923 2424 3004 2467 ne
3058 2407 3163 2466 vix
3221 2407 3475 2486 quidem
3535 2424 3713 2468 com-

272 2503 429 2580 pelli
493 2512 727 2580 posset.

361 2600 629 2660 Dolebat
681 2601 869 2661 etiam
932 2608 1136 2663 tamen
1196 2603 1601 2664 suavissimos
1677 2604 1797 2664 sibi
1854 2609 2204 2683 praereptos
2261 2603 2603 2664 familiares
2674 2608 2739 2663 et
2808 2603 3047 2663 amicos
3105 2619 3122 2675 ;
3182 2621 3310 2662 non
3379 2608 3591 2662 autem
3648 2621 3717 2664 se

272 2699 471 2759 verbo
533 2722 565 2753 ‹‹
624 2706 901 2777 captum,
968 2724 995 2755 ι
1056 2708 1120 2762 et
1175 2702 1639 2762 abdicationem
1721 2703 2100 2782 proponenti
2158 2702 2341 2762 citius
2410 2718 2604 2780 quam
2675 2699 2867 2761 vellet
2943 2701 3275 2779 episcopos
3350 2699 3715 2775 assensisse,

272 2796 623 2874 sedemque
678 2798 1437 2878 Gonstantinopolitanam
1513 2800 1882 2874 deseruisse,
1959 2818 2150 2879 quam
2232 2798 2517 2878 gaudens
2587 2798 2843 2877 reliquit
2902 2817 2917 2871 ;
2979 2804 3050 2857 ut
3128 2803 3502 2876 argumento
3569 2802 3718 2859 sunt

274 2895 574 2972 plurimae
635 2902 775 2973 post
822 2896 1087 2956 reditum
1149 2897 1397 2975 scripta:
1455 2916 1493 2958 a
1548 2898 1849 2975 Gregorio
1898 2898 2207 2975 epistolae,
2245 2898 2515 2957 maxime
2572 2915 2722 2956 vero
2784 2912 2922 2957 χειν
2952 2896 3029 2956 ad
3089 2895 3496 2957 Amasonium
3536 2895 3710 2956 data.

279 2994 349 3053 Si
396 2992 477 3054 iis
535 2993 613 3052 de
669 2994 854 3053 rebus
910 2994 1141 3063 dolere,
1208 3014 1472 3054 moerere
1530 3001 1593 3055 et
1647 2995 1966 3073 indignari
2023 2997 2257 3055 crimen
2318 3002 2431 3063 est,
2496 2995 2780 3072 Gregorii
2836 2993 3073 3054 crimen
3129 3011 3285 3063 esse,
3346 3011 3458 3054 nec
3516 2993 3596 3053 ab
3635 3010 3713 3053 eo

278 3092 470 3151 facile
532 3091 784 3152 liberari
843 3110 1023 3171 posse
1070 3094 1361 3154 lubenter
1418 3095 1738 3155 fatemur.
1800 3095 2041 3155 Caetera
2098 3112 2246 3156 vero
2307 3093 2463 3155 nihil
2541 3092 2846 3169 dolebat,
2905 3110 3021 3153 nec
3075 3092 3439 3154 relictarum
3496 3109 3710 3154 rerum

279 3188 415 3249 ullo
475 3189 811 3251 tenebatur
838 3190 1168 3252 desiderio.

359 3290 712 3348 Tantorum
770 3289 984 3368 itaque
1039 3290 1357 3364 Ecclesiae,
1414 3309 1604 3371 quam
1665 3294 1830 3352 Deus
1887 3315 1919 3348 ‹‹
1976 3291 2310 3370 acquisivit
2365 3290 2675 3369 sanguine
2728 3308 2842 3351 suo
2904 3290 2974 3359 ¹²,
3027 3311 3055 3348 ι)
3122 3289 3432 3350 malorum
3491 3288 3711 3351 dolore

284 3386 649 3463 Gregorius,
707 3406 834 3446 non
889 3406 1067 3448 secus
1118 3407 1191 3449 ac
1251 3389 1512 3449 Athenis
1573 3391 1910 3468 Apostolus
1965 3390 2282 3463 incitatus,
2344 3390 2446 3469 pie
2495 3390 2613 3449 sibi
2672 3397 3025 3467 temperare
3082 3406 3208 3449 non
3264 3393 3536 3466 poterat,
3595 3406 3709 3448 ne-

284 3503 411 3562 que
468 3487 656 3544 etiam
717 3487 956 3560 debuit,
1021 3493 1085 3547 ut
1144 3488 1443 3547 teretibus
1502 3506 1575 3547 ac
1634 3488 1866 3548 teneris
1923 3489 2181 3548 auribus
2228 3488 2605 3559 consuleret,
2659 3487 2940 3548 veritatis
2988 3504 3063 3547 ac
3110 3485 3430 3565 religionis
3455 3486 3709 3564 dispen-

283 3583 392 3642 dio
448 3628 463 3652 ,
525 3600 873 3643 sermonem
935 3585 1269 3646 emollire.
1332 3585 1581 3645 Habent
1646 3586 1812 3645 enim
1900 3588 2218 3646 molliores
2301 3586 2427 3646 illae
2513 3585 2899 3647 elocutiones
2982 3585 3192 3645 nescio
3276 3584 3429 3662 quid
3502 3582 3716 3661 frigidi

283 3681 684 3760 ﬁaccidique,
758 3701 884 3761 quo
941 3684 1191 3744 veritati
1239 3702 1489 3762 semper
1544 3684 1828 3743 nonnihil
1890 3685 2073 3763 perit.
2136 3687 2389 3744 Movent
2444 3684 2726 3762 profecto
2786 3684 2970 3743 aliter
3023 3683 3279 3762 propria
3336 3701 3542 3741 rerum
3597 3700 3718 3743 no-

287 3780 484 3849 mina,
539 3780 935 3859 propriisque
990 3782 1201 3842 inusta
1257 3784 1422 3843 notis
1494 3782 1759 3841 crimina
1820 3799 1834 3841 :
1896 3800 2009 3843 nec
2076 3783 2247 3853 satis,
2308 3783 2359 3841 si
2419 3783 2690 3841 molliter
2746 3780 3154 3848 innocentia,
3216 3780 3485 3857 religio,
3561 3779 3719 3841 ﬁdes

286 3876 894 3956 defenditur;pene
949 3880 1275 3951 deseritur,
1337 3879 1389 3939 si
1446 3898 1572 3939 non
1633 3880 1822 3939 etiam
1884 3879 2197 3957 proditur.
2258 3879 2424 3939 Nihil
2487 3878 2610 3938 veri
2673 3878 2936 3938 nimium
2998 3878 3194 3937 videri
3247 3877 3435 3961 debet
3490 3878 3718 3937 adver-

285 3993 398 4034 sus
454 3976 831 4037 innocentiae
889 3984 949 4038 et
1008 3978 1287 4038 veritatis
1334 3977 1588 4038 hostes:
1627 3977 1999 4037 traducendi
2052 3978 2262 4055 palam
2320 3977 2364 4036 ii
2420 3982 2587 4049 sunt,
2622 3982 2684 4037 et
2740 3977 2969 4037 nativis
3027 3975 3327 4054 pingendi
3374 3974 3718 4050 coloribus,

286 4077 360 4130 ut
420 4080 873 4150 agnoscantur,
932 4076 1257 4153 agnitique
1316 4075 1593 4135 vitentur
1651 4093 1724 4135 ac
1780 4074 2124 4153 fugiantur.
2184 4075 2317 4133 IIac
2373 4074 2618 4134 ratione
2677 4075 3069 4153 simplicibus
3127 4073 3497 4142 consulitur,
3541 4090 3724 4132 men-

282 4171 542 4230 dacium
600 4174 960 4246 revincitur,
1017 4192 1191 4233 error
1251 4173 1598 4253 repellitur,
1660 4172 1855 4233 vincit
1910 4180 1975 4233 et
2032 4172 2385 4251 triumphat
2435 4172 2692 4231 veritas.
2752 4174 2886 4232 Non
2938 4170 3072 4249 jam
3128 4171 3547 4230 immoramur
3602 4171 3720 4231 fal-

282 4268 375 4327 sis
432 4268 975 4330 criminationibus
1038 4271 1482 4350 propulsandis
1538 4290 1680 4348 quae
1736 4270 1799 4331 in
1861 4274 2228 4349 Gregorium
2291 4270 2603 4347 congessit
2660 4273 2731 4330 D.
2792 4272 3055 4347 Dupin.,
3121 4286 3263 4329 cum
3321 4273 3384 4327 et
3439 4268 3590 4327 satis
3645 4286 3725 4328 ex

280 4366 483 4425 modo
542 4366 721 4427 dictis
780 4369 1169 4441 refellantur,
1232 4377 1295 4429 et
1352 4369 1635 4447 Dupinus
1690 4370 1823 4448 ipse
1878 4370 1942 4428 iu
2000 4386 2115 4429 sua
2174 4368 2255 4428 ad
2316 4371 2441 4429 DD.
2505 4366 3055 4447 archiepiscopum
3131 4366 3544 4427 Parisiensem
3612 4365 3727 4426 de-

276 4462 660 4539 clarations,
692 4471 762 4525 ut
792 4472 1027 4528 temere
1058 4466 1360 4528 conﬁctas
1389 4467 1786 4528 damnaverit
1814 4472 1877 4528 et
1907 4466 2319 4529 revocaverit.

551 4634 587 4714 §
629 4636 702 4697 II.
752 4654 1064 4701 psarsrua
1105 4654 1387 4702 easGoau
1430 4655 1779 4703 VIRGINITAS
1822 4656 2052 4702 comas
2098 4656 2162 4701 ss

1838 4656 2052 4702 JONTBA
2098 4654 2486 4702 BEVEHEGIUII
2532 4655 2607 4700 ΒΤ
2648 4653 3053 4700 ΙυΒΔΤΟΒΙΗΠ
3095 4653 3449 4699 ASSBBITUB.

382 4798 411 4833 ιι
468 4778 617 4838 Post
670 4779 991 4842 Nicaenum
1072 4778 1405 4843 concilium
1442 4830 1456 4857 ,
1518 4782 1724 4863 inquit
1770 4782 2151 4863 Beveregius
2206 4781 2288 4863 (a)
2324 4828 2338 4856 ,
2401 4780 2871 4861 Spiridionem.
2932 4780 3301 4859 Gregorium
3376 4781 3727 4858 Nyssenum

284 4879 363 4932 ut
422 4875 907 4952 Nazianzenum,
968 4884 1097 4939 tam
1152 4885 1396 4959 patrem
1460 4899 1645 4961 quam
1708 4880 1907 4941 ﬁlium
1966 4880 2359 4959 Theologum
2416 4878 2818 4939 matrimonio
2877 4879 3207 4957 copulatos
3265 4876 3475 4946 fuisse,
3538 4892 3728 4937 nemo

280 4972 352 5030 in
418 4971 795 5051 antiquitate
852 4983 1139 5037 versatus
1189 4978 1406 5039 nescit.
1473 5001 1503 5033 »
1557 4979 1705 5039 Haec
1759 4977 2149 5039 conﬁdenter
2196 4977 2469 5037 scribere
2524 4994 2715 5036 ausus
2772 4981 2865 5037 est
2921 4975 3316 5052 Beveregius,
3388 4973 3566 5034 nulla
3624 4990 3727 5033 ra-

279 5070 487 5143 tione,
553 5072 853 5153 nullaque
910 5075 1095 5135 nixus
1152 5076 1568 5138 auctoritate.
1628 5079 1786 5138 Tam
1844 5077 2195 5137 inauditam
2254 5081 2316 5137 et
2371 5076 2663 5136 insanam
2721 5074 3084 5155 opinionem
3139 5072 3510 5135 dormitanti
3568 5070 3725 5131 scri-

272 5168 455 5247 ptori
515 5170 817 5232 excidisse
870 5172 1103 5235 dixerit
1160 5174 1444 5255 quisquis
1500 5176 1562 5236 in
1624 5176 1758 5237 sola
1814 5175 2094 5253 theologi
2150 5174 2420 5235 lectione
2474 5178 2761 5235 versatus
2816 5172 3008 5234 fuerit
3068 5190 3082 5245 ;
3142 5171 3243 5234 vel
3299 5170 3511 5251 potius
3568 5168 3635 5228 id
3686 5187 3725 5231 a

269 5266 630 5347 Beveregio
685 5272 989 5353 scriptum
1043 5272 1108 5336 in
1162 5274 1432 5353 gratiam
1488 5274 1930 5355 episcoporum
1987 5291 2118 5336 sua;
2175 5273 2405 5353 gentis,
2465 5290 2583 5353 pro
2655 5289 2771 5333 sua
2842 5272 2909 5333 in
2984 5270 3463 5333 matrimonium
3521 5267 3720 5328 devo-

273 5363 481 5428 tione.

369 5468 525 5530 Tale
548 5477 983 5536 commentum
1040 5478 1263 5537 notare
1316 5480 1417 5538 sat
1469 5492 1628 5553 esse,
1689 5492 1804 5540 nec
1860 5473 2058 5539 ullam
2116 5474 2265 5538 huic
2324 5470 2674 5537 refellendo
2729 5489 2991 5554 operam
3054 5466 3565 5555 impendendam
3598 5462 3743 5539 urbi

380 5621 424 5659 “
459 5623 536 5685 III
569 5626 721 5706 Reg.
753 5646 886 5699 xxx,
920 5630 1015 5689 10.
1054 5632 1099 5666 ¹²
1125 5633 1260 5693 Act.
1297 5649 1402 5708 xx,
1430 5633 1533 5696 28.

370 5747 454 5829 (a)
485 5747 550 5811 In
580 5751 737 5812 notis
757 5753 831 5813 ad
864 5769 1148 5814 canonem
1180 5772 1214 5815 ν
1240 5760 1429 5833 speet.
