4080 6414
457 389 536 446 47
1447 384 1867 447 PB/EFATIO
1917 384 2384 447 Gl‘INEltALlS.
2420 423 2496 431 —
2532 385 2731 448 PARS
2778 379 2853 447 II.
3803 387 3880 454 48

441 528 664 594 trarer,
727 521 848 580 nisi
905 520 1142 580 malum
1221 538 1468 598 serpere
1536 520 1785 598 longius
1820 564 1834 591 ,
1887 525 1948 579 et
2006 519 2207 579 virum
2268 519 2685 580 clarissimum
2724 565 2739 594 ,
2799 539 2833 581 θ
2891 519 3231 582 Catholicis
3284 541 3480 584 unum
3517 568 3534 600 ,
3594 525 3878 587 Murato-

439 618 605 679 rium
659 615 764 698 (a),
826 617 935 696 qui
993 617 1345 677 mirabatur
1404 616 1553 677 olim
1611 617 2057 677 conﬁdentiam
2115 618 2458 697 Beveregii,
2496 624 2724 696 praeter
2756 636 2943 697 quem
2981 641 3009 673 (ι
3073 619 3285 680 nullus
3345 619 3555 682 adhuc
3595 622 3878 684 afﬁrma-

439 715 529 776 vit
584 715 1045 776 Nazianzenum
1104 715 1302 774 ﬁlium
1363 733 1642 794 unquam
1722 733 1853 775 sese
1931 714 2336 775 matrimonio
2412 716 2869 792 obstrinxisse,
2927 739 2957 771 »
3023 716 3221 795 ipsius
3298 725 3518 797 postea
3595 737 3874 781 errorem

440 813 806 893 amplexum
863 813 1051 874 fuisse
1109 831 1450 874 cernerem.
1513 816 1646 873 Non
1709 819 1918 873 tamen
1975 812 2264 874 absolute
2324 814 2654 893 amplexus
2709 820 2824 886 est,
2878 814 2985 874 sed
3046 815 3399 894 suspicatus
3463 839 3494 876 α
3549 818 3874 898 Beveregii

439 912 818 974 sententiam
876 929 1019 972 cum
1071 911 1335 972 veritate
1393 911 1831 973 consentire.»
1867 910 1983 981 Qui
2041 911 2226 971 etiam
2289 911 2365 971 de
2395 911 2746 972 Theosebia
2801 912 2935 972 haec
2994 913 3082 972 ait
3142 930 3154 971 :
3225 935 3254 972 «
3307 917 3432 974 Aut
3477 915 3870 978 Nazianzeno

437 1011 676 1091 nupsit,
725 1035 756 1066 »
821 1010 993 1090 quod
1055 1034 1085 1066 «
1142 1009 1528 1070 simillimum
1589 1028 1737 1070 vero
1789 1009 2084 1069 arbitror.
2148 1033 2178 1065 »
2241 1011 2459 1088 Itaque
2517 1017 2946 1071 commentum
2995 1012 3317 1090 Beveregii
3369 1018 3431 1073 et
3487 1032 3697 1093 pravae
3731 1016 3869 1077 Mu-

434 1110 652 1171 ratorii
709 1109 1081 1190 suspicionis
1111 1109 1526 1169 fundamenta
1556 1107 1741 1167 simul
1775 1107 2195 1168 convellenda
2225 1115 2395 1168 sunt.

512 1208 594 1268 Ut
643 1225 681 1267 a
740 1206 1083 1267 Muratorio
1142 1204 1540 1284 incipiamus,
1623 1205 1839 1277 verba,
1899 1223 2040 1282 quae
2103 1205 2235 1264 viro
2296 1205 2480 1265 docto
2558 1206 2769 1265 fucum
2832 1205 3164 1278 fecerunt,
3219 1206 3355 1267 haec
3409 1214 3555 1268 sunt
3609 1209 3674 1268 in
3733 1210 3872 1288 epi-

428 1308 781 1383 grammate
810 1303 1196 1377 Theosebice,
1258 1302 1428 1381 quod
1488 1303 1623 1381 ipse
1680 1302 1964 1380 vulgavit
2021 1319 2034 1361 :

2256 1298 2406 1376 ορίου
2443 1299 2684 1376 μεγάλου
2714 1300 2912 1375 σύζυγε
2937 1299 3228 1374 ἀτρεκέως·
3299 1327 3328 1363 ι
3386 1305 3670 1383 Gregorii
3729 1305 3866 1367 Ma-

430 1402 537 1480 gni
592 1420 738 1462 vere
796 1401 1055 1480 conjux.
1114 1425 1144 1457 »
1207 1404 1298 1462 Ex
1359 1400 1454 1460 his
1513 1401 1788 1480 plurima
1845 1401 2086 1478 colligit
2144 1400 2522 1462 Muratorius
2583 1420 2597 1460 :
2659 1402 2886 1480 primo,
2949 1402 3229 1480 Gregorii
3281 1404 3548 1481 Nysseni
3602 1423 3868 1465 uxorem

427 1519 554 1560 non
609 1500 799 1560 fuisse
856 1500 1273 1560 Theosebiam
1337 1517 1351 1572 ;
1412 1499 1476 1559 id
1535 1500 1789 1578 quidem
1851 1501 2090 1578 optime
2140 1499 2364 1559 deinde
2402 1517 2415 1570 ;
2453 1502 2844 1578 Gregorium,
2909 1501 3017 1578 qui
3074 1524 3102 1556 «
3157 1503 3425 1579 Magnus
3459 1525 3487 1557 ››
3529 1501 3617 1562 ibi
3649 1502 3874 1581 appel-

426 1597 615 1673 latur,
675 1598 1072 1675 Theologum
1131 1615 1286 1671 esse,
1350 1597 1530 1675 cujus
1588 1616 1771 1670 uxor,
1832 1615 2031 1676 eaque
2090 1616 2417 1676 germana,
2473 1598 2824 1659 Theosebia
2883 1598 3069 1658 fuerit
3131 1617 3144 1671 ;
3211 1598 3272 1657 id
3333 1616 3481 1659 vero
3539 1601 3864 1678 pessime:

427 1695 699 1776 denique
756 1695 903 1756 hinc
975 1696 1368 1775 epigramma
1424 1695 1732 1774 Theologi
1791 1715 1924 1757 esse
1982 1714 2109 1756 non
2167 1714 2372 1774 posse.
2435 1698 2584 1767 Quae
2643 1696 2895 1775 quidem
2968 1700 3036 1755 ut
3094 1696 3341 1774 penitus
3399 1697 3864 1771 convellamus,

427 1795 632 1875 primo
691 1793 1093 1855 statuendum
1129 1840 1143 1868 ,
1206 1795 1377 1873 quod
1441 1801 1633 1874 caput
1690 1800 1831 1866 est,
1891 1794 2125 1854 nullius
2183 1813 2464 1872 unquam
2540 1795 2818 1872 conjugii
2888 1794 3153 1855 vinculis
3199 1795 3594 1873 Theologum
3651 1796 3862 1856 irreti—

426 1897 586 1967 tum,
647 1894 880 1953 nedum
935 1891 1301 1955 Theosebiae
1358 1893 1775 1972 copulatum;
1831 1896 1895 1952 2°
1953 1892 2178 1952 deinde
2240 1893 2395 1951 nihil
2455 1893 2614 1952 adeo
2673 1892 3003 1971 impedire,
3064 1892 3405 1971 quominus
3465 1894 3866 1972 epigramma

426 1989 744 2050 tribuatur
801 1989 1100 2068 Gregorio
1159 1990 1572 2063 Nazianzeno,
1615 1996 1678 2051 3°
1739 2009 1944 2069 neque
2000 2008 2075 2050 ex
2146 1989 2493 2069 epitaphio,
2557 2007 2763 2068 neque
2821 2008 2899 2049 ex
2956 1989 3225 2068 epistola
3282 1989 3440 2050 alias
3509 2007 3625 2051 xcv
3681 1991 3865 2068 sequi

425 2089 705 2167 Nysseno
763 2087 1177 2148 Theosebiam
1236 2088 1562 2167 nupsisse.
1628 2089 1728 2149 Sic
1810 2088 2183 2166 Gregorium
2243 2094 2582 2166 utrumque
2639 2107 2678 2148 a
2733 2087 3032 2166 conjugio
3101 2088 3394 2164 liberum,
3449 2095 3510 2149 et
3567 2089 3856 2150 caelibem

421 2188 619 2246 vitam
653 2184 905 2246 duxisse
933 2183 1270 2247 Constabit.

503 2284 884 2345 Muratorius
955 2285 1118 2345 inter
1198 2284 1590 2363 Theologum
1670 2290 1731 2345 et
1806 2284 2224 2346 Theosebiam
2305 2285 2777 2346 matrimonium
2858 2285 3049 2345 fuisse
3124 2285 3503 2365 suspicatus,
3586 2283 3866 2346 Theose-

425 2383 596 2444 biam
660 2407 691 2438 ‹‹
750 2401 892 2442 cum
951 2383 1084 2442 viro
1143 2383 1530 2444 Nazianzeno
1590 2385 1942 2444 castitatem
2020 2385 2251 2463 potius,
2333 2403 2523 2463 quam
2601 2383 2769 2444 thori
2845 2383 3351 2462 conjunctionem
3435 2402 3682 2445 servare
3743 2403 3862 2445 vo-

429 2481 678 2542 luisse»
724 2480 1145 2558 conjiciebat:
1187 2500 1330 2541 mox
1388 2482 1552 2542 idem
1617 2507 1646 2538 «
1703 2483 1867 2542 inter
1922 2488 2260 2561 utrumque
2319 2482 2522 2542 carnis
2580 2482 3090 2542 communionem
3146 2505 3176 2537 »
3241 2482 3544 2557 admittit,
3604 2483 3710 2542 sed
3773 2484 3858 2543 ad

428 2580 619 2640 breve
676 2583 948 2657 tempus,
1006 2584 1069 2639 et
1127 2579 1471 2640 arbitratur
1523 2603 1553 2634 «
1611 2580 1848 2640 recenti
1900 2579 2048 2639 huic
2103 2579 2385 2657 opinioni
2445 2579 2778 2657 suffragari
2832 2597 3011 2657 posse
3096 2597 3345 2638 versum
3403 2579 3581 2638 illum
3637 2577 3853 2639 Theo-

432 2677 582 2756 logi,
644 2677 732 2736 ita
788 2675 1117 2736 scribentis
1172 2677 1237 2735 in
1311 2676 1589 2736 carmine
1661 2682 1722 2738 iv
1779 2678 1856 2737 de
1913 2678 2043 2737 anir

2236 2695 2328 2737 uae
2386 2675 3114 2749 calamitatibuszAu-ca‘zp
3172 2670 3357 2728 ἔπειτα
3414 2675 3614 2750 γάμοιο
3679 2672 3847 2749 βαρὺν

438 2774 592 2850 ζυγὸν
621 2768 775 2833 ἕκτος
808 2768 995 2842 ἔθηκα.
1057 2773 1292 2834 Deinde
1349 2793 1498 2835 vero
1582 2794 1772 2852 grave
1818 2775 2045 2854 jugum

2242 2775 2502 2835 .rimonii
2578 2794 2615 2835 a
2689 2793 2786 2835 me
2844 2775 3115 2853 seposui.
3178 2799 3206 2830 »
3269 2773 3689 2834 Nihilominus
3760 2780 3853 2834 ta-

434 2891 578 2936 men
635 2873 772 2933 haac
827 2871 915 2932 ita
971 2890 1036 2931 se
1093 2870 1324 2932 habere
1377 2891 1653 2932 asserere
1713 2893 1838 2934 non
1890 2892 2080 2934 ausus
2137 2879 2230 2933 est
2284 2873 2684 2933 Muratorius.
2759 2875 3060 2933 Amamus
3117 2872 3321 2932 virum
3379 2873 3633 2933 doctum
3667 2871 3843 2950 quod

431 2991 564 3052 praa
594 2969 972 3032 verecundia
1001 2988 1132 3030 rem
1163 2976 1293 3030 tam
1325 2970 1671 3030 inauditam
1707 2990 1821 3049 pro
1854 2979 2020 3031 certe
2050 2990 2175 3031 non
2208 2971 2506 3031 afﬁrmat.

508 3073 634 3132 Nos
691 3086 837 3129 vero
893 3087 1080 3129 omne
1137 3087 1392 3146 prorsus
1449 3070 1921 3130 matrimonium
1981 3089 2018 3129 a
2068 3071 2363 3147 Gregorio
2422 3068 2889 3148 propulsamus.
2955 3069 3091 3146 Ipse
3150 3067 3530 3128 Muratorius
3598 3066 3679 3146 (ὁ)
3739 3087 3848 3128 ar-

425 3173 729 3248 gumenta
784 3167 1254 3246 suppeditabit:
1326 3188 1353 3224 «
1412 3168 1536 3227 Cur
1610 3167 1774 3227 enim
1854 3167 2208 3246 Gregorius,
2267 3169 2492 3247 inquit,
2529 3167 2638 3245 qui
2674 3172 2804 3226 tam
2837 3183 3002 3244 saape
3035 3183 3107 3224 ac
3142 3171 3232 3224 tot
3290 3165 3516 3237 verbis,
3580 3165 3677 3224 vel
3742 3166 3858 3225 mi-

423 3273 581 3327 nuta
629 3265 773 3325 vitae
830 3283 958 3325 sum
1017 3265 1407 3325 monimenta
1464 3265 1748 3326 versibus
1806 3266 2053 3338 clausit,
2115 3265 2233 3326 hoc
2299 3284 2492 3325 unum
2543 3283 2669 3325 non
2729 3264 2880 3325 levis
2941 3263 3244 3323 momenti
3305 3262 3705 3341 praterisset,
3743 3270 3860 3322 aut

425 3373 552 3425 tam
603 3362 862 3441 jejunus
908 3364 1510 3424 commemorasset?
1571 3387 1598 3417 »
1659 3367 1871 3443 Neque
1929 3382 2077 3424 vero
2139 3364 2201 3423 id
2251 3370 2499 3423 tantum
2558 3362 2830 3438 silentio,
2891 3368 2951 3422 et
3009 3368 3407 3439 argumento,
3470 3366 3538 3420 ut
3597 3369 3853 3431 vocant,

424 3467 744 3541 negante;
802 3479 1167 3540 quanquam
1227 3463 1289 3522 id
1347 3481 1543 3540 genus
1600 3463 1958 3540 argumenti
2015 3463 2226 3522 valere
2275 3464 2483 3536 debet,
2545 3462 2654 3523 ubi
2710 3461 2862 3541 quid
2921 3459 3134 3532 habet,
3197 3461 3367 3538 quod
3427 3459 3576 3519 facti
3634 3460 3761 3518 vim
3795 3465 3860 3520 et

423 3560 633 3620 locum
692 3558 1007 3619 obtineat:
1070 3559 1172 3619 hic
1229 3566 1440 3621 autem
1495 3561 1708 3635 habet,
1772 3562 1824 3620 si
1873 3579 2149 3639 unquam
2212 3560 2481 3630 habuit;
2543 3579 2685 3620 cum
2744 3559 2852 3638 qui
2908 3577 3116 3619 rerum
3171 3575 3427 3618 suarum
3491 3555 3844 3629 historiam,

425 3677 551 3718 non
609 3675 756 3729 uno,
818 3657 926 3718 sed
985 3658 1315 3736 multiplici
1361 3666 1674 3738 poemate,
1743 3677 1866 3718 non
1925 3659 2148 3728 obiter,
2217 3657 2323 3716 sed
2374 3657 2587 3718 dedita
2634 3675 2829 3736 opera
2874 3662 3292 3733 accurateque
3343 3662 3553 3714 texere
3605 3672 3669 3713 se
3701 3672 3851 3731 pro-

425 3757 659 3830 ﬁtetur,
724 3775 852 3816 rem
909 3763 1118 3817 tamen
1181 3775 1368 3818 unam
1429 3777 1461 3818 θ
1511 3757 1868 3836 praecipuis,
1929 3755 1980 3816 si
2037 3775 2161 3815 non
2221 3755 2410 3814 etiam
2469 3774 2546 3816 ex
2603 3755 2894 3817 omnibus
2951 3752 3334 3834 praecipuam
3395 3752 3557 3825 silet,
3593 3770 3733 3830 quae
3767 3752 3850 3812 ad

423 3854 570 3915 vitae
601 3854 957 3928 varietates,
994 3874 1151 3933 quas
1193 3855 1413 3915 litteris
1475 3857 1733 3916 mandat
1788 3874 1978 3934 quam
2043 3853 2314 3914 maxime
2371 3854 2540 3925 facit,
2596 3854 2782 3932 quale
2840 3853 3120 3933 profecto
3179 3857 3271 3911 est
3331 3851 3471 3910 vitae
3530 3869 3727 3928 genus
3788 3856 3851 3910 et

425 3969 667 4025 cursus,
701 3969 889 4028 quem
940 3953 1274 4029 Gregorius
1317 3959 1526 4012 tenere
1582 3954 1965 4014 decreverat.
2028 3952 2147 4015 Ubi
2206 3951 2372 4011 enim
2431 3953 2510 4012 de
2561 3970 2788 4030 genere
2843 3951 2988 4010 vita:
3037 3949 3358 4026 diligendo
3419 3949 3850 4008 Nazianzenus

423 4049 675 4127 agebat,
710 4048 799 4109 ibi
853 4067 1003 4109 sane
1062 4050 1278 4110 debuit
1335 4069 1520 4128 agere
1578 4053 1652 4110 de
1711 4051 2136 4123 matrimonio,
2199 4050 2249 4109 si
2301 4050 2670 4128 posthabita
2728 4049 2945 4110 caelibe
3003 4047 3131 4108 vita
3201 4047 3283 4106 ad
3339 4047 3593 4126 nuptias
3622 4064 3851 4107 convo-

421 4145 597 4206 lavit.

502 4246 718 4322 Neque
773 4262 921 4306 vero
969 4262 1096 4319 eos,
1161 4245 1270 4325 qui
1330 4246 1715 4307 matrimonii
1774 4247 2039 4307 vinculis
2099 4252 2425 4313 astrictum
2483 4248 2672 4308 fuisse
2731 4245 3096 4325 Gregorium
3149 4250 3427 4317 censent,
3491 4243 3658 4303 istud
3716 4261 3854 4304 ma-

422 4341 788 4402 trimonium
847 4343 1265 4404 collocaturos
1322 4362 1455 4404 esse
1511 4345 1782 4405 arbitror
1844 4353 2175 4426 postquam
2236 4349 2562 4430 presbyter
2621 4354 2868 4407 creatus
2926 4342 3198 4405 est.'Ad
3257 4342 3580 4402 conﬂictas
3629 4341 3848 4419 itaque

421 4439 729 4519 Theologi
777 4440 1032 4520 nuptias
1085 4447 1334 4522 tempus
1385 4443 1447 4502 id
1507 4463 1703 4504 unum
1764 4453 2069 4524 superest,
2131 4450 2299 4526 quod
2361 4453 2506 4509 ante
2555 4444 2972 4506 sacerdotium
3025 4443 3159 4520 ejus
3218 4440 3508 4501 efﬂuxit.
3573 4442 3851 4499 Consen-

424 4538 500 4598 tit
549 4538 929 4600 Muratorius
985 4545 1048 4601 et
1102 4540 1190 4600 ait
1249 4540 1326 4621 (ε)
1392 4559 1404 4600 :
1475 4563 1502 4597 «
1562 4545 1693 4602 Non
1757 4543 1858 4602 diu
1921 4545 2270 4606 constitisse
2329 4545 2533 4607 carnis
2591 4541 3099 4604 communionem
3159 4539 3323 4598 inter
3380 4536 3846 4597 Nazianzenum

425 4640 490 4694 et
530 4632 944 4696 Theosebiam
1002 4654 1016 4710 ;
1077 4637 1184 4697 sed
1244 4644 1585 4716 utrumque
1643 4642 1993 4700 castitatem
2051 4642 2181 4719 jam
2241 4643 2488 4722 pridem
2541 4639 2824 4718 elegisse,
2879 4643 2949 4697 ut
3004 4635 3426 4696 sacerdotium
3486 4632 3593 4692 ille
3633 4631 3843 4707 iniret,

425 4737 496 4793 ut
551 4732 714 4794 inter
768 4733 1150 4796 diaconissas
1209 4737 1330 4796 ista
1381 4743 1804 4817 cooptaretur.
1866 4763 1896 4793 »
1963 4742 2188 4800 Verum
2247 4747 2496 4820 tempus
2567 4738 2724 4799 illud
2784 4738 2992 4816 ipsum
3061 4741 3174 4806 est,
3237 4733 3300 4792 in
3363 4750 3487 4810 quo
3547 4737 3849 4791 accurata

423 4831 707 4910 Gregorii
762 4833 1041 4895 narratio
1115 4835 1359 4895 nullum
1435 4836 1565 4896 ullo
1637 4836 1779 4896 vitae
1849 4837 2046 4916 ipsius
2115 4846 2433 4900 momento
2509 4836 2851 4899 consistere
2910 4831 3382 4893 matrimonium
3442 4829 3701 4907 patitur.
3767 4830 3852 4892 Ut

424 4930 590 4990 enim
659 4930 860 5009 ﬁngas
936 4932 1401 5007 Theosebiam,
1465 4934 1731 4995 aliamve
1798 4936 2150 5014 quamlibet
2220 4937 2591 5015 Gregorium
2669 4952 2931 4994 uxorem
3017 4930 3320 5000 duxisse,
3399 4926 3710 5006 quidquid
3790 4933 3851 4987 et

423 5048 681 5109 quoquo
745 5030 930 5091 modo
988 5031 1241 5092 ﬁnxeris
1275 5077 1290 5104 ,
1341 5032 1406 5092 id
1483 5052 1666 5094 omne
1719 5033 1846 5094 ruit
1902 5041 1963 5095 et
2039 5036 2289 5114 penitus
2349 5034 2734 5097 subvertitur
2796 5029 3220 5092 disertissimis
3281 5025 3564 5104 Gregorii
3613 5025 3847 5098 verbis,

421 5131 612 5188 vitam
672 5147 848 5190 suam
906 5130 1336 5206 describentis,
1392 5132 1605 5212 ibique
1655 5133 2122 5194 accuratissime
2182 5135 2286 5195 ubi
2345 5136 2421 5195 de
2481 5134 2623 5194 vitae
2656 5150 2883 5212 genere
2913 5126 3272 5207 deligendo.

502 5229 783 5306 Gregorii
840 5235 1132 5309 parentes
1189 5249 1317 5293 non
1366 5231 1487 5312 ipsi
1543 5237 1833 5294 auctores
1876 5233 2134 5295 fuerunt
2189 5238 2258 5294 ut
2305 5233 2589 5294 animum
2649 5232 2728 5292 ad
2783 5246 3045 5290 uxorem
3104 5223 3491 5305 appelleret;
3527 5227 3851 5303 parentes,

417 5325 702 5408 inquam,
775 5328 882 5408 qui
935 5349 1060 5392 non
1111 5331 1300 5395 modo
1353 5331 1468 5394 ﬁlii
1522 5337 1738 5395 votum
1788 5332 2094 5398 castitatis
2151 5351 2224 5395 ac
2282 5331 2680 5416 propositum
2740 5333 2992 5407 norant,
3055 5325 3162 5391 sed
3215 5341 3358 5385 eum
3416 5321 3581 5407 ipsi,
3641 5321 3855 5409 prius-

493 5651 805 5761 (f‘lul‘ilgggt.
824 5658 980 5761 lapte
1011 5651 1073 5725 in
1105 5653 1288 5744 epigr.
1312 5668 1382 5732 32
1404 5655 1653 5738 Theoseb.
1679 5693 1714 5738 a
1734 5696 1797 5740 se
1829 5654 2075 5760 editum,
2259 5686 2336 5761 (b)
2366 5657 2514 5745 Ibid.

423 5725 632 5822 μω,
669 5731 947 5809 132,131..
1139 5725 1159 5743 ‘
1829 5725 2034 5742 ""““

888 5737 928 5796 LI.
1139 5725 1159 5743 δ
1203 5725 1288 5744 υ--
1315 5725 1379 5732 η
1405 5725 1653 5738 -..-,--..
1679 5725 1714 5738 ..
1734 5725 1797 5740 ..ν
1829 5725 2075 5760 unum,
2259 5725 2336 5761 κν)
2367 5725 2490 5772 ηειυι

934 5777 947 5796 .
2251 5763 2321 5833 (c)
2354 5762 2499 5824 Ibid.
