4080 6428
184 415 236 481 ιθ
1248 436 1670 504 PREFATIO
1719 439 2182 504 usususus.
2220 473 2294 486 —
2339 439 2542 504 PARS
2591 439 2668 504 ιι.
3599 441 3677 508 so

188 573 338 637 quam
393 574 858 650 nasceretur,
932 572 1069 637 Deo
1124 573 1507 653 dicaverant,
1567 579 1630 638 et
1686 581 1909 639 natum
1969 575 2352 651 obtulerant,
2417 577 2578 640 adeo
2634 583 2707 640 ut
2773 575 2911 639 «ab
2947 580 3122 640 utero
3172 575 3390 640 matris
3418 580 3545 641 Deo
3577 594 3676 642 sa-

196 675 291 758 cer,
339 679 415 726 ac
478 685 674 748 puer
743 671 1085 736 oblatus»
1137 674 1345 750 fuerit,
1405 682 1466 738 et
1516 675 1771 756 quidem
1831 676 1913 738 ad
1960 676 2184 747 altare,
2244 676 2515 738 solemni
2563 677 2688 738 ritu
2735 676 3044 756 tactisque
3093 694 3286 739 sacrae
3335 677 3674 758 Scriptura)

195 755 381 824 libris:
447 769 649 845 quod
712 771 866 850 ipse
929 772 1148 834 scribit
1203 774 1536 852 Gregorius
1595 774 1703 855 (a),
1765 775 1874 855 qui
1933 775 2279 854 «parentis
2337 781 2556 836 votum
2608 795 2680 837 ac
2713 755 3089 837 desiderium
3121 781 3324 837 ratum
3363 755 3670 850 habuit,»

209 866 258 921 et
301 871 631 943 praestare
697 872 944 948 quovis
1006 878 1292 951 tempore
1340 874 1598 945 studuit,
1670 880 1862 953 atque
1917 875 2108 935 etiam
2173 875 2484 954 praestitit.
2552 898 2580 929 «
2645 874 2727 954 (ὁ)
2800 875 3089 936 Devinxit
3149 894 3247 934 me
3302 875 3417 934 sibi
3476 875 3681 935 amica

224 962 482 1038 castitas,
543 966 804 1046 inquit,
870 977 933 1031 et
983 972 1157 1031 carni
1203 972 1455 1032 vincula
1512 973 1750 1049 injecit,
1801 974 2117 1052 simulque
2176 974 2501 1033 ardentem
2561 974 2788 1033 divinae
2843 974 3166 1053 sapientiae
3223 992 3296 1034 ac
3352 973 3494 1034 vitae
3555 993 3682 1034 mo-

229 1065 466 1125 nastic'ee
528 1084 835 1128 amorem
888 1069 1142 1146 injecit;
1207 1073 1402 1143 vitae,
1466 1090 1608 1148 quae
1670 1071 1790 1131 dici
1839 1077 2053 1150 potest
2109 1073 2335 1132 futurae
2395 1072 2736 1150 primitiae;
2815 1073 3049 1152 quippe
3107 1091 3249 1151 quae
3325 1078 3496 1133 costa
3555 1092 3678 1134 non

239 1163 484 1242 indiget,
545 1185 702 1243 qum
765 1186 996 1247 corpus
1071 1169 1623 1248 circumplectalur
1679 1189 1901 1243 suum,
1967 1169 2303 1247 verbisque
2350 1163 2693 1249 deceptum
2754 1171 3003 1230 blandis
3061 1171 3142 1230 ad
3201 1188 3420 1231 amara
3476 1171 3677 1250 degu-

245 1263 454 1322 standa
512 1264 854 1326 adducat:
922 1290 950 1320 ››
1013 1266 1149 1327 haec
1207 1274 1352 1328 sunt
1407 1268 1683 1347 conjugii
1743 1269 1993 1329 vincula
2030 1315 2044 1342 ,
2114 1269 2344 1347 quibus
2412 1269 2746 1346 Gregorius
2805 1288 2838 1328 a
2902 1288 3097 1346 puero
3148 1270 3482 1348 copulatus
3529 1275 3623 1330 est
3658 1297 3678 1317 ο

248 1360 478 1439 Conjux
538 1363 778 1440 ipsius,
843 1382 966 1424 non
1028 1365 1420 1438 Theosebia,
1481 1368 1589 1427 sed
1650 1373 1955 1447 perpetua
2013 1368 2298 1440 castitas;
2365 1367 2595 1446 conjux
2653 1368 2962 1446 sapientia
3019 1368 3157 1438 fuit,
3217 1386 3290 1428 ac
3345 1368 3674 1446 utriusque

245 1459 398 1520 socia
461 1467 523 1520 et
581 1461 861 1540 adjutrix
925 1463 1283 1525 «monachi
1340 1465 1494 1542 vita,
1547 1465 1728 1546 cujus
1790 1483 2068 1526 amorem
2128 1465 2248 1544 ipsi
2306 1487 2335 1522 ι)
2400 1465 2617 1544 injecit
2671 1466 2946 1538 castitas,
3013 1485 3204 1543 quam
3261 1465 3325 1525 in
3357 1467 3672 1544 naufragii

243 1558 516 1637 periculo
576 1560 772 1634 vovit,
834 1566 894 1622 et
950 1581 1143 1642 quam
1202 1568 1334 1625 toto
1381 1565 1521 1625 vitze
1584 1571 1890 1644 tempore,
1953 1569 2262 1644 quantum
2321 1564 2497 1625 licuit
2546 1583 2618 1624 ac
2671 1582 2862 1643 penes
2906 1563 3114 1643 ipsum
3163 1564 3301 1638 fuit,
3357 1564 3675 1643 professus

239 1664 347 1718 est.

320 1759 690 1818 Immunera
745 1776 821 1818 ex
879 1761 1159 1839 Gregorii
1217 1764 1464 1842 scriptis
1524 1763 1650 1825 alia
1727 1763 2005 1842 proferre
2056 1762 2420 1824 testimonia
2477 1762 2850 1822 facillimum
2918 1766 3116 1835 esset,
3206 1761 3435 1842 quibus
3492 1761 3672 1824 illum

243 1855 422 1915 nullo
485 1875 766 1934 unquam
819 1859 1218 1921 matrimonio
1280 1861 1690 1922 constrictum
1750 1862 1980 1933 fuisse,
2035 1863 2138 1922 sed
2201 1861 2377 1939 ejus,
2432 1879 2623 1939 quam
2681 1859 2939 1919 amabat
2996 1858 3217 1935 unice,
3280 1883 3309 1915 «
3371 1859 3677 1921 castitatis

235 1953 396 2032 jugo
450 1955 617 2015 colla
675 1964 978 2034 perpetuo
1036 1959 1424 2038 ﬁrmiterque
1483 1961 1838 2020 submisisse
1890 1984 1918 2014 »
1985 1959 2384 2020 manifestum
2442 1959 2620 2018 fieret
2679 1957 2796 2036 (c).
2849 1961 3122 2036 Legatur
3180 1958 3460 2018 narratio
3519 1977 3678 2020 som'

247 2053 334 2110 nii
369 2053 540 2130 quod
603 2055 1028 2115 sanctissimus
1083 2057 1302 2118 doctor
1360 2060 1493 2119 fuse
1547 2057 1979 2136 describit((l),
2045 2063 2105 2117 et
2162 2058 2223 2117 in
2288 2075 2414 2135 quo
2474 2056 2681 2115 adhuc
2745 2078 2774 2113 (ιι
2823 2074 3000 2134 puer,
3059 2073 3172 2116 nec
3214 2061 3425 2117 tamen
3457 2054 3677 2116 admo-

252 2152 406 2211 dum
445 2171 626 2230 puer,
691 2173 906 2214 verum
965 2175 1038 2216 ea
1093 2163 1276 2217 aetate
1334 2177 1458 2238 qua
1514 2158 1663 2217 boni
1721 2164 1784 2218 et
1845 2158 1992 2218 mali
2051 2156 2430 2233 imaginibus
2488 2156 2734 2216 animus
2782 2156 3180 2228 informatur,
3241 2176 3268 2213 υ
3337 2155 3591 2216 castitas
3621 2161 3683 2215 et

245 2251 570 2329 sapientia
627 2252 744 2312 sibi
801 2255 945 2314 visae
977 2263 1121 2316 sunt
1178 2255 1457 2317 humana
1505 2257 1732 2335 specie,
1803 2262 2105 2335 tantaque
2155 2275 2229 2315 ex
2280 2256 2559 2334 ipsarum
2617 2254 2834 2315 afﬂatu
2895 2261 2959 2314 et
3014 2254 3331 2333 colloquio
3393 2254 3682 2333 puritatis

243 2348 508 2409 dilectio
566 2349 630 2409 in
691 2369 798 2410 cor
851 2353 1168 2412 emanavit
1236 2353 1480 2433 ipsique
1553 2345 1801 2433 semper
1851 2353 2149 2429 inhaesit,
2205 2359 2272 2412 ut
2330 2353 2673 2423 vecordes,
2736 2370 2812 2411 ne
2871 2351 3023 2430 quid
3080 2352 3285 2411 dicam
3357 2351 3630 2430 amplius
3666 2399 3679 2421 ,

245 2447 480 2507 merito
539 2447 895 2522 videantur,
951 2452 1057 2529 qui
1115 2452 1190 2511 de
1248 2451 1529 2530 Gregorii
1603 2458 1908 2531 perpetuo
1973 2453 2269 2513 caelibatu
2329 2451 2424 2510 vel
2479 2451 2785 2529 tantisper
2841 2449 3266 2511 dubitaverint
3325 2448 3441 2530 (θ).
3506 2451 3686 2512 Unde

249 2544 345 2602 vir
399 2546 602 2605 factus
663 2548 1030 2624 Gregorius,
1094 2556 1154 2609 et
1212 2569 1353 2610 cum
1405 2551 1664 2610 Athenis
1713 2569 1997 2611 reversus
2053 2549 2483 2622 deliberaret,
2537 2567 2660 2608 non
2720 2549 2795 2607 de
2853 2548 2996 2608 vitae
3068 2567 3275 2622 cursu,
3328 2567 3545 2608 verum
3609 2547 3686 2608 de

251 2643 373 2716 via,
435 2663 563 2722 qua
609 2645 937 2722 expeditus
995 2647 1072 2706 ad
1133 2649 1522 2726 propositum
1577 2650 1764 2710 finem
1826 2650 2054 2709 certius
2112 2647 2484 2727 perveniret,
2550 2647 2669 2707 hoc
2733 2645 3005 2725 primum
3065 2645 3282 2724 ponit:
3351 2665 3378 2702 (ι
3413 2643 3486 2724 (f)
3543 2646 3683 2705 Jam

247 2739 400 2799 olim
457 2741 614 2802 mihi
645 2749 883 2803 certum
940 2750 1092 2818 erat,
1151 2765 1222 2806 ac
1280 2747 1473 2807 veluti
1533 2747 1668 2826 lege
1725 2748 2062 2821 sancitum,
2124 2765 2265 2825 quae
2324 2746 2528 2806 carnis
2581 2749 2726 2805 sunt
2781 2744 2846 2804 in
2898 2743 3282 2823 profundum
3315 2762 3390 2804 ea
3420 2742 3686 2823 projice-

249 2855 353 2914 re;
390 2838 584 2917 idque
620 2844 748 2899 tum
783 2841 984 2920 magis
1012 2861 1085 2903 ac
1120 2843 1318 2921 magis
1349 2845 1690 2904 arridebat.
1719 2868 1750 2899 ››

332 2936 494 3007 Quid
527 2937 722 3015 igitur
749 2939 867 3000 sibi
911 2941 1043 3001 vult
1093 2943 1426 3020 Gregorius
1486 2943 1581 3002 his
1633 2943 1836 3003 verbis
1868 2942 1976 3023 (g),
2043 2961 2295 3020 «grave
2346 2941 2572 3021 jugum
2625 2940 3010 3001 matrimonii
3065 2960 3102 3001 a
3151 2959 3250 3000 me
3300 2939 3600 3020 seposui?
3652 2960 3680 2995 η

251 3035 791 3113 Nonimpositum
850 3038 970 3098 hoc
1000 3058 1158 3099 onus
1190 3040 1437 3117 abjecit,
1501 3042 1607 3099 sed
1671 3041 1749 3100 ab
1807 3061 1880 3101 eo
1939 3060 2188 3119 semper
2245 3041 2601 3112 declinavit,
2665 3059 2702 3099 a
2758 3058 2822 3099 se
2881 3039 3138 3107 amovit,
3205 3039 3284 3098 ab
3341 3056 3414 3105 eo
3447 3037 3688 3098 abhor-

252 3132 432 3205 ruit,
497 3153 710 3195 amore
767 3137 1070 3198 castitatis
1127 3145 1188 3199 et
1243 3139 1388 3199 vitae
1446 3140 1829 3200 monasticae.
1893 3140 1994 3200 Sic
2054 3158 2246 3218 grave
2304 3158 2465 3199 onus
2525 3138 2908 3198 matrimonii
2966 3137 3259 3208 excussit,
3328 3137 3500 3196 haud
3557 3134 3695 3214 qui-

253 3231 401 3291 dem
465 3231 826 3310 impositum
891 3255 1210 3314 unquam;
1271 3238 1375 3298 sed
1439 3258 1476 3299 a
1530 3258 1596 3298 se
1653 3239 2005 3299 amovendo
2064 3257 2140 3298 ne
2198 3239 2651 3317 imponeretur.
2714 3239 2848 3295 Non
2898 3236 3080 3295 aliter
3112 3235 3447 3312 Gregorius
3475 3249 3692 3295 excus-

248 3329 337 3388 sit
395 3348 557 3389 onus
607 3333 1038 3408 matrimonii,
1108 3354 1295 3413 quam
1350 3343 1529 3396 caute
1583 3338 1884 3413 fugiendo
1934 3336 2244 3415 quidquid
2295 3337 2412 3396 hoc
2471 3335 2613 3395 vitae
2672 3353 2868 3413 genus
2925 3339 3186 3412 spectat,
3254 3338 3469 3411 utpote
3534 3351 3688 3392 con-

249 3428 523 3487 trarium
583 3433 905 3508 proposito
965 3434 1287 3494 servandae
1345 3434 1724 3513 virginitatis
1780 3442 1842 3495 et
1898 3441 2044 3496 voto
2106 3436 2474 3495 monasticae
2532 3434 2715 3493 vitae.
2775 3434 2951 3493 Certe
3009 3431 3368 3510 Gregorius,
3429 3430 3537 3509 qui
3592 3431 3689 3492 vi-

252 3538 382 3592 tam
440 3533 851 3593 monasticam
908 3532 1133 3592 iterato
1191 3539 1336 3592 voto
1395 3553 1459 3594 se
1517 3533 1961 3611 amplexurum
2021 3533 2419 3612 promiserat,
2481 3549 2743 3592 uxorem
2804 3530 2922 3590 sibi
2978 3529 3327 3608 adjungere
3382 3547 3511 3588 non
3571 3547 3690 3607 po-

248 3637 437 3703 terat,
499 3630 648 3708 quin
700 3629 910 3690 datam
952 3631 1081 3690 Deo
1131 3629 1318 3690 fidem
1381 3631 1650 3703 falleret,
1711 3631 2041 3710 scelusque
2090 3630 2438 3690 maximum
2488 3629 2552 3687 in
2601 3647 2665 3689 se
2715 3627 3099 3688 admitteret.
3149 3626 3327 3686 Absit
3381 3626 3575 3703 igitur
3617 3632 3696 3688 ut

249 3729 462 3789 virum
527 3735 655 3789 tam
710 3733 1020 3802 sanctum,
1080 3727 1313 3807 pietate
1370 3729 1707 3807 insignem,
1761 3736 2009 3790 tantum
2061 3729 2263 3790 scelus
2324 3733 2751 3808 perpetrasse;
2815 3725 2998 3798 absit,
3062 3725 3348 3803 inquam,
3407 3729 3479 3784 ut
3538 3727 3691 3784 Gre-

249 3827 502 3904 gorium
560 3833 769 3905 spreto
827 3826 1147 3886 servandae
1205 3825 1584 3905 virginitatis
1639 3833 1806 3899 voto,
1872 3846 1997 3906 quo
2057 3826 2394 3887 obstrictus
2451 3829 2624 3898 erat,
2686 3824 2794 3903 qui
2860 3844 2887 3878 «
2944 3822 3023 3881 ab
3081 3827 3260 3881 utero
3321 3821 3538 3880 matris
3597 3840 3694 3881 sa-

251 3944 361 3984 cer
419 3930 597 3997 erat,
674 3926 780 4003 qui
841 3924 1058 3984 matris
1119 3931 1333 3985 votum
1406 3944 1478 3986 ac
1557 3925 1934 3985 desiderium
2015 3931 2224 3985 ratum
2287 3924 2634 3995 habuerat,
2698 3944 2727 3976 »
2794 3939 3053 3980 uxorem
3124 3919 3373 3979 duxisse
3423 3919 3691 3979 arbitre-

249 4043 419 4096 mur,
482 4029 591 4083 aut
643 4022 1062 4102 suspicemur.
1167 4023 1336 4084 Talis
1396 4025 1668 4103 suspicio
1729 4031 1856 4084 tam
1931 4024 1996 4083 in
2073 4023 2444 4101 Gregorium
2519 4021 2874 4100 injuriosa,
2959 4037 3151 4098 quam
3212 4018 3531 4079 contraria
3584 4037 3690 4078 ve-

251 4121 452 4182 ritati.

337 4223 638 4281 Constare
694 4221 874 4280 debet
925 4239 1002 4282 ex
1063 4220 1243 4281 dictis
1301 4221 1671 4300 Gregorium
1731 4221 1920 4282 nullis
1965 4239 2247 4299 unquam
2311 4219 2570 4298 nuptiis,
2635 4237 2750 4279 nec
2807 4235 2949 4277 cum
2981 4215 3359 4288 Theosebia,
3393 4233 3505 4275 nec
3545 4232 3690 4274 cum

249 4321 383 4380 alia
442 4319 722 4397 qualibet
780 4319 1011 4380 femina
1060 4320 1387 4397 alligatum
1441 4321 1651 4381 fuisse.
1711 4323 1845 4392 Quo
1903 4319 2346 4400 disputationis
2405 4317 2611 4396 capite
2672 4317 2899 4396 posito,
2961 4333 3034 4376 ac
3088 4333 3338 4386 eorum,
3402 4333 3542 4392 quae
3602 4332 3692 4374 se-

246 4426 581 4497 quuntur,
633 4419 1082 4490 fundamento,
1137 4417 1273 4498 jam
1331 4425 1557 4498 sponte
1611 4439 1726 4479 sua
1780 4419 2064 4497 sequitur
2103 4418 2500 4496 Theologum
2561 4434 2686 4476 non
2746 4434 2879 4476 esse
2937 4433 3122 4484 eum,
3193 4413 3301 4493 qui
3359 4413 3424 4472 in
3483 4413 3688 4491 epita—

249 4517 410 4596 phio
469 4515 832 4577 Theosebia:
894 4518 1280 4595 «Magnus»
1344 4517 1593 4589 dicitur,
1650 4524 1711 4577 et
1769 4517 1948 4595 cujus
2003 4516 2355 4578 Theosebia
2390 4540 2419 4572 «
2468 4533 2614 4574 vere
2671 4513 2907 4592 conjux
2943 4538 2970 4568 ι)
3032 4531 3371 4591 comparve
3402 4511 3684 4589 appella-

250 4622 400 4673 tur.
465 4614 620 4674 Hinc
673 4615 982 4688 efficitur,
1033 4615 1190 4674 nihil
1247 4615 1498 4676 obstare
1556 4616 1895 4695 quominus
1955 4616 2073 4677 hoc
2133 4613 2524 4695 epitaphium
2585 4632 2623 4673 a
2682 4613 2983 4691 Gregorio
3043 4610 3356 4671 elaborari
3412 4608 3689 4689 potuisse

248 4713 573 4772 credatur.
635 4715 763 4774 lmo
821 4733 947 4773 non
997 4719 1243 4774 tantum
1304 4716 1531 4794 potuit,
1589 4716 1698 4776 sed
1757 4715 1960 4794 reipsa
2018 4715 2097 4774 ab
2155 4715 2291 4792 ipso
2347 4712 2743 4773 elaboratum
2800 4728 2934 4771 esse
2992 4729 3069 4770 ex
3118 4708 3386 4787 epistola
3443 4707 3523 4767 al.
3567 4724 3684 4770 xcv

255 4812 665 4872 manifestum
699 4818 828 4886 est;
889 4831 1030 4892 quae
1061 4813 1313 4892 quidem
1347 4815 1611 4893 epistola
1645 4833 1787 4874 cum
1838 4813 2159 4893 epitaphio
2222 4812 2407 4873 rebus
2462 4817 2524 4872 et
2570 4810 2774 4869 verbis
2823 4809 2913 4868 ita
2963 4812 3286 4880 consonat,
3339 4812 3408 4866 ut
3465 4805 3691 4866 utrius-

251 4929 406 4989 que,
472 4910 570 4970 vel
627 4911 945 4984 neutrius,
1009 4918 1231 4973 auctor
1295 4914 1731 4991 agnoscendus
1807 4913 1887 4973 sit
1938 4913 2274 4990 Gregorius
2308 4955 2321 4970 .
2402 4912 2703 4970 Fatentur
2761 4915 2973 4969 autem
3032 4925 3249 4967 omnes
3301 4904 3683 4985 epistolam,

259 5027 639 5085 germanum
693 5027 823 5069 esse
885 5010 1194 5089 Theologi
1249 5011 1444 5071 fetum
1500 5012 1580 5071 ad
1641 5011 2008 5091 Gregorium
2071 5013 2418 5089 Nyssenum
2478 5008 2841 5068 scribentis.
2895 5008 3016 5066 Pro
3076 5011 3246 5064 certo
3301 5004 3517 5082 itaque
3571 5003 3685 5064 ha-

253 5107 564 5179 bendum,
615 5107 1002 5187 Theologum
1060 5128 1175 5170 nec
1227 5110 1617 5180 Theosebiae,
1675 5129 1789 5171 nec
1848 5111 1964 5170 ulli
2019 5109 2128 5170 alii
2179 5126 2460 5187 unquam
2521 5106 2836 5167 connubio
2889 5104 3204 5183 junctum,
3267 5104 3687 5180 eumdemque

254 5221 397 5265 esse
455 5210 774 5266 auctorem
831 5206 1156 5286 epitaphii.
1228 5210 1539 5269 Praeterea
1597 5208 1952 5280 Muratorii,
2026 5209 2132 5287 qui
2189 5207 2516 5286 epitaphio
2557 5253 2570 5277 ,
2626 5211 2696 5264 ut
2744 5210 2806 5264 et
2863 5203 3131 5283 epistola
3177 5201 3258 5262 ad
3318 5201 3684 5279 Gregorium

252 5304 661 5381 Nyssenum,
739 5310 1109 5385 perpetuam
1183 5305 1491 5385 Theologi
1561 5305 1992 5386 virginitatem
2053 5305 2422 5367 labefactari
2487 5303 2841 5383 suspicatus
2899 5307 3040 5376 est,
3121 5301 3398 5362 rationes
3455 5317 3682 5360 evane-

253 5407 442 5462 scunt
473 5407 532 5462 et
561 5402 838 5464 funditus
872 5411 1193 5465 corruunt.

358 5574 407 5648 qi
424 5573 608 5648 Carm.
645 5573 700 5629 al
729 5573 784 5648 2,
817 5591 871 5648 ν.
899 5574 1021 5644 426,
1055 5575 1177 5648 433,
1211 5574 1335 5643 448,
1368 5575 1490 5632 449.

1424 5576 1490 5632 i9.
2090 5576 2162 5648 (ε)
2185 5577 2375 5648 Carm.
2412 5573 2487 5629 al.
2511 5573 2574 5648 ﬁt,
2606 5572 2799 5648 v_.__280
2829 5573 2887 5629 et
2916 5587 3035 5643 seq.

363 5644 414 5720 ο)
439 5645 609 5720 lbid.,
641 5664 696 5720 ν.
730 5647 872 5720 456,
891 5650 1001 5720 etc.
1163 5644 1170 5648 '

1163 5644 1170 5648 ⁷
2089 5644 2160 5720 (r)
2185 5647 2352 5714 Ibid.,
2385 5663 2434 5701 ν.
2454 5646 2588 5720 est,
2619 5645 2743 5720 285.

359 5715 404 5791 (ξ)
424 5715 608 5791 Carm.
634 5719 690 5789 5,
723 5736 776 5774 ν.
813 5718 942 5774 HO.

2089 5715 2164 5791 (9)
2191 5720 2382 5778 Carm.
2418 5717 2490 5775 al.
2523 5715 2578 5783 5,
2615 5734 2667 5773 ν.
2697 5715 2823 5771 283.

358 5787 410 5861 d)
441 5789 606 5861 Ibid.,
637 5787 691 5849 νζ
724 5792 856 5862 205,
889 5791 1015 5859 206,
1037 5791 1160 5862 207,
1189 5791 1295 5848 208
1329 5791 1400 5847 ad
1421 5791 1547 5847 313.
