4080 6430
376 424 444 491 Bl
1392 422 1810 487 PREFATIO
1857 423 2327 485 GENERMJS.
2364 456 2433 468 —
2464 422 2665 484 PARS
2711 421 2790 483 Il.
3726 424 3803 484 52

447 561 590 626 Jam
644 579 795 625 vero
851 558 903 624 si
958 581 1227 645 quaras,
1290 560 1430 643 quis
1476 561 1581 624 ille
1630 562 1709 624 sit
1762 562 2135 639 Gregorius,
2184 558 2292 642 qui
2334 558 2399 621 in
2442 557 2768 641 epitaphio
2822 582 2851 616 ‹‹
2905 557 3170 639 Magnus
3224 584 3252 616 ι)
3315 557 3566 634 dicitur,
3633 558 3802 623 ultro

370 659 919 742 respondebimus,
984 663 1231 725 nullum
1288 663 1482 723 alium
1541 680 1674 723 esse
1730 679 1922 741 quam
1986 663 2360 741 Nyssenum.
2422 658 2601 732 Quod
2657 664 2869 720 autem
2923 658 3340 722 Theosebiam
3401 665 3678 739 spectat:
3740 660 3805 721 in

376 761 647 840 epistola
707 784 737 817 «
796 761 1139 823 sacerdotis
1195 760 1430 840 conjux
1492 786 1518 817 n
1579 779 1917 839 comparve
1975 758 2338 838 appellatur
2384 775 2398 832 ;
2451 758 2515 818 in
2572 757 2896 837 epitaphio
2947 758 3292 820 sacerdotis
3347 758 3517 819 illius
3575 777 3809 819 nomen

381 858 780 933 declaratur;
851 878 1190 938 rursusque
1260 860 1441 935 cujus
1496 859 1837 920 sacerdotis
1906 863 1967 918 et
2023 858 2204 937 cujus
2261 855 2544 935 Gregorii
2600 855 2791 917 fuerit
2840 880 2868 911 (ι
2905 875 3163 936 compar
3198 882 3227 913 »
3289 857 3643 919 Theosebia
3699 857 3813 918 de-

383 956 751 1019 nuntiatur.
812 958 1106 1036 Quisquis
1159 958 1301 1019 illas
1350 958 1592 1018 litteras
1640 956 1906 1035 legerit,
1966 975 2093 1017 non
2142 954 2457 1015 dubitabit
2505 954 2647 1033 quis
2702 954 2807 1015 ille
2866 955 2946 1016 sit
3003 955 3371 1034 Gregorius.
3434 955 3582 1035 Ejus
3643 955 3811 1016 enim

384 1054 582 1135 ipsius
629 1056 994 1129 sacerdotis,
1062 1061 1128 1115 ut
1174 1062 1267 1116 est
1315 1056 1378 1115 in
1444 1055 1732 1135 epistola,
1801 1054 1937 1134 ejus
1995 1054 2299 1134 Gregorii,
2355 1058 2422 1113 ut
2477 1052 2768 1114 disertius
2816 1053 3009 1115 habet
3057 1053 3480 1134 epitaphium,
3536 1054 3818 1116 Theose-

383 1152 491 1214 bia
548 1171 961 1232 «compar,»
1015 1154 1111 1214 vel
1166 1153 1219 1214 si
1277 1153 1497 1225 mavis,
1562 1176 1591 1209 «
1650 1153 1909 1232 conjux,
1969 1177 2000 1209 »
2064 1172 2103 1213 a
2152 1172 2279 1232 quo
2328 1151 2505 1212 illam
2553 1151 2617 1211 in
2673 1151 2943 1229 epistola
3000 1153 3406 1213 commendat
3461 1151 3818 1231 laudatque

387 1251 785 1330 Theologus;
840 1252 975 1330 ejus
1024 1253 1255 1312 iterum
1311 1252 1675 1324 sacerdotis,
1738 1252 1839 1311 cui
1897 1257 1959 1313 et
2011 1251 2246 1312 virtute
2311 1268 2546 1330 «par»
2608 1255 2670 1310 et
2725 1249 2967 1310 honore
3016 1250 3367 1312 Theosebia
3409 1251 3821 1330 pradicatur,

388 1348 649 1428 ejusque
708 1350 865 1410 adeo
924 1351 1268 1411 sacerdotis
1302 1396 1315 1423 ,
1381 1349 1516 1429 ejus
1574 1350 1858 1428 Gregorii
1912 1373 1943 1407 ‹‹
2000 1368 2261 1429 compar
2296 1396 2310 1423 ,
2370 1373 2399 1404 υ
2481 1348 2561 1408 ad
2619 1366 2808 1427 quem
2861 1348 3175 1427 pertinent
3228 1349 3357 1410 illa
3413 1349 3683 1421 laudes,
3742 1349 3824 1408 ad

389 1463 577 1523 quem
635 1444 797 1505 data
856 1451 1004 1507 sunt
1058 1445 1284 1507 littera
1319 1491 1332 1505 .
1404 1446 1553 1517 Qua
1604 1464 1747 1505 cum
1814 1446 1940 1506 sint
1999 1445 2079 1506 ad
2136 1448 2486 1525 Nyssenum
2545 1443 2794 1522 scripta
2832 1490 2846 1517 ,
2906 1444 3256 1523 ipsissimus
3320 1444 3423 1505 ille
3484 1445 3830 1523 Gregorius

389 1540 720 1602 habendus
778 1549 894 1614 est,
955 1543 1135 1622 cujus
1192 1549 1253 1603 et
1302 1567 1329 1598 ι
1383 1562 1562 1604 soror
1616 1567 1643 1599 no
1703 1549 1765 1603 et
1823 1566 1853 1597 «
1915 1542 2172 1623 conjux,
2229 1567 2261 1599 »
2324 1559 2433 1603 seu
2491 1541 2693 1619 magis
2752 1564 2781 1597 «
2842 1561 3127 1622 compar,
3178 1565 3209 1598 ι)
3273 1547 3343 1603 ut
3399 1542 3463 1603 in
3494 1540 3829 1621 epitaphio

389 1638 743 1700 Theosebia
798 1640 1203 1719 designatur.
1268 1643 1343 1702 Et
1398 1647 1566 1702 certe
1626 1659 1769 1702 cum
1828 1642 2128 1722 Nysseni,
2187 1647 2251 1702 et
2306 1660 2432 1701 non
2489 1639 2831 1700 sacerdotis
2888 1640 3147 1702 alterius
3203 1646 3428 1723 σύζυγον
3488 1640 3826 1713 Baronius,

393 1737 867 1799 continuatores
922 1739 1250 1812 Bollandi,
1315 1739 1568 1800 Rivetus
1626 1745 1688 1800 et
1754 1739 1861 1800 alii
1914 1739 2220 1801 senserint
2274 1736 2689 1800 Theosebiam
2765 1738 2828 1798 in
2887 1739 3153 1818 epistola
3210 1739 3441 1800 dictam
3500 1737 3829 1799 eamdem-

393 1853 519 1915 que
551 1855 834 1897 sororem
860 1858 877 1913 ;
921 1838 1074 1917 quid
1107 1837 1494 1899 incommodi
1522 1856 1657 1899 esse
1684 1844 1892 1917 potest
1928 1838 2092 1899 idem
2130 1838 2467 1899 admittere
2512 1835 2579 1896 in
2610 1835 2958 1916 epitaphio,
3012 1838 3183 1918 quod
3214 1838 3279 1898 in
3311 1837 3576 1918 epistola
3606 1836 3844 1898 admit-

396 1932 551 1994 titur
572 1934 602 1995 ?

479 2066 803 2139 Superest,
865 2066 935 2123 ut
991 2081 1118 2140 quo
1177 2080 1364 2123 sensu
1422 2062 1683 2142 Nysseni
1745 2086 1775 2119 «
1830 2082 2009 2124 soror
2066 2071 2128 2124 et
2158 2064 2478 2143 conjux,»
2542 2067 2795 2143 σύζυγος,
2846 2063 3199 2127 Theosebia
3253 2062 3519 2135 dicatur,
3556 2079 3839 2139 expona-

398 2177 560 2218 mus.
626 2160 832 2219 Primo
883 2160 1189 2239 quidem,
1252 2160 1715 2239 signiﬁcatione
1772 2162 2031 2241 propria
2082 2168 2419 2243 utrumque
2477 2166 2601 2227 dici
2660 2185 2784 2226 non
2843 2164 3096 2245 potuit;
3162 2161 3241 2221 ab
3292 2161 3478 2221 obvio
3517 2160 3713 2237 igitur
3776 2164 3843 2220 et

400 2256 657 2335 proprio
715 2274 901 2316 sensu
959 2276 1083 2317 vox
1130 2258 1519 2331 deducenda,
1573 2266 1634 2318 et
1682 2260 2024 2337 quarenda
2078 2262 2551 2341 interpretatio.
2611 2263 2964 2325 Theosebia
3020 2261 3082 2320 in
3138 2258 3466 2336 epitaphio
3524 2263 3681 2325 τέκος
3716 2270 3841 2335 Εμ-

402 2358 645 2433 μελίοιο,
708 2355 1031 2415 Emmelia
1085 2355 1215 2415 ﬁlia
1270 2356 1533 2416 dicitur:
1595 2357 1765 2435 quod
1817 2359 1868 2417 si
1932 2381 1963 2413 «
1997 2378 2286 2418 nurum»
2352 2362 2804 2440 interpreteris,
2856 2362 2937 2421 ad
2996 2357 3271 2431 Barouii,
3334 2355 3710 2415 Henschenii
3769 2362 3839 2414 et

398 2450 858 2530 Papehrocbii,
918 2453 1119 2512 ltiveti
1174 2454 1607 2531 aliorumque,
1679 2455 1788 2532 qui
1844 2457 2192 2533 Nyssenum
2273 2459 2590 2518 connubio
2661 2457 2953 2536 junctum
3029 2474 3172 2516 cum
3233 2453 3583 2515 Theosebia
3640 2452 3839 2513 fuisse

400 2548 643 2618 volunt.
708 2552 1085 2611 sententiam
1143 2553 1444 2622 accedes;
1498 2572 1613 2613 nec
1660 2571 1700 2613 a
1756 2554 2231 2626 consuetudine,
2296 2573 2424 2631 qua
2482 2574 2678 2615 nurus
2742 2555 2945 2614 «ﬁlia
2990 2575 3018 2611 ι)
3078 2553 3449 2631 plerumque
3506 2551 3843 2630 appellan—

402 2652 507 2706 tur
563 2648 644 2707 ah
692 2648 807 2721 iis,
869 2667 1029 2725 quas
1083 2668 1301 2710 socrus
1361 2650 1640 2723 habent,
1702 2651 1948 2729 penitus
2006 2650 2379 2725 recesseris,
2437 2671 2475 2711 a
2521 2653 2783 2713 veritate
2830 2660 3041 2711 autem
3095 2667 3352 2728 prorsus
3409 2648 3788 2708 abscesseris
3822 2694 3835 2706 .

403 2747 622 2822 Neque
665 2746 831 2811 enim
890 2746 1039 2807 sinit
1091 2749 1381 2826 epistola,
1440 2751 1519 2807 de
1566 2766 1692 2826 qua
1750 2750 1957 2821 toties,
2011 2748 2187 2808 illam
2245 2750 2551 2828 epitaphii
2612 2769 2829 2811 vocem
2886 2750 3014 2810 ullo
3075 2750 3266 2808 modo
3314 2746 3675 2820 sollicitare,
3738 2752 3839 2806 at-

405 2860 531 2920 que
561 2843 752 2903 etiam
788 2845 911 2904 huc
972 2851 1034 2903 et
1064 2864 1255 2921 quam
1288 2845 1565 2905 maxime
1596 2864 1737 2905 cum
1793 2847 2118 2924 epitaphio
2167 2847 2434 2925 epistola
2490 2850 2828 2918 concurrit,
2867 2855 2935 2907 ut
2986 2870 3017 2903 «
3056 2845 3268 2908 Basilii
3320 2864 3521 2915 soror,
3574 2868 3604 2899 »
3665 2843 3841 2922 quod

412 2958 541 3015 pra
573 2958 636 3000 se
669 2943 787 2999 fert
833 2940 1139 3018 epitaphii
1195 2943 1436 3012 titulus,
1496 2950 1559 3003 et
1614 2944 1940 3003 Emmelia
1998 2944 2149 3015 ﬁlia,
2213 2963 2340 3021 quo
2398 2945 2462 3004 in
2509 2945 2646 3023 ipso
2700 2950 2793 3005 est
2841 2945 3185 3023 epitaphio,
3222 2959 3651 3021 germanaque
3680 2940 3846 3000 adeo

411 3054 486 3096 ac
517 3037 773 3115 proprie
817 3038 1075 3117 Nysseni
1125 3058 1304 3099 soror
1354 3040 1706 3101 Theosebia
1755 3046 2095 3102 astruatur.
2162 3043 2457 3121 Epistula
2506 3043 2701 3103 verba
2747 3048 2931 3102 sunt:
2996 3066 3025 3097 «
3083 3044 3169 3102 Te
3228 3040 3508 3101 admiror
3563 3039 3642 3099 ob
3699 3056 3843 3099 eam

416 3134 817 3195 tolerantiam
877 3154 951 3196 ae
1000 3136 1464 3216 philosophiam
1506 3184 1520 3210 ,
1600 3158 1793 3216 quam
1868 3138 2141 3200 discessu
2200 3140 2403 3201 beata
2459 3147 2818 3219 sanctaque
2868 3140 3100 3201 sororis
3155 3144 3379 3199 vestra
3426 3142 3725 3215 prastare
3784 3143 3848 3197 te

416 3232 643 3293 audio:
708 3256 737 3287 »
798 3252 941 3312 qua
1000 3236 1254 3313 quidem
1313 3236 1507 3297 verba
1560 3237 1721 3297 illud
1771 3237 2166 3316 epitaphium
2226 3240 2350 3299 alio
2408 3238 2707 3318 prohibet
2758 3238 3141 3317 detorqueri.
3206 3241 3281 3298 Et
3334 3237 3527 3296 Paulo
3584 3236 3850 3295 inferius

412 3332 720 3407 pradicat
767 3331 1226 3403 Theosebiam,
1293 3354 1322 3391 (ι
1382 3335 1674 3395 Ecclesia
1729 3336 1951 3406 decus,
2012 3335 2242 3395 Christi
2297 3343 2760 3409 ornamentum,
2824 3337 3029 3397 atatis
3082 3335 3251 3396 illius
3307 3335 3542 3395 bonum
3584 3383 3597 3407 ,
3662 3334 3846 3393 femi-

408 3446 637 3488 narum
690 3429 985 3490 ﬁduciam
1024 3477 1038 3503 ,
1116 3432 1532 3493 Theosebiam
1590 3434 1655 3493 in
1713 3440 1890 3494 tanta
1960 3435 2226 3494 fratrum
2303 3435 2773 3513 pulchritudine
2847 3434 3487 3495 formosissimam'et
3561 3431 3844 3491 clarissi-

409 3543 685 3598 mam;»
750 3527 1039 3598 fratrum,
1098 3528 1383 3607 inquam,
1443 3530 1745 3609 quinque,
1798 3538 1861 3591 et
1908 3550 2197 3591 sororum
2260 3531 2543 3592 totidem.
2607 3532 2844 3602 Quibus
2895 3531 3145 3609 egregie
3185 3531 3458 3590 concinit
3488 3529 3547 3588 in
3585 3530 3841 3589 Emme-

406 3622 553 3682 liam
614 3624 1008 3703 epitaphium
1065 3644 1227 3687 cxxx
1276 3630 1445 3705 apud
1503 3630 1945 3689 Muratorium.
2010 3629 2186 3689 Mitto
2246 3648 2388 3706 qua
2446 3648 2523 3689 ex
2579 3628 2655 3689 iis
2706 3629 3001 3689 laudibus
3058 3647 3173 3706 pro
3221 3625 3588 3688 Theosebia
3622 3644 3847 3705 perpe-

403 3730 522 3782 tua
576 3722 936 3799 virginitate
994 3725 1207 3804 colligi
1280 3726 1560 3805 possint,
1638 3745 1828 3804 quam
1889 3726 2147 3804 quidem
2207 3729 2259 3786 si
2317 3732 2601 3804 professa
2669 3746 2795 3787 non
2855 3732 3060 3800 esset,
3121 3726 3314 3802 digna
3373 3724 3655 3803 profecto
3714 3743 3846 3784 non

402 3826 565 3878 esset
594 3838 736 3897 qua
793 3814 888 3882 tot
930 3822 1093 3883 inter
1136 3824 1363 3884 fratres
1415 3843 1489 3885 ac
1543 3844 1790 3885 sorores
1848 3825 2119 3902 virgines
2172 3826 2604 3897 «clarissima,
2665 3832 2728 3885 et
2782 3825 3013 3885 Christi
3069 3842 3142 3883 ac
3202 3823 3494 3884 Ecclesia
3553 3822 3745 3882 decus
3780 3827 3846 3883 et

401 3929 857 3979 ornamentum
887 3942 918 3974 »
955 3921 1289 3982 diceretur.

482 4048 547 4108 ln
606 4050 875 4129 epistola
930 4051 1237 4134 Theologi
1296 4055 1376 4115 ad
1435 4058 1785 4136 Nyssenum
1847 4056 1985 4117 hac
2034 4057 2429 4119 observanda
2488 4057 2761 4118 maxime
2831 4062 2977 4117 sunt
3034 4056 3266 4116 verba:
3337 4080 3367 4110 (ι
3424 4053 3841 4116 Theosebiam

405 4164 651 4220 meam;
706 4167 909 4210 meam
971 4150 1136 4212 enim
1202 4171 1355 4214 voco
1390 4202 1405 4230 ,
1493 4174 1635 4234 qua
1695 4162 1764 4216 ut
1845 4155 1957 4215 Dei
2016 4154 2258 4233 legibus
2325 4163 2819 4217 consentaneum
2876 4161 3011 4216 erat
3066 4154 3260 4226 vixit;
3316 4153 3836 4232 quandoquidem

399 4247 698 4325 spiritalis
755 4248 1048 4326 cognatio
1118 4269 1485 4329 corpoream
1545 4253 1887 4314 antecellit.
1950 4276 1980 4307 »
2041 4260 2306 4317 Tantam
2368 4255 2504 4315 haec
2560 4256 2754 4317 verba
2809 4257 2935 4315 vim
2996 4254 3231 4314 habent
3292 4253 3371 4312 ad
3434 4252 3836 4332 probandum

398 4344 813 4407 Theosebiam
862 4363 1143 4408 sororem
1205 4367 1338 4410 esse
1396 4369 1762 4428 germanam
1825 4354 2129 4431 Nysseni,
2203 4358 2265 4414 et
2320 4354 2398 4414 ad
2459 4354 2802 4413 arcendum
2861 4352 3110 4433 penitus
3168 4369 3310 4411 cum
3372 4351 3451 4411 ab
3511 4369 3584 4411 eo
3621 4396 3635 4422 ,
3703 4354 3839 4409 tum

399 4461 433 4502 a
493 4442 881 4504 Nazianzeno
939 4445 1329 4526 conjugium,
1395 4456 1463 4509 ut
1517 4449 1742 4511 mirum
1804 4450 1985 4512 valde
2043 4452 2123 4512 sit
2178 4452 2346 4513 viros
2402 4452 2623 4512 doctos
2678 4470 2755 4513 ex
2813 4451 2912 4511 his
2968 4450 3185 4512 verbis.
3233 4468 3452 4509 ansam
3496 4447 3843 4527 arripuisse

397 4540 684 4601 alterutri
739 4541 1041 4620 Gregorio
1099 4561 1243 4605 cum
1300 4544 1655 4608 Theosebia
1716 4547 2185 4608 matrimonium
2246 4549 2631 4628 al'ﬁngendi,
2686 4567 2763 4609 ex
2820 4547 3049 4627 quibus
3110 4545 3499 4609 contrarium
3559 4550 3844 4605 statuere

397 4637 776 4699 debuerant.

479 4763 660 4824 Certe
709 4763 1094 4845 Gregorius,
1166 4785 1310 4828 cum
1395 4792 1423 4828 «
1483 4770 1828 4849 cognitioni
1903 4789 2221 4852 corporea
2255 4819 2269 4847 ,
2336 4795 2367 4829 »
2432 4790 2557 4851 qua
2611 4774 2959 4851 Nyssenum
3019 4767 3371 4832 Theosebia
3428 4766 3837 4845 attingebat,

403 4886 430 4917 «
464 4860 809 4940 spiritalem
840 4885 870 4921 ι)
936 4865 1203 4945 opponit
1233 4885 1361 4946 qua
1401 4868 1482 4930 ad
1513 4887 1580 4931 se
1634 4869 1842 4949 ipsum
1903 4870 2297 4949 pertinebat;
2361 4890 2501 4931 cum
2571 4894 2598 4929 α
2630 4869 2988 4949 spiritalis»
3053 4868 3246 4949 hujus
3313 4891 3342 4927 (ί
3372 4865 3770 4944 cognationis
3812 4890 3839 4921 ι

396 4979 619 5022 causas
675 4980 748 5023 ac
821 4961 1096 5025 rationes
1154 4966 1405 5040 reddit,
1469 4969 1640 5046 quod
1701 4969 1998 5029 nimirum
2058 4969 2407 5031 Theosebia
2473 4992 2501 5028 (‹
2561 4970 2667 5030 Dei
2736 4969 2980 5048 legibus
3051 4974 3472 5029 consentanea
3530 4962 3735 5039 vixit,
3805 4988 3835 5020 ››

393 5077 645 5121 omnem
719 5078 979 5138 prorsus
1058 5082 1094 5123 a
1164 5082 1231 5124 se
1302 5070 1363 5125 et
1426 5085 1462 5125 a
1518 5068 1797 5145 Nysseno
1876 5068 2265 5129 matrimonii
2322 5068 2739 5147 suspicionem
2802 5067 3178 5147 propulsat.
3241 5062 3594 5127 Theosebia
3651 5080 3839 5122 soror

306 5174 309 5181 '
391 5162 530 5217 erat
585 5158 872 5237 Nysseni,
933 5161 1309 5239 cognatione
1369 5166 1717 5244 corporali;
1770 5187 1948 5227 soror
2006 5185 2153 5227 vero
2205 5166 2593 5240 Nazianzeni,
2663 5190 2689 5221 α
2755 5165 3132 5244 cognatione
3190 5161 3544 5243 spirituali;
3609 5185 3635 5215 υ
3681 5178 3839 5220 neu-

396 5254 551 5316 trius
608 5262 819 5317 autem
882 5276 1064 5320 uxor.
1126 5262 1249 5322 Nec
1303 5282 1554 5323 movere
1613 5265 1801 5326 debet
1858 5285 1980 5326 vox
2038 5266 2160 5326 ista
2215 5272 2465 5347 σύζυγος,
2531 5285 2658 5343 qua
2715 5284 2863 5324 usus
2922 5271 3015 5325 est
3046 5270 3269 5324 auctor
3296 5258 3627 5340 epitaphii.
3665 5258 3836 5318 Idem

392 5353 558 5413 enim
616 5353 735 5415 hac
795 5374 946 5417 voce
1001 5357 1359 5436 signiﬁcare
1442 5362 1641 5422 voluit
1717 5362 2104 5441 Gregorius,
2178 5364 2348 5441 quod
2423 5362 2485 5423 in
2568 5361 2893 5440 epitaphio
2978 5379 3075 5422 xu
3169 5359 3337 5438 apud
3420 5354 3838 5417 Muratorium

398 5472 454 5530 ί).
520 5452 632 5513 402
670 5459 959 5538 Καρτὲριον
1016 5469 1116 5533 τῆς
1175 5466 1275 5533 σῆς
1332 5464 1563 5542 σύζυγον
1627 5463 1897 5539 εὐσεϐἱης·
1969 5483 1997 5519 α

2235 5462 2359 5535 isti,
2417 5463 2649 5540 inquit,
2712 5460 3101 5533 Nicomedes,
3155 5456 3505 5519 Carterium
3538 5459 3666 5514 tua
3699 5452 3837 5532 pie-

396 5549 544 5609 tatis
599 5551 879 5613 socium.
939 5576 971 5609 ››
1028 5555 1422 5619 Nazianzeno
1482 5566 1650 5621 certe
1695 5560 1873 5621 licuit
1929 5560 2099 5640 quod
2156 5562 2384 5638 cuique
2441 5562 2635 5631 licet,
2697 5559 2956 5619 vocibus
3011 5559 3085 5619 iis
3143 5556 3369 5633 abuti,
3428 5552 3662 5634 quibus
3721 5570 3834 5611 vo-

400 5647 633 5722 luerit,
711 5650 893 5713 modo
951 5652 1259 5729 deﬁniat,
1337 5675 1692 5736 novamque
1750 5676 1944 5739 quam
2017 5658 2095 5720 iis
2158 5659 2409 5737 afﬁngit
2462 5656 2984 5737 signiﬁcationem
3048 5660 3373 5737 exponat.
3448 5650 3630 5725 Quod
3677 5666 3833 5712 sane

402 5745 804 5810 disertissime
889 5751 1225 5829 prastitit,
1300 5753 1717 5816 Theosebiam
1803 5773 2082 5818 sororem
2166 5756 2428 5837 Nysseni
2512 5773 2881 5835 germanam
2942 5774 3077 5818 esse
3133 5754 3515 5816 conﬁrmans
3548 5797 3563 5826 ,
3650 5748 3823 5829 ejus-
