4080 6456
222 444 278 513 53
1322 464 1737 529 PREFATIO
1784 466 2251 530 GENERALIS.
2287 499 2363 513 -
2396 464 2592 530 pass
2640 462 2719 528 Ii.
3647 457 3732 527 at

225 584 491 674 demque
560 592 1056 667 diaconissam
1113 600 1211 666 his
1267 602 1472 667 verbis
1530 607 1839 678 astruens,
1902 603 2130 685 quibus
2187 603 2435 684 aptiora
2493 622 2617 666 non
2700 605 2847 666 sunt
2919 600 3000 664 ad
3060 597 3451 683 designanda
3506 597 3724 665 diaco-

233 687 403 754 nissm
467 697 741 761 merita
810 708 883 764 et
964 703 1220 765 munia:
1288 725 1316 762 (ι
1367 702 1785 766 Theosebiam
1840 721 1985 765 vere
2040 722 2305 777 sacram,
2372 708 2564 783 atque
2620 700 2777 765 adeo
2858 700 3171 764 sacerdoti
3244 718 3608 783 comparem
3667 704 3729 762 et

239 807 455 868 parem
487 793 776 861 honore
814 806 883 862 et
918 802 1166 881 magnis
1198 802 1509 882 mysteriis
1539 802 1875 881 dignam.»

314 890 660 956 Praeterea
726 917 867 959 vox
930 902 1146 961 Graeca
1196 897 1423 974 σύζυγος
1484 919 1606 961 non
1667 900 1922 980 proprie
1977 900 2291 978 signiﬁcat
2344 918 2472 973 eos,
2540 918 2699 979 quos
2770 898 2985 960 Latine
3039 898 3339 979 conjuges
3402 916 3726 973 vocamus,

256 991 563 1053 maritum
622 1001 695 1055 et.
760 1015 1075 1070 uxorem;
1140 998 1245 1059 sed
1304 1018 1408 1059 eos
1483 999 1855 1076 generatim,
1919 1000 2026 1077 qui
2095 999 2303 1077 operis
2378 998 2663 1076 ejusdem
2740 998 2914 1072 socii,
2992 997 3157 1058 idem
3238 997 3428 1058 veluti
3498 997 3726 1075 jugum

268 1088 520 1152 trahere
580 1102 967 1157 censentur.
1033 1098 1126 1157 lla
1184 1097 1428 1158 consilii
1483 1098 1852 1177 participem
1916 1103 2097 1159 vocat
2154 1094 2377 1171 σύζυγον
2413 1096 2862 1175 Aristophanes
2918 1097 2980 1157 in
3041 1097 3267 1158 Pluto:
3327 1095 3417 1156 ita
3473 1115 3727 1175 quoque

277 1188 479 1250 Plato.
566 1192 675 1253 Sic
758 1200 826 1255 et
903 1195 1152 1271 nostris,
1232 1196 1540 1257 Macarius
1605 1197 1937 1275 zEgyptius
2017 1196 2361 1257 monacbus
2437 1192 2699 1268 συζῦγους
2752 1195 3043 1256 nominat
3128 1194 3493 1274 discipulos,
3569 1213 3729 1273 quos

288 1288 464 1349 binos
539 1291 859 1352 Dominus
942 1293 1130 1365 misit,
1209 1299 1514 1372 tanquam
1593 1294 1982 1373 conjugales.
2070 1298 2160 1354 Eo
2235 1294 2421 1355 etiam
2506 1314 2690 1355 sensu
2767 1293 3119 1355 Theosebia
3180 1290 3413 1366 σύζυγος
3445 1292 3730 1371 Gregorii

292 1391 556 1468 Eysseni
614 1392 737 1451 fuit
798 1397 860 1452 et
917 1393 1039 1453 dici
1096 1393 1323 1472 potuit,
1358 1394 1527 1472 quod
1580 1394 1671 1455 illi
1705 1419 1731 1450 α
1770 1414 1887 1474 par
1944 1394 2204 1467 honore,
2244 1419 2271 1448 »
2307 1386 2601 1465 ὁμότιμον,
2663 1394 2829 1473 quod
2870 1392 3175 1471 «magnis
3244 1392 3436 1471 digna
3493 1397 3727 1471 myste-

292 1486 425 1564 riis,
505 1509 535 1545 ι)
614 1490 724 1539 τῶν
763 1484 1017 1562 μεγάλων
1055 1486 1367 1564 μυστηρίων
1424 1487 1590 1559 ἀξίαν,
1669 1491 1870 1571 iisque

2112 1491 2377 1552 strandis
2450 1492 2710 1553 fratrem
2785 1509 2983 1562 soror,
3038 1490 3429 1550 sacerdotem
3505 1490 3723 1551 diaco-

292 1585 466 1645 nissa
525 1585 898 1666 adjuvabat,
952 1595 1014 1648 et
1070 1588 1408 1667 conjuncta
1468 1609 1661 1669 opera
1717 1590 2171 1651 collaborabat.
2235 1592 2379 1651 Haec
2439 1597 2653 1651 autem
2726 1590 2802 1649 de
2879 1608 3030 1650 voce
3092 1586 3322 1660 σῦζυγος
3379 1588 3727 1669 disputavi-

290 1702 461 1757 mus,
516 1684 693 1769 salvo
751 1685 959 1746 Basilii
1017 1688 1213 1766 patris
1270 1688 1681 1767 ejusdemque
1739 1689 2015 1768 episc0pi
2076 1689 2390 1749 connubio
2468 1707 2610 1749 cum
2685 1688 3011 1762 Emmelia,
3076 1693 3138 1748 et
3194 1686 3474 1766 Gregorii
3530 1687 3730 1767 patris

288 1805 440 1846 cum
506 1789 754 1847 Nonna.
818 1790 1121 1848 Emme-lia
1178 1789 1339 1849 enim
1401 1799 1463 1849 et
1517 1792 1761 1863 Nonna,
1826 1790 2237 1851 sanctissimae
2313 1790 2586 1863 feminae,
2646 1809 2791 1850 vere
2867 1788 3187 1868 conjugcs,
3251 1788 3452 1849 altera
3514 1787 3725 1849 Basilii

288 1885 525 1965 patris,
578 1886 773 1947 altera
837 1889 1114 1965 Gregorii
1189 1889 1383 1965 patris
1464 1890 1654 1960 fuere,
1718 1889 1888 1967 quod
1963 1888 2100 1949 aliis
2190 1896 2250 1949 et
2322 1888 2610 1968 plurimis
2688 1888 3079 1967 argumentis
3157 1892 3425 1948 constat.
3489 1889 3725 1949 Neutra

287 2003 441 2043 cum
507 1985 735 2045 marito
791 1986 1350 2063 consanguinitatis
1408 1986 1536 2047 ullo
1590 1988 1790 2064 gradu
1849 1992 1984 2047 erat
2042 1988 2399 2066 conjuncta,
2465 1994 2532 2047 ut
2587 2005 2806 2047 vocem
2882 2006 2919 2047 a
2994 1986 3207 2047 nativa
3264 1984 3726 2065 signiﬁcatione

286 2082 613 2142 deducere
644 2101 801 2160 opus
832 2084 930 2143 sit.

379 2183 581 2241 Nemo
629 2179 764 2259 jam
822 2200 947 2242 non
996 2182 1291 2262 intelligit
1349 2202 1473 2262 quo
1532 2183 1751 2244 ordine
1810 2183 2104 2244 habenda
2161 2182 2239 2243 sit
2297 2202 2457 2243 vana
2522 2183 2847 2243 Muratorii
2904 2183 2979 2243 de
3058 2183 3460 2244 matrimonio
3517 2181 3724 2243 Theo-

286 2278 427 2357 logi
490 2279 792 2357 suspicio,
853 2286 915 2340 et
971 2288 1210 2358 quanto
1267 2282 1326 2340 in
1386 2301 1595 2343 errore
1654 2287 1937 2342 versatus
1993 2283 2073 2343 sit
2126 2281 2523 2361 Beveregius,
2586 2283 2695 2360 qui
2770 2281 3157 2343 conﬁdenter
3227 2281 3447 2342 asserit
3523 2282 3723 2342 nemi-

285 2396 439 2436 nem
536 2376 602 2435 in
699 2377 1077 2456 antiquitate
1154 2384 1466 2439 versatum
1557 2380 1797 2440 nescire
1884 2380 2259 2459 Gregorium
2350 2379 2742 2459 Theologum
2840 2379 3241 2440 matrimonio
3354 2378 3721 2458 copulatum

285 2475 509 2535 fuisse.
570 2474 706 2534 lmo
764 2494 950 2536 nemo
1004 2477 1067 2535 in
1127 2478 1501 2554 antiquitate
1565 2484 1843 2539 versatus
1917 2479 1979 2538 id
2059 2497 2337 2557 unquam
2410 2478 2759 2557 cogitavit:
2823 2497 2984 2538 unus
3057 2478 3430 2557 Beveregius
3499 2483 3718 2537 natum

291 2590 372 2630 ex
428 2591 492 2631 se
567 2578 693 2633 tam
752 2573 1106 2635 inauditum
1165 2582 1588 2635 commentum
1648 2576 1930 2655 protulit.
1993 2578 2244 2637 Certum
2301 2576 2496 2654 igitur
2553 2582 2612 2636 et
2680 2576 3126 2636 inconcussum
3205 2579 3452 2636 maneat
3532 2574 3721 2635 nullis

286 2670 627 2748 alligatum
684 2690 965 2750 unquam
1023 2674 1255 2752 nuptiis
1315 2674 1499 2734 fuisse
1558 2674 1974 2752 Theologum,
2037 2676 2164 2753 qui,
2232 2680 2298 2734 ut
2354 2674 2443 2734 ait
2518 2672 2883 2734 Theodulus
2934 2672 3282 2733 monachus
3356 2672 3419 2732 in
3479 2672 3715 2749 Greguo

282 2768 367 2828 rii
422 2769 737 2848 Theologi
794 2770 1159 2831 laudatione
1239 2772 1321 2852 (p.
1386 2772 1543 2851 153),
1612 2798 1640 2829 ‹‹
1715 2775 1972 2853 nuptias
2055 2793 2181 2834 non
2262 2772 2492 2849 attigit,
2555 2790 2768 2832 verum
2848 2771 2908 2830 in
2986 2774 3290 2851 perpetua
3360 2769 3720 2849 virginitate

284 2867 470 2926 vixit.
533 2892 564 2921 »
628 2870 880 2929 Certum
938 2889 1190 2949 quoque
1248 2877 1309 2930 et
1364 2871 1806 2931 inconcussum
1873 2878 2124 2931 maneat
2182 2872 2551 2950 Gregorium
2628 2873 2977 2948 Nyssenum
3042 2868 3359 2931 connubio
3427 2869 3722 2948 junctum

287 2984 420 3025 non
480 2967 673 3026 fuisse
732 2985 874 3027 cum
928 2968 1295 3042 rl’hcosebia,
1359 2989 1500 3048 quas.
1558 2969 1812 3047 quidem
1886 2988 2064 3030 soror
2122 2969 2315 3049 ipsius
2391 2976 2547 3042 erat,
2611 2989 2736 3027 non
2814 2973 3023 3028 autem
3104 2968 3375 3046 conjux;
3438 2967 3726 3044 adeoque

288 3073 356 3125 et
412 3065 649 3144 ipsum,
711 3066 763 3125 si
820 3065 944 3126 alio
1004 3086 1128 3127 non
1181 3068 1368 3127 fuerit
1432 3067 1726 3147 conjugio
1800 3068 2184 3147 implicatus,
2248 3069 2516 3127 liberum
2593 3073 2655 3127 et
2734 3067 3017 3127 caelibem
3094 3072 3400 3145 perpetuo
3476 3064 3725 3124 vixisse.

290 3164 463 3223 Sane
520 3164 628 3242 qui
684 3182 827 3224 eum
894 3165 1147 3244 nuptias
1225 3166 1505 3244 attigisse
1568 3167 1939 3241 voluerunt,
2018 3186 2145 3226 non
2212 3166 2400 3226 aliam
2482 3185 2671 3245 quam
2753 3164 3167 3226 Theosebiam
3243 3182 3387 3224 eum
3467 3181 3728 3223 uxorem

286 3261 591 3321 habuisse
654 3267 1036 3336 statuerunt,
1099 3282 1212 3324 nec
1273 3264 1397 3325 alio
1458 3264 1587 3324 nixi
1642 3265 2077 3346 fundamento
2116 3283 2305 3343 quam
2395 3263 2662 3342 epistola
2720 3264 2801 3323 al.
2863 3280 3036 3336 xcv;
3101 3281 3242 3340 quae
3320 3279 3465 3321 cum
3538 3260 3729 3321 aliam

292 3379 427 3438 prae
490 3379 555 3418 se
614 3360 771 3420 ferat
828 3361 1222 3436 sententiam,
1284 3363 1409 3423 ruit
1467 3362 1723 3422 omnino
1782 3362 2147 3441 nuptiarum
2208 3362 2471 3441 Nysseni
2518 3361 3024 3436 fundamentum,
3084 3360 3306 3420 victrix
3365 3366 3460 3420 est
3513 3358 3729 3439 opinio

288 3457 800 3518 Centuriatorum
864 3457 970 3539 (α),
1034 3460 1140 3538 qui
1194 3478 1334 3520 eum
1417 3466 1721 3541 perpetuo
1780 3461 2063 3521 caelibem
2141 3461 2365 3521 vixisse
2420 3461 2663 3533 volunt,
2725 3464 2787 3520 et
2844 3459 3106 3520 laudant
3162 3458 3514 3519 orationem
3574 3460 3727 3520 Gre-

282 3556 450 3634 gorii
482 3554 565 3615 al.
600 3574 681 3616 xx
712 3556 773 3616 in
804 3557 1101 3617 Basilium
1137 3560 1458 3637 Magnum.

366 3653 633 3714 Dibrum
689 3654 779 3714 De
847 3656 1193 3735 virginitate
1267 3658 1516 3737 scripsit
1595 3660 1911 3738 Nyssenus
1969 3660 2056 3737 (p.
2124 3657 2291 3737 117),
2354 3657 2415 3717 in
2491 3677 2616 3735 quo
2693 3656 2830 3717 haec
2908 3662 3054 3717 sunt
3122 3655 3359 3716 verba:
3428 3679 3459 3711 «
3515 3654 3727 3716 Veluti

285 3752 566 3830 quodam
628 3758 807 3813 terrae
887 3753 1064 3814 hiatu
1139 3756 1569 3835 prohibemur,
1653 3756 1990 3835 quominus
2066 3757 2145 3817 ad
2221 3756 2387 3816 hanc
2463 3755 2888 3834 virginitatem
2969 3753 3344 3814 accedamus
3397 3802 3410 3827 ,
3477 3778 3505 3810 ››
3582 3772 3726 3832 quae

286 3850 481 3911 vetba
545 3850 789 3911 amissae
870 3852 1245 3930 virginitatis
1323 3855 1662 3932 quamdam
1746 3855 2164 3936 Sl'tSpiCiOtlt‘m
2245 3856 2537 3914 videntur
2620 3851 2901 3931 injicere.
2986 3853 3215 3913 Verum
3264 3850 3431 3911 'hmc
3532 3852 3727 3911 verba

283 3950 447 4026 ipsa,
506 3955 568 4008 et
627 3951 1139 4028 comparationes
1213 3971 1370 4031 quas
1436 3953 1695 4012 adhibet
1751 3953 1802 4013 si
1871 3960 2245 4031 perpendas,
2306 3951 2578 4030 suspicio
2654 3957 3005 4011 evanescet.
3069 3953 3203 4011 Non
3279 3949 3443 4010 enim
3531 3948 3726 4027 virgi-

288 4048 557 4107 nitatem
636 4047 863 4128 ipsam,
944 4050 1051 4110 sed
1125 4050 1294 4111 illius
1368 4050 1513 4111 vitae
1611 4051 1969 4125 commoda,
2051 4050 2377 4123 utilitates,
2456 4051 2731 4129 quietem
2804 4048 3115 4128 deplorat.
3198 4050 3360 4121 Non,
3437 4048 3726 4125 inquam,

290 4146 529 4205 nudam
588 4163 661 4205 ac
714 4146 1061 4225 simplicem
1122 4148 1549 4228 virginitatem
1608 4149 1672 4208 in
1732 4168 1806 4210 eo
1865 4154 2135 4209 tractatu
2196 4148 2497 4228 proponit
2550 4151 2918 4228 Nyssenus;
2983 4146 3091 4207 sed
3158 4148 3354 4207 vitam
3430 4149 3559 4207 Deo
3616 4145 3727 4206 de-

286 4250 532 4317 votam,
596 4243 853 4304 liberam
912 4245 1076 4306 euris
1132 4265 1206 4307 ac
1264 4246 1604 4321 caelestem,
1668 4247 1848 4325 cujus
1923 4246 2198 4326 adjutrix
2256 4247 2320 4307 in
2398 4247 2616 4326 primis
2674 4252 2735 4306 et
2809 4245 2977 4306 socia
3038 4244 3387 4324 virginitas.
3449 4243 3731 4322 Negotiis

283 4349 507 4403 autem
584 4343 991 4405 sacularibus
1070 4344 1371 4406 distracta
1462 4346 1758 4425 primum,
1824 4346 1967 4407 dein
2060 4346 2405 4425 episcopali
2498 4344 2923 4405 sollicitudine
3002 4343 3266 4423 Nysseni
3358 4343 3487 4402 vita
3580 4360 3723 4402 cum

283 4440 500 4511 fuerit,
534 4439 691 4501 nihil
740 4442 967 4503 mirum
1030 4444 1107 4503 ab
1169 4463 1266 4518 eo,
1329 4444 1437 4523 qui
1523 4444 1712 4505 tantis
1770 4445 1952 4505 bonis
2008 4445 2284 4517 carebat,
2320 4448 2553 4504 sortem
2612 4462 2792 4504 suam
2851 4442 3190 4523 deplorari.
3251 4441 3369 4513 Qui
3419 4441 3515 4502 vel
3572 4460 3723 4520 pro-

286 4538 509 4617 logum
543 4538 785 4617 legerit,
821 4540 926 4601 ubi
954 4548 1320 4603 accuratum
1353 4544 1544 4604 totius
1574 4542 1718 4603 libri
1750 4548 2219 4621 argumentum,
2254 4561 2383 4603 rem
2416 4542 2748 4620 intelliget.

1003 4686 1168 4761 §Itl.
1203 4702 1278 4745 ns
1325 4703 1470 4748 VITA
1516 4702 1864 4748 MONASTICA
1906 4702 2074 4754 eum
2118 4701 2449 4746 psorsssus
2493 4701 2601 4746 ss'r
2650 4699 3006 4747 cessemus.

370 4794 734 4857 Monasticaa
790 4797 934 4860 vitae
1016 4801 1404 4880 professione
1480 4802 1806 4862 astrictum
1886 4802 2074 4862 fuisse
2152 4801 2544 4881 Gregorium,
2604 4819 2719 4860 nec
2776 4818 2900 4859 non
2960 4799 3284 4871 Basilium,
3338 4797 3714 4876 Chrysosto-

288 4910 462 4953 mum
548 4901 841 4956 constans
921 4904 1017 4959 est
1097 4899 1379 4960 omnium
1466 4906 1630 4961 retro
1720 4901 2092 4961 saeculorum
2151 4900 2481 4961 sententia.
2572 4901 2727 4961 Cum
2795 4898 2856 4957 id
2916 4897 3132 4977 negari
3216 4895 3504 4958 absolute
3586 4913 3716 4957 non

288 4991 509 5068 possit,
572 5010 796 5054 novam
858 4997 1201 5073 quamdam
1258 4998 1643 5077 Opinionem,
1708 5000 1874 5077 apud
1955 5000 2251 5077 antiquos
2326 4998 2674 5058 inauditam
2762 5014 3043 5076 prorsus,
3100 4995 3323 5054 doctus
3400 4992 3717 5054 Thomas-

283 5087 463 5147 sinus
533 5086 795 5164 invenit,
856 5097 925 5152 ut
978 5093 1361 5154 moncahum
1416 5114 1542 5154 non
1618 5095 1807 5155 fuisse
1873 5096 2265 5173 Gregorium,
2328 5112 2441 5153 nec
2518 5092 2816 5153 Basilium
2898 5090 3279 5153 ostenderet.
3340 5088 3715 5166 Hujusmodi

283 5184 659 5263 figmentum
715 5190 925 5251 arrisit
984 5191 1393 5253 celeberrimo
1462 5192 1673 5253 abbati
1754 5193 2085 5273 Trapensi,
2146 5192 2606 5253 monachorum
2685 5190 2893 5251 studia
2977 5189 3378 5267 impugnanti
3435 5186 3557 5266 (b);
3611 5206 3711 5255 ne.

285 5282 337 5342 si
429 5284 823 5363 Gregorium,
920 5288 1244 5362 Basilium,
1322 5290 1863 5369 Ghrysostomum,
1956 5297 2102 5365 etc.,
2185 5290 2531 5351 monachos
2632 5290 2821 5349 fuisse
2918 5292 3313 5365 agnosceret,
3393 5284 3722 5345 monachis

284 5381 381 5438 fas
438 5399 572 5441 esse
626 5384 833 5444 studio
883 5384 1267 5461 incumbere,
1333 5407 1675 5467 agnoscere
1748 5395 2098 5468 cogeretur.
2152 5390 2298 5449 Haec
2377 5387 2742 5466 Hieronymi
2818 5386 3102 5466 epistolae
3174 5383 3254 5445 ad
3328 5382 3711 5461 Principiam

284 5478 503 5553 verba,
566 5480 755 5562 hujus
823 5502 1005 5548 novae
1062 5486 1382 5567 opinionis
1440 5488 1923 5549 fundamentum
1996 5489 2217 5550 statuit
2258 5487 2711 5549 Thomassinus
2771 5484 2886 5566 (c):
2951 5509 2978 5540 ι
3043 5483 3460 5546 Suburbanus
3536 5481 3715 5541 vobis

283 5594 439 5655 ager
494 5598 608 5658 pro
666 5582 1048 5645 monasterio
1110 5584 1244 5660 fuit,
1310 5591 1370 5646 et
1427 5605 1533 5646 rus
1599 5585 1870 5647 electum
1947 5604 2062 5666 pro
2138 5585 2554 5648 solitudine...
2623 5583 2770 5656 Quis
2846 5582 2967 5644 hoc
3043 5581 3345 5655 crederet,
3412 5584 3482 5640 ut
3559 5596 3711 5639 con-

363 5727 629 5809 (ελ-Θεοί.
690 5749 766 5802 1v,
811 5749 861 5789 ο.
915 5734 1000 5800 10,
1060 5734 1235 5791 verbo
1282 5734 1436 5808 Greg.
1497 5737 1657 5809 Nysa.
1706 5738 1931 5793 cantur.

1706 5738 1931 5793 cantur.
2087 5735 2353 5808 Δ(ἰήιὶᾱρ.
2390 5752 2504 5791 aux
2536 5735 2695 5790 étud.
2717 5734 3010 5809 manust”
3044 5747 3100 5804 p.
3153 5731 3275 5809 178_.

289 5815 351 5870 p.
384 5800 504 5857 322.
751 5800 757 5802 '
1383 5800 1405 5808 '
1545 5800 1567 5809 '

2124 5800 2206 5879 ’(ό)
2240 5800 2435 5880 Discip.
2471 5823 2573 5874 θα,
2604 5808 2752 5879 part.
2780 5820 2842 5871 ιι,
2874 5802 2977 5861 lib.
3001 5800 3202 5876 1,—cap.
3237 5803 3322 5857 46.
