4080 6450
386 419 465 481 55
1401 416 1819 477 PREI’ATIO
1867 416 2341 476 Gl“.NEliAl.lS.
2381 449 2452 459 -—
2487 413 2685 474 PARS
2731 412 2808 474 Il.
3742 414 3824 478 56

383 551 593 615 sutum
681 568 997 632 pronepos
1085 551 1569 633 (Pammachius,
1633 570 1819 631 quem
1926 552 2363 630 Hieronymus,
2453 548 2733 630 appellat
2815 542 3249 622 ἀρχιστράτηγον
3335 549 3830 646 monachorum)

388 674 420 708 «
478 652 642 712 inter
699 669 1017 731 purpuras
1074 659 1434 713 senatorum
1498 651 1678 711 furva
1736 651 1949 710 tunica
2008 649 2286 728 pullatus
2345 648 2714 710 incederet?
2781 671 2806 702 ιο
2868 649 3000 708 Hoc
3080 654 3280 708 totum
3351 656 3463 723 est,
3527 651 3578 710 si
3661 653 3825 715 ﬁdes

385 750 805 812 Thomassino
880 749 986 829 (α),
1069 752 1434 828 mysterium
1513 749 1878 809 monasticae
1957 747 2360 826 professionis
2433 746 2735 825 Gregorii,
2817 746 3052 818 Basilii,
3135 746 3585 826 Ghrysostomi,
3664 757 3817 825 etc.,

386 850 684 910 nimirum
762 849 944 908 furva
1017 848 1229 909 tunica
1301 849 1612 927 pullatum
1684 847 1990 918 incedere,
2055 865 2200 905 rure
2273 845 2532 906 versari.
2596 848 2730 905 Non
2807 844 2996 904 aliam
3076 845 3137 903 in
3195 845 3292 905 his
3369 849 3599 907 sanctis
3671 850 3824 910 vita;

390 947 758 1010 monasticae
811 947 1265 1025 professionem
1339 946 1622 1023 agnoscit
1695 944 2170 1015 Thomassinus,
2238 944 2548 1022 simulque
2624 948 2816 1020 negat
2885 966 2914 998 «
2975 961 3116 1002 vere
3192 945 3576 1005 monachum
3657 965 3818 1020 esse,

385 1046 506 1107 nisi
564 1045 673 1125 qui
744 1063 809 1105 se
854 1045 933 1105 ad
1005 1050 1211 1105 totum
1289 1045 1431 1104 vitae
1504 1049 1752 1122 tempus
1828 1042 2155 1119 astringat,
2219 1060 2409 1120 seque
2501 1041 2794 1102 omnibus
2869 1040 3366 1120 professionibus
3441 1044 3668 1122 spoliet
3746 1064 3822 1106 ac

385 1144 600 1206 nudet.
665 1165 694 1202 υ
768 1177 846 1187 —
922 1165 956 1198 α
1000 1144 1228 1205 Verum
1287 1141 1541 1202 difﬁcile
1601 1160 1727 1200 non
1786 1140 1926 1212 erit,
1987 1140 2191 1219 inquit
2247 1146 2459 1200 noster
2510 1139 2889 1199 Prudentius
2946 1141 3264 1214 Maranus,
3319 1140 3817 1203 Thomassinum

387 1241 699 1314 refellens,
761 1246 1100 1318 utrumque
1161 1240 1236 1299 de
1290 1239 1519 1298 Basilio
1577 1244 1861 1298 astruere
1915 1255 1928 1309 ;
1989 1243 2051 1296 et
2107 1237 2277 1314 quod
2353 1237 2634 1297 eruditus
2708 1237 3160 1297 Thomassinus
3239 1239 3485 1310 statuit,
3547 1246 3615 1299 ut
3674 1259 3823 1300 eum

387 1340 767 1400 monachum
828 1358 953 1398 non
1016 1338 1205 1398 fuisse
1261 1338 1520 1415 probet,
1583 1336 1644 1395 id
1702 1341 2064 1397 convertere
2119 1335 2184 1394 in
2242 1340 2685 1413 argumentum
2745 1353 2907 1394 verae
2978 1335 3145 1394 illius
3223 1336 3592 1397 monasticae
3674 1357 3828 1416 pro-

389 1437 697 1498 fessionis.
731 1458 758 1493 »
814 1437 992 1508 Quod
1042 1437 1119 1496 de
1175 1435 1403 1498 Basilio
1466 1434 1720 1494 difficile
1779 1453 1904 1494 non
1952 1439 2066 1505 est,
2100 1433 2176 1494 de
2235 1433 2536 1513 Gregorio
2597 1433 2916 1494 difﬁcilius
2973 1451 3096 1493 non
3148 1433 3287 1506 erit,
3349 1434 3530 1513 cujus
3589 1437 3836 1516 scripta

390 1537 668 1614 amplam
693 1541 967 1612 segetem
1001 1534 1431 1613 suppeditant.
1795 1605 1804 1613 _

471 1636 707 1695 Vereor
769 1651 847 1693 ne
905 1639 1116 1694 actum
1179 1649 1365 1709 agere
1422 1631 1659 1704 videar,
1722 1637 1784 1691 et
1851 1649 2321 1709 supervacaneo
2400 1629 2766 1690 incumbere
2835 1629 3061 1699 labori,
3122 1629 3174 1689 si
3256 1630 3334 1690 de
3410 1631 3715 1709 Gregorio
3775 1632 3840 1692 id

389 1732 660 1812 probare
733 1731 1087 1809 aggrediar,
1151 1730 1321 1808 quod
1392 1729 1468 1789 de
1544 1729 1773 1789 Basilio
1846 1728 2137 1807 probavit
2211 1727 2347 1807 ejus
2413 1727 2826 1806 epistolarum
2921 1727 3146 1788 editor.
3213 1728 3330 1798 Qui
3403 1728 3570 1788 enim
3647 1730 3840 1790 unius

392 1830 536 1889 vitae
617 1828 978 1888 monasticae
1056 1827 1508 1906 professionem
1591 1827 1838 1905 probat,
1919 1833 2258 1904 utrumque
2355 1826 2732 1885 monachum
2832 1825 3021 1884 fuisse
3099 1826 3396 1886 ostendit.
3484 1827 3839 1905 Aggrediar

393 1934 629 2000 tamen,
693 1927 744 1986 si
804 1926 1058 2006 quidem
1119 1926 1281 1985 hanc
1338 1925 1728 2003 provinciam
1788 1931 1999 1984 noster
2058 1923 2431 1984 Prudentius
2492 1947 2518 1978 α
2581 1923 2783 1984 sodali
2842 1942 3084 2001 operun
3145 1923 3427 2000 Gregorii
3487 1924 3834 1986 editionem

401 2025 754 2087 elaboranti
788 2048 816 2080 »
879 2024 1156 2102 reliquit,
1189 2023 1346 2083 nihil
1375 2023 1509 2103 ipse
1554 2047 1583 2078 «
1644 2023 1705 2082 in
1768 2022 1864 2082 his
1914 2042 2054 2102 quae
2113 2023 2192 2082 ad
2250 2027 2536 2082 sanctum
2599 2022 2966 2100 Gregorium
3024 2021 3482 2082 Nazianzenum
3543 2030 3838 2102 spectant

396 2124 789 2184 immoratus.
826 2143 855 2180 ι)

479 2224 559 2283 Ut
615 2221 754 2300 quis
813 2240 956 2281 vere
1013 2227 1074 2280 et
1149 2218 1400 2298 proprie
1460 2217 1809 2279 monachus
1880 2219 1982 2292 sit,
2041 2217 2304 2297 requirit
2376 2217 2830 2279 Thomassinus
2890 2223 2958 2278 ut
3015 2242 3044 2272 «
3104 2237 3169 2279 se
3239 2218 3320 2278 ad
3397 2223 3599 2279 totum
3688 2219 3836 2280 vita:

400 2328 650 2401 tempus
731 2322 1059 2398 astringat,
1115 2339 1305 2400 seque
1394 2319 1690 2379 omnibus
1757 2319 2252 2397 possessionibus
2330 2319 2559 2398 spoliet
2635 2337 2708 2378 ac
2781 2319 2996 2378 nudet.
3073 2342 3103 2374 »
3166 2321 3517 2397 Utrumque
3591 2322 3842 2398 praesti-

401 2421 548 2482 tisse
632 2419 1026 2496 Gregorium,
1110 2418 1445 2496 Gregorius
1519 2418 1866 2496 presbyter,
1927 2417 2061 2495 ejus
2131 2419 2288 2479 Vita:
2363 2417 2652 2496 scriptor,
2728 2417 2976 2477 disertis
3052 2417 3259 2476 verbis
3338 2422 3603 2477 testatur
3651 2418 3743 2497 (p.
3808 2421 3845 2478 8

397 2524 461 2580 et
519 2518 609 2598 9).
673 2541 700 2573 ι
765 2519 902 2597 lpse
962 2517 1080 2577 sibi
1136 2515 1505 2576 consulebat
1562 2522 1650 2588 ut,
1713 2515 2249 2594 quemadmodum
2308 2516 2370 2575 in
2429 2516 2572 2575 vitae
2644 2515 2980 2575 discrimen
3062 2515 3372 2575 adductus
3429 2515 3836 2593 promiserat,

395 2620 525 2678 Deo
583 2634 717 2676 sese
783 2615 1059 2688 offerret,
1120 2619 1177 2675 et
1236 2633 1273 2675 a
1333 2613 1568 2673 mundo
1627 2612 1967 2692 sejunctus,
2018 2632 2161 2673 eum
2215 2631 2288 2672 eo
2366 2613 2475 2692 qui
2534 2612 2704 2673 solus
2760 2613 3133 2692 purissimus
3186 2619 3302 2685 est,
3364 2613 3509 2674 vitae
3571 2632 3839 2675 consue-

397 2711 612 2772 tudine
638 2711 1033 2791 jungeretur,
1071 2717 1260 2790 atque
1295 2729 1370 2770 ex
1403 2710 1706 2771 librorum
1741 2728 2061 2770 sacrorum
2096 2709 2364 2770 lectione
2395 2709 2675 2770 veritatis
2706 2710 3105 2789 splendorem
3140 2709 3444 2770 hauriret.
3483 2735 3510 2766 η

479 2834 508 2864 α
543 2810 740 2888 quue
769 2811 958 2871 etiam
1018 2827 1132 2884 per
1174 2827 1426 2869 omnem
1483 2808 1676 2868 vitam
1743 2809 1949 2868 facere
2004 2827 2126 2868 non
2187 2807 2442 2880 destitit,
2479 2807 2828 2868 monachus
2885 2825 3017 2868 esse
3071 2808 3280 2888 potius
3336 2809 3576 2869 habens
3631 2828 3827 2888 quam

399 2906 781 2978 mundanus,
821 2912 882 2967 et
939 2925 1180 2985 pauper
1237 2924 1429 2984 quam
1488 2906 2010 2984 quaestuariuszt

2217 2912 2259 2972 ἃς
2319 2903 2438 2958 ἀντὶ
2496 2907 2788 2977 κοσμικοῦ.
2825 2930 2854 2962 ››
2893 2906 3211 2985 Quidquid
3267 2906 3462 2985 igitur
3514 2907 3828 2968 Thomas-

400 3005 573 3065 sinus
630 3004 913 3083 requirit,
978 3009 1046 3064 ut
1095 3004 1235 3083 quis
1289 3003 1544 3083 proprie
1601 3003 1846 3064 dicatur
1901 3009 1963 3063 et
2017 3021 2162 3064 vere
2221 3004 2300 3064 sit
2369 3004 2738 3078 monachus,
2797 3003 2862 3063 id
2932 3023 3120 3064 omne
3179 3004 3515 3083 Gregorius
3572 3006 3824 3084 praesti-

399 3101 516 3176 tit;
552 3101 680 3162 imo
712 3102 895 3180 plura
925 3121 1116 3181 quam
1149 3102 1450 3181 postulat.

485 3200 799 3278 Quidquid
858 3201 1155 3278 objicitur
1211 3219 1248 3259 a
1304 3198 1742 3272 'l‘homassino,
1795 3199 2135 3260 adductum
2197 3200 2482 3260 crederes
2539 3200 2620 3260 ad
2676 3200 3075 3278 probandum
3144 3200 3558 3262 monasticam
3633 3202 3833 3264 vitam

407 3299 756 3376 professum
819 3299 1008 3359 fuisse
1064 3299 1460 3375 Gregorium.
1518 3297 1795 3377 Opponit
1849 3304 2057 3359 tamen
2118 3299 2211 3358 vir
2265 3299 2508 3372 doctus,
2557 3299 2856 3376 Gregorio
2915 3300 3152 3360 fontem
3185 3305 3247 3360 et
3302 3299 3556 3360 hortum
3616 3302 3836 3369 fuisse,

408 3395 694 3474 adeoque
724 3396 932 3476 ipsum
967 3415 1224 3456 suorum
1257 3395 1375 3455 sibi
1419 3413 1766 3456 reservasse
1799 3402 2039 3475 partem
2098 3396 2410 3456 bonorum
2466 3402 2526 3457 et
2583 3403 2918 3475 propterea
2974 3415 3118 3458 vere
3176 3403 3236 3457 et
3294 3399 3549 3476 proprie
3609 3417 3838 3459 mona-

413 3491 604 3552 chum
638 3511 765 3552 non
813 3493 1025 3553 fuisse.
1061 3495 1205 3553 Haec
1265 3491 1548 3571 Gregorii
1604 3493 1796 3553 verba
1850 3494 2089 3553 suntin
2147 3494 2424 3554 carmine
2456 3500 2598 3573 post
2655 3495 3012 3555 abdicatam
3071 3494 3841 3574 Constantinopolitanam

409 3589 618 3650 sedem
669 3590 924 3650 condito
979 3590 1172 3669 (quod
1227 3591 1484 3668 quidam
1545 3590 1877 3651 observare
1933 3591 2275 3671 plurimum
2324 3592 2631 3672 interest),
2665 3593 2729 3652 in
2789 3611 2915 3671 quo
2965 3609 3031 3652 se
3088 3592 3475 3652 monachum
3535 3593 3840 3672 appellat,

405 3687 577 3765 quod
638 3687 994 3749 dissimulat
1050 3687 1502 3750 Thomassinus
1558 3688 1679 3770 (b):
1730 3713 1759 3745 «
1819 3691 2031 3767 Nuper
2090 3689 2371 3768 quidam,
2432 3691 2660 3769 inquit,
2723 3691 2972 3764 stultus,
3035 3690 3274 3752 deliciis
3307 3691 3614 3770 perditus,
3668 3691 3846 3753 dives

407 3791 596 3864 atque
653 3786 955 3860 insolens,
1023 3786 1280 3849 delicias
1339 3788 1494 3848 mihi
1546 3788 1820 3866 vitaeque
1879 3786 2208 3846 mollitiem
2285 3787 2669 3866 objectabat,
2729 3807 2872 3849 cum
2933 3787 3058 3848 alia
3132 3789 3333 3848 multa
3408 3789 3646 3859 dicens,
3709 3795 3843 3850 tum

409 3886 599 3944 etiam
636 3884 815 3959 illud,
850 3903 952 3946 me
1011 3885 1267 3946 divitem
1326 3892 1387 3946 et
1445 3885 1771 3965 copiosum
1831 3904 1984 3959 esse,
2022 3891 2091 3946 ut
2143 3886 2251 3964 qui
2308 3894 2369 3946 et
2424 3886 2703 3963 hortum,
2740 3893 2801 3948 et
2869 3887 3065 3947 otium
3102 3933 3115 3960 ,
3153 3892 3214 3947 et
3272 3887 3654 3948 mediocrem
3714 3889 3845 3948 fon-

408 3989 536 4042 tem
596 3981 894 4043 habeam.
937 4002 967 4039 ι)
1028 3982 1186 4043 Hinc
1244 3983 1565 4043 concludit
1628 3983 2105 4056 Thomassinus,
2168 3984 2535 4064 Gregorium
2587 4005 2713 4046 non
2770 3985 2986 4046 omnia
3054 3985 3221 4046 bona
3279 3985 3606 4058 abjecisse,
3649 3986 3842 4046 adeo-

411 4099 531 4156 que
564 4098 690 4140 non
747 4079 1002 4158 proprie
1061 4080 1444 4140 monachum
1509 4081 1722 4140 fuisse.
1757 4087 1855 4141 An
1912 4083 2094 4155 serio,
2127 4101 2204 4142 an
2256 4082 2473 4162 jocose
2531 4091 2592 4144 et
2642 4083 2845 4144 ridere
2895 4083 3111 4143 volens
3174 4083 3296 4143 hoc
3328 4083 3557 4144 dixerit
3616 4083 3710 4143 vir
3743 4085 3844 4144 do-

412 4185 568 4250 ctus,
635 4177 912 4237 dubitari
962 4184 1210 4256 posset:
1268 4178 1496 4238 mirum
1556 4179 1720 4238 enim
1773 4179 1973 4239 virum
2024 4180 2280 4240 doctum
2341 4181 2572 4242 talibus
2628 4181 2984 4255 momentis,
3040 4181 3091 4240 si
3149 4187 3470 4241 momenta
3526 4180 3671 4241 licet
3729 4201 3842 4260 ap-

410 4276 672 4354 pellare,
708 4293 838 4336 rem
873 4281 1001 4334 tam
1060 4282 1348 4354 apertam
1411 4277 1807 4356 impugnare.
1842 4277 2176 4355 Gregorius
2232 4279 2486 4340 hortum
2547 4279 2771 4340 habuit
2799 4287 2861 4341 et
2893 4298 3159 4358 parvum
3218 4280 3456 4340 fontem
3485 4301 3499 4356 ;
3528 4298 3670 4358 quae
3703 4281 3842 4360 qui-

407 4376 580 4449 libet,
639 4381 707 4436 ut
755 4375 1038 4454 quotidie
1094 4375 1406 4449 videmus,
1475 4374 1666 4436 habet
1723 4377 2020 4437 eremita:
2076 4377 2216 4456 quis
2268 4378 2413 4438 inde
2469 4379 2630 4440 serio
2676 4379 2957 4457 colligat,
2991 4379 3361 4456 Gregorium
3411 4398 3670 4440 suorum
3731 4376 3847 4439 sibi

405 4481 649 4552 partem
707 4474 1017 4534 bonorum
1081 4475 1488 4534 reservasse?
1548 4475 1720 4534 Idem
1779 4475 1967 4536 etiam
2028 4481 2234 4554 posset
2291 4476 2495 4537 dicere
2550 4495 2692 4536 cum
2757 4501 2788 4532 ‹‹
2839 4476 3030 4538 stulto
3084 4477 3447 4556 deliciisque
3505 4477 3838 4556 perdito,»

412 4571 780 4648 Gregorium
838 4571 1095 4632 divitem
1157 4577 1217 4632 et
1276 4572 1601 4652 copiosum
1661 4573 1871 4633 fuisse.
1933 4574 2128 4645 Quem
2190 4574 2525 4652 Gregorius
2581 4575 2666 4634 sic
2725 4575 2953 4635 refellit
3009 4574 3080 4655 (ε)
3133 4592 3146 4633 :
3216 4599 3246 4630 ‹‹
3305 4575 3371 4636 Si
3416 4575 3678 4647 fontem,
3750 4574 3846 4634 vel

413 4670 784 4744 hortulum,
847 4670 944 4730 vel
1003 4670 1369 4743 umbrosum
1431 4672 1946 4732 nemusculum...
2009 4672 2440 4752 possideamus
2475 4719 2488 4743 ,
2549 4673 2611 4733 id
2669 4673 2926 4734 delicias
2992 4672 3542 4753 interpretamini,
3598 4696 3628 4728 »
3708 4690 3842 4732 ma-

411 4787 601 4845 gnam
660 4773 1021 4829 nostrorum
1081 4768 1260 4829 nobis
1319 4774 1560 4847 partem
1631 4769 1942 4830 bonorum
2002 4788 2351 4831 reservasse
2422 4770 2848 4831 arbitramini.
2916 4794 2946 4827 ‹‹
3003 4770 3165 4842 Quid
3224 4789 3398 4848 vero,
3458 4770 3742 4849 inquam,
3806 4789 3841 4830 0

413 4867 619 4940 miser,
683 4867 1079 4947 lacrymasne
1136 4872 1325 4941 taces,
1382 4873 1444 4928 et
1498 4868 1732 4929 ventris
1789 4869 2060 4940 frenum,
2123 4875 2184 4930 et
2240 4888 2516 4948 genuum
2577 4870 2863 4943 vulnera,
2923 4875 3267 4948 noctesque
3323 4868 3664 4942 insomnes,
3699 4869 3840 4948 qui-

413 4966 528 5026 bus
577 4965 875 5026 monachi
932 4985 1046 5027 sua
1103 4985 1373 5045 corpora
1429 4968 1832 5027 conficientes
1891 4968 2205 5028 enecant?
2264 4991 2293 5022 »
2349 4969 2494 5027 Hzec
2554 4967 2931 5046 Gregorius:
2993 4985 3183 5045 quem
3244 4966 3459 5028 omnia
3509 4966 3832 5044 abjecisse,

411 5081 604 5142 seque
656 5063 947 5123 omnibus
1003 5064 1504 5143 possessionibus
1562 5065 1863 5143 spoliasse
1940 5083 2014 5124 ac
2080 5066 2374 5136 nudasse,
2435 5066 2601 5143 quod
2689 5065 2952 5144 requirit
3035 5064 3492 5126 Thomassinus
3550 5070 3617 5123 ut
3699 5063 3839 5142 quis

409 5181 554 5221 vere
604 5161 954 5222 monachus
1013 5162 1137 5223 dici
1187 5168 1247 5222 et
1305 5181 1438 5222 esse
1497 5162 1711 5241 possit,
1773 5169 2014 5223 certum
2069 5170 2162 5223 est
2219 5163 2546 5241 ipsiusmet
2604 5163 2830 5223 verbis.
2895 5161 3124 5224 Omnia
3191 5162 3449 5234 dimisit,
3497 5161 3657 5222 nihil
3722 5160 3839 5220 sibi

409 5279 688 5332 servans,
752 5260 941 5320 etiam
998 5260 1309 5321 facundiae
1370 5261 1670 5320 labores:
1727 5283 1755 5317 η
1814 5262 2037 5322 Omnia
2096 5261 2153 5320 ei
2197 5262 2305 5339 qui
2369 5281 2466 5321 me
2514 5261 2578 5320 in
2637 5267 2870 5322 sortem
2933 5260 3176 5339 accepit
3234 5267 3296 5321 et
3353 5260 3628 5320 servavit
3676 5260 3837 5319 dono

411 5359 576 5432 dedi,
610 5358 1056 5438 possessiones,
1089 5362 1306 5427 κτῆσιν,
1345 5382 1367 5416 ι
1405 5365 1568 5420 etc.:
1632 5359 1850 5419 eadem
1913 5358 2145 5440 passim
2204 5360 2431 5440 repetit
2487 5360 2826 5438 Gregorius
2883 5359 2946 5420 in
3005 5359 3404 5421 orationibus
3463 5364 3526 5420 et
3579 5358 3643 5418 in
3703 5376 3835 5418 car-

412 5456 709 5517 minibus.

489 5681 565 5755 (ᾳ)
593 5680 659 5755 Ifl.
697 5679 780 5752 t3,
809 5681 876 5755 14
911 5684 968 5738 et
989 5682 1075 5748 15,
1107 5698 1163 5754 p.
1201 5682 1323 5755 165.

2253 5683 2321 5755 (c)
2345 5682 2518 5754 Ibid.,
2552 5699 2603 5740 v.
2639 5682 2706 5738 15
2727 5685 2785 5739 et
2815 5698 2937 5754 seq.

490 5753 562 5823 (ὸ)
593 5753 782 5810 Carm.
819 5752 890 5810 al.
921 5755 1014 5826 59,
1043 5752 1252 5812 ν.’1-4.
