4080 6460
238 440 285 503 51
1335 458 1758 521 ramulo
1804 459 2271 520 GENERALIS.
2307 491 2384 505 —
2432 459 2627 521 PARS
2675 457 2749 520 η.
3676 458 3754 521 58

298 580 483 656 Quod
546 593 808 653 autem
888 592 1198 675 Gregorii
1249 598 1695 657 testamentum
1753 599 2018 674 spectat,
2079 593 2237 656 nihil
2297 594 2363 656 in
2420 613 2495 657 eo
2552 592 2852 673 reperias,
2922 593 3092 675 quod
3133 598 3362 657 nostrae
3394 592 3758 657 adversetur

251 685 601 761 sententia,
635 688 795 753 imo
837 694 1033 755 nihil
1091 694 1256 774 quod
1307 713 1431 755 non
1491 690 1720 755 faveat.
1785 696 1869 757 Ut
1924 694 2090 755 enim
2148 694 2437 754 omittam
2494 702 2641 753 tunc
2696 693 3001 773 temporis
3060 712 3187 755 non
3240 699 3482 754 tantum
3516 691 3753 780 testari,

260 783 351 844 sed
405 787 619 847 etiam
681 788 1146 854 heereditates
1198 793 1370 853 adire
1430 792 1759 853 monachis
1816 792 2056 853 licitum
2114 792 2327 863 fuisse,
2388 791 2757 870 legibusque
2817 809 3225 852 concessum:
3284 791 3619 863 bonorum,
3679 792 3756 853 de

270 881 491 962 quibus
548 884 624 945 in
686 892 1113 950 testamento
1171 889 1429 962 statuit,
1507 908 1631 950 non
1692 889 2030 964 dominus,
2099 890 2205 951 sed
2284 894 2657 968 procurator
2716 894 2964 949 tantum
3036 895 3098 949 et
3154 888 3522 949 administer
3594 888 3754 951 fuit.

278 984 420 1043 Haec
468 984 659 1045 enim
722 988 965 1049 omnia
1015 989 1151 1067 jam
1206 988 1446 1049 dudum
1506 988 1827 1067 abjecerat
1873 1005 1887 1048 :
1953 1012 1983 1044 «
2044 990 2436 1066 Omnemque
2494 1004 2702 1046 meam
2774 986 3191 1048 substantiam
3248 986 3572 1047 catholica)
3629 988 3751 1047 Na-

284 1081 483 1143 zianzi
540 1088 985 1161 consecravi,
1047 1086 1300 1165 inquit,
1359 1088 1440 1147 ad
1497 1105 1850 1166 pauperum
1884 1132 1898 1160 ,
1972 1085 2082 1166 qui
2141 1086 2256 1146 sub
2313 1086 2535 1146 eadem
2588 1090 2734 1145 sunt
2793 1084 3089 1159 Ecclesia,
3170 1083 3589 1145 ministerium
3641 1100 3656 1157 ;
3720 1106 3751 1141 »

294 1186 485 1260 atque
542 1182 642 1243 ita
703 1185 936 1245 omnia
988 1185 1242 1263 abjecit,
1302 1190 1372 1245 ut
1439 1208 1468 1243 α
1515 1204 1589 1246 ea
1645 1184 1723 1246 de
1778 1202 1969 1246 causa
2016 1191 2142 1245 tres
2200 1183 2442 1244 alendis
2498 1183 2888 1262 pauperibus
2936 1186 3257 1243 curatores
3314 1181 3673 1242 instituerit.
3716 1201 3745 1239 ι

298 1282 439 1342 Non
467 1280 550 1341 de
611 1282 815 1343 rebus
872 1283 1022 1357 suis,
1085 1303 1225 1363 quae
1281 1283 1473 1345 nullae
1533 1288 1735 1357 erant,
1793 1283 2029 1363 quippe
2086 1283 2301 1344 omnia
2356 1282 2693 1361 abjecerat,
2757 1286 3133 1342 testamento
3190 1299 3304 1342 suo
3362 1279 3603 1354 statuit,
3645 1280 3754 1340 sed

310 1378 649 1441 conﬁrmat
684 1428 702 1457 ,
784 1381 958 1460 quod
1007 1380 1394 1461 jampridem
1466 1381 1939 1457 destinaverat,
2002 1386 2490 1461 sanctorumque
2566 1385 2901 1460 parentum
2963 1378 3277 1440 voluntati
3330 1378 3699 1457 obsequitur
3734 1423 3750 1440 .

308 1478 573 1540 Veniam
638 1478 765 1540 sibi
823 1480 959 1541 dari
1014 1481 1343 1560 postulat,
1418 1482 1589 1560 quod
1646 1480 1805 1541 nihil
1895 1481 2091 1562 possit
2167 1481 2318 1541 dare
2366 1479 2693 1560 Alypianae
2753 1478 3128 1540 dulcissimae
3198 1478 3383 1552 ﬁliae;
3445 1477 3752 1538 rationem

311 1575 487 1637 hanc
518 1577 743 1639 addit:
801 1579 1106 1659 «Quippe
1154 1580 1262 1659 qui
1304 1580 1518 1642 omnia
1563 1580 1699 1658 jam
1750 1580 2137 1659 pauperibus
2184 1578 2515 1653 destinavi,
2564 1583 2676 1639 aut
2704 1578 2915 1658 potius
2954 1576 3331 1640 beatissimis
3361 1576 3751 1655 parentibus,

311 1674 549 1753 quidta
583 1676 852 1755 polliciti
881 1683 1082 1752 erant,
1116 1678 1451 1739 obsecutus
1481 1696 1642 1753 sum,
1682 1697 1954 1758 quorum
1985 1677 2378 1739 voluntatem
2419 1675 2661 1737 irritam
2694 1674 2974 1749 reddere,
3012 1692 3125 1736 nec
3157 1678 3471 1748 sanctum,
3518 1691 3631 1734 nec
3663 1678 3754 1735 tu-

312 1779 454 1833 tum
488 1774 791 1835 arbitror.
822 1798 853 1830 »

402 1871 739 1933 Haeredem
770 1891 949 1932 suum
1007 1873 1129 1934 hoc
1187 1878 1562 1935 testamento
1618 1873 1889 1935 instituit
1944 1872 2313 1952 Gregorium
2372 1871 2794 1932 monachum:
2857 1892 2888 1926 «
2944 1871 3156 1931 Haeres
3211 1886 3388 1930 meus
3426 1872 3557 1930 esto
3603 1870 3754 1931 Gre-

314 1970 544 2047 gorius
574 1970 963 2031 monachus:
998 1996 1027 2027 »
1092 1972 1394 2050 additque
1449 1978 1710 2051 postea:
1779 1974 1927 2033 «ita
1983 1971 2238 2050 quidem
2298 1976 2366 2031 ut
2421 1970 2555 2050 ipse
2615 1988 2819 2030 meam
2869 1986 3122 2029 omnem
3152 1967 3590 2042 substantiam,
3625 1984 3756 2028 mo-

311 2066 518 2127 bilem
578 2074 644 2127 et
697 2068 1123 2142 immobilem,
1184 2077 1416 2132 sanctae
1466 2070 1796 2132 catholicae
1855 2070 2147 2131 Nazianzi
2202 2069 2493 2130 Ecclesiae
2552 2068 2942 2130 restituat....
3004 2067 3431 2145 sciensque....
3494 2065 3558 2125 in
3612 2083 3751 2125 eam

310 2184 456 2226 rem
501 2185 566 2226 se
623 2166 977 2228 institutum
1039 2168 1378 2243 haeredem,
1434 2176 1504 2230 ut
1564 2188 1679 2249 per
1730 2170 1936 2249 ipsum
1994 2167 2291 2230 Ecclesiae
2348 2168 2564 2229 omnia
2620 2167 2752 2227 sine
2812 2164 3033 2228 fraude
3092 2170 3541 2226 conserventur
3571 2162 3680 2245 (a).
3716 2186 3748 2221 η

310 2264 584 2325 Poterat
640 2282 789 2343 ergo
848 2267 1209 2345 Gregorius,
1264 2267 1552 2347 quamvis
1610 2268 1958 2328 monachus
2014 2272 2195 2341 esset,
2258 2272 2320 2327 et
2369 2266 2583 2328 omnia
2640 2264 2993 2344 abjecisset,
3052 2265 3292 2324 fontem
3341 2267 3404 2323 et
3454 2262 3753 2341 exiguum

310 2362 582 2423 hortum
646 2362 880 2425 habere
914 2411 927 2425 .
991 2366 1092 2426 Sic
1151 2365 1431 2443 Gregorii
1488 2370 1936 2427 testamentum
1996 2366 2333 2427 conﬁrmat
2389 2383 2531 2426 eum
2595 2364 2740 2425 vitae
2801 2362 3163 2424 monasticze
3219 2360 3592 2441 professioni
3648 2360 3757 2420 ad-

313 2460 561 2522 dictum
623 2462 813 2523 fuisse
848 2510 862 2537 ,
921 2463 1450 2544 difﬁcultatesque
1504 2483 1724 2526 omnes
1778 2465 2112 2541 dissolvit,
2188 2464 2422 2525 nedum
2481 2463 2933 2543 impedimento
3009 2480 3142 2523 esse
3196 2465 3261 2522 et
3314 2460 3751 2522 difﬁcultatem

316 2559 520 2639 possit
550 2559 830 2639 aliquam
866 2579 1109 2641 parere.
3404 2567 3415 2577 ’

398 2674 777 2735 Achillaaum
809 2676 1210 2738 Thomassini
1252 2682 1717 2757 argumentum,
1782 2678 1861 2739 ad
1919 2677 2409 2758 expugnandam
2459 2675 2740 2755 Gregorii
2792 2674 3205 2737 monasticam
3262 2671 3746 2754 professionem,

315 2783 467 2834 sunt
513 2774 650 2835 haec
681 2776 961 2854 Gregorii
992 2776 1185 2838 verba
1212 2775 1290 2858 (b)
1317 2794 1331 2837 :

1006 2904 1182 2985 Μέσην
1204 2906 1517 2985 ςινίῆλβον
1550 2906 1761 2985 ἀζύγῳν
1790 2909 1878 2985 steti
1915 2904 2180 2985 μιγάδων2

1010 2982 1131 3032 Τῶν
1165 2980 1257 3052 μὲν
1288 2979 1349 3035 τὸ
1381 2979 1627 3049 σύννουν,
1658 2977 1765 3035 ’ἰῶν
1800 2977 1857 3034 δὲ
1887 2977 1948 3034 τὸ
1988 2977 2228 3056 χρηστὸν
2264 2979 2464 3057 φέρων.

1010 3078 1196 3134 Media
1226 3080 1376 3135 inter
1406 3080 1535 3136 illos
1570 3079 1796 3151 hosque
1825 3081 2073 3151 procedo
2106 3081 2218 3147 via,

1013 3151 1297 3209 Meditans
1327 3156 1393 3208 ut
1420 3153 1539 3221 isti,
1573 3150 1947 3209 commodum
1977 3151 2213 3208 illorum
2243 3150 2547 3207 aemulans.

330 3267 488 3338 Qum
521 3267 732 3341 verba,
769 3266 820 3328 si
850 3254 984 3329 viro
1014 3267 1202 3330 docto
1250 3269 1425 3344 ﬁdes,
1489 3268 1850 3348 signiﬁcant
1906 3270 2297 3349 Gregorium,
2359 3287 2501 3330 cum
2559 3266 2965 3329 deliberasset
2996 3264 3314 3346 quodnam
3374 3262 3523 3325 vitae
3556 3279 3758 3342 genus

326 3365 501 3425 inter
527 3366 931 3427 solitudinem
963 3367 1421 3429 monachorum
1456 3373 1519 3429 et
1555 3368 1750 3428 vitam
1800 3368 1864 3428 in
1914 3366 2123 3428 media
2178 3367 2503 3427 civitatum
2552 3365 2741 3426 turba
2795 3369 3187 3444 sequeretur.
3240 3361 3513 3423 mediam
3544 3360 3759 3421 iniisse

324 3463 524 3534 viam,
558 3470 630 3526 ut
657 3464 795 3525 aliis
824 3465 1169 3545 prodesset,
1206 3485 1321 3528 nec
1369 3466 1489 3528 sibi
1518 3465 1861 3545 perniciem
1897 3466 2229 3540 inveniret,
2277 3465 2329 3527 si
2366 3466 2457 3526 ita
2496 3464 2778 3545 Gregorii
2807 3463 2998 3525 verba
3027 3462 3172 3523 licet
3201 3458 3624 3541 interpretari,
3662 3458 3755 3518 fas

319 3562 403 3636 sit
432 3562 642 3625 dicere
672 3583 814 3625 cum
845 3573 1070 3645 poeta:

1000 3679 1095 3736 Nil
1121 3680 1275 3737 intra
1305 3684 1395 3737 est
1424 3678 1636 3748 oleam,
1668 3679 1752 3736 nil
1783 3684 1945 3737 extra
1975 3684 2064 3738 est
2086 3680 2146 3736 in
2177 3696 2324 3736 nuce
2355 3679 2485 3736 duri
2516 3679 2607 3752 (ε).

322 3789 525 3861 Quam
559 3787 922 3868 longissime
951 3787 1405 3851 Thomassinus
1435 3788 1690 3850 aberrat
1719 3807 1757 3849 a
1786 3793 1994 3851 mente
2027 3788 2349 3868 Gregorii!
2403 3805 2595 3866 quam
2640 3785 2691 3847 si
2722 3785 2990 3847 velimus
3037 3782 3309 3866 assequi,
3342 3781 3535 3863 paulo
3565 3800 3751 3863 supe—

321 3888 493 3949 riora
524 3888 865 3967 repetenda
894 3893 1041 3949 sunt
1067 3888 1259 3948 verba
1289 3886 1371 3969 (Δ)
1397 3905 1410 3947 :

1005 4014 1228 4089 Πρῷτον
1267 4007 1323 4089 δὲ
1350 4009 1912 4089 τοῖύτουερ-ιλοσοφ-ἧσᾳι
1944 4008 2279 4089 προρεῆἑμην,

1002 4080 1178 4156 Ῥῖψω
1206 4082 1438 4156 Θεῷ-καὶ
1467 4080 1673 4156 τᾶλλα,
1703 4080 1796 4156 acii
1826 4080 2029 4156 πόνούς
2048 4080 2268 4156 ⁸λςᾷγων,

1003 4153 1103 4230 :95-
1124 4155 1175 4209 οἳ
1206 4153 1463 4230 πᾳρὲντις
1487 4154 1977 4230 Δμηλοιῡότρυςλτᾶις
2007 4153 2216 4230 nucleis,

1004 4227 1074 4284 ἸΙ
1105 4225 1307 4302 χρυσὸν
1340 4225 1688 4304 ἀθροίσαντες
1722 4227 1798 4290 εἰς
1833 4225 2018 4301 ἅλμης
2053 4225 2270 4302 βύθους.

1001 4334 1265 4408 Primum
1297 4335 1535 4407 quidem
1570 4334 1973 4408 philosophari
2005 4339 2353 4408 statueram,

1004 4406 1218 4479 lltheo
1250 4406 1596 4479 projicerem
1628 4412 1686 4464 et
1714 4406 1829 4463 alia
1859 4407 2079 4474 omnia,
2112 4412 2169 4463 et
2199 4406 2484 4479 facundiae
2517 4406 2767 4477 labores,

996 4477 1171 4552 Velut
1202 4477 1303 4550 qui
1336 4477 1506 4552 agros
1539 4479 1862 4550 pecudibus
1893 4480 2218 4552 pascendos
2242 4478 2631 4550 reliquerunt,

997 4550 1099 4606 Vel
1131 4568 1341 4606 aurum
1376 4550 1798 4625 congesserunt
1826 4550 2100 4608 in'maris
2132 4552 2511 4624 profundum.

307 4666 654 4746 Gregorius
702 4666 797 4727 his
852 4672 1019 4728 certe
1068 4668 1271 4729 verbis
1330 4668 1632 4743 declarat,
1689 4688 1753 4729 se
1803 4667 2186 4749 jamdudum
2236 4669 2446 4729 omnia
2497 4668 2801 4748 abjecisse
2859 4667 2923 4727 in
2980 4672 3374 4745 perpetuum,
3438 4663 3750 4725 desiderio

310 4763 763 4845 philosophiae,
822 4765 887 4825 id
943 4770 1058 4843 est,
1118 4772 1190 4827 ut
1247 4767 1544 4828 monachi
1599 4767 1795 4829 vitam
1853 4774 2210 4842 exerceret;
2272 4767 2442 4847 quod
2502 4768 2581 4827 ad
2642 4767 2835 4827 vitam
2898 4764 3309 4825 monasticam
3370 4762 3633 4841 requirit
3689 4766 3751 4823 et

312 4863 608 4924 sufﬁcere
639 4864 871 4924 fatetur
912 4864 1047 4944 ipse
1095 4865 1587 4927 Thomassinus:
1650 4884 1857 4946 neque
1916 4866 2083 4926 enim
2140 4865 2325 4946 plura
2383 4866 2473 4927 fas
2531 4873 2626 4927 est
2682 4864 3021 4946 requirere.
3075 4863 3140 4923 Id
3191 4867 3401 4924 autem
3450 4862 3752 4921 decreve-

312 4967 414 5022 rat
442 4961 780 5040 Gregorius
801 4961 1205 5040 jamdudum,
1239 4963 1303 5023 id
1333 4963 1529 5024 ﬁxum
1562 4969 1997 5044 statutumque
2020 4969 2156 5026 erat
2186 4963 2257 5045 (ε)
2286 4981 2299 5024 :

1000 5084 1069 5177 ’ξὸ
1083 5085 1199 5177 δμὲν
1230 5106 1298 5171 ςεα
1327 5087 1524 5177 σαρκρς
1554 5086 1606 5149 ἒς
1637 5085 1838 5177 βύθριξς
1868 5083 2045 5177 ῥίψαι,
2077 5084 2247 5177 uaga:

1010 5155 1341 5232 Δεδογμένον
1368 5155 1415 5214 ’ξ’
1448 5160 1540 5233 ἦν,
1571 5155 1661 5214 καὶ
1690 5159 1802 5214 τότ’
1858 5155 2055 5237 ρὲσκὲ
2082 5157 2275 5216 πλέον.

992 5265 1337 5342 anuidem
1368 5284 1495 5339 quae
1527 5267 1719 5324 carnis
1749 5273 1911 5336 sunt,
1945 5269 2004 5323 in
2036 5268 2395 5342 profundum
2431 5269 2713 5342 projicere

981 5337 1215 5394 Dudum
1249 5337 1540 5396 statutum
1570 5345 1715 5412 erat,
1745 5344 2004 5413 tuncque
2035 5337 2301 5414 placebat
2333 5337 2542 5415 magis.

309 5453 440 5515 Hoc
496 5453 696 5514 ﬁxum
776 5453 992 5515 animo
1069 5456 1351 5537 Gregorii
1425 5457 1706 5535 sedebat,
1765 5463 2043 5540 votoque
2100 5458 2534 5522 sanctissimus
2609 5460 2841 5542 praesul
2898 5459 3193 5522 astrictus
3250 5457 3583 5522 tenebatur
3641 5454 3750 5543 (ί),

388 5660 467 5741 (εξ)
497 5658 655 5741 Qrat.
688 5659 760 5741 2,_
778 5674 834 5731 p.
865 5659 960 5741 50.
1213 5734 1268 5741 Δ.
1290 5736 1309 5741 Α
1373 5735 1429 5741 Α,
1455 5736 1466 5741 _
2161 5666 2238 5740 (d)
2265 5664 2459 5741 ραι-ω’
2492 5670 2579 5741 De
2604 5667 2727 5741 vita
2755 5682 2878 5741 sua,
2898 5683 2954 5724 v.
2982 5665 3090 5724 270
3129 5668 3185 5724 et
3204 5681 3327 5741 seq.

387 5732 695 5811 (b_)_(_3arm.
717 5733 796 5811 De
822 5733 943 5811 υίρᾳ
972 5748 1092 5802 sua,
1124 5750 1178 5790 ν.
1210 5734 1338 5811 310,
1370 5735 1497 5792 311.

1228 5734 1338 5811 uo,
1370 5735 1497 5792 311.
2159 5732 2234 5811 ζα)
2265 5738 2442 5809 Ibid.,
2467 5755 2521 5797 v.
2551 5739 2683 5811 282,
2712 5740 2839 5797 283.

388 5742 473 5803 (ο)
502 5742 695 5789 Carm.
717 5742 796 5789 De
822 5742 943 5788 vita
972 5748 1092 5802 sua,
1124 5750 1178 5790 ν.
1210 5742 1338 5804 310,
1370 5742 1497 5792 311.

388 5805 455 5877 (ε)
483 5804 710 5876 Horat.,
743 5808 848 5877 Ep.
876 5804 982 5861 lib.
1015 5822 1077 5876 ιι,
1100 5820 1194 5879 ep.
1227 5808 1280 5865 1.

1081 5775 1092 5802 ,
1124 5750 1178 5790 ν.
1210 5742 1338 5804 310,
1370 5742 1497 5792 311.
2183 5743 2234 5808 θ)
2265 5742 2442 5809 Ibid.,
2467 5755 2521 5797 v.
2551 5742 2683 5811 282,

1100 5820 1194 5879 ep.
1227 5808 1280 5865 1.
2159 5742 2229 5884 ff)
2257 5812 2417 5883 Orat,
2446 5811 2504 5884 2,
2536 5811 2612 5870 al.
2642 5816 2692 5871 1.
