4080 6468
334 383 411 442 59
1333 390 1753 457 PR/EFATIO
1799 396 2263 459 GENERALIS.
2300 431 2373 443 —
2411 396 2616 458 PARS
2663 394 2738 459 ll.
3676 394 3761 460 60

336 522 503 601 quc-d
539 546 568 582 ‹‹
602 522 664 583 in
699 524 991 586 maximis
1021 526 1533 610 gravissimisque
1564 532 1880 612 periculis,
1915 556 1943 593 ι)
1980 552 2121 595 cum
2154 534 2432 596 Athenas
2462 534 2621 595 mari
2655 537 2912 615 peteret,
2955 556 2987 594 α
3014 536 3143 599 Deo
3171 538 3454 598 voverat.
3483 557 3514 593 »
3570 533 3760 597 Nulla

324 620 457 703 jam
494 623 570 685 de
600 643 674 686 eo
704 625 1097 689 deliberatio.

413 723 574 793 Quid
605 724 798 805 igitur
827 726 984 789 illud
1013 733 1168 803 erat,
1205 730 1282 791 de
1322 747 1445 809 quo
1478 732 1813 811 Gregorius
1842 732 2012 794 intus
2041 733 2277 795 amicos
2308 733 2392 816 (a)
2420 733 2500 796 ad
2525 734 2856 798 consilium
2887 736 3114 798 vocat?

1011 850 1203 933 Ἐνξον
1237 854 1575 933 Ξωιθίζωνξτῶν
1609 854 1782 933 φῖλῳν
1814 860 2118 933 κριτήριον,

1013 926 1193 997 Ἐμῶν
1238 923 1543 1001 λογισμῶν,
1578 923 1819 1002 γύησίων
1848 923 2205 1003 ᾖαρᾶινετῶν.

1018 1034 1180 1109 intus
1212 1034 1433 1109 amicos
1464 1036 1519 1089 in
1557 1038 1869 1093 consilium
1900 1056 2059 1109 voco,

1014 1106 1171 1160 Meas
1205 1108 1608 1178 cogitationes,
1644 1126 1771 1180 quae
1806 1106 2053 1166 sincerae
2076 1116 2213 1166 sunt
2246 1112 2591 1167 hortatores.

336 1225 587 1287 Scilicet
646 1229 981 1305 Gregorius
1019 1254 1044 1287 α
1096 1234 1179 1313 (ὁ)
1233 1235 1398 1295 inter
1448 1255 1519 1295 ea
1570 1256 1709 1316 quae
1768 1237 2211 1316 praestantiora
2260 1244 2429 1310 sunt,
2482 1238 2542 1296 id
2594 1238 2762 1315 quod
2814 1238 3221 1317 praestantius
3252 1242 3345 1298 est
3391 1233 3768 1315 quaerebat;

334 1342 482 1383 nam
545 1345 683 1404 qum
743 1328 947 1386 carnis
1000 1337 1145 1390 sunt
1204 1332 1262 1390 in
1317 1334 1699 1411 profundum
1759 1334 2028 1412 abjicere
2088 1334 2323 1394 dudum
2378 1343 2681 1396 statutum
2741 1342 2897 1407 erat,
2964 1342 3239 1415 tuncque
3297 1334 3595 1414 placebat
3637 1349 3770 1390 ma-

335 1421 451 1497 gis.
513 1423 949 1486 Consideranti
1008 1436 1215 1488 autem
1252 1430 1382 1489 vias
1441 1450 1581 1509 qua:
1642 1432 1719 1491 ad
1780 1435 1974 1493 Deum
2017 1432 2276 1501 ducunt,
2337 1452 2629 1511 quaenam
2692 1434 2914 1494 melior
2943 1440 3124 1503 esset,
3179 1432 3458 1492 invenire
3490 1449 3615 1490 non
3669 1429 3767 1488 fa-

335 1519 450 1578 cile
506 1527 663 1581 erat.
723 1523 910 1583 Aiiud
969 1526 1157 1598 enim,
1213 1527 1477 1589 aliorum
1543 1529 1758 1590 habita
1802 1531 2064 1599 ratione,
2130 1532 2364 1592 bonum
2428 1538 2537 1591 aut
2596 1533 2828 1591 malum
2892 1532 3242 1606 videbatur,
3305 1536 3375 1590 ut
3433 1547 3599 1608 saepe
3668 1527 3764 1598 ﬁt.

331 1617 443 1677 ulti
502 1621 649 1697 quid
710 1624 1023 1700 agendum
1089 1633 1202 1686 est.
1270 1630 1547 1707 Longam
1602 1630 1795 1689 veluti
1854 1631 2194 1709 quamdam
2258 1632 2825 1711 peregrinationem
2887 1631 3346 1693 meditabatur.
3405 1626 3769 1706 Navigatio-

333 1735 475 1776 ncm
510 1720 761 1798 quidem
798 1723 1125 1802 eﬂugerat,
1170 1730 1232 1786 et
1289 1728 1477 1788 maris
1533 1729 1802 1803 labores,
1864 1731 1971 1790 sed
2017 1730 2440 1808 investigabat
2495 1750 2789 1810 quamam
2849 1731 3199 1811 expeditior
3250 1735 3413 1790 esset
3470 1727 3591 1787 via.
3625 1727 3766 1787 Ma-

335 1816 719 1893 gnifaciebat
776 1821 973 1881 Eliam
1034 1822 1410 1898 Thesbiten,
1469 1826 1822 1889 Carmelum
1861 1875 1874 1902 ,
1934 1829 2249 1889 desertum
2310 1830 2569 1890 Joannis
2624 1829 3081 1907 praecursoris,
3142 1828 3419 1888 filiorum
3478 1822 3771 1886 Jonadab

339 1916 532 1973 vitam
592 1916 724 1987 sine
782 1926 1128 1998 apparatu:
1198 1940 1412 1984 verum
1471 1944 1687 1985 rursus
1742 1944 1884 1986 eum
1945 1926 2201 1987 tenebat
2253 1946 2573 1988 sacrorum
2611 1928 2935 1988 Librorum
2970 1946 3169 1999 amor,
3235 1945 3332 1986 res
3382 1943 3524 1985 cum
3556 1923 3773 1983 deser-

340 2016 407 2072 to
439 2019 500 2074 et
549 2016 758 2093 quiete
814 2037 937 2079 non
991 2021 1331 2098 quadrans.
1393 2026 1460 2083 ln
1519 2029 1855 2103 utramque
1911 2032 2155 2104 partem
2217 2045 2384 2105 saepe
2440 2027 2709 2098 delatus,
2773 2026 3024 2086 tandem
3076 2026 3240 2085 inter
3289 2042 3402 2083 sua
3459 2019 3776 2081 desideria

342 2111 429 2169 sic
462 2111 634 2172 litem
693 2115 964 2189 diremit,
1022 2120 1373 2199 mentisque
1428 2120 1836 2200 agitationem
1896 2122 2214 2183 cohibuit:
2278 2125 2495 2183 videns
2561 2124 2724 2184 enim
2781 2143 2911 2197 eos,
2972 2142 3131 2202 quos
3188 2128 3449 2182 actuosa
3504 2119 3778 2178 delecta-

343 2209 453 2270 bat
480 2212 631 2287 vita,
669 2213 806 2275 aliis
836 2216 1091 2295 quidem
1127 2218 1328 2285 utiles.
1365 2218 1481 2278 sibi
1513 2225 1725 2280 autem
1773 2220 2028 2281 inutiles
2085 2240 2157 2281 ac
2217 2223 2397 2283 malis
2454 2222 2730 2301 agitari;
2796 2241 2901 2282 eos
2958 2226 3168 2282 autem
3227 2219 3337 2300 qui
3390 2217 3531 2279 vale
3578 2232 3780 2276 saecu-

339 2309 406 2370 lo
464 2310 804 2388 dixerunt,
865 2314 1218 2375 stabiliores
1267 2317 1520 2395 quidem
1579 2336 1712 2378 esse
1749 2364 1764 2391 ,
1825 2337 1899 2379 ac
1952 2320 2013 2377 in
2074 2322 2268 2379 Deum
2330 2320 2576 2399 placida
2629 2327 2835 2381 mente
2893 2320 3248 2397 respicere,
3330 2321 3397 2376 at
3443 2314 3560 2376 sibi
3619 2312 3777 2372 solis

350 2413 695 2491 prodesse,
770 2420 1035 2493 angusta
1093 2414 1401 2477 charitate
1437 2463 1450 2488 ,
1528 2417 1851 2497 vitamque
1923 2419 2237 2479 insolitam
2300 2426 2362 2480 et
2447 2438 2734 2498 asperam
2798 2420 3190 2479 traducere:
3271 2414 3542 2476 mediam
3602 2412 3775 2472 inter

356 2517 655 2590 utrosque
685 2512 848 2572 viam
882 2513 1043 2583 iniit,
1105 2515 1393 2576 meditari
1452 2521 1521 2576 ut
1579 2515 1666 2587 hi,
1728 2516 2024 2596 prodesse
2074 2522 2141 2577 ut
2193 2517 2286 2578 illi
2339 2522 2641 2577 statuens.
2692 2536 2721 2573 υ
2792 2517 2947 2577 Hinc
3005 2514 3305 2593 Gregorio
3361 2511 3773 2572 eremitarum

351 2615 539 2688 atque
572 2612 758 2670 etiam
822 2612 1345 2672 anaehoretarum
1402 2614 1651 2673 vivendi
1708 2633 1905 2693 genus
1962 2614 2301 2688 arridebat,
2366 2615 2510 2674 hinc
2557 2614 3039 2675 ccenobitarum.
3094 2612 3215 2675 Sed
3274 2611 3337 2671 in
3394 2610 3543 2680 illis,
3598 2607 3776 2687 quod

350 2710 468 2770 sibi
498 2711 646 2771 solis
671 2712 850 2772 utiles
880 2719 1104 2786 essent,
1157 2713 1216 2773 in
1272 2714 1346 2773 iis
1390 2733 1538 2773 vero
1599 2716 1764 2794 quod
1825 2715 1964 2774 aliis
2023 2714 2277 2793 quidem
2336 2714 2541 2788 utiles,
2604 2714 2721 2774 sibi
2783 2733 2926 2774 vero
2959 2718 3168 2774 essent
3221 2710 3498 2783 inutiles,
3548 2707 3776 2786 displi-

350 2809 555 2870 cebat.
588 2813 805 2889 Itaque
840 2811 1105 2871 mediam
1140 2812 1278 2871 iniit
1309 2812 1470 2873 viam
1504 2813 1670 2873 inter
1698 2813 1989 2873 cremilas
2039 2819 2101 2873 et
2134 2813 2433 2891 migaalcs,
2492 2812 2551 2872 id
2615 2819 2710 2873 est
2756 2814 2919 2872 inter
2948 2811 3242 2871 eremitas
3290 2815 3352 2870 et
3398 2805 3772 2877 emnobitas,

348 2906 598 2967 illorum
634 2908 709 2967 ad
743 2908 1022 2969 coelestia
1054 2910 1547 2983 conversionem,
1599 2917 1660 2970 et
1706 2914 1965 2971 istorum
2011 2911 2383 2971 cbaritatcm
2436 2910 2728 2984 retinens,
2769 2915 2831 2970 ut
2865 2909 2983 2969 sibi
3011 2914 3074 2969 ct
3104 2907 3241 2968 aliis
3273 2905 3463 2978 utilis,
3501 2901 3781 2963 maxime

350 3006 739 3084 parentibus,
776 3012 956 3065 esset.

434 3106 520 3163 Ea
574 3104 767 3183 igitur
824 3106 941 3165 fuit
1009 3105 1383 3166 deliberatio
1444 3107 1766 3185 Gregorii,
1850 3114 2053 3167 utram
2112 3127 2189 3167 ex
2248 3107 2495 3167 duobus
2547 3106 3000 3167 monachorum
3053 3102 3430 3183 generibus,
3490 3097 3787 3160 eremita-

353 3220 576 3263 rumne
606 3223 683 3262 an
719 3203 1173 3265 emnobitarum
1226 3205 1418 3264 vitam
1473 3212 1858 3283 sequeretur.
1908 3210 1995 3266 Ac
2043 3206 2237 3265 veluti
2286 3205 2393 3283 qui
2442 3206 2501 3265 in
2556 3205 2769 3284 aliquo
2818 3204 3098 3283 periculo
3144 3201 3322 3281 gravi
3373 3198 3782 3268 constitutus,

350 3319 414 3361 se
472 3302 663 3362 vitam
725 3303 1083 3381 religiosam
1149 3305 1571 3383 professurum
1632 3307 1761 3364 Deo
1821 3304 2176 3384 pollicitus,
2254 3305 2444 3365 etiam
2518 3310 2664 3365 voto
2724 3323 2786 3363 se
2857 3301 3333 3370 obstrinxisset;
3398 3294 3622 3357 deinde
3678 3311 3784 3351 se-

349 3419 493 3461 cum
555 3406 904 3480 reputans,
976 3402 1298 3481 quomodo
1355 3403 1730 3481 promissum
1794 3404 2031 3477 faciat,
2102 3403 2279 3463 varia
2336 3402 2524 3482 hujus
2598 3402 2899 3481 temporis
2973 3400 3252 3460 virorum
3333 3395 3784 3475 religiosorum

346 3498 634 3559 instituta
684 3505 745 3560 et
802 3500 995 3577 leges,
1054 3500 1532 3579 Trappistarum
1584 3502 1841 3577 scilicet,
1904 3501 2391 3562 Mendicantium
2430 3548 2445 3576 ,
2506 3507 2602 3561 etc
2639 3548 2652 3560 .
2691 3548 2704 3575 ,
2768 3498 3139 3580 perpendit;
3199 3497 3453 3557 demum
3492 3541 3505 3566 ,
3559 3489 3785 3551 habito

346 3614 557 3657 secum
618 3597 924 3670 consilio,
985 3597 1176 3658 vitam
1238 3598 1669 3678 trappisticam
1728 3607 1798 3660 ut
1866 3600 2248 3680 asperiorem
2311 3599 2589 3678 refugit,
2660 3596 3153 3661 Mendicantium
3208 3600 3419 3657 autem
3468 3597 3540 3651 ut
3594 3586 3790 3649 nimis

349 3701 673 3757 actuosam
733 3703 794 3757 et
851 3696 965 3757 sili
1024 3698 1225 3755 minus
1286 3698 1499 3757 utilem
1562 3700 1821 3777 respuit,
1884 3701 2013 3758 Deo
2076 3698 2343 3759 militare
2402 3698 2517 3758 sub
2574 3698 2794 3776 regula
2852 3694 3050 3757 sancti
3110 3692 3429 3755 Benedicti
3496 3686 3784 3749 mavult:

349 3793 483 3853 isne
534 3794 883 3855 monachus
940 3794 1241 3854 dicendus
1277 3843 1290 3865 ,
1354 3803 1414 3855 et
1485 3797 1679 3855 vitam
1742 3796 2151 3855 monasticam
2215 3798 2547 3875 amplexus
2606 3780 2802 3855 \ideri
2861 3794 3121 3873 posset?
3180 3791 3382 3853 Credo
3437 3787 3785 3869 equidem.

350 3894 539 3970 Atqui
600 3892 718 3953 hoc
777 3894 982 3971 ipsum
1063 3900 1155 3951 est
1229 3896 1398 3973 quod
1469 3896 1757 3973 praestitit
1818 3896 2202 3972 Gregorius,
2285 3912 2422 3953 cum
2510 3894 2726 3953 habita
2784 3912 2997 3953 secum
3059 3888 3511 3981 deliberatione
3569 3893 3790 3948 utrum

353 3991 601 4051 vivendi
650 4012 868 4069 genus,
929 4011 1006 4051 an
1068 3993 1520 4067 eremitarum,
1583 4014 1664 4054 an
1726 3994 2045 4071 migadum
2106 3998 2522 4071 sequeretur,
2603 4012 2793 4052 unum
2869 4012 2945 4051 ex
3024 3997 3299 4070 utroque
3361 3992 3792 4067 temperatum

358 4090 687 4169 amplexus
745 4097 837 4150 est
895 4110 1036 4151 cum
1085 4091 1355 4165 Basilio;
1418 4092 1526 4169 qui
1589 4092 1777 4152 vitam
1838 4092 2185 4152 solitariam
2244 4098 2306 4153 et
2365 4091 2809 4151 cmuobiticam
2870 4089 3173 4169 pxmclare
3230 4088 3392 4149 inter
3450 4104 3513 4147 se
3566 4103 3793 4145 recon-

358 4187 679 4249 ciliaverat
712 4195 773 4248 et
814 4188 1283 4266 permiscuerat,
1319 4191 1652 4250 exstructis
1683 4189 2079 4251 monasteriis
2111 4208 2251 4268 quae
2281 4191 2518 4251 sociata
2553 4189 2693 4249 vitae
2729 4190 3052 4267 utriusque
3084 4184 3437 4258 commoda,
3474 4182 3649 4245 nulla
3673 4200 3794 4241 au-

360 4292 483 4348 tem
516 4286 813 4366 permista
846 4286 1167 4347 habebant
1194 4288 1618 4349 incommoda.

440 4387 572 4446 Hoc
630 4386 681 4445 si
739 4404 860 4446 non
923 4386 1133 4445 statim
1190 4392 1380 4464 atque
1438 4392 1765 4465 optasset,
1826 4393 1993 4449 certe
2050 4406 2241 4466 quam
2305 4387 2580 4466 primum
2642 4386 2866 4460 licuit,
2927 4386 3072 4445 vitae
3130 4401 3327 4463 genus
3378 4385 3629 4443 secutus
3699 4391 3799 4445 est

364 4483 741 4562 Gregorius;
818 4494 877 4543 et
953 4484 1205 4544 secessit
1286 4485 1365 4545 ad
1454 4486 1804 4561 Basilium,
1894 4504 2145 4565 unaque
2228 4504 2370 4545 cum
2457 4504 2530 4546 eo
2591 4485 2914 4546 Ponticam
3000 4481 3400 4544 solitudinem
3483 4480 3797 4543 incoluit:

366 4607 395 4638 «
431 4583 758 4661 chcbant
800 4588 1009 4647 tamen
1057 4583 1310 4661 singuli,
1346 4608 1376 4640 υ
1432 4585 1638 4665 inquit
1701 4585 2027 4647 Annalium
2078 4585 2602 4646 ecclesiasticarum
2652 4602 2881 4663 parens
2938 4602 3015 4643 ex
3075 4581 3300 4643 Ruﬁno
3358 4578 3458 4661 (c),
3515 4604 3544 4636 ‹‹
3575 4581 3641 4641 in
3674 4580 3807 4641 sin-

358 4681 525 4761 gulis
583 4682 825 4742 cellulis
879 4682 1187 4760 separatis
1245 4728 1258 4755 ,
1321 4683 1410 4744 ita
1470 4690 1681 4744 tamen
1738 4685 1901 4745 inter
1956 4703 2023 4744 se
2092 4683 2400 4744 distantes
2435 4729 2449 4756 ,
2511 4688 2582 4744 ut
2629 4702 2755 4743 non
2813 4680 3219 4742 incommoda
3274 4679 3505 4758 saepius
3561 4697 3798 4740 conve-

359 4780 571 4842 niendi
629 4782 886 4842 daretur
937 4780 1256 4842 facultas.
1318 4783 1383 4841 ld
1448 4784 1678 4843 etenim
1737 4802 1813 4842 ex
1870 4782 2149 4861 Gregorii
2211 4781 2477 4861 epistola
2534 4781 2666 4862 (ιῖ),
2728 4800 2915 4861 quam
2978 4785 3130 4840 tunc
3191 4778 3258 4839 in
3313 4796 3525 4840 eremo
3594 4797 3798 4857 agens

360 4880 439 4939 ad
522 4879 1087 4959 Amphilochium,
1176 4880 1242 4939 in
1317 4880 1539 4941 eadem
1599 4880 1938 4941 solitudine
2022 4880 2627 4961 philosophantem,
2716 4879 3014 4959 scripsit,
3098 4876 3281 4939 facile
3337 4883 3542 4955 potest
3599 4876 3794 4937 intel-

359 4977 493 5057 ligi.

450 5101 479 5133 «
540 5076 753 5149 Qualis
802 5084 1011 5138 autem
1073 5079 1261 5139 fuerit
1310 5077 1445 5157 ejus
1504 5078 1811 5140 habitatio
1871 5084 1933 5139 et
1987 5078 2235 5150 vietus,
2300 5077 2507 5157 pergit
2566 5077 2875 5139 Baronius
2912 5122 2926 5149 ,
2996 5094 3074 5136 ex
3122 5074 3221 5135 his
3276 5074 3465 5135 etiam
3520 5072 3800 5152 assequi-

363 5193 525 5248 mur,
563 5195 703 5254 quae
753 5176 919 5236 idem
976 5177 1055 5239 ad
1102 5178 1431 5250 Basilium,
1502 5184 1836 5256 postquam
1896 5177 2041 5237 inde
2098 5182 2461 5251 recesserat,
2523 5176 2746 5236 ludens
2803 5174 3020 5236 scribit
3078 5172 3178 5234 his
3239 5171 3481 5233 verbis:
3551 5194 3581 5231 α
3635 5171 3799 5243 QuO'

368 5274 597 5336 «niam
631 5295 771 5354 qua:
799 5276 1072 5352 jocando
1130 5275 1211 5336 ad
1262 5283 1321 5334 te
1379 5275 1766 5354 scripsimus,
1828 5293 2010 5353 aequo
2070 5274 2282 5334 animo
2339 5274 2484 5346 fers,
2549 5292 2623 5333 ea
2670 5291 2925 5352 quoque
2982 5291 3123 5350 quae
3181 5270 3476 5348 deinceps
3527 5288 3801 5347 sequun-

371 5382 529 5433 atur
588 5372 1005 5451 adjiciemus,
1071 5390 1145 5433 ex
1206 5374 1475 5433 Homero
1527 5377 1737 5432 autem
1798 5372 2045 5431 initium
2104 5371 2429 5431 ducetur:
2512 5374 2690 5432 Nunc
2763 5388 2928 5449 age,
3010 5367 3421 5449 progrediens
3474 5366 3798 5427 internum

442 5622 712 5698 («)1suiq
744 5621 1111 5693 v.278,279.

744 5621 1111 5693 v.278,279.
2136 5626 2348 5698 p.887.

466 5694 718 5769 br)Ibid._
856 5763 892 5769 __
984 5766 997 5769 ξ
1038 5766 1092 5769 __
1135 5763 1168 5769 __
1232 5766 1241 5769 _
1492 5766 1505 5769 Α
1694 5768 1701 5769 7
2138 5694 2154 5698 “
2206 5698 2283 5769 (ἀ)
2306 5698 2409 5769 Ep.
2444 5696 2517 5753 al.
2554 5696 2639 5752 12.

462 5763 509 5838 0}
554 5764 745 5837 Apud.
774 5763 941 5837 Boll.,
974 5766 1007 5823 9
1037 5763 1194 5835 Maii,
1227 5766 1286 5823 in
1325 5768 1455 5835 Vita
1475 5766 1749 5839 Gregorii,
1781 5784 1829 5839 c,
1859 5769 1916 5837 5,
