4080 6478
242 422 290 486 δι
1333 439 1753 503 PR/EFATIO
1803 438 1844 498 e

2140 436 2267 496 LIS.
2304 470 2378 481 —
2412 435 2611 495 PARS
2659 432 2737 495 lI.
3672 435 3751 495 (32

253 564 599 648 «nomine,
671 590 981 654 qumso,
1054 578 1378 650 ornatum;
1443 574 1765 657 tugurium
1822 571 2115 634 videlicet
2169 577 2233 633 et
2288 576 2451 633 tecto
2509 577 2572 631 et
2641 568 2853 648 januis
2905 586 3151 643 carens,
3202 567 3411 631 focum
3468 568 3636 649 ignis
3705 584 3769 639 et

264 664 470 728 «iumi
533 680 956 753 expertem,
1028 676 1293 759 parietes
1348 676 1492 755 igne
1542 675 1910 747 exsiccatos,
1969 691 2047 733 ne
2105 672 2221 733 luti
2278 670 2474 751 guttis
2531 670 2933 748 impetamur,
2997 670 3279 731 Tantalis
3334 669 3592 740 similes,
3644 676 3751 730 ea-

271 768 607 851 sdemque
670 794 901 854 poena
974 778 1246 856 multati,
1310 778 1608 839 nimirum
1666 776 1728 836 in
1789 775 1972 854 aquis
2029 774 2326 847 sitientes,
2380 773 2765 835 miserandas
2845 773 2987 834 illas
3062 773 3281 853 epulas
3349 779 3412 834 et
3477 773 3755 853 jejunas,

276 869 410 929 «ad
442 890 616 951 quas
683 892 722 935 e
786 875 1239 957 Cappadocia,
1275 896 1401 938 non
1456 882 1756 955 tanquam
1818 874 1899 937 ad
1956 873 2474 953 Lotophagorum
2534 879 3002 953 paupertatem,
3037 873 3143 934 sed
3207 872 3394 933 veluti
3454 874 3534 934 ad
3588 873 3771 934 Alci-

284 992 313 1023 «
347 970 452 1031 noi
510 990 860 1049 mensam,
897 996 1019 1039 nos
1074 976 1216 1038 vovi
1270 982 1331 1038 et
1391 975 1730 1037 aerumnosi
1786 974 2077 1053 naufragi
2152 972 2357 1033 vocati
2414 992 2651 1033 sumus.
2710 972 2958 1033 Nemini
3018 972 3186 1033 enim
3246 991 3441 1050 panes
3496 972 3639 1033 illos
3700 977 3762 1033 et

290 1068 632 1147 «juscula,
700 1072 799 1134 sic
862 1075 1031 1135 enim
1112 1074 1627 1148 nominabantur,
1688 1092 2062 1152 semperque
2112 1071 2478 1145 meminero,
2542 1070 2838 1131 dentibus
2911 1070 3077 1131 circa
3148 1070 3505 1149 fragmenta
3561 1070 3757 1131 colla-

297 1192 325 1222 ‹‹
359 1167 820 1244 bescentibus,
881 1192 954 1233 ac
1015 1179 1232 1251 postea
1287 1173 1526 1247 erectis,
1592 1173 1889 1253 velutque
1945 1191 1977 1233 e
2026 1189 2208 1232 cceno
2268 1168 2598 1243 retractis;
2650 1188 2791 1248 qua:
2871 1168 3203 1229 sublimius
3260 1173 3328 1228 tu
3405 1168 3768 1247 ampliﬁca-

305 1265 489 1341 ubis,
545 1270 840 1349 propriis
915 1272 1378 1332 calamitatibus
1460 1271 1750 1332 videlicet
1827 1270 2130 1332 orationis
2202 1268 2705 1348 magnitudinem
2783 1267 2897 1328 tibi
2972 1267 3544 1348 suppeditantibus.
3608 1266 3759 1338 Qui-

320 1389 350 1421 a
382 1364 500 1425 bus
527 1366 653 1427 nisi
680 1368 798 1428 illa
846 1388 1095 1442 manna,
1129 1376 1191 1430 et
1236 1388 1583 1449 pauperum
1642 1386 1787 1430 vere
1844 1369 2143 1442 studiosa,
2184 1373 2383 1427 mater
2440 1372 2546 1427 tua
2604 1384 2716 1426 nos
2776 1384 2969 1445 quam
3022 1364 3347 1426 celerrime
3409 1364 3756 1437 liberasset,

324 1464 700 1545 «nobisque
760 1472 1134 1546 tempestate
1181 1466 1439 1548 jactatis
1496 1468 1665 1528 velut
1722 1473 1941 1547 portus
1998 1465 2374 1537 exstitisset;
2412 1464 2800 1544 jampridem
2874 1464 3042 1544 apud
3101 1464 3276 1525 vivos
3333 1481 3466 1523 esse
3546 1464 3764 1524 desiis-

320 1582 617 1638 «semus,
678 1565 828 1627 ﬁdei
880 1566 1153 1628 Ponticae
1239 1568 1495 1628 nomine
1567 1586 1693 1627 non
1779 1565 2085 1646 majorem
2158 1565 2411 1626 laudem
2477 1568 2960 1643 consequentes,
3023 1581 3215 1643 quam
3294 1562 3762 1623 miserationem

320 1686 355 1718 ‹‹
389 1669 723 1723 moventes
755 1663 858 1744 (a).
892 1685 921 1721 ι)

404 1766 552 1824 llaec
611 1761 759 1823 licet
825 1762 970 1842 joco
1045 1765 1402 1843 Gregorius,
1469 1765 1633 1827 seria
1696 1770 1909 1826 tamen
1983 1763 2303 1826 describit.
2364 1763 2612 1834 Quanta
2686 1762 2852 1822 enim
2928 1760 3074 1822 vitae
3154 1761 3544 1834 austeritate,
3604 1778 3751 1822 cum

308 1859 478 1940 ipse,
546 1866 680 1921 tum
730 1862 935 1923 ceteri
996 1864 1281 1925 monachi
1342 1865 1629 1926 eamdem
1688 1864 2090 1925 solitudinem
2167 1862 2511 1922 incolentes
2585 1861 2874 1935 vixerint,
2938 1879 3013 1920 ex
3072 1860 3193 1932 his,
3260 1879 3400 1939 qua
3477 1860 3553 1920 de
3631 1859 3751 1920 sibi

311 1958 630 2038 subjectis
686 1961 1008 2022 monachis
1060 1963 1141 2022 ad
1198 1962 1550 2023 Hellenium
1610 1962 1848 2035 scribit,
1909 1962 2060 2023 satis
2118 1966 2385 2041 apparet
2438 1959 2557 2039 (b):
2596 1984 2623 2015 ‹‹
2665 1959 2795 2039 Ipsi
2853 1959 3042 2033 enim,
3104 1958 3331 2038 inquit,
3395 1958 3624 2039 partim
3682 1958 3749 2018 in

316 2058 1043 2137 antrisﬁolitariisque,
1107 2066 1169 2120 et
1244 2062 1323 2121 ad
1399 2067 1631 2122 terram
1705 2061 1916 2122 stratis
1990 2061 2378 2139 rudibusque
2454 2058 2769 2119 cubilibus
2849 2057 3283 2130 delectantur;
3347 2076 3385 2118 a
3454 2056 3747 2117 domibus

316 2155 699 2229 abhorrent,
761 2164 1219 2238 cognatamque
1273 2159 1545 2220 caelestis
1603 2159 1927 2240 sapientiae
1984 2159 2261 2239 quietem
2320 2157 2790 2237 amplectuntur
2840 2177 2853 2217 :
2918 2155 3149 2235 partim
3219 2155 3436 2215 ferreis
3493 2173 3749 2233 compe-

318 2253 516 2314 dibus
574 2272 705 2314 sese
765 2257 1146 2330 excruciant,
1210 2262 1280 2318 ut
1336 2259 1556 2319 vitium
1620 2278 1745 2318 una
1802 2278 1946 2319 cum
2000 2276 2263 2338 corpore
2336 2256 2692 2318 conﬁciant.
2756 2254 2878 2316 Alii
2952 2273 3203 2315 rursum
3274 2255 3550 2315 ferarum
3624 2253 3751 2312 ritu

320 2351 541 2430 parvis
592 2354 997 2432 angustisque
1029 2354 1319 2417 domibus
1374 2356 1619 2432 inclusi,
1684 2376 1762 2419 ne
1813 2357 2098 2419 mortalis
2173 2356 2429 2436 quidem
2508 2353 2861 2433 cujuspiam
2942 2353 3187 2414 vultum
3263 2353 3612 2433 aspiciunt,
3674 2369 3749 2413 ac

322 2468 494 2529 saepe
553 2450 743 2510 etiam
800 2457 968 2513 totos
1002 2453 1245 2532 viginti
1296 2454 1450 2530 dies,
1514 2456 1902 2535 totidemque
1961 2461 2195 2528 noctes,
2255 2473 2293 2514 a
2348 2455 2486 2514 cibo
2555 2453 2893 2527 abstinent,
2955 2452 3343 2531 dimidiaque
3421 2468 3492 2513 ex
3568 2456 3751 2530 parte

328 2547 556 2608 Christi
606 2547 920 2627 jejunium
975 2550 1364 2626 imitantur;
1430 2560 1627 2633 utque
1684 2554 1974 2615 nonnihil
2030 2554 2163 2632 ipse
2238 2551 2495 2630 gloriosi
2571 2550 2934 2629 praedicem,
2996 2549 3255 2630 quidam
3313 2548 3568 2609 illorum
3624 2548 3753 2608 mei

325 2645 534 2723 gregis
565 2646 701 2705 ovis
741 2652 896 2721 erat,
955 2648 1101 2709 hinc
1158 2670 1352 2729 parvo
1412 2652 1686 2731 quodam
1740 2652 1977 2732 oppido
2028 2669 2335 2729 egressus.
2386 2650 2547 2710 Sunt
2601 2648 2858 2726 insuper
2914 2646 3023 2724 qui
3080 2647 3401 2723 garrulam
3463 2646 3743 2723 linguam

324 2744 508 2820 quasi
592 2744 858 2805 vinculis
958 2747 1336 2824 quibusdam
1433 2750 1812 2828 astringunt,
1894 2750 2189 2828 labiaque
2296 2746 2543 2807 silentio
2640 2744 3087 2824 comprimunt,
3169 2762 3560 2822 summaeque
3655 2743 3754 2803 illi

325 2840 525 2901 Menti
585 2841 769 2901 lautis
844 2844 1216 2905 sacrificium
1298 2847 1432 2908 sola
1491 2855 1698 2909 mente
1771 2848 2057 2909 offerent.
2122 2850 2231 2907 Est
2307 2846 2495 2906 etiam
2555 2844 2665 2924 qui
2741 2862 2940 2903 annos
3012 2843 3290 2921 integros
3363 2842 3428 2902 in
3514 2842 3753 2920 templo

322 2945 524 3007 stans,
591 2957 778 3017 puras
835 2940 914 3000 ad
975 2944 1168 3002 Deum
1229 2963 1451 3004 manus
1507 2946 1898 3024 expanderit,
1937 2964 2074 3014 nec,
2132 2945 2301 3024 quod
2357 2944 2461 3003 vix
2517 2943 2813 3022 cuiquam
2864 2941 3054 3003 ﬁdem
3112 2942 3429 3002 facturum
3488 2946 3604 3014 est,
3654 2940 3759 3000 vel

330 3036 654 3096 tantillum
713 3038 1142 3113 obdormierit,
1204 3043 1308 3103 sed
1368 3044 1490 3103 vivi
1549 3044 1777 3123 lapidis
1832 3045 2031 3104 instar
2087 3045 2335 3104 Christo
2394 3043 2639 3103 deﬁxus
2693 3041 2970 3115 steterit,
3030 3059 3103 3101 ac
3158 3041 3333 3101 velut
3378 3039 3753 3118 obriguerit,

328 3136 495 3195 Huic
554 3154 743 3214 porro
800 3137 1009 3216 exigui
1065 3140 1188 3201 cibi
1246 3141 1542 3221 reliquias
1610 3143 1849 3205 vicinus
1924 3162 2148 3205 corvus
2204 3142 2627 3220 impertiebat,
2692 3158 3050 3220 panemque
3114 3138 3454 3217 integrum,
3516 3138 3568 3199 si
3625 3137 3752 3198 duo

328 3233 498 3293 forte
552 3240 781 3307 essent,
844 3237 1167 3299 afferebat.
1230 3241 1387 3311 Quin
1446 3242 1636 3302 etiam
1713 3262 1840 3321 quo
1916 3249 2201 3322 tempore
2276 3242 2555 3302 Christus
2631 3240 2955 3300 salutifero
3029 3238 3139 3298 illo
3214 3237 3525 3319 supplicio
3599 3256 3746 3316 per-

332 3330 593 3390 functus
647 3332 946 3392 mortales
1003 3334 1276 3416 reliquit,
1337 3337 1632 3398 inventus
1693 3345 1787 3400 est
1844 3339 2126 3419 quidam,
2175 3338 2285 3418 qui
2342 3338 2489 3398 hinc
2551 3337 2626 3398 ad
2688 3336 2967 3397 divinum
3027 3340 3304 3395 montem
3364 3335 3753 3411 ascenderet,

327 3426 550 3507 ibique
610 3434 671 3489 et
744 3448 1055 3507 sermone,
1115 3439 1175 3495 et
1248 3441 1481 3509 mente,
1522 3442 1603 3519 et
1668 3437 1948 3499 menbris
2021 3438 2323 3498 immotus
2379 3444 2573 3508 stans,
2636 3434 2838 3496 ventis
2907 3434 3284 3512 nivibusque
3351 3433 3751 3513 jactaretur;

318 3545 457 3597 nec,
513 3545 879 3607 quanquam
940 3530 1179 3611 alioqui
1234 3534 1445 3613 plures
1503 3535 1620 3596 viri
1680 3536 1767 3615 pii
1824 3556 1968 3598 eum
2028 3536 2529 3607 circumstarent,
2585 3540 2647 3595 et
2702 3532 2783 3595 ab
2840 3532 3061 3595 eodem
3119 3532 3349 3593 obnixe
3407 3533 3751 3593 contende-

322 3630 488 3697 rent,
548 3632 616 3685 ut
670 3626 945 3706 aliquam
1004 3630 1099 3690 sui
1154 3633 1435 3711 corporis
1508 3633 1818 3694 rationem
1896 3633 2191 3703 haberet,
2257 3632 2547 3712 precibus
2624 3638 2834 3692 tamen
2920 3630 3109 3691 nullis
3192 3634 3588 3704 moveretur;
3640 3629 3749 3689 sed

321 3722 641 3783 Christum
671 3743 882 3803 regem
923 3728 1257 3789 fortissime
1289 3731 1614 3809 consertis,
1651 3738 1722 3791 ut
1751 3732 1903 3792 dicit
1933 3732 2112 3803 solet,
2148 3731 2440 3792 manibus
2472 3730 2793 3789 retineret.
2827 3751 2858 3784 »

319 3902 333 3914 θ
396 3821 567 3881 Alibi
626 3822 702 3883 de
762 3826 1037 3886 Ponticis
1097 3830 1419 3890 monachis
1476 3830 1616 3891 haec
1686 3830 1880 3891 habet
1937 3832 2272 3909 Gregorius
2331 3828 2403 3910 (ε)
2458 3845 2471 3887 :
2544 3848 2572 3885 ‹‹
2640 3827 2924 3906 Plerique
2997 3827 3113 3886 sub
3184 3827 3399 3886 ferreis
3484 3827 3753 3890 vinculis

316 3920 781 3999 lngemiscunt:
816 3924 923 4003 alii
967 3945 1186 3988 rursus
1244 3948 1360 4008 pro
1420 3931 1560 3991 cibo
1619 3930 1860 3991 cineres
1920 3929 2194 3997 habent;
2231 3933 2378 3989 sunt
2434 3927 2663 4005 quibus
2718 3932 2904 4006 potus
2963 3925 3260 4005 lacrymis
3316 3932 3749 4005 temperatur;

316 4019 425 4079 alii
480 4018 757 4081 hibernis
813 4023 1061 4085 nivibus
1114 4025 1407 4104 impetiti,
1474 4028 1898 4107 quadraginta
1956 4028 2109 4099 dies,
2147 4027 2537 4103 totidemque
2609 4030 2847 4095 noctes,
2908 4025 3080 4085 velut
3140 4024 3397 4084 arbores
3456 4025 3748 4102 quaedam

316 4124 629 4196 perstant,
666 4120 851 4181 corde
905 4140 1133 4202 nempe
1188 4142 1221 4183 e
1280 4130 1447 4186 terra
1504 4126 1870 4205 migrantes,
1934 4129 2260 4204 Deumque
2313 4124 2517 4184 solum
2574 4123 2638 4183 in
2698 4128 2907 4184 mente
2976 4122 3354 4183 habentes...
3418 4123 3579 4194 Quid
3637 4123 3746 4184 de-

314 4215 510 4295 nique
576 4235 685 4278 eos
757 4236 1268 4296 commemorem,
1349 4224 1458 4303 qui
1528 4224 1744 4286 oculos
1822 4224 2149 4301 claudunt,
2201 4228 2262 4285 et
2338 4238 2522 4284 aures
2596 4222 2770 4282 velut
2816 4220 3067 4301 pessulo
3142 4220 3418 4300 quodam
3478 4221 3744 4295 obdunt,

311 4331 396 4373 ne
459 4314 717 4375 aculeus
772 4318 1085 4398 quispiam
1144 4322 1365 4381 mortis
1422 4323 1637 4383 furtim
1710 4322 2016 4403 irrepat?
2076 4326 2156 4384 At
2212 4321 2350 4383 hac
2409 4320 2870 4381 medicamenta
2944 4319 3118 4380 carni
3175 4318 3343 4380 hosti
3400 4338 3541 4381 meo
3600 4339 3748 4400 pro-

306 4410 552 4490 pino.»
617 4414 766 4474 Haec
828 4416 1185 4494 Gregorius,
1232 4419 1340 4497 qui
1398 4419 1533 4481 haec
1600 4422 1791 4481 etiam
1852 4421 2003 4481 alibi
2060 4421 2257 4480 fusius
2306 4418 2431 4498 (d):
2501 4443 2531 4475 «
2588 4419 2849 4478 Carnem
2910 4436 3116 4477 meam
3178 4418 3378 4477 aetatis
3435 4418 3589 4479 ﬂore
3646 4420 3748 4480 la-

312 4509 695 4571 scivientem
753 4518 813 4574 et
867 4520 1234 4576 aestuantem
1297 4518 1510 4579 multis
1572 4537 1647 4579 ac
1704 4518 1938 4579 crebris
1988 4518 2312 4579 laboribus
2370 4515 2601 4588 attrivi,
2641 4516 2880 4576 veneris
2937 4515 3291 4576 satietatem
3352 4516 3754 4597 vicinamque

308 4606 561 4667 rabiem
626 4611 871 4680 sustuli,
934 4614 1152 4674 oculos
1213 4616 1650 4694 temperantiae
1706 4616 2077 4691 adiumento
2134 4615 2456 4695 palpebris
2525 4614 2723 4683 inﬁxi,
2784 4613 2944 4673 iram
3006 4612 3252 4691 abrupi,
3291 4615 3576 4673 membra
3632 4615 3744 4675 de-

303 4706 515 4777 vinxi,
580 4707 775 4769 risum
833 4710 1217 4791 deploravi;
1272 4715 1487 4775 omnia
1546 4714 1796 4776 Christo
1873 4721 2213 4787 cesserunt,
2276 4713 2491 4792 priora
2566 4712 2779 4772 omnia
2848 4711 3279 4772 conciderunt.
3341 4715 3533 4771 'l‘erra
3590 4713 3747 4774 mihi

312 4803 524 4864 lectus
580 4805 720 4877 fuit,
790 4810 1137 4887 asperrima
1194 4812 1382 4872 vestis
1466 4813 1755 4873 membra
1829 4812 2109 4872 contexit
2159 4830 2173 4884 ;
2233 4811 2568 4890 pervigilia
2651 4811 2837 4869 etiam
2919 4816 2979 4868 et
3036 4809 3458 4887 lacrymnrum
3514 4809 3748 4872 imbres

305 4901 635 4962 adhibui:
701 4904 968 4966 interdiu
1030 4907 1229 4968 labori
1290 4910 1592 4972 humeros
1650 4911 1951 4989 subjunxi
2006 4928 2019 4970 :
2078 4910 2330 4989 hymnis
2409 4914 2542 4969 tota
2618 4915 2802 4969 nocte
2882 4907 3287 4968 concinendis
3354 4926 3584 4987 corpus
3647 4910 3747 4969 in-

218 5046 221 5049 η
306 5005 442 5059 star
492 5006 719 5061 statum
777 5003 1006 5074 deﬁxi;
1041 5006 1280 5066 nullam
1341 5007 1601 5069 omnino
1657 5008 2004 5068 humanam
2061 5007 2453 5085 voluptatem
2514 5024 2627 5067 nec
2686 5005 2749 5065 in
2808 5004 3091 5065 animum
3149 5005 3404 5084 quidem
3464 5012 3526 5067 et
3573 5008 3747 5085 cogi-

302 5097 618 5157 tationem
646 5100 1005 5162 admittens.
1039 5106 1245 5182 Atque
1278 5104 1398 5164 hoc
1431 5106 1714 5183 quodam
1751 5105 1905 5165 mihi
1929 5106 2077 5165 vitae
2108 5105 2461 5165 institutum
2498 5109 2654 5165 erat.
2688 5128 2718 5159 »
2854 5177 2857 5180 ν

386 5195 495 5256 Sic
554 5197 826 5260 mediam
900 5201 1064 5262 viam
1122 5202 1264 5262 iniit
1320 5204 1662 5281 Gregorius
1718 5204 1881 5264 inter
1937 5203 2341 5264 eremitarum
2403 5208 2464 5261 et
2522 5202 2843 5276 migadum
2894 5202 3145 5263 vivendi
3216 5204 3547 5276 rationem,
3610 5222 3739 5265 cm-

302 5294 649 5355 nobiticam
708 5298 1036 5376 amplexus
1097 5318 1173 5359 ex
1235 5307 1502 5381 utraque
1558 5308 1981 5381 temperatam
2041 5320 2077 5361 a
2162 5301 2412 5361 Basilio.
2470 5302 2524 5359 ls
2604 5301 2844 5377 primus
2898 5301 3181 5361 omnium
3268 5302 3617 5363 eoenobitas
3673 5303 3737 5363 in

303 5391 563 5452 Oriente
616 5392 906 5467 instituit,
973 5397 1267 5476 legesque
1346 5399 1647 5472 condidit,
1699 5418 1859 5479 quas
1929 5400 2120 5460 etiam
2179 5400 2470 5477 exemplo
2555 5399 2771 5459 docuit
2854 5418 2976 5459 una
3037 5417 3180 5460 cum
3251 5400 3572 5479 Gregorio,
3632 5400 3745 5477 qui

301 5490 535 5552 Basilio
607 5493 673 5553 in
727 5496 1070 5558 condendis
1126 5496 1587 5559 cmnobitarum
1644 5498 1879 5579 regulis
1937 5504 2129 5579 atque
2212 5498 2406 5559 etiam
2464 5498 2786 5559 servandis
2857 5499 3067 5561 socius
3140 5500 3280 5576 fuit,
3341 5506 3410 5561 ut
3466 5505 3739 5564 constat.

398 5726 457 5851 (bl)
477 5726 573 5798 Ep.
610 5726 685 5784 al.
719 5728 775 5783 8.
2146 5733 2220 5862 (f2
2251 5736 2441 5789 Carm.
2476 5731 2551 5788 al.
2589 5733 2642 5789 4.

433 5798 658 5862 lCarm.
682 5800 760 5858 al.
797 5800 888 5856 47.
2145 5809 2166 5862 (
2210 5809 2226 5862 l
2256 5808 2444 5862 Carm.
2479 5804 2554 5862 al.
2585 5804 2642 5862 δὲ

429 5798 658 5869 )Carm.
682 5800 760 5858 al.
797 5800 888 5856 47.

2145 5798 2226 5879 (ἆ)
2256 5808 2444 5862 Carm.
2479 5804 2554 5863 al.
2585 5804 2677 5863 54.
