4080 6462
315 417 392 484 63
1329 428 1744 493 ΡΗΕῈΑἸῚΟ
1791 430 1926 493 GED

2126 429 2251 492 LIS.
2288 464 2364 476 —
2395 429 2600 493 PARS
2647 428 2727 494 II.
3657 425 3737 487 64

315 555 536 636 Itaque
592 555 781 620 ambo
831 555 975 640 jure
1031 578 1102 624 ac
1164 563 1384 626 merito
1441 563 1898 628 coenobitarum
1980 563 2357 645 patriarchae
2414 562 2690 627 habendi
2766 567 2935 639 sunt,
2995 559 3103 644 qui
3165 559 3336 642 leges
3411 559 3739 624 monachis

316 654 678 733 condidere,
743 659 1122 723 monasteria
1199 668 1560 725 exstruxere
1648 670 1705 726 et
1776 663 1970 725 vitam
2063 664 2358 725 monachi
2437 683 2792 738 exercuere,
2850 670 2918 725 ut
2986 661 3362 725 Benedictus
3435 659 3501 721 in
3559 662 3739 724 Occi-

315 753 527 816 dente.

398 854 635 915 Praeter
684 856 961 934 privatas
1020 859 1325 939 cujusque
1381 862 1890 935 exercitationes,
1926 880 2084 940 quas
2140 880 2216 922 ex
2273 863 2498 923 Ruﬁno
2560 861 2642 940 (α)
2701 861 2998 923 describit
3049 858 3360 921 Baronius
3418 856 3524 938 (ὁ),
3559 865 3741 920 erant

319 954 684 1013 communia
743 955 991 1033 utrique
1049 959 1344 1018 exercitia
1399 977 1411 1032 ;
1474 978 1510 1020 a
1568 960 1798 1038 quibus
1856 978 1996 1020 cum
2059 960 2402 1037 aliquando
2454 961 2809 1020 abstractus
2883 959 3102 1018 fuisset
3181 956 3538 1034 Gregorius,
3601 957 3740 1018 haec

317 1048 737 1128 ingemiscens
780 1054 1091 1132 scripsit:
1159 1078 1186 1112 ‹‹
1248 1057 1394 1127 Quis
1480 1057 1634 1117 mihi
1704 1058 1881 1118 dabit
1959 1065 2027 1118 ut
2099 1059 2510 1136 pristinorum
2587 1059 2830 1118 dierum
2899 1056 3307 1126 afﬂctionem,
3373 1053 3435 1113 in
3511 1056 3743 1133 quibus

318 1151 527 1208 tecum
581 1149 1034 1228 jucundissime
1091 1154 1233 1226 vixi,
1273 1155 1368 1214 vel
1430 1175 1707 1216 mensem
1768 1175 1963 1216 unum
2025 1157 2184 1215 ferre
2245 1157 2815 1234 liceat?quoniam
2878 1175 2975 1216 res
3032 1155 3262 1225 tristes,
3314 1169 3456 1230 quae
3514 1163 3743 1232 sponte

321 1245 635 1324 feruntur,
703 1251 936 1310 coactis
994 1251 1232 1312 deliciis
1286 1253 1565 1332 potiores
1625 1254 1961 1314 habentnr.
2025 1254 2171 1325 Quis
2231 1255 2405 1314 dabit
2459 1254 2612 1314 mihi
2683 1253 3069 1333 psalmodias
3123 1251 3286 1322 illas,
3349 1255 3411 1309 et
3465 1250 3741 1329 vigilias,

321 1350 384 1402 et
442 1344 520 1403 ad
573 1347 960 1423 precandum
1021 1367 1321 1422 recessus,
1383 1350 1706 1429 vitamque
1750 1351 1924 1412 illam
1985 1352 2169 1430 quasi
2236 1353 2627 1430 spiritualem
2686 1357 2747 1412 et
2819 1353 3259 1429 incorpoream
3307 1347 3337 1406 ?
3392 1347 3539 1418 Quis
3612 1350 3750 1409 fra-

319 1445 508 1516 trum,
575 1443 681 1521 qui
738 1463 774 1504 a
846 1451 905 1506 te
960 1445 1024 1505 in
1083 1448 1315 1526 pietate
1380 1449 1795 1509 instituuntur
1874 1455 1937 1510 et
1983 1450 2046 1509 in
2131 1450 2400 1509 sublime
2468 1451 2817 1527 eriguntur,
2877 1447 3362 1509 unanimitatem
3437 1444 3613 1507 dabit
3687 1454 3754 1509 et

320 1540 723 1602 concordiam
771 1543 800 1601 ?
858 1544 1008 1615 Quis
1065 1546 1314 1606 virtutis
1398 1553 1716 1608 certamen
1795 1553 1856 1608 et
1932 1566 2225 1620 acumen,
2314 1548 2480 1626 quod
2555 1548 2934 1626 praescriptis
3011 1546 3210 1608 modis
3268 1547 3331 1604 et
3404 1545 3754 1608 canonibus

319 1637 792 1700 stabiliebamus
838 1641 868 1702 ?
928 1643 1076 1714 Quis
1132 1643 1487 1706 divinorum
1560 1645 1963 1706 oraculorum
2025 1645 2414 1718 exercitium,
2475 1645 2664 1726 inque
2712 1645 2837 1705 illis
2916 1665 3058 1706 cum
3137 1645 3394 1724 spiritus
3455 1644 3749 1706 modera-

318 1735 487 1795 mine
542 1737 864 1798 inventam
923 1739 1128 1800 lucem
1168 1744 1196 1801 ?
1256 1748 1386 1816 aut,
1446 1747 1514 1802 ut
1572 1743 1823 1804 minora
1890 1762 1964 1803 ac
2021 1743 2255 1804 leviora
2304 1744 2534 1816 dicam,
2598 1744 2738 1823 quis
2795 1743 2974 1804 dabit
3029 1744 3432 1822 quotidianas
3484 1743 3626 1804 illas
3685 1746 3752 1803 et

317 1835 681 1896 manusrias
764 1856 989 1917 operas
1037 1840 1066 1898 ?
1119 1840 1266 1912 Quis
1347 1841 1664 1919 lignorum
1748 1842 2212 1914 ﬁndendorum,
2301 1843 2926 1922 comportandorum,
3010 1861 3083 1902 ac
3158 1842 3745 1921 componendorum

315 1931 598 1993 laborem
660 1939 720 1995 et
777 1937 1146 2015 lapidicinas
1191 1940 1219 1998 Ἰ
1275 1941 1422 2012 Quis
1477 1941 1855 2003 consitiones
1912 1948 1974 2001 et
2031 1941 2427 2020 irrigationes
2485 1942 2844 2019 plantarum
2878 1943 2907 2002 ?
2967 1941 3115 2012 Quis
3173 1941 3502 2019 platanum
3561 1940 3743 2000 illam

318 2047 598 2105 auream,
634 2033 846 2094 Xercis
893 2036 1151 2113 platano
1211 2039 1733 2116 praestantiorem,
1795 2038 1857 2098 in
1917 2058 2043 2116 qua
2100 2057 2222 2097 non
2284 2057 2393 2097 rex
2453 2039 2658 2098 mollis
2717 2045 2778 2098 et
2835 2045 3187 2110 enervatus,
3221 2039 3329 2098 sed
3391 2037 3746 2097 monachus

319 2128 594 2190 afﬂictus
651 2136 714 2191 et
771 2131 1184 2195 debilitatus?
1243 2154 1432 2214 quam
1518 2155 1633 2213 ego
1714 2137 2018 2217 plantavi,
2054 2137 2279 2216 Apollo
2338 2137 2585 2214 rigavit,
2649 2136 2768 2197 hoc
2826 2145 2919 2197 est
2978 2136 3349 2196 excellentia
3394 2141 3522 2196 tua.
3573 2138 3746 2196 Deus

319 2232 530 2286 autem
563 2227 623 2288 in
652 2228 958 2291 honorem
992 2233 1190 2293 nostri
1223 2235 1584 2313 provexit.»

402 2325 535 2395 Quo
586 2333 871 2407 tempore
930 2331 1268 2409 Gregorius
1323 2333 1387 2393 in
1445 2333 1782 2394 solitudine
1837 2334 2226 2408 versabatur,
2293 2339 2354 2394 et
2386 2333 2683 2393 monachi
2731 2333 2922 2393 vitam
2997 2351 3138 2392 cum
3195 2330 3427 2392 Basilio
3485 2348 3748 2392 exerce-

321 2419 455 2495 bat,
514 2425 748 2486 crebris
811 2445 1068 2489 suorum
1127 2430 1350 2492 litteris
1422 2450 1566 2494 cum
1642 2431 1912 2493 Basilius
1980 2434 2325 2493 Caesaream
2407 2436 2828 2502 revocaretur,
2888 2430 3212 2508 respondit
3284 2427 3417 2510 (c):
3475 2453 3505 2485 «
3563 2431 3752 2490 Nunc

321 2521 623 2598 quoniam
684 2544 797 2604 per
851 2527 1119 2605 gratiam
1178 2530 1288 2590 Dei
1345 2531 1475 2592 voti
1530 2531 1728 2592 nostri
1789 2549 1903 2610 pro
1962 2530 2198 2590 viribus
2258 2537 2581 2609 compotes
2640 2529 2787 2589 facti
2873 2547 3112 2602 sumus,
3173 2545 3483 2606 organum
3559 2527 3755 2589 bene-

321 2617 555 2680 dictum
614 2629 1003 2704 puteumque
1056 2629 1438 2705 profundum
1495 2629 1730 2710 adepti.
1785 2629 2178 2708 Gregorium,
2240 2647 2309 2690 os
2361 2628 2517 2687 illud
2575 2627 2714 2687 dico
2792 2627 3068 2700 Christi;
3134 2645 3479 2706 parumper
3535 2625 3746 2696 nobis,

321 2716 606 2792 obsecro,
665 2740 1009 2802 parumper
1065 2725 1229 2787 hanc
1289 2727 1597 2788 morulam
1657 2727 2003 2806 indulgete,
2037 2745 2228 2806 quam
2290 2745 2417 2786 non
2461 2725 2541 2786 ad
2599 2725 2719 2786 hoc
2777 2725 3067 2803 petimus,
3103 2730 3174 2785 ut
3231 2723 3482 2784 urbium
3541 2728 3748 2784 secte-

321 2832 465 2874 mur
493 2815 772 2895 delicias,
805 2821 913 2881 sed
963 2828 1031 2881 ut
1085 2823 1369 2884 fruamur
1423 2831 1786 2885 sanctorum
1845 2825 2157 2885 convictu.
2225 2849 2250 2880 ι
2313 2824 2682 2901 Gregorium
2740 2841 2992 2901 quoque
3041 2822 3242 2900 pietas
3299 2839 3452 2899 erga
3507 2838 3746 2900 paren-

322 2917 416 2973 tes
473 2914 874 2977 solitudinem
936 2919 1290 2998 relinquere
1351 2928 1413 2982 et
1471 2924 1845 2983 Nazianzum
1897 2923 2124 2983 reverti
2181 2923 2540 3001 compulit;
2595 2940 2709 2982 nec
2767 2927 2977 2981 tamen
3034 2920 3274 2980 interea
3332 2921 3503 2999 quod
3561 2938 3752 2981 vove-

321 3015 441 3086 rat,
475 3010 537 3071 id
571 3018 684 3084 est,
723 3014 1016 3075 monachi
1043 3017 1259 3092 vitam,
1294 3019 1354 3078 in
1407 3027 1670 3097 paterna
1724 3020 1912 3080 domo
1964 3038 2147 3098 agere
2207 3022 2510 3080 cessavit:
2577 3043 2604 3073 «
2665 3019 2835 3078 Adeo
2889 3024 2977 3087 ut,
3033 3017 3239 3096 inquit
3294 3017 3401 3098 (ά),
3462 3018 3750 3096 philoso-

318 3105 537 3186 phiam
571 3129 825 3189 quoque
883 3112 1109 3191 ipsam,
1148 3134 1274 3193 qua
1307 3135 1418 3178 nec
1475 3117 1783 3195 possessio
1845 3119 1995 3192 ulla,
2056 3136 2172 3178 nec
2228 3136 2458 3178 nomen
2531 3116 2728 3177 ullum
2793 3115 2945 3174 mihi
2998 3114 3251 3175 charius
3308 3121 3422 3190 est,
3460 3121 3748 3176 contem-

318 3207 740 3285 pserim;vel,
777 3215 844 3270 ut
900 3213 1106 3272 verius
1150 3214 1395 3293 loquar,
1445 3215 1565 3276 hoc
1625 3216 1896 3294 primum
1956 3217 2328 3289 studuerim,
2381 3222 2448 3276 ut
2508 3234 2583 3276 ne
2634 3214 3142 3295 philosophantis
3195 3215 3464 3294 speciem
3498 3215 3747 3294 praebe-

317 3323 474 3365 rem.
537 3331 566 3362 »
627 3309 804 3379 Quod
864 3317 1191 3371 externum
1255 3321 1346 3374 est
1401 3315 1464 3374 in
1526 3314 1655 3374 vita
1715 3316 2030 3389 monachi,
2092 3315 2225 3389 vel,
2289 3322 2354 3376 ut
2411 3315 2607 3393 ipsius
2662 3314 2869 3375 verbis
2920 3318 3082 3387 utar,
3141 3336 3172 3368 «
3238 3313 3753 3394 philosophantis

316 3405 613 3481 speciem,
651 3428 678 3464 ››
716 3426 930 3468 amore
963 3417 1296 3487 parentum
1333 3413 1634 3492 despexit,
1671 3409 1746 3472 ὡς
1803 3412 1890 3464 καὶ

2138 3410 2292 3489 οφίας
2356 3407 2625 3486 ὑπεριδεῖν
2689 3410 2878 3478 αὐτῆς
2949 3411 3059 3472 sed
3106 3411 3276 3472 intus
3323 3431 3469 3475 vere
3519 3429 3749 3473 mona-

315 3501 419 3562 chi
473 3503 665 3565 vitam
719 3506 1001 3584 agebat:
1064 3513 1131 3568 ut
1182 3510 1348 3570 enim
1405 3512 1494 3573 ait
1547 3511 1681 3591 ipse
1739 3511 2074 3590 Gregorius
2129 3511 2243 3592 (e):
2284 3536 2313 3568 ‹‹
2373 3513 2617 3575 Morum
2677 3517 2790 3584 est,
2826 3528 2952 3570 non
3009 3528 3374 3590 corporum,
3426 3510 3558 3572 vita
3614 3528 3756 3570 mo-

317 3602 558 3664 nastica
581 3621 595 3664 :
630 3625 659 3662 η

920 3717 1143 3794 Τρόπων
1178 3744 1280 3799 γαρ
1314 3725 1445 3781 εἶναι
1476 3729 1572 3796 τὴν
1613 3729 1808 3801 μονὴν,
1843 3725 1903 3782 οὗ
1939 3724 2227 3799 σωμάτων.

399 3886 742 3950 Observare
794 3891 980 3968 juvat
1036 3893 1403 3971 Gregorium
1465 3913 1502 3954 a
1559 3893 1896 3954 solitudine
1953 3891 2296 3951 abductum
2359 3890 2436 3969 (/)
2496 3895 2664 3949 metu
2728 3915 2756 3944 ‹‹
2819 3909 2895 3950 ne
2973 3889 3478 3951 benedictionem
3535 3895 3752 3969 paler-

319 4002 466 4044 nam
501 3989 854 4050 amitteret:
894 4014 922 4044 »
958 3989 1056 4043 οὐκ
1112 3987 1404 4065 {river/.01....
1463 3990 1831 4060 καταλυθῆναι
1886 4011 1930 4043 τη

2144 3986 2309 4063 ογίαν·
2373 4008 2498 4067 quo
2533 3994 2749 4067 postea
2792 3995 2959 4048 metu
3011 3989 3295 4068 depulso,
3332 4006 3558 4067 nempe
3608 3995 3755 4068 post

320 4089 682 4146 sanctorum
745 4097 1010 4153 mortem
1061 4095 1394 4171 parentum
1453 4095 1515 4150 et
1572 4090 1929 4150 abdicatam
1990 4080 2200 4150 sedem
2262 4087 3051 4166 ConstantinOpolitanam,
3114 4091 3311 4148 totam
3378 4109 3408 4142 «
3467 4085 3756 4166 philoso-

319 4179 715 4262 phiam,qua
759 4207 872 4250 nec
922 4189 1236 4270 possessio
1296 4188 1448 4261 ulla,
1476 4207 1590 4248 nec
1649 4206 1878 4249 nomen
1940 4188 2133 4246 ullum
2193 4186 2313 4264 ipsi
2371 4186 2622 4247 charius
2681 4191 2902 4258 erat,»
2941 4185 3004 4244 id
3063 4190 3177 4258 est,
3209 4184 3413 4264 ipsam
3476 4183 3754 4243 «Philo-

321 4279 652 4358 BOphantlS
709 4288 979 4364 speciem
1013 4312 1043 4344 »
1106 4289 1168 4348 et
1222 4306 1474 4348 nomem
1533 4287 1862 4366 amplexus
1918 4292 2048 4358 est;
2101 4292 2163 4346 et
2221 4292 2347 4345 tam
2407 4285 2681 4346 exterius
2739 4304 2929 4364 quam
2987 4284 3270 4356 interius,
3310 4306 3340 4339 «
3398 4283 3549 4358 ruri,
3599 4307 3631 4339 »
3685 4290 3760 4344 ut

324 4380 541 4441 scribit
571 4384 1012 4466 Hieronymus,
1045 4387 1236 4448 vitam
1274 4385 1569 4446 monachi
1599 4385 1897 4446 exercuit.
1935 4408 1965 4440 »

404 4479 773 4558 Priusquam
833 4484 980 4546 hinc
1049 4485 1468 4558 discedamus,
1530 4489 1591 4544 et
1644 4483 1929 4561 Gregorii
2011 4482 2246 4555 locum,
2299 4483 2408 4561 qui
2486 4481 2786 4560 objicitur
2842 4500 2915 4542 ex
3003 4481 3280 4542 carmine
3364 4479 3594 4560 primo,
3654 4499 3754 4540 re-

325 4575 750 4656 linquamus;
838 4602 1022 4643 voces
1107 4583 1398 4662 quaedam
1491 4583 1909 4662 explananda:
1987 4587 2179 4654 sunt,
2241 4588 2309 4640 ut
2419 4581 2962 4658 vitilitigatoribus
3046 4584 3402 4641 occuratur.
3493 4575 3756 4652 Ἀζύγων,

331 4668 546 4746 ἄζυγος,
611 4677 1014 4758 «injugatus,
1078 4680 1389 4752 caelebs,»
1427 4679 1616 4757 vulgo
1674 4679 1996 4739 redditur:
2029 4697 2247 4738 verum
2288 4678 2460 4756 apud
2521 4677 2915 4755 Gregorium,
2971 4677 3079 4755 qui
3109 4675 3274 4737 hanc
3330 4693 3549 4736 vocem
3607 4675 3760 4736 huic

323 4773 464 4833 voci
525 4770 764 4848 μιγάδων
826 4779 1114 4857 opponit,
1190 4777 1392 4856 accipi
1475 4778 1662 4838 debet
1745 4779 1822 4837 de
1909 4777 2190 4849 eremita,
2256 4776 2660 4849 anachoreta,
2722 4775 2820 4836 vel
2878 4775 3161 4854 quolibet
3223 4773 3560 4846 monacho,
3644 4773 3760 4852 qui

327 4871 588 4934 omnino
642 4875 813 4934 solus
870 4882 986 4951 est,
1047 4894 1160 4937 nec
1215 4876 1413 4935 ullum
1505 4875 1698 4936 habet
1774 4875 2037 4936 socium.
2099 4875 2246 4935 Ideo
2331 4874 2736 4934 Bollandistae
2822 4874 3320 4952 interpretantur
3398 4871 3754 4934 Solz'tarz'os:

323 4971 784 5032 Leuvenklaius
841 4974 943 5033 ad.
1006 4992 1205 5052 marg.
1240 4990 1330 5045 γρ.
1364 4971 1452 5024 καὶ
1484 4971 1784 5046 ἑρημικῶν.
1845 4973 2043 5032 Aliter
2098 4971 2500 5051 interpretari
2558 4990 2772 5032 vocem
2860 4971 3024 5031 hanc
3095 4990 3224 5031 non
3311 4970 3548 5043 sinunt,
3609 4986 3761 5048 quae

327 5067 698 5147 praecedunt
753 5073 813 5128 et
865 5087 1008 5148 quae
1064 5074 1412 5149 sequuntur
1465 5069 1528 5129 in
1590 5070 1912 5147 Gregorio.
1977 5069 2228 5140 Vereor,
2291 5087 2368 5128 ne
2447 5069 2670 5128 doctus
2741 5067 3116 5127 Sirmundus
3189 5067 3252 5127 in
3341 5066 3486 5128 Vita
3557 5065 3763 5127 sancti

327 5164 644 5226 Theodori
701 5167 987 5239 Studitae,
1023 5187 1198 5228 num.
1232 5172 1292 5238 5,
1329 5187 1388 5246 p.
1425 5171 1484 5238 7,
1548 5166 1752 5226 minus
1810 5174 1938 5227 rect

2152 5167 2283 5227 .erit
2341 5165 2474 5226 haec,
2531 5166 2761 5226 verba:
2816 5167 2920 5217 Τοῦ
2952 5166 3280 5218 κοινωνικοῦ
3308 5160 3430 5239 βίου
3460 5161 3554 5216 τὸν
3589 5161 3763 5237 ἄζυγᾶ

330 5265 797 5338 προτιμήσαντας,
857 5291 887 5322 ‹‹
938 5268 1218 5328 caelibem
1280 5268 1472 5327 vitam
1532 5266 1826 5345 conjugio
1878 5286 1941 5327 ar

2152 5273 2374 5328 .entes:
2410 5289 2439 5322 »
2478 5263 2804 5326 Κοινωνικὸς
2841 5263 2955 5338 βίος
3012 5282 3292 5345 namque
3345 5264 3409 5325 in
3463 5263 3763 5343 Gregorio

332 5371 493 5426 orat.
526 5367 624 5440 21,
660 5384 701 5425 n
734 5369 829 5439 19,
863 5365 940 5427 de
969 5366 1100 5428 vita
1128 5366 1504 5428 coenobitica
1533 5371 1680 5425 sunt
1707 5365 2092 5445 accipienda.

431 5624 486 5696 a)
521 5624 654 5679 Ruf.
687 5622 786 5678 lib.
820 5629 884 5692 11,
917 5623 1053 5696 c.__9.
1096 5695 1107 5696 ί
1158 5693 1210 5696 μ
1258 5693 1289 5696 __
1474 5694 1485 5696 Α
1550 5695 1553 5696 ν
1624 5695 1659 5696 7
1715 5694 1721 5696 _
1870 5694 1881 5696 _
2180 5624 2257 5696 (ά)
2289 5623 2384 5679 Or.
2415 5623 2469 5694 2,
2504 5640 2562 5694 p.
2594 5622 2684 5678 59.

434 5693 487 5766 b)
519 5697 670 5767 Bar.,
697 5713 852 5766 apup
885 5693 1118 5767 Boll.,79
1157 5693 1314 5760 Maii,
1347 5711 1403 5766 p.
1465 5694 1589 5753 388.
1621 5694 1802 5767 Epist.
1833 5694 1908 5752 al.
1940 5696 1993 5764 9,
2179 5693 2250 5767 (θ)
2282 5693 2471 5751 Carm.
2504 5693 2580 5751 De
2612 5697 2726 5750 vita
2746 5711 2849 5750 sua

411 5696 487 5768 (ὁ)
519 5697 646 5752 Bar.
697 5713 852 5766 apup
885 5696 1053 5760 Boll.,
1084 5696 1118 5748 9
1157 5696 1314 5760 Maii,
1347 5711 1403 5766 p.
1465 5696 1589 5753 388.
1621 5696 1802 5767 Epist.
1833 5696 1908 5752 a1.
1940 5696 1993 5764 9,
2201 5713 2228 5752 θ
2282 5699 2471 5751 Carm.
2504 5697 2580 5751 De
2612 5697 2674 5750 vi;

411 5772 479 5838 (ο)
502 5741 670 5841 Apud
699 5767 843 5826 Boll.
870 5768 904 5824 9
935 5766 1092 5835 Maii,
1136 5783 1194 5839 p.
1229 5767 1354 5822 388.
2179 5696 2250 5839 lt?
2277 5767 2370 5823 Or.
2402 5771 2459 5838 2,
2489 5785 2546 5840 p.
2582 5767 2674 5822 59.
