4080 6412
234 353 302 423 65
1278 359 1695 426 PREFATIO
1743 351 2201 425 GENERALIS.
2237 399 2313 411 --
2351 351 2550 426 PARs
2597 357 2674 425 ιι.
3601 370 3680 433 66

304 496 596 575 Μιγάδων,
680 502 826 564 alia
911 519 1026 562 vox
1108 499 1479 580 exponenda
1562 504 1692 574 est,
1774 499 1824 559 si
1911 498 2166 578 quidem
2277 500 2444 562 viros
2555 500 2773 561 doctos
2882 500 2946 560 in
3042 519 3315 563 errorem
3400 503 3679 585 impulit.

245 598 466 676 ὶιιιγάδες
529 601 781 680 accipit
833 599 1163 678 Gregorius
1224 617 1336 678 pro
1390 598 1762 672 cmnobitis;
1823 616 1950 676 quo
2009 617 2193 659 sensu
2249 618 2368 659 vox
2417 599 2526 658 illa
2584 617 2621 658 a
2681 599 2964 678 pluribus
3020 601 3343 679 accipitur,
3395 603 3459 662 in
3520 622 3680 681 quo.

256 719 380 762 rum
437 717 712 760 numero
774 704 925 758 sunt
979 701 1229 756 sanctus
1285 695 1791 774 Ghrysostomus,
1856 695 2030 756 hom.
2082 696 2146 755 in
2197 696 2351 776 falso
2404 697 2764 777 prop/tetas;
2824 696 3337 776 'l‘heophylactus
3397 700 3457 759 ίη
3504 700 3676 761 Mar-

262 820 376 861 cum
407 817 460 859 α,
511 816 592 861 ιν,
627 792 837 851 Ἄλλοι
876 792 968 865 μὲν
1002 791 1100 845 εἱσι
1158 789 1533 866 παρθένοικαί
1593 790 1868 866 ἐρημικοί·
1932 789 2094 846 ἄλλοι
2157 789 2376 866 μιγάδες
2432 790 2519 845 καὶ
2578 791 2628 845 ἐν
2687 787 2971 864 κοινοϐίῳ·
3005 790 3180 868 ἕτεροι
3240 791 3421 848 λαϊκοὶ
3478 795 3567 850 καὶ
3625 796 3678 853 ἂν

265 895 437 972 γάμῳ·
495 897 560 957 id
592 902 712 969 est,
752 893 935 954 «Alii
992 892 1245 971 quidem
1290 892 1561 970 virgines
1619 899 1765 952 sunt
1814 897 1876 952 et
1932 892 2230 952 solitarii:
2288 893 2394 952 alii
2450 891 2617 952 misti
2675 899 2735 953 et
2793 893 2855 952 in
2915 894 3241 967 coenobio;
3307 915 3520 957 rursus
3572 899 3688 965 alii

266 997 402 1057 laici
456 1001 517 1056 et
573 995 638 1054 in
698 992 991 1070 conjugio
1051 991 1350 1051 viventes.
1421 1015 1449 1045 »
1511 992 1742 1052 Verum
1797 1009 1834 1050 a
1891 990 2065 1050 nullo
2124 991 2248 1051 alio
2333 991 2561 1050 certius
2617 1009 2690 1051 ac
2770 992 2992 1051 melius
3049 992 3290 1053 discere
3349 1013 3686 1072 possumus

265 1113 448 1173 quam
510 1093 587 1153 ab
633 1094 774 1171 ipso
848 1089 1145 1167 Gregorio
1199 1088 1352 1168 quid
1413 1088 1766 1167 significare
1810 1088 2079 1149 voluerit
2135 1107 2286 1149 voce
2321 1084 2585 1161 μιγάδων.
2647 1090 2918 1148 ΡΓῘΠΠΠΠ
2979 1091 3235 1168 quidem
3290 1092 3351 1152 in
3403 1097 3689 1158 oratione

261 1191 536 1253 secunda
589 1209 650 1262 n,
713 1193 810 1264 29,
872 1187 1244 1266 conjugatos
1304 1205 1340 1246 a
1397 1187 1860 1248 continentibus
1921 1187 2210 1258 secernit,
2267 1186 2507 1265 hosque
2577 1186 2742 1246 inter
2813 1188 3106 1247 eremitas
3191 1191 3519 1252 coenobitis
3577 1199 3690 1254 aut

261 1291 459 1350 mistis
517 1288 781 1367 opponit
833 1305 846 1346 :
915 1311 942 1341 «
1001 1286 1339 1360 Quantum,
1414 1284 1642 1364 inquit,
1697 1284 2102 1344 intervallum
2179 1285 2340 1344 inter
2418 1284 2792 1363 conjugatos
2850 1291 2912 1345 et
2967 1286 3318 1348 caelibes...
3377 1297 3687 1368 quantum

258 1410 329 1451 ex
363 1391 460 1449 his
518 1407 733 1448 rursus
785 1387 949 1446 inter
1007 1385 1299 1446 eremitas
1352 1390 1414 1444 et
1473 1384 1846 1458 coenobilas,
1880 1385 1988 1463 qui
2049 1384 2332 1463 permisti
2376 1385 2798 1445 communiter
2853 1385 3115 1464 degunt,
3153 1411 3181 1443 »
3216 1387 3280 1447 id
3342 1396 3452 1465 est,
3483 1392 3687 1472 miga-

257 1487 388 1548 des.
455 1488 524 1546 In
575 1484 859 1544 oratione
917 1499 1023 1542 xxr
1084 1481 1306 1541 eadam
1366 1480 1565 1540 utitur
1639 1481 2064 1552 distinctione,
2129 1480 2237 1540 sed
2319 1481 2578 1540 mutatis
2646 1481 2874 1556 verbis,
2939 1487 3010 1542 ut
3084 1484 3284 1561 magis
3365 1487 3692 1550 illucescat

256 1584 613 1664 oppositio:
677 1580 738 1633 Οἱ
769 1585 866 1647 τῆς
899 1576 1218 1653 ἐρημίας....
1256 1577 1306 1630 οἱ
1338 1577 1435 1644 τῆς
1470 1575 1763 1648 ἐπιμιξίας.
1821 1580 1867 1638 Ir

2079 1597 2167 1638 3m
2226 1578 2511 1638 oratione
2569 1579 2862 1639 eremitas
2946 1598 3051 1640 eos
3109 1600 3242 1641 esse
3299 1583 3406 1657 ait,
3476 1609 3506 1642 ‹‹
3578 1586 3690 1665 qui

255 1685 449 1743 vitam
512 1699 764 1760 prorsus
823 1678 1194 1751 solitariam,
1253 1683 1314 1738 et
1371 1677 1450 1736 ab
1509 1676 1836 1736 hominum
1873 1677 2177 1737 societate
2209 1684 2515 1737 remotam
2577 1683 2795 1755 agunt,
2832 1679 2928 1738 sui
2986 1678 3268 1759 ipsorum
3329 1687 3570 1743 tantum
3632 1689 3694 1747 et

258 1782 364 1842 Dei
427 1779 747 1857 colloquio
803 1778 1081 1837 fruentes
1135 1793 1150 1849 ;
1218 1799 1244 1830 ι)
1307 1775 1536 1854 quibus
1594 1774 1859 1854 opponit
1911 1775 2260 1835 coenobitas
2314 1792 2326 1833 :
2394 1798 2424 1831 «
2483 1775 2590 1835 alii
2676 1781 2891 1836 autem
2984 1777 3260 1838 cbaritas
3318 1780 3520 1858 legem
3579 1802 3695 1862 per

255 1879 770 1940 communionem
830 1881 893 1935 et
940 1874 1301 1934 societatem
1364 1873 1663 1946 colentes,
1726 1873 1990 1933 solitarii
2038 1873 2226 1934 simul
2270 1880 2332 1934 et
2390 1873 2724 1934 coenobitae
2784 1880 2951 1948 sunt,
3014 1897 3044 1930 »
3105 1881 3224 1937 etc.
3274 1895 3287 1951 ;
3350 1875 3694 1950 ἐρημικοίτε

255 1976 393 2048 ὁμοῦ
425 1973 516 2028 καὶ
555 1969 800 2046 μιγάδες.
845 1973 1070 2051 Ecquis
1120 1972 1254 2050 jam
1315 1972 1454 2045 erit,
1497 1972 1605 2049 qui
1666 1973 1866 2032 caeno]

2079 1973 2260 2032 fuisse
2321 1967 2564 2043 μιγάδες,
2627 1979 2689 2032 et
2748 1973 3118 2052 Gregorium
3178 1977 3284 2054 qni
3344 1976 3507 2037 inter
3554 1997 3690 2040 ere-

255 2077 437 2136 mitas
508 2081 571 2134 et
629 2072 909 2150 migades
971 2071 1239 2130 mediam
1292 2070 1430 2130 iniit
1487 2071 1677 2143 viam,
1739 2071 1930 2129 vitam
1995 2072 2402 2130 monasticam
2455 2071 2807 2130 exercuisse
2887 2073 3207 2150 negaverit
3255 2075 3283 2132 ?
3342 2077 3470 2134 Nisi
3529 2078 3691 2138 forte

251 2175 356 2252 qui
415 2172 570 2231 velit
629 2170 972 2230 monachos
1049 2187 1176 2228 non
1233 2169 1424 2228 fuisse
1492 2167 1787 2227 eremitas
1845 2174 1907 2227 et
1965 2168 2338 2240 coenobitas,
2399 2187 2556 2246 quos
2632 2186 2776 2227 cum
2854 2169 3238 2230 Athanasius
3315 2173 3496 2232 exsul
3553 2193 3697 2252 per.

251 2276 506 2351 agraret
567 2271 888 2346 Egptum,
945 2266 1368 2337 consociavit;
1429 2283 1542 2325 nec
1594 2265 1810 2325 Basilii
1868 2265 2228 2345 discipulos,
2294 2285 2476 2343 quos,
2533 2284 2610 2325 ex
2666 2267 2942 2328 eremitis
2993 2274 3055 2328 et
3112 2269 3468 2348 migadibus
3525 2291 3688 2351 prae-

255 2371 420 2430 clare
478 2368 646 2428 inter
702 2385 765 2427 se
799 2365 1239 2439 reconciliatis,
1301 2364 1707 2442 congregavit
1762 2381 1775 2437 ;
1839 2363 2068 2444 quibus
2138 2364 2326 2426 etiam
2400 2363 2568 2442 leges
2625 2365 2928 2440 condidit,
2990 2367 3296 2428 asceteria
3345 2373 3406 2429 et
3472 2374 3693 2433 mona-

262 2467 443 2528 steria
474 2464 808 2528 exstruxit.

460 2645 494 2724 §
542 2644 642 2704 ιν.
693 2658 1002 2704 οωυεηλιι
1049 2657 1346 2704 sccmsm
1394 2656 1709 2702 EPISGOPUS
1754 2657 2081 2700 assensus
2143 2656 2569 2708 DICENDUSQUE
2611 2656 2702 2700 srr
2752 2655 3110 2718 GREGORIUS,
3157 2659 3256 2710 om
3300 2658 3488 2707 VULGO

1304 2737 1724 2782 NAZIANZBNUS
1769 2738 2177 2795 APPELLATUR,
2225 2736 2662 2782 INVESTIGATUB
2674 2766 2687 2780 .

345 2878 563 2938 Primo
635 2875 888 2954 quidem
953 2874 1318 2934 Sasimensis
1373 2877 1691 2951 Ecclesiae,
1751 2896 1893 2956 quae
1947 2896 2163 2938 recens
2231 2896 2267 2937 a
2321 2876 2550 2937 Basilio
2608 2877 2786 2937 sedes
2860 2882 3069 2938 erecta
3144 2886 3300 2952 erat,
3362 2879 3695 2964 episcopus

268 2982 670 3038 consecratus
727 2974 843 3032 fuit
903 2973 1235 3050 Gregorius
1293 2974 1373 3034 ab
1425 2975 1564 3054 ipso
1622 2976 1851 3037 Basilio
1909 2983 1970 3036 et
2028 2982 2204 3056 patre
2265 2976 2564 3054 Gregorio
2622 2976 3168 3054 compellentibus.
3232 2979 3386 3040 Huic
3446 2981 3696 3043 ordina-

266 3076 442 3147 tioni,
479 3075 531 3133 si
584 3072 792 3132 minus
850 3072 1156 3145 animum,
1216 3072 1437 3132 saltem
1497 3075 1800 3134 cervicem
1859 3075 2143 3136 inﬂexit:
2189 3074 2294 3134 sed
2355 3094 2498 3134 cum
2555 3074 2636 3134 ad
2706 3075 3152 3153 capessendam
3213 3077 3422 3137 sedem
3483 3079 3693 3141 nullus

265 3179 516 3256 paserat
587 3172 831 3243 aditus,
894 3189 1082 3248 quam
1156 3171 1392 3232 scilicet
1474 3173 1809 3233 Anthimus
1858 3176 2118 3234 armatis
2203 3173 2507 3232 militibus
2592 3179 2969 3251 occupatam
3048 3175 3363 3248 tuebatur,
3427 3177 3692 3255 abjectis

269 3272 556 3345 Sasimis,
613 3271 678 3330 in
737 3269 1139 3330 solitudinem
1216 3288 1281 3330 se
1357 3273 1688 3346 contulit;
1754 3291 1866 3332 nec
1942 3272 2353 3344 oblationem,
2420 3290 2533 3332 nec
2605 3272 3091 3345 ordinationem,
3146 3292 3260 3334 nec
3337 3275 3692 3354 quidquam

266 3390 482 3434 eorum
545 3387 685 3448 qua
757 3368 927 3448 apud
984 3368 1310 3448 episcopos
1369 3369 1434 3429 in
1486 3390 1657 3431 more
1715 3377 1776 3431 et
1836 3372 2120 3431 instituto
2181 3376 2348 3442 sunt,
2409 3370 2671 3431 Sasimis
2730 3371 2995 3449 peregit,
3058 3376 3128 3431 ut
3185 3372 3321 3451 ipse
3384 3379 3691 3450 testatur;

265 3472 369 3531 sed
403 3467 594 3528 simul
621 3474 808 3546 atque
838 3472 1240 3527 consecratus
1271 3475 1362 3528 est
1395 3468 1751 3547 episcopus,
1789 3469 2002 3547 fugam
2037 3488 2224 3548 quam
2255 3471 2466 3529 animo
2501 3475 2895 3548 conceperat,
2935 3470 3222 3550 arripuit.

349 3567 587 3630 Deinde
631 3572 960 3625 revocatus
1017 3583 1050 3624 e
1099 3565 1459 3639 solitudine,
1523 3568 1801 3645 regimen
1879 3568 2170 3628 Ecclesiae
2230 3567 2659 3640 Nazianzenae,
2724 3567 2993 3645 jubente
3050 3568 3276 3628 iterum
3335 3575 3536 3647 patre,
3590 3571 3701 3649 qui

272 3686 399 3745 pra
434 3669 619 3725 aetate
651 3663 797 3722 huic
853 3661 1366 3722 administranda:
1425 3664 1630 3742 impar
1689 3670 1846 3737 erat,
1881 3683 2098 3724 verum
2157 3683 2232 3724 ea
2290 3663 2671 3740 conditione,
2710 3670 2777 3724 ut
2828 3672 3075 3725 mortuo
3120 3674 3293 3744 patre
3351 3667 3510 3726 liber
3539 3674 3701 3729 esset

271 3766 450 3825 abire
519 3780 645 3841 quo
703 3760 915 3833 vellet,
975 3761 1271 3839 suscepit.
1339 3782 1367 3818 (ι
1427 3762 1522 3822 Ad
1579 3761 1768 3822 breve
1826 3768 2097 3841 tempus,
2157 3783 2185 3818 ι)
2253 3761 2460 3839 inquit
2513 3761 2646 3840 ipse
2703 3762 3040 3839 Gregorius
3116 3763 3220 3841 (a),
3290 3787 3318 3818 (‹
3375 3771 3436 3823 et
3521 3765 3703 3843 quasi

273 3861 577 3940 hospites,
613 3859 1051 3939 praefecturam
1084 3859 1472 3939 suscepimus
1505 3877 1516 3918 :
1563 3881 1590 3916 α
1624 3860 1870 3938 accepit
1901 3860 2178 3939 quidem,
2210 3861 2317 3920 sed
2346 3865 2596 3919 mortuo
2629 3865 2806 3938 patre
2837 3877 2972 3918 eam
3008 3860 3258 3938 abjecit.

352 3959 636 4037 Denique
690 3957 1302 4036 Constantinopolim
1380 3958 1719 4018 accersitus
1777 3959 1855 4017 ab
1944 3958 2252 4037 episcopis
2320 3957 2606 4018 Thraciae
2693 3963 2755 4017 et
2838 3958 3227 4032 orlhodoxis,
3297 3965 3363 4018 ut
3448 3979 3703 4021 causam

274 4060 421 4120 ﬁdei
454 4065 674 4118 contra
723 4061 1081 4134 grassantes
1132 4056 1383 4135 lateque
1442 4057 1842 4117 dominantes
1901 4057 1962 4116 in
2024 4057 2196 4134 regia
2250 4056 2504 4116 civitate
2555 4056 2846 4128 Arianos,
2882 4058 3367 4118 Macedonianos
3424 4060 3707 4138 aliasque

275 4156 558 4218 veritatis
633 4161 837 4234 pestes
915 4158 1217 4228 tueretur,
1279 4173 1421 4214 cum
1503 4155 1878 4227 advenisset,
1953 4155 2224 4233 ﬁdeique
2299 4173 2551 4215 causam
2627 4156 3026 4226 defendisset,
3090 4156 3418 4216 haereticos
3488 4157 3704 4236 proﬂi-

271 4259 505 4334 gasset,
544 4272 786 4314 errores
845 4253 1143 4331 fugasset,
1204 4253 1548 4332 collapsam
1611 4254 1798 4313 fidem
1863 4254 2255 4326 restituisset,
2316 4259 2378 4314 et
2437 4253 2717 4313 omnium
2791 4253 3035 4313 animos
3091 4253 3208 4312 sibi
3267 4255 3706 4329 conciliasset;

269 4354 472 4415 totius
552 4351 770 4432 populi
845 4351 1121 4430 clerique
1206 4369 1534 4427 consensu,
1589 4359 1905 4412 annuente
1989 4351 2345 4412 Theodosio
2431 4350 2834 4430 imperatore,
2899 4351 2961 4409 in
3042 4351 3187 4411 sede
3264 4353 3708 4413 Constantino-

268 4453 586 4533 politana,
620 4449 799 4529 pulso
851 4449 1251 4528 Demophilo,
1295 4449 1478 4529 pulso
1529 4450 1718 4511 etiam
1776 4451 2073 4521 Maximo,
2111 4469 2237 4510 non
2298 4455 2509 4510 tamen
2580 4467 2941 4527 repugnans
3000 4457 3066 4509 ut
3125 4456 3330 4522 antea,
3368 4451 3714 4511 collocatus

271 4559 369 4614 est
449 4569 488 4610 a
560 4554 777 4610 sancto
852 4549 1123 4619 Meletio,
1187 4549 1434 4609 concilii
1501 4549 1830 4627 generalis,
1895 4549 2064 4628 quod
2143 4555 2275 4608 tum
2355 4547 2813 4622 celebrabatur,
2894 4548 3183 4626 praeside.
3255 4550 3418 4609 Ortis
3490 4549 3715 4610 deinde

273 4649 554 4731 querelis
611 4650 772 4710 inter
827 4650 1177 4728 episcopos,
1239 4656 1492 4728 arrepta
1551 4651 1902 4722 occasione,
1963 4649 2295 4728 Gregorius
2353 4648 2605 4708 abdicat
2663 4667 2727 4708 se
2783 4648 3170 4727 episcopatu,
3234 4649 3515 4728 effringit
3571 4649 3710 4709 vin-

276 4751 448 4821 cula,
485 4755 546 4809 et
577 4749 807 4827 gaudio
840 4748 1110 4827 gestiens
1142 4748 1412 4827 patriam
1446 4749 1690 4827 repetit,
1728 4755 1949 4827 optata
1972 4749 2310 4808 solitudine
2340 4765 2404 4807 se
2434 4747 2767 4807 fruiturum
2809 4765 3088 4824 sperans.

363 4850 502 4921 Quo
559 4855 860 4927 tempore,
923 4846 1470 4926 ConstantinOpoli
1512 4847 1752 4917 relicta,
1811 4847 1875 4906 in
1936 4847 2202 4924 patriam
2264 4865 2547 4906 reversus
2625 4852 2717 4905 est
2777 4845 3130 4923 Gregorius,
3195 4845 3404 4906 adhuc
3461 4851 3716 4926 pastore

280 4947 600 5024 destituta.
665 4951 800 5004 erat
847 4946 1236 5006 Nazianzena
1319 4944 1617 5018 Ecclesia,
1679 4945 2270 5023 Apollinaristarum
2355 4942 2597 5002 insidiis
2677 4951 2916 5022 pa‘cns.
2979 4943 3179 5021 Hujus
3242 4943 3520 5023 periculo
3578 4963 3719 5022 per-

283 5053 497 5107 motus
557 5046 912 5123 Gregorius,
971 5046 1342 5123 rogantibus
1399 5045 1709 5125 episcopis
1767 5051 1828 5105 et
1889 5044 2178 5104 universo
2237 5043 2495 5122 populo,
2551 5043 2719 5103 illius
2785 5061 3024 5117 curam,
3088 5044 3288 5104 donec
3359 5043 3716 5122 praeficere-

281 5152 386 5206 tur
417 5144 773 5224 episcopus,
807 5162 871 5207 se
893 5150 1330 5224 suscepturum
1354 5144 1690 5223 promisit?
1719 5162 1844 5222 quo
1877 5144 2196 5221 praefecto,
2232 5141 2392 5219 fugit
2420 5142 2650 5202 iterum
2680 5140 2746 5200 in
2778 5141 3206 5201 solitudinem.

364 5245 512 5305 Esto
568 5261 735 5302 nunc
785 5241 1093 5322 judicium
1148 5243 1422 5316 lectoris,
1475 5241 1806 5321 cujusnam
1869 5240 2161 5306 Ecclesiae
2221 5239 2556 5318 Gregorius
2620 5238 2952 5300 habendus
3005 5243 3066 5300 et
3147 5239 3567 5320 appellandus
3643 5239 3723 5302 sit

277 5343 652 5423 episcopus,
715 5346 775 5402 et
855 5360 938 5402 an
1012 5341 1412 5422 episcopatus
1495 5340 1811 5401 habuerit.
1900 5341 2122 5414 Nomo,
2183 5338 2430 5418 Opinor,
2521 5338 2803 5399 dicturus
2892 5343 2986 5399 est
3069 5356 3215 5398 eum
3306 5339 3497 5400 fuisse
3557 5339 3724 5400 Sasi—

282 5442 517 5504 mensis
571 5439 869 5504 Ecclesiae
925 5441 1287 5521 praesulem.
1346 5441 1523 5504 Certe
1575 5438 1871 5519 nuspiam
1929 5437 2180 5517 scripsit
2239 5437 2575 5515 Gregorius
2631 5455 2693 5498 se
2753 5435 2945 5517 hujus
2999 5436 3294 5500 Ecclesiae
3354 5437 3722 5517 episc0pum

282 5541 715 5608 renuntiatum
770 5539 990 5617 fuisse,
1046 5543 1116 5606 ut
1169 5539 1306 5625 ipse
1362 5538 1666 5628 loquitur.
1699 5531 2067 5619 κηρυχθέντα,
2118 5535 2240 5602 hoc
2297 5540 2413 5630 est,
2474 5533 2606 5603 ullo
2676 5534 2979 5623 praeconii
3049 5554 3276 5623 genere
3325 5535 3724 5604 declaratum

363 5730 436 5818 (α)
461 5731 564 5818 Ep.
587 5731 665 5798 al.
704 5732 804 5795 42.
