4080 6424
412 383 488 440 67
647 394 653 399 '
1418 372 1839 434 Pii/EFATIO
1888 368 2353 433 GENEBALIS.
2388 408 2460 421 -—
2494 370 2696 434 PARS
2744 370 2819 435 ll.
3759 372 3833 437 68

411 516 823 595 Designatum
882 511 1161 593 quidem,
1223 508 1641 591 propositum,
1700 508 2151 586 inauguratum
2218 507 2404 569 etiam
2466 508 2659 589 hujus
2743 509 3043 572 Ecclesia
3129 510 3494 591 episcopum
3556 530 3621 573 se
3678 512 3835 573 fate-

412 620 516 677 tur
572 615 636 675 in
691 613 978 675 oratione
1038 628 1207 670 nona
1265 607 1723 685 undecimaque
1780 605 2015 685 passim
2076 610 2139 666 et
2192 606 2257 667 in
2314 608 2584 687 epistola
2640 608 2721 669 al.
2772 612 2873 670 44.
2940 631 2970 668 α
3024 612 3163 671 Non
3229 609 3544 685 Nazianzi,
3604 610 3834 688 inquit,

417 714 526 776 sed
570 713 956 775 Sasimorum
1010 705 1385 789 (episcopus)
1440 704 1836 783 designati,»
1896 722 2005 765 seu
2065 704 2284 781 mavis,
2345 729 2377 761 «
2435 706 2739 787 propositi
2788 726 3045 769 sumus:
3086 732 3114 765 ι
3150 705 3402 779 Σασεμων
3439 702 3497 760 δὲ
3553 700 3836 779 προεϐλή-

418 809 716 883 θημεν.1(1
745 809 913 869 enim
945 808 1066 869 hoc
1096 805 1358 865 verbum
1416 823 1489 864 eo
1545 802 1668 863 loci
1725 807 1929 874 sonat,
1991 821 2177 863 sensu
2234 803 2464 884 sapius
2522 823 2560 865 a
2619 824 2772 867 voce
2828 829 2856 862 ι
2917 806 3251 885 pradicari
3306 812 3368 867 et
3423 806 3771 867 renuntiari
3801 830 3829 861 »

416 913 704 982 diverso;
767 907 936 987 quod
997 904 1093 966 vel
1150 923 1227 965 ex
1274 905 1621 965 Sozomeno
1670 906 1867 980 patet,
1899 900 2064 962 Hist.
2096 900 2206 961 lib.
2242 921 2301 979 v,
2352 921 2491 984 cap.
2526 904 2587 964 8.
2636 910 2697 964 et
2744 907 3004 967 Socrate
3055 905 3165 964 lib.
3200 925 3260 978 v,
3302 921 3355 965 c.
3416 904 3477 978 8,
3536 922 3659 987 nec.
3711 922 3836 965 non

418 1018 484 1074 et
511 1015 673 1091 Cyro
703 1009 1041 1079 Prodomo,
1078 1004 1143 1064 in
1176 1002 1357 1063 titulo
1388 1002 1919 1080 epigrammatum
1951 1019 2209 1062 suorum
2241 1002 2305 1063 in
2336 1002 2502 1065 hanc
2534 1004 2996 1067 ordinationem
3029 1005 3311 1084 Gregorii
3337 1023 3351 1065 :

1122 1114 1214 1177 Εἰς
1246 1112 1545 1190 Γρηγόριον
1570 1108 2020 1189 προϐαλλόμενον
2052 1114 2126 1176 εἷς
2156 1114 2390 1189 Σάσιμα.

411 1247 718 1319 Atneque
762 1238 885 1310 hic,
946 1253 1151 1314 neque
1198 1251 1468 1313 usquam
1518 1232 1669 1292 alibi
1726 1234 2091 1312 episcopum
2149 1234 2571 1298 Sasimensem
2626 1238 3059 1301 renuntiatum
3121 1256 3188 1299 se
3246 1237 3583 1316 Gregorius
3636 1237 3837 1313 dixit;

410 1342 541 1403 imo
598 1335 947 1401 attendenti
1004 1341 1176 1393 certo
1229 1350 1491 1409 negasse
1543 1330 1811 1391 videtur.
1874 1332 2420 1404 Quemadmodum
2479 1335 2646 1397 enim
2704 1337 2995 1397 Nazianzi
3029 1360 3061 1391 «
3118 1336 3539 1414 designatum,
3592 1361 3623 1392 ››
3685 1356 3839 1415 pro-

408 1441 762 1521 positumve
819 1434 1187 1513 episcopum
1246 1431 1350 1490 hic
1408 1448 1473 1490 se
1502 1435 1711 1507 negat.
1773 1448 1847 1490 ac
1907 1432 2291 1492 Sasimorum
2352 1434 2585 1495 fatetur
2638 1453 2653 1508 ;
2714 1436 2802 1496 sic
2858 1436 2966 1497 ille
3023 1435 3329 1496 Nazianzo
3387 1454 3454 1496 se
3511 1436 3838 1496 renuntia-

409 1547 546 1600 tum
577 1535 847 1617 epistola
895 1532 1120 1592 111.225
1188 1530 1446 1601 fatetur,
1505 1547 1579 1588 ac
1634 1530 1713 1587 de
1768 1528 2031 1589 Sasimis
2083 1537 2295 1609 negat,
2356 1550 2626 1609 quorum
2689 1558 2717 1587 «
2781 1534 3175 1612 designatum
3237 1534 3761 1613 propositumque
3799 1556 3832 1589 ››

410 1638 776 1716 episcopum
835 1629 1025 1690 fuisse
1077 1643 1209 1687 sese
1266 1633 1680 1687 concesserat.
1748 1648 1779 1681 «
1837 1629 1968 1703 Ego
2026 1637 2213 1699 certe,
2249 1628 2507 1707 inquit,
2559 1631 2611 1690 si
2667 1650 2933 1711 corpore
2988 1631 3242 1709 quidem
3319 1632 3409 1692 ita
3481 1649 3582 1692 me
3637 1631 3837 1693 habe-

410 1754 544 1797 rem
579 1782 593 1808 ,
655 1739 728 1793 ut
782 1728 1061 1790 ecclesia
1118 1742 1362 1805 possem
1424 1725 1833 1784 Nazianzena
1889 1744 2204 1803 praesse,
2266 1727 2446 1805 cujus
2503 1729 2583 1789 ab
2641 1730 2819 1790 initio
2878 1729 3110 1808 prasul
3170 1747 3309 1789 sum
3386 1730 3782 1791 renuntiatus
3815 1778 3833 1805 ,

409 1834 617 1893 minus
670 1835 882 1889 autem
942 1824 1355 1894 Sasimorum,
1414 1826 1484 1881 ut
1538 1820 1714 1880 vobis
1787 1822 1959 1881 haud
2040 1830 2208 1883 recte
2280 1823 2569 1884 nonnulli
2652 1828 2940 1886 suadent.
3006 1850 3035 1880 ››
3097 1828 3243 1885 Hac
3325 1832 3472 1886 sunt
3552 1827 3841 1905 Gregorii

407 1931 623 2001 verba,
658 1944 800 2005 qua
832 1941 957 1983 non
988 1922 1147 1981 bene
1180 1927 1356 1979 vetus
1384 1918 1695 1997 interpres
1724 1919 2019 1980 reddidit.

486 2032 682 2090 Porro
740 2023 898 2085 nihil
954 2022 1152 2093 obest,
1187 2021 1316 2081 imo
1361 2019 1706 2098 plurimum
1755 2018 1961 2095 juvat,
2017 2019 2548 2082 renuntiationem
2605 2023 2781 2083 illam
2845 2047 2874 2079 «
2933 2024 3012 2085 ab
3072 2023 3274 2099 initio,
3305 2042 3415 2083 seu
3472 2024 3741 2104 primam
3797 2044 3840 2087 a

409 2126 710 2205 Gregorio
765 2121 1003 2193 vocari,
1064 2137 1210 2180 cum
1268 2118 1698 2188 Sasimorum,
1756 2116 1838 2177 ob
1898 2135 2041 2195 qua
2101 2118 2373 2195 primum
2435 2121 2515 2180 ad
2586 2122 3021 2201 episcopatum
3096 2128 3478 2201 assumptus,
3540 2122 3836 2201 designa-

405 2232 508 2287 tus
566 2228 712 2284 ante
763 2220 983 2280 fuisset
1041 2235 1234 2297 quam
1295 2214 1604 2275 Nazianzo
1662 2215 2058 2275 renuntiatus
2108 2232 2122 2273 :
2188 2216 2390 2277 multo
2448 2218 2614 2279 obsit
2673 2220 2881 2280 minus
2944 2220 3023 2280 de
3098 2219 3567 2281 renuntiatione
3642 2220 3842 2282 tacita

400 2330 650 2386 tantum
710 2326 821 2379 aut
876 2336 1002 2377 non
1062 2314 1316 2395 publica
1367 2330 1382 2386 ;
1444 2314 1507 2373 id
1564 2331 1603 2373 a
1660 2313 1958 2390 Gregorio
2024 2312 2164 2373 aliis
2218 2314 2283 2374 in
2352 2315 2507 2375 locis
2590 2318 2999 2396 explicatum.
3052 2318 3213 2389 Quin
3292 2318 3441 2379 inde
3519 2318 3785 2397 colligas
3820 2372 3835 2396 ,

404 2422 581 2483 nullo
638 2417 918 2489 Sasimis,
981 2431 1096 2474 nec
1152 2413 1329 2473 taciti
1383 2411 1662 2490 quidem,
1721 2411 1955 2471 nedum
2011 2411 2308 2472 solemnis
2362 2432 2591 2491 genere
2667 2417 2968 2494 praconii
3039 2418 3473 2476 renuntiatum
3521 2434 3535 2474 :
3596 2419 3839 2496 quippe

403 2524 481 2581 de
511 2516 819 2579 Nazianzo
849 2511 1139 2574 concedit
1171 2509 1529 2589 Gregorius,
1563 2508 1641 2570 de
1689 2508 1948 2569 Sasimis
2002 2527 2294 2588 expresse
2351 2517 2543 2590 negat
2594 2529 2610 2587 ;
2669 2513 2747 2574 de
2802 2511 2926 2573 illis
2982 2512 3252 2573 vicissim
3310 2512 3485 2594 quod
3530 2513 3833 2588 afﬁrmat,

402 2622 594 2695 negat
622 2616 699 2675 de
730 2613 1064 2673 Nazianzo.

483 2719 679 2775 Erant
735 2712 953 2788 itaque
1009 2707 1240 2768 diversi
1295 2706 1540 2785 generis
1597 2704 2096 2766 renuntiationes
2153 2706 2619 2785 episcoporum,
2654 2708 2924 2787 publica
2976 2715 3039 2769 et
3093 2709 3412 2769 canonica
3470 2709 3633 2781 alia,
3687 2709 3835 2771 alia

399 2832 527 2875 non
559 2812 671 2871 ita.
702 2809 977 2886 Vulgata
1006 2824 1103 2865 res
1133 2812 1246 2875 est,
1285 2806 1557 2864 maxime
1612 2804 1678 2863 in
1735 2803 2008 2875 Oriente,

2220 2804 2332 2863 mli
2384 2806 2577 2865 totius
2633 2807 2971 2883 suffragiis,
3016 2829 3046 2861 ι»
3078 2806 3247 2879 ψήφῳ
3276 2808 3374 2858 τοῦ
3431 2806 3569 2859 λαοῦ
3598 2805 3831 2877 παντὸς,

397 2918 549 2972 tunc
605 2906 906 2985 temporis
963 2905 1193 2963 electos
1247 2920 1379 2961 esse
1435 2902 1788 2980 episcopos,
1824 2901 1914 2959 uti
1970 2902 2048 2960 de
2104 2900 2451 2961 Athanasio
2508 2904 2726 2963 scribit
2779 2904 3115 2980 Gregorius
3172 2903 3295 2983 (a);
3352 2904 3449 2963 vel
3509 2910 3581 2964 ut
3634 2904 3836 2965 habet

398 3006 734 3069 concilium
784 3001 1321 3072 Ghalcedonense,
1358 3000 1607 3058 actione
1667 3004 1762 3068 16,
1828 3020 1857 3051 α
1918 2999 2379 3075 pascendorum
2437 3000 2720 3059 omnium
2778 3000 3061 3060 calculis.
3123 3023 3153 3055 »
3222 3000 3527 3079 Exempla
3580 3000 3838 3079 longius

398 3104 672 3185 petenda
729 3119 854 3161 non
912 3105 1057 3159 sunt
1107 3114 1122 3157 :
1190 3096 1518 3156 Nectarius
1574 3097 1640 3154 in
1697 3098 1841 3155 sede
1898 3095 2597 3174 Constantinopolitana
2651 3097 2952 3174 Gregorio
3010 3096 3390 3174 subrogatus
3430 3103 3543 3170 est,
3592 3121 3621 3153 «
3654 3117 3837 3159 com-

408 3202 720 3275 munibus,
788 3222 817 3255 »
878 3197 1085 3276 inquit
1139 3197 1526 3256 Sozomenus
1579 3193 1681 3272 (b),
1748 3216 1778 3249 «
1835 3192 2059 3271 synodi
2117 3194 2433 3272 suffragiis
2479 3214 2495 3268 ;
2554 3216 2584 3252 ι)
2660 3195 2906 3273 ipsique
2980 3195 3661 3273 Constantinopolitani
3715 3199 3840 3258 Pa-

404 3300 633 3379 tres(c)
692 3297 833 3357 «ad
889 3297 1217 3374 episcopos
1277 3295 1491 3353 Roma
1562 3299 1977 3369 congregatos
2024 3314 2054 3348 ››
2126 3292 2418 3352 eumdem
2473 3311 2511 3351 a
2567 3311 2632 3351 se
2692 3292 2973 3353 scribunt
3029 3292 3390 3352 ordinatum
3456 3317 3486 3348 «
3551 3295 3838 3355 universi

406 3401 551 3461 cleri
613 3398 929 3473 totiusque
960 3392 1275 3470 suﬂ'ragiis
1322 3390 1612 3463 civitatis,
1648 3413 1677 3445 ››
1732 3386 1931 3448 παντός
1982 3406 2012 3439 τ

2246 3384 2481 3463 κλήρου,
2537 3387 2628 3442 καὶ
2684 3389 2865 3458 πάσης
2917 3388 3387 3465 ἐπιψηφιζομὲνης
3429 3395 3529 3457 τῆς
3588 3387 3833 3452 πόλεως,

404 3500 675 3574 Moxque
706 3496 785 3553 de
839 3492 1142 3552 Flaviano
1198 3488 1629 3549 Antiocheno:
1672 3511 1701 3543 «
1760 3487 2094 3558 Ganonice,
2129 3511 2160 3543 »
2220 3492 2342 3563 vel,
2380 3490 2535 3549 «uti
2592 3508 2867 3550 canones
2916 3490 3168 3567 jubent,
3202 3495 3336 3549 tota
3391 3489 3502 3550 illa
3548 3489 3838 3553 Ecclesia

401 3596 837 3672 saﬂragante,
906 3590 1281 3650 ordinarunt
1364 3586 1642 3666 episcopi
1726 3588 1894 3646 illius
1974 3586 2315 3664 provincia
2395 3594 2456 3647 et
2536 3588 2879 3648 dioeceseos
2962 3588 3342 3649 Orientalis.
3405 3610 3436 3643 ››
3495 3583 3557 3639 Ο⁸ί
3614 3606 3671 3640 τε
3726 3594 3835 3657 τῆς

400 3691 667 3767 bay/fa;
731 3688 821 3742 καὶ
876 3692 976 3754 τῆς
1037 3681 1367 3751 ἀνατολικῆς
1426 3679 1843 3751 διοικήσεως....
1891 3685 2186 3743 κανονικῶς
2241 3681 2656 3758 ἐχειροτόνησαν
2714 3682 2892 3752 πάσης
2948 3684 3245 3760 συμψήφου
3310 3690 3410 3752 τῆς
3480 3681 3829 3753 Ἐκκλησίας.

397 3786 463 3845 In
523 3783 788 3844 Cunt‘lllu
845 3780 1137 3840 Chalced.
1200 3782 1325 3837 act.
1383 3778 1481 3847 11,
1546 3774 1905 3853 Stephanus
1936 3773 2285 3852 Ephesinus
2343 3794 2407 3834 se
2465 3776 2765 3835 canonice
2821 3776 3088 3835 electum
3142 3774 3388 3854 probat,
3436 3775 3535 3834 his
3592 3774 3827 3835 verbis.

397 3884 568 3960 quia,
635 3902 665 3937 «
725 3885 784 3938 tl.
842 3877 1136 3956 populus,
1188 3874 1441 3951 inquit,
1503 3882 1567 3932 et
1622 3872 1872 3943 clerus,
1936 3879 1998 3931 et
2054 3873 2382 3951 episcopi,
2447 3897 2474 3928 ι
2537 3874 2903 3952 episcopum
2968 3891 3063 3932 me
3112 3872 3594 3932 constituerunt.
3653 3874 3829 3933 Idem

396 3979 754 4049 concilium,
791 3997 849 4033 (ιι
870 3982 909 4033 t.
950 3975 1045 4044 16,
1072 3992 1198 4032 non
1229 3972 1386 4030 alios
1443 3971 1727 4047 agnoscit
1786 3973 2136 4049 episcopos,
2197 3976 2427 4048 prater
2481 3990 2607 4043 eos,
2678 3992 2709 4029 α
2765 3971 2875 4050 qui
2931 3972 3180 4031 decreto
3229 3971 3393 4030 facto
3469 3989 3504 4029 a
3584 3970 3831 4030 clericis

400 4074 891 4153 uniuscujusque
950 4070 1316 4148 metropolis
1368 4074 1432 4127 et
1487 4069 1950 4146 possessoribus
1985 4113 1999 4141 ,
2058 4066 2363 4141 κτητὸρων,
2424 4075 2487 4129 et
2545 4068 2909 4128 clarissimis
2967 4068 3161 4142 viris,
3223 4087 3412 4146 super
3463 4069 3604 4127 hac
3659 4076 3722 4127 et
3794 4087 3836 4128 ει

394 4171 930 4234 τονοῖοηόίεείιωδ
978 4168 1289 4246 episcopis
1371 4165 1710 4244 provincia
1796 4165 2088 4225 omnibus
2184 4172 2296 4225 aut
2378 4166 2741 4244 pluribus»
2832 4164 3102 4225 instituti
3188 4170 3354 4225 sunt.
3418 4166 3485 4227 S.
3543 4165 3833 4225 Athana-

395 4274 523 4333 sius
582 4267 1092 4349 (d).Gregorium
1163 4270 1353 4342 negat
1430 4281 1564 4322 esse
1641 4263 2005 4341 episcopum
2075 4264 2603 4336 Alexandrinum,
2666 4264 2816 4343 quia
2876 4288 2905 4317 «
2968 4281 3171 4342 neque
3261 4264 3427 4343 plebi
3510 4264 3830 4342 Cognitus,

392 4384 599 4445 neque
650 4368 1075 4444 postulatusa
1132 4359 1513 4440 presbyteris
1567 4358 1794 4418 fuerat.
1862 4382 1889 4414 ι
1947 4358 2333 4419 Manifestius
2395 4359 2473 4419 de
2520 4360 2715 4420 Lucio
2772 4358 3207 4419 'l‘heodoretus
3262 4359 3351 4419 ait
3402 4356 3528 4437 (e):
3597 4382 3628 4414 «
3688 4361 3829 4419 Non

389 4469 454 4526 in
514 4464 1015 4526 orthodoxoruin
1074 4459 1518 4538 episcoporum
1578 4456 1844 4535 synodo,
1896 4474 2025 4515 non
2085 4456 2387 4534 suffragio
2460 4456 2886 4534 legitimorum
2946 4456 3344 4529 clericorum,
3405 4474 3531 4516 non
3603 4460 3827 4535 postu-

390 4565 626 4625 latione
660 4560 883 4641 plebis,
915 4565 987 4619 ut
1012 4556 1303 4617 Ecclesia
1333 4557 1503 4633 leges
1532 4554 1933 4634 praecipiunt,
1967 4554 2298 4615 ordinatus
2330 4562 2443 4627 est,
2476 4577 2508 4610 »

472 4665 649 4723 Nunc
707 4677 857 4721 vero
916 4658 993 4717 de
1041 4654 1495 4717 constituendis
1551 4652 1942 4730 erigendisve
2001 4653 2181 4713 novis
2239 4650 2729 4731 episcopatibus,
2794 4652 2989 4713 veluti
3067 4651 3433 4725 Sasimensi,
3495 4651 3575 4712 ad
3639 4670 3830 4731 quem

389 4760 786 4841 potissimum
845 4756 1127 4817 collimat
1184 4752 1321 4813 hac
1377 4751 1601 4825 oratio,
1666 4751 1820 4829 quid
1892 4753 2108 4811 Patres
2184 4751 2543 4810 deiinierint
2602 4755 2668 4809 ut
2751 4755 3020 4823 constet,
3068 4769 3213 4811 ecce
3287 4750 3537 4811 concilii
3620 4749 3836 4811 Sardi-

391 4860 591 4920 censis
652 4874 855 4917 canon
912 4860 1165 4915 sextus:
1202 4874 1231 4907 ι
1293 4849 1637 4911 Provinciae
1696 4848 1977 4929 episcopi
2031 4849 2263 4910 debent
2309 4849 2373 4909 in
2428 4849 2503 4908 iis
2560 4848 2825 4908 urbibus
2880 4850 3211 4928 episcopos
3268 4848 3669 4920 constituere,
3724 4846 3836 4908 ubi

388 4961 576 5020 etiam
634 4958 809 5037 prius
868 4955 1148 5034 episcopi
1187 4957 1461 5012 fuerunt.
1510 4951 1575 5012 Si
1632 4959 1841 5011 autem
1908 4950 2055 5009 urbs
2110 4950 2192 5009 ali
2220 4968 2325 5026 [ua
2380 4949 2735 5008 inveniatur
2793 4956 2919 5009 tam
2981 4949 3312 5028 populosa,
3350 4956 3417 5008 ut
3474 4948 3623 5025 ipsa
3690 4948 3831 5027 epi-

390 5064 653 5138 scopatu
704 5056 896 5133 digna
944 5055 1291 5133 judicetur,
1352 5050 1642 5129 accipiat,
1694 5074 1724 5104 »
1787 5049 2008 5109 iisdem
2073 5054 2349 5127 profecto
2405 5047 2673 5125 legibus,
2730 5055 2793 5106 et
2846 5068 2884 5108 a
2932 5046 3273 5126 provincia
3332 5046 3833 5125 suifragantibus

386 5156 697 5237 episcopis
750 5174 765 5228 ;
830 5155 1000 5232 quod
1047 5153 1145 5211 vel
1201 5150 1481 5211 conciliis
1528 5147 1878 5209 deﬁnitum.
1945 5149 2011 5208 ln
2071 5146 2551 5223 Garthaginensi
2602 5145 2903 5221 secundo,
2964 5164 3104 5206 can.
3165 5146 3227 5218 5,
3287 5144 3364 5205 de
3422 5144 3597 5204 novis
3657 5143 3829 5203 sedi-

389 5258 506 5318 bus
562 5254 877 5333 erigendis
931 5251 1381 5331 praescribitur,
1444 5255 1515 5309 ut
1576 5268 1606 5304 (ι
1664 5247 1938 5327 populus
1995 5247 2106 5307 Dei
2163 5244 2623 5323 multiplicatus
2674 5244 2792 5318 sit;
2835 5265 2866 5301 ι)
2932 5243 3157 5305 deinde
3220 5268 3252 5300 «
3309 5250 3377 5303 ut
3434 5241 3832 5303 desiderave-

388 5358 490 5430 rit,
545 5378 576 5412 »
639 5371 748 5415 seu
807 5351 1221 5431 postulaverit
1278 5349 1688 5429 episcOpum;
1723 5353 1858 5407 tum
1920 5352 1990 5408 ut
2044 5345 2157 5406 ﬁat
2190 5368 2217 5400 «
2253 5361 2397 5405 cuin
2452 5342 2590 5421 ejus
2634 5342 2962 5404 voluntate
3013 5342 3080 5403 in
3128 5341 3309 5422 cujus
3366 5346 3679 5421 potestate
3734 5342 3831 5402 est

459 5582 539 5661 (α)
571 5581 842 5661 Grat._2l,
868 5597 924 5651 p.

976 5578 1081 5661 ’99-
2238 5569 2318 5661 Ψ)
2347 5566 2587 5661 1399133):

460 5639 534 5727 in),
562 5656 701 5708 Hist.
736 5655 773 5708 l.
809 5639 903 5717 {1},
934 5668 986 5706 c.
1017 5653 1098 5727 7._
1196 5720 1227 5727 _
1394 5723 1403 5727 Δ
1470 5720 1514 5727 __
1580 5721 1608 5727 Α
1855 5717 1957 5727 Μ-
2238 5639 2312 5718 (θ)
2344 5639 2479 5697 Hist.
2512 5639 2613 5698 lib.
2646 5655 2721 5712 Iv,
2748 5657 2797 5697 (τ.
2830 5641 2919 5697 22.

461 5717 531 5809 (ο)
553 5730 726 5783 Cone.
759 5730 953 5785 Const.
988 5738 1029 5798 ι,
1058 5722 1160 5797 Ep,
1193 5720 1356 5796 Syn.,
1388 5723 1432 5776 t.
1468 5720 1535 5776 ΙΙ.
1566 5721 1729 5778 Cone.
1764 5734 1818 5793 p.
1852 5717 1980 5777 966.
