4080 6424
366 371 434 430 71
1385 367 1799 430 l’lUEFATlO
1848 369 2307 429 GENFZRALIS.
2350 404 2422 413 -—
2457 369 2656 428 PARS
2705 358 2776 426 il.
3708 361 3784 431 72

366 507 466 566 his
508 504 697 564 etiam
730 501 992 582 positis:
1025 507 1266 582 quanto
1297 502 1498 582 magis
1528 503 1578 563 si
1608 502 1766 564 falsa
1797 503 1939 578 sint,
1976 500 2268 563 ordinato
2299 501 2363 562 in
2395 500 2530 581 ejus
2571 498 2779 562 locum
2856 500 3246 581 suﬂ'ectoque
3304 502 3624 583 episcopo,
3687 504 3787 565 vel

365 621 530 666 novo
562 606 728 663 certe
760 601 1126 680 episcopatu
1158 603 1461 662 exstincto
1487 601 1516 660 ?

447 702 707 764 Constat
761 698 929 759 enim
1000 699 1237 778 alioqui
1287 719 1428 760 cum
1486 700 1784 760 Anthimo
1840 698 2137 759 Basilium
2222 699 2285 759 in
2363 698 2764 760 concordiam
2840 704 3061 778 postea
3142 699 3420 760 rediisse.
3484 702 3560 760 Et
3629 719 3776 778 qua,

368 818 604 881 quaso,
653 797 1034 870 conditione,
1068 806 1291 876 pacato
1349 797 1633 858 Anthimi
1702 798 1888 871 bello,
1940 797 2273 875 Gregorius
2342 816 2455 875 per
2525 797 2757 858 bellum
2829 797 2998 857 istud
3068 817 3145 857 ex
3213 797 3590 858 Antiocheni
3639 817 3782 858 con—

366 898 493 960 cilii
522 914 764 958 canone
797 897 871 955 18
901 895 1226 974 hucusque
1269 896 1445 968 liber,
1484 897 1640 956 liber
1669 915 1800 957 esse
1832 897 2276 975 perseveravit,
2309 896 2498 974 idque
2532 896 2742 975 palam
2787 914 2861 956 ac
2927 917 2956 954 ‹‹
3015 895 3370 967 manifesto,
3429 919 3458 950 »
3525 896 3643 955 nisi
3695 898 3782 957 al-

362 1001 605 1058 terutra
634 1012 710 1055 ex
742 993 835 1054 his
864 993 1326 1054 conditionibus
1355 1000 1653 1074 accepta;
1689 995 1788 1054 vel
1821 999 1890 1053 ut
1919 994 2222 1067 Anthimi,
2284 993 2462 1071 cujus
2519 993 2862 1073 provincia
2921 993 3168 1054 Sasima
3224 993 3552 1067 cedebant,
3609 995 3782 1055 ordi-

362 1094 537 1156 natio
567 1093 822 1165 valeret,
857 1091 955 1152 vel
987 1111 1134 1153 sane
1161 1092 1333 1153 locus
1389 1092 1687 1172 episcopo
1749 1093 2040 1153 careret?
2101 1091 2352 1170 Alioqui
2411 1089 2462 1150 si
2516 1090 2654 1169 ejus
2712 1091 2834 1152 loci
2890 1089 3284 1152 renuntiatus
3342 1097 3474 1152 erat
3533 1092 3781 1170 episco-

363 1212 503 1274 pus,
538 1191 708 1271 quod
739 1189 1119 1268 objiciebant
1149 1191 1516 1264 adversarii,
1548 1191 1681 1269 jam
1712 1209 1826 1251 nec
1858 1190 2121 1251 occultis
2153 1208 2267 1250 nec
2300 1188 2566 1268 cognitis
2625 1189 2977 1250 rationibus
3032 1188 3211 1261 liber,
3273 1189 3380 1260 sed
3439 1196 3588 1250 tunc
3659 1192 3782 1252 Ec-

362 1290 565 1352 clesia
598 1287 936 1350 Sasimensi
969 1288 1296 1349 manifesto
1329 1289 1668 1366 Gregorius
1715 1289 2033 1366 illigatus;
2094 1287 2222 1348 imo
2281 1291 2349 1348 et'
2409 1311 2440 1345 «
2497 1287 2941 1349 communione
2998 1287 3342 1368 privandus
3401 1312 3430 1344 »
3486 1308 3562 1350 ex
3617 1289 3785 1367 ejus-

362 1391 503 1449 dem
535 1386 907 1447 Antiocheni
937 1387 1184 1445 concilii
1213 1405 1454 1447 canone
1488 1389 1587 1458 l7,
1623 1410 1650 1441 α
1687 1387 1736 1446 si
1767 1387 1846 1446 ad
1880 1387 2221 1447 Ecclesiam
2272 1385 2390 1445 sibi
2448 1386 2871 1453 commissam.
2931 1409 2962 1441 »
3022 1386 3280 1447 remotis
3327 1385 3463 1465 jam
3520 1387 3784 1466 impedi-

363 1486 608 1557 mentis,
651 1506 680 1542 α
709 1484 799 1543 ire
830 1501 958 1543 non
988 1483 1423 1562 acquievisset.
1459 1505 1488 1542 ›)
1526 1483 1707 1544 Liber
1738 1484 1952 1562 itaque
1984 1501 2022 1543 a
2067 1483 2328 1544 Sasimis
2387 1485 2721 1562 Gregorius
2792 1502 2865 1544 ac
2923 1483 3279 1544 liberrimus
3336 1503 3584 1563 semper
3637 1485 3776 1559 fuit,

359 1590 491 1644 tum
527 1587 694 1651 ante,
729 1587 863 1640 tum
895 1585 1038 1658 post
1069 1581 1297 1641 factam
1340 1599 1483 1640 cum
1543 1580 1844 1642 Anthimo
1900 1599 2157 1660 pacem;
2223 1581 2467 1642 etiamsi
2524 1582 2605 1642 ad
2658 1600 2796 1642 eam
2854 1581 3195 1642 Ecclesiam
3255 1582 3471 1642 fuisset
3529 1583 3779 1661 publice

360 1689 422 1742 et
451 1679 749 1741 canonice
781 1677 1198 1738 renuntiatus.
1236 1681 1535 1758 Superest
1562 1679 1753 1756 igitur
1785 1685 1854 1740 ut
1885 1679 2076 1740 tacita
2115 1685 2178 1740 et
2234 1679 2502 1754 occulta,
2561 1680 2612 1738 si
2669 1679 2792 1740 dici
2847 1679 3055 1751 liceat,
3117 1680 3602 1753 renuntiatione,
3661 1682 3778 1742 Sa-

359 1781 661 1840 simorum
694 1775 1024 1856 episcopus
1056 1777 1388 1855 Gregorius
1418 1777 1643 1838 fuerit:
1678 1796 1896 1838 verum
1932 1796 2010 1838 ne
2050 1778 2112 1838 id
2161 1778 2415 1856 quidem
2473 1777 2604 1838 ulla
2661 1778 2903 1839 ratione
2961 1778 3212 1838 defendi
3269 1783 3496 1856 potest.
3560 1781 3779 1859 Neque

361 1877 528 1938 enim
561 1873 1041 1936 conniventibus
1071 1874 1169 1935 vel
1200 1875 1387 1936 tacite
1418 1876 1835 1955 probantibus
1865 1875 2198 1956 episcopis,
2233 1877 2423 1949 clero,
2458 1875 2729 1954 populis,
2766 1893 2906 1954 qua
2967 1876 3158 1935 tacita
3215 1876 3596 1937 renuntiatio
3657 1883 3773 1952 est,

361 1992 643 2054 unquam
675 1973 839 2032 hanc
873 1972 1210 2032 Ecclesiam
1243 1973 1714 2034 administrasse
1745 1973 1874 2034 ullo
1908 1974 2094 2034 modo
2125 1974 2249 2034 dici
2280 1979 2524 2052 potest;
2573 1991 2764 2052 quam
2822 1974 2982 2034 forte
3041 1991 3156 2034 nec
3213 1973 3409 2033 adivit
3466 1993 3775 2053 unquam,

359 2091 475 2133 nec
507 2090 544 2132 a
573 2070 788 2130 limine
819 2069 1134 2144 salutavit,
1170 2071 1232 2130 in
1267 2091 1392 2150 qua
1425 2089 1539 2132 nec
1571 2073 1751 2146 sedit,
1786 2091 1899 2132 nec
1930 2078 1999 2132 ut
2028 2072 2273 2134 sederet
2301 2071 2432 2132 ulla
2487 2072 2550 2131 vi
2607 2072 2747 2149 cogi
2806 2072 3016 2150 potuit
3071 2077 3133 2131 et
3191 2071 3442 2132 adduci.
3507 2095 3538 2127 «
3569 2075 3780 2134 Certa-

359 2189 504 2231 men
533 2169 674 2229 iniit
704 2174 903 2248 pater,
936 2192 966 2223 »
1002 2169 1209 2246 inquit
1236 2169 1369 2247 ipse
1397 2169 1507 2249 (α),
1543 2194 1571 2224 ‹‹
1608 2176 1677 2230 ut
1700 2169 1764 2229 in
1795 2170 2134 2231 Sasimensi
2163 2171 2308 2231 sede
2340 2188 2438 2230 me
2469 2169 2847 2230 collocaret:
2909 2175 2980 2229 ut
3032 2175 3242 2229 autem
3305 2189 3432 2230 non
3489 2171 3706 2246 valuit,
3743 2194 3774 2226 ιο

357 2274 478 2331 etc.
511 2267 707 2328 Paulo
739 2271 918 2344 post:
960 2287 988 2325 (ί
1019 2267 1244 2327 Datam
1276 2286 1354 2326 ne
1386 2267 1717 2328 minimum
1751 2268 2003 2346 quidem
2041 2267 2377 2329 Ecclesiam
2409 2268 2588 2346 attigi
2617 2285 2631 2339 ;
2665 2268 2752 2328 ita
2781 2273 2850 2328 ut
2882 2285 2996 2328 nec
3027 2285 3224 2326 unum
3254 2267 3342 2326 ibi
3400 2268 3778 2330 sacriﬁcium

357 2372 488 2428 Deo
519 2365 878 2438 obtulerim,
913 2365 1012 2425 vel
1041 2383 1259 2443 preces
1289 2384 1415 2428 una
1446 2384 1588 2426 cum
1620 2366 1857 2447 populo
1897 2365 2188 2443 fuderim,
2252 2385 2366 2428 nec
2421 2366 2793 2428 clericorum
2851 2365 3127 2445 cuipiam
3185 2383 3406 2426 manus
3465 2365 3782 2446 imposue-

353 2463 498 2527 rim.
535 2489 566 2522 ι

432 2568 525 2626 Ex
556 2562 817 2624 histum
850 2560 1048 2637 factis,
1088 2566 1220 2623 tum
1267 2562 1449 2623 dictis
1506 2562 1722 2641 liquet,
1761 2561 1901 2641 quis
1957 2562 2023 2623 in
2081 2562 2381 2642 Gregorio
2443 2586 2473 2619 ‹‹
2535 2563 3020 2624 renuntiationis
3078 2567 3140 2623 et
3192 2563 3710 2642 proclamationis
3743 2586 3773 2623 η

348 2680 566 2724 sensus
619 2677 633 2722 :
693 2659 801 2720 ille
854 2659 1173 2734 nimirum,
1237 2661 1346 2739 qui
1403 2660 1719 2739 hodieque
1785 2661 1955 2721 inita
2035 2661 2470 2740 possessionis,
2531 2668 2589 2722 et
2650 2667 2720 2721 ut
2776 2666 3022 2734 vocant,
3085 2660 3375 2720 beneficii
3424 2661 3778 2740 cujuspiam

349 2760 841 2832 «investitura;
877 2781 907 2812 »
968 2776 1076 2818 seu
1134 2759 1323 2818 fuerit
1378 2759 1485 2819 illa
1523 2759 1860 2832 «tacita,»
1926 2777 2067 2819 cum
2124 2759 2312 2819 alicui
2369 2759 2581 2820 sedem
2640 2759 2984 2832 invadenti,
3039 2764 3149 2818 aut
3204 2777 3424 2818 eorum
3481 2760 3559 2818 ad
3619 2778 3780 2837 quos

340 2857 704 2920 conferendi
742 2855 1030 2916 beneficii
1087 2875 1213 2915 non
1258 2857 1513 2916 omnine
1561 2855 1666 2934 jus
1718 2857 1991 2934 pertinet
2049 2857 2360 2935 precibus,
2405 2857 2505 2917 vel
2560 2857 2749 2918 etiam
2808 2857 2867 2916 vi
2925 2857 3198 2935 quadam
3258 2856 3600 2916 Ecclesiam
3661 2856 3777 2916 ad-

343 2955 727 3016 ministranti
782 2954 1136 3026 connivent,
1198 2955 1512 3032 silentque
1567 2955 1697 3014 veri
1756 2955 2009 3032 patroni
2094 2973 2165 3015 ac
2224 2955 2485 3033 legitimi
2572 2955 2907 3015 collatores
2991 2953 3338 3025 beneﬁcii;
3399 2971 3507 3014 seu
3583 2954 3780 3014 fuerit

350 3077 378 3112 «
433 3051 816 3114 renuntiatio
875 3074 905 3106 ν)
971 3050 1050 3109 ad
1096 3050 1258 3128 juris
1316 3051 1525 3129 apices
1581 3051 1978 3130 formamque
2036 3053 2280 3130 legibus
2351 3053 2679 3121 sancitam,
2740 3051 2917 3112 lectis
2996 3058 3057 3111 et
3132 3051 3433 3130 expositis
3491 3051 3770 3130 patroni,

341 3151 583 3229 regisve
645 3147 1054 3227 «diplomate
1113 3170 1142 3202 »
1208 3148 1604 3217 conferentis,
1670 3167 1800 3221 seu,
1855 3155 1925 3209 ut
1980 3156 2228 3220 vocant,
2293 3151 2779 3230 provisionibus,
2812 3155 2874 3210 et
2937 3170 2964 3206 α
3025 3148 3220 3221 bulla,
3278 3172 3308 3204 ››
3371 3149 3421 3208 si
3478 3167 3602 3227 qua
3665 3149 3770 3222 sit,

341 3267 549 3330 papa,
576 3253 686 3307 aut
721 3271 752 3303 «
781 3246 948 3320 viaa,
980 3269 1010 3301 »
1049 3250 1238 3325 atque
1270 3264 1308 3307 a
1336 3252 1778 3326 paomovente,
1813 3247 1876 3307 in
1933 3249 2080 3308 sede
2141 3255 2211 3308 ut
2265 3249 2609 3327 plurimum
2669 3267 2742 3308 eo
2800 3248 2907 3326 qui
2967 3252 3374 3325 promovetur
3433 3246 3775 3322 collocato,

340 3347 612 3426 aliisque
642 3344 720 3405 de
778 3363 952 3405 more
1007 3344 1302 3423 peractis,
1347 3345 1575 3423 quibus
1634 3344 1821 3406 hodie
1880 3346 2018 3424 quis
2075 3346 2174 3406 vel
2234 3347 2656 3426 episcopatus,
2718 3345 2816 3405 vel
2875 3345 3130 3405 alterius
3185 3344 3474 3405 beneficii
3528 3363 3780 3423 posses-

339 3464 445 3505 sor
501 3445 813 3517 firmatur,
850 3447 960 3503 aut
1015 3448 1204 3516 certe,
1242 3444 1292 3502 si
1351 3443 1510 3503 alius
1565 3443 1935 3514 intercedat,
2003 3468 2034 3500 «
2083 3444 2512 3518 denuntiatur,
2549 3451 2612 3505 et
2669 3445 3079 3522 praedicatur,
3114 3467 3143 3499 »
3181 3444 3351 3522 quod
3397 3446 3610 3503 Graca
3641 3443 3786 3521 ipsa

338 3539 663 3616 κηρύσσεται
699 3547 966 3614 sonant;
1023 3560 1390 3619 quanquam
1449 3561 1575 3602 non
1631 3561 1703 3602 eo
1749 3543 1812 3602 id
1870 3543 1933 3602 in
1993 3543 2266 3617 Oriente,
2329 3562 2455 3621 quo
2511 3543 2574 3602 in
2630 3543 2729 3602 his
2785 3543 3093 3621 partibus,
3135 3541 3323 3602 modo
3385 3541 3581 3602 ﬁeret.
3617 3543 3784 3601 Sen-

342 3659 482 3700 sum
539 3640 706 3699 hunc
763 3638 1067 3699 exhibent
1113 3640 1304 3699 verba
1363 3639 1666 3718 Gregorii,
1731 3640 2048 3700 contraria
2106 3645 2168 3700 et
2223 3640 2516 3718 opposita
2547 3641 2624 3699 de
2673 3640 2982 3700 Nazianzo
3039 3639 3422 3716 Sasimisque
3497 3637 3784 3698 scriben-

343 3738 418 3796 tis
451 3736 576 3818 (b):
639 3737 893 3798 Sasimis
931 3760 961 3792 «
1019 3736 1502 3816 propositum,»
1565 3737 1986 3814 designatum,
2041 3755 2113 3797 ac
2172 3737 2223 3796 si
2283 3737 2457 3808 velis,
2519 3738 2917 3797 nominatum
2973 3737 3342 3811 antistitem,
3378 3755 3502 3795 non
3563 3741 3783 3795 autem

343 3835 710 3908 Nazianzo;
775 3841 994 3897 contra
1053 3853 1202 3896 vero
1263 3835 1554 3896 Ecclesia
1613 3835 2007 3895 Nazianzina
2068 3855 2192 3896 non
2252 3837 2667 3914 propositum,
2731 3855 2853 3896 non
2936 3836 3359 3913 designatum,
3421 3853 3547 3893 non
3604 3834 3782 3893 ordi-

339 3939 556 3994 natum
614 3935 1006 4013 episcopum,
1041 3935 1151 3994 sed
1209 3935 1638 3994 renuntiatum
1689 3938 1927 4006 tamen,
1984 3933 2176 4011 idque
2241 3958 2270 3989 «
2328 3933 2403 4013 (ο)
2464 3934 2739 4011 primum
2795 3939 2857 3993 et
2915 3933 2993 3993 ab
3049 3932 3248 4006 initio,
3312 3957 3340 3988 »
3407 3950 3781 4011 quanquam

344 4053 530 4092 «non
593 4032 871 4110 publico,
932 4056 962 4087 ››
1027 4032 1131 4091 sed
1193 4033 1383 4093 tacito
1440 4037 1685 4092 tantum
1736 4051 1964 4109 genere
2022 4032 2506 4092 renuntiationis
2560 4049 2572 4091 :
2630 4051 2772 4110 qua
2831 4031 3085 4111 quidem
3153 4031 3360 4110 specie
3421 4036 3601 4091 tenus
3659 4049 3782 4108 pu-

343 4129 628 4208 gnantia,
667 4129 784 4189 hac
815 4129 1058 4190 ratione
1091 4129 1412 4189 conciliari
1444 4134 1506 4189 et
1534 4129 1802 4207 intelligi
1837 4136 2123 4207 possunt.

429 4226 721 4286 Ecclesiae
773 4225 1041 4305 alicujus
1101 4233 1318 4306 pastor
1374 4245 1501 4287 non
1557 4226 1610 4285 is
1667 4234 1978 4300 censetur,
2041 4246 2152 4287 nec
2206 4227 2269 4287 in
2324 4233 2648 4306 pastorum
2731 4247 3066 4288 numerum
3148 4227 3435 4301 refertur,
3502 4225 3610 4304 qui
3693 4225 3784 4286 ad

349 4343 487 4385 eam
542 4323 799 4398 electus,
861 4331 1214 4404 promotus,
1264 4325 1366 4385 vel
1423 4325 1612 4386 etiam
1668 4325 2013 4397 ordinatus,
2071 4325 2214 4403 jure
2271 4328 2526 4386 tandem
2585 4327 2791 4399 cadit;
2853 4326 2961 4386 sed
3020 4325 3128 4404 qui
3161 4325 3324 4385 victa
3385 4342 3575 4384 causa
3625 4341 3782 4401 pos-

349 4422 696 4482 sessionem
737 4422 870 4483 adit
911 4427 1101 4501 atque
1160 4421 1421 4483 obtinet.
1486 4425 1623 4494 Qua
1678 4422 1871 4500 igitur
1927 4423 2169 4484 ratione
2229 4424 2600 4485 Sasimensis
2658 4423 2951 4484 Ecclesia
3008 4423 3338 4502 episcopus
3397 4421 3521 4481 dici
3566 4427 3788 4498 posset

350 4520 708 4598 Gregorius,
764 4519 874 4598 qui
927 4520 1176 4581 Sasima
1233 4539 1360 4581 non
1418 4519 1626 4598 attigit
1672 4519 1950 4598 quidem,
2011 4539 2125 4580 nec
2181 4521 2309 4581 illic
2366 4522 2739 4599 episcopalis
2798 4521 3074 4580 muneris
3130 4520 3297 4579 vices
3357 4519 3515 4578 ullas
3574 4518 3788 4579 obiit?

345 4618 410 4677 Si
470 4616 718 4678 Sasima
774 4618 933 4679 dixit
970 4637 1165 4693 «sua,
1228 4642 1256 4675 »
1319 4618 1385 4678 id
1442 4637 1569 4680 non
1636 4617 1755 4678 nisi
1811 4618 2046 4680 ironice
2097 4636 2110 4678 :
2174 4620 2496 4698 egregium
2556 4619 2715 4679 illud
2773 4619 3104 4679 Basiliana
3193 4618 3484 4677 amicitia
3553 4635 3789 4676 munus

343 4715 508 4774 ridet
533 4720 593 4774 et
624 4715 991 4792 exprobrat.
1025 4716 1137 4777 Vel
1185 4716 1375 4777 etiam
1431 4734 1668 4777 «sua»
1721 4715 1931 4776 dicere
1979 4716 2205 4795 potuit,
2241 4718 2390 4796 quia
2450 4717 2567 4776 sibi
2627 4716 2952 4790 attributa,
3013 4716 3130 4776 sibi
3163 4716 3400 4787 oblata,
3433 4715 3551 4774 sibi
3605 4714 3782 4791 data,

343 4812 453 4872 sed
485 4831 522 4873 a
550 4812 744 4873 dubio
775 4832 1159 4892 possessore.

422 4911 798 4990 Priusquam
858 4911 1105 4974 Sasima
1161 4911 1577 4984 dimittamus,
1638 4912 1929 4991 exemplo
1988 4931 2116 4973 rem
2178 4912 2655 4973 illustrabimus.
2717 4911 3123 4986 Beneficium,
3192 4919 3258 4972 ut
3314 4916 3543 4972 vocant
3591 4909 3775 4984 illud,

344 5007 448 5068 cui
502 5008 855 5069 animarum
906 5029 1057 5070 cura
1101 5009 1430 5080 incumbit,
1487 5009 1677 5087 vulgo
1739 5016 2048 5082 curatum,
2116 5012 2219 5070 uni
2279 5011 2504 5071 clerico
2563 5017 2924 5089 patronus;
2986 5012 3145 5070 alter
3195 5029 3306 5089 pro
3379 5014 3648 5088 patrono
3709 5026 3778 5068 se

343 5123 568 5184 gerens
599 5105 780 5166 alteri
838 5113 1175 5185 prasentet
1229 5107 1677 5184 conferatque;
1730 5112 1840 5166 aut
1897 5112 2062 5167 certe
2109 5107 2173 5166 in
2232 5109 2406 5168 curia
2466 5110 2750 5169 Romana
2809 5109 3012 5187 quivis
3068 5108 3228 5167 alius
3286 5107 3591 5168 obtineat.
3627 5107 3780 5166 Pos-

345 5202 620 5263 sessione
644 5202 792 5282 jura
821 5223 933 5264 sua
962 5205 1168 5266 ﬁrmet
1201 5204 1396 5278 alter;
1433 5203 1592 5264 alter
1642 5209 1750 5262 aut
1807 5209 2119 5278 arceatur,
2181 5211 2291 5265 aut
2340 5206 2594 5284 segnius
2651 5212 2818 5284 agat.
2873 5209 3032 5267 Dum
3089 5204 3341 5266 interim
3400 5205 3517 5265 sub
3559 5203 3778 5282 judice

342 5300 420 5361 lis
449 5306 566 5378 est,
599 5302 768 5362 intra
824 5321 1084 5376 annum,
1123 5309 1191 5364 ut
1246 5304 1340 5378 ﬁt,
1375 5299 1726 5364 sacerdotio
1788 5306 2048 5380 uterque
2107 5303 2390 5365 initietur
2445 5323 2519 5364 ea
2571 5312 2779 5365 mente
2834 5312 2896 5366 et
2953 5306 3239 5379 consilio,
3275 5309 3343 5365 ut
3393 5303 3601 5364 ofﬁcio
3659 5318 3777 5361 suo

343 5398 524 5479 fungi
579 5400 809 5462 valeat.
867 5401 963 5462 Ad
1020 5401 1364 5464 Ecclesiam
1424 5399 1710 5464 eamdem
1769 5400 2045 5463 ordinati
2097 5401 2289 5464 ambo
2365 5401 2466 5463 vel
2547 5402 2788 5465 interea
2863 5403 3282 5486 paciscantur,
3345 5401 3444 5465 vel
3524 5405 3782 5462 senatus

449 5622 502 5706 ᾳ)
535 5622 724 5706 Qarm.
759 5626 832 5706 D_e
855 5624 968 5706 sita
996 5641 1116 5697 sua,
1143 5641 1200 5698 v,
1233 5625 1358 5698 497,
1390 5630 1448 5685 et
1476 5643 1600 5706 seq.
2191 5628 2260 5706 (ο)
2295 5628 2479 5705 Epist.
2514 5628 2586 5685 a1.
2621 5628 2744 5687 225.

449 5639 482 5677 a
535 5622 724 5681 Carm.
759 5626 832 5681 De
855 5624 947 5680 vit:

423 5621 505 5784 ibi
537 5695 717 5772 Epist.
751 5697 824 5756 al.
857 5697 947 5756 42.
