4080 6460
258 418 310 481 73
1293 423 1708 486 PRIEFATIO
1755 424 2223 485 GENERALIS.
2258 457 2335 469 —
2368 425 2565 486 PARS
2612 425 2691 485 Il.
3617 423 3698 487 ’74

261 559 517 622 consulto
585 561 977 641 possidenti
1026 561 1127 639 jus
1199 566 1564 632 asseratur,
1629 560 1721 619 vel
1780 559 1940 620 alter
2020 560 2290 638 denique
2328 605 2342 632 ,
2406 560 2662 620 minime
2744 561 3221 633 contentiosus,
3301 580 3415 621 nec
3490 563 3695 622 litium

269 674 474 732 amans,
544 663 884 722 amulum
944 659 1103 720 ultro
1159 660 1323 720 sinat
1378 675 1825 738 possessorem,
1858 658 2102 737 ipsique
2157 677 2270 718 suo
2309 659 2452 736 jure
2524 661 2736 719 cedat.
2792 660 3096 719 Sacerdos
3154 659 3407 736 quidem
3466 661 3517 719 is
3559 661 3698 732 erit,

275 759 611 837 propositus
677 760 910 832 etiam,
965 758 1341 835 designatus,
1401 756 1856 832 ordinatusque
1914 756 1993 815 ad
2050 757 2389 816 Ecclesiam
2449 757 2648 829 illam,
2708 759 2880 818 velut
2939 758 3016 816 ad
3079 758 3500 844 Sasirpensem
3561 763 3704 819 Gre-

290 857 487 935 gorius.
547 859 723 918 Num
779 857 982 917 idciro
1045 856 1284 915 dicetur
1341 854 1509 914 illius
1565 855 1686 913 loci
1744 853 2058 927 sacerdos,
2107 861 2168 914 et
2225 855 2285 913 in
2347 862 2671 933 pastorum
2751 854 2941 933 hujus
2992 854 3285 915 Ecclesia
3337 857 3699 935 catalogum

305 974 541 1034 unquam
592 955 962 1015 referetur?
990 953 1240 1014 Minime
1297 970 1485 1023 sane;
1550 951 1698 1029 quia
1754 951 1947 1011 dubio
2001 970 2248 1030 semper
2305 959 2414 1012 aut
2471 960 2876 1014 controverso
2930 953 3074 1030 jure
3133 970 3248 1013 suo
3306 955 3531 1014 cecidit
3589 974 3702 1027 aut

310 1061 491 1133 sponte
522 1055 735 1113 cessit.

367 1152 533 1222 Quod
587 1157 773 1213 atate
832 1156 1047 1210 nostra
1109 1171 1136 1206 α
1201 1147 1742 1227 prasentationes,
1807 1148 2215 1227 provisiones,
2282 1149 2648 1209 collationes
2706 1171 2734 1206 n
2785 1156 3036 1223 vocant,
3079 1151 3196 1211 hoc
3256 1149 3529 1228 majores
3590 1169 3698 1211 no-

298 1251 394 1309 stri
447 1251 524 1309 ad
581 1249 744 1309 hanc
807 1249 900 1308 vel
954 1248 1128 1307 illam
1188 1247 1533 1306 Eeclesiam
1591 1246 2022 1306 ordinationes
2081 1246 2491 1324 appellabant
2549 1265 2562 1318 ;
2639 1248 2788 1324 quia
2847 1254 2993 1307 tunc
3073 1267 3258 1308 nemo
3317 1249 3447 1308 sine
3506 1248 3693 1309 titulo

293 1348 706 1408 ordinabatur.
744 1350 895 1418 Qua
927 1346 977 1405 si
1033 1345 1321 1405 alicunde
1379 1363 1572 1404 cassa
1634 1345 2019 1404 haberentur
2075 1351 2136 1403 et
2193 1345 2406 1414 irrita,
2469 1345 2737 1418 nullum,
2804 1351 2872 1404 ut
2929 1345 3017 1405 ita
3072 1346 3327 1423 loquar,
3389 1347 3469 1405 ad
3517 1351 3696 1406 extra

293 1446 699 1505 sortiebantur
758 1444 1044 1504 effectum
1100 1461 1114 1501 ε
1176 1447 1238 1502 et
1295 1442 1403 1519 qui
1463 1442 1697 1501 nullius
1752 1442 1872 1501 loci
1931 1442 2222 1501 sacerdos
2281 1448 2390 1501 aut
2447 1443 2778 1520 episcOpus
2852 1443 3167 1516 manebat,
3237 1467 3267 1498 «
3324 1445 3596 1521 Vacans,
3656 1466 3687 1498 »

296 1538 591 1614 σχολάζων,
628 1542 974 1601 dicebatur.
1008 1541 1175 1600 Talis
1201 1539 1341 1613 fuit,
1379 1545 1446 1599 ut
1477 1557 1551 1598 ex
1586 1540 1767 1598 dictis
1800 1544 1992 1618 patet,
2025 1540 2335 1599 ordinatio
2369 1540 2648 1617 Gregorii
2681 1541 2759 1600 ad
2792 1541 3060 1600 Sasima.

366 1641 575 1701 Fuerit
655 1659 801 1717 ergo
885 1639 1217 1716 Gregorius
1294 1638 1373 1697 ad
1452 1637 1695 1697 Sasima
1770 1637 2153 1716 propositus,
2238 1638 2624 1715 designatus,
2701 1639 3242 1718 inauguratusque
3338 1639 3692 1717 episcopus,

283 1739 660 1799 ordinationi
717 1756 840 1797 sua
900 1735 1305 1809 consenserit,
1366 1735 1738 1796 Sasimensis
1796 1741 2007 1795 tamen
2068 1737 2398 1815 episcopus
2458 1754 2570 1795 nec
2626 1736 2765 1810 fuit,
2825 1755 2939 1796 nec
2999 1738 3119 1796 dici
3180 1743 3405 1816 potest,
3443 1737 3561 1796 nisi
3617 1737 3697 1796 ab

277 1839 508 1898 invidis
536 1845 602 1898 et
654 1835 1250 1908 calumniatoribus;
1287 1835 1524 1913 quippe
1580 1835 1690 1912 qui
1750 1853 1864 1894 nec
1925 1840 2160 1912 aperte,
2199 1853 2312 1893 nec
2371 1835 2577 1908 tacite,
2615 1852 2742 1894 non
2800 1835 3124 1909 canonica,
3175 1854 3299 1895 non
3361 1835 3485 1895 alia
3543 1854 3698 1913 qua-

276 1937 370 1996 vis
428 1936 675 1996 ratione
730 1934 850 1993 loci
907 1933 1074 1992 illius
1130 1933 1463 2011 episcopus
1532 1931 1722 1992 fuerit
1801 1931 2246 2007 renuntiatus,
2301 1931 2533 1992 nedum
2607 1950 2887 2010 unquam
2972 1931 3036 1992 in
3126 1931 3468 1994 Sasimensi
3551 1931 3698 1992 sede

279 2035 626 2094 collocatus
657 2039 717 2092 et
735 2033 1040 2092 ﬁrmatus.

358 2133 512 2203 Qua
571 2130 868 2190 hactenus
938 2129 1429 2206 disputavimus,
1495 2135 1762 2208 aperta,
1830 2147 2016 2198 vera,
2079 2135 2294 2201 certa,
2362 2128 2754 2189 neccessaria
2812 2135 2991 2189 erant
3024 2130 3101 2189 ad
3138 2128 3598 2208 propulsandas
3659 2146 3697 2189 a

275 2229 585 2307 Gregorio
617 2234 824 2287 nostro
867 2226 1259 2296 calumnias;
1295 2232 1445 2304 apta
1502 2227 1691 2286 etiam
1752 2233 1814 2286 et
1870 2227 2208 2287 commoda
2263 2228 2341 2286 ad
2403 2227 2885 2304 abstergendam
2945 2246 2981 2286 a
3044 2232 3217 2287 textu
3277 2230 3492 2288 Graco
3552 2244 3691 2286 cor-

273 2327 592 2405 ruptionis
646 2331 880 2396 notam,
942 2330 1129 2401 atque
1187 2323 1265 2383 ad
1327 2324 1671 2383 tollendam
1733 2325 1814 2384 ab
1871 2325 2218 2385 innumeris
2276 2325 2448 2397 locis,
2513 2326 2621 2402 qui
2691 2343 2977 2403 pugnare
3033 2326 3196 2386 inter
3253 2344 3316 2386 se
3377 2326 3693 2397 videntur,

278 2423 786 2503 repugnantiam.
851 2425 978 2482 Hac
1051 2422 1152 2481 via
1211 2422 1503 2480 nimirum
1564 2422 1799 2500 iniqua
1858 2424 1934 2482 de
1994 2422 2406 2482 translatione
2484 2424 2558 2482 ad
2638 2424 2848 2483 sedem
2927 2424 3693 2502 Constantinopolitanam

289 2521 712 2597 quaestiones;
775 2519 849 2577 de
901 2517 1098 2576 tribus
1158 2518 1646 2596 episcopatibus,
1710 2517 2024 2596 simulque
2096 2518 2296 2593 nullo,
2359 2537 2545 2578 mera
2604 2520 2828 2578 veteris
2885 2519 3137 2578 invidia
3200 2538 3273 2579 ac
3331 2518 3695 2578 recentioris

296 2617 611 2693 cujusdam
664 2615 984 2694 scriptoris
1017 2622 1148 2674 'seu
1210 2615 1539 2675 calumnia
1600 2634 1706 2675 seu
1763 2623 2123 2675 commenta
2180 2615 2260 2695 (α)
2292 2633 2304 2686 ;
2340 2616 2414 2675 de
2465 2628 2762 2694 corrupto
2823 2618 3004 2693 epist.
3042 2634 3267 2677 cccxxv
3312 2622 3482 2676 textu
3545 2634 3697 2675 con-

276 2715 544 2792 jectura
573 2719 985 2787 evanescunt;
1023 2732 1291 2790 veraque
1348 2719 1490 2772 sunt
1551 2718 1611 2772 et
1670 2714 1984 2791 expedita,
2022 2733 2162 2791 qua
2221 2714 2285 2772 in
2348 2713 2614 2791 epistola
2672 2715 2828 2773 alias
2885 2731 3008 2774 XLII
3069 2721 3130 2774 et
3182 2715 3411 2773 iterum
3468 2714 3531 2772 in
3573 2712 3701 2792 epi-

281 2812 451 2871 stola
509 2813 656 2871 alias
713 2827 931 2883 ccxxv,
991 2818 1052 2869 et
1106 2811 1169 2870 in
1228 2810 1365 2870 aliis
1428 2810 1587 2870 locia
1670 2811 1904 2889 legenti
1961 2812 2216 2889 negotia
2290 2811 2687 2871 facessebant
2738 2830 2750 2870 :
2817 2811 2984 2889 quod
3066 2812 3337 2890 amplius
3409 2811 3700 2888 sequenti

286 2910 723 2970 dissertatione
782 2910 856 2968 de
912 2909 1274 2987 episcopatu
1333 2908 1722 2969 Nazianzeno
1782 2909 2040 2987 patebit.
2101 2911 2277 2969 Hanc
2336 2909 2588 2968 claudet
2643 2910 3069 2969 testimonium
3129 2911 3359 2970 Niceta
3416 2908 3696 2987 Paphla-

283 3010 460 3084 gonis
519 3015 667 3068 tom.
722 3008 797 3068 Vl
854 3007 1014 3066 Bibl.
1073 3008 1568 3067 Concionatoria
1630 3016 1804 3084 parte
1866 3008 2070 3084 prima
2144 3008 2258 3067 sub
2318 3008 2529 3080 finem,
2591 3026 2715 3086 quo
2792 3008 3048 3086 quidem
3133 3007 3493 3068 testimonio
3561 3013 3697 3067 tota

284 3107 741 3184 propemodum
772 3105 1140 3182 disceptatio
1173 3122 1449 3182 praesens
1483 3123 1554 3164 ac
1589 3105 1876 3183 proxima
1908 3106 2286 3165 continetur.

354 3205 697 3281 Postquam
731 3203 1006 3262 narravit
1055 3209 1268 3261 orator
1300 3201 1400 3281 (ὁ),
1438 3203 1759 3280 quomodo
1818 3202 2281 3280 episcoporum,
2348 3202 2725 3263 Antiocheni
2780 3203 2843 3262 in
2903 3203 3122 3282 primis
3182 3203 3398 3281 magni
3455 3201 3690 3263 Meletii

273 3302 437 3361 votis
478 3348 492 3373 ,
556 3302 885 3378 Gregorius
959 3301 1148 3359 fuerit
1228 3300 1292 3359 in
1369 3300 1514 3359 sede
1592 3300 2292 3379 Constantinopolitana
2358 3300 2752 3373 collocatus,
2815 3301 3158 3378 objectioni
3198 3301 3472 3361 occurrit
3548 3317 3689 3378 per-

269 3401 533 3478 gitque:
575 3421 605 3452 ‹‹
639 3405 716 3457 At
764 3417 947 3457 nemo
1003 3397 1348 3474 illegitime,
1386 3404 1731 3476 contraque
1791 3417 1863 3456 ac
1922 3416 2102 3458 sacra
2156 3398 2449 3458 Ecclesia
2508 3398 2728 3476 regula
2785 3405 3088 3458 statutum
3145 3405 3260 3472 est,
3297 3399 3374 3459 ad
3436 3398 3687 3457 tertiam

270 3516 417 3556 eum
479 3496 814 3556 arbitretur
871 3495 1196 3555 transferri
1251 3495 1481 3555 sedem.
1520 3499 1676 3555 Nam
1739 3515 1941 3573 neque
2005 3514 2077 3555 ea
2137 3515 2232 3555 res
2290 3497 2618 3556 translatio
2704 3503 2820 3569 est,
2883 3497 2991 3556 sed
3050 3497 3296 3570 electio,
3355 3495 3688 3574 primaque

272 3613 347 3654 ac
410 3595 596 3654 unica
650 3593 801 3652 urbe
856 3596 1138 3670 Augusta
1197 3611 1311 3672 pro
1369 3593 1647 3672 episcopi
1705 3593 2034 3671 dignitate,
2097 3600 2288 3672 atque
2347 3613 2604 3654 munere
2662 3594 2826 3654 sedis
2901 3595 3252 3655 collocatio.
3308 3597 3463 3653 Nam
3514 3591 3684 3670 quod

279 3693 484 3771 primo
545 3691 820 3763 Sasimis,
886 3692 974 3750 uti
1031 3690 1338 3765 dicebam,
1397 3692 1726 3769 pralectus
1786 3696 1898 3762 est,
1960 3691 2025 3750 id
2084 3692 2287 3751 solum
2346 3693 2760 3771 promotionis
2821 3710 3011 3752 causa
3065 3693 3224 3768 fuit,
3282 3710 3425 3751 cum
3483 3707 3690 3767 neque

276 3790 493 3850 sedem
553 3788 878 3867 receperit,
937 3807 1051 3847 nec
1109 3788 1364 3848 omnino
1421 3789 1549 3848 illic
1625 3788 2036 3861 ordinaverit,
2100 3789 2372 3849 ullamve
2446 3790 2773 3868 mysticam
2854 3790 3273 3849 initiationem
3359 3807 3471 3868 pro
3528 3786 3692 3847 anti—

280 3889 440 3946 stitis
477 3887 760 3966 partibus
818 3886 1274 3960 celebraverit;
1326 3888 1496 3966 quod
1528 3906 1752 3966 nempe
1810 3887 2050 3946 viculus
2108 3888 2188 3947 ad
2247 3889 2724 3948 sustentandam
2784 3889 3207 3966 episcopalem
3266 3887 3480 3947 sedem
3538 3889 3700 3945 esset

279 3986 538 4045 omnino
616 3984 911 4062 ineptus.
975 3985 1426 4045 Nazianzenam
1505 3991 1715 4045 autem
1796 3983 2162 4044 cathedram
2242 3985 2566 4062 quondam
2644 3987 3190 4060 curavisse,cum
3268 3991 3450 4065 pater
3532 3983 3701 4042 illius

289 4082 611 4158 episcopus
644 4089 843 4153 esset;
879 4088 940 4142 et
983 4101 1108 4140 non
1166 4082 1301 4159 ejus
1361 4089 1640 4143 creatum
1693 4102 1825 4143 esse
1885 4083 2275 4162 episcopum,
2310 4089 2419 4143 aut
2476 4084 2689 4145 sedem
2748 4085 2922 4145 illam
2987 4103 3262 4163 unquam
3324 4081 3694 4160 suscepisse.

294 4178 513 4236 Solum
567 4186 771 4238 autem
832 4180 1027 4258 patris
1080 4181 1332 4239 hortatu
1392 4199 1462 4240 ac
1515 4181 1693 4257 jussu
1786 4187 1854 4240 ut
1909 4181 2073 4241 sacri
2130 4182 2459 4242 ministerii
2516 4183 2826 4243 defectum
2887 4183 3201 4261 impleret,
3259 4182 3347 4242 sic
3404 4180 3697 4242 Ecclesia

284 4294 499 4335 curam
546 4277 908 4355 suscepisse,
947 4283 1013 4336 ut
1068 4284 1330 4337 senecta
1392 4277 1665 4338 fulcrum
1725 4297 1796 4338 ac
1855 4285 2136 4357 paterna
2193 4279 2643 4340 imbecillitatis
2698 4281 3198 4340 sustentaculum
3279 4279 3546 4340 audiret.
3608 4279 3702 4338 Ita

276 4393 435 4434 vero
467 4393 533 4433 se
562 4393 688 4433 rem
751 4376 1007 4447 habere,
1042 4377 1230 4434 etiam
1292 4377 1469 4435 exiis
1521 4378 1921 4454 perspicuum
1982 4386 2095 4449 est,
2132 4397 2272 4456 qua
2330 4378 2463 4456 ipse
2524 4380 2603 4438 ad
2663 4379 3032 4457 Gregorium
3091 4379 3207 4438 sibi
3257 4377 3701 4456 cognominem

281 4472 512 4532 scribit
544 4471 657 4550 (c):
700 4495 727 4525 «
786 4473 954 4532 Inter
1008 4491 1226 4531 omnes
1276 4475 1505 4532 etenim
1567 4480 1813 4533 constat
1872 4493 1970 4534 me
2028 4494 2154 4534 non
2212 4475 2526 4548 Nazianzi,
2559 4475 2668 4536 sed
2726 4476 3115 4537 Sasimorum
3175 4475 3518 4535 antistitem
3568 4490 3703 4532 cre-

283 4597 310 4624 rc
349 4577 556 4640 atum,
592 4571 1025 4648 (propositum,
1063 4563 1510 4642 προεϐλήθημεν)
1539 4572 1748 4644 fuisse,
1782 4573 2032 4633 tametsi
2090 4573 2152 4632 in
2186 4573 2381 4650 patris
2412 4575 2825 4634 reverentiam
2875 4581 2936 4634 et
2966 4593 3184 4634 eorum
3236 4573 3344 4650 qui
3391 4571 3708 4649 supplices

284 4692 314 4726 α
351 4668 479 4727 hoc
513 4685 552 4726 a
599 4686 695 4726 me
742 4669 1218 4742 contenderunt,
1255 4670 1331 4728 ad
1391 4669 1583 4728 breve
1640 4676 1910 4747 tempus,
1945 4672 2125 4749 quasi
2185 4672 2462 4750 hOSpitee
2517 4673 2957 4750 prafecturam
3006 4672 3419 4750 suscepimus.
3457 4692 3486 4724 »
3524 4667 3705 4739 Quod

275 4768 486 4843 igitur
520 4772 696 4843 pater
754 4766 1083 4826 mortalem
1140 4767 1332 4826 vitam
1391 4767 1603 4826 divina
1661 4773 2184 4842 commutaverat,
2220 4777 2548 4829 vacantem
2600 4769 2736 4847 jam
2793 4769 3121 4829 inventum
3168 4769 3380 4828 divina
3439 4766 3712 4844 Spiritus

284 4865 532 4941 gratia,
596 4864 862 4942 vitaque
919 4883 990 4924 ac
1047 4865 1347 4925 doctrina
1405 4865 1685 4925 humana
1758 4867 2000 4944 majore
2057 4868 2424 4945 prastantia
2495 4875 2714 4946 postea
2791 4867 3210 4928 clarissimum
3287 4866 3604 4934 effectum,
3644 4862 3708 4922 in

274 4962 467 5022 urbis
496 4964 760 5038 Auguta
791 4963 945 5022 solio
975 4969 1281 5041 quantum
1315 4965 1510 5023 oculis
1537 4965 1946 5043 conspicuum
1979 4971 2132 5038 erat,
2170 4967 2532 5036 constituit;
2570 4973 2876 5045 quantum
2921 4979 3130 5027 autem
3177 4965 3391 5026 animo
3425 4967 3712 5041 aspecta-
3785 4997 3798 5005 τ

277 5060 448 5131 bile,
483 5060 654 5119 orbis
689 5067 989 5120 terrarum
1026 5061 1256 5121 bonum
1293 5070 1607 5139 pastorem
1643 5081 2067 5140 magnumque
2099 5065 2441 5123 antistitem
2480 5065 2762 5142 praiicit.
2797 5087 2823 5121 ι)

378 5157 641 5234 Hejecto
700 5159 1034 5219 Sasimensi
1117 5161 1502 5238 episcopatu,
1567 5159 1941 5237 rejiciendus
1999 5179 2250 5238 quoque
2335 5165 2786 5234 Nazianzenus,
2845 5169 2906 5222 et
2981 5161 3718 5241 Constantinopolitanae

275 5261 387 5315 est
450 5255 824 5316 asserendus
877 5277 890 5316 :
953 5256 1016 5316 id
1073 5257 1325 5336 quidem
1388 5258 1815 5335 exsequimur.
1849 5257 2124 5335 Abjectis
2180 5258 2465 5334 Sasimis,
2514 5260 2848 5338 Gregorius
2889 5261 2951 5319 in
2985 5260 3387 5320 solitudinem
3445 5278 3510 5319 se
3564 5279 3721 5319 con-

281 5353 468 5427 tulit,
501 5371 536 5412 e
567 5371 695 5432 qua
736 5360 1063 5430 retractus,
1094 5356 1363 5434 roganti,
1397 5355 1494 5416 vel
1543 5356 1795 5435 jubenti
1850 5355 2018 5436 patri
2074 5356 2139 5416 id
2196 5363 2442 5419 tantum
2501 5359 2807 5421 concessit
2864 5358 2953 5440 (εἰ)
2984 5365 3053 5420 ut
3088 5381 3116 5418 ‹‹
3147 5359 3545 5422 collaborans
3578 5376 3721 5421 cum

378 5615 460 5692 (ᾳ)
493 5616 882 5692 ραρὶῃηβίὺι.
912 5618 1046 5692 sccl.
1080 5617 1147 5692 tit
1175 5622 1536 5676 Gnaeoams.
1786 5690 1807 5692 ᾗ
2151 5619 2222 5692 (c)
2253 5618 2355 5692 Ep.
2391 5619 2465 5676 a1.
2499 5619 2586 5676 42.

341 5762 355 5773 ο
380 5689 460 5760 (b)
491 5688 648 5746 Turn.
687 5689 776 5758 VI,
810 5707 867 5761 p.
900 5690 1026 5759 631,
1061 5690 1165 5745 col.
1217 5694 1275 5760 2,
1333 5710 1402 5747 ex
1458 5696 1601 5748 erat.
1663 5693 1722 5746 in
1771 5690 1968 5764 Grego-
2154 5688 2228 5766 (ἀ)
2261 5688 2447 5747 Carm.
2485 5694 2557 5748 Dr
2585 5693 2698 5750 vita
2723 5710 2844 5764 sua,
2878 5711 2926 5749 ν.
2961 5693 3086 5749 500.

291 5778 480 5818 reum.

579 5897 862 5967 Ρωιοι..
911 5889 1018 5951 ca.
1053 5887 1287 5960 xxxv.
3418 5885 3453 5976 ἓ
