4080 6418
420 391 498 453 ’15
1433 385 1852 449 PR/EFATIO
1898 382 2359 445 GENERALIS.
2392 418 2470 430 —
2511 386 2712 447 PARS
2757 384 2836 448 ΙΙ.
3765 390 3845 452 76

417 544 493 587 eo
525 543 741 586 curam
776 522 1065 585 Ecclesiae
1101 546 1127 577 ι
1163 520 1566 582 Nazianzenae
1605 542 1632 576 ι(
1666 518 1999 597 susciperet
2033 536 2101 590 ;»
2140 535 2211 577 ea
2244 517 2379 597 lege
2411 537 2483 579 ac
2515 520 2897 593 conditione,
2934 524 3003 580 ut
3058 510 3136 581 ne
3184 520 3332 583 huic
3391 522 3850 604 astringeretur

419 624 727 695 Ecclesiae,
766 629 826 683 et
850 628 1107 701 parente
1141 626 1391 680 mortuo
1424 618 1531 699 (α),
1574 643 1602 673 ‹‹
1634 635 1908 697 pennam
1938 616 2185 695 spiritui
2216 635 2341 695 quo
2365 617 2552 678 vellet
2582 623 2643 678 et
2665 618 2986 697 quomodo
3020 619 3209 680 vellet
3239 639 3417 681 suam
3452 623 3853 701 permitteret

417 722 844 795 deferendam,
908 739 1018 780 nec
1077 723 1411 797 quisquam
1470 718 1648 789 foret,
1687 716 1794 794 qni
1852 734 1916 776 se
1974 733 2198 793 cogere
2228 722 2457 793 posset,
2520 722 2628 776 aut
2684 717 2808 777 alio
2864 717 3190 778 traducere
3252 727 3741 799 repugnantem.
3812 746 3840 777 »

418 820 641 879 Mirum
700 826 811 893 est,
876 818 1243 897 Gregorium
1300 815 1703 876 Nazianzenee
1765 813 2054 873 Ecclesia:
2113 814 2479 892 episcopum
2557 815 2949 893 appellatum
3012 817 3222 888 fuisse,
3286 838 3429 878 cum
3510 826 3844 899 tantopere

419 918 788 996 precaverit,
851 922 923 977 ut
974 934 1052 977 ne
1132 914 1277 975 huic
1352 913 1645 975 Ecclesiae
1728 912 2155 989 alligaretur:
2223 912 2404 971 multi
2482 918 2692 972 tamen
2768 913 3125 992 scriptores,
3186 922 3427 976 veteres
3498 924 3560 977 et
3616 937 3837 979 recen-

420 1016 636 1090 tiores,
699 1015 1023 1093 'l‘heologo
1083 1013 1490 1078 reclamante.
1549 1030 1693 1071 eum
1754 1009 2209 1070 Nazianzenum
2257 1010 2602 1089 appellant,
2662 1011 2974 1086 Socrates,
3036 1014 3439 1087 Sozomenus,
3504 1017 3844 1094 Gregorius

418 1115 556 1193 ejus
614 1115 767 1173 Vita
825 1111 1448 1192 scriptor,Baronius,
1511 1107 1951 1169 Bellarminus.
2013 1108 2203 1167 Vetus
2271 1115 2334 1167 et
2406 1109 2759 1168 communis
2815 1126 2991 1169 error
3047 1115 3141 1171 est
3199 1112 3667 1191 manuscriptis,
3732 1114 3845 1191 qui

416 1231 584 1272 nunc
636 1216 904 1283 exstant,
956 1210 1143 1287 longe
1201 1207 1545 1286 antiquior,
1604 1206 1849 1285 ipsique
1896 1204 2195 1282 Gregorio
2253 1223 2511 1285 suppar.
2577 1207 2861 1267 ltufﬂnus
2925 1207 2991 1267 in
3041 1209 3307 1287 prologo
3380 1210 3460 1270 ad
3516 1212 3841 1272 orationes

415 1310 695 1387 Gregorii
756 1308 971 1369 Latine
1017 1324 1230 1367 versas
1285 1304 1504 1365 scribit
1563 1321 1575 1362 :
1642 1327 1671 1359 «
1734 1304 2040 1363 Defuncto
2100 1310 2279 1381 patre
2337 1304 2615 1364 succedit
2688 1305 2753 1363 in
2826 1305 3260 1385 episcopatum
3339 1309 3507 1385 apud
3565 1310 3838 1369 Nazian-

410 1425 594 1481 zum;
655 1432 683 1463 »
721 1413 782 1467 et
836 1406 998 1467 Hist.
1033 1406 1143 1465 lib.
1202 1421 1272 1475 ιι,
1307 1422 1356 1463 c.
1423 1405 1483 1475 9,
1524 1403 1649 1462 «in
1706 1402 1913 1461 locum
1972 1401 2168 1479 patris
2226 1401 2516 1460 eumdem
2572 1402 2987 1480 subrogatum
3023 1428 3050 1459 ι
3112 1404 3356 1466 asserit.
3417 1406 3551 1465 Imo
3613 1406 3837 1466 Hiero-

406 1524 635 1584 nymus
668 1504 774 1583 ((2),
810 1504 917 1583 qui
948 1502 1345 1562 familiariter
1375 1519 1518 1561 cum
1550 1519 1622 1561 eo
1641 1498 2181 1576 Constantinopoli
2214 1504 2495 1558 versatus
2537 1505 2650 1573 est,
2687 1505 2748 1559 et
2804 1500 2911 1578 qui
2972 1519 3046 1561 eo
3109 1502 3415 1579 magistro
3473 1503 3835 1581 Scripturas

400 1622 464 1663 se
522 1602 808 1662 didicisse
864 1601 1258 1680 gloriabatur
1310 1621 1323 1661 :
1392 1622 1421 1658 ‹‹
1471 1598 1807 1677 Gregorius
1842 1644 1856 1670 ,
1918 1597 2182 1676 inquit,
2245 1597 2519 1676 primum
2598 1598 2988 1659 Sasimorum
3024 1646 3037 1673 ,
3103 1599 3330 1661 deinde
3400 1601 3833 1661 Nazianzenus

406 1701 763 1781 episcopus.
800 1724 830 1755 »

478 1799 638 1870 Quin
696 1799 908 1869 etiam,
968 1802 1227 1857 notante
1276 1796 1547 1856 Baronio
1607 1795 1687 1855 ad
1748 1813 1983 1854 annum
2042 1794 2183 1865 371,
2244 1798 2306 1853 et
2362 1793 2425 1853 in
2482 1794 2623 1854 Vita
2692 1796 2974 1873 Gregorii
3032 1796 3200 1875 apud
3246 1797 3624 1858 Bollandum
3683 1816 3827 1876 cap.

397 1899 462 1970 9,
510 1919 540 1955 α
596 1897 731 1974 ejus
785 1896 1128 1957 adversarii
1186 1896 1245 1954 id
1306 1896 1362 1955 ei
1419 1894 1658 1955 dabant
1715 1893 1981 1967 crimini,
2036 1910 2308 1970 eumque
2375 1892 2456 1952 ob
2513 1894 2963 1953 contumeliam
3023 1895 3433 1973 appellabant
3494 1896 3829 1973 triepisco-

400 2013 574 2073 pum,
636 2012 778 2053 cum
837 1993 965 2071 iam
1034 1992 1196 2053 sedis
1264 1991 1980 2069 Constantinopolitanae
2065 1991 2283 2050 fuisset
2354 1992 2590 2050 electus
2666 1992 3019 2071 episcopus.
3099 2017 3128 2048 »
3190 1994 3315 2053 Sed
3393 1999 3520 2054 tam
3597 1994 3830 2054 diserte

399 2091 745 2169 Gregorius
804 2096 993 2169 negat
1048 2109 1115 2151 se
1174 2090 1361 2151 fuisse
1439 2089 1731 2149 Nazianzi
1788 2091 2176 2166 episcopum,
2241 2094 2309 2147 ut
2366 2089 2484 2166 ipsi
2540 2088 2695 2149 ﬁdes
2750 2090 3117 2151 adhibenda
3170 2091 3285 2151 sit:
3339 2114 3369 2147 «
3429 2091 3829 2152 Manifestum

396 2196 510 2257 est,
544 2189 749 2267 inquit
788 2188 893 2267 (ε),
949 2187 1241 2247 omnibus
1302 2205 1401 2245 me
1463 2205 1589 2246 non
1649 2186 1939 2245 Nazianzi
1997 2186 2395 2263 designatum
2454 2187 2819 2265 episcopum
2879 2206 3034 2247 esse.
3070 2208 3098 2245 η
3162 2191 3299 2248 Non
3358 2193 3602 2249 certum
3648 2190 3817 2247 dun-

396 2294 574 2347 taxat
628 2295 690 2347 et
745 2286 1196 2361 indubitatum,
1248 2285 1356 2345 sed
1408 2285 1809 2344 manifestum
1858 2302 1873 2356 ;
1955 2302 2080 2342 non
2155 2284 2374 2344 amicis
2442 2285 2647 2344 solum
2722 2291 2784 2345 et
2860 2287 3096 2364 paucis,
3157 2287 3267 2346 sed
3348 2308 3377 2344 α
3434 2286 3729 2347 omnibus
3790 2307 3820 2343 π

394 2385 654 2445 omnino
686 2384 901 2444 debuit
958 2402 1091 2444 esse
1126 2407 1157 2438 «
1196 2383 1684 2443 manifestum.»
1736 2384 1806 2441 In
1860 2382 2137 2442 carmine
2197 2388 2409 2442 autem
2468 2382 2557 2442 De
2612 2384 2738 2443 vita
2792 2402 2900 2444 sua
2932 2383 3059 2464 (d):
3096 2406 3124 2439 α
3186 2385 3555 2463 Postquam,
3588 2385 3820 2463 inquit,

393 2488 684 2561 parentes
715 2500 1037 2543 excessere
1068 2482 1219 2554 vita,
1256 2488 1315 2540 et
1375 2481 1494 2541 hac
1551 2499 1667 2558 ego
1728 2480 2093 2540 calamitate
2154 2480 2313 2539 liber
2366 2499 2503 2541 sum
2570 2480 2845 2553 relictus,
2881 2482 3093 2542 datam
3152 2483 3444 2562 equidem
3506 2482 3825 2543 Sasimen-

386 2598 516 2640 sem
587 2580 919 2641 l'lcclesiam
972 2579 1328 2640 nullatenus
1412 2578 1694 2657 attigi....
1774 2580 2061 2637 Paterna).
2135 2596 2385 2651 vero...,
2450 2578 2677 2657 exiguo
2764 2597 2913 2640 sane
2988 2586 3292 2658 tempore,
3356 2580 3527 2641 velut
3582 2579 3819 2659 hospes

385 2679 629 2753 alienm,
666 2696 881 2739 curam
941 2678 1219 2757 aliquam
1280 2677 1464 2755 gessi,
1527 2696 1654 2736 non
1714 2675 2071 2735 diffitebor:
2134 2675 2410 2754 idipsum
2469 2694 2666 2755 usque
2723 2676 3101 2737 denuntians
3156 2677 3494 2757 episcopis,
3548 2696 3817 2756 poscens

380 2777 582 2837 instar
638 2776 925 2837 beneﬁcii
982 2794 1060 2835 ex
1117 2776 1245 2835 imo
1306 2775 1516 2845 corde,
1581 2780 1651 2834 ut
1706 2773 1845 2833 urbi
1905 2772 2108 2832 virum
2166 2772 2441 2851 aliquem
2509 2774 2903 2851 praeﬁcerem
2986 2774 3379 2853 episcopum.
3439 2775 3597 2834 Hinc
3654 2774 3817 2834 illud

390 2874 642 2955 quidem
698 2891 835 2934 vere
879 2874 1223 2945 afﬁrmans,
1250 2873 1542 2933 nondum
1600 2870 1793 2931 ullam
1852 2890 1889 2931 a
1949 2889 2047 2930 me
2107 2877 2432 2949 acceptam
2491 2871 2681 2932 fuisse
2739 2872 2992 2950 publica
3047 2872 3513 2933 renuntiatione
3568 2872 3812 2951 (Eccle-

394 2971 685 3051 siam)....
720 2974 874 3031 Cum
934 2976 1142 3030 autem
1203 2989 1329 3029 non
1390 2969 1831 3048 persuaderem
1889 2968 2085 3028 alium
2145 2974 2215 3028 ut
2284 2968 2700 3047 praeﬁcerent,
2749 2970 2897 3048 quia
2957 2969 3021 3029 bi
3078 2970 3335 3049 quidem
3396 2989 3525 3050 prae
3586 2989 3817 3049 magno

405 3070 526 3128 mei
581 3068 889 3128 desiderio
946 3068 1214 3129 retinere
1274 3067 1614 3141 volebant,
1676 3066 1767 3125 illi
1848 3084 1995 3126 vero
2070 3068 2229 3127 forte
2312 3067 2805 3145 despiciebant;
2876 3068 3035 3127 nulli
3107 3074 3320 3128 autem
3395 3068 3826 3129 causabantur

406 3186 530 3227 non
589 3185 721 3226 esse
780 3166 1085 3226 liberum:
1149 3167 1422 3245 primum
1482 3164 1833 3226 Seleuciam
1891 3165 2042 3242 fuga
2100 3182 2200 3224 me
2256 3166 2517 3236 contuli,
2570 3172 2760 3244 atque
2816 3165 2903 3225 ibi
2960 3166 3022 3225 in
3080 3166 3484 3227 Parthenone
3541 3166 3827 3227 celeber-

408 3266 584 3326 rimae
620 3265 912 3343 martyris
933 3265 1182 3325 Theclae
1215 3284 1337 3325 non
1371 3264 1600 3343 exiguo
1631 3270 1914 3342 tempore
1974 3269 2402 3323 commoratus
2433 3282 2570 3322 sum
2606 3262 2701 3343 (θ).

489 3367 611 3423 Nec
669 3365 843 3424 dicas
896 3363 1265 3441 Gregorium
1323 3362 1505 3423 fateri
1562 3380 1634 3422 ac
1687 3362 1981 3430 scribere,
2043 3360 2410 3440 episcopum
2468 3360 2762 3421 Nazianzi
2820 3380 2883 3423 se
2940 3361 3372 3423 renuntiatum
3424 3380 3438 3422 :
3502 3384 3531 3420 ‹‹
3581 3364 3714 3441 Ego
3778 3364 3832 3423 si

405 3468 573 3522 certe
630 3479 893 3540 corpore
949 3460 1204 3540 quidem
1260 3461 1347 3521 ita
1407 3478 1502 3521 me
1560 3460 1885 3533 haberem,
1920 3464 1990 3519 ut
2043 3459 2338 3519 Ecclesiae
2388 3477 2635 3539 possem
2692 3459 3095 3521 Nazianzenee
3155 3478 3447 3539 praeesse,
3499 3461 3680 3539 cujus
3740 3463 3824 3522 ab

397 3560 580 3620 initio
639 3579 774 3620 sum
837 3560 1068 3639 praesul
1123 3560 1543 3635 renuntiatus,
1607 3559 1813 3619 minus
1870 3562 2080 3618 autem
2141 3558 2580 3631 Sasimorum,
2642 3564 2710 3619 ut
2777 3558 2953 3619 vobis
3028 3558 3200 3619 haud
3289 3566 3455 3619 recte
3534 3560 3829 3619 nonnulli

396 3659 686 3731 suadent,
722 3678 847 3719 non
882 3659 1040 3719 adeo
1094 3678 1229 3719 sum
1267 3657 1364 3741 (f),
1400 3682 1428 3714 ››
1464 3665 1585 3719 etc.
1619 3657 1881 3735 Scripsit
1913 3655 2168 3734 quidem
2204 3656 2536 3733 Gregorius
2580 3676 2708 3717 non
2756 3655 2946 3718 semel
2976 3675 3041 3716 se
3102 3657 3393 3717 Nazianzi
3453 3656 3821 3735 episcopum

389 3758 843 3830 renuntiatum,
877 3756 986 3818 sed
1044 3756 1121 3817 de
1181 3757 1433 3836 publica
1490 3754 1955 3816 renuntiatione
2013 3771 2140 3812 non
2199 3763 2292 3814 est
2348 3754 2841 3832 intelligendus:
2877 3773 3042 3829 vere,
3106 3755 3334 3832 inquit,
3374 3761 3515 3833 post
3571 3755 3821 3815 obitum

386 3856 609 3934 patris,
677 3880 703 3910 α
768 3855 1164 3917 afﬁrmabam
1218 3856 1500 3914 nondum
1562 3853 1754 3913 ullam
1814 3857 2141 3931 acceptam
2192 3870 2229 3911 a
2315 3870 2413 3912 me
2470 3852 2658 3913 fuisse
2740 3853 2995 3931 publica
3078 3852 3544 3913 renuntiatione
3623 3852 3831 3915 eccle-

386 3953 585 4013 siam:
622 3976 651 4006 »
687 3952 933 4030 scripsit
986 3953 1214 4013 iterum
1274 3970 1373 4030 ep.
1436 3952 1590 4011 alias
1647 3967 1941 4023 ccxx11,«
2002 3967 2077 4009 ea
2132 3968 2197 4010 se
2256 3968 2383 4009 non
2439 3950 2639 4010 teneri
2697 3950 3183 4023 renuntiatione,
3249 3973 3276 4008 ιι
3347 3970 3473 4029 qua
3528 3950 3826 4010 Nazianzi

386 4054 820 4110 renuntiatum
876 4067 1011 4109 sese
1040 4069 1140 4128 ep.
1173 4049 1330 4110 alias
1358 4066 1549 4110 ccxxv
1614 4048 1854 4123 scribit,
1894 4071 1924 4103 «
1982 4065 2059 4107 ea
2114 4066 2241 4108 non
2299 4048 2639 4125 astringi,»
2702 4050 2794 4109 uti
2851 4068 3066 4109 rursus
3124 4068 3321 4110 carm.
3356 4049 3446 4109 De
3504 4048 3630 4109 vita
3683 4067 3824 4121 sua,

388 4168 446 4207 ν.
482 4150 628 4211 523.

472 4250 812 4324 Postquam
842 4244 1387 4322 Constantinopoli
1441 4244 1505 4304 in
1555 4242 1827 4322 patriam
1889 4261 2172 4303 reversus
2221 4250 2313 4303 est
2371 4245 2727 4321 Gregorius,
2790 4245 3248 4307 Nazianzenam
3318 4245 3545 4305 iterum
3607 4244 3822 4304 admi-

388 4346 656 4404 nistrare
708 4343 1069 4416 Ecclesiam,
1135 4342 1439 4403 anarchia
1493 4342 1913 4415 laborantem,
1978 4340 2056 4400 ab
2114 4340 2622 4420 Appollinaristis
2682 4342 2903 4403 misere
2960 4343 3325 4416 laceratam,
3363 4342 3512 4403 cleri
3571 4342 3826 4420 populi-

385 4461 510 4522 que
589 4441 875 4520 precibus
928 4448 989 4502 et
1032 4440 1328 4519 lacrymis
1375 4445 1633 4501 coactus
1691 4446 1789 4500 est
1838 4457 1853 4512 ;
1916 4457 2048 4500 esse
2104 4439 2331 4499 iterum
2392 4439 2925 4501 administrationi
2986 4465 3017 4497 «
3076 4441 3383 4503 concessit
3426 4440 3533 4521 (g),
3595 4440 3822 4519 iugum

382 4541 551 4602 subit
583 4540 691 4619 (/2),
740 4540 905 4600 vinci
952 4558 1024 4599 ac
1066 4538 1349 4601 vinciri»
1384 4557 1449 4599 se
1504 4540 1735 4600 iterum
1792 4556 1993 4617 passu:

2245 4537 2513 4606 ἡττήθην,
2548 4532 2768 4610 δέσμιος
2801 4534 3062 4613 ἔρχομαι.
3125 4542 3358 4601 Verum
3418 4540 3581 4599 sicut
3640 4539 3825 4617 prius

380 4659 417 4701 a
450 4646 629 4718 patre
660 4638 881 4711 victus,
916 4637 1007 4697 ita
1036 4642 1350 4709 tum,non
1406 4637 1528 4697 «in
1592 4637 1877 4717 plenario
1934 4635 2202 4696 concilio
2261 4637 2711 4696 renuntiatus»
2785 4638 2863 4697 ab
2919 4638 3253 4717 episcopis,
3317 4637 3425 4698 sed
3476 4655 3513 4696 a
3576 4636 3824 4697 civibus

376 4744 627 4807 tantum
685 4735 1029 4814 amicisque
1087 4742 1364 4809 coactus,
1405 4736 1486 4797 ob
1551 4736 1767 4813 patris,
1796 4734 1865 4814 (ι’)
1906 4756 1935 4793 «
1993 4732 2173 4811 cujus
2230 4734 2387 4793 solvi
2443 4734 2692 4794 labores
2748 4735 3022 4809 dolebat,
3073 4742 3135 4796 et
3190 4753 3411 4796 eorum
3460 4735 3569 4813 qui
3627 4735 3748 4794 hoc
3784 4754 3827 4796 a

378 4856 443 4897 se
505 4834 794 4914 precibus
852 4833 1319 4894 contendebant
1403 4835 1845 4906 reverentiam,
1904 4833 1985 4893 ad
2055 4831 2244 4891 breve
2329 4838 2577 4909 tempus
2651 4833 3097 4911 praefecturam
3179 4834 3359 4911 quasi
3445 4832 3675 4910 hospes
3731 4836 3820 4914 (λ’)

380 4933 643 5011 accepit,
704 4950 778 4992 ac
837 4932 1027 4993 veluti
1084 4934 1537 5011 peregrinus.»
1599 4935 1833 4994 Iterum
1890 4930 2003 5011 (Ir),
2066 4948 2193 4989 non
2232 4953 2259 4984 ‹‹
2316 4930 2625 5009 proprias,
2673 4954 2703 4985 »
2768 4932 3063 5011 proprius
3120 4938 3190 4991 ut
3243 4931 3601 5010 episcopus,
3645 4952 3674 4988 α
3708 4930 3821 4992 ha-

380 5034 597 5104 benas,
646 5053 677 5085 »
741 5029 851 5091 sed
886 5030 1206 5102 «alienas,
1246 5055 1273 5089 ι
1307 5032 1641 5107 ξένηνὴνίαν,
1673 5029 1987 5109 suscepit;
2023 5028 2257 5107 quippe
2306 5028 2415 5107 qui
2472 5046 2545 5088 eo
2600 5028 2739 5107 ipso
2792 5029 2933 5091 loco
2980 5030 3237 5090 alterius
3294 5028 3501 5106 gregis
3546 5028 3813 5107 pedum,

450 5371 503 5445 (a
561 5372 657 5429 Or.
692 5374 783 5444 12,
815 5372 888 5430 al.
922 5373 975 5431 8.
2216 5372 2285 5444 (f)
2316 5372 2419 5444 Ep.
2455 5370 2532 5427 al.
2562 5372 2689 5428 2'25.

450 5372 525 5517 (bi
556 5446 642 5500 Ad
674 5445 899 5503 Parnm.
932 5450 991 5503 et
1020 5446 1189 5517 epist.
1250 5446 1344 5517 51,
1403 5447 1527 5505 Lib.
1561 5463 1579 5502 1
1628 5454 1770 5503 cont.
1822 5445 1936 5502 Jov.
1978 5446 2035 5500 et
2215 5444 2290 5517 (g)
2318 5439 2672 5517 Ἐπιδίδῳμι.

447 5439 523 5517 (ὁ)
556 5446 642 5500 Ad
674 5439 899 5503 Parnm.
932 5450 991 5503 et
1020 5446 1189 5519 epist.
1250 5446 1344 5517 51,
1403 5447 1527 5505 Lib.
1561 5463 1579 5502 1
1628 5454 1770 5503 cont.
1822 5445 1936 5502 Jov.
1978 5446 2035 5500 et

447 5518 663 5570 rscrivt.
696 5519 823 5570 θεοὶ.

1458 5447 1527 5505 lb.
1561 5463 1579 5502 1
1628 5454 1770 5503 cont.
1822 5445 1936 5502 Jov.
1978 5446 2035 5500 et
2318 5439 2672 5516 Ἑπιδίδωμι.
2700 5447 2801 5517 Ep.
2835 5443 2910 5500 a1.
2942 5444 3069 5501 222.

2326 5512 2499 5570 Αὐγέν
2532 5512 2770 5570 ﬂammida.
2806 5515 2999 5570 Carm.
3029 5518 3065 5570 7

372 5512 663 5589 De’s'cripti.
696 5519 823 5574 θεοὶ.
1053 5512 1074 5519 “
1331 5512 1341 5517 ⁷

2214 5512 2293 5589 (ᾗ)
2318 5512 2499 5589 se.er
2532 5512 2770 5589 ἔκὰμψαῖ
2806 5515 2999 5573 Carm.
3029 5518 3085 5586 7,
3116 5534 3172 5573 v.
3192 5518 3297 5589 _80.

469 5591 516 5662 ρ)
550 5586 726 5662 Epist.
760 5590 837 5646 al.
868 5590 959 5644 42.

2214 5586 2281 5662 (ε)
2308 5586 2498 5662 Carm.
2533 5586 2655 5662 145‘,
2688 5586 2743 5662 'y.
2778 5589 2901 5662 191,
2935 5594 2993 5662 et
3021 5590 3125 5662 Ep.
3154 5587 3233 5647 a1.
3265 5588 3334 5644 42

466 5660 519 5738 ἀ)
554 5658 746 5738 Carm.
777 5664 995 5738 Daem
1023 5678 1147 5736 sua,
1168 5679 1225 5719 v.
1257 5662 1364 5720 528
1394 5666 1453 5721 et
1476 5679 1603 5738 seq.

1407 5666 1453 5721 at
1476 5679 1603 5738 seq.
2310 5666 2379 5738 95
2413 5658 2811 5738 ξένος-,βρίθῃ
2830 5660 2905 5738 al.
2930 5661 3018 5738 42.

446 5662 519 5734 (εἰ)
554 5662 746 5719 Carm.
777 5664 853 5718 De
884 5664 995 5718 vita
1023 5678 1147 5736 sua,
1168 5679 1225 5719 v.
1257 5662 1364 5720 528
1394 5666 1453 5721 et
1476 5679 1603 5738 seq.

446 5731 520 5819 ge)
553 5731 720 5811 lbid.,
752 5750 804 5793 ν.
836 5735 965 5793 554.

1524 5679 1603 5738 sq.
2211 5662 2279 5809 ᾖ)
2310 5666 2379 5720 Ως
2413 5662 2579 5728 ξένος,
2614 5662 2797 5733 Epist.
2830 5662 2905 5715 al.
2930 5662 3019 5717 42.

2270 5731 2288 5806 )
2320 5731 2510 5791 Carm.
2542 5732 2669 5806 145,
2703 5749 2755 5789 v.
2791 5732 2894 5791 105
2923 5737 2980 5795 et
3008 5732 3135 5795 189.
