4080 6414
228 419 289 477 ’Π
1331 427 1752 489 ΡΡιιΕΡᾹΤΙΟ
1801 431 1839 490 G

2132 432 2271 493 LlS.
2306 464 2380 478 —
2408 432 2608 495 PARS
2654 428 2736 496 ῙῙ.
3665 436 3743 502 78

226 560 382 618 mea
416 565 764 639 ποιμνίου,
807 560 1067 624 scilicet
1118 561 1817 644 Constantinopolitani,
1855 568 2201 645 suscepisse
2256 586 2321 627 se
2350 569 2628 629 fateatur
2656 569 2763 650 (a).
2819 572 3000 632 Unde
3060 590 3137 632 ne
3195 572 3259 632 id
3305 572 3584 652 quidem,
3621 576 3740 637 nisi

231 678 255 709 ‹‹
285 656 593 734 quandiu
630 660 943 734 valeret,
980 682 1007 719 ››
1045 660 1380 733 concessit;
1421 667 1611 740 atque
1641 663 1870 723 iternm
1899 664 2184 726 discessit
2214 668 2393 745 quasi
2425 668 2602 739 liber,
2641 670 3121 731 recrudescente
3154 671 3344 751 paulo
3380 679 3519 751 post
3552 674 3738 752 agri-

233 755 487 817 tudine:
530 780 567 812 (ι
606 758 1103 832 Constrictum,
1134 758 1342 838 inquit
1374 758 1478 839 (ὁ),
1513 779 1611 820 me
1652 761 1911 821 morbus
1942 768 2130 837 tenet,
2168 770 2229 824 et
2273 766 2353 824 ab
2383 766 2714 827 Eccclesia
2741 767 3190 846 gubernaculis
3239 770 3503 830 celerius
3535 771 3734 832 abdu-

245 854 347 915 xit.
378 876 409 911 υ

327 980 513 1053 Quod
590 1000 766 1044 vero
832 1000 1088 1043 omnem
1149 982 1313 1043 tollit
1388 982 1871 1058 dubitationem,
1932 986 2176 1047 Enlalio
2252 988 2507 1049 tandem
2566 992 2927 1051 renuntiato
2978 992 3233 1070 publice
3309 998 3372 1053 et
3427 994 3724 1073 epiSCOpo

268 1080 551 1141 Nazianzi
584 1082 916 1142 canonice
948 1081 1261 1153 ordinato,
1296 1083 1576 1159 Nysseno
1610 1084 1863 1160 prasuli
1896 1089 1956 1144 et
1984 1083 2059 1143 iis
2089 1085 2197 1164 qui
2228 1104 2500 1147 canones
2554 1088 2961 1166 objiciebant,
3018 1091 3356 1170 respondet
3386 1093 3723 1169 Gregorius

272 1180 381 1261 (c):
421 1204 452 1236 «
483 1180 675 1252 Quod
712 1179 771 1240 si
812 1178 957 1258 quis
987 1183 1100 1254 est,
1148 1179 1257 1258 qui
1305 1184 1485 1258 putet
1536 1180 1834 1261 episcopo
1879 1182 2127 1243 vivente
2158 1184 2350 1244 alium
2400 1186 2643 1246 institui
2672 1206 2797 1247 non
2830 1188 3083 1258 debere,
3117 1189 3169 1248 is
3209 1190 3364 1249 sciat
3396 1208 3460 1249 se
3490 1209 3568 1250 ne
3603 1191 3720 1251 hac

278 1279 527 1359 quidem
560 1278 629 1338 in
666 1285 856 1357 parte
889 1278 1067 1338 nobis
1089 1296 1278 1338 causa
1309 1280 1697 1357 superiorem
1729 1298 1884 1341 esse.
1910 1282 2094 1361 Apud
2117 1301 2336 1343 omnes
2362 1284 2529 1344 enim
2564 1285 2804 1364 liquido
2835 1292 3103 1359 constat,
3139 1306 3239 1347 me
3270 1306 3397 1347 non
3428 1288 3725 1349 Nazianzi

283 1380 382 1440 sed
412 1377 821 1439 Sasimorum
857 1376 1200 1437 antistitem
1233 1376 1626 1455 propositum
1661 1396 1794 1438 esse
1827 1396 1841 1450 ;
1875 1400 1902 1434 ν
1942 1379 2005 1438 id
2037 1386 2153 1452 est,
2188 1400 2264 1441 ne
2296 1382 2587 1442 Nazianzi
2616 1384 2870 1462 quidem
2901 1408 2931 1440 «
2963 1386 3381 1463 propositum,
3417 1407 3444 1442 ››
3486 1386 3717 1447 nedum

290 1480 527 1558 publice
560 1497 637 1539 ac
670 1478 977 1539 canonice
1004 1476 1432 1537 renuntiatum
1464 1495 1597 1536 esse
1623 1478 2014 1558 episcopum.
2069 1482 2460 1559 Exspirantis
2511 1488 2723 1543 tamen
2785 1485 2930 1543 vita
2968 1485 3285 1562 reliquias,
3324 1486 3375 1545 si
3415 1505 3527 1566 per
3557 1486 3721 1547 vale-

293 1578 561 1637 tudinem
590 1576 903 1647 licuisset,
936 1576 1068 1653 ipse
1097 1574 1389 1656 Ecclesia
1417 1575 1822 1636 Nazianzena
1854 1587 2369 1639 consecraturum
2401 1598 2466 1640 se
2498 1581 2660 1659 epist
2689 1598 2882 1643 ccxxv
2907 1582 3259 1660 proﬁtetur,
3298 1584 3505 1663 potius
3528 1603 3721 1664 quam

289 1675 651 1747 Sasimensi,
689 1674 789 1733 cui
822 1691 1165 1751 nunquam,
1196 1673 1494 1751 inquiunt
1524 1674 1997 1749 Bollandenses,
2023 1694 2086 1736 se
2118 1678 2383 1738 credidit
2413 1679 2787 1757 obligatum,
2825 1681 2925 1739 cui
2956 1680 3130 1741 nullo
3166 1700 3441 1759 unquam
3478 1701 3720 1761 praco-

284 1775 370 1835 nii
400 1792 637 1852 genere
669 1772 1063 1832 renuntiatus
1095 1778 1267 1831 erat:
1302 1790 1689 1851 quamquam
1720 1774 1785 1832 id
1819 1775 2121 1834 molestiae
2170 1776 2552 1837 facessenda
2585 1779 2793 1855 gratia
2822 1778 3081 1857 quidam
3113 1779 3309 1840 invidi
3340 1800 3453 1860 per
3482 1782 3719 1842 calum-

282 1874 455 1933 niam
486 1878 553 1932 et
593 1894 621 1929 α
653 1870 1141 1941 contentionem,
1177 1892 1207 1924 ››
1245 1876 1313 1929 ut
1343 1870 1575 1930 ibidem
1610 1871 1914 1949 loquitur,
1952 1872 2360 1951 objiciebant.

360 2000 721 2060 Innocuum
753 2015 875 2075 quo
905 1994 1162 2055 ludebat
1193 1995 1528 2073 Gregorius
1575 2014 1716 2056 cum
1753 1997 2168 2071 adversarios,
2216 2005 2347 2060 tum
2382 2019 2642 2073 amicos,
2679 2001 3015 2062 artiﬁcium
3066 2002 3207 2082 quis
3248 2022 3373 2064 non
3407 2003 3719 2065 miretur?

281 2099 436 2158 Cum
469 2097 551 2156 ad
588 2095 1039 2155 Nazianzenam
1076 2094 1413 2154 Ecclesiam
1446 2094 1639 2154 tacita
1670 2095 1894 2155 saltem
1927 2095 2366 2173 objectabatur
2398 2100 2803 2173 renuntiatio,
2831 2101 3251 2162 Sasimensem
3286 2102 3573 2180 protinus
3603 2103 3715 2163 de-

276 2194 708 2273 signationem
739 2192 1083 2270 regerebat,
1120 2197 1188 2250 ut
1234 2192 1415 2269 epist.
1449 2208 1633 2264 CXLII,
1688 2194 1870 2270 eique
1921 2194 2236 2267 Ecclesia,
2273 2214 2310 2255 a
2342 2215 2488 2275 qua,
2525 2198 2620 2257 vel
2652 2198 2913 2277 impleta
2943 2198 3041 2259 vel
3085 2200 3324 2260 abolita
3354 2201 3521 2274 sede,
3556 2200 3714 2261 nihil

276 2294 537 2372 penitus
582 2290 860 2363 timebat,
899 2292 1038 2369 plus
1094 2289 1372 2367 illigatus
1405 2309 1595 2369 quam
1654 2292 1962 2351 Nazianzo
1995 2293 2191 2353 videri
2250 2294 2524 2355 volebat.
2559 2299 2715 2356 Cum
2771 2302 2980 2356 autem
3011 2298 3091 2357 ad
3124 2298 3389 2363 Sasima.
3424 2306 3493 2359 ut
3522 2299 3707 2377 epist.

274 2410 503 2465 ccxxv,
542 2389 981 2461 revocabatur,
1015 2394 1125 2447 aut
1156 2388 1353 2465 magis
1385 2396 1783 2467 contemptus
1816 2409 2007 2450 causa
2037 2392 2478 2469 relegabatur;
2534 2394 2990 2456 Nazianzenam
3022 2395 3190 2456 illico
3228 2420 3257 2451 «
3292 2397 3707 2458 renuntiatio-

284 2509 430 2550 nem
460 2514 489 2543 ι)
524 2487 882 2567 objiciebat,
945 2509 971 2543 «
1006 2506 1130 2564 qua
1159 2505 1223 2545 se
1256 2486 1452 2546 teneri
1510 2488 1975 2549 «nihilominus
2006 2509 2131 2548 non
2178 2491 2448 2550 timeret.
2502 2493 2853 2552 Genuiuum
2906 2493 3071 2553 hunc
3115 2513 3247 2555 esse
3296 2495 3712 2574 epistolarum

287 2604 559 2661 sensum,
615 2591 845 2663 prater
901 2584 1270 2660 gravissima
1300 2602 1440 2661 qua
1464 2581 1599 2661 jam
1661 2585 1991 2644 attulimus
2051 2593 2392 2658 momenta,
2440 2588 2712 2665 probant
2767 2589 3002 2649 eadem
3036 2590 3319 2668 epistola
3379 2609 3520 2663 XLII,
3570 2609 3703 2665 va,

279 2701 535 2754 Lxxxm,
570 2700 791 2758 ccxxv,
826 2682 886 2741 in
920 2680 1146 2759 quibus
1178 2680 1469 2739 omnibus
1500 2698 1606 2740 eos
1636 2682 1797 2741 salse
1846 2683 2007 2742 ridet
2038 2683 2164 2761 qui,
2199 2689 2268 2743 ut
2298 2682 2590 2745 Ecclesia
2623 2686 2965 2763 probarent
2998 2686 3284 2747 alterutri
3312 2706 3453 2748 vere
3486 2689 3708 2749 addic-

272 2790 436 2853 tum,
473 2782 711 2841 frustra
741 2796 1012 2840 canones
1042 2779 1471 2859 opponebam.

348 2907 449 2968 Ad
481 2905 808 2968 cumulum
840 2904 1097 2965 accedat
1120 2906 1251 2982 jam
1286 2905 1586 2984 palmaris
1617 2906 1814 2980 locus,
1840 2906 1949 2986 qui
1978 2907 2395 2968 Sasimensem
2426 2908 3016 2989 Nazianzenumque
3046 2909 3233 2970 simul
3265 2910 3700 2990 episcopatum

273 3006 563 3085 Gregorii
600 3005 693 3065 vel
725 3022 885 3063 unus
918 3004 1113 3081 possit
1158 3004 1236 3062 ad
1288 3004 1536 3064 fabulas
1566 3005 1933 3065 amandare.
1976 3006 2211 3066 Locum
2244 3006 2423 3067 illum
2455 3006 2712 3067 exhibet
2751 3027 3005 3068 carmen
3051 3010 3078 3068 1
3114 3008 3351 3069 editum
3402 3027 3439 3069 a
3469 3009 3697 3085 Tollio,

268 3124 429 3165 vers.
465 3106 587 3164 93:
630 3125 658 3161 «
691 3104 998 3162 Caterum
1049 3108 1459 3180 posteaquam
1492 3105 1888 3163 accessissem
1928 3128 1954 3159 »
2007 3105 2640 3185 Constantinopolim,
2678 3128 2708 3161 «
2743 3106 2962 3166 relicta
2991 3106 3413 3185 Cappadocia,
3449 3126 3591 3186 qua
3619 3108 3697 3168 ﬁ-

260 3204 365 3263 dei
397 3201 954 3281 propugnaculum
987 3219 1117 3260 esse
1148 3201 1462 3279 plerisque
1491 3200 1761 3272 videtur,
1815 3220 2219 3280 nequaquam
2251 3203 2497 3263 deserto
2558 3204 2817 3283 p0pulo,
2854 3205 2955 3264 cui
2985 3205 3200 3284 aliqua
3229 3206 3695 3268 necessitudine

258 3300 589 3378 obligatus
620 3317 817 3358 essem
847 3318 859 3361 ζ
894 3304 956 3359 οὐ
988 3304 1163 3359 λιπὼν
1197 3304 1347 3372 λαὸν,
1381 3302 1533 3360 οὐδὲν
1566 3310 1672 3359 τῶν
1709 3305 1869 3381 ἀναγκ

2077 3307 2187 3380 μοί.
2224 3321 2371 3362 nam
2419 3302 2529 3362 illa
2559 3309 2706 3363 sunt
2735 3302 3012 3364 hostium
3047 3322 3329 3365 meorum
3362 3304 3688 3383 ﬁgmenta,

258 3399 535 3478 falsique
568 3416 911 3469 sermones,
946 3397 1195 3457 invidia
1228 3398 1584 3458 velamenta
1613 3398 1907 3477 quadam
1939 3399 2261 3477 ingeniose
2292 3401 2674 3479 excogitata.
2716 3426 2743 3457 »

342 3529 444 3596 At,
482 3523 751 3601 inquies,
791 3522 1123 3600 Gregorius
1154 3540 1218 3581 se
1258 3522 1492 3582 fatetur
1537 3521 1860 3600 propriam
1911 3521 2207 3583 habuisse
2256 3524 2625 3596 Ecclesiam,
2660 3524 2849 3586 aliam
2901 3545 2938 3586 a
2970 3528 3696 3607 Constantinopolitana,

259 3623 359 3681 his
390 3621 606 3681 verbis
627 3620 713 3699 (ά)
740 3639 752 3679 ;
791 3644 819 3678 ςι
850 3624 913 3680 ln
949 3620 1212 3697 gratiam
1247 3638 1436 3698 porra
1457 3636 1599 3678 cum
1626 3620 1886 3679 veritate
1916 3621 2196 3693 redeant,
2225 3621 2332 3699 qui
2357 3640 2468 3681 nos
2500 3623 2772 3681 alienam
2807 3642 3065 3684 uxorem
3098 3626 3471 3705 expetivisse
3494 3626 3697 3700 aiunt,

258 3740 405 3781 cum
440 3740 522 3780 ne
553 3720 875 3798 propriam
910 3719 1159 3797 quidem
1195 3717 1473 3778 habuere
1506 3717 1912 3777 voluerimus.
1948 3742 1975 3775 α
2013 3721 2163 3790 Qua
2194 3719 2645 3779 Thomassinus
2670 3721 2741 3798 ξε)
2766 3722 2845 3781 ad
2880 3722 3125 3782 Sasima
3155 3723 3376 3796 trahit,
3410 3725 3703 3803 quamvis

258 3819 645 3878 Nazianzum
680 3817 939 3895 perinde
969 3822 1253 3894 spectare
1288 3816 1545 3894 possint.
1584 3817 1703 3877 Sed
1738 3817 2005 3877 Basilius
2036 3818 2405 3877 scholiastes
2436 3818 2570 3877 hac
2600 3818 2811 3891 verba,
2853 3842 2879 3874 ι(
2916 3820 3189 3880 alienam
3225 3840 3483 3881 uxorem
3520 3842 3557 3883 a
3587 3842 3706 3884 no-

256 3917 355 3975 bis
386 3916 732 3994 expetitam
766 3932 922 3985 esse,
960 3938 990 3969 »
1026 3914 1118 3973 sic
1149 3915 1639 3991 interpretatur:
1674 3916 1799 3988 ἤτοι
1830 3941 1867 3974 κη

2112 3925 2299 3990 τῡῦτο,
2334 3921 2407 3982 ὡς
2442 3923 2958 3999 συκοφαντησάντων
3004 3923 3217 3991 οἰητέον
3269 3929 3375 3978 τῶν
3431 3924 3701 3981 ἐναντίων·

258 4022 297 4087 ἦ
340 4018 428 4073 Eni
454 4021 552 4088 τὴν
589 4018 914 4089 Ἐκκλησίαν
950 4016 1578 4079 Κωνσταντινουπόλεως
1611 4017 1869 4088 ἐκληπτὲ(

2088 4032 2097 4070 ι
2128 4020 2259 4072 est:
2289 4013 2401 4072 Vel
2431 4013 2703 4091 idipsum
2737 4032 2848 4091 per
2874 4014 3273 4075 inimicorum
3309 4017 3699 4079 calumniam

267 4111 579 4187 obiectum
616 4111 836 4170 t‘uissse
860 4112 1210 4188 putandum
1234 4110 1453 4185 est,vel
1477 4128 1626 4170 sane
1659 4110 1735 4170 de
1766 4111 2043 4171 Ecclesia
2066 4111 2769 4189 (lonstantinopolitana
2800 4112 3265 4190 accipiendum.
3308 4138 3334 4169 n
3370 4117 3457 4174 De
3488 4114 3704 4176 Eccle-

256 4208 350 4268 sia
385 4210 597 4287 itaque
632 4209 801 4268 dicta
833 4208 969 4269 hac
1002 4210 1189 4268 etiam
1222 4208 1676 4285 intelligantur,
1728 4209 2021 4269 Ecclesia
2080 4215 2291 4268 tamen
2325 4209 2507 4269 alteri
2534 4210 2965 4288 mancipatum
3000 4230 3281 4290 unquam
3317 4212 3695 4290 Gregorium

250 4307 405 4367 inde
438 4326 563 4367 non
600 4308 797 4385 magis
827 4307 1130 4385 sequitur,
1172 4325 1361 4384 quam
1414 4308 1704 4367 eumdem
1767 4326 2029 4367 uxorem
2090 4307 2433 4385 aliquando
2464 4308 2717 4368 duxisse
2750 4326 2942 4386 quam
2980 4309 3304 4387 reliquerit
3339 4317 3579 4389 postea,
3618 4330 3697 4372 ex

246 4406 779 4483 interpretatione
824 4404 1019 4483 priori
1049 4411 1370 4482 sequatur.
1408 4405 1707 4482 Sequitur
1739 4411 1987 4465 tantum
2020 4423 2215 4464 uxore
2247 4424 2319 4464 ac
2351 4406 2643 4465 Ecclesia
2677 4424 2830 4465 cura
2862 4406 3123 4466 liberam
3158 4408 3561 4486 solutamque
3595 4410 3693 4468 vi-

251 4511 385 4562 tam
450 4510 515 4562 et
600 4501 999 4562 matrimonio
1068 4502 1497 4579 anteposuisse
1552 4508 1613 4562 et
1669 4503 2087 4581 episcopatui,
2152 4503 2521 4581 priusquam
2582 4504 2661 4563 ad
2742 4504 3420 4583 Constantinopolitam
3485 4508 3700 4567 sedem

252 4601 655 4661 eveheretur.
692 4603 849 4661 Sunt
879 4618 1096 4659 versus
1128 4601 1411 4659 nonnulli
1446 4599 1740 4660 carminis
1775 4604 1828 4673 l,
1867 4602 1971 4678 qui
2006 4619 2147 4660 cum
2202 4600 2321 4660 hoc
2356 4600 2494 4660 loco
2526 4601 2869 4678 quamdam
2907 4601 3145 4661 habent
3172 4602 3545 4662 afﬁnitatem
3581 4603 3697 4684 (l):

248 4696 414 4753 Ἀλλ’
445 4694 549 4750 οὐκ
579 4695 706 4768 ἐμὸν
741 4696 843 4772 γὰρ
872 4699 940 4769 τῇ
977 4694 1066 4770 βίᾳ
1120 4694 1330 4769 κάμψαι
1380 4694 1532 4769 γόνυ,
1568 4692 1682 4749 οὐδ’
1713 4695 2048 4751 ἀσπάσασθαι
2099 4697 2198 4765 τὴν
2250 4698 2482 4769 ἄθεσμον
2525 4693 2763 4769 ἵδρυσιν,
2791 4696 2851 4757 ὃς
2903 4693 3029 4750 οὐδὲ
3077 4698 3177 4765 τήν
3226 4693 3480 4771 ἔνθεσμον
3532 4699 3701 4775 ἠναγ-

242 4796 544 4865 uagina;-
612 4807 765 4865 quos
827 4806 1040 4847 versus
1126 4787 1468 4858 Cardonus,
1562 4789 1733 4865 apud
1799 4788 2173 4848 Bollandum
2235 4785 2345 4867 (g),
2426 4787 2903 4866 paraphrastice
2988 4794 3049 4847 et
3106 4788 3316 4847 soluta
3401 4790 3692 4851 oratione

248 4887 501 4946 felicius
556 4886 643 4945 sic
699 4886 924 4958 reddit,
983 4904 1173 4964 quam
1232 4886 1450 4945 Billius
1507 4885 1772 4946 stricta:
1812 4910 1842 4940 «
1879 4886 1996 4946 Sed
2059 4904 2187 4946 non
2243 4885 2318 4943 iis
2376 4902 2493 4961 ego
2552 4902 2689 4943 sum
2753 4883 3053 4957 moribus,
3090 4891 3157 4945 ut
3204 4884 3518 4946 violentia
3584 4886 3701 4949 ulli

248 4984 441 5044 facile
505 4984 851 5044 cedendum
913 4984 1282 5058 existimem,
1349 4990 1459 5044 aut
1516 4984 1960 5062 occupandam
2026 4982 2417 5051 cathedram,
2481 5002 2607 5042 non
2665 4983 2781 5042 rite
2839 4988 2901 5041 et
2957 4983 3118 5042 sicut
3174 4990 3427 5061 oportet
3499 4985 3697 5045 colla-

251 5088 414 5158 tam,
482 5082 593 5161 qui
625 5082 797 5144 nulla
855 5082 1098 5143 ratione
1156 5100 1379 5162 passus
1435 5098 1576 5142 sum
1639 5082 1703 5141 in
1761 5100 1836 5142 ea
1893 5099 1994 5142 me
2054 5081 2371 5153 collocari,
2424 5099 2613 5159 quam
2640 5078 2785 5158 jure
2843 5080 3203 5160 aquissimo
3243 5082 3529 5145 obtinere
3578 5102 3695 5165 po-

249 5188 487 5243 teram.
524 5203 557 5237 ι)

321 5555 411 5628 (a)
440 5552 547 5627 Ep.
580 5555 651 5628 al.
675 5556 802 5614 222.

2097 5557 2171 5628 (θ)
2200 5556 2402 5627 Discip.
2434 5555 2570 5614 θεοὶ.
2609 5557 2758 5628 part.
2791 5570 2830 5624 ι,
2866 5554 2905 5613 l.
2940 5572 3004 5628 ιι,
3035 5572 3085 5612 c.
3117 5555 3208 5625 25,
3243 5570 3301 5611 n.
3338 5554 3373 5610 9

353 5627 405 5699 ὁ)
434 5628 537 5700 Ep.
569 5627 644 5685 al.
676 5630 763 5685 88.
2100 5627 2167 5754 Si)
2196 5633 2264 5685 V.
2298 5629 2434 5711 407}
2469 5631 2528 5683 et
2560 5643 2672 5754 sqq

353 5702 396 5754 cl
426 5699 530 5754 En.
572 5700 644 5754 al.
680 5701 766 5754 42.
2122 5704 2175 5754 al
2207 5719 2264 5754 IX
2292 5701 2451 5754 Man.
2475 5714 2533 5754 ι).
2568 5699 2598 5754 4

348 5702 396 5827 :2
426 5699 530 5771 Ep.
572 5700 644 5757 al.
680 5701 766 5758 42.
2101 5699 2175 5773 (g')
2207 5719 2264 5757 ix
2292 5699 2451 5766 Maii,
2475 5714 2533 5773 p.
2568 5699 2598 5754 4

390 5774 407 5827 l
437 5771 589 5827 Orat.
612 5774 684 5827 al.
716 5775 804 5827 27-
843 5790 1005 5827 nunc
1037 5775 1124 5827 36-
1161 5792 1216 5827 n.
1248 5774 1302 5827 6.

388 5774 407 5845 )
437 5771 589 5829 Orat.
612 5774 684 5830 al.
716 5775 804 5849 27,
843 5790 1005 5830 nunc
1037 5775 1125 5850 36,
1161 5792 1216 5831 n.
1248 5774 1302 5831 6.
