4080 6416
398 422 478 484 79
1414 406 1835 470 PREFATIO
1884 404 2348 466 GENERALIS.
2380 440 2459 452 —
2493 408 2692 469 PARS
2739 408 2818 471 ΙΙ.
3747 417 3822 479 80

483 552 855 631 Legitimam
914 546 1080 609 enim
1137 546 1338 616 idem,
1398 548 1469 603 ut
1523 544 1613 603 ita
1672 542 1918 619 loquar,
1986 564 2016 595 «
2078 539 2094 599 i

2211 541 2698 616 .ronizationem,
2734 570 2763 600 »
2803 548 3062 625 ἔνθεσμον
3093 552 3332 631 ἵδρυσιν,
3393 570 3521 612 non
3568 553 3822 627 factam,

407 655 515 715 sed
562 652 893 719 oblatam;
947 664 1072 706 non
1130 644 1452 718 traditam,
1543 648 1610 700 ut
1665 640 1886 700 Billius
1942 638 2183 713 reddit,
2242 640 2351 698 sed
2438 643 2807 703 tradendam
2866 665 3125 706 uxorem
3187 650 3547 726 Gregorius,
3606 652 3659 711 si
3740 654 3833 712 fas

412 759 505 814 est
561 750 790 817 dicere,
852 741 1210 820 dereliquit.
1268 742 1393 799 Nec
1451 738 1691 799 incerta
1732 753 1867 797 res:
1928 736 2103 796 illam
2163 738 2436 816 probant
2484 757 2700 801 versus
2755 743 3051 805 carminis
3113 745 3197 805 De
3267 747 3392 807 vita
3443 767 3552 809 sua
3603 752 3719 811 541
3777 757 3834 810 et

414 869 546 927 seq.
609 850 684 906 Et
740 850 905 904 certe
953 840 1189 901 nemini
1243 838 1505 898 dubium
1564 853 1698 896 esse
1755 840 1980 914 potest,
2045 835 2197 912 quin
2254 835 2550 909 universi,
2615 857 2742 899 non
2794 845 3041 901 tantum
3074 844 3436 922 provincias,
3500 847 3608 907 sed
3661 846 3831 907 orbis

416 948 629 1015 totius,
704 960 893 1021 quam
953 940 1079 1000 late
1135 942 1330 1017 patet,
1393 935 1693 1015 praesules
1750 934 1830 993 ad
1915 931 2311 994 evehendum
2392 935 2763 1013 Gregorium
2823 939 2902 999 ad
2975 940 3432 1021 episcopatum,
3493 962 3603 1005 seu
3662 947 3830 1006 Sasi-

418 1061 720 1115 mensem,
780 1058 887 1100 seu
958 1036 1413 1098 Nazianzenum
1474 1033 1743 1093 libenter
1795 1030 2279 1111 conspirassent,
2340 1032 2391 1092 si
2446 1033 2578 1112 ipse
2637 1037 3070 1101 consensisset.
3138 1043 3323 1103 «Nec
3379 1043 3567 1117 enim,
3630 1044 3837 1124 inquit

417 1149 494 1206 de
522 1161 586 1203 se
616 1142 752 1220 ipso
781 1138 891 1217 (a),
929 1135 1087 1196 adeo
1147 1132 1461 1215 episcopis
1518 1130 1911 1211 contemptui
1964 1148 2203 1203 sumus,
2267 1137 2335 1192 ut
2390 1130 2586 1193 alium
2646 1142 2940 1198 manente
2995 1157 3095 1200 me
3150 1142 3632 1204 renuntiarent:
3670 1166 3698 1197 ››
3763 1162 3836 1204 eo

418 1260 605 1304 sensu
665 1257 739 1297 ne
802 1232 1181 1314 «propriam
1241 1231 1495 1310 quidem
1556 1246 1839 1302 uxorem,
1895 1251 1924 1283 »
1989 1228 2279 1289 sedemve
2337 1229 2710 1308 legitimam,
2770 1258 2800 1291 «
2862 1234 3098 1298 habere
3154 1260 3182 1296 ι)
3247 1239 3520 1302 voluisse
3576 1242 3839 1303 creden-

394 1341 538 1401 'dus
593 1344 706 1399 est.
769 1334 1029 1396 Leviora
1059 1336 1206 1391 sunt
1262 1347 1404 1408 quae
1466 1328 1870 1407 objiciuntur,
1933 1326 2104 1405 quod
2163 1328 2500 1405 Gregorius
2552 1349 2823 1391 «suos»
2888 1336 3169 1414 appellat
3229 1338 3653 1401 Nazianzenos
3706 1340 3837 1419 (b):

426 1436 641 1496 «sui»
706 1432 986 1511 profecto
1043 1434 1245 1499 erant,
1279 1427 1505 1505 patria,
1553 1424 1971 1498 habitatione,
2034 1424 2285 1497 affectu,
2342 1445 2494 1487 cura
2547 1447 2618 1488 ac
2672 1430 3096 1495 sollicitudine
3153 1454 3397 1511 eorum,
3449 1457 3638 1517 quam
3696 1439 3842 1517 plu-

422 1537 542 1596 ries
598 1530 889 1610 suscepit,
953 1528 1082 1587 sive
1138 1526 1288 1585 dum
1324 1532 1501 1604 pater
1548 1525 1723 1583 senio
1777 1524 2100 1583 confectus
2155 1531 2472 1603 superstes
2527 1532 2709 1601 esset,
2761 1530 2889 1592 sive
2946 1538 3088 1611 post
3145 1541 3413 1596 mortem
3463 1537 3681 1615 ipsius,
3715 1537 3847 1598 sive

425 1639 567 1713 post
635 1628 992 1689 abdicatam
1052 1624 1262 1685 sedem
1322 1621 2114 1701 ConstantinOpolitanum,
2180 1622 2289 1681 sed
2344 1642 2669 1702 nunquam
2731 1633 2799 1688 ut
2858 1630 3150 1709 proprius
3203 1650 3422 1693 eorum
3480 1635 3842 1713 episcopus.

426 1735 538 1793 Sat
594 1729 670 1788 de
703 1724 1041 1788 Sasimensi
1072 1728 1133 1782 et
1190 1720 1578 1783 Nazanzieno
1607 1720 2075 1801 episcopatibus
2127 1720 2388 1795 dictum,
2426 1730 2618 1803 atque
2675 1727 2865 1787 etiam
2914 1729 3099 1807 plura
3128 1730 3341 1792 forsan
3373 1751 3565 1811 quam
3596 1751 3852 1795 necesse

430 1835 585 1889 erat.

510 1923 754 1987 Amotis
841 1918 1179 1982 Sasimensi
1260 1924 1323 1979 et
1391 1917 1781 1979 Nazianzeno
1863 1917 2350 1997 episcopatibus,
2440 1938 2599 1998 quos
2657 1941 2981 2003 nunquam
3040 1944 3079 1987 a
3134 1927 3434 2007 Gregorio
3506 1937 3849 2010 occupatos

430 2026 618 2087 fuisse
662 2022 1161 2082 demonstratum
1218 2016 1399 2076 nobis
1456 2016 1739 2088 vedetur,
1793 2022 2075 2095 superest
2131 2022 2201 2077 ut
2255 2018 2352 2077 vel
2409 2019 2663 2091 nullius,
2717 2022 2815 2083 vel
2874 2042 3025 2086 sane
3082 2026 3254 2086 urbis
3311 2028 3847 2110 Constantinopo-

429 2126 527 2197 lis,
589 2138 703 2180 ncc
752 2118 873 2178 nisi
955 2115 1527 2194 Constantinopolis
1612 2114 1945 2193 episcopus
2033 2116 2427 2176 renuntiatus
2504 2118 2690 2179 fuerit
2748 2122 3104 2201 Gregorius.
3170 2125 3853 2207 Constantinopolitani

430 2218 709 2301 episcopi
766 2215 1018 2277 titulum
1076 2213 1361 2292 plerique
1419 2231 1610 2271 manu
1687 2211 1930 2272 exarati
1977 2211 2223 2273 codices
2307 2215 2651 2293 praeferunt
2705 2235 2718 2289 ;
2807 2220 3579 2301 ConstantinOpolitanum
3635 2244 3860 2288 revera

432 2319 804 2398 episcopum
863 2312 1053 2372 fuisse
1110 2328 1208 2371 res
1264 2310 1404 2388 ipsa
1460 2309 1765 2388 loquitur,
1830 2309 2178 2388 loquuntur
2235 2316 2376 2371 acta
2434 2313 2793 2392 scriptaque
2850 2318 3086 2378 omnia.
3121 2321 3324 2381 Tanta
3352 2322 3606 2384 fuerunt
3663 2325 3864 2404 «ple-

428 2418 544 2488 bis,
638 2428 1087 2494 possessorum,
1148 2430 1176 2464 »
1270 2414 1339 2467 ut
1420 2425 1692 2467 canones
1777 2407 2245 2486 praescribunt,
2336 2408 2853 2486 clarissimorum,
2941 2415 3364 2495 imperatoris,
3453 2420 3622 2493 cleri,
3713 2424 3856 2501 epi-

428 2531 854 2595 scoporum,»
917 2509 1196 2569 virorum
1256 2506 1448 2567 etiam
1507 2523 1579 2565 ac
1644 2505 2000 2578 mulierum,
2092 2506 2460 2583 Gregorium
2552 2511 2885 2587 praesulem
2962 2515 3419 2592 postulantium
3507 2518 3715 2579 studia
3791 2527 3855 2581 et

430 2623 593 2682 vota,
659 2618 726 2670 ut
782 2626 967 2669 nemo
1024 2605 1196 2678 satis,
1258 2604 1375 2664 nisi
1433 2603 1768 2681 Gregorius
1824 2607 1982 2682 ipse,
2041 2603 2248 2664 verbis
2333 2608 2731 2684 expresserit.
2792 2609 2945 2669 Cum
3004 2612 3395 2675 Theodosius
3452 2617 3624 2677 urbis
3680 2619 3849 2679 Con-

427 2708 1006 2787 stantinopolitanae
1066 2702 1359 2764 ecclesias
1417 2702 1754 2763 Catholicis
1828 2701 2125 2775 restituit,
2186 2721 2439 2781 unaque
2498 2723 2639 2764 cum
2699 2723 2772 2766 eo
2832 2709 3134 2787 majorem
3196 2711 3521 2773 basilicam
3579 2715 3855 2777 Theolo-

434 2827 549 2887 gus
603 2807 816 2877 subiit,
876 2803 985 2881 qui
1042 2800 1213 2879 prius
1271 2806 1407 2860 erat
1460 2799 1523 2858 in
1583 2799 1801 2859 nubilo
1858 2799 1951 2859 sol
2008 2800 2272 2860 refulsit.
2341 2802 2516 2873 «Ibi,
2554 2826 2582 2856 ››
2643 2804 2848 2883 inquit
2903 2807 3241 2885 Gregorius
3299 2810 3398 2889 (ο),
3466 2830 3669 2872 «cum
3726 2814 3854 2874 hoc

434 2904 791 2985 spectaculo
847 2900 1139 2961 subiisset
1190 2899 1435 2958 animos
1492 2897 1744 2969 ﬁducia,
1776 2920 1806 2952 ››
1870 2916 2012 2975 quae
2068 2898 2288 2958 aderat
2347 2900 2683 2963 multitudo
2748 2903 3082 2966 «clamare
3134 2907 3281 2967 totis
3310 2908 3546 2970 viribus
3604 2928 3677 2971 ac
3730 2911 3847 2973 de-

437 3021 694 3085 poscere
752 3018 884 3073 nos,
946 2999 1009 3058 in
1067 2994 1545 3075 praesentiarum
1604 3018 1632 3052 »
1696 2995 1868 3055 haud
1925 2996 2107 3056 aliter
2169 3019 2198 3051 «
2228 3015 2301 3057 ac
2354 2998 2405 3057 si
2464 2999 2584 3058 hoc
2642 3020 2835 3061 unum
2895 3004 3232 3080 defuisset;
3296 3007 3713 3089 princepsque
3765 3028 3843 3072 ac

436 3102 782 3163 maximum
844 3115 1155 3159 asummo
1210 3095 1492 3174 principe
1545 3095 1666 3154 hoc
1719 3094 1956 3155 civitati
2013 3096 2145 3155 fore
2203 3095 2446 3155 thronis
2501 3097 2652 3176 ipsis
2709 3103 3218 3180 anteponendum
3252 3122 3501 3176 munus,
3557 3108 3609 3167 si
3668 3108 3846 3170 urbis

434 3201 650 3262 solio»
721 3194 1063 3275 episcopali
1126 3216 1154 3251 ‹‹
1185 3194 1265 3254 ab
1320 3194 1459 3273 ipso
1511 3194 1915 3254 donaremur.
1975 3193 2107 3253 Hoc
2162 3193 2280 3253 viri
2336 3194 2641 3273 dignitate
2694 3199 3021 3279 praecipui,
3082 3202 3204 3261 hoc
3261 3202 3550 3265 inﬁmum
3610 3206 3853 3286 vulgus

435 3297 739 3377 agitabat.
799 3296 1028 3355 Omnes
1084 3310 1160 3353 ex
1247 3309 1429 3370 aequo
1487 3310 1618 3351 rem
1698 3290 2162 3362 desiderabant,
2222 3292 2363 3371 pari
2444 3294 2803 3372 ﬂagrabant
2886 3298 3237 3360 desiderio:
3326 3301 3449 3362 hoc
3504 3302 3631 3363 alta
3690 3324 3852 3367 voce

436 3398 728 3458 mulieres
758 3390 1207 3463 inclamabant,
1244 3409 1406 3469 pene
1437 3390 1709 3470 amplius
1765 3408 1957 3468 quam
2018 3390 2313 3452 mulieres
2369 3392 2638 3454 deceret.
2689 3396 3060 3459 Incredibile
3099 3399 3441 3477 quoddam,
3478 3419 3852 3481 repercusso

429 3497 700 3574 fragore,
740 3491 972 3553 tonitru
1007 3488 1403 3550 audiebatur.
1436 3513 1466 3543 »

508 3598 685 3655 Tunc
742 3589 996 3670 quidem
1054 3587 1202 3648 vicit
1249 3587 1556 3665 Theologi
1630 3586 1938 3647 modestia
1994 3585 2101 3666 (ά),
2166 3606 2371 3667 neque
2432 3594 2565 3649 tum
2625 3593 2768 3670 cogi
2826 3594 3033 3672 potuit
3088 3601 3157 3655 ut
3209 3596 3567 3677 episcopale
3617 3601 3850 3662 solium

428 3692 924 3763 conscenderet:
1006 3704 1228 3747 verum
1316 3686 1398 3745 ad
1476 3685 1757 3763 agendas
1840 3685 1950 3745 uni
2034 3687 2162 3745 Deo
2246 3687 2481 3763 gratias
2557 3690 2779 3769 pepuli
2886 3692 3088 3754 studia
3178 3695 3271 3754 vir
3328 3696 3600 3771 divinus,
3633 3705 3847 3761 Θειότα-

423 3818 539 3865 τος,
604 3788 867 3868 provida
949 3784 1323 3845 dexteritate
1405 3784 1719 3844 convertit
1777 3782 1874 3863 (e).
1935 3785 2091 3843 Tam
2177 3785 2461 3845 unanimi
2518 3788 2801 3849 omnium
2866 3791 3159 3852 ordinum
3220 3794 3650 3871 postulationi,
3711 3804 3847 3859 tam

426 3889 791 3952 ardentibus
848 3883 1007 3945 votis
1087 3888 1149 3943 et
1204 3880 1607 3955 clamoribus,
1696 3881 2163 3961 episcoporum,
2223 3883 2616 3962 plenariique
2694 3888 2945 3948 concilii
3001 3890 3342 3968 provinciae
3415 3912 3541 3954 non
3596 3900 3845 3957 tantum

428 3988 535 4049 sed
595 3983 866 4047 Orientis
921 3982 1112 4042 etiam
1192 3998 1354 4059 pene
1416 3980 1608 4040 totius
1692 3986 1754 4040 et
1825 3982 2233 4041 mcumenicae
2309 3982 2534 4059 synodi
2616 3986 2919 4066 suffragia
3002 3987 3368 4051 solemniter
3422 4004 3847 4056 accesserunt.

434 4084 812 4163 «Quidquid
843 4080 1083 4156 Oriens,
1117 4080 1323 4158 inquit
1351 4079 1461 4159 (f),
1523 4079 1825 4153 habebat,
1884 4088 2148 4159 excepta
2191 4083 2484 4161 rEgypto,
2545 4086 2767 4164 populi
2813 4088 3163 4149 antistitum
3196 4090 3277 4151 ad
3327 4093 3592 4153 Romam
3651 4114 3858 4174 usque

429 4182 797 4258 secundam,
832 4186 1014 4243 terrea
1073 4179 1394 4257 marisque
1451 4196 1529 4237 ex
1584 4178 1887 4238 recessius
1939 4178 2179 4239 intimis
2236 4182 2619 4243 concitatum
2680 4186 2828 4246 coit.
2893 4187 2999 4247 His
3059 4188 3437 4265 praesidebat
3468 4192 3562 4250 vir
3617 4193 3857 4270 pietate

428 4283 869 4344 maximus.....
933 4279 1215 4339 moribus
1270 4277 1548 4337 mellitus
1626 4277 1957 4356 (Meletius)
2041 4284 2104 4338 et
2160 4282 2434 4340 nomine.
2496 4283 2573 4341 Hi
2660 4302 2759 4345 me
2816 4286 3129 4347 collocant
3188 4289 3589 4368 ﬁrmantque,
3647 4299 3857 4368 πήξον-

424 4410 539 4456 τες,
570 4382 635 4441 in
668 4383 936 4458 augusta
991 4377 1138 4439 sede
1195 4376 1574 4437 clamantem
1635 4381 2140 4454 gementemque,
2204 4397 2331 4438 una
2387 4384 2598 4441 tamen
2668 4381 2745 4442 de
2802 4402 2992 4444 causa
3049 4403 3175 4445 non
3232 4385 3420 4465 plane
3476 4406 3845 4467 repugnan-

426 4488 575 4542 tem.
612 4502 639 4538 »

505 4578 627 4639 Sed
660 4594 772 4636 nec
827 4574 1269 4654 [Egyptiorum
1331 4573 1521 4634 etiam
1578 4572 1848 4634 defuisse
1903 4572 2150 4635 videtur
2206 4592 2570 4652 consensus,
2631 4597 2790 4657 quos
2846 4579 3103 4658 quidem
3158 4583 3429 4645 maxime
3483 4583 3582 4645 his
3640 4586 3856 4647 verbis

422 4675 769 4754 alloquitur
825 4671 1163 4751 Gregorius
1220 4670 1344 4752 (g):
1412 4671 1637 4745 «Heri,
1700 4677 1771 4732 ut
1825 4672 1916 4732 ita
1972 4671 2203 4745 dicam,
2261 4673 2686 4750 inthronistae,
2721 4676 2908 4739 hodie
2963 4688 3423 4758 persecutores,
3456 4700 3530 4744 ac
3587 4700 3621 4742 e
3665 4682 3851 4745 thro-

421 4794 527 4845 no,
589 4776 653 4833 in
712 4791 838 4851 quo
899 4789 999 4831 me
1048 4770 1422 4842 collocastis,
1485 4770 1916 4831 deturbantes.
1976 4792 2006 4825 »
2074 4769 2515 4848 Conjecturam
2603 4779 2895 4835 astruunt
2951 4777 3249 4838 carminis
3304 4779 3586 4857 ejusdem
3647 4782 3849 4841 versi-

422 4872 545 4931 culi
584 4873 732 4931 1810
793 4876 854 4930 et
908 4872 1082 4944 1811,
1146 4868 1375 4947 quibus
1429 4874 1697 4928 testatur
1751 4868 2080 4946 ngyptios
2141 4868 2397 4928 minime
2456 4870 2726 4932 voluisse
2781 4873 2844 4933 in
2906 4874 3136 4937 throno
3196 4877 3845 4958 Constantinopolita-

425 4990 504 5030 no
560 4970 827 5030 alterum
886 4986 924 5029 a
983 4986 1047 5027 se
1096 4968 1456 5040 collocare;
1517 4967 1665 5045 quin
1726 4976 1788 5027 et
1873 4966 2192 5027 contraria
2246 4968 2543 5045 Gregorio
2602 4970 2723 5048 ipsi
2783 4973 3042 5033 omnino
3090 4976 3470 5052 persuadere
3529 4978 3851 5038 conaban-

426 5076 548 5138 tur,
610 5066 768 5127 adeo
826 5073 895 5126 ut
928 5065 1160 5125 nullius
1192 5066 1254 5124 in
1319 5072 1448 5125 toto
1480 5065 1747 5126 concilio
1804 5065 2084 5142 generali
2138 5083 2477 5127 consensus
2534 5075 2725 5148 atque
2779 5071 3152 5149 suffragium
3210 5074 3480 5134 defuisse
3531 5075 3847 5135 videatur.

424 5164 760 5245 Gregorius
817 5171 1052 5237 autem,
1114 5164 1223 5243 qui
1279 5164 1461 5224 binos
1517 5163 1915 5243 episcopatus
1994 5166 2265 5241 fugerat,
2326 5166 3097 5247 ConstantinOpolitanum
3173 5172 3447 5251 suscepit
3502 5191 3612 5251 spe
3669 5175 3850 5252 pacis

421 5260 869 5335 conciliandae;
932 5278 1133 5339 eaque
1214 5260 1550 5339 desperata
1626 5261 1923 5338 deseruit,
1984 5265 2053 5322 ut
2135 5260 2202 5319 in
2259 5261 2619 5342 solitudine,
2682 5268 2808 5327 Deo
2892 5274 3256 5347 contentus,
3354 5269 3631 5350 expetita
3689 5287 3846 5350 pace

489 5529 699 5611 (9)219.
741 5528 1014 5611 ιιι-..ιιεκ
1140 5600 1153 5611 .
1262 5601 1293 5611 ._

2261 5531 2333 5611 te)
2360 5531 2891 5611 :I‘heodo_ret._stt.
2926 5534 3029 5594 lib.
3062 5553 3115 5593 ν.
3150 5553 3199 5594 o.
3237 5540 3289 5596 8.

487 5605 564 5674 (ὁ)
592 5600 785 5657 Germ.
818 5602 896 5658 De
921 5601 1038 5685 suis
1068 5600 1316 5659 calamit.
2254 5600 2327 5749 ἑῇ
2353 5603 2547 5687 Carm.
2576 5607 2652 5663 De
2678 5608 2799 5664 vita
2826 5625 2947 5683 sua,
2978 5625 3032 5667 v.
3068 5611 3228 5669 1507.

487 5676 557 5749 (ε)
588 5678 666 5749 ρθ
694 5675 856 5731 rebus
883 5689 1021 5740 sum,
1051 5691 1105 5731 v.
1139 5675 1278 5730 1374
1308 5676 1370 5749 et
1390 5689 1525 5749 sgq.
2276 5678 2333 5749 ο)
2365 5676 2540 5749 Ibid.,
2571 5695 2623 5739 ν.
2659 5680 2819 5739 1931.

487 5676 557 5805 ((2
588 5678 666 5731 De
694 5675 856 5731 rebus
883 5675 1021 5740 suis,
1051 5691 1105 5731 v.
1139 5675 1278 5730 1374
1308 5676 1365 5731 et
1396 5689 1525 5746 sqq.

488 5753 511 5831 ς
545 5747 566 5827 l
594 5745 784 5806 Germ.
824 5751 901 5805 De
939 5748 1051 5807 vita
1072 5763 1195 5827 sua,
1224 5763 1279 5806 ν.
1312 5746 1473 5805 1393.

1207 5675 1278 5729 74
1308 5676 1365 5731 et
1396 5689 1525 5746 sqq.
2254 5675 2333 5751 (θ’)
2365 5676 2540 5751 Ibid.,
2571 5695 2623 5739 v.
2659 5680 2818 5739 1931.

1224 5763 1279 5806 v.
1312 5746 1473 5805 1393.
